  <div class='ocr_page' id='page_1' title='image "/cluster/home/n/w/nwhite01/storage/ocr_20150623/75:no.8/coo.31924054869767/647.png"; bbox 0 0 4050 6414; ppageno 0'>
   <div class='ocr_carea' id='block_1_1' title="bbox 505 391 646 452">
    <p class='ocr_par' dir='ltr' id='par_1_1' title="bbox 505 391 646 452">
     <span class='ocr_line' id='line_1_1' title="bbox 505 391 646 452; baseline -0.014 0"><span class='ocrx_word' id='word_1_1' title='bbox 505 391 646 452; x_wconf 63' lang='grc'><strong>1279</strong></span> 
     </span>
    </p>
   </div>
   <div class='ocr_carea' id='block_1_2' title="bbox 1551 387 2791 447">
    <p class='ocr_par' dir='ltr' id='par_1_2' title="bbox 1551 387 2791 447">
     <span class='ocr_line' id='line_1_2' title="bbox 1551 387 2791 447; baseline -0.001 -2"><span class='ocrx_word' id='word_1_2' title='bbox 1551 392 1606 447; x_wconf 91' lang='lat' dir='ltr'><strong>S.</strong></span> <span class='ocrx_word' id='word_1_3' title='bbox 1649 390 1924 446; x_wconf 81' lang='lat' dir='ltr'><strong>CYRILLI</strong></span> <span class='ocrx_word' id='word_1_4' title='bbox 1958 387 2428 445; x_wconf 81' lang='lat' dir='ltr'><strong>ALEXANDRINI</strong></span> <span class='ocrx_word' id='word_1_5' title='bbox 2473 388 2791 444; x_wconf 74' lang='lat' dir='ltr'><strong>ARClllEP.</strong></span> 
     </span>
    </p>
   </div>
   <div class='ocr_carea' id='block_1_3' title="bbox 3639 389 3784 447">
    <p class='ocr_par' dir='ltr' id='par_1_3' title="bbox 3639 389 3784 447">
     <span class='ocr_line' id='line_1_3' title="bbox 3639 389 3784 447; baseline 0.034 -5"><span class='ocrx_word' id='word_1_6' title='bbox 3639 389 3661 442; x_wconf 78' lang='grc'><strong>1</strong></span> <span class='ocrx_word' id='word_1_7' title='bbox 3673 389 3784 447; x_wconf 74' lang='lat'><strong>9.80</strong></span> 
     </span>
    </p>
   </div>
   <div class='ocr_carea' id='block_1_4' title="bbox 507 499 2099 573">
    <p class='ocr_par' dir='ltr' id='par_1_4' title="bbox 507 499 2097 568">
     <span class='ocr_line' id='line_1_4' title="bbox 507 499 2097 568; baseline 0.001 -12"><span class='ocrx_word' id='word_1_8' title='bbox 507 501 762 568; x_wconf 88' lang='lat' dir='ltr'><strong>mortuis,</strong></span> <span class='ocrx_word' id='word_1_9' title='bbox 790 507 846 556; x_wconf 87' lang='lat' dir='ltr'><strong>et</strong></span> <span class='ocrx_word' id='word_1_10' title='bbox 872 501 1050 557; x_wconf 78' lang='lat' dir='ltr'><strong>evexit</strong></span> <span class='ocrx_word' id='word_1_11' title='bbox 1077 500 1128 554; x_wconf 92' lang='lat' dir='ltr'><strong>in</strong></span> <span class='ocrx_word' id='word_1_12' title='bbox 1159 499 1378 568; x_wconf 83' lang='lat' dir='ltr'><strong>coelum,</strong></span> <span class='ocrx_word' id='word_1_13' title='bbox 1415 510 1470 556; x_wconf 94' lang='lat' dir='ltr'><strong>et</strong></span> <span class='ocrx_word' id='word_1_14' title='bbox 1494 503 1780 558; x_wconf 73' lang='lat' dir='ltr'><strong>collocavit</strong></span> <span class='ocrx_word' id='word_1_15' title='bbox 1823 519 1852 558; x_wconf 93' lang='lat' dir='ltr'><strong>a</strong></span> <span class='ocrx_word' id='word_1_16' title='bbox 1890 503 2097 558; x_wconf 75' lang='lat' dir='ltr'><strong>dextris</strong></span> 
     </span>
    </p>
   </div>
   <div class='ocr_carea' id='block_1_5' title="bbox 2204 499 3779 573">
    <p class='ocr_par' dir='ltr' id='par_1_5' title="bbox 2204 501 3779 573">
     <span class='ocr_line' id='line_1_5' title="bbox 2204 501 3779 573; baseline 0.003 -18"><span class='ocrx_word' id='word_1_17' title='bbox 2204 501 2566 573; x_wconf 74' lang='grc' dir='ltr'><strong>πειρασθῆναι</strong></span> <span class='ocrx_word' id='word_1_18' title='bbox 2597 503 3045 572; x_wconf 78' lang='grc' dir='ltr'><strong>παρασκευάσας,</strong></span> <span class='ocrx_word' id='word_1_19' title='bbox 3088 503 3309 573; x_wconf 80' lang='grc' dir='ltr'><strong>ἐγείρας</strong></span> <span class='ocrx_word' id='word_1_20' title='bbox 3351 501 3407 556; x_wconf 83' lang='grc' dir='ltr'>δὲ</span> <span class='ocrx_word' id='word_1_21' title='bbox 3443 503 3508 556; x_wconf 82' lang='grc' dir='ltr'><strong>ἐκ</strong></span> <span class='ocrx_word' id='word_1_22' title='bbox 3544 503 3779 573; x_wconf 70' lang='grc' dir='ltr'>νεκρῶν.</span> 
     </span>
    </p>
   </div>
   <div class='ocr_carea' id='block_1_6' title="bbox 510 588 2098 660">
    <p class='ocr_par' dir='ltr' id='par_1_6' title="bbox 510 588 2098 660">
     <span class='ocr_line' id='line_1_6' title="bbox 510 588 2098 660; baseline 0.001 -16"><span class='ocrx_word' id='word_1_23' title='bbox 510 591 624 646; x_wconf 91' lang='lat' dir='ltr'><strong>Dei.</strong></span> <span class='ocrx_word' id='word_1_24' title='bbox 652 588 806 644; x_wconf 87' lang='lat' dir='ltr'><strong>Unde</strong></span> <span class='ocrx_word' id='word_1_25' title='bbox 834 596 890 643; x_wconf 92' lang='lat' dir='ltr'><strong>et</strong></span> <span class='ocrx_word' id='word_1_26' title='bbox 919 603 1078 658; x_wconf 85' lang='lat' dir='ltr'><strong>supra</strong></span> <span class='ocrx_word' id='word_1_27' title='bbox 1108 603 1324 642; x_wconf 89' lang='lat' dir='ltr'><strong>omnem</strong></span> <span class='ocrx_word' id='word_1_28' title='bbox 1355 591 1626 646; x_wconf 79' lang='lat' dir='ltr'><strong>exsistens</strong></span> <span class='ocrx_word' id='word_1_29' title='bbox 1649 589 2016 660; x_wconf 87' lang='lat' dir='ltr'><strong>Principatum</strong></span> <span class='ocrx_word' id='word_1_30' title='bbox 2041 600 2098 646; x_wconf 89' lang='lat' dir='ltr'><strong>et</strong></span> 
     </span>
    </p>
   </div>
   <div class='ocr_carea' id='block_1_7' title="bbox 507 678 2096 755">
    <p class='ocr_par' dir='ltr' id='par_1_7' title="bbox 507 678 2096 755">
     <span class='ocr_line' id='line_1_7' title="bbox 507 678 2096 755; baseline 0.004 -22"><span class='ocrx_word' id='word_1_31' title='bbox 507 680 832 745; x_wconf 78' lang='lat' dir='ltr'><strong>Potestates,</strong></span> <span class='ocrx_word' id='word_1_32' title='bbox 861 678 1103 734; x_wconf 82' lang='lat' dir='ltr'><strong>Virtutes</strong></span> <span class='ocrx_word' id='word_1_33' title='bbox 1133 695 1196 735; x_wconf 88' lang='lat' dir='ltr'><strong>ac</strong></span> <span class='ocrx_word' id='word_1_34' title='bbox 1220 681 1648 751; x_wconf 88' lang='lat' dir='ltr'><strong>Dominationes,</strong></span> <span class='ocrx_word' id='word_1_35' title='bbox 1681 693 1912 755; x_wconf 85' lang='lat' dir='ltr'><strong>etsupra</strong></span> <span class='ocrx_word' id='word_1_36' title='bbox 1935 699 2096 740; x_wconf 88' lang='lat' dir='ltr'><strong>omne</strong></span> 
     </span>
    </p>
   </div>
   <div class='ocr_carea' id='block_1_8' title="bbox 509 771 2094 844">
    <p class='ocr_par' dir='ltr' id='par_1_8' title="bbox 509 771 2094 844">
     <span class='ocr_line' id='line_1_8' title="bbox 509 771 2094 844; baseline 0.005 -19"><span class='ocrx_word' id='word_1_37' title='bbox 509 788 704 826; x_wconf 92' lang='lat' dir='ltr'><strong>nomen</strong></span> <span class='ocrx_word' id='word_1_38' title='bbox 747 771 890 842; x_wconf 91' lang='lat' dir='ltr'><strong>quod</strong></span> <span class='ocrx_word' id='word_1_39' title='bbox 929 771 1244 827; x_wconf 90' lang='lat' dir='ltr'><strong>nominatur</strong></span> <span class='ocrx_word' id='word_1_40' title='bbox 1272 788 1376 830; x_wconf 89' lang='lat' dir='ltr'><strong>non</strong></span> <span class='ocrx_word' id='word_1_41' title='bbox 1421 775 1594 830; x_wconf 87' lang='lat' dir='ltr'><strong>solum</strong></span> <span class='ocrx_word' id='word_1_42' title='bbox 1640 777 1693 831; x_wconf 91' lang='lat' dir='ltr'><strong>iu</strong></span> <span class='ocrx_word' id='word_1_43' title='bbox 1727 777 1832 832; x_wconf 83' lang='lat' dir='ltr'><strong>hoc</strong></span> <span class='ocrx_word' id='word_1_44' title='bbox 1873 777 2094 844; x_wconf 65' lang='lat' dir='ltr'><strong>saeculo,</strong></span> 
     </span>
    </p>
   </div>
   <div class='ocr_carea' id='block_1_9' title="bbox 507 864 2094 936">
    <p class='ocr_par' dir='ltr' id='par_1_9' title="bbox 507 864 2094 936">
     <span class='ocr_line' id='line_1_9' title="bbox 507 864 2094 936; baseline 0.006 -20"><span class='ocrx_word' id='word_1_45' title='bbox 507 879 693 917; x_wconf 85' lang='lat' dir='ltr'><strong>verum</strong></span> <span class='ocrx_word' id='word_1_46' title='bbox 717 864 880 917; x_wconf 89' lang='lat' dir='ltr'><strong>etiam</strong></span> <span class='ocrx_word' id='word_1_47' title='bbox 911 864 964 918; x_wconf 88' lang='lat' dir='ltr'><strong>in</strong></span> <span class='ocrx_word' id='word_1_48' title='bbox 991 864 1171 920; x_wconf 80' lang='lat' dir='ltr'><strong>futuro</strong></span> <span class='ocrx_word' id='word_1_49' title='bbox 1189 866 1332 930; x_wconf 80' lang='lat' dir='ltr'><strong>&quot;,ab</strong></span> <span class='ocrx_word' id='word_1_50' title='bbox 1353 868 1500 921; x_wconf 91' lang='lat' dir='ltr'><strong>omni</strong></span> <span class='ocrx_word' id='word_1_51' title='bbox 1529 877 1780 923; x_wconf 84' lang='lat' dir='ltr'><strong>creatura</strong></span> <span class='ocrx_word' id='word_1_52' title='bbox 1805 871 2094 936; x_wconf 84' lang='lat' dir='ltr'><strong>adorator;</strong></span> 
     </span>
    </p>
   </div>
   <div class='ocr_carea' id='block_1_10' title="bbox 509 955 2100 1030">
    <p class='ocr_par' dir='ltr' id='par_1_10' title="bbox 509 955 2100 1030">
     <span class='ocr_line' id='line_1_10' title="bbox 509 955 2100 1030; baseline 0.006 -24"><span class='ocrx_word' id='word_1_53' title='bbox 509 963 692 1022; x_wconf 82' lang='lat' dir='ltr'><strong>utpote</strong></span> <span class='ocrx_word' id='word_1_54' title='bbox 719 955 1139 1024; x_wconf 89' lang='lat' dir='ltr'><strong>inseparabilem</strong></span> <span class='ocrx_word' id='word_1_55' title='bbox 1171 972 1294 1012; x_wconf 88' lang='lat' dir='ltr'><strong>cum</strong></span> <span class='ocrx_word' id='word_1_56' title='bbox 1331 957 1516 1012; x_wconf 88' lang='lat' dir='ltr'><strong>divina</strong></span> <span class='ocrx_word' id='word_1_57' title='bbox 1547 969 1740 1013; x_wconf 87' lang='lat' dir='ltr'><strong>natura</strong></span> <span class='ocrx_word' id='word_1_58' title='bbox 1769 961 2100 1030; x_wconf 85' lang='lat' dir='ltr'><strong>conjunctio-</strong></span> 
     </span>
    </p>
   </div>
   <div class='ocr_carea' id='block_1_11' title="bbox 507 1047 2096 1120">
    <p class='ocr_par' dir='ltr' id='par_1_11' title="bbox 507 1047 2096 1120">
     <span class='ocr_line' id='line_1_11' title="bbox 507 1047 2096 1120; baseline 0.004 -19"><span class='ocrx_word' id='word_1_59' title='bbox 507 1061 631 1101; x_wconf 89' lang='lat' dir='ltr'><strong>nem</strong></span> <span class='ocrx_word' id='word_1_60' title='bbox 678 1048 908 1113; x_wconf 84' lang='lat' dir='ltr'><strong>habens,</strong></span> <span class='ocrx_word' id='word_1_61' title='bbox 944 1047 1196 1118; x_wconf 84' lang='lat' dir='ltr'><strong>quodque</strong></span> <span class='ocrx_word' id='word_1_62' title='bbox 1227 1048 1318 1104; x_wconf 89' lang='lat' dir='ltr'><strong>Dei</strong></span> <span class='ocrx_word' id='word_1_63' title='bbox 1350 1059 1596 1119; x_wconf 88' lang='lat' dir='ltr'><strong>respectu</strong></span> <span class='ocrx_word' id='word_1_64' title='bbox 1626 1060 1792 1120; x_wconf 91' lang='lat' dir='ltr'><strong>atque</strong></span> <span class='ocrx_word' id='word_1_65' title='bbox 1823 1053 2096 1107; x_wconf 90' lang='lat' dir='ltr'><strong>intellectu</strong></span> 
     </span>
    </p>
   </div>
   <div class='ocr_carea' id='block_1_12' title="bbox 505 1139 2098 1213">
    <p class='ocr_par' dir='ltr' id='par_1_12' title="bbox 505 1139 2098 1213">
     <span class='ocr_line' id='line_1_12' title="bbox 505 1139 2098 1213; baseline 0.004 -20"><span class='ocrx_word' id='word_1_66' title='bbox 505 1139 684 1195; x_wconf 91' lang='lat' dir='ltr'><strong>omnis</strong></span> <span class='ocrx_word' id='word_1_67' title='bbox 732 1150 983 1195; x_wconf 87' lang='lat' dir='ltr'><strong>creatura</strong></span> <span class='ocrx_word' id='word_1_68' title='bbox 1031 1141 1081 1195; x_wconf 92' lang='lat' dir='ltr'><strong>ei</strong></span> <span class='ocrx_word' id='word_1_69' title='bbox 1133 1142 1508 1197; x_wconf 89' lang='lat' dir='ltr'><strong>adorationcm</strong></span> <span class='ocrx_word' id='word_1_70' title='bbox 1545 1141 1776 1198; x_wconf 82' lang='lat' dir='ltr'><strong>delerat.</strong></span> <span class='ocrx_word' id='word_1_71' title='bbox 1825 1143 1990 1213; x_wconf 77' lang='lat'><strong>729</strong></span> <span class='ocrx_word' id='word_1_72' title='bbox 2032 1145 2098 1199; x_wconf 85' lang='lat' dir='ltr'><strong>Et</strong></span> 
     </span>
    </p>
   </div>
   <div class='ocr_carea' id='block_1_13' title="bbox 509 1232 2094 1304">
    <p class='ocr_par' dir='ltr' id='par_1_13' title="bbox 509 1232 2094 1304">
     <span class='ocr_line' id='line_1_13' title="bbox 509 1232 2094 1304; baseline 0.004 -20"><span class='ocrx_word' id='word_1_73' title='bbox 509 1245 682 1300; x_wconf 90' lang='lat' dir='ltr'><strong>neque</strong></span> <span class='ocrx_word' id='word_1_74' title='bbox 724 1234 860 1288; x_wconf 92' lang='lat' dir='ltr'><strong>duos</strong></span> <span class='ocrx_word' id='word_1_75' title='bbox 903 1234 1132 1288; x_wconf 89' lang='lat' dir='ltr'><strong>dicimus</strong></span> <span class='ocrx_word' id='word_1_76' title='bbox 1179 1232 1342 1294; x_wconf 81' lang='lat' dir='ltr'><strong>ﬁlios.</strong></span> <span class='ocrx_word' id='word_1_77' title='bbox 1408 1248 1583 1304; x_wconf 88' lang='lat' dir='ltr'><strong>neque</strong></span> <span class='ocrx_word' id='word_1_78' title='bbox 1629 1234 1764 1290; x_wconf 89' lang='lat' dir='ltr'><strong>duos</strong></span> <span class='ocrx_word' id='word_1_79' title='bbox 1823 1237 2094 1294; x_wconf 88' lang='lat' dir='ltr'><strong>dominos.</strong></span> 
     </span>
    </p>
   </div>
   <div class='ocr_carea' id='block_1_14' title="bbox 505 1324 2098 1383">
    <p class='ocr_par' dir='ltr' id='par_1_14' title="bbox 505 1324 2098 1383">
     <span class='ocr_line' id='line_1_14' title="bbox 505 1324 2098 1383; baseline 0.003 -5"><span class='ocrx_word' id='word_1_80' title='bbox 505 1324 639 1378; x_wconf 89' lang='lat' dir='ltr'><strong>Cum</strong></span> <span class='ocrx_word' id='word_1_81' title='bbox 687 1334 868 1378; x_wconf 89' lang='lat' dir='ltr'><strong>autem</strong></span> <span class='ocrx_word' id='word_1_82' title='bbox 921 1324 1090 1378; x_wconf 86' lang='lat' dir='ltr'><strong>Filius</strong></span> <span class='ocrx_word' id='word_1_83' title='bbox 1141 1326 1211 1378; x_wconf 90' lang='lat' dir='ltr'><strong>sit</strong></span> <span class='ocrx_word' id='word_1_84' title='bbox 1270 1324 1564 1379; x_wconf 90' lang='lat' dir='ltr'><strong>secundum</strong></span> <span class='ocrx_word' id='word_1_85' title='bbox 1610 1326 1902 1380; x_wconf 83' lang='lat' dir='ltr'><strong>essentiam</strong></span> <span class='ocrx_word' id='word_1_86' title='bbox 1956 1327 2098 1383; x_wconf 84' lang='lat' dir='ltr'><strong>Deus</strong></span> 
     </span>
    </p>
   </div>
   <div class='ocr_carea' id='block_1_15' title="bbox 507 1413 2098 1486">
    <p class='ocr_par' dir='ltr' id='par_1_15' title="bbox 507 1413 2098 1486">
     <span class='ocr_line' id='line_1_15' title="bbox 507 1413 2098 1486; baseline 0.003 -18"><span class='ocrx_word' id='word_1_87' title='bbox 507 1413 769 1480; x_wconf 82' lang='lat' dir='ltr'><strong>Verbum,</strong></span> <span class='ocrx_word' id='word_1_88' title='bbox 797 1414 1108 1483; x_wconf 83' lang='lat' dir='ltr'><strong>unigenitus</strong></span> <span class='ocrx_word' id='word_1_89' title='bbox 1152 1414 1322 1468; x_wconf 90' lang='lat' dir='ltr'><strong>Filius</strong></span> <span class='ocrx_word' id='word_1_90' title='bbox 1349 1414 1548 1480; x_wconf 86' lang='lat' dir='ltr'><strong>Patris,</strong></span> <span class='ocrx_word' id='word_1_91' title='bbox 1587 1415 1672 1469; x_wconf 86' lang='lat' dir='ltr'><strong>cui</strong></span> <span class='ocrx_word' id='word_1_92' title='bbox 1701 1416 1792 1470; x_wconf 85' lang='lat' dir='ltr'><strong>hic</strong></span> <span class='ocrx_word' id='word_1_93' title='bbox 1814 1417 2098 1486; x_wconf 88' lang='lat' dir='ltr'><strong>copulatus</strong></span> 
     </span>
    </p>
   </div>
   <div class='ocr_carea' id='block_1_16' title="bbox 505 1507 2096 1578">
    <p class='ocr_par' dir='ltr' id='par_1_16' title="bbox 505 1507 2096 1578">
     <span class='ocr_line' id='line_1_16' title="bbox 505 1507 2096 1578; baseline 0.001 -18"><span class='ocrx_word' id='word_1_94' title='bbox 505 1517 594 1561; x_wconf 91' lang='lat' dir='ltr'><strong>est</strong></span> <span class='ocrx_word' id='word_1_95' title='bbox 638 1517 694 1560; x_wconf 93' lang='lat' dir='ltr'><strong>et</strong></span> <span class='ocrx_word' id='word_1_96' title='bbox 742 1507 1039 1577; x_wconf 87' lang='lat' dir='ltr'><strong>particeps,</strong></span> <span class='ocrx_word' id='word_1_97' title='bbox 1085 1521 1427 1562; x_wconf 90' lang='lat' dir='ltr'><strong>communem</strong></span> <span class='ocrx_word' id='word_1_98' title='bbox 1465 1508 1626 1562; x_wconf 89' lang='lat' dir='ltr'><strong>etiam</strong></span> <span class='ocrx_word' id='word_1_99' title='bbox 1661 1523 1786 1563; x_wconf 88' lang='lat' dir='ltr'><strong>cum</strong></span> <span class='ocrx_word' id='word_1_100' title='bbox 1816 1523 1882 1563; x_wconf 91' lang='lat' dir='ltr'><strong>eo</strong></span> <span class='ocrx_word' id='word_1_101' title='bbox 1911 1511 2096 1578; x_wconf 87' lang='lat' dir='ltr'><strong>appel-</strong></span> 
     </span>
    </p>
   </div>
   <div class='ocr_carea' id='block_1_17' title="bbox 508 1597 2099 1668">
    <p class='ocr_par' dir='ltr' id='par_1_17' title="bbox 508 1597 2099 1668">
     <span class='ocr_line' id='line_1_17' title="bbox 508 1597 2099 1668; baseline 0.001 -16"><span class='ocrx_word' id='word_1_102' title='bbox 508 1598 764 1652; x_wconf 88' lang='lat' dir='ltr'><strong>lationem</strong></span> <span class='ocrx_word' id='word_1_103' title='bbox 795 1599 1128 1668; x_wconf 71' lang='lat' dir='ltr'><strong>gloriamque</strong></span> <span class='ocrx_word' id='word_1_104' title='bbox 1151 1599 1504 1652; x_wconf 87' lang='lat' dir='ltr'><strong>nanciscitur.</strong></span> <span class='ocrx_word' id='word_1_105' title='bbox 1530 1597 1596 1651; x_wconf 86' lang='lat' dir='ltr'><strong>Et</strong></span> <span class='ocrx_word' id='word_1_106' title='bbox 1625 1600 1883 1655; x_wconf 89' lang='lat' dir='ltr'><strong>Dominus</strong></span> <span class='ocrx_word' id='word_1_107' title='bbox 1906 1617 2099 1657; x_wconf 81' lang='lat' dir='ltr'><strong>secun-</strong></span> 
     </span>
    </p>
   </div>
   <div class='ocr_carea' id='block_1_18' title="bbox 509 1689 2099 1760">
    <p class='ocr_par' dir='ltr' id='par_1_18' title="bbox 509 1689 2099 1760">
     <span class='ocr_line' id='line_1_18' title="bbox 509 1689 2099 1760; baseline 0.004 -19"><span class='ocrx_word' id='word_1_108' title='bbox 509 1689 636 1742; x_wconf 89' lang='lat' dir='ltr'><strong>dum</strong></span> <span class='ocrx_word' id='word_1_109' title='bbox 669 1690 962 1744; x_wconf 75' lang='lat' dir='ltr'><strong>essentiam</strong></span> <span class='ocrx_word' id='word_1_110' title='bbox 998 1689 1138 1744; x_wconf 92' lang='lat' dir='ltr'><strong>Deus</strong></span> <span class='ocrx_word' id='word_1_111' title='bbox 1161 1689 1422 1754; x_wconf 78' lang='lat' dir='ltr'><strong>Verbum,</strong></span> <span class='ocrx_word' id='word_1_112' title='bbox 1445 1690 1530 1743; x_wconf 91' lang='lat' dir='ltr'><strong>cui</strong></span> <span class='ocrx_word' id='word_1_113' title='bbox 1552 1693 1837 1760; x_wconf 89' lang='lat' dir='ltr'><strong>copulatus</strong></span> <span class='ocrx_word' id='word_1_114' title='bbox 1866 1693 1974 1755; x_wconf 86' lang='lat' dir='ltr'><strong>hic,</strong></span> <span class='ocrx_word' id='word_1_115' title='bbox 2004 1694 2099 1748; x_wconf 88' lang='lat' dir='ltr'><strong>bo-</strong></span> 
     </span>
    </p>
   </div>
   <div class='ocr_carea' id='block_1_19' title="bbox 511 1781 2098 1852">
    <p class='ocr_par' dir='ltr' id='par_1_19' title="bbox 511 1781 2098 1852">
     <span class='ocr_line' id='line_1_19' title="bbox 511 1781 2098 1852; baseline 0.005 -21"><span class='ocrx_word' id='word_1_116' title='bbox 511 1781 654 1834; x_wconf 85' lang='lat' dir='ltr'><strong>noris</strong></span> <span class='ocrx_word' id='word_1_117' title='bbox 701 1782 862 1834; x_wconf 85' lang='lat' dir='ltr'><strong>etiam</strong></span> <span class='ocrx_word' id='word_1_118' title='bbox 890 1781 1160 1850; x_wconf 85' lang='lat' dir='ltr'><strong>particeps</strong></span> <span class='ocrx_word' id='word_1_119' title='bbox 1195 1782 1276 1846; x_wconf 83' lang='lat' dir='ltr'><strong>ﬁt,</strong></span> <span class='ocrx_word' id='word_1_120' title='bbox 1307 1789 1470 1849; x_wconf 86' lang='lat' dir='ltr'><strong>atque</strong></span> <span class='ocrx_word' id='word_1_121' title='bbox 1515 1783 1713 1836; x_wconf 89' lang='lat' dir='ltr'><strong>idcirco</strong></span> <span class='ocrx_word' id='word_1_122' title='bbox 1742 1798 1915 1852; x_wconf 89' lang='lat' dir='ltr'><strong>neque</strong></span> <span class='ocrx_word' id='word_1_123' title='bbox 1963 1785 2098 1839; x_wconf 89' lang='lat' dir='ltr'><strong>duos</strong></span> 
     </span>
    </p>
   </div>
   <div class='ocr_carea' id='block_1_20' title="bbox 507 1847 2170 1944">
    <p class='ocr_par' dir='ltr' id='par_1_20' title="bbox 507 1847 2170 1944">
     <span class='ocr_line' id='line_1_20' title="bbox 507 1847 2170 1944; baseline 0.003 -19"><span class='ocrx_word' id='word_1_124' title='bbox 507 1871 738 1926; x_wconf 86' lang='lat' dir='ltr'><strong>dicimus</strong></span> <span class='ocrx_word' id='word_1_125' title='bbox 772 1847 930 1938; x_wconf 79' lang='lat' dir='ltr'><strong>ﬁlios,</strong></span> <span class='ocrx_word' id='word_1_126' title='bbox 984 1847 1162 1941; x_wconf 78' lang='lat' dir='ltr'><strong>neque</strong></span> <span class='ocrx_word' id='word_1_127' title='bbox 1189 1874 1325 1928; x_wconf 91' lang='lat' dir='ltr'><strong>duos</strong></span> <span class='ocrx_word' id='word_1_128' title='bbox 1350 1847 1616 1928; x_wconf 88' lang='lat' dir='ltr'><strong>dominos.</strong></span> <span class='ocrx_word' id='word_1_129' title='bbox 1663 1847 1941 1944; x_wconf 83' lang='lat' dir='ltr'><strong>Siquidem</strong></span> <span class='ocrx_word' id='word_1_130' title='bbox 1973 1890 2095 1930; x_wconf 91' lang='lat' dir='ltr'><strong>cum</strong></span> <span class='ocrx_word' id='word_1_131' title='bbox 2128 1847 2170 1902; x_wconf 75' lang='grc' dir='ltr'><strong>Β</strong></span> 
     </span>
    </p>
   </div>
   <div class='ocr_carea' id='block_1_21' title="bbox 507 1963 2094 2031">
    <p class='ocr_par' dir='ltr' id='par_1_21' title="bbox 507 1963 2094 2031">
     <span class='ocr_line' id='line_1_21' title="bbox 507 1963 2094 2031; baseline 0.002 -13"><span class='ocrx_word' id='word_1_132' title='bbox 507 1963 823 2018; x_wconf 78' lang='lat' dir='ltr'><strong>manifestus</strong></span> <span class='ocrx_word' id='word_1_133' title='bbox 858 1965 927 2019; x_wconf 90' lang='lat' dir='ltr'><strong>sit</strong></span> <span class='ocrx_word' id='word_1_134' title='bbox 957 1965 1046 2031; x_wconf 92' lang='lat' dir='ltr'><strong>qui</strong></span> <span class='ocrx_word' id='word_1_135' title='bbox 1083 1966 1321 2018; x_wconf 87' lang='lat' dir='ltr'><strong>essentia</strong></span> <span class='ocrx_word' id='word_1_136' title='bbox 1371 1981 1466 2018; x_wconf 88' lang='lat' dir='ltr'><strong>sua</strong></span> <span class='ocrx_word' id='word_1_137' title='bbox 1501 1975 1585 2019; x_wconf 91' lang='lat' dir='ltr'><strong>est</strong></span> <span class='ocrx_word' id='word_1_138' title='bbox 1622 1965 1878 2018; x_wconf 86' lang='lat' dir='ltr'><strong>Dominus</strong></span> <span class='ocrx_word' id='word_1_139' title='bbox 1921 1977 1975 2020; x_wconf 92' lang='lat' dir='ltr'><strong>et</strong></span> <span class='ocrx_word' id='word_1_140' title='bbox 2004 1967 2094 2021; x_wconf 89' lang='lat' dir='ltr'><strong>Fi-</strong></span> 
     </span>
    </p>
   </div>
   <div class='ocr_carea' id='block_1_22' title="bbox 508 2050 2095 2126">
    <p class='ocr_par' dir='ltr' id='par_1_22' title="bbox 508 2050 2095 2126">
     <span class='ocr_line' id='line_1_22' title="bbox 508 2050 2095 2126; baseline 0.005 -22"><span class='ocrx_word' id='word_1_141' title='bbox 508 2050 641 2118; x_wconf 89' lang='lat' dir='ltr'><strong>lius,</strong></span> <span class='ocrx_word' id='word_1_142' title='bbox 690 2053 1106 2122; x_wconf 86' lang='lat' dir='ltr'><strong>inseparabilem</strong></span> <span class='ocrx_word' id='word_1_143' title='bbox 1143 2055 1350 2108; x_wconf 77' lang='lat' dir='ltr'><strong>habens</strong></span> <span class='ocrx_word' id='word_1_144' title='bbox 1396 2071 1517 2109; x_wconf 90' lang='lat' dir='ltr'><strong>cum</strong></span> <span class='ocrx_word' id='word_1_145' title='bbox 1557 2070 1621 2110; x_wconf 90' lang='lat' dir='ltr'><strong>eo</strong></span> <span class='ocrx_word' id='word_1_146' title='bbox 1655 2056 2095 2126; x_wconf 84' lang='lat' dir='ltr'><strong>conjunctionem</strong></span> 
     </span>
    </p>
   </div>
   <div class='ocr_carea' id='block_1_23' title="bbox 505 2143 2094 2215">
    <p class='ocr_par' dir='ltr' id='par_1_23' title="bbox 505 2143 2094 2215">
     <span class='ocr_line' id='line_1_23' title="bbox 505 2143 2094 2215; baseline 0.003 -17"><span class='ocrx_word' id='word_1_147' title='bbox 505 2143 551 2198; x_wconf 84' lang='lat' dir='ltr'><strong>is</strong></span> <span class='ocrx_word' id='word_1_148' title='bbox 581 2145 671 2213; x_wconf 85' lang='lat' dir='ltr'><strong>qui</strong></span> <span class='ocrx_word' id='word_1_149' title='bbox 700 2153 898 2198; x_wconf 75' lang='lat' dir='ltr'><strong>nostra:</strong></span> <span class='ocrx_word' id='word_1_150' title='bbox 927 2144 1115 2199; x_wconf 90' lang='lat' dir='ltr'><strong>salutis</strong></span> <span class='ocrx_word' id='word_1_151' title='bbox 1147 2161 1312 2200; x_wconf 90' lang='lat' dir='ltr'><strong>causa</strong></span> <span class='ocrx_word' id='word_1_152' title='bbox 1338 2158 1586 2215; x_wconf 90' lang='lat' dir='ltr'><strong>sumptus</strong></span> <span class='ocrx_word' id='word_1_153' title='bbox 1618 2159 1720 2211; x_wconf 88' lang='lat' dir='ltr'><strong>est,</strong></span> <span class='ocrx_word' id='word_1_154' title='bbox 1748 2147 1905 2201; x_wconf 86' lang='lat' dir='ltr'><strong>simul</strong></span> <span class='ocrx_word' id='word_1_155' title='bbox 1931 2150 2094 2204; x_wconf 90' lang='lat' dir='ltr'><strong>etiam</strong></span> 
     </span>
    </p>
   </div>
   <div class='ocr_carea' id='block_1_24' title="bbox 507 2235 2097 2311">
    <p class='ocr_par' dir='ltr' id='par_1_24' title="bbox 507 2235 2097 2311">
     <span class='ocr_line' id='line_1_24' title="bbox 507 2235 2097 2311; baseline 0.006 -23"><span class='ocrx_word' id='word_1_156' title='bbox 507 2235 736 2289; x_wconf 79' lang='lat' dir='ltr'><strong>infertur</strong></span> <span class='ocrx_word' id='word_1_157' title='bbox 784 2245 944 2305; x_wconf 84' lang='lat' dir='ltr'><strong>atque</strong></span> <span class='ocrx_word' id='word_1_158' title='bbox 989 2237 1307 2309; x_wconf 76' lang='lat' dir='ltr'><strong>intelligitur</strong></span> <span class='ocrx_word' id='word_1_159' title='bbox 1349 2255 1475 2294; x_wconf 89' lang='lat' dir='ltr'><strong>cum</strong></span> <span class='ocrx_word' id='word_1_160' title='bbox 1515 2239 1873 2309; x_wconf 83' lang='lat' dir='ltr'><strong>appellatione</strong></span> <span class='ocrx_word' id='word_1_161' title='bbox 1934 2253 2097 2311; x_wconf 85' lang='lat' dir='ltr'><strong>atque</strong></span> 
     </span>
    </p>
   </div>
   <div class='ocr_carea' id='block_1_25' title="bbox 506 2326 1168 2394">
    <p class='ocr_par' dir='ltr' id='par_1_25' title="bbox 506 2326 1168 2394">
     <span class='ocr_line' id='line_1_25' title="bbox 506 2326 1168 2394; baseline 0.008 -16"><span class='ocrx_word' id='word_1_162' title='bbox 506 2328 673 2394; x_wconf 78' lang='lat' dir='ltr'><strong>gloria</strong></span> <span class='ocrx_word' id='word_1_163' title='bbox 703 2326 820 2380; x_wconf 81' lang='lat' dir='ltr'><strong>Filii</strong></span> <span class='ocrx_word' id='word_1_164' title='bbox 847 2339 900 2382; x_wconf 92' lang='lat' dir='ltr'><strong>et</strong></span> <span class='ocrx_word' id='word_1_165' title='bbox 935 2329 1168 2383; x_wconf 84' lang='lat' dir='ltr'><strong>Domini.</strong></span> 
     </span>
    </p>
   </div>
   <div class='ocr_carea' id='block_1_26' title="bbox 577 2417 2095 2493">
    <p class='ocr_par' dir='ltr' id='par_1_26' title="bbox 577 2417 2095 2493">
     <span class='ocr_line' id='line_1_26' title="bbox 577 2417 2095 2493; baseline 0.006 -20"><span class='ocrx_word' id='word_1_166' title='bbox 577 2423 643 2473; x_wconf 87' lang='lat' dir='ltr'><strong>A.</strong></span> <span class='ocrx_word' id='word_1_167' title='bbox 682 2417 725 2473; x_wconf 88' lang='grc'>0</span> <span class='ocrx_word' id='word_1_168' title='bbox 756 2419 1032 2489; x_wconf 73' lang='lat' dir='ltr'><strong>ingentem</strong></span> <span class='ocrx_word' id='word_1_169' title='bbox 1062 2421 1390 2489; x_wconf 86' lang='lat' dir='ltr'><strong>imperitiam</strong></span> <span class='ocrx_word' id='word_1_170' title='bbox 1427 2432 1591 2493; x_wconf 92' lang='lat' dir='ltr'><strong>atque</strong></span> <span class='ocrx_word' id='word_1_171' title='bbox 1619 2426 1884 2482; x_wconf 90' lang='lat' dir='ltr'><strong>insaniam</strong></span> <span class='ocrx_word' id='word_1_172' title='bbox 1907 2444 2095 2483; x_wconf 91' lang='lat' dir='ltr'><strong>eorum</strong></span> 
     </span>
    </p>
   </div>
   <div class='ocr_carea' id='block_1_27' title="bbox 504 2509 2098 2584">
    <p class='ocr_par' dir='ltr' id='par_1_27' title="bbox 504 2509 2098 2584">
     <span class='ocr_line' id='line_1_27' title="bbox 504 2509 2098 2584; baseline 0.008 -22"><span class='ocrx_word' id='word_1_173' title='bbox 504 2510 595 2578; x_wconf 87' lang='lat' dir='ltr'><strong>qui</strong></span> <span class='ocrx_word' id='word_1_174' title='bbox 629 2509 702 2564; x_wconf 92' lang='lat' dir='ltr'><strong>ita</strong></span> <span class='ocrx_word' id='word_1_175' title='bbox 737 2525 860 2565; x_wconf 91' lang='lat' dir='ltr'><strong>sese</strong></span> <span class='ocrx_word' id='word_1_176' title='bbox 895 2526 1008 2566; x_wconf 89' lang='lat' dir='ltr'><strong>rem</strong></span> <span class='ocrx_word' id='word_1_177' title='bbox 1047 2513 1248 2567; x_wconf 88' lang='lat' dir='ltr'><strong>habere</strong></span> <span class='ocrx_word' id='word_1_178' title='bbox 1287 2513 1391 2569; x_wconf 88' lang='lat' dir='ltr'><strong>sibi</strong></span> <span class='ocrx_word' id='word_1_179' title='bbox 1431 2517 1793 2584; x_wconf 78' lang='lat' dir='ltr'><strong>persuadent!</strong></span> <span class='ocrx_word' id='word_1_180' title='bbox 1844 2521 2098 2575; x_wconf 86' lang='lat' dir='ltr'><strong>lncrcdu-</strong></span> 
     </span>
    </p>
   </div>
   <div class='ocr_carea' id='block_1_28' title="bbox 509 2602 2098 2679">
    <p class='ocr_par' dir='ltr' id='par_1_28' title="bbox 509 2602 2098 2679">
     <span class='ocr_line' id='line_1_28' title="bbox 509 2602 2098 2679; baseline 0.007 -23"><span class='ocrx_word' id='word_1_181' title='bbox 509 2602 633 2657; x_wconf 81' lang='lat' dir='ltr'><strong>litas</strong></span> <span class='ocrx_word' id='word_1_182' title='bbox 658 2604 802 2658; x_wconf 90' lang='lat' dir='ltr'><strong>enim</strong></span> <span class='ocrx_word' id='word_1_183' title='bbox 838 2619 984 2658; x_wconf 86' lang='lat' dir='ltr'><strong>mera</strong></span> <span class='ocrx_word' id='word_1_184' title='bbox 1011 2613 1096 2660; x_wconf 87' lang='lat' dir='ltr'><strong>est</strong></span> <span class='ocrx_word' id='word_1_185' title='bbox 1125 2605 1238 2660; x_wconf 72' lang='lat' dir='ltr'><strong>haec</strong></span> <span class='ocrx_word' id='word_1_186' title='bbox 1273 2622 1361 2661; x_wconf 92' lang='lat' dir='ltr'><strong>res</strong></span> <span class='ocrx_word' id='word_1_187' title='bbox 1393 2608 1790 2679; x_wconf 86' lang='lat' dir='ltr'><strong>impiarumque</strong></span> <span class='ocrx_word' id='word_1_188' title='bbox 1830 2612 2098 2667; x_wconf 78' lang='lat' dir='ltr'><strong>inventio-</strong></span> 
     </span>
    </p>
   </div>
   <div class='ocr_carea' id='block_1_29' title="bbox 507 2696 2116 2771">
    <p class='ocr_par' dir='ltr' id='par_1_29' title="bbox 507 2696 2116 2771">
     <span class='ocr_line' id='line_1_29' title="bbox 507 2696 2116 2771; baseline 0.007 -22"><span class='ocrx_word' id='word_1_189' title='bbox 507 2709 636 2749; x_wconf 88' lang='lat' dir='ltr'><strong>num</strong></span> <span class='ocrx_word' id='word_1_190' title='bbox 672 2696 905 2762; x_wconf 88' lang='lat' dir='ltr'><strong>novitas,</strong></span> <span class='ocrx_word' id='word_1_191' title='bbox 940 2706 994 2750; x_wconf 91' lang='lat' dir='ltr'><strong>et</strong></span> <span class='ocrx_word' id='word_1_192' title='bbox 1024 2698 1189 2750; x_wconf 92' lang='lat' dir='ltr'><strong>totius</strong></span> <span class='ocrx_word' id='word_1_193' title='bbox 1219 2698 1417 2753; x_wconf 68' lang='lat' dir='ltr'><strong>divina:</strong></span> <span class='ocrx_word' id='word_1_194' title='bbox 1441 2715 1720 2770; x_wconf 72' lang='lat' dir='ltr'><strong>sacrmque</strong></span> <span class='ocrx_word' id='word_1_195' title='bbox 1751 2705 2116 2771; x_wconf 71' lang='lat' dir='ltr'><strong>przedicatio-.</strong></span> 
     </span>
    </p>
   </div>
   <div class='ocr_carea' id='block_1_30' title="bbox 509 2787 2096 2856">
    <p class='ocr_par' dir='ltr' id='par_1_30' title="bbox 509 2787 2096 2856">
     <span class='ocr_line' id='line_1_30' title="bbox 509 2787 2096 2856; baseline 0.006 -16"><span class='ocrx_word' id='word_1_196' title='bbox 509 2787 593 2840; x_wconf 77' lang='lat' dir='ltr'><strong>uis</strong></span> <span class='ocrx_word' id='word_1_197' title='bbox 647 2787 963 2851; x_wconf 89' lang='lat' dir='ltr'><strong>subversio,</strong></span> <span class='ocrx_word' id='word_1_198' title='bbox 1015 2803 1135 2856; x_wconf 73' lang='lat' dir='ltr'><strong>qua:</strong></span> <span class='ocrx_word' id='word_1_199' title='bbox 1184 2805 1348 2844; x_wconf 88' lang='lat' dir='ltr'><strong>unum</strong></span> <span class='ocrx_word' id='word_1_200' title='bbox 1402 2806 1523 2846; x_wconf 88' lang='lat' dir='ltr'><strong>esse</strong></span> <span class='ocrx_word' id='word_1_201' title='bbox 1577 2792 1868 2856; x_wconf 85' lang='lat' dir='ltr'><strong>Dominum</strong></span> <span class='ocrx_word' id='word_1_202' title='bbox 1910 2795 2096 2849; x_wconf 85' lang='lat' dir='ltr'><strong>Jesum</strong></span> 
     </span>
    </p>
   </div>
   <div class='ocr_carea' id='block_1_31' title="bbox 507 2873 2098 2947">
    <p class='ocr_par' dir='ltr' id='par_1_31' title="bbox 507 2873 2098 2947">
     <span class='ocr_line' id='line_1_31' title="bbox 507 2873 2098 2947; baseline 0.006 -19"><span class='ocrx_word' id='word_1_203' title='bbox 507 2875 783 2928; x_wconf 75' lang='lat' dir='ltr'><strong>Christum</strong></span> <span class='ocrx_word' id='word_1_204' title='bbox 833 2873 1029 2928; x_wconf 85' lang='lat' dir='ltr'><strong>Filium</strong></span> <span class='ocrx_word' id='word_1_205' title='bbox 1075 2876 1169 2930; x_wconf 92' lang='lat' dir='ltr'><strong>Dei</strong></span> <span class='ocrx_word' id='word_1_206' title='bbox 1213 2880 1535 2947; x_wconf 81' lang='lat' dir='ltr'><strong>proclamat,</strong></span> <span class='ocrx_word' id='word_1_207' title='bbox 1567 2881 1823 2936; x_wconf 87' lang='lat' dir='ltr'><strong>nimirum</strong></span> <span class='ocrx_word' id='word_1_208' title='bbox 1863 2883 2098 2938; x_wconf 87' lang='lat' dir='ltr'><strong>Verbum</strong></span> 
     </span>
    </p>
   </div>
   <div class='ocr_carea' id='block_1_32' title="bbox 507 2967 2096 3043">
    <p class='ocr_par' dir='ltr' id='par_1_32' title="bbox 507 2967 2096 3043">
     <span class='ocr_line' id='line_1_32' title="bbox 507 2967 2096 3043; baseline 0.007 -24"><span class='ocrx_word' id='word_1_209' title='bbox 507 2981 572 3019; x_wconf 79' lang='lat' dir='ltr'><strong>ex</strong></span> <span class='ocrx_word' id='word_1_210' title='bbox 623 2967 729 3021; x_wconf 89' lang='lat' dir='ltr'><strong>Deo</strong></span> <span class='ocrx_word' id='word_1_211' title='bbox 763 2967 921 3022; x_wconf 85' lang='lat' dir='ltr'><strong>Patre</strong></span> <span class='ocrx_word' id='word_1_212' title='bbox 958 2969 1232 3024; x_wconf 88' lang='lat' dir='ltr'><strong>hominem</strong></span> <span class='ocrx_word' id='word_1_213' title='bbox 1279 2971 1482 3026; x_wconf 79' lang='lat' dir='ltr'><strong>laetum</strong></span> <span class='ocrx_word' id='word_1_214' title='bbox 1534 2983 1698 3043; x_wconf 89' lang='lat' dir='ltr'><strong>atque</strong></span> <span class='ocrx_word' id='word_1_215' title='bbox 1731 2976 2096 3042; x_wconf 82' lang='lat' dir='ltr'><strong>incarnatum,</strong></span> 
     </span>
    </p>
   </div>
   <div class='ocr_carea' id='block_1_33' title="bbox 509 3057 2097 3127">
    <p class='ocr_par' dir='ltr' id='par_1_33' title="bbox 509 3057 2097 3127">
     <span class='ocr_line' id='line_1_33' title="bbox 509 3057 2097 3127; baseline 0.004 -16"><span class='ocrx_word' id='word_1_216' title='bbox 509 3060 582 3111; x_wconf 86' lang='lat' dir='ltr'><strong>ita</strong></span> <span class='ocrx_word' id='word_1_217' title='bbox 621 3067 678 3111; x_wconf 92' lang='lat' dir='ltr'><strong>ut</strong></span> <span class='ocrx_word' id='word_1_218' title='bbox 705 3058 776 3111; x_wconf 88' lang='lat' dir='ltr'><strong>sit</strong></span> <span class='ocrx_word' id='word_1_219' title='bbox 807 3058 918 3127; x_wconf 90' lang='lat' dir='ltr'><strong>ipse</strong></span> <span class='ocrx_word' id='word_1_220' title='bbox 969 3057 1112 3115; x_wconf 91' lang='lat' dir='ltr'><strong>Deus</strong></span> <span class='ocrx_word' id='word_1_221' title='bbox 1143 3059 1302 3114; x_wconf 88' lang='lat' dir='ltr'><strong>simul</strong></span> <span class='ocrx_word' id='word_1_222' title='bbox 1329 3069 1382 3115; x_wconf 91' lang='lat' dir='ltr'><strong>et</strong></span> <span class='ocrx_word' id='word_1_223' title='bbox 1407 3063 1602 3127; x_wconf 87' lang='lat' dir='ltr'><strong>homo;</strong></span> <span class='ocrx_word' id='word_1_224' title='bbox 1636 3073 1690 3117; x_wconf 89' lang='lat' dir='ltr'><strong>et</strong></span> <span class='ocrx_word' id='word_1_225' title='bbox 1721 3062 1881 3118; x_wconf 89' lang='lat' dir='ltr'><strong>unius</strong></span> <span class='ocrx_word' id='word_1_226' title='bbox 1918 3065 2097 3119; x_wconf 90' lang='lat' dir='ltr'><strong>omnia</strong></span> 
     </span>
    </p>
   </div>
   <div class='ocr_carea' id='block_1_34' title="bbox 2197 592 3782 662">
    <p class='ocr_par' dir='ltr' id='par_1_34' title="bbox 2197 592 3782 662">
     <span class='ocr_line' id='line_1_34' title="bbox 2197 592 3782 662; baseline 0 -15"><span class='ocrx_word' id='word_1_227' title='bbox 2197 593 2294 647; x_wconf 73' lang='grc' dir='ltr'><strong>καὶ</strong></span> <span class='ocrx_word' id='word_1_228' title='bbox 2319 592 2614 661; x_wconf 82' lang='grc' dir='ltr'>ἀναγαγὼν</span> <span class='ocrx_word' id='word_1_229' title='bbox 2653 595 2732 655; x_wconf 81' lang='grc' dir='ltr'><strong>είς</strong></span> <span class='ocrx_word' id='word_1_230' title='bbox 2753 593 3005 662; x_wconf 74' lang='grc' dir='ltr'>οὐρανὸν,</span> <span class='ocrx_word' id='word_1_231' title='bbox 3045 593 3139 646; x_wconf 80' lang='grc' dir='ltr'>καὶ</span> <span class='ocrx_word' id='word_1_232' title='bbox 3191 594 3419 656; x_wconf 77' lang='grc' dir='ltr'>καθίσας</span> <span class='ocrx_word' id='word_1_233' title='bbox 3473 596 3537 647; x_wconf 82' lang='grc' dir='ltr'>ὲκ</span> <span class='ocrx_word' id='word_1_234' title='bbox 3583 593 3782 660; x_wconf 81' lang='grc' dir='ltr'>δεξιῶν</span> 
     </span>
    </p>
   </div>
   <div class='ocr_carea' id='block_1_35' title="bbox 2195 682 3785 756">
    <p class='ocr_par' dir='ltr' id='par_1_35' title="bbox 2195 682 3785 756">
     <span class='ocr_line' id='line_1_35' title="bbox 2195 682 3785 756; baseline 0.001 -20"><span class='ocrx_word' id='word_1_235' title='bbox 2195 682 2291 736; x_wconf 87' lang='grc' dir='ltr'><strong>τοῦ</strong></span> <span class='ocrx_word' id='word_1_236' title='bbox 2317 682 2646 737; x_wconf 81' lang='grc' dir='ltr'>Θεοῦ.”Οθεν</span> <span class='ocrx_word' id='word_1_237' title='bbox 2671 683 2736 754; x_wconf 82' lang='grc' dir='ltr'>δὴ</span> <span class='ocrx_word' id='word_1_238' title='bbox 2772 684 3028 754; x_wconf 82' lang='grc' dir='ltr'>ὑπεράνω</span> <span class='ocrx_word' id='word_1_239' title='bbox 3073 685 3252 754; x_wconf 80' lang='grc' dir='ltr'>πάσης</span> <span class='ocrx_word' id='word_1_240' title='bbox 3281 685 3542 754; x_wconf 78' lang='grc' dir='ltr'>ὑπάρχων</span> <span class='ocrx_word' id='word_1_241' title='bbox 3579 683 3785 756; x_wconf 81' lang='grc' dir='ltr'>Ἀρχῆς</span> 
     </span>
    </p>
   </div>
   <div class='ocr_carea' id='block_1_36' title="bbox 2195 773 3821 843">
    <p class='ocr_par' dir='ltr' id='par_1_36' title="bbox 2195 773 3821 843">
     <span class='ocr_line' id='line_1_36' title="bbox 2195 773 3821 843; baseline -0.001 -15"><span class='ocrx_word' id='word_1_242' title='bbox 2195 792 2256 828; x_wconf 82' lang='grc' dir='ltr'><strong>τε</strong></span> <span class='ocrx_word' id='word_1_243' title='bbox 2286 775 2382 828; x_wconf 73' lang='grc' dir='ltr'>καὶ</span> <span class='ocrx_word' id='word_1_244' title='bbox 2413 774 2710 840; x_wconf 79' lang='grc' dir='ltr'>Ἐξουσίας,</span> <span class='ocrx_word' id='word_1_245' title='bbox 2737 774 2835 828; x_wconf 75' lang='grc' dir='ltr'>καὶ</span> <span class='ocrx_word' id='word_1_246' title='bbox 2863 773 3175 843; x_wconf 85' lang='grc' dir='ltr'>Δυνάμεως,</span> <span class='ocrx_word' id='word_1_247' title='bbox 3193 775 3286 827; x_wconf 75' lang='grc' dir='ltr'>καὶ</span> <span class='ocrx_word' id='word_1_248' title='bbox 3302 774 3660 842; x_wconf 84' lang='grc' dir='ltr'>Κυριότητος,</span> <span class='ocrx_word' id='word_1_249' title='bbox 3684 773 3790 826; x_wconf 78' lang='grc' dir='ltr'>καὶ</span> <span class='ocrx_word' id='word_1_250' title='bbox 3815 829 3821 839; x_wconf 66' lang='grc'><strong>,</strong></span> 
     </span>
    </p>
   </div>
   <div class='ocr_carea' id='block_1_37' title="bbox 2197 843 3820 937">
    <p class='ocr_par' dir='ltr' id='par_1_37' title="bbox 2197 843 3820 937">
     <span class='ocr_line' id='line_1_37' title="bbox 2197 843 3820 937; baseline -0.002 -17"><span class='ocrx_word' id='word_1_251' title='bbox 2197 867 2398 930; x_wconf 89' lang='grc' dir='ltr'>παντὸς</span> <span class='ocrx_word' id='word_1_252' title='bbox 2423 866 2683 937; x_wconf 85' lang='grc' dir='ltr'>ὀνόματος</span> <span class='ocrx_word' id='word_1_253' title='bbox 2709 865 3110 936; x_wconf 78' lang='grc' dir='ltr'><strong>ὀνομαζομένου</strong></span> <span class='ocrx_word' id='word_1_254' title='bbox 3141 865 3240 918; x_wconf 88' lang='grc' dir='ltr'><strong>οὑκ</strong></span> <span class='ocrx_word' id='word_1_255' title='bbox 3265 865 3324 918; x_wconf 79' lang='grc' dir='ltr'>ὲν</span> <span class='ocrx_word' id='word_1_256' title='bbox 3364 865 3441 936; x_wconf 81' lang='grc' dir='ltr'>τῷ</span> <span class='ocrx_word' id='word_1_257' title='bbox 3463 865 3624 918; x_wconf 81' lang='grc' dir='ltr'>αἰῶνι</span> <span class='ocrx_word' id='word_1_258' title='bbox 3657 864 3788 918; x_wconf 75' lang='grc' dir='ltr'>τού-ι</span> 
     </span>
    </p>
   </div>
   <div class='ocr_carea' id='block_1_38' title="bbox 2195 955 3792 1028">
    <p class='ocr_par' dir='ltr' id='par_1_38' title="bbox 2195 955 3792 1028">
     <span class='ocr_line' id='line_1_38' title="bbox 2195 955 3792 1028; baseline 0 -18"><span class='ocrx_word' id='word_1_259' title='bbox 2195 974 2274 1028; x_wconf 84' lang='grc' dir='ltr'>τῳ</span> <span class='ocrx_word' id='word_1_260' title='bbox 2301 959 2482 1028; x_wconf 87' lang='grc' dir='ltr'>μόνον,</span> <span class='ocrx_word' id='word_1_261' title='bbox 2509 957 2645 1012; x_wconf 81' lang='grc' dir='ltr'>ἀλλὰ</span> <span class='ocrx_word' id='word_1_262' title='bbox 2671 957 2765 1010; x_wconf 76' lang='grc' dir='ltr'>καὶ</span> <span class='ocrx_word' id='word_1_263' title='bbox 2799 959 2857 1009; x_wconf 82' lang='grc' dir='ltr'>ἐν</span> <span class='ocrx_word' id='word_1_264' title='bbox 2885 955 2964 1026; x_wconf 84' lang='grc' dir='ltr'>τῷ</span> <span class='ocrx_word' id='word_1_265' title='bbox 3001 955 3268 1025; x_wconf 83' lang='grc' dir='ltr'>μέλλοντι,</span> <span class='ocrx_word' id='word_1_266' title='bbox 3291 957 3390 1027; x_wconf 79' lang='grc' dir='ltr'><strong>τὴν</strong></span> <span class='ocrx_word' id='word_1_267' title='bbox 3421 956 3573 1026; x_wconf 81' lang='grc' dir='ltr'>παρὰ</span> <span class='ocrx_word' id='word_1_268' title='bbox 3597 956 3792 1026; x_wconf 81' lang='grc' dir='ltr'>πάσης</span> 
     </span>
    </p>
   </div>
   <div class='ocr_carea' id='block_1_39' title="bbox 2195 1047 3783 1121">
    <p class='ocr_par' dir='ltr' id='par_1_39' title="bbox 2195 1047 3783 1121">
     <span class='ocr_line' id='line_1_39' title="bbox 2195 1047 3783 1121; baseline -0.001 -19"><span class='ocrx_word' id='word_1_269' title='bbox 2195 1049 2299 1121; x_wconf 84' lang='grc' dir='ltr'>τῆς</span> <span class='ocrx_word' id='word_1_270' title='bbox 2351 1051 2579 1114; x_wconf 82' lang='grc' dir='ltr'>κτίσεως</span> <span class='ocrx_word' id='word_1_271' title='bbox 2624 1051 2838 1120; x_wconf 81' lang='grc' dir='ltr'>δέχεται</span> <span class='ocrx_word' id='word_1_272' title='bbox 2893 1049 3293 1118; x_wconf 81' lang='grc' dir='ltr'>προσκύνησιν,</span> <span class='ocrx_word' id='word_1_273' title='bbox 3346 1048 3422 1112; x_wconf 83' lang='grc' dir='ltr'>ὡς</span> <span class='ocrx_word' id='word_1_274' title='bbox 3475 1047 3783 1119; x_wconf 80' lang='grc' dir='ltr'>ἀχώριστον</span> 
     </span>
    </p>
   </div>
   <div class='ocr_carea' id='block_1_40' title="bbox 2197 1139 3786 1214">
    <p class='ocr_par' dir='ltr' id='par_1_40' title="bbox 2197 1139 3786 1214">
     <span class='ocr_line' id='line_1_40' title="bbox 2197 1139 3786 1214; baseline -0.001 -20"><span class='ocrx_word' id='word_1_275' title='bbox 2197 1143 2338 1212; x_wconf 86' lang='grc' dir='ltr'>πρὸς</span> <span class='ocrx_word' id='word_1_276' title='bbox 2374 1142 2472 1214; x_wconf 80' lang='grc' dir='ltr'>τὴν</span> <span class='ocrx_word' id='word_1_277' title='bbox 2515 1141 2666 1197; x_wconf 80' lang='grc' dir='ltr'>θείαν</span> <span class='ocrx_word' id='word_1_278' title='bbox 2691 1141 2852 1212; x_wconf 86' lang='grc' dir='ltr'>φύσιν</span> <span class='ocrx_word' id='word_1_279' title='bbox 2879 1141 3021 1212; x_wconf 72' lang='grc' dir='ltr'>ἔχων</span> <span class='ocrx_word' id='word_1_280' title='bbox 3043 1141 3140 1212; x_wconf 81' lang='grc' dir='ltr'>τὴν</span> <span class='ocrx_word' id='word_1_281' title='bbox 3188 1141 3505 1208; x_wconf 83' lang='grc' dir='ltr'>συνάφειαν,</span> <span class='ocrx_word' id='word_1_282' title='bbox 3532 1139 3786 1210; x_wconf 81' lang='grc' dir='ltr'>ἀναφορᾷ</span> 
     </span>
    </p>
   </div>
   <div class='ocr_carea' id='block_1_41' title="bbox 2195 1232 3786 1306">
    <p class='ocr_par' dir='ltr' id='par_1_41' title="bbox 2195 1232 3786 1306">
     <span class='ocr_line' id='line_1_41' title="bbox 2195 1232 3786 1306; baseline -0.003 -17"><span class='ocrx_word' id='word_1_283' title='bbox 2195 1236 2332 1290; x_wconf 85' lang='grc' dir='ltr'>Θεοῦ</span> <span class='ocrx_word' id='word_1_284' title='bbox 2360 1237 2455 1290; x_wconf 78' lang='grc' dir='ltr'><strong>καὶ</strong></span> <span class='ocrx_word' id='word_1_285' title='bbox 2493 1235 2672 1306; x_wconf 79' lang='grc' dir='ltr'>ἐννοίᾳ</span> <span class='ocrx_word' id='word_1_286' title='bbox 2697 1236 2878 1306; x_wconf 83' lang='grc' dir='ltr'>πάσης</span> <span class='ocrx_word' id='word_1_287' title='bbox 2903 1235 3055 1305; x_wconf 86' lang='grc' dir='ltr'>αὑτῷ</span> <span class='ocrx_word' id='word_1_288' title='bbox 3091 1235 3192 1304; x_wconf 78' lang='grc' dir='ltr'>τῆς</span> <span class='ocrx_word' id='word_1_289' title='bbox 3223 1234 3451 1295; x_wconf 83' lang='grc' dir='ltr'>κτίσεως</span> <span class='ocrx_word' id='word_1_290' title='bbox 3488 1232 3586 1303; x_wconf 80' lang='grc' dir='ltr'><strong>τὴν</strong></span> <span class='ocrx_word' id='word_1_291' title='bbox 3612 1249 3786 1302; x_wconf 90' lang='grc' dir='ltr'>προσ-</span> 
     </span>
    </p>
   </div>
   <div class='ocr_carea' id='block_1_42' title="bbox 2196 1325 3782 1397">
    <p class='ocr_par' dir='ltr' id='par_1_42' title="bbox 2196 1325 3782 1397">
     <span class='ocr_line' id='line_1_42' title="bbox 2196 1325 3782 1397; baseline -0.003 -15"><span class='ocrx_word' id='word_1_292' title='bbox 2196 1327 2425 1397; x_wconf 88' lang='grc' dir='ltr'>κύνησιν</span> <span class='ocrx_word' id='word_1_293' title='bbox 2444 1326 2846 1396; x_wconf 84' lang='grc' dir='ltr'>άπονεμούσης,</span> <span class='ocrx_word' id='word_1_294' title='bbox 2868 1329 2966 1380; x_wconf 74' lang='grc' dir='ltr'>καὶ</span> <span class='ocrx_word' id='word_1_295' title='bbox 2986 1327 3110 1381; x_wconf 85' lang='grc' dir='ltr'>οὑτε</span> <span class='ocrx_word' id='word_1_296' title='bbox 3141 1326 3237 1379; x_wconf 83' lang='grc' dir='ltr'><strong>δύο</strong></span> <span class='ocrx_word' id='word_1_297' title='bbox 3257 1325 3438 1394; x_wconf 84' lang='grc' dir='ltr'>φαμὲν</span> <span class='ocrx_word' id='word_1_298' title='bbox 3462 1325 3631 1387; x_wconf 76' lang='grc' dir='ltr'>υἱοὺς,</span> <span class='ocrx_word' id='word_1_299' title='bbox 3653 1325 3782 1377; x_wconf 78' lang='grc' dir='ltr'>οὔτε</span> 
     </span>
    </p>
   </div>
   <div class='ocr_carea' id='block_1_43' title="bbox 2195 1416 3779 1489">
    <p class='ocr_par' dir='ltr' id='par_1_43' title="bbox 2195 1416 3779 1489">
     <span class='ocr_line' id='line_1_43' title="bbox 2195 1416 3779 1489; baseline 0.004 -17"><span class='ocrx_word' id='word_1_300' title='bbox 2195 1418 2290 1472; x_wconf 89' lang='grc' dir='ltr'><strong>δύο</strong></span> <span class='ocrx_word' id='word_1_301' title='bbox 2322 1419 2543 1489; x_wconf 84' lang='grc' dir='ltr'>κυρίους</span> <span class='ocrx_word' id='word_1_302' title='bbox 2563 1436 2576 1447; x_wconf 88' lang='grc'><strong>·</strong></span> <span class='ocrx_word' id='word_1_303' title='bbox 2599 1419 2786 1489; x_wconf 74' lang='grc' dir='ltr'>ἐπειδὴ</span> <span class='ocrx_word' id='word_1_304' title='bbox 2805 1419 2861 1472; x_wconf 86' lang='grc' dir='ltr'>δὲ</span> <span class='ocrx_word' id='word_1_305' title='bbox 2883 1420 3010 1482; x_wconf 81' lang='grc' dir='ltr'>Υἱὸς</span> <span class='ocrx_word' id='word_1_306' title='bbox 3029 1420 3149 1472; x_wconf 86' lang='grc' dir='ltr'>κατ’</span> <span class='ocrx_word' id='word_1_307' title='bbox 3171 1417 3356 1470; x_wconf 88' lang='grc' dir='ltr'>οὑσίαν</span> <span class='ocrx_word' id='word_1_308' title='bbox 3383 1419 3410 1469; x_wconf 88' lang='grc' dir='ltr'>ὁ</span> <span class='ocrx_word' id='word_1_309' title='bbox 3433 1416 3564 1479; x_wconf 86' lang='grc' dir='ltr'>Θεὸς</span> <span class='ocrx_word' id='word_1_310' title='bbox 3583 1417 3779 1484; x_wconf 79' lang='grc' dir='ltr'>Λόγος,</span> 
     </span>
    </p>
   </div>
   <div class='ocr_carea' id='block_1_44' title="bbox 2196 1503 3786 1583">
    <p class='ocr_par' dir='ltr' id='par_1_44' title="bbox 2196 1503 3786 1583">
     <span class='ocr_line' id='line_1_44' title="bbox 2196 1503 3786 1583; baseline -0.003 -18"><span class='ocrx_word' id='word_1_311' title='bbox 2196 1515 2225 1566; x_wconf 88' lang='grc' dir='ltr'><strong>ό</strong></span> <span class='ocrx_word' id='word_1_312' title='bbox 2271 1512 2568 1583; x_wconf 80' lang='grc' dir='ltr'>μονογενὴς</span> <span class='ocrx_word' id='word_1_313' title='bbox 2602 1513 2728 1575; x_wconf 78' lang='grc' dir='ltr'>Υἱὸς</span> <span class='ocrx_word' id='word_1_314' title='bbox 2747 1510 2842 1563; x_wconf 82' lang='grc' dir='ltr'><strong>τοῦ</strong></span> <span class='ocrx_word' id='word_1_315' title='bbox 2865 1512 3096 1580; x_wconf 89' lang='grc' dir='ltr'>Πατρὸς,</span> <span class='ocrx_word' id='word_1_316' title='bbox 3135 1503 3289 1578; x_wconf 80' lang='grc' dir='ltr'>ᾧπερ</span> <span class='ocrx_word' id='word_1_317' title='bbox 3318 1503 3474 1572; x_wconf 71' lang='grc' dir='ltr'>οὗτος</span> <span class='ocrx_word' id='word_1_318' title='bbox 3497 1509 3786 1578; x_wconf 83' lang='grc' dir='ltr'>συνημμέ-</span> 
     </span>
    </p>
   </div>
   <div class='ocr_carea' id='block_1_45' title="bbox 2197 1601 3785 1674">
    <p class='ocr_par' dir='ltr' id='par_1_45' title="bbox 2197 1601 3785 1674">
     <span class='ocr_line' id='line_1_45' title="bbox 2197 1601 3785 1674; baseline -0.002 -17"><span class='ocrx_word' id='word_1_319' title='bbox 2197 1622 2284 1668; x_wconf 89' lang='grc' dir='ltr'><strong>νος</strong></span> <span class='ocrx_word' id='word_1_320' title='bbox 2307 1622 2367 1657; x_wconf 88' lang='grc' dir='ltr'><strong>τε</strong></span> <span class='ocrx_word' id='word_1_321' title='bbox 2397 1606 2494 1658; x_wconf 71' lang='grc' dir='ltr'><strong>καὶ</strong></span> <span class='ocrx_word' id='word_1_322' title='bbox 2524 1605 2786 1674; x_wconf 79' lang='grc' dir='ltr'>μετέχων,</span> <span class='ocrx_word' id='word_1_323' title='bbox 2813 1605 3062 1656; x_wconf 86' lang='grc' dir='ltr'>κοινωνεῖ</span> <span class='ocrx_word' id='word_1_324' title='bbox 3098 1603 3194 1672; x_wconf 66' lang='grc' dir='ltr'><strong>τῆι,</strong></span> <span class='ocrx_word' id='word_1_325' title='bbox 3237 1601 3368 1654; x_wconf 88' lang='grc' dir='ltr'>Υίοῦ</span> <span class='ocrx_word' id='word_1_326' title='bbox 3404 1602 3785 1670; x_wconf 79' lang='grc' dir='ltr'>προσηγορίας</span> 
     </span>
    </p>
   </div>
   <div class='ocr_carea' id='block_1_46' title="bbox 2197 1687 3786 1766">
    <p class='ocr_par' dir='ltr' id='par_1_46' title="bbox 2197 1687 3786 1766">
     <span class='ocr_line' id='line_1_46' title="bbox 2197 1687 3786 1766; baseline -0.003 -16"><span class='ocrx_word' id='word_1_327' title='bbox 2197 1699 2292 1750; x_wconf 72' lang='grc' dir='ltr'><strong>καὶ</strong></span> <span class='ocrx_word' id='word_1_328' title='bbox 2318 1699 2504 1766; x_wconf 79' lang='grc' dir='ltr'>τιμῆς,</span> <span class='ocrx_word' id='word_1_329' title='bbox 2556 1697 2650 1748; x_wconf 74' lang='grc' dir='ltr'><strong>καὶ</strong></span> <span class='ocrx_word' id='word_1_330' title='bbox 2686 1695 2890 1766; x_wconf 83' lang='grc' dir='ltr'>Κύριος</span> <span class='ocrx_word' id='word_1_331' title='bbox 2929 1697 3049 1748; x_wconf 84' lang='grc' dir='ltr'>κατ’</span> <span class='ocrx_word' id='word_1_332' title='bbox 3081 1694 3273 1747; x_wconf 83' lang='grc' dir='ltr'>οὐσίαν</span> <span class='ocrx_word' id='word_1_333' title='bbox 3295 1695 3323 1746; x_wconf 85' lang='grc' dir='ltr'>ὁ</span> <span class='ocrx_word' id='word_1_334' title='bbox 3353 1694 3486 1756; x_wconf 84' lang='grc' dir='ltr'>Θεὸς</span> <span class='ocrx_word' id='word_1_335' title='bbox 3510 1695 3707 1762; x_wconf 80' lang='grc' dir='ltr'>Λόγος,</span> <span class='ocrx_word' id='word_1_336' title='bbox 3737 1687 3786 1761; x_wconf 82' lang='grc' dir='ltr'>ᾧ</span> 
     </span>
    </p>
   </div>
   <div class='ocr_carea' id='block_1_47' title="bbox 2200 1781 3788 1860">
    <p class='ocr_par' dir='ltr' id='par_1_47' title="bbox 2200 1781 3788 1860">
     <span class='ocr_line' id='line_1_47' title="bbox 2200 1781 3788 1860; baseline -0.003 -18"><span class='ocrx_word' id='word_1_337' title='bbox 2200 1790 2544 1860; x_wconf 81' lang='grc' dir='ltr'>συνημμένος</span> <span class='ocrx_word' id='word_1_338' title='bbox 2564 1781 2739 1858; x_wconf 72' lang='grc' dir='ltr'>οὗτος,</span> <span class='ocrx_word' id='word_1_339' title='bbox 2770 1789 3018 1840; x_wconf 86' lang='grc' dir='ltr'>κοινωνεῖ</span> <span class='ocrx_word' id='word_1_340' title='bbox 3037 1785 3345 1855; x_wconf 79' lang='grc' dir='ltr'>τῆς.τιμῆς.</span> <span class='ocrx_word' id='word_1_341' title='bbox 3373 1785 3483 1838; x_wconf 73' lang='grc' dir='ltr'><strong>Καὶ</strong></span> <span class='ocrx_word' id='word_1_342' title='bbox 3511 1784 3599 1838; x_wconf 86' lang='grc' dir='ltr'>διὰ</span> <span class='ocrx_word' id='word_1_343' title='bbox 3623 1785 3788 1838; x_wconf 87' lang='grc' dir='ltr'>τοῦτο</span> 
     </span>
    </p>
   </div>
   <div class='ocr_carea' id='block_1_48' title="bbox 2197 1858 3788 1949">
    <p class='ocr_par' dir='ltr' id='par_1_48' title="bbox 2197 1875 3788 1949">
     <span class='ocr_line' id='line_1_48' title="bbox 2197 1875 3788 1949; baseline -0.004 -15"><span class='ocrx_word' id='word_1_344' title='bbox 2197 1881 2319 1934; x_wconf 75' lang='grc' dir='ltr'>οὔτε</span> <span class='ocrx_word' id='word_1_345' title='bbox 2355 1881 2448 1934; x_wconf 89' lang='grc' dir='ltr'><strong>δύο</strong></span> <span class='ocrx_word' id='word_1_346' title='bbox 2485 1881 2664 1949; x_wconf 81' lang='grc' dir='ltr'>φαμὲν</span> <span class='ocrx_word' id='word_1_347' title='bbox 2725 1880 2910 1942; x_wconf 72' lang='grc' dir='ltr'>υἱοὺς,</span> <span class='ocrx_word' id='word_1_348' title='bbox 2966 1877 3088 1930; x_wconf 71' lang='grc' dir='ltr'>οὔτε</span> <span class='ocrx_word' id='word_1_349' title='bbox 3136 1877 3229 1930; x_wconf 83' lang='grc' dir='ltr'><strong>δύο</strong></span> <span class='ocrx_word' id='word_1_350' title='bbox 3279 1877 3524 1946; x_wconf 86' lang='grc' dir='ltr'>κυρίους.</span> <span class='ocrx_word' id='word_1_351' title='bbox 3561 1875 3788 1946; x_wconf 81' lang='grc' dir='ltr'>Ἐπειδὴ</span> 
     </span>
    </p>
   </div>
   <div class='ocr_carea' id='block_1_49' title="bbox 2196 1966 3791 2040">
    <p class='ocr_par' dir='ltr' id='par_1_49' title="bbox 2196 1966 3791 2040">
     <span class='ocr_line' id='line_1_49' title="bbox 2196 1966 3791 2040; baseline -0.005 -15"><span class='ocrx_word' id='word_1_352' title='bbox 2196 1972 2356 2040; x_wconf 78' lang='grc' dir='ltr'>δήλου</span> <span class='ocrx_word' id='word_1_353' title='bbox 2385 1972 2478 2024; x_wconf 85' lang='grc' dir='ltr'><strong>τοῦ</strong></span> <span class='ocrx_word' id='word_1_354' title='bbox 2501 1972 2620 2024; x_wconf 82' lang='grc' dir='ltr'>κατ’</span> <span class='ocrx_word' id='word_1_355' title='bbox 2653 1971 2839 2023; x_wconf 77' lang='grc' dir='ltr'>οὑσίαν</span> <span class='ocrx_word' id='word_1_356' title='bbox 2862 1969 3012 2031; x_wconf 77' lang='grc' dir='ltr'>ὄντος</span> <span class='ocrx_word' id='word_1_357' title='bbox 3035 1968 3245 2037; x_wconf 81' lang='grc' dir='ltr'>Κυρίου</span> <span class='ocrx_word' id='word_1_358' title='bbox 3273 1969 3366 2020; x_wconf 72' lang='grc' dir='ltr'><strong>καὶ</strong></span> <span class='ocrx_word' id='word_1_359' title='bbox 3398 1966 3548 2031; x_wconf 82' lang='grc' dir='ltr'>Υἱοῦ,</span> <span class='ocrx_word' id='word_1_360' title='bbox 3576 1967 3791 2037; x_wconf 68' lang='grc' dir='ltr'>ἀχώριο</span> 
     </span>
    </p>
   </div>
   <div class='ocr_carea' id='block_1_50' title="bbox 2199 2061 3791 2134">
    <p class='ocr_par' dir='ltr' id='par_1_50' title="bbox 2199 2061 3791 2134">
     <span class='ocr_line' id='line_1_50' title="bbox 2199 2061 3791 2134; baseline -0.003 -18"><span class='ocrx_word' id='word_1_361' title='bbox 2199 2081 2323 2118; x_wconf 88' lang='grc' dir='ltr'>στον</span> <span class='ocrx_word' id='word_1_362' title='bbox 2374 2064 2511 2134; x_wconf 72' lang='grc' dir='ltr'>ἔχων</span> <span class='ocrx_word' id='word_1_363' title='bbox 2542 2063 2640 2133; x_wconf 83' lang='grc' dir='ltr'>τὴν</span> <span class='ocrx_word' id='word_1_364' title='bbox 2676 2063 2810 2131; x_wconf 86' lang='grc' dir='ltr'>πρὸς</span> <span class='ocrx_word' id='word_1_365' title='bbox 2857 2061 3022 2114; x_wconf 86' lang='grc' dir='ltr'>αὑτὸν</span> <span class='ocrx_word' id='word_1_366' title='bbox 3055 2061 3353 2128; x_wconf 65' lang='grc' dir='ltr'>συνάφεια-δ</span> <span class='ocrx_word' id='word_1_367' title='bbox 3385 2062 3413 2113; x_wconf 86' lang='grc' dir='ltr'>ὁ</span> <span class='ocrx_word' id='word_1_368' title='bbox 3453 2061 3552 2130; x_wconf 81' lang='grc' dir='ltr'>τῆς</span> <span class='ocrx_word' id='word_1_369' title='bbox 3579 2061 3791 2129; x_wconf 75' lang='grc' dir='ltr'>ἡμετέ-</span> 
     </span>
    </p>
   </div>
   <div class='ocr_carea' id='block_1_51' title="bbox 2203 2153 3790 2226">
    <p class='ocr_par' dir='ltr' id='par_1_51' title="bbox 2203 2153 3790 2226">
     <span class='ocr_line' id='line_1_51' title="bbox 2203 2153 3790 2226; baseline -0.003 -17"><span class='ocrx_word' id='word_1_370' title='bbox 2203 2174 2300 2226; x_wconf 87' lang='grc' dir='ltr'><strong>ρας</strong></span> <span class='ocrx_word' id='word_1_371' title='bbox 2336 2156 2610 2226; x_wconf 83' lang='grc' dir='ltr'>σωτηρίας</span> <span class='ocrx_word' id='word_1_372' title='bbox 2635 2153 2863 2224; x_wconf 72' lang='grc' dir='ltr'>ληφθεὶς</span> <span class='ocrx_word' id='word_1_373' title='bbox 2898 2153 3105 2214; x_wconf 73' lang='grc' dir='ltr'>ἕνεκεν,</span> <span class='ocrx_word' id='word_1_374' title='bbox 3153 2153 3583 2222; x_wconf 68' lang='grc' dir='ltr'>συναναφέρεται</span> <span class='ocrx_word' id='word_1_375' title='bbox 3615 2155 3680 2222; x_wconf 79' lang='grc' dir='ltr'>τῇ</span> <span class='ocrx_word' id='word_1_376' title='bbox 3726 2167 3790 2204; x_wconf 83' lang='grc' dir='ltr'><strong>τε</strong></span> 
     </span>
    </p>
   </div>
   <div class='ocr_carea' id='block_1_52' title="bbox 2197 2242 3618 2316">
    <p class='ocr_par' dir='ltr' id='par_1_52' title="bbox 2197 2242 3618 2316">
     <span class='ocr_line' id='line_1_52' title="bbox 2197 2242 3618 2316; baseline -0.003 -15"><span class='ocrx_word' id='word_1_377' title='bbox 2197 2245 2461 2316; x_wconf 69' lang='grc' dir='ltr'>ὀνομασίᾳ</span> <span class='ocrx_word' id='word_1_378' title='bbox 2494 2246 2586 2298; x_wconf 69' lang='grc' dir='ltr'>καὶ</span> <span class='ocrx_word' id='word_1_379' title='bbox 2614 2247 2677 2315; x_wconf 86' lang='grc' dir='ltr'>τῆ</span> <span class='ocrx_word' id='word_1_380' title='bbox 2704 2247 2835 2314; x_wconf 81' lang='grc' dir='ltr'>τιμῇ</span> <span class='ocrx_word' id='word_1_381' title='bbox 2859 2243 2950 2297; x_wconf 84' lang='grc' dir='ltr'><strong>τοῦ</strong></span> <span class='ocrx_word' id='word_1_382' title='bbox 2988 2243 3116 2295; x_wconf 83' lang='grc' dir='ltr'>Υίοῦ</span> <span class='ocrx_word' id='word_1_383' title='bbox 3148 2243 3243 2296; x_wconf 70' lang='grc' dir='ltr'>καὶ</span> <span class='ocrx_word' id='word_1_384' title='bbox 3263 2242 3355 2295; x_wconf 82' lang='grc' dir='ltr'><strong>τοῦ</strong></span> <span class='ocrx_word' id='word_1_385' title='bbox 3391 2243 3618 2314; x_wconf 83' lang='grc' dir='ltr'>Κυρίου.</span> 
     </span>
    </p>
   </div>
   <div class='ocr_carea' id='block_1_53' title="bbox 2272 2418 3790 2490">
    <p class='ocr_par' dir='ltr' id='par_1_53' title="bbox 2272 2418 3790 2490">
     <span class='ocr_line' id='line_1_53' title="bbox 2272 2418 3790 2490; baseline -0.003 -15"><span class='ocrx_word' id='word_1_386' title='bbox 2272 2425 2335 2475; x_wconf 73' lang='grc' dir='ltr'><strong>Α.</strong></span> <span class='ocrx_word' id='word_1_387' title='bbox 2379 2421 2552 2474; x_wconf 69' lang='grc' dir='ltr'>Βαὸαὶ</span> <span class='ocrx_word' id='word_1_388' title='bbox 2588 2423 2686 2490; x_wconf 80' lang='grc' dir='ltr'>τῆς</span> <span class='ocrx_word' id='word_1_389' title='bbox 2737 2421 3027 2482; x_wconf 77' lang='grc' dir='ltr'>ἀσυνεσίας</span> <span class='ocrx_word' id='word_1_390' title='bbox 3076 2418 3168 2471; x_wconf 76' lang='grc' dir='ltr'><strong>καὶ</strong></span> <span class='ocrx_word' id='word_1_391' title='bbox 3219 2418 3535 2488; x_wconf 78' lang='grc' dir='ltr'>ἐμπλήκτου</span> <span class='ocrx_word' id='word_1_392' title='bbox 3585 2419 3790 2489; x_wconf 82' lang='grc' dir='ltr'>φρενὸς</span> 
     </span>
    </p>
   </div>
   <div class='ocr_carea' id='block_1_54' title="bbox 2201 2507 3786 2580">
    <p class='ocr_par' dir='ltr' id='par_1_54' title="bbox 2201 2507 3786 2580">
     <span class='ocr_line' id='line_1_54' title="bbox 2201 2507 3786 2580; baseline -0.003 -12"><span class='ocrx_word' id='word_1_393' title='bbox 2201 2514 2308 2568; x_wconf 80' lang='grc' dir='ltr'><strong>τῶν</strong></span> <span class='ocrx_word' id='word_1_394' title='bbox 2352 2508 2454 2567; x_wconf 84' lang='grc' dir='ltr'>ὧδε</span> <span class='ocrx_word' id='word_1_395' title='bbox 2499 2512 2652 2566; x_wconf 74' lang='grc' dir='ltr'>ταῦτ’</span> <span class='ocrx_word' id='word_1_396' title='bbox 2695 2512 2839 2580; x_wconf 73' lang='grc' dir='ltr'>ἔχειν</span> <span class='ocrx_word' id='word_1_397' title='bbox 2882 2511 2982 2564; x_wconf 86' lang='grc' dir='ltr'><strong>οὐκ</strong></span> <span class='ocrx_word' id='word_1_398' title='bbox 3031 2507 3126 2565; x_wconf 75' lang='grc' dir='ltr'>οἷδ’</span> <span class='ocrx_word' id='word_1_399' title='bbox 3168 2513 3315 2574; x_wconf 81' lang='grc' dir='ltr'>ὅπως</span> <span class='ocrx_word' id='word_1_400' title='bbox 3365 2510 3786 2580; x_wconf 74' lang='grc' dir='ltr'>ὑπειληφότωνῑ</span> 
     </span>
    </p>
   </div>
   <div class='ocr_carea' id='block_1_55' title="bbox 2201 2602 3794 2674">
    <p class='ocr_par' dir='ltr' id='par_1_55' title="bbox 2201 2602 3794 2674">
     <span class='ocr_line' id='line_1_55' title="bbox 2201 2602 3794 2674; baseline -0.004 -15"><span class='ocrx_word' id='word_1_401' title='bbox 2201 2606 2428 2659; x_wconf 81' lang='grc' dir='ltr'>ἀπιστία</span> <span class='ocrx_word' id='word_1_402' title='bbox 2453 2604 2562 2674; x_wconf 79' lang='grc' dir='ltr'><strong>γὰρ</strong></span> <span class='ocrx_word' id='word_1_403' title='bbox 2589 2603 2648 2656; x_wconf 87' lang='grc' dir='ltr'><strong>τὸ</strong></span> <span class='ocrx_word' id='word_1_404' title='bbox 2676 2603 2886 2674; x_wconf 85' lang='grc' dir='ltr'>χρῆμα,</span> <span class='ocrx_word' id='word_1_405' title='bbox 2919 2603 3014 2656; x_wconf 72' lang='grc' dir='ltr'><strong>καὶ</strong></span> <span class='ocrx_word' id='word_1_406' title='bbox 3054 2603 3238 2674; x_wconf 80' lang='grc' dir='ltr'>ἕτερον</span> <span class='ocrx_word' id='word_1_407' title='bbox 3264 2602 3438 2666; x_wconf 78' lang='grc' dir='ltr'>οὐδὲν,</span> <span class='ocrx_word' id='word_1_408' title='bbox 3471 2602 3564 2655; x_wconf 74' lang='grc' dir='ltr'>καὶ</span> <span class='ocrx_word' id='word_1_409' title='bbox 3589 2603 3794 2654; x_wconf 79' lang='grc' dir='ltr'>δυσσε-</span> 
     </span>
    </p>
   </div>
   <div class='ocr_carea' id='block_1_56' title="bbox 2201 2691 3792 2766">
    <p class='ocr_par' dir='ltr' id='par_1_56' title="bbox 2201 2691 3792 2766">
     <span class='ocr_line' id='line_1_56' title="bbox 2201 2691 3792 2766; baseline -0.004 -18"><span class='ocrx_word' id='word_1_410' title='bbox 2201 2696 2311 2749; x_wconf 81' lang='grc' dir='ltr'><strong>ϐὦν</strong></span> <span class='ocrx_word' id='word_1_411' title='bbox 2347 2695 2666 2766; x_wconf 83' lang='grc' dir='ltr'>εὑρεμάτων</span> <span class='ocrx_word' id='word_1_412' title='bbox 2695 2693 2974 2762; x_wconf 85' lang='grc' dir='ltr'>καινότης,</span> <span class='ocrx_word' id='word_1_413' title='bbox 3019 2693 3114 2745; x_wconf 77' lang='grc' dir='ltr'><strong>καὶ</strong></span> <span class='ocrx_word' id='word_1_414' title='bbox 3151 2691 3432 2762; x_wconf 80' lang='grc' dir='ltr'>ἀνατροπὴ</span> <span class='ocrx_word' id='word_1_415' title='bbox 3470 2692 3579 2744; x_wconf 81' lang='grc' dir='ltr'><strong>τῶν</strong></span> <span class='ocrx_word' id='word_1_416' title='bbox 3626 2691 3792 2743; x_wconf 82' lang='grc' dir='ltr'>θείων</span> 
     </span>
    </p>
   </div>
   <div class='ocr_carea' id='block_1_57' title="bbox 2200 2781 3794 2856">
    <p class='ocr_par' dir='ltr' id='par_1_57' title="bbox 2200 2781 3794 2856">
     <span class='ocr_line' id='line_1_57' title="bbox 2200 2781 3794 2856; baseline -0.004 -16"><span class='ocrx_word' id='word_1_417' title='bbox 2200 2805 2260 2840; x_wconf 89' lang='grc' dir='ltr'><strong>τε</strong></span> <span class='ocrx_word' id='word_1_418' title='bbox 2303 2788 2398 2840; x_wconf 71' lang='grc' dir='ltr'>καὶ</span> <span class='ocrx_word' id='word_1_419' title='bbox 2445 2785 2604 2854; x_wconf 82' lang='grc' dir='ltr'>ἱερῶν</span> <span class='ocrx_word' id='word_1_420' title='bbox 2633 2785 3023 2856; x_wconf 78' lang='grc' dir='ltr'>κηρυγμάτων,</span> <span class='ocrx_word' id='word_1_421' title='bbox 3055 2783 3150 2836; x_wconf 76' lang='grc' dir='ltr'><strong>ἕνα</strong></span> <span class='ocrx_word' id='word_1_422' title='bbox 3179 2783 3382 2853; x_wconf 86' lang='grc' dir='ltr'>Κύριον</span> <span class='ocrx_word' id='word_1_423' title='bbox 3425 2781 3634 2852; x_wconf 82' lang='grc' dir='ltr'>Ἰησοῦν</span> <span class='ocrx_word' id='word_1_424' title='bbox 3661 2784 3794 2852; x_wconf 84' lang='grc' dir='ltr'>Χρι-</span> 
     </span>
    </p>
   </div>
   <div class='ocr_carea' id='block_1_58' title="bbox 2204 2874 3791 2945">
    <p class='ocr_par' dir='ltr' id='par_1_58' title="bbox 2204 2874 3791 2945">
     <span class='ocr_line' id='line_1_58' title="bbox 2204 2874 3791 2945; baseline -0.003 -15"><span class='ocrx_word' id='word_1_425' title='bbox 2204 2878 2348 2944; x_wconf 88' lang='grc' dir='ltr'>στὸν,</span> <span class='ocrx_word' id='word_1_426' title='bbox 2381 2878 2473 2930; x_wconf 87' lang='grc' dir='ltr'><strong>τὸν</strong></span> <span class='ocrx_word' id='word_1_427' title='bbox 2502 2877 2630 2932; x_wconf 79' lang='grc' dir='ltr'>Υίὸν</span> <span class='ocrx_word' id='word_1_428' title='bbox 2657 2875 2750 2928; x_wconf 87' lang='grc' dir='ltr'><strong>τοῦ</strong></span> <span class='ocrx_word' id='word_1_429' title='bbox 2785 2874 2920 2927; x_wconf 84' lang='grc' dir='ltr'>Θεοῦ</span> <span class='ocrx_word' id='word_1_430' title='bbox 2953 2875 3416 2945; x_wconf 81' lang='grc' dir='ltr'>διακεκραγότων,</span> <span class='ocrx_word' id='word_1_431' title='bbox 3452 2874 3542 2927; x_wconf 88' lang='grc' dir='ltr'><strong>τὸν</strong></span> <span class='ocrx_word' id='word_1_432' title='bbox 3566 2875 3632 2927; x_wconf 81' lang='grc' dir='ltr'>ὲκ</span> <span class='ocrx_word' id='word_1_433' title='bbox 3651 2874 3791 2927; x_wconf 84' lang='grc' dir='ltr'>Θεοῦ</span> 
     </span>
    </p>
   </div>
   <div class='ocr_carea' id='block_1_59' title="bbox 2203 2965 3790 3038">
    <p class='ocr_par' dir='ltr' id='par_1_59' title="bbox 2203 2965 3790 3038">
     <span class='ocr_line' id='line_1_59' title="bbox 2203 2965 3790 3038; baseline -0.004 -16"><span class='ocrx_word' id='word_1_434' title='bbox 2203 2969 2416 3038; x_wconf 86' lang='grc' dir='ltr'>Πατρὸς</span> <span class='ocrx_word' id='word_1_435' title='bbox 2447 2968 2688 3038; x_wconf 81' lang='grc' dir='ltr'>δηλονότι</span> <span class='ocrx_word' id='word_1_436' title='bbox 2727 2967 2895 3034; x_wconf 85' lang='grc' dir='ltr'>Λόγον</span> <span class='ocrx_word' id='word_1_437' title='bbox 2933 2965 3432 3036; x_wconf 78' lang='grc' dir='ltr'>ἐνανθρωπήσαντα</span> <span class='ocrx_word' id='word_1_438' title='bbox 3461 2966 3554 3018; x_wconf 70' lang='grc' dir='ltr'><strong>καὶ</strong></span> <span class='ocrx_word' id='word_1_439' title='bbox 3588 2982 3790 3035; x_wconf 85' lang='grc' dir='ltr'>σεσαρ-</span> 
     </span>
    </p>
   </div>
   <div class='ocr_carea' id='block_1_60' title="bbox 2203 3056 3794 3130">
    <p class='ocr_par' dir='ltr' id='par_1_60' title="bbox 2203 3056 3794 3130">
     <span class='ocr_line' id='line_1_60' title="bbox 2203 3056 3794 3130; baseline -0.003 -17"><span class='ocrx_word' id='word_1_440' title='bbox 2203 3061 2472 3130; x_wconf 82' lang='grc' dir='ltr'>κωμὲνον,</span> <span class='ocrx_word' id='word_1_441' title='bbox 2516 3058 2655 3110; x_wconf 77' lang='grc' dir='ltr'>ὣστε</span> <span class='ocrx_word' id='word_1_442' title='bbox 2702 3057 2838 3110; x_wconf 79' lang='grc' dir='ltr'>εἶναι</span> <span class='ocrx_word' id='word_1_443' title='bbox 2868 3057 2959 3108; x_wconf 85' lang='grc' dir='ltr'><strong>τὸν</strong></span> <span class='ocrx_word' id='word_1_444' title='bbox 2990 3057 3171 3119; x_wconf 89' lang='grc' dir='ltr'>αὑτὸν,</span> <span class='ocrx_word' id='word_1_445' title='bbox 3211 3056 3343 3108; x_wconf 85' lang='grc' dir='ltr'>Θεὸν</span> <span class='ocrx_word' id='word_1_446' title='bbox 3372 3056 3508 3126; x_wconf 88' lang='grc' dir='ltr'>ὁμοῦ</span> <span class='ocrx_word' id='word_1_447' title='bbox 3556 3056 3654 3109; x_wconf 73' lang='grc' dir='ltr'>καὶ</span> <span class='ocrx_word' id='word_1_448' title='bbox 3697 3057 3794 3110; x_wconf 77' lang='grc' dir='ltr'><strong>ἄν·</strong></span> 
     </span>
    </p>
   </div>
   <div class='ocr_carea' id='block_1_61' title="bbox 507 3147 2099 3242">
    <p class='ocr_par' dir='ltr' id='par_1_61' title="bbox 507 3147 2099 3223">
     <span class='ocr_line' id='line_1_61' title="bbox 507 3147 2099 3223; baseline 0.007 -21"><span class='ocrx_word' id='word_1_449' title='bbox 507 3147 709 3214; x_wconf 88' lang='lat' dir='ltr'><strong>divina,</strong></span> <span class='ocrx_word' id='word_1_450' title='bbox 735 3163 800 3203; x_wconf 88' lang='lat' dir='ltr'><strong>ac</strong></span> <span class='ocrx_word' id='word_1_451' title='bbox 835 3162 1094 3218; x_wconf 81' lang='lat' dir='ltr'><strong>praeterea</strong></span> <span class='ocrx_word' id='word_1_452' title='bbox 1131 3151 1388 3206; x_wconf 87' lang='lat' dir='ltr'><strong>humana.</strong></span> <span class='ocrx_word' id='word_1_453' title='bbox 1425 3152 1523 3208; x_wconf 90' lang='lat' dir='ltr'><strong>llic</strong></span> <span class='ocrx_word' id='word_1_454' title='bbox 1559 3155 1702 3209; x_wconf 87' lang='lat' dir='ltr'><strong>enim</strong></span> <span class='ocrx_word' id='word_1_455' title='bbox 1728 3171 1852 3210; x_wconf 90' lang='lat' dir='ltr'><strong>cum</strong></span> <span class='ocrx_word' id='word_1_456' title='bbox 1883 3173 2099 3223; x_wconf 79' lang='lat' dir='ltr'><strong>semper</strong></span> 
     </span>
    </p>
   </div>
   <div class='ocr_carea' id='block_1_62' title="bbox 2204 3147 3794 3242">
    <p class='ocr_par' dir='ltr' id='par_1_62' title="bbox 2205 3151 3794 3225">
     <span class='ocr_line' id='line_1_62' title="bbox 2205 3151 3794 3225; baseline -0.003 -16"><span class='ocrx_word' id='word_1_457' title='bbox 2205 3156 2441 3225; x_wconf 89' lang='grc' dir='ltr'>θρωπον,</span> <span class='ocrx_word' id='word_1_458' title='bbox 2469 3156 2562 3208; x_wconf 74' lang='grc' dir='ltr'><strong>καὶ</strong></span> <span class='ocrx_word' id='word_1_459' title='bbox 2587 3157 2704 3216; x_wconf 80' lang='grc' dir='ltr'>ἑνὸς</span> <span class='ocrx_word' id='word_1_460' title='bbox 2724 3154 2792 3206; x_wconf 76' lang='grc' dir='ltr'>τὰ</span> <span class='ocrx_word' id='word_1_461' title='bbox 2821 3153 3000 3207; x_wconf 89' lang='grc' dir='ltr'>πάντα</span> <span class='ocrx_word' id='word_1_462' title='bbox 3021 3153 3090 3206; x_wconf 81' lang='grc' dir='ltr'>τὰ</span> <span class='ocrx_word' id='word_1_463' title='bbox 3118 3152 3418 3222; x_wconf 80' lang='grc' dir='ltr'>θεοπρεπῆ,</span> <span class='ocrx_word' id='word_1_464' title='bbox 3442 3152 3534 3204; x_wconf 77' lang='grc' dir='ltr'><strong>καὶ</strong></span> <span class='ocrx_word' id='word_1_465' title='bbox 3565 3151 3794 3222; x_wconf 78' lang='grc' dir='ltr'>προσέτι</span> 
     </span>
    </p>
   </div>
   <div class='ocr_carea' id='block_1_63' title="bbox 505 3242 2096 3311">
    <p class='ocr_par' dir='ltr' id='par_1_63' title="bbox 505 3242 2096 3311">
     <span class='ocr_line' id='line_1_63' title="bbox 505 3242 2096 3311; baseline 0.007 -17"><span class='ocrx_word' id='word_1_466' title='bbox 505 3242 736 3297; x_wconf 76' lang='lat' dir='ltr'><strong>exsistat</strong></span> <span class='ocrx_word' id='word_1_467' title='bbox 778 3251 1047 3311; x_wconf 88' lang='lat' dir='ltr'><strong>quatenus</strong></span> <span class='ocrx_word' id='word_1_468' title='bbox 1082 3253 1166 3297; x_wconf 90' lang='lat' dir='ltr'><strong>est</strong></span> <span class='ocrx_word' id='word_1_469' title='bbox 1205 3243 1368 3307; x_wconf 90' lang='lat' dir='ltr'><strong>Deus,</strong></span> <span class='ocrx_word' id='word_1_470' title='bbox 1419 3247 1754 3301; x_wconf 81' lang='lat' dir='ltr'><strong>nativitatem</strong></span> <span class='ocrx_word' id='word_1_471' title='bbox 1799 3253 2096 3305; x_wconf 76' lang='lat' dir='ltr'><strong>secundum</strong></span> 
     </span>
    </p>
   </div>
   <div class='ocr_carea' id='block_1_64' title="bbox 506 3334 2099 3410">
    <p class='ocr_par' dir='ltr' id='par_1_64' title="bbox 506 3334 2099 3410">
     <span class='ocr_line' id='line_1_64' title="bbox 506 3334 2099 3410; baseline 0.009 -27"><span class='ocrx_word' id='word_1_472' title='bbox 506 3346 726 3386; x_wconf 73' lang='lat' dir='ltr'><strong>carnem</strong></span> <span class='ocrx_word' id='word_1_473' title='bbox 761 3349 825 3387; x_wconf 80' lang='lat' dir='ltr'><strong>ex</strong></span> <span class='ocrx_word' id='word_1_474' title='bbox 855 3334 1078 3388; x_wconf 90' lang='lat' dir='ltr'><strong>muliere</strong></span> <span class='ocrx_word' id='word_1_475' title='bbox 1107 3337 1293 3390; x_wconf 85' lang='lat' dir='ltr'><strong>subiit.</strong></span> <span class='ocrx_word' id='word_1_476' title='bbox 1332 3337 1502 3392; x_wconf 85' lang='lat' dir='ltr'><strong>Unius</strong></span> <span class='ocrx_word' id='word_1_477' title='bbox 1535 3338 1718 3408; x_wconf 88' lang='lat' dir='ltr'><strong>itaque</strong></span> <span class='ocrx_word' id='word_1_478' title='bbox 1763 3351 1924 3410; x_wconf 84' lang='lat' dir='ltr'><strong>atque</strong></span> <span class='ocrx_word' id='word_1_479' title='bbox 1958 3341 2099 3409; x_wconf 80' lang='lat' dir='ltr'><strong>ejus-</strong></span> 
     </span>
    </p>
   </div>
   <div class='ocr_carea' id='block_1_65' title="bbox 505 3425 2099 3499">
    <p class='ocr_par' dir='ltr' id='par_1_65' title="bbox 505 3425 2099 3499">
     <span class='ocr_line' id='line_1_65' title="bbox 505 3425 2099 3499; baseline 0.006 -21"><span class='ocrx_word' id='word_1_480' title='bbox 505 3425 626 3479; x_wconf 84' lang='lat' dir='ltr'><strong>dem</strong></span> <span class='ocrx_word' id='word_1_481' title='bbox 665 3434 767 3489; x_wconf 89' lang='lat' dir='ltr'><strong>est,</strong></span> <span class='ocrx_word' id='word_1_482' title='bbox 813 3436 868 3481; x_wconf 92' lang='lat' dir='ltr'><strong>et</strong></span> <span class='ocrx_word' id='word_1_483' title='bbox 903 3427 970 3481; x_wconf 89' lang='lat' dir='ltr'><strong>ab</strong></span> <span class='ocrx_word' id='word_1_484' title='bbox 1011 3438 1216 3481; x_wconf 64' lang='lat' dir='ltr'><strong>interno</strong></span> <span class='ocrx_word' id='word_1_485' title='bbox 1251 3444 1372 3483; x_wconf 80' lang='lat' dir='ltr'><strong>esse</strong></span> <span class='ocrx_word' id='word_1_486' title='bbox 1408 3441 1571 3499; x_wconf 85' lang='lat' dir='ltr'><strong>atque</strong></span> <span class='ocrx_word' id='word_1_487' title='bbox 1603 3433 1919 3498; x_wconf 85' lang='lat' dir='ltr'><strong>subsistere,</strong></span> <span class='ocrx_word' id='word_1_488' title='bbox 1951 3445 2004 3487; x_wconf 88' lang='lat' dir='ltr'><strong>et</strong></span> <span class='ocrx_word' id='word_1_489' title='bbox 2047 3436 2099 3488; x_wconf 90' lang='lat' dir='ltr'><strong>in</strong></span> 
     </span>
    </p>
   </div>
   <div class='ocr_carea' id='block_1_66' title="bbox 507 3517 2092 3586">
    <p class='ocr_par' dir='ltr' id='par_1_66' title="bbox 507 3517 2092 3586">
     <span class='ocr_line' id='line_1_66' title="bbox 507 3517 2092 3586; baseline 0.007 -20"><span class='ocrx_word' id='word_1_490' title='bbox 507 3517 710 3570; x_wconf 85' lang='lat' dir='ltr'><strong>ultimis</strong></span> <span class='ocrx_word' id='word_1_491' title='bbox 748 3518 1082 3586; x_wconf 82' lang='lat' dir='ltr'><strong>temporibus</strong></span> <span class='ocrx_word' id='word_1_492' title='bbox 1125 3519 1422 3573; x_wconf 89' lang='lat' dir='ltr'><strong>secundum</strong></span> <span class='ocrx_word' id='word_1_493' title='bbox 1453 3536 1671 3576; x_wconf 83' lang='lat' dir='ltr'><strong>carnem</strong></span> <span class='ocrx_word' id='word_1_494' title='bbox 1719 3532 1904 3575; x_wconf 85' lang='lat' dir='ltr'><strong>uatum</strong></span> <span class='ocrx_word' id='word_1_495' title='bbox 1951 3538 2092 3577; x_wconf 76' lang='lat' dir='ltr'><strong>esse.</strong></span> 
     </span>
    </p>
   </div>
   <div class='ocr_carea' id='block_1_67' title="bbox 507 3607 2102 3683">
    <p class='ocr_par' dir='ltr' id='par_1_67' title="bbox 507 3607 2102 3683">
     <span class='ocr_line' id='line_1_67' title="bbox 507 3607 2102 3683; baseline 0.008 -26"><span class='ocrx_word' id='word_1_496' title='bbox 507 3607 608 3672; x_wconf 78' lang='lat' dir='ltr'><strong>Qui</strong></span> <span class='ocrx_word' id='word_1_497' title='bbox 658 3623 779 3661; x_wconf 77' lang='lat' dir='ltr'><strong>cum</strong></span> <span class='ocrx_word' id='word_1_498' title='bbox 834 3610 906 3662; x_wconf 87' lang='lat' dir='ltr'><strong>sit</strong></span> <span class='ocrx_word' id='word_1_499' title='bbox 952 3621 1175 3664; x_wconf 82' lang='lat' dir='ltr'><strong>sanctus</strong></span> <span class='ocrx_word' id='word_1_500' title='bbox 1223 3612 1522 3665; x_wconf 87' lang='lat' dir='ltr'><strong>secundum</strong></span> <span class='ocrx_word' id='word_1_501' title='bbox 1575 3622 1865 3674; x_wconf 82' lang='lat' dir='ltr'><strong>naturam,</strong></span> <span class='ocrx_word' id='word_1_502' title='bbox 1917 3625 2102 3683; x_wconf 83' lang='lat' dir='ltr'><strong>utpote</strong></span> 
     </span>
    </p>
   </div>
   <div class='ocr_carea' id='block_1_68' title="bbox 510 3697 2100 3775">
    <p class='ocr_par' dir='ltr' id='par_1_68' title="bbox 510 3697 2100 3775">
     <span class='ocr_line' id='line_1_68' title="bbox 510 3697 2100 3775; baseline 0.007 -26"><span class='ocrx_word' id='word_1_503' title='bbox 510 3697 668 3763; x_wconf 86' lang='lat' dir='ltr'><strong>Deus,</strong></span> <span class='ocrx_word' id='word_1_504' title='bbox 706 3700 1080 3755; x_wconf 79' lang='lat' dir='ltr'><strong>sanctificatus</strong></span> <span class='ocrx_word' id='word_1_505' title='bbox 1103 3713 1184 3758; x_wconf 81' lang='lat' dir='ltr'><strong>est</strong></span> <span class='ocrx_word' id='word_1_506' title='bbox 1212 3704 1526 3766; x_wconf 84' lang='lat' dir='ltr'><strong>nobiscum,</strong></span> <span class='ocrx_word' id='word_1_507' title='bbox 1555 3713 1828 3772; x_wconf 88' lang='lat' dir='ltr'><strong>quatenus</strong></span> <span class='ocrx_word' id='word_1_508' title='bbox 1852 3708 2100 3775; x_wconf 81' lang='lat' dir='ltr'><strong>apparuit</strong></span> 
     </span>
    </p>
   </div>
   <div class='ocr_carea' id='block_1_69' title="bbox 507 3789 2103 3869">
    <p class='ocr_par' dir='ltr' id='par_1_69' title="bbox 507 3789 2103 3869">
     <span class='ocr_line' id='line_1_69' title="bbox 507 3789 2103 3869; baseline 0.006 -26"><span class='ocrx_word' id='word_1_509' title='bbox 507 3789 689 3855; x_wconf 84' lang='lat' dir='ltr'><strong>homo,</strong></span> <span class='ocrx_word' id='word_1_510' title='bbox 723 3791 807 3844; x_wconf 90' lang='lat' dir='ltr'><strong>cui</strong></span> <span class='ocrx_word' id='word_1_511' title='bbox 837 3795 1056 3860; x_wconf 83' lang='lat' dir='ltr'><strong>preprie</strong></span> <span class='ocrx_word' id='word_1_512' title='bbox 1091 3796 1352 3848; x_wconf 84' lang='lat' dir='ltr'><strong>convenit</strong></span> <span class='ocrx_word' id='word_1_513' title='bbox 1395 3796 1748 3850; x_wconf 74' lang='lat' dir='ltr'><strong>sanctiﬁcat&#39;i.</strong></span> <span class='ocrx_word' id='word_1_514' title='bbox 1776 3798 2018 3869; x_wconf 87' lang='lat' dir='ltr'><strong>Cumque</strong></span> <span class='ocrx_word' id='word_1_515' title='bbox 2047 3813 2103 3854; x_wconf 91' lang='lat' dir='ltr'><strong>ut</strong></span> 
     </span>
    </p>
   </div>
   <div class='ocr_carea' id='block_1_70' title="bbox 507 3881 2098 3954">
    <p class='ocr_par' dir='ltr' id='par_1_70' title="bbox 507 3881 2098 3954">
     <span class='ocr_line' id='line_1_70' title="bbox 507 3881 2098 3954; baseline 0.008 -21"><span class='ocrx_word' id='word_1_516' title='bbox 507 3892 704 3933; x_wconf 86' lang='lat' dir='ltr'><strong>natura</strong></span> <span class='ocrx_word' id='word_1_517' title='bbox 742 3881 1003 3936; x_wconf 85' lang='lat' dir='ltr'><strong>Dominus</strong></span> <span class='ocrx_word' id='word_1_518' title='bbox 1032 3901 1244 3937; x_wconf 80' lang='lat' dir='ltr'><strong>summa</strong></span> <span class='ocrx_word' id='word_1_519' title='bbox 1273 3886 1537 3954; x_wconf 79' lang='lat' dir='ltr'><strong>dignitate</strong></span> <span class='ocrx_word' id='word_1_520' title='bbox 1566 3889 1878 3953; x_wconf 77' lang='lat' dir='ltr'><strong>excelleret,</strong></span> <span class='ocrx_word' id='word_1_521' title='bbox 1915 3892 2098 3945; x_wconf 81' lang='lat' dir='ltr'><strong>servili</strong></span> 
     </span>
    </p>
   </div>
   <div class='ocr_carea' id='block_1_71' title="bbox 508 3972 2098 4047">
    <p class='ocr_par' dir='ltr' id='par_1_71' title="bbox 508 3972 2098 4047">
     <span class='ocr_line' id='line_1_71' title="bbox 508 3972 2098 4047; baseline 0.008 -23"><span class='ocrx_word' id='word_1_522' title='bbox 508 3972 682 4025; x_wconf 78' lang='lat' dir='ltr'><strong>forma</strong></span> <span class='ocrx_word' id='word_1_523' title='bbox 730 3983 788 4028; x_wconf 87' lang='grc' dir='ltr'><strong>ιιι</strong></span> <span class='ocrx_word' id='word_1_524' title='bbox 839 3976 1057 4043; x_wconf 86' lang='lat' dir='ltr'><strong>prOpria</strong></span> <span class='ocrx_word' id='word_1_525' title='bbox 1109 3991 1410 4047; x_wconf 80' lang='lat' dir='ltr'><strong>assumpta,</strong></span> <span class='ocrx_word' id='word_1_526' title='bbox 1454 3979 1666 4035; x_wconf 82' lang='lat' dir='ltr'><strong>Patrem</strong></span> <span class='ocrx_word' id='word_1_527' title='bbox 1723 3998 1875 4036; x_wconf 87' lang='lat' dir='ltr'><strong>suum</strong></span> <span class='ocrx_word' id='word_1_528' title='bbox 1931 3983 2098 4037; x_wconf 83' lang='lat' dir='ltr'><strong>Deum</strong></span> 
     </span>
    </p>
   </div>
   <div class='ocr_carea' id='block_1_72' title="bbox 507 4067 2097 4144">
    <p class='ocr_par' dir='ltr' id='par_1_72' title="bbox 507 4067 2097 4144">
     <span class='ocr_line' id='line_1_72' title="bbox 507 4067 2097 4144; baseline 0.009 -27"><span class='ocrx_word' id='word_1_529' title='bbox 507 4067 740 4130; x_wconf 82' lang='lat' dir='ltr'><strong>vocavit,</strong></span> <span class='ocrx_word' id='word_1_530' title='bbox 765 4077 819 4121; x_wconf 90' lang='lat' dir='ltr'><strong>et</strong></span> <span class='ocrx_word' id='word_1_531' title='bbox 851 4084 975 4122; x_wconf 90' lang='lat' dir='ltr'><strong>cum</strong></span> <span class='ocrx_word' id='word_1_532' title='bbox 1007 4068 1123 4138; x_wconf 86' lang='lat' dir='ltr'><strong>ipse</strong></span> <span class='ocrx_word' id='word_1_533' title='bbox 1163 4073 1234 4124; x_wconf 88' lang='lat' dir='ltr'><strong>sit</strong></span> <span class='ocrx_word' id='word_1_534' title='bbox 1275 4072 1384 4124; x_wconf 71' lang='lat' dir='ltr'><strong>vita</strong></span> <span class='ocrx_word' id='word_1_535' title='bbox 1430 4082 1483 4128; x_wconf 82' lang='lat' dir='ltr'><strong>et</strong></span> <span class='ocrx_word' id='word_1_536' title='bbox 1517 4073 1818 4139; x_wconf 86' lang='lat' dir='ltr'><strong>viviticans,</strong></span> <span class='ocrx_word' id='word_1_537' title='bbox 1847 4085 1900 4129; x_wconf 93' lang='lat' dir='ltr'><strong>ut</strong></span> <span class='ocrx_word' id='word_1_538' title='bbox 1939 4075 2097 4144; x_wconf 80' lang='lat' dir='ltr'><strong>Deus,</strong></span> 
     </span>
    </p>
   </div>
   <div class='ocr_carea' id='block_1_73' title="bbox 507 4161 2099 4236">
    <p class='ocr_par' dir='ltr' id='par_1_73' title="bbox 507 4161 2099 4236">
     <span class='ocr_line' id='line_1_73' title="bbox 507 4161 2099 4236; baseline 0.008 -26"><span class='ocrx_word' id='word_1_539' title='bbox 507 4161 811 4213; x_wconf 84' lang='lat' dir='ltr'><strong>vivilicatus</strong></span> <span class='ocrx_word' id='word_1_540' title='bbox 845 4177 871 4213; x_wconf 89' lang='lat' dir='ltr'><strong>a</strong></span> <span class='ocrx_word' id='word_1_541' title='bbox 915 4162 1075 4217; x_wconf 81' lang='lat' dir='ltr'><strong>Patre</strong></span> <span class='ocrx_word' id='word_1_542' title='bbox 1105 4179 1225 4218; x_wconf 87' lang='lat' dir='ltr'><strong>esse</strong></span> <span class='ocrx_word' id='word_1_543' title='bbox 1270 4165 1488 4232; x_wconf 90' lang='lat' dir='ltr'><strong>dicitur,</strong></span> <span class='ocrx_word' id='word_1_544' title='bbox 1517 4179 1784 4236; x_wconf 86' lang='lat' dir='ltr'><strong>quatenus</strong></span> <span class='ocrx_word' id='word_1_545' title='bbox 1827 4169 1987 4223; x_wconf 89' lang='lat' dir='ltr'><strong>homo</strong></span> <span class='ocrx_word' id='word_1_546' title='bbox 2016 4169 2099 4222; x_wconf 77' lang='lat' dir='ltr'><strong>fa-</strong></span> 
     </span>
    </p>
   </div>
   <div class='ocr_carea' id='block_1_74' title="bbox 506 4252 2102 4330">
    <p class='ocr_par' dir='ltr' id='par_1_74' title="bbox 506 4252 2102 4330">
     <span class='ocr_line' id='line_1_74' title="bbox 506 4252 2102 4330; baseline 0.008 -27"><span class='ocrx_word' id='word_1_547' title='bbox 506 4262 626 4303; x_wconf 81' lang='lat' dir='ltr'><strong>t&#39;lllS</strong></span> <span class='ocrx_word' id='word_1_548' title='bbox 652 4263 755 4306; x_wconf 90' lang='lat' dir='ltr'><strong>est.</strong></span> <span class='ocrx_word' id='word_1_549' title='bbox 783 4252 975 4306; x_wconf 89' lang='lat' dir='ltr'><strong>Omnia</strong></span> <span class='ocrx_word' id='word_1_550' title='bbox 999 4255 1183 4324; x_wconf 87' lang='lat' dir='ltr'><strong>itaque</strong></span> <span class='ocrx_word' id='word_1_551' title='bbox 1206 4256 1377 4326; x_wconf 82' lang='lat' dir='ltr'><strong>ipsius</strong></span> <span class='ocrx_word' id='word_1_552' title='bbox 1402 4269 1550 4324; x_wconf 92' lang='lat' dir='ltr'><strong>sunt,</strong></span> <span class='ocrx_word' id='word_1_553' title='bbox 1573 4269 1756 4314; x_wconf 90' lang='lat' dir='ltr'><strong>etnon</strong></span> <span class='ocrx_word' id='word_1_554' title='bbox 1783 4261 2102 4330; x_wconf 79' lang='lat' dir='ltr'><strong>dedignatus</strong></span> 
     </span>
    </p>
   </div>
   <div class='ocr_carea' id='block_1_75' title="bbox 504 4343 2103 4421">
    <p class='ocr_par' dir='ltr' id='par_1_75' title="bbox 504 4343 2103 4421">
     <span class='ocr_line' id='line_1_75' title="bbox 504 4343 2103 4421; baseline 0.007 -25"><span class='ocrx_word' id='word_1_555' title='bbox 504 4353 588 4397; x_wconf 90' lang='lat' dir='ltr'><strong>est</strong></span> <span class='ocrx_word' id='word_1_556' title='bbox 621 4343 1143 4401; x_wconf 85' lang='lat' dir='ltr'><strong>administrationem</strong></span> <span class='ocrx_word' id='word_1_557' title='bbox 1188 4349 1238 4402; x_wconf 90' lang='lat' dir='ltr'><strong>in</strong></span> <span class='ocrx_word' id='word_1_558' title='bbox 1279 4365 1462 4416; x_wconf 87' lang='lat' dir='ltr'><strong>carne,</strong></span> <span class='ocrx_word' id='word_1_559' title='bbox 1495 4368 1659 4420; x_wconf 90' lang='lat' dir='ltr'><strong>quam</strong></span> <span class='ocrx_word' id='word_1_560' title='bbox 1693 4363 1746 4406; x_wconf 90' lang='lat' dir='ltr'><strong>et</strong></span> <span class='ocrx_word' id='word_1_561' title='bbox 1787 4353 1954 4407; x_wconf 86' lang='lat' dir='ltr'><strong>Pater</strong></span> <span class='ocrx_word' id='word_1_562' title='bbox 1985 4354 2103 4421; x_wconf 83' lang='lat' dir='ltr'><strong>ipse</strong></span> 
     </span>
    </p>
   </div>
   <div class='ocr_carea' id='block_1_76' title="bbox 505 4437 2096 4511">
    <p class='ocr_par' dir='ltr' id='par_1_76' title="bbox 505 4437 2096 4511">
     <span class='ocr_line' id='line_1_76' title="bbox 505 4437 2096 4511; baseline 0.005 -22"><span class='ocrx_word' id='word_1_563' title='bbox 505 4437 880 4506; x_wconf 80' lang='lat' dir='ltr'><strong>comprobavit</strong></span> <span class='ocrx_word' id='word_1_564' title='bbox 906 4457 919 4492; x_wconf 85' lang='lat'><strong>:</strong></span> <span class='ocrx_word' id='word_1_565' title='bbox 953 4439 1222 4508; x_wconf 85' lang='lat' dir='ltr'><strong>siquidem</strong></span> <span class='ocrx_word' id='word_1_566' title='bbox 1251 4456 1375 4494; x_wconf 82' lang='lat' dir='ltr'><strong>vera</strong></span> <span class='ocrx_word' id='word_1_567' title='bbox 1412 4451 1538 4496; x_wconf 89' lang='lat' dir='ltr'><strong>sunt</strong></span> <span class='ocrx_word' id='word_1_568' title='bbox 1571 4459 1693 4511; x_wconf 80' lang='lat' dir='ltr'><strong>quae</strong></span> <span class='ocrx_word' id='word_1_569' title='bbox 1721 4442 1921 4496; x_wconf 85' lang='lat' dir='ltr'><strong>Paulus</strong></span> <span class='ocrx_word' id='word_1_570' title='bbox 1946 4445 2096 4497; x_wconf 89' lang='lat' dir='ltr'><strong>dicit.</strong></span> 
     </span>
    </p>
   </div>
   <div class='ocr_carea' id='block_1_77' title="bbox 2205 3240 3795 3317">
    <p class='ocr_par' dir='ltr' id='par_1_77' title="bbox 2205 3240 3795 3317">
     <span class='ocr_line' id='line_1_77' title="bbox 2205 3240 3795 3317; baseline -0.004 -16"><span class='ocrx_word' id='word_1_571' title='bbox 2205 3248 2274 3301; x_wconf 73' lang='grc' dir='ltr'>τὰ</span> <span class='ocrx_word' id='word_1_572' title='bbox 2305 3245 2641 3317; x_wconf 84' lang='grc' dir='ltr'>ἀνθρώπινα.</span> <span class='ocrx_word' id='word_1_573' title='bbox 2683 3240 2850 3308; x_wconf 71' lang='grc' dir='ltr'>Οὗτος</span> <span class='ocrx_word' id='word_1_574' title='bbox 2880 3245 2988 3316; x_wconf 76' lang='grc' dir='ltr'><strong>γὰρ</strong></span> <span class='ocrx_word' id='word_1_575' title='bbox 3015 3245 3276 3314; x_wconf 81' lang='grc' dir='ltr'>ὑπάρχων</span> <span class='ocrx_word' id='word_1_576' title='bbox 3299 3244 3384 3296; x_wconf 79' lang='grc' dir='ltr'>ἀεὶ</span> <span class='ocrx_word' id='word_1_577' title='bbox 3415 3243 3508 3297; x_wconf 75' lang='grc' dir='ltr'><strong>καὶ</strong></span> <span class='ocrx_word' id='word_1_578' title='bbox 3554 3243 3795 3312; x_wconf 80' lang='grc' dir='ltr'>ὑφεστη-</span> 
     </span>
    </p>
   </div>
   <div class='ocr_carea' id='block_1_78' title="bbox 2205 3335 3796 3407">
    <p class='ocr_par' dir='ltr' id='par_1_78' title="bbox 2205 3335 3796 3407">
     <span class='ocr_line' id='line_1_78' title="bbox 2205 3335 3796 3407; baseline -0.001 -15"><span class='ocrx_word' id='word_1_579' title='bbox 2205 3338 2314 3403; x_wconf 83' lang='grc' dir='ltr'><strong>κὼς</strong></span> <span class='ocrx_word' id='word_1_580' title='bbox 2361 3339 2503 3392; x_wconf 86' lang='grc' dir='ltr'>κατά</span> <span class='ocrx_word' id='word_1_581' title='bbox 2537 3356 2598 3407; x_wconf 85' lang='grc' dir='ltr'><strong>γε</strong></span> <span class='ocrx_word' id='word_1_582' title='bbox 2637 3338 2696 3390; x_wconf 86' lang='grc' dir='ltr'><strong>τὸ</strong></span> <span class='ocrx_word' id='word_1_583' title='bbox 2740 3335 2880 3390; x_wconf 71' lang='grc' dir='ltr'>εἶναι</span> <span class='ocrx_word' id='word_1_584' title='bbox 2913 3336 3066 3400; x_wconf 86' lang='grc' dir='ltr'>Θεὸς,</span> <span class='ocrx_word' id='word_1_585' title='bbox 3118 3336 3377 3406; x_wconf 81' lang='grc' dir='ltr'>ὑπέμεινε</span> <span class='ocrx_word' id='word_1_586' title='bbox 3409 3337 3666 3407; x_wconf 86' lang='grc' dir='ltr'>γέννησιν</span> <span class='ocrx_word' id='word_1_587' title='bbox 3691 3337 3796 3407; x_wconf 77' lang='grc' dir='ltr'>τὴν</span> 
     </span>
    </p>
   </div>
   <div class='ocr_carea' id='block_1_79' title="bbox 2204 3424 3792 3502">
    <p class='ocr_par' dir='ltr' id='par_1_79' title="bbox 2204 3424 3792 3502">
     <span class='ocr_line' id='line_1_79' title="bbox 2204 3424 3792 3502; baseline -0.002 -17"><span class='ocrx_word' id='word_1_588' title='bbox 2204 3433 2343 3486; x_wconf 75' lang='grc' dir='ltr'>κατὰ</span> <span class='ocrx_word' id='word_1_589' title='bbox 2390 3434 2567 3502; x_wconf 77' lang='grc' dir='ltr'>σάρκα</span> <span class='ocrx_word' id='word_1_590' title='bbox 2619 3434 2683 3484; x_wconf 82' lang='grc' dir='ltr'><strong>ἐκ</strong></span> <span class='ocrx_word' id='word_1_591' title='bbox 2735 3431 3013 3498; x_wconf 84' lang='grc' dir='ltr'>γυναικός.</span> <span class='ocrx_word' id='word_1_592' title='bbox 3077 3429 3225 3492; x_wconf 84' lang='grc' dir='ltr'>Ἐνὸς</span> <span class='ocrx_word' id='word_1_593' title='bbox 3269 3424 3362 3482; x_wconf 80' lang='grc' dir='ltr'><strong>οῦν</strong></span> <span class='ocrx_word' id='word_1_594' title='bbox 3400 3430 3508 3500; x_wconf 80' lang='grc' dir='ltr'>ἄρα</span> <span class='ocrx_word' id='word_1_595' title='bbox 3557 3429 3649 3482; x_wconf 77' lang='grc' dir='ltr'><strong>καὶ</strong></span> <span class='ocrx_word' id='word_1_596' title='bbox 3695 3430 3792 3482; x_wconf 84' lang='grc' dir='ltr'><strong>τοῦ</strong></span> 
     </span>
    </p>
   </div>
   <div class='ocr_carea' id='block_1_80' title="bbox 2202 3518 3795 3589">
    <p class='ocr_par' dir='ltr' id='par_1_80' title="bbox 2202 3518 3795 3589">
     <span class='ocr_line' id='line_1_80' title="bbox 2202 3518 3795 3589; baseline -0.002 -13"><span class='ocrx_word' id='word_1_597' title='bbox 2202 3523 2368 3576; x_wconf 86' lang='grc' dir='ltr'>αὑτοῦ</span> <span class='ocrx_word' id='word_1_598' title='bbox 2417 3525 2510 3576; x_wconf 74' lang='grc' dir='ltr'><strong>καὶ</strong></span> <span class='ocrx_word' id='word_1_599' title='bbox 2544 3524 2604 3576; x_wconf 87' lang='grc' dir='ltr'><strong>τὸ</strong></span> <span class='ocrx_word' id='word_1_600' title='bbox 2638 3523 2826 3584; x_wconf 57' lang='lat' dir='ltr'><strong>atauo;</strong></span> <span class='ocrx_word' id='word_1_601' title='bbox 2883 3518 3024 3575; x_wconf 74' lang='grc' dir='ltr'>εἶναι</span> <span class='ocrx_word' id='word_1_602' title='bbox 3059 3522 3154 3573; x_wconf 75' lang='grc' dir='ltr'><strong>καὶ</strong></span> <span class='ocrx_word' id='word_1_603' title='bbox 3207 3521 3546 3589; x_wconf 73' lang='grc' dir='ltr'>ὑφεστάναι,</span> <span class='ocrx_word' id='word_1_604' title='bbox 3583 3522 3678 3574; x_wconf 71' lang='grc' dir='ltr'><strong>καὶ</strong></span> <span class='ocrx_word' id='word_1_605' title='bbox 3733 3524 3795 3575; x_wconf 80' lang='grc' dir='ltr'>ἐν</span> 
     </span>
    </p>
   </div>
   <div class='ocr_carea' id='block_1_81' title="bbox 2204 3615 3792 3687">
    <p class='ocr_par' dir='ltr' id='par_1_81' title="bbox 2204 3615 3792 3687">
     <span class='ocr_line' id='line_1_81' title="bbox 2204 3615 3792 3687; baseline 0 -18"><span class='ocrx_word' id='word_1_606' title='bbox 2204 3618 2452 3687; x_wconf 74' lang='grc' dir='ltr'>ἐσχάτοις</span> <span class='ocrx_word' id='word_1_607' title='bbox 2489 3620 2698 3686; x_wconf 81' lang='grc' dir='ltr'>καιροῖς</span> <span class='ocrx_word' id='word_1_608' title='bbox 2747 3615 2890 3669; x_wconf 76' lang='grc' dir='ltr'>κατὰ</span> <span class='ocrx_word' id='word_1_609' title='bbox 2923 3615 3099 3682; x_wconf 83' lang='grc' dir='ltr'>σάρκα</span> <span class='ocrx_word' id='word_1_610' title='bbox 3143 3615 3494 3684; x_wconf 79' lang='grc' dir='ltr'>γεννηθῆναι.</span> <span class='ocrx_word' id='word_1_611' title='bbox 3542 3615 3600 3677; x_wconf 79' lang='grc' dir='ltr'>ὃς</span> <span class='ocrx_word' id='word_1_612' title='bbox 3635 3616 3792 3684; x_wconf 76' lang='grc' dir='ltr'>ἅγιος</span> 
     </span>
    </p>
   </div>
   <div class='ocr_carea' id='block_1_82' title="bbox 2208 3704 3796 3775">
    <p class='ocr_par' dir='ltr' id='par_1_82' title="bbox 2208 3704 3796 3775">
     <span class='ocr_line' id='line_1_82' title="bbox 2208 3704 3796 3775; baseline -0.001 -17"><span class='ocrx_word' id='word_1_613' title='bbox 2208 3707 2282 3758; x_wconf 80' lang='grc' dir='ltr'>ὢν</span> <span class='ocrx_word' id='word_1_614' title='bbox 2329 3707 2468 3760; x_wconf 80' lang='grc' dir='ltr'>κατὰ</span> <span class='ocrx_word' id='word_1_615' title='bbox 2512 3706 2674 3774; x_wconf 73' lang='grc' dir='ltr'>φύσιν</span> <span class='ocrx_word' id='word_1_616' title='bbox 2705 3705 2780 3768; x_wconf 84' lang='grc' dir='ltr'>ὼς</span> <span class='ocrx_word' id='word_1_617' title='bbox 2827 3705 2978 3769; x_wconf 81' lang='grc' dir='ltr'>Θεὸς,</span> <span class='ocrx_word' id='word_1_618' title='bbox 3013 3705 3269 3775; x_wconf 76' lang='grc' dir='ltr'>ὴγιάζετο</span> <span class='ocrx_word' id='word_1_619' title='bbox 3313 3704 3429 3775; x_wconf 82' lang='grc' dir='ltr'>μεθ’</span> <span class='ocrx_word' id='word_1_620' title='bbox 3466 3706 3622 3773; x_wconf 79' lang='grc' dir='ltr'>ἡμων</span> <span class='ocrx_word' id='word_1_621' title='bbox 3654 3704 3796 3758; x_wconf 78' lang='grc' dir='ltr'>καθὸ</span> 
     </span>
    </p>
   </div>
   <div class='ocr_carea' id='block_1_83' title="bbox 2207 3790 3796 3868">
    <p class='ocr_par' dir='ltr' id='par_1_83' title="bbox 2207 3790 3796 3868">
     <span class='ocr_line' id='line_1_83' title="bbox 2207 3790 3796 3868; baseline -0.002 -17"><span class='ocrx_word' id='word_1_622' title='bbox 2207 3799 2449 3868; x_wconf 73' lang='grc' dir='ltr'>πέφηνεν</span> <span class='ocrx_word' id='word_1_623' title='bbox 2480 3797 2783 3867; x_wconf 79' lang='grc' dir='ltr'>ἅνθρωπος,</span> <span class='ocrx_word' id='word_1_624' title='bbox 2821 3790 2975 3868; x_wconf 80' lang='grc' dir='ltr'>ᾧπερ</span> <span class='ocrx_word' id='word_1_625' title='bbox 3010 3797 3076 3850; x_wconf 85' lang='grc' dir='ltr'><strong>ἂν</strong></span> <span class='ocrx_word' id='word_1_626' title='bbox 3110 3798 3311 3866; x_wconf 77' lang='grc' dir='ltr'>πρέποι</span> <span class='ocrx_word' id='word_1_627' title='bbox 3341 3795 3402 3848; x_wconf 89' lang='grc' dir='ltr'><strong>τὸ</strong></span> <span class='ocrx_word' id='word_1_628' title='bbox 3430 3795 3754 3863; x_wconf 76' lang='grc' dir='ltr'>ἀγιάζεσθαι</span> <span class='ocrx_word' id='word_1_629' title='bbox 3775 3811 3796 3830; x_wconf 79' lang='grc' dir='ltr'><strong>ο</strong></span> 
     </span>
    </p>
   </div>
   <div class='ocr_carea' id='block_1_84' title="bbox 2205 3887 3796 3959">
    <p class='ocr_par' dir='ltr' id='par_1_84' title="bbox 2205 3887 3796 3959">
     <span class='ocr_line' id='line_1_84' title="bbox 2205 3887 3796 3959; baseline -0.001 -15"><span class='ocrx_word' id='word_1_630' title='bbox 2205 3891 2298 3944; x_wconf 79' lang='grc' dir='ltr'><strong>καὶ</strong></span> <span class='ocrx_word' id='word_1_631' title='bbox 2333 3891 2390 3942; x_wconf 82' lang='grc' dir='ltr'>ὲν</span> <span class='ocrx_word' id='word_1_632' title='bbox 2419 3892 2769 3952; x_wconf 83' lang='grc' dir='ltr'>Δεσποτικοίς</span> <span class='ocrx_word' id='word_1_633' title='bbox 2807 3890 3069 3959; x_wconf 81' lang='grc' dir='ltr'>ὑπάρχων</span> <span class='ocrx_word' id='word_1_634' title='bbox 3113 3887 3406 3959; x_wconf 79' lang='grc' dir='ltr'>ἀξιώμασι,</span> <span class='ocrx_word' id='word_1_635' title='bbox 3452 3891 3544 3942; x_wconf 71' lang='grc' dir='ltr'><strong>καὶ</strong></span> <span class='ocrx_word' id='word_1_636' title='bbox 3572 3888 3670 3959; x_wconf 78' lang='grc' dir='ltr'>τὴν</span> <span class='ocrx_word' id='word_1_637' title='bbox 3696 3890 3796 3943; x_wconf 82' lang='grc' dir='ltr'><strong>τοῦ</strong></span> 
     </span>
    </p>
   </div>
   <div class='ocr_carea' id='block_1_85' title="bbox 2203 3979 3796 4052">
    <p class='ocr_par' dir='ltr' id='par_1_85' title="bbox 2203 3979 3796 4052">
     <span class='ocr_line' id='line_1_85' title="bbox 2203 3979 3796 4052; baseline -0.001 -18"><span class='ocrx_word' id='word_1_638' title='bbox 2203 3981 2389 4034; x_wconf 85' lang='grc' dir='ltr'>δούλου</span> <span class='ocrx_word' id='word_1_639' title='bbox 2428 3982 2640 4052; x_wconf 65' lang='grc' dir='ltr'>μορφὴν</span> <span class='ocrx_word' id='word_1_640' title='bbox 2675 3980 2748 4042; x_wconf 81' lang='grc' dir='ltr'>ὡς</span> <span class='ocrx_word' id='word_1_641' title='bbox 2780 3980 2914 4034; x_wconf 79' lang='grc' dir='ltr'>ἰδίαν</span> <span class='ocrx_word' id='word_1_642' title='bbox 2948 3980 3108 4050; x_wconf 78' lang='grc' dir='ltr'>ἔχων,</span> <span class='ocrx_word' id='word_1_643' title='bbox 3139 3981 3273 4032; x_wconf 87' lang='grc' dir='ltr'>Θεὸν</span> <span class='ocrx_word' id='word_1_644' title='bbox 3305 3980 3590 4050; x_wconf 74' lang='grc' dir='ltr'>ὠνόμαζεν</span> <span class='ocrx_word' id='word_1_645' title='bbox 3622 3979 3796 4033; x_wconf 84' lang='grc' dir='ltr'>αὑτοῦ</span> 
     </span>
    </p>
   </div>
   <div class='ocr_carea' id='block_1_86' title="bbox 2203 4071 3793 4144">
    <p class='ocr_par' dir='ltr' id='par_1_86' title="bbox 2203 4071 3793 4144">
     <span class='ocr_line' id='line_1_86' title="bbox 2203 4071 3793 4144; baseline -0.001 -18"><span class='ocrx_word' id='word_1_646' title='bbox 2203 4074 2294 4126; x_wconf 88' lang='grc' dir='ltr'><strong>τὸν</strong></span> <span class='ocrx_word' id='word_1_647' title='bbox 2311 4071 2550 4142; x_wconf 68' lang='grc' dir='ltr'>Πατέρα*</span> <span class='ocrx_word' id='word_1_648' title='bbox 2581 4071 2720 4144; x_wconf 72' lang='grc' dir='ltr'>[καὶ]</span> <span class='ocrx_word' id='word_1_649' title='bbox 2741 4071 2853 4142; x_wconf 77' lang='grc' dir='ltr'><strong>ζωὴ</strong></span> <span class='ocrx_word' id='word_1_650' title='bbox 2870 4071 2964 4124; x_wconf 73' lang='grc' dir='ltr'>καὶ</span> <span class='ocrx_word' id='word_1_651' title='bbox 2983 4072 3244 4136; x_wconf 78' lang='grc' dir='ltr'>ζωοποιὸς</span> <span class='ocrx_word' id='word_1_652' title='bbox 3263 4073 3524 4143; x_wconf 75' lang='grc' dir='ltr'>ὑπάρχων</span> <span class='ocrx_word' id='word_1_653' title='bbox 3542 4072 3614 4135; x_wconf 80' lang='grc' dir='ltr'><strong>ὡς</strong></span> <span class='ocrx_word' id='word_1_654' title='bbox 3633 4072 3793 4139; x_wconf 83' lang='grc' dir='ltr'>Θεὸς,</span> 
     </span>
    </p>
   </div>
   <div class='ocr_carea' id='block_1_87' title="bbox 2205 4161 3796 4234">
    <p class='ocr_par' dir='ltr' id='par_1_87' title="bbox 2205 4161 3796 4234">
     <span class='ocr_line' id='line_1_87' title="bbox 2205 4161 3796 4234; baseline -0.001 -18"><span class='ocrx_word' id='word_1_655' title='bbox 2205 4161 2586 4228; x_wconf 79' lang='grc' dir='ltr'>ζωοποιεῖσθαι</span> <span class='ocrx_word' id='word_1_656' title='bbox 2624 4163 2844 4229; x_wconf 83' lang='grc' dir='ltr'>λέγεται</span> <span class='ocrx_word' id='word_1_657' title='bbox 2890 4163 3042 4234; x_wconf 81' lang='grc' dir='ltr'>παρὰ</span> <span class='ocrx_word' id='word_1_658' title='bbox 3071 4164 3166 4216; x_wconf 84' lang='grc' dir='ltr'><strong>τοῦ</strong></span> <span class='ocrx_word' id='word_1_659' title='bbox 3200 4165 3411 4234; x_wconf 83' lang='grc' dir='ltr'>Πατρὸς</span> <span class='ocrx_word' id='word_1_660' title='bbox 3443 4163 3576 4216; x_wconf 84' lang='grc' dir='ltr'>καθὸ</span> <span class='ocrx_word' id='word_1_661' title='bbox 3610 4163 3796 4234; x_wconf 63' lang='grc' dir='ltr'>πέφη-</span> 
     </span>
    </p>
   </div>
   <div class='ocr_carea' id='block_1_88' title="bbox 2206 4252 3795 4323">
    <p class='ocr_par' dir='ltr' id='par_1_88' title="bbox 2206 4252 3795 4323">
     <span class='ocr_line' id='line_1_88' title="bbox 2206 4252 3795 4323; baseline 0.002 -20"><span class='ocrx_word' id='word_1_662' title='bbox 2206 4269 2294 4303; x_wconf 88' lang='grc' dir='ltr'><strong>νεν</strong></span> <span class='ocrx_word' id='word_1_663' title='bbox 2316 4252 2620 4322; x_wconf 79' lang='grc' dir='ltr'>ἄνθρωπος.</span> <span class='ocrx_word' id='word_1_664' title='bbox 2646 4252 2832 4304; x_wconf 87' lang='grc' dir='ltr'>Πάντα</span> <span class='ocrx_word' id='word_1_665' title='bbox 2857 4253 3037 4304; x_wconf 88' lang='grc' dir='ltr'>τοίνυν</span> <span class='ocrx_word' id='word_1_666' title='bbox 3063 4253 3226 4306; x_wconf 86' lang='grc' dir='ltr'>αὑτοῦ</span> <span class='ocrx_word' id='word_1_667' title='bbox 3244 4291 3259 4316; x_wconf 89' lang='grc'><strong>,</strong></span> <span class='ocrx_word' id='word_1_668' title='bbox 3287 4254 3378 4306; x_wconf 71' lang='grc' dir='ltr'>καὶ</span> <span class='ocrx_word' id='word_1_669' title='bbox 3403 4254 3503 4305; x_wconf 90' lang='grc' dir='ltr'><strong>οὑκ</strong></span> <span class='ocrx_word' id='word_1_670' title='bbox 3531 4253 3795 4323; x_wconf 75' lang='grc' dir='ltr'>ἀτιμάζει</span> 
     </span>
    </p>
   </div>
   <div class='ocr_carea' id='block_1_89' title="bbox 2207 4344 3793 4416">
    <p class='ocr_par' dir='ltr' id='par_1_89' title="bbox 2207 4344 3793 4416">
     <span class='ocr_line' id='line_1_89' title="bbox 2207 4344 3793 4416; baseline 0.002 -21"><span class='ocrx_word' id='word_1_671' title='bbox 2207 4345 2303 4414; x_wconf 83' lang='grc' dir='ltr'><strong>τὴν</strong></span> <span class='ocrx_word' id='word_1_672' title='bbox 2330 4345 2742 4414; x_wconf 77' lang='grc' dir='ltr'>οἰκονομίαν,ἣν</span> <span class='ocrx_word' id='word_1_673' title='bbox 2768 4345 2861 4396; x_wconf 73' lang='grc' dir='ltr'>καὶ</span> <span class='ocrx_word' id='word_1_674' title='bbox 2883 4345 3047 4408; x_wconf 83' lang='grc' dir='ltr'>αὑτὸς</span> <span class='ocrx_word' id='word_1_675' title='bbox 3073 4344 3333 4414; x_wconf 76' lang='grc' dir='ltr'>ἐπῄνεσεν</span> <span class='ocrx_word' id='word_1_676' title='bbox 3350 4347 3378 4398; x_wconf 84' lang='grc' dir='ltr'><strong>ὀ</strong></span> <span class='ocrx_word' id='word_1_677' title='bbox 3401 4345 3607 4416; x_wconf 77' lang='grc' dir='ltr'>Πατὴρ,</span> <span class='ocrx_word' id='word_1_678' title='bbox 3632 4347 3793 4416; x_wconf 83' lang='grc' dir='ltr'>εἴπερ</span> 
     </span>
    </p>
   </div>
   <div class='ocr_carea' id='block_1_90' title="bbox 2207 4436 3796 4508">
    <p class='ocr_par' dir='ltr' id='par_1_90' title="bbox 2207 4436 3796 4508">
     <span class='ocr_line' id='line_1_90' title="bbox 2207 4436 3796 4508; baseline 0.001 -19"><span class='ocrx_word' id='word_1_679' title='bbox 2207 4436 2354 4490; x_wconf 78' lang='grc' dir='ltr'>ἐστὶν</span> <span class='ocrx_word' id='word_1_680' title='bbox 2402 4437 2576 4508; x_wconf 84' lang='grc' dir='ltr'>άληθῆ</span> <span class='ocrx_word' id='word_1_681' title='bbox 2628 4437 2698 4490; x_wconf 78' lang='grc' dir='ltr'>τὰ</span> <span class='ocrx_word' id='word_1_682' title='bbox 2741 4436 2828 4488; x_wconf 86' lang='grc' dir='ltr'>διὰ</span> <span class='ocrx_word' id='word_1_683' title='bbox 2871 4436 2972 4505; x_wconf 81' lang='grc' dir='ltr'>τῆς</span> <span class='ocrx_word' id='word_1_684' title='bbox 3018 4436 3113 4490; x_wconf 79' lang='grc' dir='ltr'><strong>τοῦ</strong></span> <span class='ocrx_word' id='word_1_685' title='bbox 3150 4436 3361 4491; x_wconf 83' lang='grc' dir='ltr'>Παύλου</span> <span class='ocrx_word' id='word_1_686' title='bbox 3411 4438 3615 4507; x_wconf 83' lang='grc' dir='ltr'>φωνῆς.</span> <span class='ocrx_word' id='word_1_687' title='bbox 3652 4438 3796 4490; x_wconf 80' lang='grc' dir='ltr'>Ποτὲ</span> 
     </span>
    </p>
   </div>
   <div class='ocr_carea' id='block_1_91' title="bbox 507 4527 2099 4601">
    <p class='ocr_par' dir='ltr' id='par_1_91' title="bbox 507 4527 2099 4601">
     <span class='ocr_line' id='line_1_91' title="bbox 507 4527 2099 4601; baseline 0.006 -23"><span class='ocrx_word' id='word_1_688' title='bbox 507 4527 643 4581; x_wconf 78' lang='lat' dir='ltr'><strong>Alibi</strong></span> <span class='ocrx_word' id='word_1_689' title='bbox 671 4529 814 4583; x_wconf 86' lang='lat' dir='ltr'><strong>enim</strong></span> <span class='ocrx_word' id='word_1_690' title='bbox 843 4531 915 4584; x_wconf 89' lang='lat' dir='ltr'><strong>ita</strong></span> <span class='ocrx_word' id='word_1_691' title='bbox 945 4533 1022 4586; x_wconf 90' lang='lat' dir='ltr'><strong>ait</strong></span> <span class='ocrx_word' id='word_1_692' title='bbox 1052 4550 1065 4586; x_wconf 91' lang='lat'>:</span> <span class='ocrx_word' id='word_1_693' title='bbox 1102 4550 1120 4582; x_wconf 77' lang='grc' dir='ltr'><strong>ι</strong></span> <span class='ocrx_word' id='word_1_694' title='bbox 1160 4530 1294 4585; x_wconf 85' lang='grc' dir='ltr'>Ειιιιι</span> <span class='ocrx_word' id='word_1_695' title='bbox 1314 4536 1403 4601; x_wconf 91' lang='lat' dir='ltr'><strong>qui</strong></span> <span class='ocrx_word' id='word_1_696' title='bbox 1435 4549 1539 4586; x_wconf 91' lang='lat' dir='ltr'><strong>non</strong></span> <span class='ocrx_word' id='word_1_697' title='bbox 1575 4543 1801 4586; x_wconf 85' lang='lat' dir='ltr'><strong>noverat</strong></span> <span class='ocrx_word' id='word_1_698' title='bbox 1821 4543 2099 4601; x_wconf 81' lang='lat' dir='ltr'><strong>peccatum</strong></span> 
     </span>
    </p>
   </div>
   <div class='ocr_carea' id='block_1_92' title="bbox 2204 4527 3797 4601">
    <p class='ocr_par' dir='ltr' id='par_1_92' title="bbox 2209 4528 3797 4598">
     <span class='ocr_line' id='line_1_92' title="bbox 2209 4528 3797 4598; baseline 0 -18"><span class='ocrx_word' id='word_1_699' title='bbox 2209 4528 2307 4595; x_wconf 83' lang='grc' dir='ltr'><strong>μὲν</strong></span> <span class='ocrx_word' id='word_1_700' title='bbox 2334 4528 2442 4598; x_wconf 77' lang='grc' dir='ltr'>γὰρ</span> <span class='ocrx_word' id='word_1_701' title='bbox 2471 4528 2598 4598; x_wconf 81' lang='grc' dir='ltr'><strong>ἔφη·</strong></span> <span class='ocrx_word' id='word_1_702' title='bbox 2624 4548 2641 4580; x_wconf 81' lang='grc' dir='ltr'><strong>ι</strong></span> <span class='ocrx_word' id='word_1_703' title='bbox 2669 4528 2772 4582; x_wconf 88' lang='grc' dir='ltr'><strong>Τὸν</strong></span> <span class='ocrx_word' id='word_1_704' title='bbox 2797 4528 2872 4598; x_wconf 86' lang='grc' dir='ltr'>μὴ</span> <span class='ocrx_word' id='word_1_705' title='bbox 2893 4528 3088 4596; x_wconf 87' lang='grc' dir='ltr'>γνόντα</span> <span class='ocrx_word' id='word_1_706' title='bbox 3119 4529 3416 4598; x_wconf 85' lang='grc' dir='ltr'>ἁμαρτίαν,</span> <span class='ocrx_word' id='word_1_707' title='bbox 3452 4528 3593 4596; x_wconf 86' lang='grc' dir='ltr'>ὑπὲρ</span> <span class='ocrx_word' id='word_1_708' title='bbox 3632 4528 3797 4597; x_wconf 77' lang='grc' dir='ltr'>ἡμῶν</span> 
     </span>
    </p>
   </div>
   <div class='ocr_carea' id='block_1_93' title="bbox 505 4620 2099 4691">
    <p class='ocr_par' dir='ltr' id='par_1_93' title="bbox 505 4620 2099 4691">
     <span class='ocr_line' id='line_1_93' title="bbox 505 4620 2099 4691; baseline 0.007 -21"><span class='ocrx_word' id='word_1_709' title='bbox 505 4635 601 4688; x_wconf 86' lang='lat' dir='ltr'><strong>pro</strong></span> <span class='ocrx_word' id='word_1_710' title='bbox 640 4620 794 4674; x_wconf 89' lang='lat' dir='ltr'><strong>nobis</strong></span> <span class='ocrx_word' id='word_1_711' title='bbox 822 4635 1107 4691; x_wconf 89' lang='lat' dir='ltr'><strong>peccatum</strong></span> <span class='ocrx_word' id='word_1_712' title='bbox 1143 4625 1292 4688; x_wconf 75' lang='lat' dir='ltr'><strong>fecit,</strong></span> <span class='ocrx_word' id='word_1_713' title='bbox 1323 4637 1381 4679; x_wconf 91' lang='lat' dir='ltr'><strong>ut</strong></span> <span class='ocrx_word' id='word_1_714' title='bbox 1409 4641 1508 4679; x_wconf 86' lang='lat' dir='ltr'><strong>nos</strong></span> <span class='ocrx_word' id='word_1_715' title='bbox 1534 4627 1724 4678; x_wconf 84' lang='lat' dir='ltr'><strong>liamus</strong></span> <span class='ocrx_word' id='word_1_716' title='bbox 1751 4624 1964 4690; x_wconf 76' lang='lat' dir='ltr'><strong>iustitia</strong></span> <span class='ocrx_word' id='word_1_717' title='bbox 2003 4624 2099 4680; x_wconf 86' lang='lat' dir='ltr'><strong>Dei</strong></span> 
     </span>
    </p>
   </div>
   <div class='ocr_carea' id='block_1_94' title="bbox 504 4712 2097 4784">
    <p class='ocr_par' dir='ltr' id='par_1_94' title="bbox 504 4712 2097 4784">
     <span class='ocr_line' id='line_1_94' title="bbox 504 4712 2097 4784; baseline 0.004 -19"><span class='ocrx_word' id='word_1_718' title='bbox 504 4712 559 4765; x_wconf 86' lang='lat' dir='ltr'><strong>in</strong></span> <span class='ocrx_word' id='word_1_719' title='bbox 585 4712 704 4779; x_wconf 82' lang='lat' dir='ltr'><strong>ipso</strong></span> <span class='ocrx_word' id='word_1_720' title='bbox 726 4713 826 4779; x_wconf 83' lang='grc' dir='ltr'><strong>⁸⁰;ι</strong></span> <span class='ocrx_word' id='word_1_721' title='bbox 849 4715 1116 4770; x_wconf 87' lang='lat' dir='ltr'><strong>alibivero</strong></span> <span class='ocrx_word' id='word_1_722' title='bbox 1140 4733 1353 4770; x_wconf 87' lang='lat' dir='ltr'><strong>rursum</strong></span> <span class='ocrx_word' id='word_1_723' title='bbox 1382 4731 1436 4770; x_wconf 72' lang='grc' dir='ltr'><strong>τι</strong></span> <span class='ocrx_word' id='word_1_724' title='bbox 1465 4715 1566 4780; x_wconf 83' lang='lat' dir='ltr'><strong>Qui</strong></span> <span class='ocrx_word' id='word_1_725' title='bbox 1591 4714 1812 4784; x_wconf 90' lang='lat' dir='ltr'><strong>proprio</strong></span> <span class='ocrx_word' id='word_1_726' title='bbox 1829 4713 1967 4769; x_wconf 86' lang='lat' dir='ltr'><strong>Filio</strong></span> <span class='ocrx_word' id='word_1_727' title='bbox 1993 4731 2097 4772; x_wconf 90' lang='lat' dir='ltr'><strong>non</strong></span> 
     </span>
    </p>
   </div>
   <div class='ocr_carea' id='block_1_95' title="bbox 503 4806 2101 4878">
    <p class='ocr_par' dir='ltr' id='par_1_95' title="bbox 503 4806 2101 4878">
     <span class='ocr_line' id='line_1_95' title="bbox 503 4806 2101 4878; baseline 0.002 -20"><span class='ocrx_word' id='word_1_728' title='bbox 503 4807 766 4874; x_wconf 84' lang='lat' dir='ltr'><strong>pepercit,</strong></span> <span class='ocrx_word' id='word_1_729' title='bbox 803 4809 896 4862; x_wconf 86' lang='lat' dir='ltr'><strong>sed</strong></span> <span class='ocrx_word' id='word_1_730' title='bbox 933 4825 1032 4878; x_wconf 89' lang='lat' dir='ltr'><strong>pro</strong></span> <span class='ocrx_word' id='word_1_731' title='bbox 1066 4810 1222 4864; x_wconf 88' lang='lat' dir='ltr'><strong>nobis</strong></span> <span class='ocrx_word' id='word_1_732' title='bbox 1272 4807 1525 4861; x_wconf 89' lang='lat' dir='ltr'><strong>omnibus</strong></span> <span class='ocrx_word' id='word_1_733' title='bbox 1572 4806 1793 4861; x_wconf 87' lang='lat' dir='ltr'><strong>tradidit</strong></span> <span class='ocrx_word' id='word_1_734' title='bbox 1829 4806 2001 4872; x_wconf 87' lang='lat' dir='ltr'><strong>illum,</strong></span> <span class='ocrx_word' id='word_1_735' title='bbox 2041 4817 2101 4862; x_wconf 85' lang='lat' dir='ltr'><strong>ut</strong></span> 
     </span>
    </p>
   </div>
   <div class='ocr_carea' id='block_1_96' title="bbox 505 4896 2098 4969">
    <p class='ocr_par' dir='ltr' id='par_1_96' title="bbox 505 4896 2098 4969">
     <span class='ocr_line' id='line_1_96' title="bbox 505 4896 2098 4969; baseline 0.004 -21"><span class='ocrx_word' id='word_1_736' title='bbox 505 4910 557 4949; x_wconf 90' lang='lat' dir='ltr'><strong>et</strong></span> <span class='ocrx_word' id='word_1_737' title='bbox 601 4913 723 4951; x_wconf 83' lang='lat' dir='ltr'><strong>cum</strong></span> <span class='ocrx_word' id='word_1_738' title='bbox 761 4900 879 4969; x_wconf 87' lang='lat' dir='ltr'><strong>ipso</strong></span> <span class='ocrx_word' id='word_1_739' title='bbox 925 4903 1108 4956; x_wconf 88' lang='lat' dir='ltr'><strong>omnia</strong></span> <span class='ocrx_word' id='word_1_740' title='bbox 1154 4900 1310 4953; x_wconf 85' lang='lat' dir='ltr'><strong>nobis</strong></span> <span class='ocrx_word' id='word_1_741' title='bbox 1353 4896 1617 4965; x_wconf 77' lang='lat' dir='ltr'><strong>largiatur</strong></span> <span class='ocrx_word' id='word_1_742' title='bbox 1637 4897 1704 4950; x_wconf 74' lang='grc' dir='ltr'>δι.</span> <span class='ocrx_word' id='word_1_743' title='bbox 1737 4917 1758 4950; x_wconf 79' lang='grc' dir='ltr'><strong>ι</strong></span> <span class='ocrx_word' id='word_1_744' title='bbox 1798 4899 1952 4952; x_wconf 80' lang='lat' dir='ltr'><strong>Anne</strong></span> <span class='ocrx_word' id='word_1_745' title='bbox 2005 4900 2098 4954; x_wconf 91' lang='lat' dir='ltr'><strong>tibi</strong></span> 
     </span>
    </p>
   </div>
   <div class='ocr_carea' id='block_1_97' title="bbox 503 4989 2100 5049">
    <p class='ocr_par' dir='ltr' id='par_1_97' title="bbox 503 4989 2100 5049">
     <span class='ocr_line' id='line_1_97' title="bbox 503 4989 2100 5049; baseline 0.003 -5"><span class='ocrx_word' id='word_1_746' title='bbox 503 5001 871 5046; x_wconf 84' lang='lat' dir='ltr'><strong>consentanea</strong></span> <span class='ocrx_word' id='word_1_747' title='bbox 915 4994 1087 5048; x_wconf 88' lang='lat' dir='ltr'><strong>sacris</strong></span> <span class='ocrx_word' id='word_1_748' title='bbox 1132 4989 1353 5045; x_wconf 84' lang='lat' dir='ltr'><strong>Litteris</strong></span> <span class='ocrx_word' id='word_1_749' title='bbox 1391 4989 1656 5043; x_wconf 85' lang='lat' dir='ltr'><strong>sententia</strong></span> <span class='ocrx_word' id='word_1_750' title='bbox 1701 5008 1818 5047; x_wconf 90' lang='lat' dir='ltr'><strong>mea</strong></span> <span class='ocrx_word' id='word_1_751' title='bbox 1847 4993 2100 5049; x_wconf 83' lang='lat' dir='ltr'><strong>videtur?</strong></span> 
     </span>
    </p>
   </div>
   <div class='ocr_carea' id='block_1_98' title="bbox 575 5169 937 5225">
    <p class='ocr_par' dir='ltr' id='par_1_98' title="bbox 575 5169 937 5225">
     <span class='ocr_line' id='line_1_98' title="bbox 575 5169 937 5225; baseline -0.003 0"><span class='ocrx_word' id='word_1_752' title='bbox 575 5172 633 5225; x_wconf 76' lang='grc' dir='ltr'><strong>Β.</strong></span> <span class='ocrx_word' id='word_1_753' title='bbox 677 5169 937 5224; x_wconf 79' lang='lat' dir='ltr'><strong>Omnino.</strong></span> 
     </span>
    </p>
   </div>
   <div class='ocr_carea' id='block_1_99' title="bbox 576 5259 2091 5331">
    <p class='ocr_par' dir='ltr' id='par_1_99' title="bbox 576 5259 2091 5331">
     <span class='ocr_line' id='line_1_99' title="bbox 576 5259 2091 5331; baseline -0.001 -16"><span class='ocrx_word' id='word_1_754' title='bbox 576 5264 642 5316; x_wconf 88' lang='lat' dir='ltr'><strong>A.</strong></span> <span class='ocrx_word' id='word_1_755' title='bbox 687 5261 744 5315; x_wconf 92' lang='lat' dir='ltr'><strong>Si</strong></span> <span class='ocrx_word' id='word_1_756' title='bbox 779 5275 930 5322; x_wconf 81' lang='lat' dir='ltr'><strong>vero,</strong></span> <span class='ocrx_word' id='word_1_757' title='bbox 968 5270 1027 5314; x_wconf 90' lang='lat' dir='ltr'><strong>ut</strong></span> <span class='ocrx_word' id='word_1_758' title='bbox 1055 5259 1350 5313; x_wconf 80' lang='lat' dir='ltr'><strong>adversarii</strong></span> <span class='ocrx_word' id='word_1_759' title='bbox 1400 5259 1584 5315; x_wconf 89' lang='lat' dir='ltr'><strong>volunt</strong></span> <span class='ocrx_word' id='word_1_760' title='bbox 1613 5262 1824 5331; x_wconf 86' lang='lat' dir='ltr'><strong>sibique</strong></span> <span class='ocrx_word' id='word_1_761' title='bbox 1867 5277 2091 5331; x_wconf 88' lang='lat' dir='ltr'><strong>persua-</strong></span> 
     </span>
    </p>
   </div>
   <div class='ocr_carea' id='block_1_100' title="bbox 505 5351 2087 5422">
    <p class='ocr_par' dir='ltr' id='par_1_100' title="bbox 505 5351 2087 5422">
     <span class='ocr_line' id='line_1_100' title="bbox 505 5351 2087 5422; baseline 0.001 -16"><span class='ocrx_word' id='word_1_762' title='bbox 505 5353 658 5416; x_wconf 88' lang='lat' dir='ltr'><strong>dent,</strong></span> <span class='ocrx_word' id='word_1_763' title='bbox 695 5351 1030 5420; x_wconf 76' lang='lat' dir='ltr'><strong>unigenitum</strong></span> <span class='ocrx_word' id='word_1_764' title='bbox 1077 5351 1167 5406; x_wconf 90' lang='lat' dir='ltr'><strong>Dci</strong></span> <span class='ocrx_word' id='word_1_765' title='bbox 1214 5352 1466 5416; x_wconf 78' lang='lat' dir='ltr'><strong>Verbum,</strong></span> <span class='ocrx_word' id='word_1_766' title='bbox 1503 5365 1724 5422; x_wconf 82' lang='lat' dir='ltr'><strong>accepto</strong></span> <span class='ocrx_word' id='word_1_767' title='bbox 1775 5355 1992 5408; x_wconf 87' lang='lat' dir='ltr'><strong>homine</strong></span> <span class='ocrx_word' id='word_1_768' title='bbox 2021 5370 2087 5408; x_wconf 73' lang='lat' dir='ltr'><strong>ex</strong></span> 
     </span>
    </p>
   </div>
   <div class='ocr_carea' id='block_1_101' title="bbox 507 5443 2092 5516">
    <p class='ocr_par' dir='ltr' id='par_1_101' title="bbox 507 5443 2092 5516">
     <span class='ocr_line' id='line_1_101' title="bbox 507 5443 2092 5516; baseline 0 -18"><span class='ocrx_word' id='word_1_769' title='bbox 507 5443 716 5498; x_wconf 78' lang='lat' dir='ltr'><strong>semine</strong></span> <span class='ocrx_word' id='word_1_770' title='bbox 759 5443 931 5497; x_wconf 77' lang='lat' dir='ltr'><strong>David</strong></span> <span class='ocrx_word' id='word_1_771' title='bbox 962 5454 1017 5499; x_wconf 89' lang='lat' dir='ltr'><strong>et</strong></span> <span class='ocrx_word' id='word_1_772' title='bbox 1062 5444 1356 5509; x_wconf 77' lang='lat' dir='ltr'><strong>Abraham,</strong></span> <span class='ocrx_word' id='word_1_773' title='bbox 1587 5447 1806 5500; x_wconf 78' lang='lat' dir='ltr'><strong>formari</strong></span> <span class='ocrx_word' id='word_1_774' title='bbox 1855 5447 2001 5499; x_wconf 87' lang='lat' dir='ltr'><strong>illttm</strong></span> <span class='ocrx_word' id='word_1_775' title='bbox 2042 5447 2092 5498; x_wconf 83' lang='lat' dir='ltr'><strong>iit</strong></span> 
     </span>
    </p>
   </div>
   <div class='ocr_carea' id='block_1_102' title="bbox 511 5537 2094 5609">
    <p class='ocr_par' dir='ltr' id='par_1_102' title="bbox 511 5537 2094 5609">
     <span class='ocr_line' id='line_1_102' title="bbox 511 5537 2094 5609; baseline 0 -20"><span class='ocrx_word' id='word_1_776' title='bbox 511 5547 698 5589; x_wconf 85' lang='lat' dir='ltr'><strong>sancta</strong></span> <span class='ocrx_word' id='word_1_777' title='bbox 726 5537 940 5606; x_wconf 84' lang='lat' dir='ltr'><strong>Virgine</strong></span> <span class='ocrx_word' id='word_1_778' title='bbox 961 5539 1190 5604; x_wconf 83' lang='lat' dir='ltr'><strong>curavit,</strong></span> <span class='ocrx_word' id='word_1_779' title='bbox 1209 5549 1368 5607; x_wconf 86' lang='lat' dir='ltr'><strong>atque</strong></span> <span class='ocrx_word' id='word_1_780' title='bbox 1388 5540 1527 5593; x_wconf 88' lang='lat' dir='ltr'><strong>buuc</strong></span> <span class='ocrx_word' id='word_1_781' title='bbox 1548 5540 1646 5593; x_wconf 79' lang='lat' dir='ltr'><strong>sibi</strong></span> <span class='ocrx_word' id='word_1_782' title='bbox 1675 5540 1774 5609; x_wconf 76' lang='lat' dir='ltr'><strong>ipsi</strong></span> <span class='ocrx_word' id='word_1_783' title='bbox 1799 5539 2094 5608; x_wconf 83' lang='lat' dir='ltr'><strong>copulavit,</strong></span> 
     </span>
    </p>
   </div>
   <div class='ocr_carea' id='block_1_103' title="bbox 513 5631 2096 5700">
    <p class='ocr_par' dir='ltr' id='par_1_103' title="bbox 513 5631 2096 5700">
     <span class='ocr_line' id='line_1_103' title="bbox 513 5631 2096 5700; baseline 0.003 -20"><span class='ocrx_word' id='word_1_784' title='bbox 513 5637 852 5699; x_wconf 87' lang='lat' dir='ltr'><strong>mortemque</strong></span> <span class='ocrx_word' id='word_1_785' title='bbox 902 5631 1135 5700; x_wconf 83' lang='lat' dir='ltr'><strong>experiri</strong></span> <span class='ocrx_word' id='word_1_786' title='bbox 1191 5632 1380 5695; x_wconf 86' lang='lat' dir='ltr'><strong>voluit,</strong></span> <span class='ocrx_word' id='word_1_787' title='bbox 1436 5647 1641 5685; x_wconf 83' lang='lat' dir='ltr'><strong>necnon</strong></span> <span class='ocrx_word' id='word_1_788' title='bbox 1693 5631 2010 5685; x_wconf 85' lang='lat' dir='ltr'><strong>suscitatum</strong></span> <span class='ocrx_word' id='word_1_789' title='bbox 2067 5646 2096 5685; x_wconf 89' lang='lat' dir='ltr'><strong>c</strong></span> 
     </span>
    </p>
   </div>
   <div class='ocr_carea' id='block_1_104' title="bbox 585 5801 1725 5875">
    <p class='ocr_par' dir='ltr' id='par_1_104' title="bbox 585 5801 1725 5875">
     <span class='ocr_line' id='line_1_104' title="bbox 585 5801 1725 5875; baseline 0.018 -21"><span class='ocrx_word' id='word_1_790' title='bbox 585 5801 891 5875; x_wconf 64' lang='lat' dir='ltr'><strong>&quot;EplthJ</strong></span> <span class='ocrx_word' id='word_1_791' title='bbox 946 5806 1153 5872; x_wconf 66' lang='lat'><strong>20,21.</strong></span> <span class='ocrx_word' id='word_1_792' title='bbox 1233 5806 1277 5837; x_wconf 73' lang='grc' dir='ltr'><strong>³ο</strong></span> <span class='ocrx_word' id='word_1_793' title='bbox 1309 5803 1351 5857; x_wconf 85' lang='grc' dir='ltr'><strong>ιι</strong></span> <span class='ocrx_word' id='word_1_794' title='bbox 1395 5805 1515 5859; x_wconf 70' lang='lat' dir='ltr'><strong>(Zur.</strong></span> <span class='ocrx_word' id='word_1_795' title='bbox 1561 5804 1725 5872; x_wconf 54' lang='grc' dir='ltr'>κλει-</span> 
     </span>
    </p>
   </div>
   <div class='ocr_carea' id='block_1_105' title="bbox 2209 4619 3796 4690">
    <p class='ocr_par' dir='ltr' id='par_1_105' title="bbox 2209 4619 3796 4690">
     <span class='ocr_line' id='line_1_105' title="bbox 2209 4619 3796 4690; baseline -0.001 -18"><span class='ocrx_word' id='word_1_796' title='bbox 2209 4620 2483 4690; x_wconf 88' lang='grc' dir='ltr'>ἁμαρτίαν</span> <span class='ocrx_word' id='word_1_797' title='bbox 2515 4620 2793 4690; x_wconf 81' lang='grc' dir='ltr'>ἐποίησεν,</span> <span class='ocrx_word' id='word_1_798' title='bbox 2836 4621 2924 4673; x_wconf 79' lang='grc' dir='ltr'>ἵνα</span> <span class='ocrx_word' id='word_1_799' title='bbox 2955 4621 3115 4688; x_wconf 81' lang='grc' dir='ltr'>ἡμεῖς</span> <span class='ocrx_word' id='word_1_800' title='bbox 3144 4619 3430 4689; x_wconf 86' lang='grc' dir='ltr'>γενώμεθα</span> <span class='ocrx_word' id='word_1_801' title='bbox 3474 4619 3796 4690; x_wconf 74' lang='grc' dir='ltr'>δικαιοσύνη</span> 
     </span>
    </p>
   </div>
   <div class='ocr_carea' id='block_1_106' title="bbox 2206 4709 3795 4782">
    <p class='ocr_par' dir='ltr' id='par_1_106' title="bbox 2206 4709 3795 4782">
     <span class='ocr_line' id='line_1_106' title="bbox 2206 4709 3795 4782; baseline 0.001 -17"><span class='ocrx_word' id='word_1_802' title='bbox 2206 4711 2341 4765; x_wconf 82' lang='grc' dir='ltr'>Θεοῦ</span> <span class='ocrx_word' id='word_1_803' title='bbox 2378 4713 2436 4764; x_wconf 82' lang='grc' dir='ltr'>ὲν</span> <span class='ocrx_word' id='word_1_804' title='bbox 2464 4711 2642 4782; x_wconf 73' lang='grc' dir='ltr'>αὐτῷ*</span> <span class='ocrx_word' id='word_1_805' title='bbox 2682 4729 2700 4761; x_wconf 84' lang='grc' dir='ltr'><strong>ι</strong></span> <span class='ocrx_word' id='word_1_806' title='bbox 2731 4711 2863 4764; x_wconf 75' lang='grc' dir='ltr'>ποτὲ</span> <span class='ocrx_word' id='word_1_807' title='bbox 2897 4711 2954 4763; x_wconf 80' lang='grc' dir='ltr'><strong>δὲ</strong></span> <span class='ocrx_word' id='word_1_808' title='bbox 2986 4710 3146 4763; x_wconf 84' lang='grc' dir='ltr'>πάλιν</span> <span class='ocrx_word' id='word_1_809' title='bbox 3171 4725 3184 4738; x_wconf 86' lang='grc'><strong>·</strong></span> <span class='ocrx_word' id='word_1_810' title='bbox 3228 4729 3246 4762; x_wconf 78' lang='grc' dir='ltr'><strong>ι</strong></span> <span class='ocrx_word' id='word_1_811' title='bbox 3291 4711 3388 4772; x_wconf 80' lang='grc' dir='ltr'>’ος</span> <span class='ocrx_word' id='word_1_812' title='bbox 3428 4727 3492 4779; x_wconf 89' lang='grc' dir='ltr'><strong>γε</strong></span> <span class='ocrx_word' id='word_1_813' title='bbox 3525 4709 3619 4762; x_wconf 88' lang='grc' dir='ltr'><strong>τοῦ</strong></span> <span class='ocrx_word' id='word_1_814' title='bbox 3657 4710 3795 4766; x_wconf 83' lang='grc' dir='ltr'>ἰδίου</span> 
     </span>
    </p>
   </div>
   <div class='ocr_carea' id='block_1_107' title="bbox 2209 4802 3799 4874">
    <p class='ocr_par' dir='ltr' id='par_1_107' title="bbox 2209 4802 3799 4874">
     <span class='ocr_line' id='line_1_107' title="bbox 2209 4802 3799 4874; baseline -0.003 -16"><span class='ocrx_word' id='word_1_815' title='bbox 2209 4804 2338 4858; x_wconf 84' lang='grc' dir='ltr'>Υἰοῦ</span> <span class='ocrx_word' id='word_1_816' title='bbox 2379 4805 2480 4859; x_wconf 89' lang='grc' dir='ltr'><strong>οὑκ</strong></span> <span class='ocrx_word' id='word_1_817' title='bbox 2510 4805 2786 4874; x_wconf 79' lang='grc' dir='ltr'>ἐφείσατο,</span> <span class='ocrx_word' id='word_1_818' title='bbox 2827 4802 2940 4856; x_wconf 82' lang='grc' dir='ltr'>ἀλλ’</span> <span class='ocrx_word' id='word_1_819' title='bbox 2974 4802 3113 4873; x_wconf 82' lang='grc' dir='ltr'>ὑπὲρ</span> <span class='ocrx_word' id='word_1_820' title='bbox 3138 4802 3296 4874; x_wconf 77' lang='grc' dir='ltr'>ἡμῶν</span> <span class='ocrx_word' id='word_1_821' title='bbox 3329 4804 3590 4856; x_wconf 83' lang='grc' dir='ltr'>ἁπάντων</span> <span class='ocrx_word' id='word_1_822' title='bbox 3643 4819 3799 4872; x_wconf 72' lang='grc' dir='ltr'>παρ-</span> 
     </span>
    </p>
   </div>
   <div class='ocr_carea' id='block_1_108' title="bbox 2208 4891 3801 4964">
    <p class='ocr_par' dir='ltr' id='par_1_108' title="bbox 2208 4891 3801 4964">
     <span class='ocr_line' id='line_1_108' title="bbox 2208 4891 3801 4964; baseline -0.002 -18"><span class='ocrx_word' id='word_1_823' title='bbox 2208 4894 2408 4948; x_wconf 80' lang='grc' dir='ltr'>έδωκεν</span> <span class='ocrx_word' id='word_1_824' title='bbox 2424 4895 2607 4954; x_wconf 88' lang='grc' dir='ltr'>αὑτὸν.</span> <span class='ocrx_word' id='word_1_825' title='bbox 2627 4895 2715 4947; x_wconf 76' lang='grc' dir='ltr'>ἵνα</span> <span class='ocrx_word' id='word_1_826' title='bbox 2744 4895 2840 4948; x_wconf 74' lang='grc' dir='ltr'>καὶ</span> <span class='ocrx_word' id='word_1_827' title='bbox 2871 4893 2968 4946; x_wconf 80' lang='grc' dir='ltr'><strong>σὺν</strong></span> <span class='ocrx_word' id='word_1_828' title='bbox 2996 4894 3145 4964; x_wconf 80' lang='grc' dir='ltr'>αὑτῷ</span> <span class='ocrx_word' id='word_1_829' title='bbox 3173 4893 3242 4946; x_wconf 76' lang='grc' dir='ltr'>τὰ</span> <span class='ocrx_word' id='word_1_830' title='bbox 3272 4894 3449 4948; x_wconf 80' lang='grc' dir='ltr'>πάντα</span> <span class='ocrx_word' id='word_1_831' title='bbox 3473 4895 3604 4962; x_wconf 80' lang='grc' dir='ltr'>ἡμῖν</span> <span class='ocrx_word' id='word_1_832' title='bbox 3635 4891 3801 4962; x_wconf 79' lang='grc' dir='ltr'>χαρί-</span> 
     </span>
    </p>
   </div>
   <div class='ocr_carea' id='block_1_109' title="bbox 2207 4980 3800 5054">
    <p class='ocr_par' dir='ltr' id='par_1_109' title="bbox 2207 4980 3800 5054">
     <span class='ocr_line' id='line_1_109' title="bbox 2207 4980 3800 5054; baseline -0.002 -17"><span class='ocrx_word' id='word_1_833' title='bbox 2207 5001 2388 5054; x_wconf 87' lang='grc' dir='ltr'>σηται.</span> <span class='ocrx_word' id='word_1_834' title='bbox 2423 5004 2442 5034; x_wconf 70' lang='grc' dir='ltr'><strong>ι</strong></span> <span class='ocrx_word' id='word_1_835' title='bbox 2480 4980 2604 5054; x_wconf 62' lang='lat' dir='ltr'><strong>&#39;Ap’</strong></span> <span class='ocrx_word' id='word_1_836' title='bbox 2625 4980 2735 5037; x_wconf 83' lang='grc' dir='ltr'>οὖν·</span> <span class='ocrx_word' id='word_1_837' title='bbox 2756 4983 2856 5036; x_wconf 89' lang='grc' dir='ltr'><strong>οὑκ</strong></span> <span class='ocrx_word' id='word_1_838' title='bbox 2887 4982 3016 5036; x_wconf 83' lang='grc' dir='ltr'>εὑθὺ</span> <span class='ocrx_word' id='word_1_839' title='bbox 3053 4982 3258 5036; x_wconf 82' lang='grc' dir='ltr'>σκοποῦ</span> <span class='ocrx_word' id='word_1_840' title='bbox 3286 4983 3394 5036; x_wconf 80' lang='grc' dir='ltr'><strong>τῶν</strong></span> <span class='ocrx_word' id='word_1_841' title='bbox 3421 4982 3583 5036; x_wconf 81' lang='grc' dir='ltr'>ἱεοῶν</span> <span class='ocrx_word' id='word_1_842' title='bbox 3605 4982 3800 5053; x_wconf 80' lang='grc' dir='ltr'>Γραμ-</span> 
     </span>
    </p>
   </div>
   <div class='ocr_carea' id='block_1_110' title="bbox 2207 5075 3180 5148">
    <p class='ocr_par' dir='ltr' id='par_1_110' title="bbox 2207 5075 3180 5148">
     <span class='ocr_line' id='line_1_110' title="bbox 2207 5075 3180 5148; baseline 0.001 -19"><span class='ocrx_word' id='word_1_843' title='bbox 2207 5078 2393 5146; x_wconf 82' lang='grc' dir='ltr'>μάτων</span> <span class='ocrx_word' id='word_1_844' title='bbox 2429 5077 2458 5128; x_wconf 85' lang='grc' dir='ltr'>ὁ</span> <span class='ocrx_word' id='word_1_845' title='bbox 2488 5078 2624 5147; x_wconf 81' lang='grc' dir='ltr'>πρὸς</span> <span class='ocrx_word' id='word_1_846' title='bbox 2651 5075 2810 5148; x_wconf 77' lang='grc' dir='ltr'>ἡμῶν</span> <span class='ocrx_word' id='word_1_847' title='bbox 2845 5079 2960 5129; x_wconf 82' lang='grc' dir='ltr'>ἐστι</span> <span class='ocrx_word' id='word_1_848' title='bbox 2989 5076 3180 5146; x_wconf 81' lang='grc' dir='ltr'>λόγος;</span> 
     </span>
    </p>
   </div>
   <div class='ocr_carea' id='block_1_111' title="bbox 2275 5169 2765 5239">
    <p class='ocr_par' dir='ltr' id='par_1_111' title="bbox 2275 5169 2765 5239">
     <span class='ocr_line' id='line_1_111' title="bbox 2275 5169 2765 5239; baseline 0.006 -19"><span class='ocrx_word' id='word_1_849' title='bbox 2275 5169 2333 5222; x_wconf 87' lang='grc' dir='ltr'><strong>Β.</strong></span> <span class='ocrx_word' id='word_1_850' title='bbox 2379 5169 2502 5233; x_wconf 83' lang='grc' dir='ltr'>Πῶς</span> <span class='ocrx_word' id='word_1_851' title='bbox 2529 5169 2636 5239; x_wconf 77' lang='grc' dir='ltr'>γὰρ</span> <span class='ocrx_word' id='word_1_852' title='bbox 2669 5169 2765 5234; x_wconf 76' lang='grc' dir='ltr'>οὑ;</span> 
     </span>
    </p>
   </div>
   <div class='ocr_carea' id='block_1_112' title="bbox 2270 5260 3790 5333">
    <p class='ocr_par' dir='ltr' id='par_1_112' title="bbox 2270 5260 3790 5333">
     <span class='ocr_line' id='line_1_112' title="bbox 2270 5260 3790 5333; baseline -0.001 -19"><span class='ocrx_word' id='word_1_853' title='bbox 2270 5264 2334 5316; x_wconf 82' lang='grc' dir='ltr'><strong>Δ.</strong></span> <span class='ocrx_word' id='word_1_854' title='bbox 2382 5262 2441 5314; x_wconf 77' lang='lat' dir='ltr'><strong>Ei</strong></span> <span class='ocrx_word' id='word_1_855' title='bbox 2467 5261 2522 5315; x_wconf 80' lang='grc' dir='ltr'>δὲ</span> <span class='ocrx_word' id='word_1_856' title='bbox 2554 5262 2636 5333; x_wconf 86' lang='grc' dir='ltr'><strong>δὴ,</strong></span> <span class='ocrx_word' id='word_1_857' title='bbox 2672 5263 2816 5316; x_wconf 87' lang='grc' dir='ltr'>καθά</span> <span class='ocrx_word' id='word_1_858' title='bbox 2845 5279 3010 5331; x_wconf 80' lang='grc' dir='ltr'>φασιν</span> <span class='ocrx_word' id='word_1_859' title='bbox 3041 5261 3093 5316; x_wconf 77' lang='grc' dir='ltr'><strong>οἱ</strong></span> <span class='ocrx_word' id='word_1_860' title='bbox 3126 5263 3190 5316; x_wconf 80' lang='grc' dir='ltr'>δι’</span> <span class='ocrx_word' id='word_1_861' title='bbox 3234 5260 3484 5324; x_wconf 72' lang='grc' dir='ltr'>ἐναντίας</span> <span class='ocrx_word' id='word_1_862' title='bbox 3519 5260 3615 5313; x_wconf 77' lang='grc' dir='ltr'>καὶ</span> <span class='ocrx_word' id='word_1_863' title='bbox 3650 5277 3790 5330; x_wconf 86' lang='grc' dir='ltr'>φρο-</span> 
     </span>
    </p>
   </div>
   <div class='ocr_carea' id='block_1_113' title="bbox 2201 5353 3795 5427">
    <p class='ocr_par' dir='ltr' id='par_1_113' title="bbox 2201 5353 3795 5427">
     <span class='ocr_line' id='line_1_113' title="bbox 2201 5353 3795 5427; baseline 0 -21"><span class='ocrx_word' id='word_1_864' title='bbox 2201 5355 2311 5407; x_wconf 88' lang='grc' dir='ltr'>νεῖν</span> <span class='ocrx_word' id='word_1_865' title='bbox 2338 5353 2664 5423; x_wconf 85' lang='grc' dir='ltr'>ὲγνώκασιν,</span> <span class='ocrx_word' id='word_1_866' title='bbox 2686 5358 2716 5408; x_wconf 84' lang='grc' dir='ltr'>ὁ</span> <span class='ocrx_word' id='word_1_867' title='bbox 2749 5355 3043 5427; x_wconf 79' lang='grc' dir='ltr'>μονογενὴς</span> <span class='ocrx_word' id='word_1_868' title='bbox 3085 5356 3181 5410; x_wconf 84' lang='grc' dir='ltr'><strong>τοῦ</strong></span> <span class='ocrx_word' id='word_1_869' title='bbox 3211 5355 3347 5408; x_wconf 79' lang='grc' dir='ltr'>Θεοῦ</span> <span class='ocrx_word' id='word_1_870' title='bbox 3381 5355 3574 5422; x_wconf 84' lang='grc' dir='ltr'>Λόγος,</span> <span class='ocrx_word' id='word_1_871' title='bbox 3607 5353 3795 5406; x_wconf 74' lang='grc' dir='ltr'>λαϐὼν</span> 
     </span>
    </p>
   </div>
   <div class='ocr_carea' id='block_1_114' title="bbox 2195 5445 3793 5519">
    <p class='ocr_par' dir='ltr' id='par_1_114' title="bbox 2195 5445 3793 5519">
     <span class='ocr_line' id='line_1_114' title="bbox 2195 5445 3793 5519; baseline -0.002 -17"><span class='ocrx_word' id='word_1_872' title='bbox 2195 5447 2482 5516; x_wconf 84' lang='grc' dir='ltr'>ἄνθρωπον</span> <span class='ocrx_word' id='word_1_873' title='bbox 2535 5449 2598 5500; x_wconf 84' lang='grc' dir='ltr'>ἐκ</span> <span class='ocrx_word' id='word_1_874' title='bbox 2649 5447 2967 5519; x_wconf 80' lang='grc' dir='ltr'>σπέρματος</span> <span class='ocrx_word' id='word_1_875' title='bbox 3013 5448 3105 5502; x_wconf 84' lang='grc' dir='ltr'><strong>τοῦ</strong></span> <span class='ocrx_word' id='word_1_876' title='bbox 3156 5446 3446 5500; x_wconf 76' lang='grc' dir='ltr'>θεσπεσίου</span> <span class='ocrx_word' id='word_1_877' title='bbox 3495 5445 3661 5499; x_wconf 76' lang='grc' dir='ltr'>Δαὸὶδ</span> <span class='ocrx_word' id='word_1_878' title='bbox 3695 5446 3793 5499; x_wconf 79' lang='grc' dir='ltr'>καὶ</span> 
     </span>
    </p>
   </div>
   <div class='ocr_carea' id='block_1_115' title="bbox 2209 5539 3789 5612">
    <p class='ocr_par' dir='ltr' id='par_1_115' title="bbox 2209 5539 3789 5612">
     <span class='ocr_line' id='line_1_115' title="bbox 2209 5539 3789 5612; baseline -0.001 -20"><span class='ocrx_word' id='word_1_879' title='bbox 2209 5539 2482 5610; x_wconf 71' lang='grc' dir='ltr'>Ἁϐραάμ,</span> <span class='ocrx_word' id='word_1_880' title='bbox 2519 5539 2820 5608; x_wconf 80' lang='grc' dir='ltr'>πλασθῆναι</span> <span class='ocrx_word' id='word_1_881' title='bbox 2867 5541 2962 5610; x_wconf 77' lang='grc' dir='ltr'><strong>μὲν</strong></span> <span class='ocrx_word' id='word_1_882' title='bbox 2999 5543 3059 5593; x_wconf 87' lang='grc' dir='ltr'>ὲν</span> <span class='ocrx_word' id='word_1_883' title='bbox 3088 5545 3154 5612; x_wconf 79' lang='grc' dir='ltr'>τῇ</span> <span class='ocrx_word' id='word_1_884' title='bbox 3188 5541 3320 5611; x_wconf 77' lang='grc' dir='ltr'>ἁγίᾳ</span> <span class='ocrx_word' id='word_1_885' title='bbox 3353 5539 3618 5608; x_wconf 82' lang='grc' dir='ltr'>Παρθένῳ</span> <span class='ocrx_word' id='word_1_886' title='bbox 3646 5555 3789 5608; x_wconf 75' lang='grc' dir='ltr'>παρο</span> 
     </span>
    </p>
   </div>
   <div class='ocr_carea' id='block_1_116' title="bbox 2200 5630 3787 5703">
    <p class='ocr_par' dir='ltr' id='par_1_116' title="bbox 2200 5630 3787 5703">
     <span class='ocr_line' id='line_1_116' title="bbox 2200 5630 3787 5703; baseline 0.001 -23"><span class='ocrx_word' id='word_1_887' title='bbox 2200 5630 2465 5684; x_wconf 84' lang='grc' dir='ltr'>εσκεύασὲ</span> <span class='ocrx_word' id='word_1_888' title='bbox 2495 5649 2551 5684; x_wconf 87' lang='grc' dir='ltr'><strong>τε</strong></span> <span class='ocrx_word' id='word_1_889' title='bbox 2593 5633 2684 5684; x_wconf 69' lang='grc' dir='ltr'><strong>καὶ</strong></span> <span class='ocrx_word' id='word_1_890' title='bbox 2709 5631 2890 5685; x_wconf 85' lang='grc' dir='ltr'>τοῦτον</span> <span class='ocrx_word' id='word_1_891' title='bbox 2921 5632 3099 5703; x_wconf 79' lang='grc' dir='ltr'>ἑαυτῷ</span> <span class='ocrx_word' id='word_1_892' title='bbox 3150 5633 3376 5702; x_wconf 56' lang='grc' dir='ltr'>συνῆψε,</span> <span class='ocrx_word' id='word_1_893' title='bbox 3411 5631 3504 5685; x_wconf 67' lang='grc' dir='ltr'><strong>καὶ</strong></span> <span class='ocrx_word' id='word_1_894' title='bbox 3549 5630 3787 5684; x_wconf 82' lang='grc' dir='ltr'>θανάτου</span> 
     </span>
    </p>
   </div>
   <div class='ocr_carea' id='block_1_117' title="bbox 1811 5801 2325 5866">
    <p class='ocr_par' dir='ltr' id='par_1_117' title="bbox 1811 5801 2325 5866">
     <span class='ocr_line' id='line_1_117' title="bbox 1811 5801 2325 5866; baseline 0.008 -14"><span class='ocrx_word' id='word_1_895' title='bbox 1811 5803 1851 5831; x_wconf 61' lang='grc' dir='ltr'>δ’</span> <span class='ocrx_word' id='word_1_896' title='bbox 1897 5801 2051 5856; x_wconf 77' lang='lat' dir='ltr'><strong>Rom.</strong></span> <span class='ocrx_word' id='word_1_897' title='bbox 2089 5819 2206 5866; x_wconf 75' lang='grc' dir='ltr'>γιιι,</span> <span class='ocrx_word' id='word_1_898' title='bbox 2238 5801 2325 5856; x_wconf 70' lang='lat'><strong>3&#39;3.</strong></span> 
     </span>
    </p>
   </div>
  </div>
