4050 6412
218 340 373 396 1281

1307 396 1317 407 .
1371 346 1562 413 QUOD
1601 351 1794 413 UNUS
1830 353 1943 413 SIT
1979 358 2358 419 CHRISTUS.

3389 368 3527 424 ηδε

221 452 543 521 πεποίηκεν
569 454 650 517 εἰς
678 457 875 526 πεῖραν
902 454 1097 518 ἐλθεῖν,
1128 455 1221 508 καὶ
1254 457 1359 528 μὴν
1389 460 1482 512 καὶ
1514 461 1738 532 ἐγείρας
1766 466 1817 518 ὲν

1938 471 2169 525 mortuis
2190 473 2253 527 in
2284 472 2483 527 coelum
2514 476 2757 545 sustulit,
2789 484 2845 533 et
2894 477 2963 533 ad
2993 477 3280 535 dexteram
3320 480 3413 536 Dei
3445 497 3527 538 se-

219 542 452 612 νεκρῶν
482 544 810 615 ἀνεκόμισεν
837 549 915 609 είς
943 549 1038 599 τὸν
1080 547 1331 618 οὐρανὸν,
1362 550 1456 601 καὶ
1484 551 1740 607 ἐκάθισεν
1772 555 1831 607 ὲν

215 633 386 706 δεξιᾷ
436 636 529 691 τοῦ
573 637 709 691 Θεοῦ
735 654 750 668 ·
785 639 1079 710 περιττῶς,
1129 640 1413 743 ὼςὶέοικε,
1448 642 1584 714 πρός
1630 661 1687 697 τε
1724 645 1830 700 τῶν

230 724 327 743 ιη,
569 728 581 743 .
826 732 837 743 .
971 732 983 743 .
1146 735 1158 743 .
1368 733 1381 743 .
1436 733 1462 743 -
1632 737 1643 743 -
1694 738 1706 743 -
1782 738 1791 743 .

217 724 414 792 ἁγίων
443 728 719 797 πατέρων,
753 732 847 785 καὶ
878 732 1017 803 πρός
1039 749 1103 800 γε
1139 724 1296 803 ημῶν
1322 733 1523 798 αὐτῶν,
1560 737 1655 790 καὶ
1683 738 1831 792 ἁπά-

214 832 336 885 σης
378 835 441 886 γε
473 818 574 888 τῆς
620 819 983 876 θεοπνεύστου
1019 824 1243 896 Γραφῆς
1276 825 1698 900 ὲνανθρωπῆσαι
1746 830 1833 885 λέ-

232 926 410 977 γεται
437 926 449 939 ·
480 912 632 981 δηλοῖ
677 914 808 986 γὰρ,
851 912 1025 984 οἶμαι,
1064 918 1234 981 τουτὶ,
1269 920 1360 972 καὶ
1392 918 1578 991 ἕτερον
1605 923 1778 989 οὐδὲν,
1803 925 1832 977 6

184 990 514 1072 ’πάνσοφος
554 1004 828 1075 Ἰωάννης,
861 1006 1178 1077 γεγραφὼς,
1205 1008 1288 1063 ὅτι
1327 1027 1346 1061 ι
1397 1010 1458 1063 '0
1485 990 1660 1080 Λόγος
1692 1013 1831 1084 σὰρξ

215 1093 476 1159 ὶγὲνετο.
509 1113 526 1146 ι
571 1094 1002 1169 Ἀντέστραπται
1036 1097 1117 1165 δὲ,
1170 1101 1312 1156 κατὰ
1358 1101 1419 1154 τὸ
1470 1103 1639 1169 εἰκὸς,
1692 1104 1830 1173 πρὸς

211 1186 343 1236 πᾶν
371 1186 705 1249 τούναντίον,
738 1188 837 1259 τῆς
870 1190 1011 1261 μετὰ
1059 1193 1262 1264 σαρκὸς
1286 1195 1597 1266 οἰκονομίας
1625 1196 1686 1251 τὸ
1723 1215 1828 1268 μυ-

208 1276 479 1346 στήριον.
513 1278 586 1332 Οὐ
612 1279 721 1351 γὰρ
752 1279 901 1335 ἔστιν
950 1281 1097 1346 ἰδεῖν,
1140 1284 1217 1347 ὡς
1256 1285 1388 1350 Θεὸς
1414 1286 1490 1341 ὣν
1529 1289 1690 1357 φύσει
1734 1293 1831 1346 καὶ

208 1366 288 1418 ὲκ
344 1367 482 1420 Θεοῦ
530 1371 789 1441 πεφηνὼς
823 1374 852 1425 6
888 1373 1080 1443 Λόγος,
1126 1376 1371 1447 καθῆκεν
1404 1380 1592 1435 ἑαυτὸν
1627 1384 1707 1444 είς
1737 1385 1828 1437 κέ-

210 1475 432 1523 νωσιν,
488 1462 701 1534 μορφὴν
752 1463 940 1519 δούλου
990 1465 1211 1533 λαϐὼν,
1274 1471 1368 1524 καὶ
1424 1474 1827 1529 τεταπείνωκεν

209 1553 445 1617 ἑαυτὸν,
500 1554 615 1608 ἀλλ’
654 1556 719 1610 ἐκ
757 1575 820 1626 γε
866 1558 973 1613 τῶν
1018 1561 1298 1629 ἐναντίων,
1341 1566 1677 1638 ἀνεκομίσθη
1725 1569 1827 1641 μὲν

208 1642 517 1714 ἄνθρωπος
552 1646 633 1709 τίς
662 1646 758 1719 τὴν
790 1650 889 1722 τῆς
930 1650 1181 1725 θεότητος
1219 1654 1397 1722 δόξαν,
1432 1660 1525 1711 καὶ
1553 1659 1654 1731 τὴν
1685 1662 1827 1717 κατὰ

214 1736 456 1790 πᾶντων
505 1737 804 1810 ὑπεροχὴν,
840 1741 1000 1796 ἔλαϐε
1041 1744 1096 1797 δὲ
1130 1747 1224 1799 καὶ
1270 1747 1406 1802 Θεοῦ
1444 1754 1682 1820 μορφὴν,
1729 1754 1825 1807 καὶ

1932 561 2062 617 dere
2086 564 2270 632 jussit,
2324 581 2749 637 supervacauee,
2783 576 2841 624 ut
2872 570 3106 637 videtur,
3134 585 3167 625 a
3196 572 3400 627 sanctis
3430 571 3532 626 Pa-

1934 658 2128 725 tribus,
2153 669 2210 713 et
2245 676 2275 714 a
2303 660 2457 716 nobis
2485 663 2637 732 ipsis,
2670 674 2835 734 atque
2867 665 3006 722 adeo
3036 664 3108 721 ab
3137 666 3392 722 universa
3443 681 3531 722 sa-

1932 764 2026 804 cra
2071 758 2126 804 et
2163 751 2424 809 divinitus
2466 754 2731 824 inspirata
2774 753 3059 827 Scriptura
3102 757 3268 813 homo
3322 758 3531 813 factum

1933 853 2057 896 esse
2080 841 2301 898 dicitur.
2335 841 2449 900 lloc
2478 847 2647 911 enim,
2684 860 2860 916 neque
2893 848 3039 902 aliud
3071 848 3369 919 quidquam
3399 851 3532 905 mihi

1931 929 2243 1000 signiﬁcare
2276 933 2492 989 videtur
2535 937 2978 1004 sapientissimus
3022 935 3263 995 Joannes
3293 953 3417 995 cum
3452 939 3534 994 in-

1932 1021 2093 1090 quit:
2130 1039 2149 1073 ι
2179 1020 2420 1078 Verbum
2465 1039 2595 1081 caro
2636 1026 2838 1082 factum
2884 1038 2988 1084 est.
3019 1047 3038 1082 ι
3074 1027 3181 1084 Sed
3211 1029 3528 1085 universum

1932 1112 2429 1171 administrationis
2463 1116 2518 1171 in
2549 1132 2715 1173 carne
2748 1121 3073 1191 mysterium
3113 1120 3273 1191 plane
3311 1122 3369 1177 in
3398 1134 3529 1177 con-

1933 1203 2156 1258 trarium
2202 1205 2524 1262 mutabitur.
2574 1205 2762 1276 Neque
2794 1207 2939 1262 enim
2986 1207 3130 1264 Deus
3161 1199 3353 1265 natura
3382 1211 3529 1266 exsi-

1931 1301 2083 1347 stens
2115 1306 2281 1364 atque
2334 1309 2400 1351 ex
2443 1296 2554 1353 Deo
2597 1297 2861 1364 Verbum,
2910 1300 3147 1372 seipsum
3177 1303 3245 1358 ad
3272 1301 3527 1359 exinani-

1933 1383 2132 1439 tionem
2173 1384 2461 1444 demisisse
2495 1389 2761 1457 cernitur,
2804 1405 2981 1462 neque
3038 1391 3407 1448 humiliaverit
3441 1406 3528 1448 se-

1932 1476 2109 1547 ipsum
2142 1499 2156 1534 :
2189 1480 2284 1535 sed
2314 1495 2346 1538 e
2373 1483 2648 1539 contrario
2677 1485 2881 1542 relatus
2919 1487 3137 1557 quidem
3175 1488 3337 1544 fuerit
3366 1489 3528 1545 homo

1932 1569 1987 1623 in
2022 1570 2241 1626 deitatis
2262 1571 2512 1642 gloriam,
2543 1576 2706 1645 inque
2732 1579 3119 1637 excellentiam
3151 1582 3394 1639 omnium
3428 1598 3522 1637 su-

1929 1676 2205 1731 premam;
2232 1668 2507 1736 acceperit
2530 1684 2659 1725 vero
2688 1680 2742 1726 et
2764 1672 2996 1728 formam
3024 1673 3142 1740 Dei,
3168 1685 3225 1730 et
3253 1675 3527 1733 exaltatus

1930 1750 2114 1819 fuerit,
2156 1769 2402 1815 assessor
2432 1756 2576 1815 Patri
2615 1760 2817 1818 factus.
2857 1763 3014 1823 Anne
3046 1764 3143 1820 tibi
3175 1781 3304 1823 vere
3344 1767 3527 1825 dicere

216 1826 423 1896 ὑψώθη
448 1828 670 1898 μᾶλλον,
702 1830 989 1902 σύνθρονος
1020 1835 1261 1904 γεγονὼς
1288 1837 1367 1908 τῷ
1396 1840 1594 1911 Πατρί.
1624 1836 1701 1897 Ἦ
1726 1844 1825 1897 ούκ
1861 1832 1902 1887 Β
1934 1844 2157 1901 videor?

210 1915 450 1985 ἀληθὲς,
480 1917 509 1970 ὅ
538 1933 681 1989 φημι
702 1936 718 1984 ;

296 2008 361 2059 Β.
405 2008 728 2064 Παντάπασι
765 2011 867 2081 μὲν
899 2007 1012 2068 οὖν.

294 2100 361 2154 Α.
405 2100 467 2153 Εἰ
520 2100 578 2154 δὲ
627 2102 850 2174 ἀληθὲς,
895 2105 1040 2160 καθά
1079 2124 1233 2177 φασι,
1283 2110 1379 2162 καὶ
1412 2110 1693 2182 ἀπηξίωσε
1727 2115 1823 2188 τὴν

212 2193 540 2266 οἰκονομίαν
575 2197 603 2249 6
629 2196 964 2269 Μονογενὴς,
1001 2200 1160 2264 ποίας
1190 2199 1270 2254 ἔτι
1301 2204 1709 2275 κατεφρόνησεν
1738 2210 1824 2261 ati-

215 2279 466 2351 σχύνης;
509 2284 612 2337 ποῦ
662 2283 719 2338 δὲ
766 2286 992 2355 γέγονεν
1031 2288 1274 2358 ὑπήκοος
1310 2290 1388 2363 τῷ
1424 2294 1599 2367 Πατρὶ
1655 2298 1822 2369 μέχρι

215 2372 482 2440 θανάτου,
524 2373 754 2430 θανάτου
781 2377 837 2430 δὲ
869 2380 1135 2450 σταυροῦς
1176 2382 1284 2435 Καὶ
1314 2385 1364 2436 εί
1399 2383 1577 2440 λαϐὼν
1606 2386 1819 2461 ἄνθρω-

214 2480 348 2530 πον,
382 2464 559 2541 ἤγαγε
592 2466 691 2536 μὲν
742 2467 840 2520 καὶ
872 2469 952 2533 είς
1001 2472 1198 2541 πεῖραν
1225 2472 1389 2527 αὑτὸν
1418 2475 1512 2529 τοῦ
1560 2476 1816 2547 θανάτου,

214 2555 566 2626 ἀνακομίσας
614 2558 671 2611 δὲ
724 2559 822 2613 καὶ
860 2562 941 2623 είς
977 2561 1246 2631 οὐρανοὺς
1274 2565 1528 2639 σύνεδρον
1568 2570 1817 2641 ἀπέφηνε

213 2648 301 2720 τῷ
334 2650 533 2720 Πατρὶ,
566 2653 658 2703 ποῖ
684 2650 749 2722 δὴ
776 2651 886 2724 ἄρα
914 2652 1099 2708 λοιπὸν
1135 2657 1163 2709 6
1194 2656 1360 2710 αὑτοῦ
1402 2665 1652 2727 φανεῖται
1682 2662 1813 2733 θρόο

216 2759 332 2807 νος,
370 2744 531 2813 εἴπερ
570 2743 629 2795 οὐ
674 2742 768 2796 δύο
808 2746 972 2813 φασὶν
1016 2748 1188 2812 υἱοὺς,
1237 2748 1331 2802 ἕνα
1360 2750 1418 2803 δὲ
1475 2753 1676 2823 μᾶλλον
1724 2755 1817 2809 τὸν

217 2832 637 2903 συνεδρεύοντα,
684 2833 778 2887 τὸν
816 2838 880 2889 ὲκ
915 2837 1231 2908 σπέρματος
1269 2840 1513 2911 δηλονότι
1561 2843 1726 2897 Δαϐίδ
1756 2863 1816 2899 τε

216 2926 317 2979 καὶ
368 2925 658 2998 Ἀϐραάμ;
708 2927 825 2990 πῶς
856 2928 901 2981 δ’
931 2929 996 2983 ἂν
1029 2931 1124 2994 καὶ
1170 2932 1332 2995 αὐτὸς
1373 2935 1570 3008 Σωτὴρ
1607 2936 1818 3007 λέγοιτο

216 3016 476 3084 γενέσθαι
504 3018 600 3073 τοῦ
636 3019 871 3090 κόσμου,
912 3022 1006 3076 καὶ
1038 3024 1158 3096 οὐχ).
1185 3024 1251 3096 δὴ
1287 3027 1491 3098 μᾶλλον
1523 3029 1813 3100 ἀνθρώπου

216 3110 504 3181 πρόξενος,
536 3111 657 3183 ἦτοι
685 3113 1124 3184 παρακομιστὴς,
1144 3114 1210 3168 δι’
1237 3111 1297 3170 οὗ
1330 3117 1425 3170 καὶ
1455 3118 1777 3190 σεσώσμεθα
1795 3136 1809 3150 ·

216 3204 317 3259 καὶ
361 3203 514 3267 τέλος
552 3203 723 3273 νόμου
756 3208 852 3257 καὶ
902 3205 1201 3276 προφητῶν
1239 3207 1462 3276 γέγονεν
1496 3209 1808 3280 ἄνθρωπος,

214 3297 409 3368 ἔτερος
451 3294 528 3351 ὣν
568 3296 700 3369 παρ’
754 3295 940 3351 αὐτόν.
974 3296 1143 3350 Λαλεί
1187 3297 1295 3370 γὰρ
1327 3301 1355 3353 6
1388 3299 1551 3369 νόμος
1582 3302 1645 3355 τὸ
1674 3303 1813 3375 Χρι-

215 3387 351 3443 στοῦ
382 3386 704 3459 μυστήριον,
741 3387 835 3440 καὶ
863 3388 991 3457 περὶ
1020 3388 1187 3443 αὑτοῦ
1213 3389 1490 3461 γέγραφεν
1528 3395 1556 3445 6
1583 3392 1810 3465 Μωσῆς,

214 3478 276 3544 ὸς
295 3480 392 3533 καὶ
410 3477 635 3546 γέγονεν
652 3479 685 3548 ή
693 3480 783 3548 μίν
814 3478 1163 3548 παιδαγωγὸς
1194 3481 1282 3534 ἐπ’
1303 3484 1487 3538 αὐτόν.
1507 3485 1727 3557 Οῖχεται
1755 3488 1812 3542 δέ

215 3589 325 3626 που
352 3569 491 3641 πρὸς
516 3568 578 3623 τὸ
601 3570 770 3641 μηδὲν
784 3572 819 3642 ὴ
836 3570 1037 3636 πίστις,
1060 3572 1210 3644 ἔρρει
1230 3574 1336 3645 γάρ
1354 3592 1367 3605 ο
1388 3576 1521 3629 ὅπου
1542 3576 1598 3631 δὲ
1618 3595 1815 3635 παντε-

214 3664 350 3728 λῶς,
364 3663 519 3717 οὐδὲν
536 3664 597 3716 τὸ
611 3663 809 3718 σεπτὸν
823 3665 856 3736 ή
863 3664 978 3735 μῶν
998 3667 1317 3740 μυστήριον.
1338 3669 1403 3722 Ὃ
1425 3669 1489 3741 δὴ
1507 3672 1602 3726 καὶ
1627 3671 1655 3722 ὁ
1672 3688 1812 3727 παν-

215 3759 442 3829 άριστος
486 3756 697 3821 Παῦλος
731 3757 1027 3830 διατρανοῖ,
1059 3759 1232 3829 λέγων
1253 3777 1266 3790 ⁸
1309 3782 1327 3815 ι
1357 3762 1449 3835 Μὴ
1466 3765 1625 3837 εῑπῃς
1651 3767 1709 3819 ὲν
1744 3768 1809 3837 τῇ

214 3852 421 3925 καρδίᾳ
470 3866 597 3906 σου*
632 3851 728 3915 Τίς
770 3853 1104 3926 ἀναϐήσεται
1152 3856 1232 3920 εἰς
1274 3855 1365 3910 τὸν
1396 3858 1658 3931 οὐρανόν;
1688 3877 1813 3912 του-

213 3942 370 3997 τέστι
399 3940 638 4014 Χριστὸν
668 3945 1025 4012 καταγαγεῖν,
1053 3943 1191 4015 ῆτίς
1210 3945 1584 4017 καταϐήσεται
1605 3950 1685 4012 εἰς
1713 3949 1812 4020 τὴν

215 4033 498 4099 ἄϐυσσον;
531 4034 780 4088 τουτέστι
826 4033 1063 4107 Χριστὸν
1115 4036 1410 4104 ἀναγαγεῖν
1458 4039 1523 4093 ἐκ
1578 4040 1806 4111 νεκρῶν.

230 4122 396 4177 Ἀ).λά
424 4122 478 4178 τί
508 4123 657 4193 λέγει
684 4125 718 4199 ἡ
743 4122 972 4195 Γραφή;
1012 4123 1207 4192 Ἐγγύς
1239 4141 1331 4178 σου
1366 4126 1428 4182 τὸ
1459 4129 1610 4198 ῥῆμά
1635 4130 1806 4195 ἐστιν,

215 4220 281 4274 ὲν
321 4217 404 4290 τῷ
452 4216 684 4288 στόματί
716 4233 809 4275 σου
855 4220 951 4271 καὶ
984 4218 1042 4271 ὲν
1071 4221 1137 4290 τῇ
1184 4219 1381 4291 καρδίᾳ
1416 4237 1533 4282 σου.
1564 4221 1809 4276 τουτέστι

210 4309 278 4363 τὸ
306 4312 460 4382 ῥῆμα
488 4308 586 4382 τῆς
616 4307 875 4373 πίστεως,
909 4309 937 4364 ὃ
974 4313 1344 4382 κηρύσσομεν,
1378 4312 1459 4367 ὃτι
1507 4312 1601 4367 ἐὰν
1648 4315 1809 4389 εἴπῃς

221 4402 279 4454 iw
298 4401 378 4473 τῷ
407 4400 637 4472 στόματί
669 4417 787 4468 σου,
810 4400 1017 4474 Κύριος
1048 4402 1276 4475 Ἰησοῦς,
1302 4404 1396 4459 καὶ
1430 4405 1730 4478 πιστεύσῃς
1751 4408 1809 4459 ὲν

1999 2000 2063 2056 Β.
2105 1999 2359 2061 Omnino.

1994 2095 2060 2149 A.
2097 2095 2165 2150 At
2187 2101 2231 2153 si
2266 2114 2453 2156 verum
2479 2110 2563 2159 est
2588 2104 2731 2174 quod
2762 2104 2971 2173 dicunt,
3007 2118 3063 2164 et
3088 2108 3411 2181 dedignatus
3437 2120 3523 2167 est

1930 2185 2254 2259 Uuigeuitus
2296 2192 2749 2263 incarnationem,
2801 2212 2963 2267 quam
3023 2201 3240 2256 tandem
3290 2201 3521 2272 ignomi-

1927 2280 2070 2333 nium
2104 2285 2473 2355 contempsit?
2500 2297 2594 2342 aut
2621 2303 2731 2359 quo
2755 2300 2913 2359 pacto
2941 2290 3118 2349 factus
3147 2303 3230 2351 est
3261 2292 3520 2351 obediens

1921 2368 2069 2426 Patri
2116 2388 2285 2442 usque
2323 2376 2390 2430 ad
2421 2388 2675 2443 mortem,
2701 2391 2930 2435 mortem
2963 2393 3141 2438 autem
3166 2382 3517 2441 crucis?Jum

1921 2475 2052 2516 vero
2083 2466 2127 2519 si
2166 2477 2445 2537 acceptum
2476 2467 2625 2523 illum
2658 2470 2933 2527 hominem
2964 2482 3195 2529 mortem
3226 2476 3377 2530 obire
3402 2473 3521 2543 jus-

1920 2552 2009 2618 sit,
2049 2563 2102 2608 et
2131 2567 2379 2610 evectum
2426 2558 2479 2612 in
2520 2558 2719 2613 cmlum
2760 2576 3095 2616 assessorem
3135 2561 3280 2617 Patri
3310 2564 3518 2618 consti-

1920 2645 2045 2710 tuit,
2080 2647 2297 2703 ubinam
2328 2650 2587 2719 deinceps
2624 2653 2731 2707 erit
2760 2653 2988 2709 thronus
3028 2653 3150 2710 Filii
3179 2695 3195 2722 ,
3250 2656 3518 2726 siquidem

1919 2752 2260 2809 nequaquam
2316 2745 2452 2799 duos
2512 2745 2652 2799 filios
2712 2760 2833 2801 esse
2880 2757 3149 2815 statuunt,
3200 2748 3294 2802 sed
3342 2748 3523 2817 potius

1920 2846 2087 2885 unum
2135 2834 2466 2891 assidentem
2507 2876 2522 2901 ,
2579 2837 2836 2892 nimirum
2888 2854 2952 2893 ex
3007 2842 3214 2896 semine
3256 2839 3423 2895 David
3466 2851 3523 2897 et

1918 2923 2189 2980 ειη-³1η(ξῖ
2215 2936 2307 2982 aut
2330 2929 2602 2997 quomodo
2632 2930 2747 2999 ipse
2780 2932 2996 2987 dicatur
3039 2933 3215 2989 factus
3246 2950 3367 2990 esse
3405 2931 3522 2989 Sal-

1919 3024 2076 3069 \'ator
2112 3018 2319 3083 mundi,
2349 3028 2402 3072 et
2438 3035 2541 3072 non
2577 3023 2759 3089 potius
2793 3022 3028 3078 hOmiuis
3067 3037 3367 3092 proxeneta
3400 3027 3518 3082 sive

1917 3107 2166 3175 pararius
2208 3107 2396 3172 fuisse,
2428 3126 2524 3179 per
2549 3128 2709 3184 quem
2750 3114 2943 3169 salvati
2995 3117 3190 3171 simus?
3226 3118 3402 3189 Atque
3442 3119 3516 3173 ita

1924 3197 2049 3254 linis
2079 3200 2214 3271 legis
2240 3209 2293 3255 et
2315 3205 2704 3272 prophetarum
2734 3204 2912 3261 factus
2937 3215 3022 3261 est
3057 3209 3240 3275 homo,
3270 3210 3516 3267 diversusl

1923 3291 1992 3347 ab
2026 3291 2143 3362 ipso
2169 3292 2463 3349 exsistens.
2489 3293 2760 3365 Loquitur
2793 3296 2937 3351 enim
2969 3297 3051 3350 lex
3084 3297 3288 3354 Chrisd
3314 3309 3514 3368 myste-

1922 3385 2085 3449 rium,
2130 3385 2273 3441 etde
2310 3386 2429 3456 ipso
2470 3388 2694 3457 scripsit
2737 3387 2972 3459 Moyses,
3003 3390 3096 3459 qui
3140 3400 3194 3446 et
3232 3391 3409 3448 factus
3435 3402 3514 3449 est

1922 3475 2080 3530 nobis
2115 3477 2441 3546 paedagogus
2468 3479 2535 3530 ad
2566 3479 2762 3547 ipsum.
2802 3478 2965 3533 Fides
2994 3495 3121 3535 vero
3146 3493 3331 3536 nostra
3364 3483 3516 3537 irrita

1921 3568 1994 3622 sit
2019 3579 2074 3622 et
2102 3569 2154 3622 in
2185 3570 2415 3623 nihilum
2444 3569 2744 3641 redigatur,
2776 3581 2830 3625 et
2866 3575 3235 3627 venerandum
3268 3584 3516 3628 nostrum

1922 3662 2239 3731 mysterium
2290 3661 2449 3730 plane
2507 3663 2885 3720 labefactetur.
2940 3664 3094 3731 Quod
3159 3676 3215 3720 et
3276 3669 3517 3739 Optimus

1920 3752 2126 3810 Paulus
2152 3755 2411 3821 declarat,
2447 3755 2675 3811 dicens:
2709 3775 2727 3808 ι
2761 3756 2838 3811 Ne
2869 3757 3075 3813 dixeris
3112 3759 3164 3813 in
3192 3762 3353 3814 corde
3380 3770 3471 3816 tuo
3499 3779 3513 3816 :

1920 3846 2053 3913 Quis
2077 3850 2334 3905 ascendet
2358 3848 2409 3901 in
2436 3848 2632 3902 caelum
2652 3848 2675 3901 ἲ
2698 3848 2748 3901 id
2777 3857 2881 3911 est,
2910 3848 3186 3903 Christum
3211 3851 3513 3920 deducere;

1921 3952 2017 3995 aut
2046 3942 2169 4009 quis
2205 3941 2499 3993 descendet
2524 3939 2575 3992 in
2623 3938 2929 4009 abyssum?
2973 3939 3076 3994 hoc
3105 3948 3190 3994 est
3234 3941 3512 3997 Christum

1919 4051 1949 4088 a
1983 4033 2216 4088 mortuis
2238 4046 2520 4087 revocare.
2550 4031 2654 4085 Sed
2686 4032 2812 4100 quid
2837 4031 2967 4085 dicit
2992 4029 3314 4102 Scriptura?
3337 4030 3512 4105 Prope

1919 4137 2004 4182 cst
2048 4126 2271 4180 verbum
2306 4127 2357 4178 in
2402 4138 2497 4178 ore
2532 4135 2641 4189 tuo,
2687 4132 2743 4177 et
2793 4122 2846 4177 in
2896 4123 3063 4179 corde
3113 4134 3223 4191 tuo,
3261 4127 3362 4182 hoc
3407 4137 3512 4192 est,

1919 4220 2143 4274 verbum
2188 4215 2310 4271 ﬁdei
2343 4217 2486 4286 quod
2514 4215 2895 4289 praedicamus.
2936 4215 3076 4283 Quia
3119 4218 3162 4271 si
3201 4218 3512 4277 conﬁtearis

1919 4311 2091 4366 inore
2125 4320 2215 4363 tuo
2248 4308 2535 4363 Dominum
2573 4304 2784 4373 Jesum,
2818 4317 2873 4361 et
2917 4294 2970 4362 in
3008 4308 3171 4363 corde
3194 4318 3306 4394 1ιυο
3334 4312 3513 4366 credi-

1918 4406 2064 4461 deris
2110 4403 2270 4475 731
2321 4404 2463 4472 quod
2497 4400 2639 4455 Deus
2673 4400 2823 4455 illum
2868 4400 3153 4456 suscitavit
3187 4416 3214 4454 a
3256 4405 3510 4470 mortuis,

219 4496 285 4566 τῇ
319 4493 525 4566 καρδίᾳ
554 4510 669 4561 σου,
700 4494 783 4548 ὅτι
815 4494 843 4546 6
870 4494 1003 4559 Θεὸς
1024 4495 1186 4549 αὑτὸν
1226 4497 1444 4568 ἤγειρεν
1477 4500 1542 4552 ἐκ
1574 4500 1804 4572 νεκρῶν,

1923 4501 2099 4558 salvus
2132 4499 2243 4554 eris
2271 4498 2339 4552 ⁸³.
2373 4516 2393 4549 ι
2427 4495 2545 4565 Quo
2573 4504 2733 4566 pacto
2762 4494 2925 4567 igitur
2960 4494 3064 4548 erit
3105 4494 3358 4564 deinceps
3397 4512 3512 4549 ma-

218 4585 468 4657 σωθήσῃ.
522 4604 542 4638 ι
591 4585 719 4649 Πῶς
758 4581 850 4641 οὖν
873 4585 952 4641 ἔτι
982 4588 1127 4658 μέγα
1169 4605 1229 4641 τε
1260 4591 1355 4645 καὶ
1382 4590 1602 4654 εὐκλεὲς
1630 4593 1725 4646 καὶ
1750 4588 1808 4646 ἐν

1923 4610 2075 4672 gnum
2122 4603 2176 4647 et
2222 4589 2515 4671 gloriosum
2573 4599 2738 4658 atque
2793 4586 3171 4641 admirandum
3229 4586 3510 4658 religionis

217 4677 515 4750 ὑπερτάτῳ
556 4675 800 4749 θαύματι
828 4679 890 4734 τὸ
919 4680 1016 4751 τῆς
1058 4681 1345 4746 εὐσεϐείας
1392 4684 1724 4756 μυστήριον,
1761 4685 1811 4741 εί

1923 4684 2248 4758 nysterium,
2288 4679 2333 4737 si
2362 4677 2690 4733 credendum
2732 4686 2835 4738 est,
2882 4686 2941 4730 ut
2964 4676 3050 4730 isti
3082 4689 3112 4729 a
3142 4675 3373 4731 veritate
3400 4677 3511 4731 dis-
3545 4729 3555 4743 ,

212 4769 326 4842 χρὴ
373 4767 671 4836 πιστεύειν,
717 4770 823 4835 ὅτι,
857 4770 1004 4826 καθά
1051 4789 1219 4842 φασιν
1269 4774 1319 4828 ei
1362 4773 1810 4848 διεστραμμένοι,

212 4860 509 4931 ἄνθρωπος
552 4861 802 4933 ληφθεὶς,
832 4862 927 4917 καὶ
957 4863 1034 4934 τῷ
1066 4863 1187 4936 Θεῷ
1213 4864 1372 4937 Λόγῳ
1400 4867 1661 4937 σχετικῶς
1692 4883 1817 4923 συν-

208 4952 488 5025 ημμένος,
528 4952 769 5009 ἀπέθανέ
805 4970 863 5009 τε
913 4956 1009 5009 καὶ
1057 4955 1278 5022 ἀνεϐίω,
1330 4958 1427 5013 καὶ
1474 4958 1813 5030 ἀνεκομίσθη

215 5045 322 5116 μὲν
352 5046 434 5107 είς
458 5045 549 5100 τὸν
589 5046 855 5121 ούρανόν;
907 5047 1170 5103 Ἀπιστον
1197 5047 1255 5101 δὲ
1288 5048 1417 5113 ἴσως
1450 5051 1696 5119 φανεῖταί
1725 5068 1810 5103 τι·

212 5152 327 5199 σιν,
364 5136 413 5189 εί
440 5135 517 5209 μὴ
546 5134 679 5207 Θεὸς
706 5135 781 5191 ὢν
813 5136 976 5208 φύσει
1009 5138 1105 5193 καὶ
1137 5138 1372 5210 ἀληθῶς,
1404 5144 1517 5205 τοῖς
1564 5140 1663 5211 τῆς
1688 5142 1809 5198 θεό-

215 5243 383 5299 τητος
416 5227 771 5299 ἐναϐρύνεται
805 5228 1015 5296 θάκοις,
1045 5230 1372 5298 ὲξωσθέντος
1401 5233 1541 5303 τάχα
1574 5250 1675 5289 που
1709 5232 1807 5289 τοῦ

214 5319 366 5376 κατὰ
394 5318 558 5393 φύσιν
589 5321 744 5389 Υίοῢ,
788 5323 881 5379 καὶ
910 5327 1289 5399 παρεστήκασι
1325 5325 1425 5397 μὲν
1458 5326 1610 5391 τάξιν
1656 5326 1809 5399 ἔχον-

215 5430 313 5478 τες
344 5412 443 5485 τὴν
484 5413 884 5489 λειτουργικὴν,
922 5417 1145 5487 ἄγγελοι
1183 5419 1277 5472 καὶ
1323 5417 1677 5491 ἁρχὰγγελοι,
1711 5418 1807 5477 καὶ

212 5505 289 5558 τὰ
319 5503 402 5559 ἔτι
430 5505 636 5561 τούτων
677 5506 937 5563 ἐπέκεινα
967 5509 1240 5581 Σεραφὶμ,
1272 5511 1334 5567 οὐ
1366 5511 1444 5582 τῷ
1485 5510 1629 5565 κατὰ
1670 5510 1806 5585 ἀλή-

218 5594 374 5651 θειαν
425 5595 542 5669 Υἱῷ
590 5598 687 5652 καὶ
732 5597 873 5671 Θεῷ,
922 5599 1195 5674 ἀνθρώπῳ
1240 5602 1297 5656 δὲ
1348 5602 1571 5674 μᾶλλον,
1616 5601 1676 5656 τὸ
1705 5603 1805 5674 τῆς

293 5772 342 5806 ⁸⁸
369 5772 525 5831 Rom.
554 5791 610 5842 ι,
667 5774 783 5830 6-9.

1912 4777 2040 4833 torti
2086 4773 2296 4837 volunt,
2342 4772 2487 4841 quod
2515 4770 2677 4825 homo
2700 4775 2974 4837 sumptus,
2999 4778 3054 4823 et
3073 4768 3184 4825 Deo
3210 4769 3389 4824 Verbo
3421 4785 3509 4823 re.

1911 4869 2074 4924 lative
2113 4866 2415 4938 copulatus,
2459 4874 2709 4918 mortuus
2736 4870 2820 4917 est
2857 4872 2913 4915 et
2950 4860 3171 4926 revixit,
3204 4870 3258 4916 et
3304 4862 3509 4918 relatus

1912 4973 1994 5019 est
2028 4962 2082 5016 in
2125 4957 2368 5015 etelum‘i
2408 4954 2730 5012 incredibile
2769 4967 2898 5009 vero
2930 4954 3207 5011 nonnullis
3238 4953 3508 5010 videbitur

1916 5053 2020 5111 nisi
2068 5061 2262 5109 natura
2316 5065 2379 5107 ac
2419 5063 2548 5104 vere
2590 5049 2730 5103 Deus
2761 5048 3068 5113 exsistens,
3108 5046 3329 5105 deitatis
3370 5046 3507 5103 solio

1915 5147 2202 5218 glorietur,
2234 5141 2458 5213 expulso
2498 5155 2565 5195 eo
2602 5139 2694 5210 qui
2733 5148 2930 5193 natura
2971 5154 3067 5197 sua
3096 5138 3267 5193 Filius
3290 5146 3391 5196 est.
3439 5139 3507 5196 Et

1915 5236 2350 5294 circumstahunt
2416 5233 2636 5304 quidem
2688 5231 2864 5306 angeli
2921 5239 3085 5301 atque
3152 5231 3503 5301 archangeli,

1915 5329 2110 5401 hisque
2139 5326 2503 5385 eminentiora
2532 5324 2842 5395 Seraphim,
2883 5340 2989 5379 non
3021 5333 3079 5379 ut
3108 5338 3238 5380 vero
3270 5322 3406 5379 Filio
3440 5339 3505 5382 ac

1915 5419 2028 5477 Deo
2058 5419 2371 5475 ministrent
2394 5427 2559 5486 atque
2598 5414 2918 5482 inserviant,
2944 5415 3038 5477 sed
3066 5417 3245 5486 potius
3273 5416 3502 5483 homini,

1914 5510 2005 5582 qui
2037 5509 2314 5566 liliationis
2355 5523 2553 5567 nomen
2599 5521 2696 5578 per
2735 5506 3215 5577 participationem
3265 5507 3504 5567 insinua-

1913 5604 2246 5673 tionemque,
2286 5616 2350 5658 ac
2380 5610 2569 5658 nostro
2597 5613 2748 5656 more
2775 5600 3024 5670 adeptus,
3049 5608 3103 5654 et
3128 5599 3196 5654 ad
3226 5598 3504 5658 divinissi-
