4050 6450
551 377 572 437 4
585 380 693 436 283

1551 376 1607 429 S.
1651 376 1923 433 CYRIILI
1969 379 2435 439 ALEXANDRINI
2479 384 2775 439 ARCIIIEP

3688 385 3833 441 1984

551 512 696 553 mam
721 495 859 549 hanc
883 494 1106 563 gloriam
1137 505 1355 550 evectus
1375 501 1477 548 est.
1502 492 1686 563 Neque
1708 497 1853 549 enim
1880 509 2130 552 verentur

2242 504 2485 577 υίότητος
2530 503 2721 574 ὄνομα,
2770 502 3047 573 μεθεκτῶς
3092 506 3188 557 καὶ
3225 503 3683 575 εἰσκεκριμένως,
3736 502 3834 556 καὶ

553 586 797 642 hmrctici
827 586 1162 656 ejuscemodi
1192 584 1556 654 blasphemias
1582 584 1942 642 deblaterare.
1985 589 2139 645 Anne

550 694 681 733 vvro
716 679 878 734 etiam
935 679 1031 732 tibi
1084 691 1294 731 summa
1341 676 1627 746 impietate
1669 677 1870 732 referta
1920 678 2136 734 illorum

551 771 796 824 doctrina
824 770 1071 824 videtur?
1089 766 1221 822 Nam
1244 767 1388 836 quod
1414 768 1597 822 datum
1621 778 1784 838 atque
1807 768 2137 823 insinuatum

549 871 656 926 est,
689 861 1044 931 rejiciendum
1079 859 1274 915 merito
1316 858 1504 924 fuerit,
1537 868 1592 913 et
1619 858 1763 929 quod
1795 860 2140 916 extrinsecus

549 952 766 1006 advenit
791 951 1195 1022 ascititiumquc
1225 961 1329 1016 est,
1366 951 1550 1006 damni
1574 952 1885 1022 suspicione
1907 967 2012 1007 non
2044 968 2139 1008 ca-

549 1054 631 1097 ret
663 1061 676 1097 :
712 1054 770 1097 ut
799 1046 866 1099 de
896 1044 1234 1113 blasphemia
1263 1053 1319 1098 et
1344 1044 1681 1099 absurditate
1708 1045 1971 1101 doctrina:
2003 1046 2137 1100 nihil

545 1135 746 1199 dicam,
784 1150 907 1189 cum
945 1134 1344 1189 incarnationis
1380 1134 1761 1190 excellentiam
1796 1137 1864 1191 ad
1898 1137 2138 1207 turpitu-

543 1229 725 1283 dinem
774 1229 1015 1295 rapiant,
1057 1236 1115 1281 et
1166 1227 1407 1281 divinum
1457 1228 2001 1298 sacratissimumque
2043 1245 2141 1285 no-

543 1331 720 1373 smtm
768 1319 998 1383 cultum,
1047 1318 1554 1388 anthropolatriam,
1604 1319 1708 1375 hoc
1759 1330 1863 1383 εει,
1902 1321 2139 1375 hominis

543 1410 769 1473 cultum,
800 1423 920 1464 esse
950 1417 1213 1475 statuant,
1245 1416 1300 1463 et
1335 1422 1364 1462 a
1406 1408 1551 1463 cultu
1588 1410 1713 1483 veri.
1751 1409 1875 1465 Filii
1920 1427 2018 1467 nos
2046 1414 2140 1467 ab-

544 1503 829 1567 ducentes,
874 1502 1200 1571 persuadere
1249 1499 1419 1555 velint
1463 1511 1521 1556 ut
1563 1503 1855 1572 quemdam
1901 1503 1990 1572 qui
2031 1503 2134 1574 ipsi

434 1606 442 1619 ·
498 1593 508 1643 l
547 1593 775 1647 relative
798 1594 1080 1662 copulatus
1106 1603 1189 1647 est
1216 1594 1524 1661 adoremus,
1560 1609 1719 1664 quem
1751 1610 1913 1664 supra
1948 1610 2140 1651 omnes

545 1683 887 1753 Principatus
916 1693 971 1737 et
1003 1682 1304 1738 Putestates
1332 1698 1397 1739 ac
1433 1683 1843 1739 Domiuationes
1871 1685 2136 1740 constitu-

547 1782 661 1827 tum
697 1773 989 1838 volunt”;
1029 1788 1133 1827 non
1174 1775 1241 1828 iis
1283 1774 1456 1829 solum
1499 1774 1590 1844 qui
1627 1773 1680 1829 in
1720 1775 1880 1830 terris
1914 1773 2134 1843 degunt,

545 1865 641 1919 sed
677 1874 731 1919 et
775 1865 905 1934 ipsis
942 1864 1261 1920 caelestibus
1301 1876 1355 1919 ct
1396 1865 1750 1920 rationalibus
1783 1865 2139 1934 potestatibus

2242 594 2431 667 τρόπῳ
2472 594 2551 666 τῷ
2596 593 2737 655 καθ’Δ
2767 597 2913 666 ἡμᾶς
2962 596 3344 667 πλουτήσαντι,
3398 596 3492 649 καὶ
3534 594 3633 663 τῆς
3685 592 3841 647 οὕτω

2243 688 2722 760 θεοπρεπεστάσης
2771 684 3053 750 ἀξιωθέντι
3113 688 3299 759 τιμῆς.
3359 686 3840 755 Καταπεφρίκασι

2240 776 2349 848 γὰρ
2373 777 2574 848 ἥκιστά
2589 793 2651 845 γε
2678 778 2772 830 καὶ
2795 776 2951 831 τοῦτο
2972 777 3222 847 λέγοντες
3255 781 3302 831 oi
3333 777 3401 831 δι’
3424 772 3837 848 ἐναντίαςῘΑγί

2240 868 2300 919 ού
2334 867 2435 938 τῆς
2453 869 2689 939 ἐσχάτης
2712 865 3057 938 ἀνοσιότητός
3082 880 3141 923 τε
3168 870 3264 923 καὶ
3293 869 3612 933 δυσσεϐείας
3643 870 3844 930 αὐτοῖς

2242 958 2302 1011 τὸ
2334 958 2513 1029 δόγμα
2548 961 2933 1030 μεμέστωταις
2974 962 3049 1014 Τδ
3085 961 3193 1033 γάρ
3221 979 3305 1015 τοι
3336 961 3485 1015 δοτδν
3517 963 3609 1014 καὶ
3642 963 3833 1013 εἰσκεο

2241 1051 2521 1121 κριμένον,
2569 1051 2875 1123 ἀπόϐλητον
2924 1052 3009 1123 εῐη
3041 1052 3128 1117 ἂν,
3169 1052 3263 1106 καὶ
3305 1053 3366 1105 τὸ
3396 1051 3632 1121 θύραθεν
3670 1065 3804 1118 πορι

2243 1141 2389 1206 σθὲν,
2420 1142 2521 1195 οὐκ
2550 1141 2860 1196 ἀνύποπτον
2881 1142 2992 1213 ἔχει
3020 1144 3119 1215 τὴν
3150 1142 3372 1215 ζημίαν.
3406 1144 3516 1198 Καὶ
3545 1144 3739 1197 σιωπῶ
3768 1142 3837 1195 τὸ

2240 1233 2522 1304 δύσφημον
2551 1234 2641 1288 ἔτι¹
2666 1235 2758 1289 καὶ
2799 1235 3012 1305 ἀπηχὲς
3039 1238 3119 1300 είς
3146 1236 3357 1302 λόγους,
3384 1235 3605 1289 άνθότου
3642 1236 3706 1305 δὴ
3734 1232 3833 1290 οὖν

2240 1323 2341 1396 τῆς
2386 1325 2699 1396 οἰκονομίας
2755 1326 2814 1379 τὺ
2859 1323 3139 1398 ἐξαίρετον
3187 1325 3592 1398 κατασύρουσιν
3638 1329 3721 1390 είς
3767 1323 3837 1379 τὸ

2241 1417 2494 1485 ἀκαλλὲς,
2537 1419 2630 1472 καὶ
2660 1420 2759 1488 τὴν
2790 1418 2941 1472 θείαν
2965 1436 3023 1472 τε
3054 1418 3149 1472 καὶ
3185 1419 3469 1490 ίεροτάτην
3501 1418 3659 1491 ἡμῶν
3689 1418 3835 1490 Θρη-

2243 1506 2450 1576 σκείαν,
2485 1509 2996 1582 ἁνθρωπολατρείαν
3027 1509 3128 1582 ἤδη
3172 1511 3267 1564 καὶ
3299 1510 3487 1582 ἓτερον
3525 1506 3693 1565 οὖσαν
3741 1509 3842 1564 ού-

2238 1600 2327 1653 δὲν
2360 1601 2741 1669 ἀποφαίνουσι,
2790 1601 3223 1673 ἀποκομίζοντες
3261 1601 3361 1672 μὲν
3402 1602 3495 1655 τοῦ
3542 1605 3665 1655 κατ’
3691 1602 3836 1673 ἀλή-

2239 1684 2389 1739 θειαν
2448 1685 2617 1753 Υἱοῦ,
2673 1688 3012 1756 συναφθέντα
3061 1689 3120 1742 δέ
3172 1707 3296 1744 τινα
3359 1690 3627 1761 σχετικῶς
3678 1692 3841 1761 αύτῷ

2242 1778 2574 1845 προσκυνεῖν
2619 1777 3038 1845 ἀναπείθοντες,
3085 1779 3145 1833 δν
3196 1780 3293 1833 καὶ
3343 1780 3600 1853 ὑπεράνω
3649 1782 3839 1853 πάσης

2257 1864 2458 1937 Ἀρχῆς
2486 1884 2545 1920 τε
2594 1870 2689 1923 καὶ
2729 1869 3005 1936 Ἐξουσίας
3027 1916 3040 1937 ,
3074 1873 3170 1927 καὶ
3201 1874 3556 1945 Κυριοτὴτων
3585 1873 3843 1931 διελάσαι

545 1959 750 2013 erroris
792 1957 967 2012 labem
998 1956 1325 2027 infligentes,
1351 1956 1399 2012 si
1444 1971 1549 2011 una
1577 1957 1855 2012 nobiscum
1887 1956 2130 2025 adorent,

2248 1932 2433 2025 φαὲιῖ,
2475 1959 2597 2030 οὐχὶ
2633 1932 2816 2031 μόνοις
2861 1932 3104 2027 τοῖςϋέπὶ
3141 1963 3267 2035 γῆς,
3292 1932 3445 2019 ’ἀλλά
3486 1967 3584 2019 καὶ
3635 1970 3844 2033 αὑταῖς

545 2065 652 2104 non
686 2051 1028 2104 iucarnatum
1072 2058 1270 2103 natura
1299 2063 1362 2103 ac
1390 2062 1520 2104 vere
1548 2047 1770 2115 Filium,
1802 2049 2053 2118 quodque
2073 2063 2130 2104 ex

2245 2048 2365 2110 ταῖς
2418 2047 2531 2102 ἄνω
2577 2049 2825 2119 λογικαῖς
2872 2053 3134 2125 δυνάμεσι
3166 2055 3258 2110 τὸν
3302 2057 3397 2111 τοῦ
3450 2060 3843 2131 πεπλανῆσθαι

543 2139 783 2195 essentia
833 2138 927 2192 ι)ρὶ
965 2153 1031 2193 ac
1076 2137 1254 2192 Patris
1298 2136 1500 2192 effulsit
1542 2135 1802 2202 Verbum,
1842 2135 1934 2192 sed
1973 2136 2130 2191 alium

2244 2137 2435 2209 μῶμον
2471 2140 2790 2209 ἐπάγοντες,
2832 2145 2881 2197 εί
2916 2146 3285 2216 προσκυνοῦσι
3323 2150 3443 2220 μεθ’
3473 2150 3633 2222 ήμῶν
3670 2153 3843 2208 ἐναν-

544 2233 836 2305 quemdam
875 2233 1151 2286 hominem
1185 2233 1252 2287 ab
1283 2233 1400 2302 ipso
1431 2246 1498 2286 ex
1527 2232 1737 2288 semine
1777 2229 2018 2297 Davidis,
2048 2229 2130 2301 qui

2241 2227 2610 2301 θρωπήσαντα
2655 2233 2756 2305 μὲν
2783 2234 3036 2307 οὐδαμῶς
3067 2237 3159 2291 τὸν
3204 2231 3365 2307 φύσει
3396 2256 3457 2294 τε
3488 2241 3583 2296 καὶ
3611 2241 3842 2314 ἀληθῶς

547 2322 662 2379 sola
695 2323 994 2388 voluntate,
1025 2331 1081 2378 et
1102 2324 1466 2379 exterioribus
1502 2321 1838 2379 ornamentis
1875 2321 2130 2377 formatus

2241 2320 2392 2386 Υίδν,
2422 2323 2517 2376 καὶ
2545 2324 2610 2377 ὲκ
2649 2325 2748 2397 τῆς
2776 2325 2872 2379 τοῦ
2924 2326 3059 2382 Θεοῦ
3089 2329 3184 2384 καὶ
3231 2331 3444 2402 Πατρός
3472 2333 3658 2397 οὐσίας
3689 2336 3800 2389 ἀνα
3822 2366 3840 2377 -

548 2415 624 2471 sit
669 2413 836 2479 Deus,
872 2428 1063 2469 revera
1089 2422 1269 2468 autem
1300 2414 1353 2469 id
1396 2428 1500 2468 non
1529 2414 1621 2469 sit.

2241 2411 2533 2483 λάμψαντα
2571 2415 2765 2484 Λόγον,
2813 2417 2889 2483 ὡς
2924 2419 3111 2491 ἕτερον
3152 2419 3209 2474 δέ
3240 2438 3363 2476 τινα
3404 2423 3536 2494 παρ’
3563 2424 3730 2477 αὐτὸν
3769 2426 3844 2480 ἔκ

545 2510 862 2582 σπέρματος
895 2510 988 2562 τοῦ
1040 2508 1223 2575 Δαϐὶδ,
1259 2509 1474 2581 θελήσει
1529 2509 1670 2581 τάχα
1717 2524 1818 2563 που
1877 2509 2016 2582 μόνῃ
2059 2507 2191 2582 παρ’
2236 2507 2402 2562 αὐτοῦ
2447 2511 2543 2565 καὶ
2582 2514 2696 2577 τοῖς
2734 2512 2968 2585 θύραθεν
3012 2514 3374 2587 ὲξωραῖσμοῖς
3422 2515 3843 2588 εἰδοποιηθέντα

543 2605 698 2671 Θεὸν,
734 2606 834 2659 οὐκ
863 2605 991 2659 ὄντα
1038 2605 1095 2660 δὲ
1132 2604 1292 2659 τοῦτο
1317 2606 1459 2659 κατά
1506 2606 1787 2678 ἀλήθειαν,
1813 2606 2126 2677 ἄνθρωπον.

615 2696 676 2752 Β.
724 2697 891 2767 Atqui
947 2696 1163 2752 tametsi
1208 2698 1369 2752 homo
1420 2698 1731 2767 Specialiter
1779 2696 2128 2766 intelligatur,

2309 2700 2371 2755 Β.
2426 2700 2586 2754 Ἀλλά
2632 2700 2735 2755 κᾶν
2777 2701 3064 2774 ἄνθρωπος
3115 2701 3300 2767 ιδικῶς
3348 2702 3571 2774 νοῆται,
3634 2702 3838 2772 φασὶν,

546 2788 822 2858 inquiunt,
872 2789 1096 2843 relative
1138 2799 1318 2844 tamen
1362 2799 1417 2844 et
1450 2798 1694 2860 respectu
1741 2788 1833 2843 Dei
1881 2787 1950 2841 ab
1982 2787 2130 2842 omni

2238 2793 2486 2863 ἀναφορᾷ
2514 2791 2648 2845 Θεοῦ
2686 2794 2780 2846 καὶ
2816 2793 2995 2864 ἐννοίᾳ
3039 2793 3136 2865 τὴν
3171 2793 3323 2866 παρά
3363 2795 3543 2866 πάσης
3573 2794 3673 2865 τῆς
3715 2791 3843 2848 κτί-

545 2891 795 2938 creatura
818 2882 1092 2937 aduratur.

615 2976 684 3030 A.
728 2974 972 3042 Quonam
1004 2989 1135 3029 vero
1160 2983 1341 3044 pacto,
1389 2975 1640 3041 obsecro,
1663 2973 1886 3046 intelligi
1917 2988 1946 3028 a
1974 2972 2131 3028 nobis

547 3079 641 3123 aut
671 3068 835 3124 statui
865 3077 1043 3139 potest
1068 3069 1184 3123 lucc
1234 3067 1428 3122 relatio
1463 3083 1625 3139 quam
1672 3068 1746 3122 ita
1788 3065 2129 3139 praedicant?

550 3158 658 3216 Sed
682 3175 805 3231 age,
829 3160 1067 3215 divinant
1113 3175 1178 3216 ac
1216 3174 1429 3215 sacram
1477 3157 1818 3230 Scripturam
1860 3158 2131 3230 pervesti-

542 3263 754 3324 gantes,
786 3253 1102 3322 quaestionis
1125 3248 1283 3320 hujus
1332 3252 1596 3306 rationem
1643 3252 1711 3307 ab
1742 3264 1806 3306 ea
1852 3260 2127 3320 petamus.

544 3344 684 3417 Ergo
707 3359 828 3400 cum
856 3336 1018 3415 732
1050 3343 1177 3398 olim
1210 3342 1470 3398 Israelita:
1493 3351 1807 3413 contempto
1841 3352 1988 3398 metu
2010 3341 2128 3409 Dei,

541 3439 597 3494 in
627 3438 813 3494 Mosen
839 3451 894 3493 et
913 3439 1185 3492 Aaronem
1210 3436 1405 3492 acerbe
1431 3436 1841 3501 inveherentur,
1869 3430 2043 3490 Moses
2066 3443 2123 3490 et

541 3532 722 3584 Aaron
755 3530 827 3584 ita
861 3545 956 3584 eos
984 3527 1381 3599 compellarunt
1412 3545 1428 3582 :
1469 3544 1489 3579 ι
1528 3527 1662 3595 Quis
1683 3537 1766 3583 est
1797 3527 1940 3597 quod
1981 3542 2131 3580 mur-

543 3623 770 3677 muratis
783 3630 969 3676 contra
991 3636 1113 3676 eum
1131 3617 1155 3673 ἲ
1174 3617 1286 3672 Non
1305 3618 1451 3672 enim
1472 3629 1657 3673 contra
1684 3633 1802 3682 nos,
1821 3619 1913 3673 sed
1933 3628 2125 3673 contra

544 3714 709 3769 Deum
728 3723 811 3769 est
830 3717 945 3770 haec
964 3712 1238 3767 ohlocutio
1260 3720 1438 3765 vestra
1458 3709 1558 3766 ⁸⁸⁵.)
1586 3704 1887 3765 Peccarant
1909 3710 2051 3765 enim
2079 3712 2132 3765 in

542 3808 723 3863 Mosen
743 3818 798 3863 et
819 3807 1116 3870 Aaronem,
1141 3803 1236 3859 sed
1260 3802 1463 3858 factum
1492 3803 1665 3873 ipsum
1691 3802 1757 3856 ad
1787 3803 1877 3856 Dei
1901 3801 2131 3871 gloriam

541 3898 824 3970 pertinuit,
849 3908 904 3953 et
928 3897 993 3951 ad
1019 3912 1137 3952 eam
1169 3895 1513 3951 referebatur
1532 3909 1723 3950 eorum
1752 3897 1846 3964 qui
1879 3894 2130 3965 injuriam

539 3991 848 4047 inferebant
879 3989 1160 4059 c0gitatio.
1187 3989 1457 4044 Caeterum
1494 4002 1599 4042 non
1629 3996 1790 4043 erant
1829 3985 1902 4043 dii
1952 3986 2131 4042 Moses

537 4094 593 4141 et
622 4086 823 4147 Aaron,
856 4097 1036 4152 neque
1078 4079 1303 4136 relative
1346 4089 1402 4135 et
1430 4089 1681 4148 respectu
1732 4077 1827 4133 Dei
1879 4087 2128 4133 creatura

539 4192 634 4232 eos
658 4177 923 4230 adoravit.
952 4172 1218 4246 Regnavit
1248 4172 1389 4227 Deus
1413 4186 1511 4243 per
1538 4171 1835 4243 prophetas
1887 4174 1939 4227 in
1967 4170 2131 4226 lsrael

539 4268 837 4323 secundum
874 4281 1123 4325 carnem.
1157 4258 1515 4321 Postmodum
1548 4273 1902 4319 accesserunt
1937 4262 2004 4316 ad
2049 4261 2132 4315 di-

514 4362 725 4417 .vinum
755 4359 1063 4417 Samuelem
1085 4360 1358 4415 dicentes:
1396 4375 1416 4409 ι
1457 4352 1566 4412 Fac
1588 4356 1744 4410 nobis
1762 4368 1966 4422 regem,
1989 4352 2132 4407 sicut

538 4463 595 4511 et
616 4453 839 4524 reliqua:
860 4461 1073 4524 gentes.
1113 4468 1133 4503 ι
1178 4449 1335 4518 Quod
1372 4448 1462 4505 ille
1510 4445 1722 4517 Spiritu
1770 4445 1982 4499 afﬂatus
2014 4457 2131 4496 mo-

2237 2896 2377 2947 σεως
2402 2884 2771 2954 προσκύνησιν
2805 2884 2940 2956 ἔχει.

2305 2974 2370 3026 Α.
2412 2969 2545 3026 Εἶτα
2573 2974 2694 3026 τίνα
2732 2976 2934 3046 τρόπον
2970 2976 3188 3047 ’πρέποι
3236 2975 3323 3039 ἂν,
3370 2975 3494 3030 εἰπέ
3536 2994 3648 3047 μοι,
3684 2977 3833 3050 πρδς

2235 3064 2393 3136 ἡμῶν
2437 3066 2675 3119 νοεῖσθαι
2716 3067 2811 3119 καὶ
2843 3065 3097 3135 λέγεσθαι
3130 3067 3230 3140 τῆς
3262 3068 3392 3140 παρ’
3431 3068 3610 3122 αὐτῶν
3662 3068 3838 3141 θρυλ-

2233 3158 2502 3229 λουμένης
2535 3158 2820 3229 ἀναφορᾶς
2848 3158 2909 3212 τὸ
2954 3158 3143 3230 χρῆμα
3170 3177 3184 3225 ;
3220 3158 3331 3212 Kal
3362 3160 3495 3230 φέρε
3540 3160 3642 3231 τὴν
3674 3159 3838 3215 θείαν

2237 3263 2298 3302 τε
2344 3249 2439 3303 καὶ
2479 3249 2628 3320 ἱεράν
2660 3249 3242 3321 πολυπραγμονοῦντες
3270 3251 3517 3323 Γραφὴν,
3543 3252 3800 3325 καταθρή
3821 3284 3839 3295 -

2241 3357 2425 3411 σωμεν
2469 3341 2565 3394 ἀπ’
2594 3341 2763 3411 αὐτῆς
2806 3339 2866 3393 τὸ
2896 3339 3249 3411 ζητούμενον.
3301 3342 3512 3397 Οὐκοῦν
3559 3342 3843 3415 ὀλιγωρή-

2242 3430 2433 3495 σαντές
2482 3445 2614 3484 ποτε
2662 3431 2762 3501 τῆς
2803 3430 2885 3494 είς
2933 3431 3066 3484 Θεὸν
3117 3430 3300 3498 αἰδοῦς
3351 3432 3401 3485 οἱ
3457 3432 3518 3498 ἐξ
3586 3433 3837 3506 Ἰσραὴλ,

2239 3525 2430 3578 Μωσεῖ
2455 3541 2513 3577 τε
2559 3524 2655 3577 καὶ
2693 3523 2905 3596 Ἀαρὼν
2936 3525 3236 3596 ἐπεφύοντο
3264 3526 3501 3598 πικρῶς,
3538 3520 3659 3580 εἶτα
3689 3543 3838 3599 προ-

2241 3615 2537 3685 πεφὼνηκε
2582 3616 2788 3685 Μωσῆς
2833 3630 2893 3669 τε
2939 3617 3034 3669 καὶ
3073 3614 3317 3687 Ἀαρών·
3364 3635 3385 3669 ι
3431 3618 3528 3681 Τίς
3571 3622 3720 3672 ἐστιν
3750 3621 3841 3674 ὅτι

2238 3708 2630 3777 διαγογγύζετε
2665 3708 2785 3761 κατ’
2827 3708 3027 3774 αὐτοῦ;
3056 3709 3132 3762 Οὐ
3163 3709 3273 3781 γὰρ
3312 3709 3433 3763 καθ’
3466 3709 3647 3782 ἡμῶν,
3690 3711 3840 3766 ἀλλᾶ

2240 3801 2382 3856 κατά
2409 3801 2545 3855 Θεοῦ
2573 3804 2602 3855 ό
2627 3803 2943 3874 γογγυσμὸς
2964 3802 3117 3874 ὑμῶν
3146 3797 3300 3868 οῦτός
3320 3805 3485 3858 ἐστιν.
3522 3826 3539 3856 ι
3584 3803 3843 3875 Ἐπλημ-

2241 3893 2439 3967 μέλουν
2474 3894 2573 3966 μὲν
2607 3896 2716 3968 γάρ
2765 3897 2847 3961 εἰς
2885 3896 3093 3951 Μωσέα
3139 3896 3233 3950 καὶ
3280 3893 3511 3967 Ἀαρὼν,
3544 3895 3680 3950 ἀλλά
3729 3896 3842 3968 τῆς
3887 3947 3911 3966 ,

2239 3988 2391 4053 θείας
2416 3990 2621 4059 ἥπτετο
2648 3989 2807 4060 δόξης
2834 3989 2895 4042 τὸ
2922 3988 3221 4060 δρώμενον,
3262 3989 3357 4042 καὶ
3385 3988 3474 4041 ἐπ’
3499 3986 3670 4058 αὐτὴν
3713 3984 3838 4060 εἶχε

2235 4073 2335 4146 τὴν
2354 4076 2657 4147 ἀναφορὰν,
2683 4076 2785 4147 τῆς
2799 4076 2908 4130 τῶν
2926 4076 3252 4148 ύόριζόντων
3276 4076 3570 4141 ὑπονοίαςό
3601 4078 3835 4149 τρόπος.

2236 4166 2387 4239 Πλὴν
2433 4167 2533 4235 oin:
2580 4160 2723 4238 ἦσαν
2752 4167 2879 4221 Θεοὶ
2933 4167 3139 4238 Μωσῆς
3182 4181 3244 4221 τε
3296 4166 3391 4221 καὶ
3440 4167 3670 4239 ’Δαρὼν,
3701 4168 3836 4222 οὔτε

2239 4257 2347 4329 μὴν
2389 4257 2640 4329 ἀναφορᾷ
2684 4256 2844 4315 Θεοῦ.
2876 4291 2896 4314 ο
2924 4294 2942 4311 .
2976 4298 2989 4312 .
3024 4300 3037 4313 .
3069 4295 3087 4312 .
3123 4299 3138 4316 .
3172 4298 3186 4313 .
3247 4257 3335 4312 διὰ
3379 4258 3696 4329 προφητῶν,
3730 4258 3832 4312 τοῦ

2237 4349 2380 4403 κατά
2429 4351 2610 4422 σάρκα
2653 4350 2887 4422 Ἰσραήλ.
2928 4345 3063 4405 Εἶτα
3092 4349 3407 4423 προσῄεσαν
3444 4350 3697 4421 λέγοντες
3750 4351 3836 4423 τῷ

2236 4441 2508 4514 θεσπεσίῳ
2553 4443 2848 4515 Σαμουήλ*
2888 4463 2909 4497 ι
2961 4444 3193 4514 Ποίησον
3224 4446 3357 4516 ἡμῖν
3401 4443 3646 4515 βασιλέα,
3680 4446 3834 4500 καθὰ

539 4547 677 4602 leste
705 4555 759 4602 et
797 4544 1015 4615 quidem
1068 4543 1264 4598 merito
1320 4543 1445 4597 tulit
1495 4558 1510 4594 :
1553 4541 1649 4594 sed
1704 4536 1913 4592 audivit
1959 4535 2125 4589 Deum

2239 4532 2335 4585 καὶ
2373 4531 2443 4585 τὰ
2483 4533 2646 4587 λοιπά
2699 4534 2851 4606 ἔθνη.
2901 4554 2921 4588 ι
2963 4534 3108 4607 Πρὸς
3144 4533 3319 4589 ταῦτα
3366 4535 3832 4605 κατεπικραίνετο

540 4639 813 4694 dicentem
849 4654 862 4690 :
905 4654 924 4688 ι
964 4634 1080 4691 Νοη
1127 4644 1179 4688 te
1222 4636 1711 4701 contempserunt,
1769 4625 1866 4682 sed
1907 4639 2011 4691 me,
2054 4639 2124 4681 ne

2238 4626 2333 4680 καὶ
2373 4627 2577 4698 σφόδρα
2626 4627 2853 4693 εἰκότως
2904 4628 2932 4680 ό
2982 4628 3453 4699 πνευματοφόρος,
3502 4624 3619 4680 ἀλλ’
3656 4626 3830 4697 ἤκουε

542 4742 760 4800 regnem
791 4742 955 4797 super
973 4742 1070 4781 eos
1084 4722 1152 4781 ⁸⁸.
1187 4745 1206 4778 ι
1236 4725 1316 4780 Ειι
1354 4736 1546 4778 rursus
1564 4729 1755 4789 aperte
1781 4724 2129 4784 contemptus

541 4819 807 4875 rationem
849 4821 915 4873 ad
976 4817 1144 4873 Deum
1197 4814 1392 4870 referri
1450 4812 1549 4865 ait.
1616 4809 1757 4875 Quin
1791 4807 1953 4862 etiam
2013 4807 2128 4876 ipse

538 4910 783 4965 omnium
810 4906 1066 4963 Salvator
1102 4921 1168 4961 ac
1216 4904 1480 4957 Dominus
1504 4938 1522 4965 ,
1576 4898 1726 4954 deiis
1756 4898 1848 4968 qui
1883 4907 2127 4966 egestate

537 5007 884 5071 premuntur,
918 4998 1037 5052 ait:
1097 5013 1117 5046 ι
1171 4991 1445 5061 Quidquid
1493 4989 1702 5045 fecistis
1756 4991 1848 5045 uni
1894 5003 1959 5043 ex
2005 4990 2126 5045 istis

538 5091 802 5155 minimis,
833 5089 964 5143 mihi
1005 5086 1213 5141 fecistis
1266 5084 1333 5139 ⁸⁸.
1372 5102 1392 5136 ι
1427 5083 1541 5138 Hac
1596 5082 1763 5154 igitur
1816 5084 2029 5139 ratione
2076 5083 2123 5139 si

538 5188 663 5256 quis
692 5187 905 5242 dicatur
941 5180 1127 5237 colere
1156 5194 1279 5234 eum
1310 5178 1400 5249 qui
1447 5189 1530 5234 est
1559 5193 1626 5234 ex
1678 5179 1886 5234 semine
1929 5178 2121 5244 David,

539 5276 752 5333 Filione
772 5277 823 5331 id
843 5271 1135 5340 praestitit?
1156 5281 1209 5327 et
1232 5271 1333 5326 nisi
1366 5272 1488 5341 quis
1511 5272 1822 5337 crediderit,
1842 5270 2127 5326 offenderit

541 5368 787 5439 profecto
811 5381 937 5421 cum
977 5365 1066 5434 qui
1104 5375 1294 5420 natura
1322 5375 1407 5421 est
1431 5363 1622 5430 Filius,
1667 5365 1759 5434 qui
1814 5379 1874 5419 se
1908 5377 2125 5434 quoque

540 5458 644 5514 coli
670 5457 803 5523 vult,
840 5466 894 5511 et
923 5456 1109 5513 eodem
1144 5453 1299 5527 plane
1335 5457 1492 5511 modo
1514 5470 1545 5510 a
1578 5455 1736 5511 nobis
1762 5454 1934 5511 credi.
1973 5454 2121 5522 Quo-

543 5548 706 5604 modo
733 5548 899 5613 igitur
927 5563 1035 5604 nou
1087 5549 1159 5605 sit
1208 5548 1385 5605 factus
1409 5563 1510 5619 par
1551 5556 1715 5617 atque
1747 5546 1973 5615 aequalis
2020 5547 2122 5600 ho-

544 5653 675 5696 nore
722 5654 912 5697 servus
963 5655 1084 5698 cum
1126 5639 1386 5706 domino,
1437 5650 1492 5696 et
1536 5639 1757 5695 deitatis
1796 5638 2119 5694 excellentia

2229 4718 2325 4773 τοῦ
2351 4718 2487 4772 Θεοῦ
2526 4718 2799 4788 λέγοντοςο
2839 4737 2858 4771 ι
2894 4719 2969 4773 Οὐ
3001 4719 3059 4772 σὲ
3091 4719 3532 4790 ὲξουθενήκασιν,
3557 4717 3673 4771 ἀλλ’
3700 4719 3831 4790 ἐμὲ,

2226 4809 2324 4864 τοῦ
2385 4811 2459 4881 μὴ
2515 4808 2821 4882 βασιλεύειν
2877 4811 2966 4864 ἐπ’
3009 4811 3228 4875 αὐτούς.
3271 4827 3291 4863 ι
3348 4810 3477 4864 Ἰδοὺ
3532 4807 3596 4881 δὴ
3636 4810 3835 4874 πάλιν,

2229 4900 2463 4956 κάνθάδε
2494 4901 2680 4971 σαφῶς
2711 4904 2740 4956 ό
2771 4902 2872 4972 τῆς
2901 4902 3299 4973 ἐξουθενήσεως
3337 4902 3538 4974 τρόπος
3576 4903 3661 4964 είς
3693 4901 3836 4955 Θεὸν

2230 4992 2346 5064 ἔχει
2387 4993 2486 5065 τὴν
2520 4994 2821 5066 ἀναφοράν.
2868 4995 2980 5049 Καὶ
3010 4995 3116 5067 μὴν
3159 4995 3254 5049 καὶ
3287 4995 3454 5059 αὐτὸς
3479 4996 3507 5048 ό
3547 4993 3657 5048 τῶν
3688 4993 3834 5047 ὅλων

2231 5086 2426 5158 Σωτὴρ
2464 5089 2559 5141 καὶ
2582 5086 2790 5159 Κύριος
2818 5089 2948 5159 περὶ
2985 5088 3096 5141 τῶν
3124 5088 3183 5142 ὲν
3213 5087 3392 5160 ἐνδείᾳ
3420 5086 3616 5159 φησίν·
3642 5102 3661 5138 ι
3709 5083 3832 5154 Ἐφ’

2232 5178 2357 5231 ὅσον
2409 5179 2700 5249 ἐποιήσατε
2763 5179 2844 5233 ἑνὶ
2890 5177 3099 5232 τούτων
3143 5176 3253 5230 τῶν
3303 5176 3640 5247 ἐλαχίστων,
3699 5173 3824 5244 ἐμοὶ

2231 5270 2551 5341 ἐποιήσατε.
2600 5290 2620 5324 ι
2663 5265 2791 5342 Ἆρ’
2824 5264 2918 5324 οῦν
2949 5269 3096 5325 κατὰ
3140 5269 3331 5325 τοῦτον
3377 5270 3468 5323 τὸν
3504 5268 3734 5340 τρόπον,
3768 5264 3822 5318 εἴ

2230 5379 2315 5427 τις
2349 5363 2560 5433 λέγοιτο
2585 5365 2751 5435 τιμᾷν
2780 5363 2870 5418 τόν
2899 5365 2965 5417 ὲκ
3006 5362 3326 5435 σπέρματος
3356 5361 3542 5425 Δαϐὶδ,
3575 5360 3657 5432 τῷ
3702 5357 3818 5430 Υῑῷ

2229 5454 2538 5523 πεποίηκε;
2585 5454 2690 5510 κᾶν
2740 5457 2790 5508 ει
2845 5454 2920 5527 μὴ
2969 5455 3317 5520 πιστεύσειε,
3370 5455 3820 5528 προσκέκρουκεν

2227 5548 2515 5620 ἀραρότως
2543 5547 2623 5618 τῷ
2652 5548 2797 5601 κατά
2830 5548 2993 5618 φύσιν
3040 5546 3176 5619 Υίῷ,
3222 5544 3484 5620 τιμᾶσθαι
3525 5546 3669 5619 τάχα
3712 5562 3816 5599 που

2230 5639 2325 5693 καὶ
2375 5638 2539 5693 αὑτὸν
2595 5638 2868 5705 ἐθέλοντι,
2918 5641 3012 5696 καὶ
3053 5639 3409 5710 πιστεύεσθαι
3467 5638 3607 5712 πρὸς
3651 5638 3817 5710 ἡμῶν

615 5815 666 5851 ⁸⁸
694 5816 889 5888 Ephes.
930 5835 971 5885 ι,
998 5817 1090 5873 21.
1170 5817 1217 5852 ⁸⁸
1249 5817 1417 5873 Exod.
1449 5831 1562 5884 va,
1590 5814 1645 5870 8.
1721 5814 1768 5847 ”
1802 5812 1822 5867 l
1853 5812 1983 5885 Reg.
2016 5830 2130 5884 vui,

2238 5814 2277 5871 ὃ.
2353 5815 2400 5850 ⁸⁸
2432 5814 2622 5873 Matth.
2657 5832 2783 5886 xxv,
2817 5816 2909 5873 40.
