4050 6430
233 5076 245 5141 l

234 5178 241 5187 ο

230 5206 246 5329 l

310 381 457 437 1285

1448 384 1638 452 QUOD
1674 383 1865 443 UNUS
1903 382 2011 439 SIT
2049 385 2418 444 CHRISTUS.

3437 396 3576 456 £286

300 499 449 553 κατὰ
494 500 587 555 τὸν
636 501 753 557 (sev
801 504 896 558 καὶ
944 505 1383 577 ἀπαραλλάκτως
1428 503 1622 574 ἔχοντα
1671 486 1866 573 τρόπον

1966 502 2193 572 polleat
2242 506 2293 559 id
2340 505 2483 576 quod
2514 515 2759 561 creatum
2801 515 2906 573 est,
2963 518 3020 565 et
3073 509 3215 566 Deus
3257 525 3487 577 recens,
3519 519 3576 566 ut

296 589 440 646 Εἶτα
482 593 600 658 πῶς
645 596 706 648 οὑ
753 597 976 666 γέγονεν
1024 599 1264 669 ἰσότιμον
1301 597 1398 667 μὲν
1430 596 1508 666 τῷ
1543 596 1779 666 δεσπότῃ
1825 596 1889 648 τὸ

293 682 524 749 δοῦλον,
574 687 633 738 ὲν
668 686 967 758 ὑπεροχαῖς
1004 689 1062 742 δὲ
1096 689 1348 760 θεότητος
1389 687 1451 740 τὸ
1492 687 1885 757 πεποιημένον,

292 775 396 828 καὶ
426 775 558 838 Θεὸς
580 777 915 848 πρόσφατος,
944 780 1086 834 κατὰ
1107 780 1205 844 τὰς
1235 780 1488 852 Γραφάς;
1530 779 1887 848 ὲπενήνεκται

286 864 356 919 δὲ
384 867 453 935 τῇ
482 865 615 936 ἁγίᾳ
652 868 747 919 καὶ
770 868 1046 940 όμοουσίῳ
1071 868 1263 941 Τριάδι
1317 868 1377 921 τὸ
1421 866 1706 936 ἀνισοφυὲς
1746 866 1884 935 αὐτῇ

286 958 393 1010 καὶ
442 957 541 1011 σὺν
570 958 707 1029 αὐτῇ
743 961 1219 1031 προσκυνούμενον
1248 1000 1263 1026 ,
1316 958 1411 1012 καὶ
1449 958 1549 1029 τῆς
1587 957 1711 1027 ῖσης
1746 956 1883 1027 αὐτῇ

285 1047 592 1103 κοινωνοῦν
616 1050 899 1118 εὐκλείας;

247 1174 253 1205 ξ
367 1140 430 1193 Β.
471 1142 608 1194 Φασὶ
638 1140 739 1214 τὴν
779 1143 1059 1214 ἀναφορὰν
1102 1141 1244 1196 κατά
1288 1142 1492 1196 τοιόνδε
1529 1139 1654 1193 τινὰ
1685 1139 1884 1210 χρῆναι

196 1248 217 1255 -
248 1282 253 1289 ,
282 1230 676 1300 λαμϐάνεσθαι
729 1233 951 1304 τρόπον.
1018 1233 1359 1297 Ἐννοοῦντες
1400 1232 1508 1302 γὰρ
1558 1231 1649 1285 τὸν
1693 1230 1773 1300 τῷ
1818 1231 1884 1283 ἐκ

284 1323 614 1394 σπέρματος
664 1324 829 1378 Δαϐῖδ
867 1326 1186 1397 ἀχωρίστως
1232 1325 1574 1395 συναφθέντα
1612 1324 1744 1378 Θεὸν
1781 1322 1884 1376 Λό-

282 1429 413 1480 γον,
447 1414 866 1488 προσκυνοῦμεν
891 1417 966 1479 ὡς
996 1416 1149 1470 Θεόν.

361 1505 429 1559 A.
474 1499 601 1575 ’Ἆρ’
647 1500 741 1559 οὖν
785 1507 1004 1578 ἀπόχρη
1055 1508 1191 1579 πρὸς
1223 1507 1285 1561 τὺ
1321 1506 1431 1561 δεῖν
1469 1505 1619 1576 αὑτῷ
1667 1504 1767 1576 τὴν
1804 1505 1882 1577 τῷ

282 1593 415 1663 Θεῷ
462 1595 781 1666 πρέπουσαν
831 1596 991 1660 δόξαν
1038 1598 1199 1661 ἑλεῖν,
1235 1598 1328 1650 καὶ
1368 1597 1478 1650 τῶν
1519 1596 1621 1665 τῆς
1650 1596 1882 1660 κτίσεως

280 1685 703 1754 ὑπερφέρεσθαι
730 1687 965 1757 μέτρων,
989 1687 1049 1740 τὸ
1081 1687 1350 1757 συνῆφθαι
1382 1688 1542 1758 μόνον
1573 1684 1753 1756 αὑτῷς
1786 1686 1880 1739 καὶ

280 1776 450 1829 τοῦτο
477 1778 851 1849 προσκυνητὸν
902 1780 992 1832 τὸν
1040 1780 1139 1833 οὑκ
1190 1781 1318 1834 ὄντα
1365 1779 1497 1832 Θεὸν
1546 1780 1873 1850 ὲργάσεται;

1994 594 2273 663 Scriptura
2331 606 2562 650 testatur
2602 597 2699 650 "?
2742 599 3040 655 Asciscitur
3064 616 3192 657 vero
3229 601 3282 655 in
3326 613 3576 658 sanciam

1988 695 2044 741 et
2071 689 2585 744 consubstantialem
2618 690 2943 746 Trinitatem
2978 693 3029 747 id
3057 692 3203 762 quod
3238 693 3470 749 diversae
3509 695 3576 751 ab

1989 792 2050 832 ea
2082 789 2292 834 naturae
2319 788 2422 845 est,
2460 796 2679 851 unaque
2712 798 2833 837 cum
2857 798 2919 838 ea
2963 784 3226 839 adorator
3252 826 3269 853 ,
3320 800 3572 842 commu-

1991 882 2224 939 nemque
2251 876 2305 925 et
2329 884 2514 941 parem
2545 887 2670 927 eum
2700 886 2765 926 ea
2795 872 3021 942 gloriam
3050 873 3258 930 habet?

2057 1131 2120 1190 B.
2161 1131 2492 1187 Aiunthanc
2537 1132 2853 1188 relationem
2898 1133 3279 1204 hujuscemodi
3323 1138 3562 1209 quadam

1985 1224 2195 1279 ratione
2224 1225 2398 1294 accipi
2429 1224 2645 1279 debere.
2676 1224 2990 1282 Statuentes
3021 1229 3166 1283 enim
3195 1231 3321 1287 huic
3349 1233 3444 1302 qui
3478 1242 3566 1289 est

1985 1330 2053 1370 ex
2098 1316 2307 1372 semine
2349 1316 2519 1371 David
2577 1317 3012 1387 inseparabiliter
3062 1322 3372 1392 copulatum
3438 1339 3562 1381 esse

1986 1406 2155 1461 Deum
2192 1406 2453 1472 Verbum,
2490 1408 2785 1465 adoramus
2812 1420 2873 1465 ut
2916 1411 3107 1469 Deum.

2055 1500 2121 1553 A.
2140 1500 2303 1569 Atqui
2339 1499 2608 1569 suﬂicitne
2634 1502 2739 1558 hoc
2771 1503 2840 1557 ad
2864 1504 3208 1560 deferendam
3237 1506 3311 1561 illi
3333 1508 3558 1577 gloriam

1980 1604 2101 1659 quae
2132 1591 2239 1645 Deo
2260 1592 2554 1657 convenit,
2614 1603 2670 1648 et
2712 1593 2779 1648 ad
2829 1608 2953 1649 eum
3001 1595 3138 1650 ultra
3185 1576 3561 1655 creaturarum

1979 1681 2345 1758 conditionem
2366 1682 2727 1748 evehendum,
2751 1683 2895 1753 quod
2929 1685 3255 1754 conjunctus
3271 1688 3322 1743 ei
3348 1698 3561 1743 tantum

1978 1772 2068 1837 sit,
2108 1772 2269 1842 idque
2299 1773 2627 1827 adorabilem
2661 1789 2784 1828 eum
2815 1772 2981 1829 faciet
3008 1777 3099 1845 qui
3131 1793 3237 1832 non
3262 1778 3336 1833 sit
3367 1778 3511 1834 Deus
3537 1778 3564 1833 τ

280 1868 409 1920 ἀλλ’
440 1868 682 1938 εὑρίσκω
713 1870 836 1923 τινὰ
853 1869 932 1940 τῷ
966 1870 1083 1942 Θεῷ
1115 1871 1341 1941 λέγοντα
1367 1871 1456 1925 διὰ
1484 1849 1698 1941 τῆςτοῦ
1725 1871 1866 1924 Ψάλ‹

1977 1863 2047 1916 At
2080 1863 2292 1931 reperio
2320 1862 2611 1931 quemdam
2650 1876 2753 1931 per
2800 1861 3105 1919 Psalmistze
3140 1863 3313 1937 lyram
3364 1867 3561 1922 dicen-

279 1958 473 2022 λον-τος
496 1960 664 2029 λύρας
688 1977 702 1991 ’
747 1981 768 2013 ‹
808 1962 1103 2034 Ἐκολλήθη
1136 1964 1170 2034 ἡ
1202 1963 1345 2034 ψυχή
1381 1981 1479 2034 μου
1504 1963 1679 2016 ὀπίσω
1707 1979 1821 2016 σου.
1850 1980 1869 2014 ι

279 2051 495 2121 Γράφει
528 2052 584 2105 δὲ
609 2052 702 2105 καὶ
743 2054 772 2105 ό
807 2055 1076 2125 μακάριος
1104 2054 1346 2118 Παῦλοςο
1379 2074 1398 2107 ι
1445 2056 1501 2108 ὐ
1537 2053 1875 2124 κολλώμενος

279 2142 364 2213 τῷ
386 2143 596 2215 Κυρίῳ,
619 2142 678 2197 ἒν
705 2144 922 2217 πνεῦμά
950 2148 1116 2200 ὲστιν.
1159 2165 1179 2198 ι
1204 2141 1270 2198 7A
1282 2147 1328 2217 ρ’
1349 2141 1462 2212 οὖν,
1503 2146 1627 2199 εἰπέ
1650 2163 1760 2216 μοι,
1780 2145 1876 2199 καὶ

277 2234 509 2298 τούτους
547 2236 796 2309 ἀναφορᾷ
832 2239 970 2292 Θεοῦ
998 2240 1472 2311 προσκυνήσομεν,
1503 2238 1578 2303 ὡς
1615 2239 1875 2310 κεκολλη-

281 2328 484 2398 μένους
516 2329 702 2399 αὑτῷ;
755 2331 950 2384 Καίτοι
988 2330 1083 2385 τοῦ
1130 2332 1401 2402 συνῆφθαι
1429 2331 1625 2401 λέγειν,
1666 2331 1728 2384 τὸ
1774 2333 1871 2403 τῆς

276 2419 593 2491 κολλήσεως
635 2419 824 2490 ὄνομα,
869 2419 1092 2491 μείζονά
1128 2437 1232 2474 που
1269 2422 1486 2485 πάντως
1517 2421 1612 2475 καὶ
1656 2420 1868 2486 ἀξιολο-

271 2510 533 2581 γωτέραν
562 2510 662 2580 τὴν
706 2509 944 2581 ἔμφασιν
988 2509 1136 2582 ἔχει·
1169 2511 1328 2582 εἴπερ
1360 2512 1508 2565 ἐστὶν
1551 2512 1748 2583 ἀληθὲς
1790 2514 1869 2565 εί-

272 2605 426 2666 ·ιτεῖν,
461 2601 537 2666 ὡς
568 2603 629 2656 τό
656 2620 766 2656 τισι
799 2602 1158 2674 κολλώμενον,
1197 2606 1255 2660 ὲν
1292 2606 1540 2659 ἐπιτάσει
1571 2605 1736 2677 πολλῇ
1771 2605 1871 2677 τὴν

276 2694 582 2764 συνάφειαν
616 2693 752 2765 ἔχει.

351 2785 413 2839 Β.
461 2786 698 2840 Ἔοικεν.

346 2878 414 2935 Α.
471 2878 719 2931 Ἀνθότου
772 2874 830 2932 δὲ
879 2879 943 2951 δὴ
990 2879 1257 2949 παρέντες
1290 2880 1389 2951 τὴν
1424 2881 1637 2944 ἕνωσιν,
1690 2879 1865 2933 καίτοι

273 2969 469 3039 φωνὴν
503 2965 670 3023 οὖσαν
714 2970 938 3042 εὑτριϐἧ
986 2972 1116 3042 παρ’
1150 2973 1282 3042 ἡμῖν
1333 2973 1537 3037 αὐτοῖς,
1577 2972 1775 3042 μᾶλλον
1808 2972 1867 3025 δὲ

276 3060 378 3113 καὶ
406 3061 473 3113 ὲκ
496 3059 605 3113 τῶν
631 3060 803 3128 ἁγίων
830 3060 1091 3132 Πατέρων
1120 3061 1554 3116 καταϐαίνουσαν
1583 3065 1662 3124 είς
1696 3064 1863 3133 ἡμᾶς,

1981 1965 2087 2009 tem
2123 1970 2136 2006 :
2174 1973 2193 2005 ι
2222 1953 2605 2022 Cunglutiuata
2651 1962 2734 2009 est
2786 1957 2963 2008 anima
3009 1970 3125 2011 mea
3162 1967 3284 2026 post
3317 1966 3369 2014 te
3397 1958 3446 1992 ⁸⁸
3477 1975 3494 2027 ;
3534 1978 3554 2013 ι

1975 2056 2030 2102 ει
2067 2047 2255 2101 beatus
2286 2045 2483 2101 Paulus
2530 2046 2603 2100 ita
2650 2046 2843 2101 scribit
2876 2062 2893 2103 :
2936 2066 2956 2099 ι
2997 2046 3098 2115 Qui
3145 2049 3556 2117 conglutinatus

1976 2149 2059 2192 est
2091 2137 2322 2192 Domino
2349 2175 2365 2201 ,
2400 2151 2541 2191 unus
2578 2136 2803 2206 spiritus
2848 2147 2935 2194 est
2974 2139 3064 2195 ⁸⁸⁸.
3114 2159 3135 2192 ι
3182 2142 3338 2198 Anne
3370 2142 3555 2213 igitur,

1974 2232 2222 2295 obsecro,
2246 2229 2409 2284 etiam
2441 2229 2544 2285 hos
2567 2228 2919 2285 adorabimus
2945 2239 3192 2298 respectu
3229 2231 3343 2298 Dei,
3369 2242 3558 2302 utpote

1974 2323 2023 2377 ei
2076 2320 2523 2389 conglutinatos?
2578 2322 2740 2391 Atqui
2810 2324 3295 2394 conglutinationis
3358 2339 3555 2388 nomen
3652 2382 3659 2385 _

1975 2413 2235 2482 majorem
2271 2415 2379 2468 vim
2413 2415 2573 2486 733
2603 2424 2766 2484 atque
2833 2416 3136 2485 emphasim
3187 2414 3348 2470 habet
3390 2429 3553 2485 quam

1973 2503 2393 2573 conjunctionis.
2428 2504 2709 2573 Siquidem
2745 2519 2875 2560 vere
2906 2505 3127 2573 dicitur,
3163 2505 3208 2561 si
3237 2505 3368 2575 quid
3395 2505 3553 2560 alteri

1971 2598 2203 2667 cuipiam
2227 2596 2666 2667 conglutinatum
2689 2608 2795 2662 est,
2836 2599 3213 2653 vehementem
3241 2598 3291 2653 ei
3315 2608 3554 2653 arctam-

1970 2705 2077 2761 que
2100 2705 2224 2746 cum
2252 2690 2343 2745 illo
2367 2688 2805 2758 conjunctionem
2836 2689 3196 2746 intercedere.

2039 2781 2102 2836 B.
2133 2782 2211 2836 lta
2245 2782 2484 2836 videtur.

2041 2875 2105 2928 A.
2136 2874 2246 2930 Cur
2268 2884 2474 2940 autem,
2502 2875 2708 2944 rcjecto
2736 2874 2958 2930 nomine
2994 2873 3240 2941 unitatis,
3270 2887 3391 2929 cum
3422 2872 3557 2929 alio-

1969 2966 2060 3035 qni
2088 2967 2159 3021 sit
2208 2966 2463 3020 usitatum
2515 2967 2671 3021 nobis
2701 2967 2857 3036 ipsis,
2905 2966 3015 3021 imo
3066 2980 3195 3021 vero
3269 2980 3300 3020 a
3353 2967 3557 3022 sanctis

1972 3057 2218 3111 Patribns
2258 3058 2323 3112 ad
2361 3073 2458 3113 nos
2480 3056 2719 3123 ﬂuxerit,
2749 3056 3192 3126 conjunctionem
3243 3057 3425 3128 potius
3460 3074 3559 3114 vo-

276 3149 579 3219 συνάφειαν
610 3149 970 3221 όνομάξουσι;
1006 3151 1199 3204 Καίτοι
1234 3155 1426 3223 συγχεῖ
1460 3153 1556 3221 μὲν
1596 3154 1628 3222 ὴ
1673 3152 1864 3216 ἕνωσις

1967 3149 2152 3203 eant?
2205 3148 2370 3217 Atqui
2416 3150 2598 3204 unitas
2655 3163 2993 3217 nequaquam
3038 3149 3321 3203 confundit
3365 3165 3429 3205 ea
3481 3152 3549 3207 de

268 3241 533 3311 οὐδαμῶς
564 3241 633 3295 τά
680 3244 801 3296 καθ’
829 3235 904 3297 ὧν
933 3244 1000 3297 ἂν
1031 3244 1261 3312 λέγοιτο,
1289 3243 1614 3299 διαδείκνυσι
1641 3243 1698 3297 δὲ
1725 3246 1862 3312 μᾶλ-

266 3333 364 3387 λον
399 3333 500 3404 τὴν
534 3335 615 3397 είς
657 3332 717 3386 ἓν
755 3350 807 3387 τι
857 3334 1163 3407 συνδρομὴν
1213 3334 1322 3389 τῶν
1356 3334 1596 3406 ἡνῶσθαι
1640 3335 1862 3405 νοουμέ⁴

268 3442 405 3480 νων.
437 3424 548 3478 Καὶ
581 3425 701 3495 οὑχὶ
750 3425 924 3497 πάντη
972 3442 1034 3479 τε
1071 3426 1165 3480 καὶ
1207 3427 1426 3491 πάντως
1455 3425 1515 3479 ἓν
1550 3426 1617 3481 ἂν
1655 3425 1864 3496 λέγοιτο

272 3516 459 3586 μόνως
488 3514 551 3567 τὸ
579 3514 787 3568 ἁπλοῦν
817 3517 911 3569 καὶ
942 3516 1233 3587 μονοειδὲς,
1267 3515 1404 3570 ἀλλὰ
1434 3517 1544 3588 γάρ
1578 3519 1673 3571 καὶ
1701 3517 1769 3570 τὰ
1798 3518 1864 3572 ὲκ

266 3609 422 3661 δυοῖν
459 3607 492 3677 ἢ
524 3605 788 3661 πλειόνων
817 3605 898 3661 ἔτι
932 3607 1030 3661 καὶ
1068 3607 1127 3671 ἐξ
1158 3607 1472 3681 ἑτεροειδῶν
1509 3594 1857 3681 συγκείμενα.

265 3702 435 3754 Δοκεῖ
480 3698 590 3769 γάρ
616 3697 790 3763 οὕτως
836 3694 897 3754 εὖ
950 3699 1093 3770 ἔχειν
1120 3703 1234 3763 τοῖς
1276 3699 1455 3755 ταῦτα
1487 3704 1690 3771 σοφοῖς.
1744 3703 1861 3755 Κα-

266 3790 616 3863 κουργότατα
654 3790 834 3845 τοίνυν
884 3791 977 3845 τὸν
1027 3792 1125 3847 ἕνα
1172 3791 1269 3846 καὶ
1305 3793 1465 3862 φύσει
1513 3795 1610 3848 καὶ
1645 3793 1863 3865 ἀληθῶς

269 3884 425 3948 Υίὸν,
459 3883 956 3954 ὲνανθρωπήσαντα
987 3887 1084 3938 καὶ
1117 3886 1538 3957 σεσαρκωμένον
1560 3887 1859 3953 διιστάντες

265 3978 351 4039 εἰς
378 3975 492 4040 δύο,
527 3975 919 4048 παραιτοῦνται
953 3976 1052 4047 μὲν
1084 3977 1183 4048 τὴν
1214 3979 1429 4043 ἕνωσιν,
1462 3980 1759 4050 συνάφειαν
1801 3981 1860 4034 δὲ

264 4067 653 4139 ὀνομάζουσιν,
688 4068 754 4139 ἢν
785 4067 852 4123 ἂν
886 4067 997 4138 ἔχοι
1028 4067 1193 4138 τυχὸν
1229 4069 1323 4122 καὶ
1362 4069 1549 4140 ἕτερός
1589 4088 1677 4134 τις
1721 4071 1859 4141 πρὸς

265 4160 426 4226 Θεὸν,
461 4160 539 4223 ὡς
560 4159 620 4225 te
647 4160 849 4231 ἀρετῆς
877 4158 972 4212 καὶ
1004 4158 1277 4230 ἁγιασμοῦ
1312 4161 1591 4232 μονονουχὶ
1641 4161 1859 4215 συνδοὺ-

270 4268 456 4322 μενος,
486 4250 630 4305 κατά
665 4267 731 4321 γε
757 4251 819 4305 τὸ
850 4251 956 4304 ὑπό
988 4267 1080 4305 του
1103 4249 1214 4304 τῶν
1245 4250 1541 4322 προφητῶν
1569 4252 1747 4324 ὀρθῶς
1777 4254 1857 4306 εί-

271 4346 531 4415 ρημένιιν,
561 4345 676 4407 τοῖς
715 4343 1109 4398 ἀναπίπτουσιν
1140 4344 1221 4405 είς
1260 4342 1322 4395 τὸ
1370 4341 1855 4414 ῥᾴθυμον”ιΣυν-

269 4437 473 4509 άχθητε
517 4436 612 4491 καὶ
651 4435 961 4507 συνδέθητε,
1005 4435 1067 4488 τὸ
1098 4433 1248 4499 ἔθνος
1276 4433 1337 4488 τὸ
1371 4434 1713 4501 ἀπαίδευτον,
1749 4437 1858 4508 πρὸ

1972 3240 2172 3308 quibus
2200 3238 2548 3307 praedicatur,
2578 3240 2673 3295 sed
2704 3239 2881 3309 potius
2905 3239 3178 3310 significat
3221 3255 3549 3298 concursum

1971 3330 2023 3386 in
2062 3346 2230 3385 unum
2253 3343 2458 3386 eorum-
2481 3346 2602 3401 quae
2642 3332 2791 3385 unita
2839 3345 2962 3387 esse
3002 3332 3398 3404 intelliguntur.
3446 3334 3554 3390 Sed

1970 3434 2148 3491 neque
2184 3421 2238 3475 in
2273 3421 2587 3476 universum
2637 3420 2840 3476 dicitur
2881 3436 3050 3475 unum
3102 3422 3447 3477 solummodo
3498 3423 3553 3478 id

1969 3511 2109 3583 quod
2146 3512 2374 3581 simplex
2402 3520 2506 3574 est,
2533 3520 2695 3581 atque
2722 3513 2884 3568 unius
2913 3513 3138 3582 speciei,
3172 3528 3364 3568 verum
3384 3515 3554 3571 etiam

1971 3616 2034 3657 ea
2071 3616 2193 3671 quae
2232 3617 2297 3656 ex
2342 3602 2554 3657 duobus
2613 3610 2708 3655 aut
2755 3602 2920 3656 etiam
2983 3601 3234 3673 pluribus
3264 3603 3431 3659 etiam
3473 3606 3556 3660 di-

1968 3708 2253 3749 versarum
2292 3694 2599 3763 specierum
2630 3694 2929 3763 composita
2966 3702 3112 3749 sunt.
3157 3695 3234 3749 ita
3261 3694 3407 3750 enim
3436 3703 3554 3751 sta-

1972 3796 2135 3845 tuunt
2166 3787 2361 3841 harum
2388 3800 2569 3841 rerum
2595 3786 2794 3854 ‘periti.
2835 3786 3360 3844 Fraudulentissime
3389 3789 3556 3859 igitur

1970 3892 2136 3932 unum
2168 3885 2223 3930 et
2259 3884 2449 3928 natura
2501 3882 2559 3929 et
2609 3888 2736 3928 vere
2784 3875 2979 3929 Filium
3022 3877 3296 3930 hominem
3339 3877 3549 3933 factum

1968 3974 2131 4033 atque
2171 3965 2511 4017 incarnatum
2551 3962 2950 4032 distinguentes
2986 3965 3041 4019 in
3082 3966 3212 4031 duo,
3276 3967 3544 4024 unitatem

1966 4057 2185 4125 quidem
2233 4055 2579 4118 detrectant,
2636 4055 3077 4125 conjunctionem
3120 4072 3252 4113 vero
3301 4069 3545 4130 vocant,

1935 4186 1939 4191 .
1966 4162 2128 4217 quam
2156 4146 2388 4201 fortasse
2415 4145 2744 4200 etiam'alius
2775 4147 3044 4216 quispiam
3073 4163 3195 4204 cum
3232 4151 3342 4207 Deo
3360 4151 3545 4223 habet,

1966 4246 2154 4310 utpote
2185 4237 2384 4292 virtute
2420 4252 2484 4294 ac
2513 4238 2948 4295 sanctificatione
2991 4248 3316 4298 tantumnon
3351 4244 3401 4300 ei
3433 4245 3547 4301 col-

1964 4330 2185 4401 ligatus,
2214 4330 2367 4400 juxta
2408 4330 2538 4386 illud
2567 4340 2719 4386 recte
2744 4346 2774 4385 ιι
2802 4330 3087 4402 prophetia
3115 4333 3322 4390 dictum
3354 4336 3421 4392 iis
3451 4339 3546 4407 qui

1964 4425 2031 4479 ad
2076 4423 2343 4492 ignaviam
2376 4422 2783 4479 devolvuntur:
2815 4441 2835 4476 ι
2873 4424 3312 4496 Congregamini,
3343 4437 3396 4483 et
3433 4428 3545 4483 c'ol-

264 4531 362 4585 τοῦ
394 4529 648 4600 γενέσθαι
691 4529 837 4600 ὑμᾶς
881 4528 957 4591 ὡς
989 4526 1149 4592 ἄνθος
1189 4527 1623 4599 παρερχόμενον.
1664 4548 1684 4581 ›
1724 4529 1856 4582 Συν-

1967 4515 2237 4585 ligamini,
2269 4531 2403 4587 gens
2434 4517 2709 4587 imperita,
2738 4527 3026 4588 antequam
3060 4515 3203 4573 fialis
3238 4532 3334 4574 vos
3361 4528 3420 4574 ut
3444 4517 3545 4577 llos

263 4621 497 4676 άπτοιτο
522 4620 567 4674 δ’
607 4620 693 4676 ἂνΔ
727 4621 822 4675 καὶ
871 4618 1120 4690 μαθητὴς
1165 4619 1470 4690 διδασκάλῳ
1518 4621 1659 4675 κατά
1689 4638 1755 4690 γε
1801 4622 1863 4676 τὸ

263 4712 590 4785 φιλομαθὲς,
623 4713 719 4766 καὶ
749 4713 912 4784 ἡμεῖς
944 4712 1213 4783 ἀλλήλοις,
1246 4711 1307 4765 οὑ
1352 4712 1477 4765 καθ’
1505 4711 1601 4766 ἕνα
1631 4713 1858 4785 τρόπον,

269 4806 402 4859 ἰλλά
434 4804 683 4868 πολλοὺς.
723 4803 797 4857 Ἢ
827 4803 968 4873 τάχα
997 4819 1101 4855 που
1137 4802 1233 4856 καὶ
1264 4804 1293 4856 ό
1319 4801 1474 4856 τοῦδὲ
1518 4820 1665 4868 τινος
1714 4805 1859 4876 πράο

258 4912 474 4969 γματος
518 4895 812 4964 ὑπουργὸς.
847 4895 948 4947 οὐκ
996 4892 1279 4965 ἀσυναφὴς
1330 4893 1472 4948 κατὰ
1510 4895 1569 4948 τὸ
1610 4897 1859 4950 ἑκούσιον

259 4989 424 5046 νοοῖτ’
452 4986 521 5042 ἂν
550 4987 777 5051 εἰκότως
808 4985 886 5057 τῷ
915 4985 1133 5039 λαϐόντι
1164 4986 1301 5056 πρὸς
1333 4987 1657 5058 ὑπουργίαν.
1698 4989 1763 5042 Ὀ
1794 4987 1851 5042 δὲ

262 5080 473 5151 μᾶλλον
503 5077 681 5132 ἔοικεν
709 5077 742 5149 ἡ
766 5076 920 5148 παρά
938 5077 1047 5130 τῶν
1070 5077 1408 5148 καινοτόμων
1426 5081 1561 5149 ἡμῖν
1588 5081 1852 5151 συνάφεια

258 5170 479 5240 δηλοῦν.
532 5168 800 5223 Διεπὺθου
851 5168 962 5240 γὰρ
1009 5168 1426 5240 διατεινομένων
1477 5172 1724 5242 ἀμαθῶς,
1769 5173 1851 5226 ὅτι

257 5260 446 5315 λαϐὼν
477 5261 785 5333 ἄνθρωπον,
814 5259 890 5325 ὼς
914 5260 1099 5333 ἕτερόν
1128 5277 1250 5314 τινα
1280 5260 1411 5332 παρ’
1446 5262 1637 5316 ἑαυτὸν
1680 5264 1794 5316 υἱὸν
1824 5265 1854 5318 ό

255 5350 396 5415 Θεὸς
435 5351 627 5419 Λόγοςι,
664 5350 937 5420 ὑπουργὸν
974 5350 1166 5421 ὥσπερ
1210 5352 1333 5406 τινὰ
1386 5351 1497 5406 τῶν
1541 5354 1735 5408 ἑαυτοῦ
1767 5354 1855 5408 θε-

256 5440 524 5511 λημάτων
562 5440 845 5510 ἀπέφηνεν
874 5440 1057 5504 αὑτὸν,
1088 5441 1230 5495 ὥστε
1272 5442 1368 5496 καὶ
1392 5441 1624 5497 θανάτου
1658 5447 1854 5514 πεῖραν

258 5531 426 5597 ἑλεῖν,
464 5531 762 5586 ἀναϐιῶναί
791 5547 874 5595 τε,
905 5530 1000 5584 καὶ
1016 5533 1097 5592 είς
1122 5531 1285 5586 αὑτὸν
1315 5532 1603 5587 ἀνελθόντα
1642 5533 1732 5587 τὸν
1760 5534 1853 5587 οὑ-

263 5621 451 5695 ρανὸν,
481 5624 593 5685 τοῖς
631 5621 731 5693 τῆς
761 5621 1001 5693 ἀρρήτου
1047 5619 1301 5692 θεότητος
1350 5623 1594 5697 ὲνιζῆσαι
1637 5622 1847 5689 θάκοις.

1961 4608 2278 4679 praeteriens
2314 4608 2381 4663 ⁸⁹.
2459 4607 2818 4678 Conjungilur
2866 4626 2994 4665 vero
3029 4612 3194 4666 etiam
3244 4613 3543 4684 discipulus

1938 4702 2226 4772 .magistro
2260 4701 2473 4758 ratione
2500 4701 2790 4756 docilitatis
2815 4719 2829 4769 ;
2853 4711 2908 4756 et
2934 4716 3035 4757 nos
3069 4703 3209 4758 alter
3239 4704 3393 4760 alteri
3430 4720 3537 4760 non
3582 4738 3589 4748 -

1934 4808 2066 4852 .uno
2100 4794 2282 4859 modo,
2341 4794 2434 4848 sed
2483 4792 2752 4863 pluribus.
2811 4792 2876 4847 Et
2901 4793 2995 4863 qui
3054 4794 3284 4862 alicujus
3333 4797 3540 4868 negotii

1956 4886 2174 4957 adjutor
2201 4894 2314 4953 est,
2371 4901 2478 4941 non
2522 4895 2702 4954 potest
2739 4885 2934 4941 merito
2972 4886 3277 4956 disjunctus
3321 4890 3538 4946 censeri

1956 4979 2170 5035 ratione
2202 4979 2501 5035 voluntatis
2554 4978 2623 5033 ab
2668 4994 2735 5035 eo
2784 4980 2874 5049 qui
2920 4980 3095 5049 ipsum
3132 4981 3184 5035 in
3223 4981 3533 5053 adjutorem

1932 5070 2188 5142 accepit.
2223 5070 2337 5127 Hoc
2358 5081 2539 5126 autem
2567 5073 2746 5142 potius
2773 5071 2988 5129 videtur
3007 5073 3121 5129 haec
3149 5074 3533 5132 innovatorum

1957 5163 2272 5234 eonjuuetio
2322 5163 2652 5235 significare.
2702 5163 2916 5221 Audisti
2964 5166 3108 5221 enim
3137 5181 3232 5223 eos
3285 5167 3537 5237 imperite

1960 5240 2350 5310 contendentes
2376 5294 2391 5319 ,
2424 5255 2565 5324 quod
2595 5255 2734 5311 Deus
2768 5253 3028 5324 Verbum,
3066 5266 3290 5327 accepto
3316 5256 3536 5314 homine

1956 5354 2215 5416 tanquam
2242 5345 2353 5401 alio
2390 5346 2624 5416 quodam
2658 5360 2723 5401 ac
2765 5346 2981 5402 diverso
3017 5361 3049 5401 a
3094 5361 3155 5401 se
3186 5347 3317 5413 ﬁlio,
3367 5347 3533 5404 veluti

1954 5438 2258 5509 adjutorem
2319 5438 2610 5509 quemdam
2667 5448 2832 5508 atque
2854 5447 3236 5494 exsecutorem
3282 5453 3396 5495 sua:
3440 5452 3535 5495 vo-

1951 5531 2178 5586 luntatis
2207 5531 2382 5602 ipsum
2412 5530 2722 5596 constituit,
2749 5530 2820 5585 ita
2854 5539 2915 5585 ut
2958 5540 3013 5585 et
3041 5540 3273 5586 mortem
3301 5530 3480 5586 obiret
3510 5567 3530 5596 ,

1951 5631 2008 5679 et
2040 5621 2413 5690 revivisceret,
2447 5630 2613 5692 atque
2643 5622 2698 5678 in
2731 5620 2929 5679 caelum
2972 5621 3201 5691 relatus,
3240 5620 3532 5680 ineffabilia

330 5798 384 5835 ⁸⁷
413 5801 561 5859 Psal.
590 5816 754 5871 uxr,
780 5798 869 5857 lo.
949 5800 993 5834 ⁸³
1021 5798 1147 5857 Psal
1177 5814 1312 5867 uti,
1352 5800 1406 5857 9.
1474 5800 1553 5885 ‘3"
1579 5797 1601 5853 ι
1627 5800 1752 5858 Cor.
1818 5815 1898 5870 vt,
1922 5799 2010 5855 l7.
2087 5799 2134 5834 ⁸⁸
2168 5798 2409 5872 Sophon.
2443 5814 2506 5869 tt,
2538 5799 2592 5867 1,
2620 5800 2676 5855 2.
