4050 6410
519 362 542 418 ί
553 357 656 418 287

1540 351 1598 404 S.
1638 347 1911 405 CYRILLI
1954 348 2421 406 ALEXANDRINI
2461 349 2777 407 ARCHIEP.

3649 353 3794 408 £288

517 477 742 532 deitatis
771 473 911 531 solio
942 471 1223 528 insideret.
1270 466 1464 522 Nonne
1499 468 1643 521 enim
1678 483 1745 522 cx
1778 468 1864 522 his
1914 468 2097 522 verbis

2235 472 2276 523 li
2302 470 2410 540 γὰρ
2441 470 2561 540 οὐχὶ
2605 471 2782 539 πάντη
2832 485 2890 522 τε
2927 469 3018 522 καὶ
3062 467 3278 532 πάντως
3319 469 3410 522 διὰ
3451 470 3656 522 τούτων
3683 469 3797 521 τῶν

517 571 767 622 diversus
801 566 960 634 plane
987 561 1232 618 cernitur
1286 559 1353 613 ab
1412 571 1477 612 eo
1524 559 1615 626 qui
1676 567 1759 614 est
1792 567 1984 611 natura
2046 568 2102 613 et

517 673 647 714 vere
681 658 895 713 Filius?
1821 637 1831 648 ’

589 750 651 803 Β.
681 749 936 805 Omnino.

591 840 659 896 Α.
693 841 761 893 At
791 851 913 892 cum
956 831 1125 890 semel
1169 845 1234 888 eo
1283 829 1570 886 dementia
1626 830 1992 898 devenerint,
2046 839 2106 885 ut

519 928 840 982 existiment
901 936 1066 992 atque
1095 931 1346 975 asserant
1375 933 1482 973 non
1537 919 1713 986 ipsum
1763 920 2100 987 unigenitum

521 1021 615 1075 Dei
682 1019 919 1074 Verbum
982 1014 1155 1070 nostri
1212 1011 1444 1067 similem
1504 1009 1705 1065 factum
1740 1010 1910 1066 fuisse
1942 1054 1957 1077 ,
2008 1013 2103 1066 sed

520 1110 795 1166 hominem
841 1106 1162 1174 sumpsisse,
1220 1117 1487 1172 quonam,
1527 1101 1779 1165 obsecro,
1817 1102 1978 1157 modo
2017 1117 2104 1156 as-

519 1201 884 1271 sumptionem
946 1200 1086 1252 hanc
1143 1212 1172 1248 a
1223 1195 1378 1249 nobis
1428 1194 1652 1262 intelligi
1696 1193 1923 1247 volunt?
1950 1194 2108 1248 Anne

518 1303 578 1348 ut
645 1295 903 1348 edoctum
955 1305 1020 1343 ac
1089 1287 1434 1356 designatum
1489 1286 1556 1339 ab
1637 1285 1755 1352 ipso
1813 1285 1881 1338 ad
1951 1298 2110 1338 exse-

519 1386 792 1455 quendum
825 1381 1029 1446 aliquid
1084 1379 1228 1448 quod
1268 1381 1367 1447 ipsi
1417 1377 1660 1446 placeret
1691 1392 1706 1429 :
1736 1375 1963 1444 perinde
1995 1375 2110 1430 fere

490 1489 686 1546 ,atque
738 1489 833 1544 per
871 1472 1158 1541 quemdam
1225 1484 1290 1523 ex
1356 1467 1562 1524 sanctis
1641 1465 1922 1536 prophetis
1973 1467 2110 1520 dici-

488 1547 626 1630 ltur
661 1588 672 1622 :
721 1584 742 1617 ι
776 1566 842 1619 Et
877 1565 1012 1618 dixit
1042 1561 1302 1617 Dominus
1331 1561 1399 1613 ad
1447 1574 1531 1614 me
1563 1575 1576 1611 :
1616 1556 1796 1621 Vade,
1847 1559 2106 1628 propheta

525 1658 690 1728 735-
737 1657 815 1709 ad'
851 1655 1102 1723 populum
1147 1667 1330 1706 meum
1368 1650 1534 1704 Israel
1562 1649 1648 1702 ὀἳ
1679 1665 1698 1700 ι
1738 1648 1816 1702 Ex
1861 1651 2110 1718 caprario

525 1749 669 1802 enim
709 1746 1024 1814 prophetam
1078 1741 1299 1807 effecit,
1348 1750 1404 1796 et
1457 1740 1844 1794 mandatorum
1883 1754 2107 1795 suorum

533 1847 910 1894 exsecutorem
950 1834 1275 1905 designavit.

599 1928 657 1981 Β.
713 1927 962 1981 Dixerint
1007 1923 1241 1979 fortasse
1296 1938 1401 1978 non
1466 1923 1571 1977 hac
1623 1937 1848 1993 prorsus
1900 1923 2112 1978 ratione

527 2020 724 2076 factam
757 2032 878 2073 esse
913 2017 1366 2083 assumptionem,
1403 2015 1496 2070 sed
1550 2015 1624 2068 ita
1671 2024 1731 2068 ut
1782 2013 2110 2084 intelligitur

527 2126 557 2164 a
591 2110 749 2165 nobis
775 2108 906 2162 illud
951 2122 966 2160 :
1021 2125 1039 2158 ι
1075 2106 1329 2162 Formam
1355 2107 1497 2160 servi
1525 2107 1802 2175 accipiens
1823 2107 1892 2160 ".
1933 2125 1952 2157 ι

599 2205 665 2258 Α.
724 2203 866 2271 Ergo
911 2201 1213 2255 secundum
1266 2199 1531 2252 unitatem
1587 2197 1936 2261 indivulsam,
1987 2211 2115 2264 pro-

529 2295 708 2362 prium
738 2290 942 2344 factum
972 2304 1096 2345 esse
1130 2289 1182 2342 id
1216 2289 1359 2356 quod
1419 2297 1693 2356 sumptum
1743 2296 1827 2340 est
1866 2286 1984 2355 ejus
2023 2286 2114 2354 qui

531 2386 764 2453 accepit,
801 2385 994 2436 merito
1025 2381 1334 2435 censebitur
1372 2397 1385 2432 :
1422 2381 1494 2434 ita
1537 2389 1594 2434 ut
1638 2390 1693 2432 et
1747 2380 1889 2433 Deus
1921 2380 1993 2433 sit
2028 2376 2117 2432 Je-

531 2492 644 2537 sus,
673 2485 730 2529 et
779 2473 891 2526 veri
927 2472 1018 2527 Dei
1061 2472 1250 2537 Filius,
1286 2486 1562 2540 unumque
1611 2485 1676 2525 ac
1705 2471 1882 2526 solum
1947 2478 2008 2524 ut
2049 2484 2117 2523 ex

535 2570 644 2622 lico
676 2567 836 2621 Patre
869 2563 1102 2619 Verbum
1129 2581 1144 2629 ;
1195 2565 1410 2633 genitus
1447 2564 1665 2633 quidem
1702 2563 1962 2618 divinitus
1992 2571 2119 2616 ante

533 2659 714 2711 omnia
743 2656 940 2711 saecula
973 2663 1028 2708 et
1058 2665 1324 2723 tempora,
1353 2654 1666 2708 novissimis
1693 2663 1874 2708 autem
1921 2650 2107 2708 saeculi

537 2750 868 2820 temporibus
902 2750 1040 2802 idem
1073 2747 1366 2801 secundum
1393 2762 1609 2801 carnem
1641 2762 1711 2800 ex
1742 2747 1987 2802 muliere.

610 2842 666 2896 Β.
697 2841 881 2910 Neque
909 2839 1054 2894 enim
1095 2846 1212 2892 erat
1238 2838 1462 2892 alterius
1490 2836 1793 2906 cuiuspiam
1820 2875 1836 2901 ,
1881 2837 1973 2891 sed
2031 2836 2117 2905 ip-

535 2935 650 2988 sius
678 2933 818 2987 l’acta
850 2939 934 2985 est
969 2930 1110 2984 servi
1138 2929 1332 2984 forma.

605 3027 670 3080 Α.
703 3023 983 3091 Quomodo
1008 3022 1128 3077 ais?
1157 3025 1334 3086 Anne,
1369 3025 1622 3084 obsecro,
1687 3020 1738 3074 id
1776 3023 2122 3090 quoduatura

2203 563 2380 631 λόγων
2410 562 2597 632 ἔτερος
2635 561 2712 614 ὢν
2745 563 2937 632 ὁρᾶται
2973 560 3252 624 παντελῶς
3303 561 3454 631 παρὰ
3497 560 3588 615 τὸν
3633 560 3797 629 φύσει

2205 656 2301 707 καὶ
2335 655 2552 725 ἀληθῶς
2580 654 2706 707 Υίόν
2727 670 2743 720 ;

2277 747 2337 798 Β.
2376 745 2544 815 Φημί.
3438 784 3448 793 .

2276 842 2340 896 Α.
2393 839 2612 908 Ἐπειδὴ
2653 840 2712 892 δὲ
2755 837 2901 904 ἅπαξ
2936 838 3018 900 είς
3063 835 3222 890 τοῦτο
3280 833 3616 890 κατώλισθον
3650 833 3799 904 ἁμα-

2207 928 2348 993 θίας,
2385 929 2460 992 ὡς
2503 928 2709 1002 οἴεσθαί
2756 945 2814 983 τε
2867 929 2964 982 καὶ
2995 926 3175 994 λέγειν
3217 928 3317 979 οὐκ
3356 926 3516 979 αὑτὸν
3546 925 3802 994 γενέσθαι

2211 1022 2409 1092 μᾶλλον
2451 1021 2574 1074 καθ’
2622 1021 2770 1090 ἡμᾶς
2819 1020 2910 1074 τὸν
2962 1018 3225 1089 μονογενῆ
3272 1017 3364 1071 τοῦ
3407 1018 3544 1071 Θεοῦ
3600 1019 3803 1086 Λόγον,

2207 1111 2494 1182 ἄνθρωπον
2519 1111 2574 1164 δὲ
2603 1110 2785 1164 λαϐεῖν
2807 1127 2822 1141 ο
2847 1111 2990 1164 κατὰ
3014 1113 3166 1162 ⁴ιιιοῖον
3193 1110 3301 1181 ἄρα
3333 1110 3574 1162 νοεῖσθαι
3595 1109 3802 1180 τρόπον

2207 1203 2454 1258 ἐθέλουσι
2493 1204 2628 1275 πρὸς
2676 1204 2834 1274 ἡμῶν
2877 1203 2978 1274 τὴν
3015 1203 3317 1272 ἀνάληψιν;
3368 1197 3516 1273 Ἀρα
3564 1202 3693 1272 γὰρ,
3725 1202 3801 1266 ὡς

2209 1296 2664 1367 προχειρισθέντα
2703 1297 2830 1367 παρ’
2879 1295 3044 1352 αὐτοῦ
3079 1296 3216 1365 πρός
3257 1311 3322 1362 γε
3358 1294 3420 1346 τὸ
3447 1295 3560 1348 δεῖν
3588 1296 3790 1347 ἁποπεο

2213 1387 2371 1459 ρᾶναί
2413 1405 2468 1441 τι
2511 1387 2619 1440 τῶν
2663 1387 2806 1440 κατὰ
2834 1387 3060 1457 γνώμην
3100 1386 3270 1455 αὐτῷ,
3304 1385 3557 1456 καθάπερ
3609 1385 3804 1454 ἀμέλει

2211 1479 2306 1532 καὶ
2343 1479 2461 1542 ἐνὸς
2497 1478 2605 1531 τῶν
2639 1479 2808 1546 ἁγίων
2853 1477 3183 1548 προφητῶν·
3225 1496 3243 1528 ι
3291 1477 3403 1529 Καὶ
3433 1470 3555 1527 εἷπε
3595 1475 3807 1545 Κύριος

2212 1569 2349 1639 πρός
2385 1585 2451 1638 με
2473 1583 2486 1596 ’
2523 1567 2734 1632 Βάδιζε,
2767 1567 3142 1637 προφήτευσον
3168 1564 3262 1616 ἐπὶ
3301 1567 3392 1615 τὸν
3421 1562 3550 1615 λαόν
3579 1579 3680 1630 μου
3712 1561 3808 1612 τὸν

2225 1661 2477 1732 Ἰσραήλς
2515 1680 2535 1713 ι
2578 1661 2811 1714 Αίπόλον
2840 1659 2948 1731 γὰρ
2976 1659 3124 1722 ὄντα,
3166 1659 3456 1728 προφήτην
3481 1655 3673 1720 ἐτίθει,
3707 1654 3809 1707 καὶ

2211 1752 2321 1804 τῶν
2355 1752 2549 1804 ἑαυτοῦ
2575 1751 2702 1822 θελη
2713 1750 2896 1820 μάτων
2925 1748 3198 1819 ὑπουργὸν
3228 1747 3549 1814 «insontis;

2287 1933 2348 1984 Β.
2389 1933 2553 1983 Φαῖεν
2598 1929 2664 1983 ἂν
2697 1929 2827 1992 ἴσως
2867 1928 2957 1996 οὐχ
3001 1919 3104 1980 ὧδέ
3150 1939 3252 1980 που
3289 1924 3506 1987 πάντως
3548 1921 3808 1992 γενέσθαι

2217 2024 2314 2095 τὴν
2349 2024 2533 2093 λῆψιν,
2578 2022 2690 2076 ἀλλ’
2720 2021 2796 2084 ὡς
2825 2021 2889 2074 ἂν
2918 2021 3096 2074 νοοῖτο
3125 2019 3260 2089 πρὸς
3289 2017 3446 2089 ἡμῶν
3475 2016 3534 2071 τὺ
3555 2053 3571 2080 ,
3600 2036 3616 2067 ι
3651 2017 3809 2085 Μορ-

2219 2116 2324 2185 φὴν
2359 2115 2544 2168 δούλου
2575 2113 2774 2167 λαῦών.
2815 2131 2834 2164 ι

2288 2209 2354 2260 Α.
2398 2205 2607 2259 Οὐκοῦν
2656 2203 2777 2257 καθ’
2818 2202 3012 2256 ἕνωσιν
3049 2200 3439 2264 ἀδιάσπαστον,
3478 2199 3608 2254 ἴδιον
3647 2214 3810 2266 γεγο-

2219 2299 2308 2362 νδς
2339 2297 2434 2350 τοῦ
2467 2296 2722 2359 λαϐόντος
2753 2296 2814 2350 τὸ
2860 2294 3084 2365 ληφθὲν,
3131 2295 3288 2347 νοοῖτ’
3322 2292 3388 2346 ἂν
3433 2292 3680 2355 εἰκότως,
3727 2292 3808 2354 ὡς

2221 2391 2318 2442 καὶ
2346 2389 2476 2442 Θεὸν
2515 2385 2653 2441 εἶναι
2681 2387 2770 2441 τὸν
2811 2387 3040 2458 Ἰησοῦν,
3071 2386 3164 2439 καὶ
3203 2383 3338 2438 Θεοῦ
3383 2383 3477 2437 τοῦ
3506 2383 3645 2438 κατά
3675 2383 3812 2453 ἀλή-

2222 2479 2370 2532 θειαν
2410 2478 2556 2541 Υἰὸν,
2601 2477 2698 2530 ἕνα
2739 2493 2799 2530 τε
2846 2477 2939 2530 καὶ
2988 2475 3164 2546 μόνον,
3201 2473 3277 2536 ὡς
3309 2475 3374 2528 ἐκ
3420 2472 3554 2527 Θεοῦ
3591 2472 3807 2542 Πατρὸς

2221 2571 2412 2638 Λόγον,
2446 2569 2777 2640 γεννηθέντα
2828 2568 2928 2638 μὲν
2966 2565 3159 2628 θεῖκῶς
3209 2563 3315 2633 πρὸ
3361 2563 3562 2625 παντὸς
3607 2563 3809 2626 αἰῶνος

2223 2663 2317 2716 καὶ
2349 2662 2566 2734 χρόνου,
2603 2662 2661 2714 ὲν
2708 2659 2957 2730 ἐσχάτοις
2985 2657 3041 2710 δὲ
3071 2655 3165 2710 τοῦ
3207 2654 3402 2718 αίῶνος
3446 2656 3677 2725 καιροῖς,
3712 2653 3810 2707 τὸν

2223 2753 2383 2807 αὑτὸν
2408 2751 2551 2806 κατά
2582 2751 2759 2822 σάρκα
2802 2752 2867 2803 ὲκ
2896 2748 3176 2818 γυναικός.

2295 2847 2358 2900 Β.
2399 2846 2474 2898 Οὐ
2505 2844 2614 2915 γὰρ
2640 2840 2708 2915 ἦν
2737 2844 2922 2914 ἑτέρου
2961 2843 3125 2905 τινὸς,
3168 2838 3282 2894 ἀλλ’
3314 2838 3479 2893 αὐτοῦ
3511 2839 3743 2910 γέγονεν
3772 2843 3810 2910 ἡ

2223 2937 2318 2991 τοῦ
2349 2935 2534 2989 δούλου
2569 2935 2772 3006 μορφή.

2295 3030 2359 3082 Λ.
2404 3027 2528 3089 Πῶς
2572 3027 2740 3095 ἐφης;
2784 3020 2931 3096 τΑρα
2961 3025 3092 3093 γὰρ,
3137 3027 3256 3080 είπέ
3295 3043 3406 3097 μοι,
3433 3024 3496 3078 τό
3532 3027 3598 3096 τῇ
3647 3025 3814 3094 φύσει

535 3132 750 3172 servum
801 3124 931 3180 est,
991 3115 1205 3168 dicatur
1253 3129 1359 3167 non
1410 3113 1646 3167 absurde
1691 3113 1923 3168 formam
1976 3113 2121 3169 servi

2235 3117 2433 3178 δοῦλον.
2469 3115 2666 3184 λέγοιτ’
2698 3113 2764 3168 ἂν
2799 3115 2898 3168 οὐκ
2943 3113 3301 3177 ἀπεοικότως,
3353 3113 3569 3184 μορφὴν
3615 3113 3813 3166 δούλου

535 3209 850 3275 accepisse;
892 3222 959 3260 an
988 3220 1118 3261 vero
1170 3206 1224 3260 id
1266 3207 1413 3274 quod
1459 3219 1585 3260 vere
1621 3205 1854 3260 liberum
1883 3215 1969 3262 est
1997 3244 2013 3271 ,
2067 3215 2123 3260 et

2235 3211 2434 3273 λαϐεῖν,
2460 3208 2492 3278 ἢ
2524 3207 2585 3260 τὸ
2615 3205 2900 3276 ἐλεύθερον
2925 3205 3160 3277 ἀληθῶς,
3190 3205 3416 3260 καὶτῶν
3440 3205 3542 3275 τῆς
3565 3205 3816 3269 δουλείας

537 3297 724 3354 servili
753 3297 1066 3352 conditione
1087 3297 1458 3351 e55eutialiter
1501 3296 1752 3364 superius
1783 3297 1805 3350 τ

611 3387 759 3443 Β.Ιά
799 3389 942 3457 quod
995 3387 1227 3441 liberum
1276 3395 1362 3441 est
1398 3388 1728 3441 censuerim.
1777 3388 1930 3454 Quod
1977 3387 2122 3444 enim

538 3489 660 3535 erat
685 3489 900 3544 natura,
927 3493 1035 3548 quo
1067 3489 1230 3548 pacto
1252 3477 1488 3548 amplius
1516 3479 1614 3532 ﬁat
1643 3478 1666 3531 ?

609 3572 675 3626 Α.
703 3569 1090 3624 Animadverte
1109 3571 1290 3638 itaque
1309 3570 1472 3638 quod,
1495 3579 1710 3624 tametsi
1735 3570 1906 3624 nostri
1937 3570 2119 3624 simile

543 3664 744 3718 factum
781 3674 866 3718 est
897 3662 1233 3730 unigenitum
1282 3661 1380 3716 Dei
1437 3661 1708 3727 Verbum,
1767 3670 1823 3716 et
1871 3663 2126 3716 servilem

539 3755 910 3810 conditionem
941 3752 1174 3807 subierit
1199 3752 1413 3807 ratione
1446 3752 1806 3806 humanitatis
1835 3790 1851 3816 ,
1907 3763 2129 3806 natura-

543 3847 649 3902 lem
683 3857 864 3901 tamen
884 3860 1037 3899 suam
1065 3844 1372 3898 libertatem
1405 3841 1728 3898 testiﬁcatus
1753 3854 1837 3898 est
1856 3844 1908 3898 in
1933 3845 2127 3900 drach-

550 3953 761 3994 marum
819 3936 1165 4001 collationes,
1211 3935 1398 3990 (licens
1452 3953 1467 3989 :
1529 3953 1546 3986 ι
1592 3935 1735 4006 Ergo
1794 3936 1948 3991 liberi
2001 3947 2130 3995 sunt

551 4031 645 4085 lilii
681 4031 753 4084 ”.
807 4048 826 4081 ι
883 4028 1124 4098 Suscipit
1173 4029 1358 4097 itaque
1406 4029 1547 4084 servi
1596 4028 1846 4096 formam,
1901 4045 1966 4085 ea
2009 4046 2129 4100 quae

545 4121 906 4176 exininationi
954 4135 1167 4176 annexa
1213 4130 1344 4178 sunt
1375 4121 1478 4175 sibi
1529 4123 1834 4188 asciscens,
1881 4132 1938 4178 et
1973 4123 2128 4179 simi-

548 4211 831 4266 litudinem
863 4212 1037 4266 nostri
1067 4227 1172 4264 non
1202 4221 1548 4280 aspernatus.
1596 4213 1782 4282 Neque
1829 4217 1976 4269 enim
2013 4215 2129 4269 ﬁeri

549 4310 764 4372 poterat
805 4309 864 4355 ut
901 4300 1004 4354 alia
1043 4301 1254 4355 ratione
1295 4303 1530 4357 servitus
1563 4318 1685 4357 cum
1733 4304 1942 4359 honore
1975 4319 2130 4358 com-

549 4401 870 4457 mutaretur,
894 4391 1000 4446 nisi
1029 4392 1078 4445 id
1105 4392 1248 4461 quod
1282 4395 1535 4449 servituti
1561 4398 1820 4449 convenit
1846 4397 2130 4465 proprium

2229 3295 2442 3366 μέτρων
2468 3291 2741 3354 οὺσιωδῶς
2768 3291 3026 3359 ἀνωτέρω
3054 3289 3340 3360 κείμενον;

2297 3388 2358 3442 Β.
2398 3385 2474 3440 Τὸ
2495 3384 2778 3455 ἐλεύθερον
2807 3380 2959 3454 οἶμαί
2989 3400 3112 3438 που.
3154 3385 3219 3436 Ὃ
3247 3384 3357 3454 γὰρ
3383 3378 3452 3454 ἦν
3484 3382 3666 3452 φύσει,
3696 3384 3816 3445 πῶς

2228 3477 2293 3532 ἂν
2325 3477 2537 3545 γένοιτο
2567 3475 2647 3530 ἔτι
2672 3493 2687 3542 ;

2295 3573 2362 3622 Α.
2407 3567 2598 3638 Ἀθρει
2624 3567 2688 3636 δὴ
2714 3563 2828 3630 οὖν,
2871 3567 2978 3629 ὅτι,
3019 3568 3194 3622 καίτοι
3223 3567 3344 3621 καθ’
3370 3568 3519 3637 ἡμᾶς
3570 3566 3814 3634 γεγονὼς

2227 3660 2258 3713 6
2294 3661 2587 3730 μονογενὴς
2629 3658 2725 3712 τοῦ
2763 3659 2900 3713 Θεοῦ
2943 3660 3134 3728 Λόγος,
3170 3662 3264 3714 καὶ
3293 3663 3405 3723 τοῖς
3441 3661 3538 3730 τῆς
3572 3660 3819 3723 δουλείας

2233 3749 2452 3820 μέτροις
2498 3748 2825 3820 ἐμϐεϐηκὼς
2869 3749 3011 3803 κατά
3049 3750 3110 3804 τὸ
3152 3749 3522 3820 ἀνθρώπινον,
3573 3767 3820 3821 προσμε-

2234 3839 2588 3910 μαρτύρηκεν
2637 3839 2788 3909 αὐτῷ
2817 3839 2878 3892 τὸ
2923 3839 3065 3892 κατὰ
3099 3840 3262 3908 φύσιν
3297 3839 3600 3911 ἐλεύθερον,
3646 3843 3704 3894 ὲν
3747 3844 3819 3912 τῇ

2229 3929 2340 3984 τῶν
2370 3930 2628 4001 δραχμῶν
2665 3932 2996 4001 συνεισφορᾷ
3041 3930 3244 3998 λέγων’
3307 3950 3327 3983 ι
3373 3933 3518 4002 ’Λρα
3563 3949 3627 4000 γε
3664 3933 3820 3985 ἑλεύιι

2232 4022 2379 4093 θεροί
2413 4024 2549 4076 εἰσιν
2578 4023 2628 4075 οἱ
2657 4023 2784 4077 υἱοί.
2829 4042 2846 4074 ι
2897 4024 3123 4092 Δέχεται
3147 4023 3327 4077 τοίνυν
3357 4023 3542 4076 δούλου
3579 4025 3825 4096 μορφὴν,
3911 4082 3914 4084 ν

2232 4114 2299 4168 τὰ
2327 4116 2392 4167 ἐκ
2415 4115 2514 4184 τῆς
2541 4113 2822 4178 κενώσεως
2847 4115 3236 4186 οἰκειούμενος,
3263 4115 3358 4168 καὶ
3382 4115 3481 4186 τὴν
3514 4115 3646 4186 πρὸς
3671 4117 3821 4186 ἡμᾶς

2232 4208 2490 4276 ὁμοίωσιν
2533 4207 2634 4260 οὐκ
2657 4208 2954 4278 ἀτιμάσας·
3001 4209 3062 4263 οὑ
3098 4209 3206 4279 γὰρ
3237 4204 3304 4279 ἦν
3336 4210 3540 4279 ἑτέρως
3584 4211 3821 4280 τιμῆσαι

2232 4297 2294 4350 τὸ
2326 4297 2529 4361 δοῦλον,
2561 4300 2609 4350 εί
2639 4299 2714 4368 μὴ
2754 4299 2976 4367 γέγονεν
3008 4301 3175 4354 αὐτοῦ
3215 4301 3274 4354 τὸ
3307 4300 3694 4372 δουλοπρεπὲς,
3729 4303 3821 4356 ἵνα

2235 4390 2328 4440 καὶ
2364 4391 2430 4460 τῇ
2476 4390 2606 4460 παρ’
2634 4390 2800 4443 αὑτοῦ
2852 4391 3366 4463 καταλαμπρύνοιτο
3397 4393 3543 4464 δόξῃ,
3591 4397 3718 4466 νικᾷ
3764 4395 3824 4448 δὲ

550 4485 722 4554 ipsius
767 4485 976 4538 factum
1022 4481 1236 4548 fuisset,
1277 4493 1335 4537 ut
1379 4495 1436 4540 et
1468 4487 1641 4554 ipsius
1685 4486 1857 4556 gloria
1890 4487 2124 4541 illustra-

2235 4481 2296 4533 τὸ
2323 4478 2557 4552 προῦχον
2588 4483 2694 4546 ἀεὶ,
2741 4483 2834 4536 καὶ
2879 4483 2938 4536 τὸ
2981 4486 3046 4537 ὲκ
3077 4485 3173 4554 τῆς
3221 4485 3462 4548 δουλείας
3505 4482 3694 4556 αἶσχος
3735 4487 3826 4558 ἐφ’

548 4586 718 4631 retur.
753 4572 931 4629 Vincit
957 4575 1102 4627 enim
1131 4589 1349 4642 semper
1378 4575 1431 4630 id
1460 4578 1605 4645 quod
1643 4579 1992 4644 praestantius
2015 4587 2122 4643 est,

548 4679 605 4722 et
633 4667 910 4732 turpitudo
939 4679 1007 4720 ex
1033 4667 1302 4722 servitute
1347 4676 1468 4720 orta
1520 4668 1574 4721 in
1611 4668 1769 4721 nobis
1795 4667 1996 4721 abolita
2024 4679 2128 4724 est.

543 4757 747 4816 Factus
782 4763 928 4816 enim
958 4759 1133 4814 nostri
1161 4757 1381 4821 similis,
1433 4757 1524 4824 qui
1559 4756 1720 4811 nobis-
1746 4759 1996 4826 superior
2025 4771 2131 4826 est,

548 4860 605 4905 et
628 4850 881 4906 servilem
911 4849 1282 4906 conditionem
1314 4847 1486 4902 subiit
1516 4847 1611 4916 qui
1639 4858 1827 4902 natura
1861 4861 1946 4905 est
1969 4851 2126 4908 liber.

551 4941 760 4998 Idcirco
789 4943 954 4998 etiam
988 4942 1042 4994 in
1084 4955 1186 4995 nos
1208 4939 1448 5006 dignitas
1473 4950 1770 5009 propagata
1801 4951 1907 4996 est.
1945 4943 2129 4999 Vocati

551 5035 699 5091 enim
733 5048 924 5090 sumus
944 5043 1002 5088 et
1026 5046 1134 5090 nos
1155 5032 1252 5085 (iiii
1287 5028 1408 5095 Dei,
1435 5041 1490 5084 et
1518 5030 1735 5087 Patrem
1765 5035 1923 5090 nobis
1954 5037 2130 5092 vindi-

552 5126 820 5188 cavimus,
839 5124 930 5194 qui
949 5121 1303 5192 peculiariter
1318 5120 1486 5189 ipsius
1505 5121 1780 5178 est.Facta
1799 5126 1944 5180 eni
1963 5129 2130 5182 etiam

555 5218 724 5288 ipsius
758 5232 880 5286 qua:
911 5213 1193 5272 hominum
1229 5214 1447 5283 propria
1498 5224 1677 5270 erant.
1739 5215 1973 5273 Proinde
2005 5234 2130 5272 cum

556 5309 788 5365 dicimus
817 5321 941 5364 eum
979 5303 1207 5359 formam
1252 5305 1394 5361 servi
1449 5308 1766 5377 accepisse,
1812 5310 2126 5364 universum

557 5399 612 5454 in
645 5413 710 5453 eo
741 5395 1234 5452 administrationis
1282 5395 1336 5451 in
1367 5412 1531 5454 carne
1581 5399 1904 5469 mysterium
1957 5401 2134 5456 conti-

557 5497 738 5544 netur.
781 5485 837 5542 Si
871 5501 999 5540 vero
1027 5483 1223 5543 Filium
1253 5486 1590 5556 proﬁtentes,
1625 5503 1793 5544 unum
1847 5497 1905 5542 et
1944 5487 2132 5542 Domi-

558 5592 709 5643 num,
745 5575 974 5634 Verbum
999 5591 1064 5635 ex
1099 5575 1211 5636 Deo
1256 5575 1438 5644 Patre,
1503 5577 1777 5636 hominem
1818 5577 2137 5646 simpliciter

2237 4573 2395 4642 ἡμῶν
2443 4576 2757 4644 ἠφανίζετο.
2814 4574 2951 4628 Καθ’
2996 4579 3143 4646 ἡμᾶς
3195 4577 3305 4648 γὰρ
3352 4577 3577 4646 γέγονεν
3619 4581 3648 4632 6
3683 4580 3823 4652 ὑπὲρ

2237 4663 2406 4733 ἡμᾶς,
2439 4664 2534 4717 καὶ
2558 4659 2630 4734 ἦν
2655 4666 2712 4717 ὲν
2751 4664 2970 4735 μέτροις
3001 4668 3115 4730 τοῖς
3144 4668 3439 4731 οίκετικοῖς
3476 4671 3506 4721 6
3535 4668 3852 4740 ἐλεύθερος,

2239 4753 2421 4822 φύσει.
2455 4754 2724 4826 Ταύτῃτοι
2759 4755 3045 4826 κεχώρηκε
3075 4757 3170 4810 καὶ
3201 4760 3280 4821 είς
3309 4760 3460 4827 ἡμᾶς
3495 4761 3554 4811 τὸ
3580 4745 3854 4829 ἀξίωμα.1

2240 4845 2578 4915 Κεκλήμεθσ.
2601 4846 2703 4917 γὰρ
2737 4847 2832 4900 καὶ
2859 4849 3020 4917 ἡμεῖς
3055 4848 3160 4901 υἱοὶ
3197 4847 3355 4912 Θεοῦ,
3385 4837 3855 4921 ἐπεγραψάμεοάᾖ

2237 4953 2297 4989 τε
2325 4937 2546 5008 Πατέρα
2586 4937 2676 4991 τὸν
2719 4937 2903 5002 ἰδικῶς
2933 4937 3120 4994 αὑτοῦ.
3167 4939 3363 5008 Γέγονε
3390 4940 3502 5010 γὰρ
3527 4942 3620 4994 καὶ
3655 4940 3829 4996 αὐτοῦ

2237 5030 2307 5083 τὰ
2335 5029 2669 5101 ἀνθρώπινα.
2705 5031 2913 5086 Οὐκοῦν
2940 5033 2997 5084 ὲν
3040 5031 3120 5102 τῷ
3156 5033 3409 5098 λέγεσθαι
3439 5033 3628 5090 λαϐεῖν
3659 5032 3832 5089 αὑτὸν

2237 5119 2334 5190 τὴν
2377 5120 2566 5173 δούλου
2618 5122 2851 5192 μορφὴν,
2896 5121 3015 5177 ὅλον
3061 5125 3178 5177 ἐστὶ
3219 5125 3321 5195 τῆς
3368 5126 3682 5196 οἰκονομίας
3723 5123 3827 5196 τῆς

2243 5210 2385 5280 μετά
2413 5210 2615 5282 σαρκὸς
2642 5213 2704 5265 τὸ
2739 5214 3058 5283 μυστήριον.
3095 5215 3157 5266 Εἰ
3185 5214 3242 5268 δὲ
3279 5215 3405 5270 Υίὸν
3432 5214 3822 5286 ὁμολογοῦντες

2237 5303 2336 5356 ἕνα
2371 5304 2464 5356 καὶ
2496 5303 2721 5370 Κύριον,
2757 5304 2850 5359 τὸν
2882 5306 2947 5358 ὲκ
2987 5306 3122 5360 Θεοῦ
3160 5308 3370 5379 Πατρός
3397 5309 3592 5374 Λόγον,
3631 5301 3819 5363 κοινω-

2239 5394 2332 5448 νὺν
2361 5395 2510 5466 αὐτῷ
2540 5395 2639 5466 τῆς
2673 5396 2938 5466 υίότητος,
2980 5397 3075 5452 καὶ
3105 5399 3288 5468 μέντοι
3313 5400 3410 5468 τῆς
3432 5399 3590 5470 δόξης
3614 5400 3822 5471 ἄνθρω-

2243 5505 2342 5541 πον
2383 5487 2571 5551 ἁπλῶς
2621 5487 2891 5558 συνῆφθαί
2941 5507 3072 5559 φασι
3120 5491 3214 5544 τὸν
3256 5493 3319 5545 ὲκ
3371 5492 3688 5561 σπέρματος
3730 5491 3824 5545 τοῦ

2243 5576 2426 5645 Δαόὶδ,
2463 5576 2582 5649 ὥρα
2612 5577 2791 5646 λέγειν
2819 5582 2965 5651 ἡμᾶς
2995 5584 3108 5646 τοῖς
3133 5576 3235 5636 ὧδε
3261 5585 3476 5653 φρονεῖν
3502 5582 3824 5654 ᾑρημένοις,

627 5755 674 5788 ⁹⁰
703 5753 906 5815 Jerem.
936 5773 998 5823 ιι,
1031 5755 1089 5811 2.
1165 5758 1208 5790 ⁹¹
1233 5755 1464 5824 Philipp.
1498 5772 1558 5821 ιι,
1593 5756 1648 5812 7.
1724 5757 1770 5789 θ’
1806 5753 1994 5811 Matth.
2024 5771 2155 5822 xvn,
2188 5756 2277 5812 25.
