4050 6418
330 439 476 504 ὶ289

1467 429 1660 514 ‘Q’uo‘u
1704 430 1891 500 UNUS
1926 429 2040 498 's‘tr
2079 431 2446 498 CHRISTUS.

3475 447 3609 499 (2‘30

329 564 677 635 φιλαλλήλως
706 565 1198 632 έπιστυγνάζοντας
1219 582 1231 594 ·
1258 585 1276 618 ι
1315 567 1408 629 Τίς
1431 567 1591 618 δώσει
1613 569 1678 636 τῇ
1709 565 1916 635 κεφαλῇ

2034 579 2092 617 ex
2117 564 2326 618 semine
2359 564 2526 616 David
2554 562 2760 617 socium
2794 562 3072 616 ﬁliatiouis
3115 571 3276 629 atque
3322 566 3456 614 adeo
3490 563 3605 632 glu-

333 673 440 725 μου
473 656 638 726 ὕδωρ,
674 656 770 708 καὶ
799 659 913 720 τοῖς
947 657 1248 728 ὀφθαλμοῖς
1286 676 1388 728 μου
1424 657 1607 728 πηγὴν
1639 655 1914 728 δακρύων,

331 747 433 800 καὶ
463 746 770 817 κλαύσομαι
794 747 886 800 τὸν
917 748 1045 801 λαόν
1077 767 1177 819 μου
1211 749 1400 803 τοῦτον
1437 749 1649 820 ἡμέρας
1673 750 1768 801 καὶ
1793 766 1920 802 νυκ-

331 838 460 903 τός;
498 838 998 909 Παρεκομίσθησαν
1047 841 1157 911 γὰρ
1206 843 1287 904 εἰς
1325 840 1585 911 ἀδόκιμον
1633 840 1779 907 νοῦν,
1829 841 1922 893 τὸν

331 931 687 1002 ἀγοράσαντα
732 932 930 994 αὐτοὺς
963 933 1238 1003 Δεσπότην
1296 932 1642 1003 ἀρνούμενοι.
1704 951 1722 983 ι
1778 931 1921 996 Δυὰς

330 1023 446 1092 γὰρ
483 1022 614 1090 ἡμῖν
640 1020 774 1074 υἱῶν
799 1020 1096 1092 άνισοφυὴς
1122 1021 1500 1089 ἀναφαίνεται,
1527 1023 1623 1075 καλ⁵
1650 1021 1777 1093 δόξῃ
1808 1021 1925 1076 θεο-

332 1115 542 1180 πρεπεῖ
608 1112 971 1180 σπφανοῦται
1052 1111 1114 1164 τὸ
1181 1101 1401 1178 δοῦλον,
1459 1113 1554 1167 καὶ
1614 1114 1923 1184 ἰσομέτροις

331 1203 631 1274 ὑπεροχαῖς
676 1203 1124 1274 ὲκλαμπρύνεται
1175 1203 1328 1267 νόθος
1377 1217 1462 1268 τίς
1510 1203 1626 1269 υἱὸς
1677 1203 1755 1274 τῷ
1785 1203 1925 1256 κατὰ

331 1294 499 1362 φύσιν
536 1284 630 1346 καὶ
672 1295 913 1364 άληθῶς,
959 1295 1140 1349 καίτοι
1180 1294 1318 1348 Θεοῦ
1356 1295 1605 1363 λέγοντος
1640 1295 1922 1366 εναργῶςο

334 1397 356 1436 ι
385 1386 500 1456 Τὴν
530 1385 688 1451 δόξαν
715 1394 817 1457 μου
846 1386 1019 1458 ἑτέρῳ
1050 1388 1110 1439 οὐ
1141 1386 1317 1446 δώσω.
1350 1406 1368 1440 ι
1403 1386 1527 1451 Πῶς
1552 1387 1662 1458 γὰρ
1686 1387 1785 1458 οὐχ
1806 1387 1926 1439 ἔτει

333 1495 432 1548 ρος
478 1478 662 1543 ἰδικῶς
690 1480 844 1551 παρὰ
874 1480 967 1533 τὸν
1009 1479 1169 1548 φύσει
1209 1496 1269 1532 τε
1310 1481 1406 1534 καὶ
1452 1479 1669 1550 άληθῶς
1717 1479 1867 1544 Υἱὸν,
1896 1479 1926 1531 ό

329 1570 464 1641 ψιλῇ
510 1587 571 1623 τε
626 1574 721 1625 καὶ
785 1571 920 1642 μόνῃ
970 1572 1238 1644 συναφείᾳ
1287 1572 1672 1643 τετιμημένος,
1723 1573 1820 1625 καὶ
1867 1573 1926 1625 ὲν

330 1663 611 1734 ὑπηρέτου
637 1664 788 1728 τάξει
819 1663 1066 1733 ληφθεὶς,
1094 1666 1189 1719 καὶ
1209 1665 1462 1730 ἀξιωθεὶς
1491 1665 1758 1736 υἱότητος,
1781 1663 1926 1718 καθὰ

330 1754 429 1806 καὶ
455 1756 618 1824 ἡμεῖς
644 1754 822 1817 αὐτοὶ,
846 1757 941 1808 καὶ
967 1756 1066 1826 τῆς
1093 1758 1225 1827 παρ’
1245 1757 1434 1828 ἐτέρου
1465 1757 1624 1828 δόξης
1658 1773 1924 1828 μετεσχη-

330 1843 468 1908 κὼς,
502 1845 648 1898 δόσει
693 1863 753 1899 τε
803 1849 898 1900 καὶ
953 1849 1135 1919 χάριτι
1186 1850 1324 1920 πρὸς
1353 1849 1513 1903 τοῦτο
1563 1850 1816 1921 ῖγμένος;
1846 1851 1922 1904 Οὐ

2025 657 2105 710 nia
2136 657 2184 708 ei
2213 655 2569 722 coitiunctum
2597 670 2720 709 esse
2743 655 2930 708 dicunt
2949 696 2963 717 ,
3022 665 3388 722 opportunum
3445 653 3606 707 fueri'

2024 756 2084 800 ut
2117 761 2214 801 nos
2239 762 2428 802 eorum
2450 748 2540 816 qui
2578 747 2651 801 ita
2692 747 2935 801 sentiunt
2959 748 3154 810 vicem,
3192 763 3290 814 pro
3337 761 3401 801 ea
3455 762 3607 801 com-

2029 838 2390 894 miseratione
2418 853 2582 909 quam
2611 838 2768 892 alteri
2799 839 2988 893 alteris
3015 839 3298 904 debemus,
3339 837 3606 901 dolentes,

2025 931 2430 986 exclamemus:
2479 948 2498 981 ι
2529 932 2662 997 Quis
2705 931 2854 985 dabit
2906 931 3069 1000 capiti
3121 944 3242 984 meo
3298 945 3516 999 aquam,
3554 939 3610 984 et

2025 1025 2198 1080 oculis
2226 1025 2361 1080 meis
2394 1023 2558 1094 735
2610 1023 2812 1080 fontem
2854 1024 3240 1094 lacrymarum,
3297 1035 3354 1078 et
3400 1023 3609 1078 deﬂebo

2027 1117 2282 1187 populum
2312 1131 2492 1170 meum
2523 1115 2668 1171 hunc
2701 1117 2815 1171 dies
2839 1126 2895 1170 et
2924 1127 3109 1172 nuutes
3134 1117 3156 1170 ?
3197 1115 3427 1170 Adducti
3460 1115 3605 1169 enim

2029 1218 2155 1264 sunt
2185 1209 2238 1263 in
2269 1217 2506 1262 mentem
2537 1208 2850 1276 reprobam,
2889 1208 3176 1261 Dominum
3219 1208 3312 1276 qui
3341 1207 3488 1276 ipsos
3520 1221 3608 1260 re-

2029 1299 2199 1354 demit
2227 1307 2490 1368 negantes
2517 1299 2588 1351 ”.
2629 1318 2648 1350 ι
2690 1297 3012 1353 Dualitatem
3068 1298 3214 1352 enim
3254 1299 3486 1352 ﬁliorum
3514 1298 3603 1352 in-

2027 1388 2252 1459 aequalis
2269 1399 2478 1443 natura:
2492 1388 2853 1451 constituunt,
2869 1397 2927 1441 et
2939 1389 3175 1442 divinam
3194 1388 3421 1456 gloriam
3439 1389 3608 1442 ascria

2027 1483 2164 1537 bunt
2197 1497 2376 1546 servo,
2414 1481 2725 1552 aequalique
2779 1481 3004 1536 honoris
3046 1480 3368 1536 excellentia
3413 1491 3613 1535 ornant

2030 1574 2274 1644 spurium
2326 1575 2640 1643 quemdam,
2689 1588 2793 1643 qua
2827 1572 3128 1628 naturalem
3181 1587 3247 1627 ac
3283 1587 3472 1627 verum
3519 1571 3612 1626 Fi-

2029 1667 2182 1732 lium,
2216 1678 2341 1721 cum
2359 1666 2558 1735 alioqui
2595 1664 2739 1720 Deus
2767 1663 3058 1719 manifeste
3088 1663 3238 1718 dicat
3267 1681 3282 1718 :
3326 1682 3346 1716 ι
3372 1663 3608 1718 Gloriam

2027 1769 2203 1810 meam
2235 1753 2394 1810 alteri
2426 1770 2532 1810 non
2557 1754 2697 1809 dabo
2725 1755 2794 1808 9‘.
2851 1772 2870 1805 ι
2910 1754 3196 1819 Quomodo
3229 1754 3374 1810 enim
3402 1769 3508 1808 non
3544 1753 3616 1807 sit

2028 1845 2276 1900 diversus
2308 1845 2604 1914 separatim
2641 1860 2669 1898 a
2706 1845 2938 1898 naturali
2999 1860 3062 1899 ac
3119 1860 3248 1900 vero
3279 1844 3417 1900 Filio
3445 1879 3461 1909 ,
3521 1848 3612 1914 qui

331 1935 632 2006 διαιρετέον
663 1931 756 1989 οὖν
805 1938 884 2001 εἰς
913 1937 1199 2009 ἄνθρωπον
1224 1937 1409 2002 ιδικῶς
1452 1939 1546 1994 καὶ
1584 1938 1717 1995 Θεὸν
1751 1938 1925 2008 Λόγον

2034 1937 2177 1993 tenui
2204 1952 2268 1990 ac
2297 1937 2414 1992 sola
2443 1935 2827 2006 conjunctione
2845 1936 3134 1990 decoratus
3163 1946 3270 2002 est,
3295 1946 3350 1990 et
3379 1937 3615 1990 ministri

331 2026 428 2077 τὸν
467 2023 842 2097 Ἐμμανουήλ.

2034 2028 2150 2084 loco
2199 2036 2531 2099 assumptus,
2567 2029 2790 2098 quique,
2823 2029 2894 2082 ita
2941 2039 2998 2082 ut
3025 2045 3124 2084 nos
3165 2029 3296 2097 ipsi,
3326 2029 3616 2098 adOptatus

334 2132 439 2189 est,
470 2134 527 2178 et
555 2123 624 2176 ab
660 2122 765 2177 alio
816 2121 999 2190 gloria:
1044 2124 1319 2192 particeps
1358 2123 1556 2189 factus,
1602 2133 1658 2179 et
1699 2125 1843 2180 dono
1893 2134 1948 2178 et
1981 2121 2156 2192 gratia
2193 2123 2244 2177 id
2303 2129 2629 2179 consecutus
2654 2131 2735 2177 est
2760 2120 2924 2191 {Non
2957 2129 3044 2176 est
3073 2122 3254 2191 itaque
3286 2122 3613 2179 dividendus

336 2213 658 2268 Emmanuel
707 2213 758 2266 in
808 2215 1080 2268 hominem
1105 2214 1363 2280 seorsim,
1403 2223 1458 2269 et
1484 2215 1536 2270 in
1565 2215 1734 2270 Deum
1773 2214 2036 2271 Verbum-

409 2313 470 2367 B.
506 2311 750 2364 ’Ἢκιστά
779 2328 866 2378 γε.

406 2407 471 2456 Δ.
503 2403 716 2472 Χρῆναι
754 2402 813 2456 δέ
857 2420 1020 2473 φημι,
1065 2403 1201 2456 Θεὸν
1247 2404 1715 2475 ὲνηνθρωπηκότα
1745 2405 1923 2475 λέγειν

329 2496 518 2557 αὑτὸν,
554 2491 694 2548 εἷναί
725 2505 785 2548 τε
815 2495 958 2549 κατὰ
977 2495 1194 2557 ταυτὸν,
1227 2495 1385 2549 τοῦτό
1412 2514 1471 2550 τε
1514 2499 1755 2552 κάκεῖνο.
1784 2497 1922 2553 Οὔτε

332 2590 445 2660 γὰρ
483 2588 894 2658 ὰποπεφοίτηκε
922 2587 1015 2640 τοῦ
1060 2585 1198 2640 εἶναι
1229 2588 1362 2651 Θεὸς
1381 2590 1676 2658 γενόμενος
1715 2590 1924 2662 ἄνθρω-

334 2699 458 2746 πος,
490 2680 614 2734 οὔτε
647 2681 753 2750 μὴν
794 2679 1172 2749 ὰπαράδεκτον
1203 2678 1314 2750 ἔχει
1362 2680 1460 2751 τὴν
1498 2681 1831 2753 οἰκονομίαν,
1864 2683 1925 2737 τὸ

333 2778 435 2844 τῆς
457 2770 740 2833 κενώσεως
769 2768 1045 2839 ἀτιμάσας
1071 2768 1288 2840 μέτρον.

407 2869 467 2919 Β.
491 2861 602 2918 Ἦν
646 2858 739 2916 οὖν
793 2861 922 2932 ἄρα,
982 2861 1166 2929 φασὶν,
1203 2861 1487 2929 ὁμοούσιον
1525 2863 1604 2935 τῷ
1655 2865 1817 2936 Λόγῳ
1861 2866 1924 2918 τὸ

337 2958 499 3028 σῶμα
525 2953 715 3018 αὐτοῦ,
745 2952 962 3023 νοηθείη
987 2951 1094 3022 γὰρ
1125 2951 1190 3005 ἂν
1215 2945 1318 3004 ὧδε
1345 2953 1438 3005 καὶ
1465 2954 1563 3024 οὐχ
1593 2954 1817 3024 ἑτέρως,
1845 2950 1926 3019 εἷς

333 3052 431 3105 καὶ
461 3050 620 3120 μόνος
652 3046 799 3109 Υἱός.

409 3144 471 3196 Α.
501 3140 693 3194 Καίτοι
721 3138 838 3200 πῶς
867 3137 928 3190 οὐ
949 3133 1112 3208 λῆρος
1141 3139 1242 3208 ἤδη
1267 3137 1462 3202 ταῦτα,
1495 3139 1590 3192 καὶ
1621 3137 1714 3192 νοῦ
1743 3155 1924 3209 παρα-

2107 2308 2169 2365 Β.
2212 2307 2586 2377 Nequaquam.

2112 2403 2177 2454 A.
2222 2399 2538 2455 Censuerim
2568 2412 2732 2462 vero,
2769 2398 3052 2454 dicendum
3087 2413 3209 2454 esse
3239 2397 3406 2453 Deum
3443 2398 3616 2452 homi-

2036 2506 2158 2546 nem
2206 2491 2479 2555 indutum,
2517 2497 2748 2559 esseque
2799 2490 3048 2544 eumdem
3094 2491 3291 2559 ipsum,
3337 2500 3392 2544 et
3423 2491 3526 2545 hoc
3561 2501 3617 2544 et

2031 2581 2182 2636 illud.
2231 2581 2419 2651 Neque
2464 2583 2610 2636 enim
2649 2581 2828 2637 factus
2865 2582 3028 2636 bomo
3079 2582 3238 2637 desiit
3283 2597 3404 2637 esse
3450 2583 3614 2646 Deus,

2035 2687 2209 2743 neque
2240 2688 2429 2727 rursus
2461 2672 2989 2727 administrationem
3038 2673 3091 2727 in
3139 2687 3306 2728 carne
3347 2675 3618 2729 detrecta-

2035 2764 2130 2824 vit,
2158 2763 2546 2818 exinanitionis
2574 2763 2940 2819 conditionem
2973 2763 3297 2833 de'spiciens.

2108 2849 2172 2904 Β.
2215 2851 2345 2905 Erat
2393 2851 2597 2921 itaque,
2641 2853 2827 2919 aiunt,
2865 2853 3329 2908 consubstantiale
3363 2855 3618 2912 Trinitati

2034 2942 2206 3012 ipsius
2234 2957 2454 3013 corpus.
2495 2944 2568 2998 Ita
2599 2945 2769 3006 enim,
2805 2959 2982 3015 neque
3007 2945 3112 3001 alia
3147 2946 3357 3003 ratione
3389 2949 3616 3021 intelligi

2033 3047 2200 3108 queat
2222 3052 2362 3092 unus
2391 3051 2455 3091 ac
2500 3037 2650 3092 solus
2677 3036 2868 3094 Filius.

2101 3130 2168 3183 A.
2207 3129 2370 3197 Atqui
2420 3130 2692 3197 quomodo
2726 3145 2830 3182 non
2881 3130 2932 3184 id
2974 3145 3121 3184 mera
3167 3132 3238 3186 sit
3279 3133 3512 3201 insania,
3560 3148 3617 3190 ct

337 3231 592 3292 παίοντας
617 3228 890 3294 ἀπόδειξις
913 3227 1187 3299 ὲναργὴςς
1213 3229 1338 3293 Πῶς
1361 3230 1469 3300 γὰρ
1489 3232 1547 3282 ὲν
1570 3230 1760 3301 οὐσίας
1788 3247 1925 3282 ταυ-

2034 3229 2223 3276 emota:
2247 3221 2445 3275 mentis
2474 3219 2840 3274 certissimum
2864 3225 3288 3291 argumentum?
3314 3223 3431 3292 Quo
3459 3237 3616 3296 pacto

336 3324 524 3390 τότητι
549 3319 756 3374 κατίδοι
781 3335 864 3380 τις
895 3318 960 3371 ἂν
985 3317 1055 3370 τὰ
1077 3319 1178 3388 τῆς
1212 3317 1428 3386 φύσεως
1461 3318 1640 3386 λόγοις
1670 3316 1926 3371 τοσοῦτον

335 3413 588 3483 ἀλλήλων
641 3410 1008 3481 διῳκισμένας
1049 3408 1276 3478 Ἕτερον
1322 3409 1430 3479 γάρ
1467 3425 1520 3463 τι
1578 3409 1791 3480 Θεότης,
1833 3409 1928 3462 καὶ

336 3508 524 3577 ἕτερον
553 3503 938 3574 ἀνθρωτυότηςο
993 3502 1115 3556 ἐπεὶ
1160 3503 1322 3555 τίνων
1353 3503 1431 3570 (a)
1468 3503 1648 3572 φαμὲν
1674 3503 1928 3572 γενέσθαι

334 3599 439 3670 τὴν
468 3597 686 3650 ἕνωσιν.
710 3595 784 3647 Οὐ
810 3595 917 3664 γὰρ
938 3592 996 3646 ἓν
1015 3592 1094 3662 τῷ
1110 3593 1330 3664 ἀριθμῷ
1347 3593 1480 3663 φαίη
1507 3611 1591 3656 τις
1609 3595 1676 3647 ἂν
1701 3589 1839 3646 εἶναι
1861 3594 1928 3647 τὰ

334 3691 626 3760 ἑνούμενα,
655 3687 793 3741 ἀλλὰ
823 3686 916 3740 δύο
944 3685 1130 3755 τυχὸν,
1171 3685 1266 3738 καὶ
1297 3684 1490 3737 τούτου
1518 3684 1680 3752 πέρα.

412 3870 471 3922 Β.
504 3865 814 3937 Διαιρετέον
844 3861 938 3919 οὖν
965 3864 1072 3936 ἄρα
1112 3865 1245 3932 φασὶ⁵
1271 3864 1340 3917 τὰ
1367 3863 1756 3933 ὠνομασμένα.

409 3963 476 4014 Δ.
511 3960 585 4012 Οὐ
617 3958 934 4028 διαιρετέον,
968 3956 1044 4018 ὡς
1083 3956 1239 4024 ἔφην,
1275 3957 1355 4016 εἰς
1397 3955 1570 4026 ἰδικὴν
1608 3954 1926 4024 ἑτερότητα,

334 4052 438 4120 τὴν
481 4049 625 4103 κατά
659 4065 722 4116 γε
774 4047 836 4100 τὸ
878 4046 970 4100 ἀπ’
1015 4044 1262 4112 ἀλλήλων
1304 4039 1444 4096 εἶναι
1477 4044 1572 4094 καὶ
1631 4043 1927 4112 ἀναμέρος.

337 4142 744 4212 Συγκομιστέον
773 4141 828 4192 δὲ
867 4137 1066 4209 μᾶλλον
1095 4139 1174 4199 εἰς
1199 4135 1393 4188 ἕνωσιν
1435 4135 1792 4202 ἀδιάτμητον.
1831 4135 1869 4185 Γ
1873 4134 1932 4186 έ-

335 4251 466 4304 γονε
511 4234 620 4306 γὰρ
660 4233 802 4302 σὰρξ
829 4232 858 4283 ὁ
886 4230 1076 4298 Λόγος,
1121 4227 1264 4282 κατὰ
1299 4226 1396 4298 τὴν
1436 4225 1686 4280 Ἰωάννου
1721 4226 1926 4295 φωνήν.

411 4413 473 4465 Β.
509 4411 630 4481 ’Ἆρ’
662 4406 755 4464 οὖν
782 4409 1166 4479 συγκέχυνται,
1200 4409 1294 4461 καὶ
1318 4408 1415 4478 μία
1442 4408 1732 4476 γεγόνασιν
1763 4409 1933 4479 ἄμφω

340 4520 534 4574 φυσις.

2030 3311 2175 3366 enim
2223 3312 2275 3365 in
2306 3327 2410 3366 una
2445 3321 2608 3380 atque
2644 3312 2833 3365 eadem
2878 3313 3116 3368 essentia
3149 3316 3448 3371 consistere
3493 3333 3619 3387 pos-

2031 3399 2164 3463 sint,
2196 3415 2316 3467 quae
2347 3400 2555 3454 ratione
2594 3409 2800 3454 natura:
2833 3409 3117 3470 tantopere
3167 3405 3308 3460 inter
3347 3421 3408 3462 se
3456 3408 3615 3461 dill'e-

2034 3490 2194 3544 runt?
2220 3490 2380 3545 Aliud
2411 3493 2552 3546 enim
2586 3501 2670 3546 est
2723 3492 2886 3558 Deus,
2929 3494 3073 3549 aliud
3103 3499 3302 3562 homo;
3347 3498 3616 3567 siquidem

2029 3597 2218 3636 eorum
2253 3582 2486 3638 dicimus
2511 3581 2708 3638 factam
2749 3599 2871 3639 esse
2916 3587 3198 3640 unitatem.
3245 3587 3433 3658 Neque
3473 3595 3616 3646 enim

2031 3673 2300 3742 qui5piam
2357 3677 2631 3729 censuerit
2682 3691 2848 3730 unum
2903 3692 3132 3732 numero
3184 3677 3329 3735 facta
3380 3697 3503 3738 esse
3553 3699 3619 3738 ea

2031 3781 2154 3833 quae
2184 3766 2330 3820 unita
2363 3775 2510 3830 sunt,
2548 3767 2643 3822 sed
2677 3769 2804 3831 duo,
2841 3778 2934 3821 aut
2962 3769 3047 3823 bis
3085 3770 3260 3838 plura.

2106 3858 2166 3910 Β.
2200 3856 2528 3912 Dividendas
2557 3859 2719 3927 igitur
2743 3873 2867 3914 esse
2899 3861 3050 3913 aiunt
3082 3863 3180 3914 has
3206 3863 3616 3930 appellationes.

2103 3949 2170 4002 Α.
2211 3947 2328 4002 Non
2361 3959 2488 4002 sunt
2515 3949 2833 4015 dividendae,
2880 3959 2936 4002 ιιι
2975 3951 3112 4017 dixi,
3153 3952 3204 4006 in
3248 3955 3514 4022 privatam
3557 3975 3621 4012 ac

2035 4037 2359 4107 peculiarem
2387 4036 2784 4103 diversitatem,
2825 4053 2945 4106 quae
2977 4039 3172 4094 alliciat
3203 4051 3262 4096 ut
3295 4043 3554 4112 seiunctae
3591 4066 3619 4101 a

2032 4144 2090 4184 se
2121 4139 2311 4184 mutuo
2345 4138 2402 4183 et
2432 4129 2659 4182 seorsitn
2688 4130 2986 4183 subsistant
3027 4147 3039 4183 :
3075 4135 3169 4185 sed
3216 4136 3395 4202 potius
3435 4140 3622 4193 confe-

2037 4221 2216 4276 rendae
2265 4230 2394 4277 sunt
2450 4222 2502 4274 in
2563 4222 2824 4275 unitatem
2883 4221 3335 4281 indissolubilem.
3383 4228 3617 4286 Verbum

2034 4314 2180 4368 enim
2214 4329 2344 4368 caro
2379 4313 2580 4368 factum
2611 4323 2729 4376 est,
2761 4324 2818 4367 ut
2845 4312 3081 4371 Joannes
3117 4327 3362 4375 testatur.

2107 4403 2166 4459 Β.
2209 4403 2457 4458 Confusa!
2497 4403 2683 4474 itaque
2707 4415 2836 4458 sunt
2881 4415 3118 4472 naturae,
3153 4425 3366 4481 unaque
3405 4426 3436 4466 e
3481 4412 3615 4468 dua-

2037 4498 2138 4552 bus
2175 4493 2388 4552 eﬂecta.

413 4597 480 4648 Α.
520 4587 652 4645 Εἶτα
687 4589 773 4652 τίς
799 4587 970 4650 οὕτως
996 4586 1364 4657 ἐμϐρόντητός
1391 4604 1451 4640 τε
1481 4589 1577 4641 καὶ
1601 4589 1821 4661 ἀμαθὴς
1841 4591 1926 4661 εἴη

2109 4594 2176 4645 Α.
2216 4593 2282 4644 At
2309 4591 2434 4660 quis
2479 4591 2552 4644 ita
2597 4591 2800 4647 delirus
2840 4601 2933 4646 aut
2979 4594 3262 4661 imperitus
3303 4597 3407 4660 sit,
3440 4609 3498 4652 ut
3527 4613 3624 4655 aut

344 4688 412 4741 ἂν
435 4687 510 4748 ὡς
535 4685 568 4753 ἢ
607 4683 706 4754 τὴν
745 4681 896 4733 θείαν
929 4679 1138 4733 οἴεσθαι
1165 4679 1259 4732 τοῦ
1294 4680 1470 4748 Λόγου
1499 4681 1803 4752 τετράφθαι
1828 4683 1932 4750 φύ-

343 4793 431 4828 σιν
454 4776 532 4838 εἰς
559 4774 696 4843 ὅπερ
721 4771 822 4823 οὐκ
852 4765 941 4840 ἦν,
970 4768 1003 4838 ἢ
1026 4770 1412 4840 μεταχωρῆσαι
1437 4769 1537 4840 τὴν
1559 4771 1760 4842 σάρκα,
1792 4773 1936 4825 κατά

342 4885 410 4936 γε
454 4867 544 4919 τὸν
576 4865 675 4936 τῆς
720 4862 1060 4922 ἀλλοιώσεως
1101 4860 1326 4930 τρόπον,
1355 4863 1436 4924 εἰς
1480 4861 1580 4931 τὴν
1619 4863 1786 4915 αὐτοῦ
1835 4865 1932 4918 τοῦ

343 4961 525 5026 Λόγου
551 4974 564 5022 ;
617 4957 925 5026 Ἀμήχανον
965 4953 1103 5021 γάρ·
1145 4951 1244 5005 ἕνα
1272 4968 1335 5018 γε
1368 4951 1476 5022 μὴν
1502 4952 1653 5015 Υἰὸν,
1677 4956 1773 5007 καὶ
1800 4956 1933 5026 μίαν

344 5049 515 5104 αὑτοῦ
553 5047 715 5118 φύσιν
759 5041 898 5098 εἶναι
937 5059 1141 5112 φαμεν,
1169 5042 1274 5095 κάν
1309 5043 1358 5094 ει
1390 5044 1449 5096 ἐν
1501 5043 1802 5114 προσλήψει
1837 5063 1932 5114 γε-

347 5138 539 5194 νέσθαι
591 5137 813 5208 σαρκὸς,
857 5135 1036 5206 ψυχὴν
1085 5133 1316 5202 ἐχούσης
1353 5131 1450 5202 τὴν
1493 5134 1703 5204 νοεράν.
1757 5135 1933 5190 Αὑτοῦ

348 5232 482 5302 γὰρ.
503 5230 580 5292 ὡς
607 5227 764 5298 ἔφην,
792 5227 984 5294 γέγονε
1016 5223 1080 5278 τὸ
1099 5222 1462 5294 ἀνθρώπινον,
1493 5225 1694 5277 νοεῖται
1713 5225 1770 5277 δὲ
1799 5227 1936 5296 πρὸς

349 5322 532 5392 ἡμῶν,
566 5319 665 5390 οὐχ
707 5319 930 5386 ἑτέρως,
967 5315 1106 5386 πλὴν
1148 5315 1228 5367 ὅτι
1265 5312 1405 5367 κατὰ
1441 5311 1628 5368 τοῦτον
1662 5315 1822 5369 αὐτὸν
1845 5318 1936 5372 τὸν

349 5412 573 5483 τρόπον,
603 5408 735 5470 Θεὸς
767 5405 901 5479 όμοῠ
934 5422 994 5458 τε
1024 5404 1118 5458 καὶ
1152 5403 1459 5473 ἄνθρωπος.

427 5502 487 5556 Β.
526 5499 649 5572 'Ap’
677 5495 793 5563 οὖν,
831 5497 893 5550 οὐ
923 5495 1017 5549 δύο
1054 5495 1248 5564 φύσεις
1281 5490 1390 5548 εἶεν
1425 5494 1512 5561 ἂν,
1546 5496 1682 5552 Θεοῦ
1715 5499 1810 5552 καὶ
1843 5500 1938 5553 ἀνι

353 5595 574 5667 θρώπου
598 5630 610 5646 .

423 5733 470 5767 ⁸³
491 5731 691 5788 Jerem.
725 5745 800 5793 ix,
832 5729 883 5798 l,
912 5727 967 5780 2.
1043 5727 1089 5758 "
1123 5726 1223 5779 lsa.
1258 5743 1389 5795 xui,
1418 5728 1471 5786 8.

424 5848 503 5920 (l)
535 5846 676 5917 Lege
702 5843 928 5898 τούτων.
973 5841 1070 5898 Eu.

633 5941 904 6000 PA‘I‘KUL.
950 5937 1066 5998 Gn.
1111 5937 1338 5997 LXXV.

2039 4685 2278 4739 divinam
2332 4693 2581 4737 naturam
2635 4691 2899 4738 mutatam
2946 4699 3067 4740 esse
3122 4688 3174 4740 iu
3221 4688 3272 4742 id
3319 4692 3462 4758 quod
3513 4709 3621 4748 nan

2037 4787 2158 4834 erat
2187 4777 2482 4841 existimet,
2531 4785 2627 4829 aut
2683 4789 2902 4830 carnem
2943 4779 3152 4833 ratione
3198 4784 3512 4840 mutationis
3568 4787 3620 4839 in

2039 4879 2286 4925 naturam
2325 4868 2486 4924 Verbi
2532 4867 2852 4922 translatam
2896 4867 3113 4924 fuisse?
3156 4871 3340 4940 Neque
3386 4879 3531 4930 enim
3571 4880 3622 4932 id

2041 4963 2151 5016 ullo
2195 4961 2353 5016 modo
2406 4962 2522 5015 ﬁeri
2587 4948 2783 5028 potest.
2840 4959 3012 5014 Unum
3073 4977 3235 5031 porro
3283 4965 3502 5035 Filium,
3566 4983 3622 5024 et

2042 5069 2204 5110 uuam
2243 5054 2413 5122 ipsius
2439 5063 2690 5107 naturam
2715 5069 2836 5109 esse
2858 5053 3110 5121 dicimus,
3148 5061 3356 5113 tametsi
3398 5077 3620 5118 carnem

2043 5147 2224 5200 anima
2277 5143 2611 5214 intelligente
2662 5147 2940 5213 prardilam
3007 5151 3384 5218 assumpserit.
3451 5153 3624 5221 Ipsius

2041 5236 2212 5300 enim,
2250 5245 2308 5287 ut
2365 5236 2497 5298 dixi,
2548 5235 2688 5291 facta
2733 5247 2819 5291 est
2871 5239 3198 5294 humanitas.
3230 5241 3394 5312 736
3448 5247 3623 5311 Atque

2045 5329 2147 5382 hoc
2175 5327 2390 5395 quidem
2432 5337 2610 5394 pacto,
2649 5343 2824 5397 neque
2853 5329 2961 5384 alio
2991 5329 3102 5386 ullo
3131 5345 3382 5388 censetur
3405 5351 3434 5390 a
3467 5341 3624 5392 nobis

2045 5421 2186 5472 Deus
2212 5417 2370 5471 simul
2398 5427 2453 5469 et
2485 5416 2664 5474 homo.

2117 5508 2178 5561 Β.
2216 5507 2330 5564 Non
2365 5518 2525 5565 erunt
2550 5509 2734 5580 itaque
2765 5510 2883 5566 dute
2914 5521 3142 5578 naturae,
3171 5512 3264 5568 Dei
3293 5526 3344 5569 et
3367 5515 3624 5573 hominis.

3256 5939 3323 6001 41
