4050 6416
434 434 569 492 θεοί
1425 420 1482 473 s.
1527 415 1800 473 cvutLLt
1842 408 2308 464 ΑιεχΑλυιιιΝι
2353 408 2674 466 secetur.
3561 398 3703 456 1292

505 554 567 604 Α.
611 548 767 602 Aliud
798 545 1010 614 qmdem
1042 551 1121 596 est
1150 540 1344 599 Deitas,
1379 535 1524 590 aliud
1563 531 1896 594 humanitas,
1925 545 2012 582 ra-
2044 537 2088 588 Α

2189 530 2253 582 Α.
2300 529 2524 600 Ἕτερον
2562 529 2661 599 μέν
2695 545 2746 581 τι
2788 529 2882 581 καὶ
2922 526 3108 596 ἕτερον
3134 523 3339 592 Θεότης
3367 520 3462 574 καὶ
3491 519 3706 589 ἀνθρω-

439 646 585 698 tione
619 642 736 709 ejus
769 639 910 708 quod
946 637 1140 703 cuique
1172 634 1311 686 inest
1341 647 1356 684 :
1397 638 1655 683 caeterum
1698 627 1812 678 hch
1837 621 2012 676 inusi-

2117 620 2308 689 πότης,
2359 621 2504 674 κατά
2528 637 2592 688 γε
2619 621 2745 684 τοὺς
2787 621 3006 682 ἐνόντας
3054 615 3300 685 ἐκατέρῳ
3344 612 3555 680 λόγους
3585 607 3704 664 ἀλλ’

437 748 550 792 tato
588 733 820 803 quodam
858 729 1015 784 modo
1063 736 1225 796 atque
1263 722 1599 779 intellectum
1631 727 1876 774 nostrum
1925 729 2016 770 su-

2115 706 2185 782 ἦν
2212 713 2268 790 ἐν
2297 710 2522 784 Χριστῷ
2572 710 2739 776 ξένιος
2777 727 2836 764 τε
2870 711 2963 764 καὶ
3006 708 3147 778 ὑπὲρ
3187 703 3315 786 νοῦν
3354 706 3434 767 εἰς
3477 701 3711 770 ἑνότητα

442 782 546 792 .-.-
1137 782 1152 796 _

440 837 663 896 perante
688 824 741 878 in
782 822 1044 876 unitatem
1071 823 1491 879 concurrerunt,
1521 813 1661 866 citra
1697 808 1861 864 ullam
1890 821 2019 862 con-

2121 782 2620 875 συνδεδραμηκότα,
2661 803 2976 874 συγχύσεως
2996 799 3120 870 δίχα
3153 782 3510 867 καὶλτροπῆς.
3549 795 3713 846 Ἀπι-

441 887 702 973 l‘usionem
735 931 795 970 ac
823 912 1200 969 mutationem.
1239 906 1478 964 Uuitatis
1521 917 1653 961 vero
1698 900 1834 958 ratio
1873 897 2020 954 nullo

1873 897 2020 954 nullo
2125 897 2367 968 ρινόητος
2399 895 2457 948 δὲ
2479 895 2758 959 παντελῶς
2787 895 2817 946 ό
2846 894 2944 965 τῆς
2967 890 3215 954 ένώσεως
3237 887 3459 957 τρόπος.

440 1020 596 1080 pacto
627 1007 849 1075 intelligi
877 1014 1080 1073 potest.

509 1100 569 1153 Β.
613 1099 681 1151 At
713 1059 984 1166 qumnodO
1010 1109 1072 1149 ex
1101 1090 1330 1153 duobus,
1364 1087 1648 1143 divinitate
1674 1084 1933 1138 nimirum
1963 1088 2022 1136 et

2199 1077 2258 1131 Β.
2293 1077 2400 1128 Καὶ
2431 1075 2548 1138 πῶς
2577 1075 2640 1127 ἐκ
2670 1073 2836 1134 δυοῖν,
2862 1069 3117 1140 θεότητός
3146 1083 3204 1120 τε
3231 1066 3325 1119 καὶ
3357 1059 3721 1132 ἀνθρωπότη·

442 1190 798 1253 immanitate,
832 1201 972 1242 unus
995 1193 1286 1240 censeatur
1316 1177 1604 1236 Christus?

1349 1177 1604 1235 lhristus?
2126 1188 2236 1235 τος,
2273 1165 2353 1231 εἷς
2382 1167 2448 1222 ἂν
2480 1170 2652 1220 νοοῖτο
2677 1165 2948 1236 Χριστός;

512 1287 577 1336 Α.
622 1281 736 1336 Νοιι
767 1279 874 1334 alio
905 1277 1066 1334 modo
1087 1274 1390 1330 censuerim
1415 1314 1429 1338 ,
1459 1285 1620 1340 quam
1648 1283 1753 1338 quo
1787 1268 1906 1322 duae
1939 1277 2025 1318 res

2196 1263 2262 1314 Α.
2299 1261 2372 1313 Ού
2413 1258 2534 1311 καθ’
2569 1257 2756 1327 ἕτερον
2793 1251 2946 1325 οἶμαι
2967 1252 3190 1324 τρόπον,
3215 1250 3250 1321 ἢ
3280 1248 3399 1312 καθ’
3427 1239 3488 1300 ὃν
3515 1244 3580 1299 ἂν
3608 1239 3722 1298 εἷεν

445 1376 586 1428 inter
609 1387 669 1427 se
694 1381 895 1426 coeunt
918 1369 1116 1422 unione
1139 1363 1485 1435 inseparabili
1512 1371 1671 1430 atque
1694 1359 2024 1415 intellectum

2128 1353 2196 1406 τὰ
2225 1353 2479 1423 ἀλλήλοις
2509 1347 2827 1420 συνηγμένα
2847 1346 2984 1418 πρὸς
3008 1345 3205 1400 ἕνωσιν
3241 1342 3600 1413 ἀδιάτμητον,
3623 1337 3723 1392 καὶ

445 1474 756 1535 superante,
788 1472 846 1515 ut
873 1463 1006 1516 dixi.

2131 1445 2229 1516 τὴν
2266 1444 2406 1515 ὑπὲρ
2431 1441 2576 1505 νοῦν,
2616 1440 2689 1505 ὡς
2724 1439 2880 1510 ἔφην.

519 1530 580 1611 l3.
619 1530 863 1624 Exempli
894 1553 1108 1624 gratia?

1042 1553 1108 1606 az
2204 1539 2265 1591 Β.
2297 1530 2424 1592 υἷον
2455 1535 2520 1606 δὴ
2552 1535 2641 1601 τίς

518 1649 584 1702 Α.
628 1647 819 1701 Nonne
863 1660 1024 1698 unum
1079 1643 1312 1697 dicimus
1350 1640 1625 1694 hominem
1658 1635 1828 1692 nostri
1875 1635 2026 1690 simi-

2204 1633 2269 1684 Α.
2296 1627 2423 1702 'Ap’
2460 1630 2560 1700 οὐχ
2597 1628 2696 1682 ἕνα
2737 1625 2918 1698 φαμὲν
2960 1625 3054 1680 τὸν
3091 1623 3212 1679 καθ’
3245 1623 3393 1695 ἡμᾶς
3431 1619 3727 1690 νοούμενον

453 1742 580 1805 lem,
608 1749 769 1808 atque
795 1752 954 1792 unam
989 1735 1156 1805 ipsius
1186 1741 1460 1796 naturam,
1499 1729 1713 1784 tametsi
1747 1726 2034 1782 uniformis

2134 1720 2444 1790 ἄνθρωπον,
2467 1720 2563 1772 καὶ
2605 1720 2733 1790 μίαν
2761 1717 2926 1772 αὐτοῦ
2953 1716 3133 1787 φύσιν,
3153 1715 3332 1770 καίτοι
3361 1713 3421 1768 τὸ
3450 1711 3728 1784 μονοειδὲς

451 1840 507 1884 et
536 1803 763 1895 simplex
804 1841 907 1880 non
943 1803 1041 1888 sit,
1084 1823 1178 1878 sed
1208 1821 1390 1891 potius
1413 1835 1480 1874 ex
1511 1819 1724 1874 duobus
1759 1815 2032 1887 composi-

2135 1815 2237 1866 οὐκ
2267 1812 2502 1883 ἔχοντος,
2542 1810 2956 1881 συντεθειμένου
2985 1810 3042 1862 δὲ
3082 1808 3283 1879 μᾶλλον
3311 1809 3375 1860 ἐκ
3423 1805 3590 1870 δυοῖν,
3616 1803 3727 1873 ψυ-

453 1935 562 1986 tus,
587 1922 788 1983 anima,
827 1919 1067 1988 inquam,
1099 1924 1155 1971 et
1184 1913 1456 1986 corpore?

1234 1913 1456 1986 )rpore?
2069 1908 2109 1963 Β
2138 1905 2239 1976 χῆς
2266 1904 2409 1972 λέγω
2440 1905 2534 1956 καὶ
2553 1902 2833 1974 ccupat-oc;

527 2013 584 2067 Β.
629 2011 890 2066 Dicimus.

2212 1999 2270 2052 Β.
2304 1999 2510 2067 Φαμὲν.

527 2107 590 2159 Α.
629 2106 698 2156 At
719 2103 763 2157 si
794 2103 917 2173 quis
949 2100 1177 2156 seorsim
1201 2107 1451 2155 statuens
1481 2109 1701 2152 carnem
1727 2131 1743 2160 ,
1775 2107 2034 2164 separatis

2212 2091 2274 2143 A.
2311 2088 2402 2160 Μὴ
2423 2087 2696 2159 ἀναμέρος
2729 2104 2814 2150 τις
2836 2084 3125 2140 ἀπολαϐὼν
3145 2084 3244 2154 τὴν
3275 2084 3474 2153 σάρκα,
3506 2081 3733 2152 διαστή-

457 2211 587 2252 vcro
616 2195 684 2250 ab
720 2209 782 2249 ea
815 2195 1050 2248 animam
1079 2206 1199 2260 quae
1233 2189 1331 2260 ipsi
1360 2190 1508 2244 unita
1543 2195 1647 2253 est,
1681 2187 1734 2241 in
1768 2186 1907 2242 duos
1936 2186 2034 2240 bo-

2144 2197 2242 2244 σας
2273 2181 2329 2234 δὲ
2362 2181 2534 2250 αὐτῆς
2555 2182 2654 2251 τὴν
2694 2179 2989 2234 ένωθεῖσαν
3018 2178 3158 2248 αὐτῇ
3185 2176 3387 2246 ψυχὴν,
3416 2179 3495 2238 είς
3519 2174 3735 2247 ἀνθρώ-

459 2287 630 2340 mines
656 2301 777 2340 cum
809 2285 899 2354 qui
938 2299 1076 2339 unus
1115 2293 1198 2338 est
1221 2282 1490 2352 partiatur
1513 2321 1531 2348 ,
1564 2294 1746 2336 nonne
1777 2278 2035 2335 humani-

2146 2289 2280 2335 πους
2306 2271 2398 2324 δύο
2426 2270 2517 2323 τὸν
2552 2270 2648 2324 ἕνα
2678 2270 2982 2341 κατατέμῃ,
3023 2268 3117 2320 καὶ
3141 2267 3232 2320 τὸν
3253 2265 3352 2336 τῆς
3379 2265 3739 2336 ἀνθρωπότη-

463 2381 591 2434 tatis
619 2380 885 2433 rationem
915 2375 1232 2431 subvertat?

2144 2380 2235 2426 τος
2268 2363 2328 2416 ού
2361 2362 2702 2433 καταφθείρας]
2729 2361 2916 2430 λόγον;

530 2469 590 2522 Β.
634 2467 1250 2539 Atquisapientissimus
1268 2463 1470 2518 Paulus
1504 2462 1721 2533 inquit:
1753 2479 1772 2514 ι
1805 2459 1864 2514 Si
1895 2459 2037 2515 enim

2215 2459 2276 2511 Β.
2314 2458 2422 2510 Καὶ
2449 2456 2554 2528 μὴν
2586 2460 2616 2509 ό
2642 2455 2917 2524 πάνσοφος
2945 2453 3150 2525 γράφει
3189 2452 3420 2516 Παῦλος·
3469 2470 3488 2504 ι
3516 2453 3579 2505 Ei
3624 2449 3741 2521 γὰρ

460 2563 621 2620 etiam
651 2573 907 2616 externus
941 2560 1105 2614 homo
1131 2566 1317 2613 noster
1352 2555 1741 2625 corrumpitur,
1777 2553 1870 2608 sed
1901 2553 2040 2606 inte-

2149 2551 2243 2604 καὶ
2271 2552 2300 2603 ὁ
2329 2548 2433 2614 ἔξω
2476 2548 2762 2618 ἄνθρωπος
2791 2546 3186 2616 διαφθείρεται,
3229 2546 3345 2600 ἀλλ’
3373 2547 3402 2598 ό
3441 2545 3552 2598 ἔσω
3597 2548 3738 2599 ἀνα-

459 2657 572 2710 rior
600 2665 896 2708 renovatur
919 2654 986 2706 de
1015 2651 1102 2706 die
1127 2651 1181 2704 iu
1215 2651 1355 2705 diem
1383 2648 1451 2702 ”.
1481 2667 1500 2701 ι

1481 2667 1500 2701 ι
2147 2641 2431 2697 καινοῦ-σαι
2458 2642 2644 2712 ἡμέρᾳ
2673 2641 2768 2694 καὶ
2795 2639 3001 2711 ἡμέρᾳ.
3046 2656 3065 2692 ι

532 2749 596 2800 Δ.
640 2745 807 2798 [lecte
849 2743 950 2797 ais.
993 2740 1162 2796 Norat
1208 2741 1376 2808 enim,
1424 2750 1584 2796 uorat
1624 2748 1814 2810 aperte
1857 2753 1921 2794 ea
1975 2752 2043 2792 ex

2220 2737 2284 2787 Α.
2331 2733 2535 2805 Ὀρθῶς
2561 2733 2716 2802 ἔφης.
2759 2733 2935 2804 "ﬁdet,
2973 2734 3064 2786 καὶ
3094 2733 3210 2803 ᾔδει
3244 2731 3452 2803 σαφῶς,
3480 2731 3548 2785 τὰ
3573 2729 3634 2796 ἐξ
3663 2723 3743 2784 ὧν

464 2839 661 2909 quibus
687 2852 824 2891 unus
858 2841 1092 2900 constat,
1142 2843 1196 2888 et
1235 2833 1597 2888 diﬂ'erentiam
1645 2833 1760 2888 sola
1803 2840 2044 2886 contem-

2149 2827 2180 2878 ό
2211 2821 2293 2890 εἷς
2338 2828 2478 2889 ἐστι,
2515 2825 2612 2878 καὶ
2647 2824 2850 2896 θεωρίᾳ
2906 2824 3044 2897 μόνῃ
3090 2824 3302 2896 ληπτὴν
3356 2826 3589 2877 ποιεῖται
3641 2822 3744 2894 τὴν

467 2930 704 3000 plationc
731 2925 1137 2996 perceptibilem
1169 2925 1381 2980 statuit.
1420 2924 1702 2978 Hominem
1739 2937 1868 2978 vero
1907 2925 2046 2977 inte-

2151 2919 2413 2990 διαφοράν
2438 2934 2450 2947 ·
2488 2918 2778 2988 ἄνθρωπον
2819 2917 2876 2970 δὲ
2918 2917 3011 2971 τὸν
3059 2917 3189 2982 ἔσω,
3226 2917 3405 2988 ψυχὴν
3451 2915 3743 2986 ὀνομάζει,

468 3021 690 3083 riorem,
743 3018 980 3071 animam
1027 3028 1223 3070 vocat:
1277 3025 1334 3070 at
1383 3015 1748 3082 exteriorem,
1800 3028 2042 3069 carnem.

2155 3013 2248 3066 καὶ
2283 3012 2389 3082 μὴν
2421 3012 2515 3064 καὶ
2547 3012 2749 3082 σάρκα,
2775 3009 2868 3063 τὸν
2911 3009 3037 3076 ἔξω.
3073 3010 3456 3080 Διαμέμνηται
3497 3009 3607 3080 γὰρ
3633 3009 3745 3062 τῶν

470 3111 714 3165 Meminit
769 3110 914 3163 enim
961 3122 1240 3162 sacrarum
1295 3105 1733 3176 Scripturarum,
1789 3121 1910 3174 qua:
1947 3105 2048 3158 ali-

2158 3105 2316 3175 ἱερῶν
2345 3103 2835 3174 Γραμμάτων,καὶ
2855 3102 2964 3156 ἀπὸ
2995 3101 3197 3172 μέρους
3225 3101 3339 3154 ἐσθ’
3366 3102 3453 3154 ὅτε
3487 3101 3547 3154 τὸ
3603 3100 3747 3170 σύμ-

469 3197 685 3266 quando
723 3210 788 3250 ex
822 3205 974 3264 parte
1032 3205 1200 3248 totum
1229 3194 1381 3250 nobis
1416 3195 1688 3250 hominem
1717 3195 2044 3265 signiﬁcant,

2157 3215 2264 3250 παν
2295 3198 2426 3268 ἡμῖν
2459 3193 2906 3265 καταδηλούντων
2937 3192 3097 3259 ζῶον,
3119 3192 3259 3246 ὥστε
3294 3193 3354 3246 τὸ
3389 3193 3553 3263 φάναι
3586 3193 3746 3256 Θεὸν,

468 3299 529 3343 ut
566 3304 687 3344 cum
716 3287 850 3344 dicit
885 3286 1028 3342 Deus
1061 3305 1076 3340 :
1111 3306 1130 3339 ι
1165 3284 1450 3342 Effundam
1483 3287 1549 3342 de
1587 3286 1796 3357 Spiritu
1843 3301 1965 3341 meo
1996 3287 2047 3338 in

2165 3310 2183 3342 ι
2223 3289 2429 3360 Ἐκχεῶ
2449 3288 2556 3343 ἀπὸ
2573 3287 2667 3342 τοῦ
2692 3286 3010 3357 Πνεύματός
3035 3303 3136 3358 μου
3183 3287 3275 3340 ἐπὶ
3305 3288 3485 3340 πᾶσαν
3507 3287 3707 3357 σάρκα,
3725 3305 3742 3336 ι

471 3382 780 3435 universam
810 3393 1032 3434 carnem
1062 3380 1148 3446 ⁹⁶;
1181 3399 1200 3432 ι
1233 3388 1289 3434 et
1327 3378 1544 3450 ﬁoyses
1573 3381 1640 3434 ad
1669 3379 1942 3436 lsraelitas
1973 3380 2051 3432 lo-

2158 3382 2365 3437 Μωσέα
2406 3398 2470 3449 γε
2511 3380 2615 3452 μὴν
2660 3379 3189 3452 προσδιαλεγόμενον
3237 3381 3351 3443 τοῖς
3390 3379 3451 3443 ἐξ
3503 3379 3747 3450 Ἰσραὴλ,

471 3487 644 3541 quens
678 3490 694 3526 :
729 3493 745 3524 ι
788 3473 845 3526 lu
872 3473 1214 3541 septuaginta
1241 3472 1487 3542 quinque
1520 3472 1808 3526 animabus
1835 3473 2054 3527 descen-

2165 3491 2184 3525 ι
2239 3473 2326 3526 Ἑν
2355 3472 2726 3544 ἑϐδομήκοντα
2771 3471 2934 3524 πέντε
2977 3470 3176 3540 ψυχαῖς
3216 3471 3525 3541 κατέϐησαν
3551 3471 3602 3523 οἱ
3635 3487 3749 3524 πα-

473 3568 669 3622 derunt
697 3574 878 3634 patres
925 3565 1002 3618 tui
1048 3567 1100 3619 in
1147 3563 1530 3634 IEgyptum".
1571 3582 1590 3615 ι
1624 3563 1788 3633 Atqui
1833 3564 1888 3618 in
1937 3564 2054 3634 ipso

2159 3567 2317 3638 τέρες
2348 3584 2442 3619 σου
2471 3568 2549 3628 εἰς
2577 3565 2873 3633 Αἴγυπτον.
2909 3582 2927 3614 ι
2958 3565 3051 3616 καὶ
3081 3563 3169 3615 ἐπ’
3192 3564 3358 3618 αύτιῦ
3389 3564 3448 3617 δὲ
3473 3565 3620 3617 τουτὶ
3652 3564 3750 3618 τοῦ

472 3659 635 3713 etiam
692 3655 1043 3712 Emmanuele
1100 3657 1238 3710 idem
1304 3656 1567 3712 accidisse
1633 3657 2050 3726 comperiemus.

2175 3657 2524 3729 Ἐμμανουὴλ
2565 3657 2790 3724 γεγονὸς
2826 3658 3154 3727 εὑρήσομεν.
3197 3656 3353 3710 Μετά
3385 3658 3496 3728 γάρ
3526 3675 3610 3712 τοι
3647 3659 3755 3727 τὴν

477 3750 608 3804 Nam
643 3760 761 3818 post
803 3747 1090 3810 unitatem,
1135 3761 1264 3801 cum
1313 3760 1510 3810 carne,
1547 3747 1804 3815 inquam,
1839 3749 2053 3802 tametsi

2162 3751 2378 3813 ἕνωσιν,
2413 3749 2551 3818 πρός
2574 3748 2639 3818 γέ
2676 3766 2818 3819 φημι
2838 3749 2936 3817 τὴν
2973 3749 3175 3819 σάρκα,
3217 3748 3319 3802 κᾶν
3346 3749 3624 3819 Μονογενῆ
3655 3749 3755 3802 καὶ

478 3840 824 3911 Uuigenitum
853 3849 910 3894 et
934 3839 1099 3893 Deum
1129 3853 1194 3892 ex
1222 3837 1332 3892 Deo
1373 3836 1550 3906 ipsum
1581 3839 1706 3907 quis
1736 3851 1913 3906 vocet,
1950 3855 2054 3894 non

2163 3842 2296 3894 Θεὸν
2329 3842 2393 3893 ὲκ
2429 3839 2586 3904 Θεοῦ,
2627 3839 2880 3893 καλέσειέ
2927 3857 3013 3903 τις
3045 3838 3229 3902 αὐτὸν,
3259 3840 3319 3892 ού
3365 3840 3488 3910 δίχα
3545 3840 3755 3910 σαρκὸς

477 3935 686 4004 absque
725 3948 888 3987 carne
931 3932 1045 3986 sive
1075 3930 1411 3985 humanitate
1439 3927 1706 3985 exsistere
1745 3937 2052 3986 censeatur.

2166 3934 2332 4003 ἧγουν
2366 3932 2787 4003 ἀνθρωπότητος
2815 3933 2973 3985 νοοῖτ’
3001 3931 3067 3986 ἂν
3099 3933 3385 4003 ὑπάρχειν.
3419 3932 3538 3985 Κᾶν
3570 3934 3759 3985 εῖτουν

475 4027 555 4082 Ac
585 4040 794 4091 rursus,
833 4023 1044 4078 tametsi
1071 4025 1200 4091 quis
1229 4023 1404 4092 ipsum
1431 4030 1586 4076 vocet
1623 4021 1921 4090 hominem,
1949 4038 2057 4079 non

2165 4025 2452 4096 ἄνθρωπον
2481 4023 2648 4092 λέγοι,
2694 4024 2794 4076 οὐκ
2839 4009 3171 4096 ἀποσοϐήσει
3201 4024 3294 4079 τοῦ
3326 4021 3464 4078 εἶναι
3495 4025 3628 4078 θεὸν
3655 4026 3754 4078 καὶ

477 4119 728 4174 excludet
749 4118 819 4172 ab
848 4130 913 4172 eo
939 4116 1080 4182 quod
1111 4115 1184 4170 sit
1220 4114 1361 4170 Deus
1395 4123 1449 4170 et
1484 4113 1768 4173 Dominus.
2168 4117 2391 4190 Κύριον.

550 4211 612 4266 Β.
652 4209 918 4264 Caeterum
955 4208 1000 4262 si
1030 4222 1191 4261 unam
1222 4221 1339 4262 esse
1368 4206 1600 4262 dicimus
1635 4205 1753 4262 Filii
1783 4217 2057 4270 naturam,

2240 4211 2296 4263 Β.
2341 4211 2482 4263 Ἀλλ’
2521 4212 2569 4263 εἰ
2603 4211 2730 4281 μίαν
2758 4208 2896 4264 εἶναι
2944 4211 3106 4280 φύσιν
3142 4212 3272 4264 Υἱοῦ
3307 4229 3511 4282 φαμεν,
3552 4212 3655 4266 κάν
3705 4217 3759 4266 εἰ

481 4303 694 4358 tametsi
735 4301 1070 4370 intelligatur
1101 4300 1447 4366 incarnatus,
1492 4299 1860 4354 necessarium
1902 4299 2063 4369 plane

2169 4302 2341 4352 νοοῖτο
2400 4301 2840 4371 σεσαρκωμένος,
2891 4301 3041 4355 πᾶσά
3081 4319 3197 4366 πως
3237 4302 3450 4372 ἀνάγκη
3497 4302 3760 4370 γενέσθαι

480 4404 648 4451 estut
677 4392 1050 4449 confusionem
1091 4400 1147 4444 et
1195 4391 1479 4446 misturam
1523 4391 1720 4446 factam
1753 4391 1923 4446 fuisse
1955 4401 2064 4444 sta-

2171 4393 2386 4463 φυρμὸν
2438 4393 2722 4464 ὁμολογεῖν
2758 4396 2852 4448 καὶ
2900 4393 3226 4465 σύγκρασιν,
3265 4395 3761 4467 ύποκλεπτομένης

483 4499 720 4549 luamus,
751 4487 1004 4550 absorpta
1029 4483 1426 4551 quodammodo
1453 4483 1506 4536 in
1537 4483 1658 4552 ipso
1690 4483 1930 4536 humana
1962 4496 2062 4534 na-

2171 4484 2358 4555 ὦσπερ
2383 4486 2484 4556 τῆς
2507 4485 2795 4556 ἀνθρώπου
2826 4487 3041 4555 φύσεως
3071 4489 3130 4540 ὲν
3158 4487 3325 4558 αὐτῷ.
3359 4489 3423 4541 Τί
3449 4489 3558 4558 γὰρ
3595 4492 3627 4558 ή
3659 4490 3761 4542 ἁν-

483 4590 622 4634 tura.
650 4579 788 4643 Quid
825 4577 970 4630 enim
999 4584 1082 4629 est
1111 4577 1343 4630 humana
1378 4585 1576 4629 natura
1606 4588 1728 4628 cum
1763 4572 2064 4628 divinitatis

2054 4589 2064 4628 ι
2099 4625 2142 4652 n
2174 4575 2392 4648 θρώπου
2431 4577 2593 4646 φύσις
2621 4579 2759 4647 πρὸς
2787 4577 2884 4649 τὴν
2921 4581 3022 4650 τῆς
3051 4578 3306 4648 θεότητος
3346 4580 3653 4652 ὕπεροχήνς

479 4669 800 4729 excellentia
828 4667 1070 4722 collata?
2099 4625 2142 4678 θ

557 4761 715 4832 737
738 4759 804 4814 Α.
833 4758 1191 4815 Vehementer
1212 4757 1458 4828 profecto
1484 4755 1770 4824 imperitus
1788 4754 1948 4811 fuerit
1975 4759 2067 4828 qui

2245 4761 2308 4812 Α.
2335 4760 2589 4814 Μάλιστα
2622 4761 2740 4830 μὲν,
2777 4759 2822 4813 ὦ
2871 4761 3074 4830 ἑταῖρε,
3123 4761 3488 4833 περιττοεπὴς
3521 4765 3550 4816 ό
3582 4762 3766 4832 λέγων

485 4855 857 4911 confusionem
883 4865 936 4910 et
957 4855 1243 4908 misturam
1272 4849 1472 4906 factum
1514 4847 1684 4904 fuisse
1713 4849 1932 4906 dixerit.
1964 4851 2067 4908 Ne-

2172 4850 2389 4922 φυρμὸν
2415 4852 2666 4918 γενέσθαι
2696 4853 2788 4905 καὶ
2813 4851 3133 4922 σύγκρασιν.
3161 4853 3296 4906 Οὐδὲ
3324 4853 3422 4924 μία
3443 4855 3580 4925 πρὸς
3597 4855 3766 4924 ἡμῶν

485 4963 591 5016 que
620 4961 748 5001 vero
774 4961 940 5001 unam
980 4946 1179 4998 factam
1221 4956 1345 4996 esse
1390 4949 1642 4994 naturam
1685 4941 1980 5011 incarnati,
2009 4957 2066 4999 et

2169 4944 2489 5014 ὡμολόγητο
2526 4944 2691 5012 φύσις
2719 4945 3144 5015 σεσαρκωμένου
3175 4962 3235 4998 τε
3287 4946 3381 5000 καὶ
3406 4947 3765 5018 ὲνηνθρωπη-

487 5041 578 5111 qui
605 5041 658 5094 in
678 5039 1162 5106 bomineyersatus
1177 5041 1259 5086 est
1277 5030 1693 5087 declaravimus.
1714 5030 1898 5102 Neque
1918 5036 2064 5090 enim

2172 5036 2349 5099 κότος.
2381 5037 2456 5088 Οὐ
2489 5037 2598 5107 γὰρ
2644 5036 2711 5090 ἂν
2743 5036 2853 5108 ἔχοι
2879 5055 2963 5101 τις
2989 5037 3047 5104 ἐξ
3069 5039 3386 5107 ἀναγκαίων
3413 5056 3472 5092 τε
3504 5041 3597 5093 καὶ
3629 5041 3766 5111 ἀλη-

487 5131 776 5202 quisquam
797 5125 1123 5183 necessariis
1139 5132 1195 5177 et
1213 5123 1356 5178 veris
1372 5123 1702 5194 syllogismis
1727 5124 1781 5179 id
1809 5128 2065 5184 demons-

2175 5126 2283 5181 θῶν
2332 5127 2708 5198 συλλογισμῶν
2743 5131 3016 5184 ποιεῖσθαι
3047 5130 3147 5202 τὴν
3181 5131 3363 5197 δεῖξιν.
3411 5133 3550 5185 Ἀλλ’
3577 5135 3626 5186 εἰ
3663 5135 3767 5204 μὲν

494 5236 638 5279 trare
657 5231 836 5294 queat.
871 5217 978 5272 Sed
1003 5215 1048 5270 si
1065 5229 1216 5268 suam
1234 5213 1564 5270 voluntatem
1584 5217 1740 5272 nobis
1762 5216 1933 5287 legem
1952 5229 2066 5275 sta-

2174 5221 2338 5290 νόμον
2368 5221 2499 5291 ἡμῖν
2540 5221 2600 5274 τὸ
2649 5223 2847 5276 οἰκεῖον
2899 5225 3078 5277 ἱστᾶσι
3133 5224 3366 5296 θέλημα,
3394 5225 3764 5294 διελογίσαντο

494 5324 670 5381 luunt,
688 5311 974 5369 consilium
993 5305 1231 5360 inierunt
1253 5309 1394 5376 quod
1419 5308 1662 5364 stabilire
1687 5323 1794 5364 non
1815 5320 2063 5379 possunt.

2177 5311 2391 5384 βουλὴν,
2417 5314 2484 5385 ἢν
2513 5315 2574 5367 οὐ
2617 5314 2691 5385 μὴ
2717 5314 2984 5369 δύνωνται
3026 5317 3240 5387 στῆσαι.
3276 5317 3614 5390 Προσεκτέον
3653 5318 3767 5390 γὰρ

492 5403 890 5462 Adbaerendum
919 5399 1064 5453 enim
1102 5399 1258 5455 nobis
1291 5409 1405 5464 est,
1437 5415 1541 5456 non
1574 5403 1740 5471 ipsis,
1768 5402 1862 5456 sed
1898 5416 2069 5457 sacrae

2173 5407 2329 5476 ἡμῖν,
2359 5407 2457 5458 οὐκ
2479 5406 2711 5471 ἐκείνοις
2741 5408 2962 5478 μᾶλλον,
2991 5408 3127 5463 ἀλλά
3153 5414 3218 5482 τῇ
3250 5410 3595 5478 θεοπνεύστῳ
3625 5409 3768 5481 Γρα-

493 5499 808 5565 Scripturm.
837 5490 894 5546 Si
923 5504 1052 5546 vero
1083 5493 1416 5558 existimant,
1439 5495 1564 5564 quia
1585 5504 1777 5547 natura
1807 5495 2064 5557 humana,

2305 5464 2365 5550 liii
2391 5496 2448 5549 δὲ
2481 5495 2593 5550 δεῖν
2613 5464 2836 5560 οἴονται,
2859 5464 3039 5552 διὰΙτὸ
3061 5464 3218 5552 εἶναί.
3231 5499 3398 5570 μηδὲν
3429 5499 3528 5570 τὴν
3550 5464 3768 5569 ἀνθρώο

496 5591 540 5643 si
594 5602 717 5642 cum
759 5585 934 5639 divina
971 5585 1288 5641 excellentia
1327 5597 1688 5654 comparetur,
1741 5583 1872 5638 nihil
1906 5585 2068 5654 plane

2179 5603 2280 5638 που
2310 5588 2470 5656 φύσιν
2502 5587 2578 5650 ὡς
2614 5589 2750 5658 πρός
2779 5605 2841 5656 γε
2884 5589 2981 5660 τὴν
3009 5589 3157 5643 θείαν
3187 5591 3484 5662 ὑπεροχὴν,
3531 5589 3766 5658 ὑποκλὲέ

495 5692 598 5746 est,
641 5679 842 5735 idcirco
877 5681 1183 5750 absorptam
1229 5687 1393 5749 atque
1424 5679 1764 5746 absumptam
1798 5691 1954 5740 esse,
2005 5687 2063 5731 ut

2175 5679 2401 5732 πτεσθαί
2425 5697 2482 5732 τε
2514 5681 2606 5732 καὶ
2633 5680 2996 5750 δαπανᾶσθαι,
3020 5683 3162 5736 καθά
3195 5700 3357 5753 φασιν
3391 5683 3563 5749 αὐτοὶ,
3599 5681 3767 5736 πάλιν

565 5859 610 5894 ⁸⁸
635 5857 674 5914 ιι
701 5857 828 5914 Cur.
855 5874 928 5927 tv,
962 5856 1048 5912 l6.
1123 5857 1168 5890 "
1195 5855 1312 5912 Joel
1359 5855 1533 5922 11,28.
1584 5852 1627 5882 ³⁷
1691 5854 1843 5907 Deut.
1884 5871 1937 5919 κ,
1972 5857 2060 5910 2‘2.
