4050 6422
309 447 329 498 ι
343 443 450 499 29³

300 654 409 725 τὴν
439 651 671 721 δύναμιν
692 647 786 702 τοῦ
808 647 962 701 Θεοῦ.
987 665 1009 698 ο
1032 647 1109 699 Οὐ
1133 646 1240 718 γὰρ
1268 641 1338 717 ἦν
1363 645 1646 716 ἀμήχανον
1662 643 1741 714 τῷ
1765 643 1890 713 φιλ-

305 741 590 812 ανθρώπῳ
617 739 759 810 Θεῷ,
778 737 957 792 οἰστὸν
985 739 1180 792 ἑαυτὸν
1227 735 1509 806 ἀποφῆναι
1538 738 1650 799 τοῖς
1679 735 1781 806 τῆς
1801 737 1895 788 ἁν-

303 835 662 905 θρωπότητος
679 833 918 905 μέτροις,
934 831 1198 886 καὶτοῦτο
1213 832 1346 902 ἡμῖν
1358 833 1498 901 προῦ
1508 829 1898 899 πέφηεθεναίνιο

302 925 614 996 γματωδῶς
634 924 836 978 Μωσὲα
865 921 1263 992 μυσταγωγῶν,
1294 921 1390 975 καὶ
1415 919 1478 973 τὸ
1502 919 1602 988 τῆς
1627 919 1899 990 ὲνανθρω-

305 1019 536 1088 πήσεως
594 1015 897 1085 μυστήριον
947 1013 1023 1076 ὡς
1078 1015 1136 1064 ἐν
1190 1011 1379 1074 τύποις
1427 1009 1508 1063 ἔτι
1565 1009 1894 1080 ζωγραφῶν.

319 1107 686 1178 Ἐπεφοίτησε
718 1107 817 1178 μὲν
854 1105 964 1178 γὰρ
999 1106 1056 1158 ἐν
1085 1105 1217 1158 εῖδει
1260 1103 1435 1174 πυρὸς
1476 1103 1554 1174 τῷ
1586 1103 1732 1174 βάτῳ
1758 1101 1899 1156 κατὰ

304 1206 410 1278 τὴν
442 1205 650 1276 ἔρημον
681 1201 817 1274 (il),
855 1201 950 1255 καὶ
976 1201 1320 1270 ἐνήστραπτε
1357 1199 1458 1268 μὲν
1493 1197 1573 1267 τῷ
1609 1197 1801 1268 θάμνῳ
1837 1195 1901 1250 τὸ

308 1300 448 1370 πῦρ,
483 1297 624 1370 πλὴν
666 1296 728 1349 οὐ
760 1293 1103 1349 κατεκαίετο.
1131 1289 1459 1361 Τεθαύμακε
1484 1289 1542 1342 δὲ
1581 1289 1679 1360 τὴν
1707 1289 1900 1359 ὅρασιν

306 1396 336 1446 ὀ
368 1390 598 1461 Μωσῆς.
631 1388 828 1442 Καίτοι
857 1386 975 1450 πῶς
1001 1385 1102 1438 οὐκ
1122 1382 1436 1454 ἀσύμϐατον
1461 1380 1546 1452 εἴη
1577 1379 1643 1434 ἂν
1666 1380 1744 1451 τῷ
1765 1380 1902 1451 πυρὶ

305 1485 370 1537 τὸ
409 1483 603 1550 ξύλον;
635 1478 805 1550 Οίστὴ
835 1478 894 1532 δὶ
930 1479 1079 1541 ὅπως
1123 1478 1242 1540 ταῖς
1273 1475 1371 1545 τῆς
1401 1472 1599 1544 φλογὸς
1640 1471 1902 1542 ἐμϐολαῖς

310 1578 342 1645 ἡ
378 1574 834 1644 εὐκατάπρηστος
864 1569 990 1640 ὕλη.
1031 1561 1173 1621 Ἀλλ’
1206 1562 1296 1640 ἦν,
1322 1565 1399 1629 ὡς
1439 1566 1566 1634 ἔφη,
1597 1562 1900 1634 μυστηρίου

306 1668 372 1721 τὸ
409 1669 597 1740 χρῆμα
641 1664 830 1728 τύπος,
856 1662 1041 1734 οίστὴν
1087 1660 1482 1730 ἀποφαίνοντος
1519 1660 1631 1720 τοῖς
1652 1656 1754 1727 τῆς
1801 1657 1902 1710 ἀνα

310 1760 665 1832 Ορωπότητος
691 1757 910 1828 μέτροις
932 1755 1031 1825 τὴν
1069 1753 1220 1807 θείαν
1245 1751 1338 1804 τοῦ
1369 1751 1545 1819 Λόγου
1585 1747 1771 1818 φύσιν,
1804 1747 1904 1800 αύ-

310 1851 410 1903 τοῦ
467 1867 532 1918 γε
584 1848 892 1910 ἐθέλοντος·
947 1846 1200 1899 ἀδυνατεῖ
1257 1843 1368 1913 γὰρ
1421 1839 1572 1911 αὐτῷ
1619 1838 1901 1904 παντελῶς

311 1943 490 1996 οὐδέν.

392 2035 451 2088 Β.
495 2035 583 2098 Ὡς
613 2027 674 2086 εὖ
718 2029 828 2085 ἴσθι
854 2048 960 2095 τοι,
1004 2030 1079 2101 μὴ
1119 2029 1184 2084 ἂν
1216 2028 1434 2082 ἑλέσθαι
1469 2025 1537 2080 τὰ
1560 2024 1652 2078 ἶσα
1690 2027 1906 2097 φρονεῖν

315 2130 381 2180 αὖ
389 2128 514 2190 τοὺς
543 2127 738 2190 ἄλλως.

391 2223 458 2273 Α.
503 2220 698 2271 Ἔσται
732 2217 910 2272 τοίνυν
935 2217 1031 2270 καὶ
1075 2215 1462 2286 ἀναμφιλόγως
1480 2217 1630 2280 υἱοὺς
1653 2216 1784 2286 ἡμῖν
1815 2213 1909 2267 δύο

312 2313 415 2368 καὶ
443 2311 701 2383 χριστοὺς
741 2312 769 2364 6
815 2310 954 2381 πρὸς
991 2308 1174 2362 αὐτῶν
1215 2307 1534 2378 πρεσϐεύων
1565 2308 1743 2377 λόγος.

388 2403 452 2456 Β.
486 2400 590 2454 Δύο
629 2399 749 2471 μὲν,
795 2400 950 2470 οὐχίο
987 2399 1120 2469 φασὶ
1167 2399 1353 2461 δὲ,ὄτι
1399 2392 1480 2462 εἷς
1529 2398 1630 2468 μέν
1680 2399 1830 2450 ἐστιν
1879 2395 1909 2446 6

313 2491 462 2546 κατὰ
499 2489 661 2560 φύσιν
701 2490 851 2552 Υἱὸς,
882 2492 912 2543 6
962 2491 1028 2542 ἐκ
1071 2488 1210 2542 Θεοῦ
1255 2488 1473 2560 Πατρός
1519 2488 1724 2556 Λόγος·
1779 2489 1808 2539 6
1851 2486 1908 2539 δὲ

313 2581 568 2653 ληφθεὶς.
609 2579 896 2650 ἄνθρωπος
930 2580 1031 2650 μὲν
1057 2581 1172 2632 ἐστι
1232 2577 1391 2647 φύσει
1424 2578 1519 2632 τοῦ
1556 2579 1742 2642 Δαϐὶδ,
1781 2578 1908 2641 Υἱὸς

313 2673 375 2724 δὲ
415 2671 507 2725 τοῦ
543 2670 700 2737 Θεοῦ,
726 2672 814 2725 διὰ
844 2671 904 2724 τὸ
925 2670 1248 2741 ἀνειλῆφθαι
1289 2671 1396 2724 ὑπὸ
1424 2671 1518 2724 τοῦ
1545 2669 1680 2724 Θεοῦ
1707 2671 1906 2740 Λόγου,

314 2764 378 2828 ὃς
416 2763 506 2817 διὰ
533 2762 595 2816 τὸ
622 2763 1005 2834 κατῳκηκέναι
1035 2765 1092 2816 ἐν
1129 2762 1278 2833 αὑτῷ
1308 2765 1400 2817 τὸν
1439 2762 1572 2816 Θεὸν
1597 2763 1790 2832 Λόγον,
1829 2765 1909 2827 είς

315 2855 526 2922 ταύτην
564 2850 705 2926 ,ἦλθε
751 2854 850 2923 τὴν
883 2854 1064 2921 ἀξίαν,
1115 2854 1209 2908 καὶ
1254 2855 1437 2924 χάριτι
1485 2855 1586 2926 τὴν
1637 2854 1910 2909 υἱοθεσίαν

317 2948 459 3016 ἔχει.

393 3041 457 3092 Λ.
492 3033 630 3092 Εἶτα
662 3038 789 3091 ὅποι
819 3037 952 3091 ποτὲ
984 3037 1073 3091 νοῦ
1103 3037 1195 3091 καὶ
1227 3037 1423 3110 φρενὸς
1455 3039 1585 3092 ἴοιεν
1617 3037 1683 3092 ἂν
1707 3037 1755 3090 οἱ
1782 3037 1908 3106 τῇδε

317 3131 668 3198 δοξάζοντες;
737 3130 808 3182 Ἦ
858 3129 976 3192 πῶς
1021 3131 1081 3182 οὺ
1137 3131 1302 3184 δυάδα
1342 3132 1506 3200 φασὶν
1567 3129 1720 3192 υίῶν,
1776 3130 1911 3183 ἀπο-

315 3226 622 3288 διίστάντες
659 3223 908 3295 ἀλλήλων
949 3223 1237 3295 ἄνθρωπον
1270 3226 1363 3278 καὶ
1400 3225 1565 3287 Θεόν;
1594 3224 1766 3294 Εἴπερ
1792 3224 1909 3276 ἐστὶ

317 3320 442 3372 κατ’
475 3319 695 3382 αὐτοὺς,
717 3319 746 3370 6
774 3317 874 3386 μὲν
900 3317 1060 3385 φύσει
1089 3317 1181 3370 καὶ
1209 3316 1446 3384 ἀληθῶς,
1478 3319 1505 3368 ὁ
1526 3315 1784 3385 δὲχόῳιτι
1807 3315 1907 3386 τὴν

318 3410 596 3466 υἱοθεσίαν
637 3409 799 3480 ἔχων,
829 3409 926 3463 καὶ
954 3410 1033 3472 είς
1068 3407 1274 3482 ταύτην
1303 3404 1433 3478 ἦλθε
1474 3407 1571 3477 τὴν
1620 3406 1797 3472 ἀξίαν,
1831 3406 1909 3469 ὼς

317 3503 658 3566 ἐνοικοῦντος
708 3501 858 3573 αὐτῷ
901 3500 996 3554 τοῦ
1048 3500 1257 3568 Λόγου;
1299 3496 1425 3570 ’Ἆρ’
1463 3495 1555 3552 οὖν
1587 3498 1700 3569 ἕχει
1747 3515 1800 3551 τι
1847 3498 1910 3551 τὸ

321 3595 510 3667 μεῖζον
542 3597 571 3648 6
611 3596 733 3648 καθ’
772 3595 937 3666 ἡμᾶς,
974 3593 1314 3657 ἐναυλίζεται
1359 3593 1469 3661 γὰρ
1503 3593 1599 3645 καὶ⁵
1632 3594 1764 3663 ἡμῖν
1812 3591 1910 3644 αύ-

317 3688 456 3752 τοῖς,
493 3685 589 3739 καὶ
616 3685 751 3754 πρός
777 3701 842 3751 γε
871 3682 1029 3735 τοῦτο
1058 3683 1206 3752 ἡμᾶς
1245 3681 1469 3752 ὲμπεδοῖ
1492 3680 1666 3749 λέγων
1692 3684 1719 3735 ὁ
1747 3680 1910 3752 ἱερώ-

316 3795 482 3842 τατος
522 3777 769 3839 Παῦλοςο
809 3794 831 3828 ι
877 3774 1082 3828 Τούτου
1123 3774 1287 3845 χάριν
1315 3774 1553 3844 κάμπτω
1597 3771 1670 3826 τὰ
1707 3773 1912 3841 γόνατά

320 3886 428 3942 μου
458 3870 596 3940 πρὸς
629 3869 722 3921 τὸν
749 3869 970 3939 Πατέρα
999 3866 1093 3920 τοῦ
1117 3867 1324 3939 Κυρίου
1364 3866 1522 3938 ἡμῶν
1561 3866 1735 3936 Ἰησοῦ
1766 3867 1905 3936 Χρι-

319 3961 472 4025 στοῦ,
523 3961 582 4027 ἐξ
627 3954 689 4013 οὗ
732 3961 885 4015 πᾶσα
927 3958 1135 4029 πατριὰ
1174 3959 1233 4011 ἐν
1271 3958 1488 4028 οὐρανῷ
1526 3958 1621 4012 καὶ
1677 3960 1770 4013 ἐπὶ
1805 3958 1911 4026 γῆς

315 4053 672 4124 ὀνομάζεται,
701 4051 787 4105 ἵνα
821 4050 897 4120 δῷ
925 4049 1054 4120 ὑμῖν
1082 4049 1227 4103 κατά
1247 4050 1339 4102 τὸν
1359 4048 1588 4102 πλοῦτον
1625 4049 1726 4119 τῆς
1750 4049 1911 4120 δόξης

315 4140 510 4204 αὐτοῦ,
538 4141 768 4211 δυνάμει
803 4133 1212 4210 κραταιωθῆναι
1239 4137 1328 4190 διὰ
1356 4138 1451 4190 τοῦ
1475 4136 1614 4190 Πνεύ
1623 4155 1792 4208 ματος
1816 4139 1909 4190 αὐ-

317 4233 440 4298 τοῦ,
477 4232 806 4303 κατοικῆσαι
822 4232 914 4287 τὸν
937 4229 1176 4301 Χριστὸν
1195 4230 1253 4282 ὲν
1275 4231 1397 4292 ταῖς
1427 4228 1676 4298 καρδίαις
1697 4228 1904 4300 ὑμῶν.»

331 4330 426 4382 Ἐν
457 4327 589 4396 ἡμῖν
615 4325 726 4395 γάρ
758 4325 876 4377 ἐστι
893 4322 983 4377 διὰ
1002 4321 1098 4375 τοῦ
1112 4321 1460 4392 Πνεύματος,
1483 4341 1512 4372 ι
1535 4322 1594 4373 ὲν
1621 4315 1667 4390 ᾧ
1703 4322 1910 4393 κράζο-

326 4432 449 4492 μεν’
478 4416 651 4470 ’Λὸὁᾶ
676 4416 704 4468 6
734 4413 1200 4486 Πατήρ.›οὐκοῦν
1233 4413 1353 4466 κατ’
1378 4412 1570 4466 οὐδένα
1595 4413 1797 4484 τρόπον
1823 4415 1906 4487 εεη

320 4514 389 4565 ἂν
415 4508 486 4563 τὰ
518 4507 642 4561 καθ’
667 4507 815 4577 ἡμᾶς
841 4508 900 4559 ἔν
940 4505 1170 4576 μείοσιν,
1207 4506 1256 4557 εί
1297 4504 1403 4557 τῶν
1439 4505 1571 4558 ῐσων
1606 4504 1908 4577 ὴξωύμεθα

321 4599 476 4670 παρὰ
508 4597 605 4652 τοῦ
637 4596 772 4651 Θεοῦ
815 4595 909 4650 καὶ
959 4597 1191 4666 Πατρός.
1229 4595 1430 4665 Χάριτι
1461 4596 1569 4666 γὰρ
1611 4597 1704 4649 καὶ
1746 4599 1909 4668 ἡμεῖς
1933 4621 1988 4682 D

323 4691 434 4744 uici.
472 4690 567 4743 καὶ
616 4687 748 4743 θεοί.
795 4687 1165 4760 Ἑνηνεγμεθα
1197 4687 1254 4739 δὲ
1307 4686 1526 4751 πάντως
1564 4689 1651 4750 εἰς
1706 4688 1909 4757 ταύτην

321 4783 426 4852 τὴν
459 4781 718 4853 ὑπερφυᾶ
745 4780 844 4832 καὶ
870 4778 1330 4850 τεθαυμασμένην
1357 4778 1538 4844 ἀξίαν,
1582 4778 1657 4842 ὡς
1684 4779 1908 4833 ἔναυλον

322 4872 542 4943 ἔχοντες
579 4871 670 4925 τὸν
716 4872 980 4942 μονογενῆ
1023 4871 1118 4925 τοῦ
1151 4871 1291 4924 Θεοῦ
1324 4869 1520 4938 Λόγον.
1568 4872 1806 4926 Ἀνόσιον
1851 4873 1908 4926 δὲ

322 4961 421 5015 καὶ
452 4962 804 5034 ἀπόπληκτον
837 4962 1138 5025 παντελῶς,
1166 4962 1225 5016 τὸ
1275 4961 1541 5032 ἠξιῶσθαι
1588 4961 1766 5031 λέγειν
1807 4965 1907 5017 αὑ-

318 5052 452 5115 τοὺς
484 5055 582 5122 τῆς
628 5051 900 5116 υἱοθεσίας
930 5052 1024 5106 τὸν
1069 5050 1302 5120 Ἰησοῦν,
1352 5051 1448 5105 καὶ
1494 5052 1570 5115 ὡς
1597 5054 1653 5106 ὲν
1685 5054 1906 5125 χάριτος

323 5144 494 5214 μοίρᾳ
517 5142 617 5215 τὴν
645 5144 736 5197 ἐπὶ
767 5143 902 5215 τῷδε
923 5144 1080 5209 δόξαν
1097 5143 1265 5200 ἑλεῖν.

396 5239 458 5293 Β.
486 5239 730 5310 Φράσα-ις
758 5238 825 5295 ἂν
844 5240 1021 5304 ὅπως.

394 5332 459 5384 Α.
503 5331 611 5384 Καὶ
639 5329 803 5401 μάλα.
837 5331 1068 5401 πρῶτον
1099 5331 1198 5401 μὲν
1246 5331 1377 5401 γὰρ,
1409 5330 1484 5394 ὡς
1526 5329 1685 5398 ἔφην,
1720 5327 1906 5398 ἕτερος

392 5511 439 5542 ⁸⁸
475 5509 664 5563 Matth.
719 5523 856 5571 ml,
887 5507 978 5562 ἓξ).
1053 5509 1099 5538 "
1143 5509 1311 5563 Exod.
1348 5525 1431 5573 ιιι,
1461 5510 1498 5562 2
1535 5525 1688 5578 seqq.

1440 433 1628 500 nunc
1665 431 1856 489 UNUS
1895 425 2001 486 SIT
2039 427 2405 489 CHRISTUS.

299 561 564 630 ἐροῦμενο
595 576 615 610 t
661 553 970 618 Πλανᾶσθε,
1009 554 1082 627 μὴ
1109 553 1312 616 ειδότες
1340 553 1439 616 τὰς
1459 553 1504 608 Γ
1512 552 1708 622 ραφὰς,
1755 550 1895 621 μηδὲ

2008 552 2098 622 ipsi
2162 553 2381 620 volunt,
2441 553 2638 608 iterum
2709 536 3215 623 respondebimus:

3442 440 3582 497 1291

3297 574 3315 606 ι
3373 555 3582 613 Erratis

2001 643 2304 702 nescientes
2355 642 2688 712 Scripturas,
2742 659 2915 713 neque
2962 645 3256 712 potentiam
3318 645 3506 702 Dei“.
3556 667 3575 701 ι

1999 733 2183 804 Neque
2206 735 2351 790 enim
2391 744 2510 790 eral.
2544 734 2759 791 diilicile
2789 737 3175 807 benignissimo
3202 736 3309 792 Deo
3343 739 3584 808 gestabi-

2000 825 2105 880 lem
2134 841 2198 882 ac
2229 826 2561 882 tolerabilem
2594 843 2654 884 se
2676 828 2920 896 praebere
2960 830 3211 884 humanae
3241 830 3579 896 conditioni;

2000 928 2162 988 atque
2226 920 2327 974 hoc
2374 920 2590 990 quidem
2657 920 2812 975 nobis
2874 920 3097 991 ﬁgurate
3142 922 3625 1005 prmsigniticavit.

2001 1010 2183 1066 Mosen
2214 1011 2508 1078 instruens,
2539 1021 2594 1068 et
2621 1014 3013 1069 incarnationis
3058 1015 3376 1083 mysterium
3417 1014 3580 1069 veluti

2001 1103 2056 1158 in
2099 1105 2242 1175 typis
2279 1106 2459 1160 adhuc
2512 1114 2677 1176 atque
2720 1107 2926 1163 umbris
2982 1107 3310 1166 describens.
3348 1106 3582 1162 Immisit

2001 1196 2145 1252 enim
2173 1211 2234 1253 se
2258 1196 2313 1251 in
2341 1197 2522 1254 forma
2549 1199 2688 1266 ignis
2717 1199 2852 1254 rubo
2879 1199 2933 1253 in
2958 1200 3192 1254 deserto.
3239 1198 3416 1268 Atque
3445 1199 3583 1268 ignis

2003 1288 2222 1358 quidem
2259 1290 2316 1345 in
2368 1289 2506 1346 rubo
2533 1290 2822 1358 emicabat,
2858 1305 3032 1360 neque
3087 1301 3264 1346 tamen
3315 1292 3586 1346 adureba-

2004 1389 2114 1436 tur.
2157 1380 2438 1438 Attonitus
2494 1380 2597 1436 fuit
2634 1381 2752 1451 eius
2807 1382 2888 1436 rei
2942 1382 3251 1450 spectaculo
3281 1379 3492 1450 Moyses
3513 1379 3583 1434 θ’.

2003 1473 2168 1542 Atqui
2203 1488 2311 1544 quo
2339 1481 2496 1543 pacto
2518 1488 2628 1529 non
2655 1481 2784 1544 agat
2816 1473 2957 1542 ignis
2987 1473 3041 1526 in
3085 1472 3337 1543 lignum?
3363 1472 3586 1528 Materia

2005 1575 2184 1623 tamen
2217 1581 2338 1636 quae
2363 1567 2522 1623 facile
2563 1566 2817 1623 succendi
2847 1574 3027 1635 potest
3054 1563 3285 1621 ﬂammae
3321 1564 3432 1619 vim
3468 1578 3590 1632 per-

2005 1659 2146 1714 tulit.
2200 1658 2470 1715 Caeterum
2523 1668 2662 1725 erat,
2719 1669 2780 1714 ut
2836 1659 2982 1726 dixi,
3041 1674 3131 1714 res
3184 1658 3298 1713 hac
3347 1657 3588 1728 mysterii

2006 1750 2384 1815 adumbratio,
2433 1752 2719 1807 declarans
2771 1750 3108 1807 tolerabilem
3169 1751 3287 1806 [ore
3340 1751 3592 1805 humanae

2008 1841 2364 1897 imbecillitati
2410 1843 2646 1898 divinam
2697 1843 2856 1898 Verbi
2897 1851 3180 1907 naturam,
3208 1845 3326 1914 ipso
3372 1843 3446 1898 ita
3490 1857 3590 1898 vo-

1933 1930 1980 1985 ‘B
2010 1935 2176 1990 lente.
2215 1933 2364 1990 Nihil
2392 1938 2538 1990 enim
2575 1935 2678 2006 ipsi
2707 1948 2791 1992 est
2817 1936 3170 2005 impossibile.

2079 2023 2144 2079 Β.
2186 2024 2358 2093 Quam
2389 2037 2538 2082 recte
2567 2027 2707 2082 nosti
2737 2027 2856 2082 illos
2885 2026 2961 2081 ita
2987 2029 3193 2082 sentire
3229 2028 3411 2084 nolle!

2081 2209 2148 2262 Α.
2208 2207 2354 2264 Duos
2405 2209 2587 2280 itaque
2640 2208 2825 2278 procul
2875 2209 3037 2264 dubio
3101 2207 3282 2277 ﬁlios,
3343 2217 3399 2265 et
3451 2209 3588 2265 duos

2010 2303 2248 2358 christos
2273 2302 2486 2357 illorum
2516 2315 2698 2356 sermo
2727 2301 2885 2358 nobis
2917 2301 3196 2372 pradicet.

2081 2393 2144 2447 Β.
2184 2394 2330 2449 Duos
2363 2392 2607 2462 quidem,
2649 2407 3019 2462 nequaquam.
3061 2391 3228 2448 Aiunt
3260 2405 3390 2447 vero
3425 2406 3591 2446 unum

2011 2484 2228 2554 quidem
2281 2497 2401 2538 esse
2439 2483 2734 2539 secundum
2776 2494 3024 2537 naturam
3071 2481 3306 2549 Filium,
3353 2481 3592 2538 Verbum

2011 2590 2076 2629 ex
2105 2577 2213 2630 Deo
2242 2574 2404 2630 Patre
2432 2593 2446 2631 :
2473 2589 2596 2629 eum
2625 2584 2803 2628 autem
2848 2576 2938 2644 qui
2983 2585 3294 2644 assumptus
3337 2584 3420 2630 est
3442 2615 3456 2639 ,
3492 2576 3591 2629 ho-

2012 2667 2213 2721 minem
2247 2667 2464 2736 quidem
2496 2679 2616 2720 esse
2642 2675 2834 2720 natura
2869 2666 3068 2732 David,
3099 2667 3194 2722 Dei
3238 2681 3368 2722 vero
3397 2666 3592 2721 Filium

2011 2758 2134 2813 ideo
2163 2759 2304 2828 quod
2333 2773 2364 2811 a
2393 2758 2574 2813 Verbo
2604 2759 2701 2814 Dei
2735 2768 3046 2828 assumptus
3070 2759 3160 2822 sit,
3192 2767 3248 2814 et
3283 2759 3408 2827 quia
3447 2759 3599 2813 inha-

2010 2851 2200 2905 bitavit
2249 2851 2303 2904 in
2353 2850 2470 2919 ipso
2509 2850 2748 2906 Verbum
2795 2849 2922 2916 Dei,
2973 2851 3219 2906 eamdem
3275 2851 3593 2921 dignitatem

2012 2951 2338 2998 consecutus
2374 2950 2478 3005 est,
2509 2949 2565 2996 et
2597 2941 2763 2996 Filius
2788 2956 2888 3010 per
2917 2942 3146 3011 gratiam
3179 2950 3284 2996 est.

2083 3035 2149 3088 A.
2189 3035 2388 3102 Atquo
2429 3042 2585 3102 pacto
2609 3049 2715 3088 non
2751 3034 2865 3087 sint
2913 3042 3110 3088 eota:
3164 3033 3362 3088 mentis
3389 3033 3480 3102 qui
3519 3033 3594 3087 ita

2013 3125 2297 3182 statuunt?
2325 3133 2419 3180 aut
2440 3126 2712 3194 quomodo
2742 3139 2848 3179 nou
2881 3125 3018 3181 duos
3054 3125 3193 3180 ﬁlios
3227 3127 3471 3192 faciunt,
3507 3141 3597 3182 se-

2013 3228 2268 3289 paramus
2303 3217 2446 3272 inter
2478 3231 2538 3270 se
2577 3217 2849 3272 hominem
2871 3224 2930 3270 et
2950 3216 3162 3272 Deum?
3190 3217 3470 3286 Siquidem
3511 3227 3598 3274 est

2011 3322 2078 3361 ex
2128 3308 2370 3376 ipsorum
2423 3305 2692 3360 seMeutia
2731 3304 2824 3358 hic
2858 3305 3075 3375 quidem
3125 3316 3318 3361 natura
3358 3322 3422 3363 ac
3470 3321 3597 3363 vere

2011 3399 2205 3461 Filius,
2250 3399 2338 3452 hic
2371 3411 2503 3452 vero
2552 3411 2648 3466 per
2695 3395 3042 3465 adoptionem
3091 3398 3283 3454 eadem
3334 3401 3599 3470 dignitate

2013 3492 2270 3561 praeditus
2313 3497 2438 3556 est‘,
2505 3499 2692 3560 utpote
2742 3490 3085 3546 inhabitants
3138 3492 3314 3561 ipsum
3379 3491 3598 3549 Verbo?

2012 3582 2186 3637 Habet
2212 3581 2399 3652 itaque
2423 3581 2632 3650 aliquid
2658 3581 2894 3650 amplius
2923 3581 3095 3637 nostri
3123 3581 3341 3639 similis.
3373 3583 3598 3640 inhabi-

2016 3683 2094 3730 tat
2140 3675 2285 3729 enim
2322 3674 2487 3728 etiam
2531 3674 2584 3726 in
2621 3673 2959 3744 nobisipsis.
3013 3672 3166 3740 Quod
3213 3683 3269 3731 et
3309 3675 3602 3732 conﬁrmat

2013 3765 2416 3822 sacratissimus
2441 3762 2642 3818 Paulus
2663 3763 2846 3818 dicens
2871 3778 2884 3814 :
2911 3763 3078 3832 13a
3099 3764 3303 3833 «Hujus
3321 3767 3399 3819 rei
3413 3771 3597 3834 gratia

2013 3860 2172 3914 flecto
2233 3871 2405 3927 genua
2453 3869 2582 3909 mea
2615 3854 2682 3908 ad
2725 3851 2944 3908 Patrem
3001 3853 3217 3908 Domini
3266 3859 3436 3911 nostri
3469 3855 3599 3913 Jesu

2011 3949 2236 4012 Christi,
2284 3963 2351 4002 ex
2395 3960 2504 4014 quo
2531 3945 2708 4000 omnis
2756 3944 3064 4013 putem-itas
3113 3946 3172 4000 in
3230 3947 3386 4004 oculis
3427 3959 3484 4004 et
3539 3951 3596 4006 in

2013 4051 2158 4095 terra
2203 4039 2534 4103 nominatur,
2576 4044 2636 4090 ut
2675 4037 2772 4090 det
2820 4037 2974 4092 vobis
3029 4039 3326 4094 secundum
3369 4041 3598 4098 divitias

2012 4132 2196 4204 glorias
2222 4145 2356 4194 suae,
2388 4129 2588 4183 virtute
2627 4127 2972 4184 corroborari
2995 4143 3097 4198 per
3131 4130 3405 4202 Spiritum
3451 4137 3594 4206 eius,

2014 4223 2261 4277 habitare
2286 4219 2564 4275 Christum
2599 4217 2654 4272 in
2697 4219 2952 4274 cantibus
2975 4223 3181 4278 nostris
3213 4224 3254 4277 ³.
3293 4245 3315 4279 ι
3341 4223 3399 4281 ln
3439 4229 3596 4284 nobis

2011 4315 2154 4370 enim
2188 4322 2272 4369 est
2308 4326 2403 4383 per
2429 4309 2746 4381 Spiritum:
2783 4308 2838 4365 in
2891 4327 3002 4382 quo
3039 4313 3381 4372 clamamus:
3417 4320 3595 4383 Abba,

2013 4407 2176 4460 Pater
2195 4406 2241 4456 ⁵.
2289 4421 2309 4454 ι
2357 4400 2512 4456 Nulla
2560 4401 2744 4470 itaque
2795 4402 3007 4459 ratione
3055 4404 3261 4461 eri-mus
3307 4407 3598 4464 inferiores

2010 4501 2176 4556 etiam
2209 4512 2339 4562 nos,
2365 4497 2633 4566 siquidem
2677 4497 2817 4552 Deus
2842 4511 2907 4551 ac
2935 4495 3100 4552 Pater
3136 4513 3233 4554 nos
3283 4500 3473 4554 iisdem
3507 4518 3596 4556 re-

2011 4594 2114 4649 bus
2143 4592 2401 4660 «ignauus
2441 4597 2551 4644 est.
2587 4587 2727 4642 Nam
2767 4598 2824 4643 et
2855 4605 2960 4646 nos
2993 4604 3090 4658 per
3121 4591 3352 4658 gratiam
3405 4609 3595 4648 stnnus

2007 4683 2109 4739 ‘ﬂlii
2149 4683 2322 4739 etdii.
2349 4679 2621 4736 Translata
2654 4695 2819 4751 porro
2845 4696 3042 4736 sumus
3079 4685 3304 4738 omnino
3349 4686 3415 4739 ad
3443 4699 3595 4739 eam-

2015 4781 2139 4834 dem
2215 4777 2361 4832 illam
2409 4775 2918 4844 supereminentem
2985 4785 3150 4845 atque
3217 4779 3593 4834 admirandam

2006 4871 2355 4940 dignitatem,
2394 4875 2582 4937 utpote
2619 4867 2967 4923 «inhabitants
3019 4869 3074 4923 in
3128 4869 3283 4926 nobis
3318 4871 3595 4940 unigenit-o

2014 4963 2108 5017 Dei
2140 4962 2337 5017 Verbo.
2377 4960 2601 5030 lmpium
2636 4974 2765 5014 vero
2791 4951 2851 5015 et
2895 4960 3189 5016 absurdum
3233 4975 3460 5031 prorsus
3486 4963 3595 5018 itte-

2015 5055 2086 5109 rit
2116 5053 2298 5108 dicere
2337 5051 2590 5121 dignatus
2624 5065 2756 5106 esse
2797 5065 2907 5106 nos
2947 5050 3134 5106 Jesum
3183 5051 3480 5118 liliatione,
3528 5067 3596 5108 ac

2017 5146 2178 5202 veluti
2199 5159 2300 5214 per
2321 5144 2550 5215 gratiam
2590 5145 2738 5200 hunc
2765 5145 3025 5200 honorem
3045 5146 3349 5217 accepisse.

2085 5239 2146 5293 Β.
2191 5237 2289 5293 Dic
2327 5236 2620 5307 quomodo.
3292 5225 3297 5228 ’
3358 5301 3364 5307 _

2085 5328 2153 5382 Λ.
2193 5324 2400 5383 Dicam.
2424 5326 2666 5382 Primum
2700 5329 2872 5396 enim,
2907 5338 2967 5384 ut
3008 5329 3143 5396 dixi,
3173 5329 3420 5385 diversus
3447 5329 3596 5384 casi-

1768 5508 1782 5537 ‘
1817 5507 2013 5575 Ephes.
2066 5521 2145 5570 Ill,
2186 5506 2376 5561 14-10.
2455 5509 2473 5539 '
2505 5504 2683 5560 Galat.
2715 5519 2790 5570 ιν,
2823 5503 2879 5560 6.

1562 5687 1710 5743 BON.
1754 5685 2080 5743 VULCANII
2119 5684 2351 5742 NOTiﬁ.

399 5863 513 5931 (ιι)
550 5862 780 5935 Cyrillus
807 5861 1088 5934 Glaphyrt's
1130 5862 1186 5916 in
1222 5861 1464 5916 Exodum
1497 5879 1616 5933 cap.
1647 5865 1702 5927 5,
1736 5863 1786 5916 id
1817 5863 1976 5918 latius
2000 5861 2255 5933 explicat.
