4050 6420
477 432 616 490 ίξῦὅ

1508 424 1566 477 S.
1603 420 1882 477 CYRILLI
1923 416 2397 476 ΑιεΧΑΝυιυΝι
2435 420 2760 479 ARCHIEP.

3602 423 3738 480 i296

476 563 629 608 stens
694 548 986 617 separatim
1038 546 1206 600 Filius
1255 553 1306 598 et
1354 545 1608 599 Christus
1663 554 1719 600 et
1765 543 2056 610 Dominus,

2183 543 2236 598 iw
2278 545 2460 608 ίδικῶς
2513 544 2638 606 Υἱὸς
2667 545 2763 597 καὶ
2788 542 3020 613 Χριστὸς
3062 542 3154 595 καὶ
3187 540 3411 612 Κύριος,
3452 545 3602 614 παρά
3644 543 3740 596 τὸν

477 652 674 712 pneter
703 641 851 694 illum
889 641 984 708 qui
1024 652 1151 690 vere
1181 646 1236 691 et
1276 635 1572 690 secundum
1615 644 1900 701 naturam,
1929 635 2056 690 hinc

479 737 829 805 intelligatur.
869 731 1138 786 Praeterea
1167 729 1307 783 aliud
1338 729 1502 783 etiam
1537 727 1832 782 absurdum
1863 740 2059 784 conse-

479 831 684 899 quitur,
716 825 988 894 rectisque
1013 819 1522 876 ratiocinationibus
1551 831 1877 889 repugnans.

551 1007 610 1059 B.
651 1001 920 1070 Quidnam
942 1001 966 1054 ?

547 1095 613 1150 Δ.
659 1091 1105 1163 Sapientissimus
1152 1085 1393 1142 Joannes
1452 1084 1520 1140 de
1569 1082 1787 1141 Christo
1833 1081 2054 1152 inquit:

485 1207 503 1240 ι
539 1186 594 1241 In
647 1185 864 1257 propria
913 1181 1093 1246 venit,
1145 1189 1202 1234 et
1255 1177 1339 1233 sui
1383 1191 1507 1232 eum
1557 1189 1665 1231 non
1715 1182 2056 1244 receperunt.

481 1280 760 1348 Quotquot
793 1284 972 1330 autem
1009 1279 1333 1342 receperunt
1357 1283 1502 1334 eum,
1533 1267 1681 1323 dedit
1708 1265 1788 1321 eis
1821 1273 2060 1335 potesta-

483 1381 588 1427 tem
620 1369 762 1424 ﬁlios
810 1367 904 1421 Dei
940 1364 1057 1418 ﬁeri
1089 1362 1130 1416 ³.
1177 1379 1196 1414 ι
1228 1359 1331 1425 Qui
1372 1373 1502 1427 ergo
1529 1371 1624 1426 per
1649 1355 1887 1426 gratiam
1925 1355 2062 1408 ﬁlia-

483 1466 684 1518 tionem
745 1467 1070 1515 consecutus
1121 1461 1240 1518 est,
1292 1461 1347 1506 et
1402 1449 1692 1504 ascititiam
1748 1446 2062 1516 dignitatem

483 1555 710 1620 adeptus
743 1557 827 1604 est
875 1560 996 1602 esse
1031 1544 1085 1598 id
1133 1542 1277 1614 quod
1329 1549 1432 1607 est,
1482 1536 1886 1610 largietur-aliis
1919 1534 2063 1605 quod

487 1644 602 1713 ipse
638 1655 782 1711 σιεγε
809 1649 1002 1694 nactus
1051 1645 1152 1692 est.
1185 1636 1379 1690 Annon
1428 1631 1524 1687 tibi
1572 1631 1626 1685 id
1661 1629 2063 1686 dissentaneum

483 1749 612 1790 vero
647 1730 928 1787 videatur?

555 1828 615 1882 Β.
648 1826 902 1881 Omnino.

2162 632 2336 704 ἀληθῆ
2368 649 2428 686 τε
2458 633 2553 688 καὶ
2594 633 2735 686 κατά
2763 632 2945 702 φύσιν,
2992 633 3150 685 νοοίτ’
3185 632 3251 684 ἂν
3297 629 3568 685 ἐντεῦθεν.
3608 627 3742 685 Εἶτα

2163 722 2299 791 πρὸς
2342 721 2540 791 τούτῳ,
2569 722 2665 774 καὶ
2694 720 2880 791 ἕτερόν
2916 737 2970 772 τι
3008 718 3116 772 τῶν
3148 720 3446 790 ἀμηχάνων
3477 721 3740 792 είσκρίνι-

2161 831 2272 878 ται,
2304 815 2399 868 καὶ
2423 818 2535 878 τοῖς
2555 816 2637 878 είς
2665 814 2935 886 ὀρθότητα
2961 814 3242 886 λογισμοῖς
3271 817 3372 870 οῦκ
3403 817 3746 882 ἀπεοικότως

2162 906 2638 978 ἀπανιστάμενον.

2235 998 2295 1052 Β.
2335 997 2409 1052 Τὸ
2437 999 2588 1052 ποῖόν
2613 1018 2665 1054 τι
2700 1001 2842 1071 φήςς

2233 1091 2300 1144 Α.
2354 1089 2411 1142 '0
2461 1090 2736 1159 πάνσοφος
2791 1091 3046 1161 Ἰωάννης
3089 1091 3218 1162 περὶ
3269 1091 3504 1162 Χριστοῦ
3557 1108 3746 1164 φησιν’

2168 1199 2188 1233 t
2231 1183 2326 1246 Είς
2345 1181 2414 1237 τὰ
2444 1182 2554 1237 ῐδια
2581 1178 2735 1255 ἦλθε,
2764 1184 2861 1236 καὶ
2890 1184 2940 1236 oi
2971 1183 3093 1237 ῐδιοι
3115 1183 3278 1238 αὐτὸν
3316 1184 3378 1238 οὐ
3412 1185 3746 1256 παρέλαϐον.

2165 1273 2322 1327 Ὅσοι
2349 1274 2406 1328 δὲ
2437 1273 2628 1329 ἔλαϐον
2652 1273 2837 1340 αὑτὸν,
2872 1273 3072 1328 ἔδωκεν
3093 1275 3280 1338 αὐτοῖς
3307 1274 3556 1340 ἐξουσίαν
3576 1277 3751 1329 τέκνα

2162 1365 2298 1421 Θεοῦ
2357 1366 2633 1435 γενέσθαι.
2666 1387 2685 1420 ι
2722 1363 2852 1438 Ἆρ’
2895 1361 3056 1421 οὖνὋ
3106 1367 3290 1439 χάριτι
3325 1366 3425 1439 τὴν
3474 1367 3752 1420 υἱοθεσίαν

2163 1458 2335 1530 ἔχων,
2384 1461 2480 1512 καὶ
2526 1458 2940 1532 είσκεκριμένον
2987 1458 3129 1515 ἑλεῖν
3175 1459 3394 1529 ἀξίωμα
3443 1459 3503 1513 τὸ
3535 1455 3677 1512 εἶναι
3722 1460 3756 1512 ὅ

2165 1554 2302 1620 ἐστι,
2339 1553 2616 1624 χαρίσαιτ*
2651 1553 2718 1608 ἂν
2767 1552 2863 1606 καὶ
2893 1553 3103 1624 ἑτέροις
3133 1553 3162 1606 δ
3188 1553 3533 1623 πεπλούτηκε
3570 1552 3748 1623 μόλις.

2165 1645 2281 1698 Οὐκ
2301 1645 2565 1701 ἀπίθανον
2587 1641 2727 1700 εἷναί
2761 1663 2844 1699 σοι
2867 1645 2930 1700 τὸ
2949 1646 3139 1717 χρῆμα
3165 1645 3310 1700 δοκεῖ
3333 1663 3347 1712 ;

2239 1826 2302 1882 Β.
2333 1827 2444 1880 Καὶ
2477 1827 2645 1898 μάλα.

552 1922 617 1974 Α.
655 1917 809 1986 Quod
837 1930 964 1972 vero
1019 1929 1123 1970 non
1177 1910 1496 1967 naturaliter
1533 1907 1699 1973 inest,
1743 1909 1838 1962 sed
1887 1905 2063 1976 potius

2239 1922 2304 1972 A.
2341 1921 2414 1973 Τὸ
2438 1891 2496 1972 δέ
2524 1920 2599 1990 μὴ
2638 1920 2795 1988 φύσει
2827 1917 3052 1988 προσὸν,
3079 1917 3278 1984 ἔξωθεν
3313 1918 3370 1973 δέ
3396 1918 3594 1990 μᾶλλον
3639 1920 3758 1971 εἱσ-

487 2014 838 2070 adventitium
867 2020 967 2078 est,
1020 2022 1198 2064 nonne
1231 2005 1394 2062 etiam
1434 2001 1554 2059 ﬁeri
1587 2007 1765 2071 potest
1799 2007 1856 2054 ut
1908 1998 2066 2053 amit-

488 2109 667 2165 tatur?

555 2201 618 2255 Β.
657 2197 890 2267 Quidni?
945 2197 949 2201 ’

559 2298 624 2350 Α.
667 2292 812 2348 Fieri
841 2293 1024 2359 itaque
1046 2286 1248 2358 poterit
1269 2295 1327 2340 ut
1349 2293 1405 2340 et
1427 2282 1598 2339 Filius
1621 2276 1910 2348 aliquando
1936 2271 2067 2326 ﬁlia-

490 2388 634 2441 tioue
683 2399 780 2439 sua
833 2381 1072 2437 excidat.
1129 2375 1318 2446 Neque
1376 2375 1522 2430 enim
1570 2380 1725 2428 extra
1786 2362 2064 2423 amittendi

486 2480 656 2534 alt-am
691 2476 925 2548 positum
953 2482 1034 2528 est
1063 2471 1205 2540 quod
1235 2478 1427 2524 natura
1456 2464 1753 2522 stabilitum
1804 2473 1909 2514 non
1960 2464 2063 2510 est.

557 2656 619 2710 Β.
661 2654 741 2708 lta
762 2651 999 2706 videtur.

558 2749 623 2815 Α.
670 2744 777 2801 Sed
805 2753 859 2800 et
885 2743 990 2797 alia
1019 2740 1229 2796 ratione
1256 2735 1486 2809 perspici
1513 2742 1690 2807 potest
1721 2739 1927 2802 quanta
1955 2739 2069 2784 tur-

489 2840 734 2912 pitudine
764 2835 1206 2903 absurditateque
1236 2829 1448 2886 illorum
1474 2827 1719 2884 doctrina
1747 2825 1818 2880 sit
1842 2823 2066 2879 referta.

487 2932 623 2987 Nam
652 2932 698 2987 si
723 2943 908 2984 verum
951 2937 1053 2992 est,
1083 2923 1135 2978 id
1165 2921 1310 2992 quod
1360 2934 1457 2991 per
1492 2917 1834 2987 adoptionem
1861 2921 1916 2969 et
1942 2925 2067 2982 gra-

489 3029 620 3082 tiam
646 3033 730 3080 est
784 3018 1193 3077 similitudinem
1233 3012 1440 3070 referre
1471 3010 1590 3082 ejus
1621 3009 1764 3080 quod
1805 3003 2070 3062 naturali-

490 3132 572 3175 ter
604 3132 668 3172 ac
703 3129 830 3171 vere
859 3123 942 3169 est
971 3130 985 3167 :
1014 3124 1121 3180 quo
1151 3117 1309 3180 pacto
1341 3105 1513 3162 simus
1555 3116 1654 3157 nos
1694 3115 1790 3171 per
1805 3097 2071 3166 ~ad0ptio-

2170 2010 2552 2080 πεποιημένον
2575 2050 2588 2075 ,
2620 2011 2721 2063 οὐκ
2746 2009 3057 2080 ἀπόϐλητον
3086 2008 3285 2077 γένοιτ’
3313 2010 3402 2075 ἂν,
3435 2012 3576 2065 κατά
3606 2026 3669 2079 γε
3693 2010 3760 2064 τὸ

2167 2101 2446 2172 ἐγχωροῦν
2461 2118 2476 2166 ;

2241 2195 2302 2247 Β.
2334 2193 2458 2256 Πῶς
2481 2192 2589 2264 γάρ
2620 2193 2710 2257 οὓς

2241 2282 2306 2335 Α.
2342 2282 2552 2336 Οὐκοῦν
2609 2283 2695 2353 εἴη
2744 2282 2810 2337 ἂν
2851 2284 2962 2338 τῶν
3000 2284 3364 2355 ἐνδεχομένων
3413 2285 3509 2338 καὶ
3564 2285 3762 2339 ἀπολι-

2170 2376 2318 2430 σθεῖν
2345 2393 2478 2429 ποτε
2522 2375 2783 2431 δύνασθαι
2821 2380 2923 2447 τῆς
2965 2378 3211 2450 υἱότητος
3247 2378 3339 2431 τὸν
3366 2378 3512 2432 Ῡίόν.
3539 2379 3614 2432 Οὐ
3644 2380 3760 2449 γὰρ

2167 2467 2481 2522 ἀνύποπτον
2527 2469 2606 2530 εἰς
2644 2468 2938 2541 ἀποϐολὴν,
2978 2469 3007 2522 ὃ
3039 2470 3115 2541 μὴ
3158 2473 3408 2539 φυσικοῖς
3438 2471 3761 2542 ἐρήρεισται

2170 2560 2379 2632 νόμοις.

2242 2650 2304 2706 Β.
2332 2646 2462 2705 Ὧδε
2502 2651 2638 2722 ἔχει.

2239 2746 2306 2798 Α.
2337 2745 2448 2798 Καὶ
2477 2745 2599 2798 καθ’
2631 2745 2817 2816 ἕτερον
2869 2745 2927 2799 δὲ
2970 2745 3174 2817 τρόπον
3209 2746 3524 2818 καταθεῷτό
3555 2764 3640 2811 τις
3666 2748 3761 2814 ἂν,

2168 2836 2246 2900 ὡς
2279 2836 2513 2900 ἀκαλλὲς
2561 2837 2619 2890 τέ
2661 2838 2799 2901 ἐστι,
2835 2837 2933 2891 καὶ
2979 2838 3081 2908 τῆς
3123 2839 3385 2893 ἀνωτάτω
3435 2839 3765 2902 δυσϐουλίας

2171 2930 2464 3000 ἐπίμεστον
2502 2929 2716 3001 ἀληθῶς
2762 2929 2822 2982 τὺ
2871 2929 3048 3002 δόγμα
3096 2931 3299 2994 αὐτοῖς.
3337 2931 3401 2984 Ei
3446 2931 3554 3002 γάρ
3607 2933 3766 2984 ἐστιν

2171 3020 2389 3091 ἀληθὲς,
2414 3020 2490 3085 ὡς
2515 3022 2576 3075 τὸ
2613 3023 2754 3076 κατά
2777 3021 2926 3075 θέσιν
2954 3024 3050 3076 καὶ
3083 3023 3244 3094 χάριν
3274 3024 3361 3077 ἀεί
3386 3042 3502 3088 πως
3530 3026 3679 3078 ἐστὶν
3702 3029 3763 3078 ἐν

2170 3113 2431 3185 ὁμοιώσει
2475 3114 2570 3169 τοῦ
2603 3117 2745 3170 κατά
2790 3115 2955 3185 φύσιν
2984 3117 3080 3172 καὶ
3129 3117 3407 3188 ἀλήθειαν,
3437 3117 3554 3181 πῶς
3598 3119 3767 3188 ἡμεῖς

487 3229 610 3268 nem
648 3210 766 3274 ﬁlii,
800 3206 1116 3262 relationem
1165 3199 1238 3255 ad
1281 3199 1460 3268 ipsum
1512 3195 1777 3250 habentes
1831 3204 1889 3245 ut
1944 3202 2070 3244 vere

2183 3206 2315 3259 κατὰ
2341 3205 2489 3259 θέσιν
2524 3207 2649 3270 υἱοὶ,
2693 3207 2831 3278 πρὸς
2859 3207 3021 3262 αὑτὸν
3071 3209 3286 3279 ἔχοντες
3335 3208 3433 3279 τὴν
3479 3209 3766 3280 ἀναφορὰν

490 3305 718 3367 Filium,
775 3301 821 3356 si
876 3299 1042 3354 etiam
1093 3297 1206 3367 ipse
1265 3283 1547 3347 nobiscum
1596 3287 1738 3342 inter
1779 3283 2070 3352 adoptitios

2183 3295 2253 3358 ὼς
2285 3295 2420 3367 πρὸς
2447 3295 2575 3351 Υιὸν
2602 3295 2838 3368 ἀληθῶς,
2866 3300 2914 3351 εἰ
2942 3299 3032 3352 καὶ
3053 3299 3217 3362 αὐτὸς
3248 3300 3366 3370 μεθ’
3387 3302 3419 3370 ἡ
3430 3300 3544 3370 μῶν
3573 3302 3630 3353 ἐν
3651 3304 3768 3363 τοῖς

489 3393 921 3462 οεηεοιιιτῖιιιιο
975 3396 1134 3459 pacto
1176 3397 1358 3441 autem
1419 3382 1473 3436 in
1527 3377 1858 3448 evangelicis
1896 3388 2071 3446 para—

487 3487 630 3545 bolis
684 3495 941 3554 tanquam
978 3480 1125 3536 ﬁlius
1183 3475 1416 3531 mittitur
1468 3479 1592 3543 post
1638 3468 1866 3526 servos?
1907 3480 2071 3536 quem

480 3594 614 3634 cum
671 3574 1014 3644 aspexissent
1046 3576 1329 3625 curatores
1373 3564 1568 3627 vineae,
1595 3560 1851 3615 dixerunt
1880 3575 1894 3611 :
1929 3576 1947 3609 ι
1975 3556 2072 3610 llic

491 3680 574 3725 est
621 3669 813 3732 haeres,
858 3663 1062 3727 venite,
1109 3654 1500 3713 interﬁciamus
1545 3665 1667 3706 eum
1688 3649 1730 3705 ⁸.
1759 3668 1779 3702 ι
1820 3647 1917 3702 Est
1968 3647 2072 3716 igi-

492 3771 584 3816 tur
640 3761 687 3815 is
741 3757 832 3828 qui
886 3757 939 3810 in
983 3762 1152 3807 carne
1218 3745 1383 3818 739
1437 3742 1707 3814 apparuit,
1752 3750 1806 3796 et
1857 3737 2075 3794 Judaeu-

495 3869 614 3910 rum
665 3850 926 3908 saevitiam
979 3849 1237 3914 expertus
1287 3847 1396 3906 est,
1446 3850 1575 3893 vere
1598 3835 1768 3891 Filius
1805 3843 1860 3889 et
1903 3832 2070 3898 liber,

494 3955 681 4017 utpote
729 3959 796 4000 ex
847 3941 1020 3996 libera
1076 3945 1270 3990 natura
1295 3932 1528 4003 genitus,
1553 3936 1609 3983 et
1654 3941 1760 3984 non
1792 3941 1861 3982 ex
1887 3925 1952 3980 iis
1982 3924 2074 4017 qui

493 4016 596 4096 sub
623 4037 754 4106 jugu
779 4043 928 4096 sunt,
960 4037 1234 4100 quatenus
1268 4030 1524 4079 censetur
1555 4019 1720 4088 Deus,
1746 4017 1960 4074 tametsi
1992 4016 2075 4070 ia-

493 4141 616 4186 ctus
646 4129 716 4184 sit
739 4123 934 4182 similis
960 4120 1118 4177 nobis
1142 4118 1235 4189 qui
1267 4115 1367 4173 sub
1397 4115 1529 4186 jugo
1565 4125 1881 4186 versamur;
1933 4107 2076 4163 ﬁlius

496 4219 775 4278 servitutis
798 4215 889 4286 qui
913 4223 1114 4269 natura.
1129 4224 1194 4266 ac
1222 4223 1352 4264 vere
1382 4206 1556 4262 Filius
1579 4211 1685 4268 est,
1705 4202 1905 4271 quique
1921 4206 2075 4255 extra

495 4327 658 4369 omne
682 4315 866 4382 jugum
897 4305 1046 4362 omni
1086 4310 1336 4358 creatura
1370 4297 1620 4368 superior
1658 4303 1778 4350 est:
1811 4291 1880 4346 ad
1915 4304 2074 4360 quem

498 4422 596 4462 nos
629 4419 724 4474 per
752 4399 1098 4470 adoptionem
1123 4405 1177 4450 et
1204 4392 1433 4465 gratiam
1464 4388 1558 4442 ﬁlii
1588 4383 1804 4442 formati
1829 4395 2038 4474 sumus.

569 4471 645 4549 Βί
672 4492 788 4548 Νοιι
821 4491 1071 4553 dicimus,
1112 4485 1385 4554 inquiunt,
1415 4477 1690 4534 hominem
1725 4489 1846 4532 esse
1879 4471 2077 4526 Filium

2180 3387 2322 3442 κατὰ
2355 3388 2514 3458 χάριν
2563 3388 2677 3441 ἐστί
2698 3407 2712 3450 ;
2743 3390 2858 3452 πῶς
2906 3388 2961 3443 δὲ
2995 3389 3088 3443 καὶ
3116 3391 3174 3443 ἐν
3215 3393 3338 3452 ταῖς
3379 3390 3768 3458 εὐαγγελικαῖς

2181 3479 2540 3551 παραϐολαῖς,
2574 3481 2650 3546 ὡς
2685 3482 2798 3546 υἱὸς
2838 3483 3114 3553 πέμπεται
3161 3487 3301 3554 μετά
3334 3485 3462 3546 τοὺς
3511 3484 3767 3550 οίκέτας;

2179 3571 2238 3624 ὃν
2268 3572 2572 3644 ἑωρακότες
2598 3574 2648 3624 οἱ
2690 3572 2784 3626 τοῦ
2821 3573 3146 3643 ἀμπελῶνος
3188 3573 3498 3642 μελεδωνοί·
3540 3595 3558 3626 ι
3595 3567 3770 3638 Οὗτός

2181 3663 2331 3716 ἐστιν
2375 3665 2404 3716 ὀ
2452 3662 2810 3735 κληρονόμος⁸
2843 3664 3019 3731 δεῦτε,
3061 3666 3474 3736 ἀποκτείνωμεν
3526 3665 3716 3719 αὐτόν.
3747 3685 3767 3715 ι

2185 3754 2342 3807 Ἔστι
2376 3755 2553 3808 τοίνυν
2580 3757 2608 3808 ὁ
2640 3756 2700 3809 ὲν
2729 3756 2895 3826 σαρκὶ
2924 3755 3203 3827 πεφηνὼς,
3235 3758 3329 3810 καὶ
3358 3758 3455 3827 τῆς
3497 3757 3775 3810 Ἰουδαίων

2185 3840 2504 3912 σκαιότητος
2530 3843 2611 3905 είς
2633 3846 2828 3913 πεῖραν
2855 3842 3049 3914 ἐλθὼν,
3080 3845 3210 3910 Υἱὸς
3240 3846 3474 3918 άληθῶς,
3504 3849 3594 3900 καὶ
3617 3847 3777 3900 ἐλεύ-

2184 3932 2362 4005 θερος,
2388 3934 2465 4008 ᾡς
2499 3934 2714 4003 φύσεως
2755 3936 2997 4007 δηλονότι
3038 3941 3139 4010 τῆς
3191 3939 3480 4008 ἐλευθέρας
3527 3941 3777 4007 ἐκπεφυ-

2184 4026 2316 4093 κὼς,
2361 4029 2456 4081 καὶ
2501 4028 2602 4081 οὐκ
2635 4028 2693 4082 ἐν
2740 4045 2804 4097 γε
2853 4032 2967 4094 τοῖς
3009 4030 3116 4084 ὑπὸ
3166 4029 3352 4100 ζυγὸν,
3383 4029 3518 4084 καθὸ
3563 4034 3775 4086 νοεῖται

2183 4118 2338 4184 Θεὸς,
2379 4119 2472 4172 καὶ
2505 4121 2554 4173 εί
2588 4121 2779 4189 γέγονε
2809 4120 2934 4175 καθ’
2968 4123 3116 4193 ἡμᾶς
3143 4123 3271 4188 τοὺς
3293 4122 3396 4176 ὑπὸ
3430 4122 3615 4191 ζυγὸν,
3642 4123 3776 4177 δου-

2183 4212 2333 4277 λείας
2367 4213 2500 4277 υίὸς,
2531 4215 2559 4266 ὁ
2589 4213 2736 4279 Υἱὸς,
2769 4214 2844 4278 ὼς
2872 4214 3030 4285 ἔφην,
3064 4215 3226 4285 φύσει
3261 4233 3322 4268 τε
3351 4216 3445 4269 καὶ
3477 4215 3719 4286 άληθῶς,
3747 4220 3778 4270 ὁ

2187 4304 2330 4375 πέρα
2355 4303 2524 4373 ζυγοῦ
2559 4306 2654 4358 καὶ
2683 4306 2822 4377 ὑπὲρ
2853 4305 2953 4378 τὴν
2986 4308 3163 4361 κτίσιν
3185 4323 3199 4336 ·
3230 4308 3366 4378 πρὸς
3393 4308 3452 4360 δν
3483 4309 3577 4362 καὶ
3605 4311 3778 4379 ἡμεῖς

2185 4397 2396 4450 οἱκατὰ
2429 4397 2578 4450 θέσιν
2601 4398 2696 4450 καὶ
2733 4398 2894 4470 χάριν
2925 4398 3032 4452 υἱοὶ
3063 4398 3494 4470 μεμορφώμεθα.

2256 4487 2317 4542 Β.
2359 4488 2434 4541 Οὐ
2487 4487 2742 4559 λέγομεν,
2783 4490 2940 4558 φασὶ,
2995 4489 3086 4545 τὸν
3125 4490 3435 4562 ἄνθρωπον,
3468 4491 3597 4543 Υἱὸν
3629 4487 3774 4544 εἶναι

500 4589 618 4655 Dei,
649 4599 716 4641 ne
753 4585 886 4639 duos
921 4589 1118 4638 natura
1167 4576 1308 4631 ﬁlios
1357 4579 1681 4628 statuamus.
1719 4562 2070 4655 Quemadmo-

2184 4575 2277 4629 τοῦ
2307 4576 2466 4645 Θεοῦ,
2514 4578 2601 4631 ἵνα
2639 4578 2716 4650 μὴ
2749 4579 2843 4631 δύο
2878 4579 3040 4648 φύσει
3073 4580 3222 4644 υἱοὺς
3267 4583 3530 4650 εἴπωμεν.
3556 4581 3774 4652 Ὥσπερ

499 4654 626 4735 dum
675 4676 819 4732 enim
869 4672 1108 4730 Verbum
1153 4666 1296 4737 quod
1340 4678 1408 4718 ex
1450 4658 1607 4715 cmlis
1641 4654 1926 4714 descendit
1973 4667 2081 4708 non

501 4781 586 4825 est
614 4766 912 4825 secundum
966 4771 1220 4818 naturam
1265 4755 1407 4810 ﬁlius
1452 4748 1662 4805 David:
1710 4747 1786 4801 ita
1820 4759 1995 4814 neque
2038 4743 2084 4800 is

501 4862 701 4931 quiest
735 4874 805 4914 ex
831 4856 1038 4912 semine
1089 4849 1258 4925 David
1304 4854 1390 4902 est
1431 4839 1601 4896 Filius
1648 4837 1742 4894 Dei
1784 4837 2080 4892 secundum

504 4965 994 5099 "agriiitidentur
1024 5036 1210 5103 itaque
1240 5030 1294 5084 in
1341 5025 1476 5082 duos
1501 5023 1639 5080 ﬁlios
1660 5063 1677 5091 ,
1714 5031 1878 5094 atque
1920 5022 2082 5077 ambo

503 5137 641 5194 falso
697 5136 770 5190 ita
821 5126 1080 5200 appellari
1118 5117 1630 5192 deprehendentur?
1683 5115 1895 5170 Dixerit
1953 5128 2081 5170 vero

504 5229 700 5299 aliquis
733 5225 946 5280 inanem
980 5231 1046 5272 ac
1081 5228 1274 5270 vanam
1309 5211 1666 5282 imposturam
1709 5221 1832 5265 esse
1877 5205 2081 5264 Christi

501 5318 844 5395 mysterium,
875 5312 921 5367 si
956 5313 1030 5365 ita
1063 5322 1124 5364 se
1151 5322 1238 5362 res
1257 5306 1422 5362 habet
1450 5313 1612 5374 atque
1640 5301 1798 5359 deliri
1839 5299 2082 5356 haeretici

503 5414 714 5466 volunt.
761 5411 1020 5474 Quaenam
1063 5401 1226 5472 igitur
1271 5400 1377 5455 erit
1433 5397 1659 5454 unitas?
1709 5405 1804 5452 aut
1861 5410 1967 5464 qua
2015 5395 2081 5448 de

505 5517 668 5559 causa
690 5500 886 5555 iactant
906 5497 1050 5551 illam
1077 5493 1294 5551 dicent?
1311 5491 1623 5559 Quinetiam
1648 5489 1844 5544 falsum
1866 5502 2082 5558 quoque

509 5589 691 5654 fuerit,
718 5590 859 5658 quod
890 5585 1066 5642 factus
1088 5584 1158 5641 sit
1181 5597 1336 5647 Caro,
1360 5591 1416 5638 et
1444 5592 1906 5650 supervacaneum
1932 5593 2084 5633 com-

509 5691 749 5739 mentum
777 5682 902 5749 erit,
938 5681 983 5736 si
1011 5693 1118 5735 non
1159 5685 1385 5733 vocatus
1427 5675 1499 5730 sit
1542 5672 1688 5728 ﬁlius
1733 5669 1904 5727 David
1943 5668 2079 5728 Ver-

580 5849 599 5880 ³
623 5855 780 5919 Joatt.
811 5872 848 5924 I,
885 5855 971 5922 ii,
1009 5853 1096 5909 12.
1173 5853 1192 5885 "
1226 5851 1418 5907 Matth.
1459 5865 1568 5916 xxi,
1601 5847 1692 5902 58.

2184 4667 2345 4741 γάρὸ
2381 4669 2442 4734 ἐξ
2473 4671 2720 4741 οὐρανῶν
2759 4671 3036 4726 κατελθὼν
3080 4673 3274 4741 Λόγος,
3310 4675 3412 4726 οὐκ
3459 4673 3574 4726 ἔστι
3627 4675 3777 4728 κατᾶ

2186 4759 2348 4830 φύσιν
2383 4761 2499 4825 υίὸς
2545 4761 2641 4815 τοῦ
2692 4762 2879 4827 Δαϐὶδ,
2905 4762 3100 4827 ιοῦτως
3133 4762 3256 4816 οὐδὲ
3292 4765 3320 4816 ὁ
3352 4766 3415 4817 ἐκ
3455 4762 3779 4835 σπέρματος

2183 4851 2278 4906 τοῦ
2309 4853 2492 4919 Δαϐὶδ,
2532 4854 2662 4918 Υἱός
2699 4857 2816 4908 ἐστι
2845 4854 2988 4910 κατὰ
3016 4849 3180 4925 ῲύσιν
3205 4855 3302 4910 τοῦ
3326 4855 3482 4910 Θεοῦ.

2253 5034 2320 5088 Δ.
2362 5033 2826 5105 Διατετμήσονται
2851 5031 2915 5105 δὴ
2944 5029 3036 5086 οὖν
3057 5035 3137 5099 είς
3166 5033 3315 5097 υἱοὺς
3344 5033 3458 5100 δύο,
3482 5035 3577 5087 καὶ
3604 5036 3787 5106 ἄμφω

2184 5121 2530 5194 ψευδώνυμοι
2561 5124 3006 5195 καταφωραθεῖεν
3037 5125 3125 5194 iv;
3155 5126 3294 5194 Φαίη
3315 5126 3359 5179 δ’
3379 5121 3658 5195 ἂν,οϊμαι,
3694 5130 3780 5188 τὶς

2183 5215 2389 5267 είκαίον
2447 5208 2585 5268 εἶναι
2632 5215 2986 5286 φενακισμὸν,
3045 5215 3103 5269 τὸ
3152 5214 3392 5288 Χριστοῦ
3448 5218 3777 5287 μυστήριον,

2185 5305 2345 5374 εἴπερ
2372 5297 2476 5358 ὧδε
2512 5305 2627 5376 ἔχει
2658 5307 2800 5360 καθά
2835 5305 3132 5377 ληροῦντές
3163 5324 3328 5376 φασιν
3361 5309 3412 5360 οἱ
3445 5307 3771 5371 διεναντξας.

2186 5395 2297 5449 Ποῦ
2324 5398 2617 5468 τοιγαροῦν
2639 5400 2673 5468 ἡ
2712 5398 2929 5464 ἐνωσις,
2959 5399 3056 5454 καὶ
3082 5399 3170 5468 ἐφ’
3192 5399 3300 5471 ὅτῳ
3332 5399 3647 5470 πεπρᾶχθαι
3674 5417 3778 5468 φα-

2189 5487 2272 5542 σὶν
2299 5488 2506 5561 αὐτήν;
2546 5489 2616 5542 Ἢ
2646 5489 2789 5560 τάχα
2819 5507 2944 5557 που,
2974 5491 3070 5544 καὶ
3097 5490 3160 5544 τὸ
3187 5490 3444 5561 γενέσθαι
3476 5492 3658 5562 σάρκα
3684 5493 3781 5544 τὸν

2187 5580 2382 5649 Λόγον,
2422 5581 2522 5634 οὐκ
2557 5580 2758 5652 ἀληθὲς
2786 5580 2846 5634 ὃν
2875 5582 3215 5651 ἐκφαίνεται,
3239 5582 3333 5636 καὶ
3364 5580 3639 5653 περιττῶς
3665 5583 3784 5633 είσ-

2187 5672 2612 5742 κεκομισμένον,
2635 5673 2683 5727 εἰ
2733 5673 2811 5746 μὴ
2859 5675 3270 5747 κεχρημάτικεν
3300 5674 3430 5738 Υἱὸς
3461 5671 3560 5727 τοῦ
3584 5671 3779 5737 Δαϐὶδ,
