4050 6426
311 367 461 424 1207

1457 358 1647 427 QUOD
1692 362 1873 420 [ΙΝϋὸ
1913 364 2019 420 SIT
2061 366 2426 429 CHRISTUS.

3460 384 3596 443 1298

310 486 347 537 ὁ
379 487 446 538 ὲκ
483 480 622 538 Θεοῦ
650 479 865 553 Πατρὸς
892 481 1084 550 Λόγος,
1111 481 1202 535 διὰ
1221 481 1284 534 τὸ
1315 481 1379 534 ὲκ
1403 483 1718 554 σπέρματος
1748 484 1913 539 αὐτοῦ

2021 487 2142 544 bum
2173 506 2239 545 ex
2281 490 2390 548 Deo
2438 491 2618 549 Patre.
2665 494 2825 565 Atqui
2879 497 3184 552 censuerim
3227 499 3345 556 illos
3376 517 3406 554 a
3442 505 3597 560 nobis

313 575 579 646 γενέσθαι
605 574 747 628 κατὰ
776 573 874 645 τὴν
910 575 1109 646 σάρκα.
1140 573 1353 644 Χρῆναι
1381 573 1438 627 δὲ
1461 569 1616 644 οῖμαι
1646 575 1741 629 καὶ
1778 576 1915 646 πρὸς

316 667 739 751 ἡμῶνβκούειν
787 666 1018 730 αὐτοὺς,
1063 667 1123 718 τὸ
1173 668 1302 738 παρ’
1335 666 1502 719 αὑτοῦ
1549 665 1643 718 τοῦ
1677 667 1914 737 Χριστοῦ

323 764 435 825 τοῖς
467 761 733 814 Ἰουδαίων
765 758 1105 828 καθηγηταῖς
1134 759 1444 828 εἰρημένον·
1483 778 1500 810 ι
1525 759 1589 812 Τί
1620 761 1747 829 ὑμῖν
1771 760 1916 814 δοκεῖ

320 853 459 924 περὶ
481 852 575 905 τοῦ
601 849 839 921 Χριστοῦ
861 867 876 914 ;
904 850 1048 912 τίνος
1064 849 1178 913 υίός
1206 852 1356 915 ὲστι;
1383 869 1400 900 ι
1424 852 1544 904 Κᾶν
1569 852 1617 903 εί
1652 855 1808 920 φαῖεν
1832 853 1914 907 δτι

317 944 416 998 τοῦ
449 943 634 1008 Δαᾶὶδ,
676 942 1002 997 ἀκούσονται
1037 942 1173 1012 πρὸς
1213 941 1392 1013 ἡμῶν·
1427 960 1444 993 ι
1468 943 1594 1006 Πῶς
1626 939 1718 996 οὖν
1751 945 1914 999 Δαὸὶδ

315 1042 380 1091 ὲν
413 1037 692 1108 Πνεύματι
723 1034 932 1107 Κύριον
977 1034 1142 1088 αὐτὸν
1177 1035 1351 1098 καλεῖ,
1401 1036 1598 1103 λέγων’
1635 1054 1654 1087 ι
1690 1031 1856 1090 Εἶπεν
1885 1037 1914 1090 6

313 1129 529 1201 Κύριος
559 1127 637 1198 τῷ
667 1127 857 1199 Κυρίῳ
892 1145 1014 1198 μου·
1043 1127 1228 1181 Κάθου
1254 1131 1318 1181 ἐκ
1341 1128 1530 1195 δεξιῶν
1564 1147 1687 1200 μου,
1716 1131 1822 1194 ἓως
1847 1130 1914 1185 ἂν

317 1217 402 1268 θῶ
446 1217 576 1280 τοὺς
612 1215 842 1287 ἐχθρούς
892 1233 986 1268 σου
1044 1216 1342 1270 ὑποπόδιον
1387 1217 1497 1271 τῶν
1561 1218 1739 1273 ποδῶν
1781 1237 1909 1285 σου;

316 1311 384 1364 El
416 1306 512 1364 οὖν
540 1309 707 1363 Δαϐὶδ
738 1311 799 1363 ὲν
827 1309 1112 1380 Πνεύματι
1147 1310 1305 1364 καλεῖ
1333 1311 1496 1366 αὑτὸν
1531 1312 1758 1384 Κύριον,
1796 1313 1912 1378 πῶς

314 1402 452 1466 Υἱὸς
475 1400 640 1455 αὐτοῦ
661 1403 830 1466 ἐστιν,
845 1419 862 1452 ι
892 1403 920 1455 6
952 1400 1028 1474 μὴ
1059 1402 1199 1455 κατά
1222 1402 1382 1472 φύσιν
1413 1403 1508 1456 καὶ
1525 1404 1740 1475 ἀληθῶς
1761 1405 1907 1473 Υἱὸς,

313 1495 466 1548 καθά
499 1511 666 1563 φασιν
715 1494 766 1546 οἱ
799 1493 1106 1569 διεναντίας
1127 1535 1141 1559 ,
1177 1495 1489 1567 συνεδρεύει
1519 1514 1579 1551 τε
1625 1498 1703 1568 τῷ
1759 1497 1908 1569 Θεῷ,

314 1587 412 1640 καὶ
440 1585 759 1658 ὁμὸθρονος,
790 1567 934 1639 εἰπέἸ
960 1603 1072 1656 μοι,
1104 1586 1183 1658 τῷ
1234 1588 1455 1643 πάντων
1491 1567 1784 1660 κρατοῦντι
1826 1567 1910 1660 γί-

311 1694 505 1743 vacat;
563 1678 782 1742 Καίτοι,
844 1678 990 1733 καθά
1057 1695 1223 1747 φησιν
1272 1679 1301 1732 6
1349 1680 1624 1749 πάνσοφος
1675 1681 1907 1748 Παῦλος,

313 1770 495 1824 οὐδενὶ
564 1768 788 1830 πώποτε
857 1771 968 1823 τῶν
1018 1771 1270 1840 ἀγγέλων
1327 1771 1551 1843 εἴρηκεν
1611 1775 1640 1826 6
1691 1774 1905 1845 Πατήρ·

2019 579 2248 649 idipsum
2288 583 2476 638 audire
2506 585 2726 649 debere,
2757 585 2899 655 quod
2941 586 3196 642 Christus
3226 590 3339 659 ipse
3385 591 3596 647 Judzeo-

2018 686 2136 724 rum
2173 672 2506 742 principibus
2555 676 2735 732 dixit:
2795 695 2816 729 ι
2876 677 3031 744 Quid'
3064 681 3219 736 vobis
3269 683 3483 737 videtur
3532 686 3600 740 de

2016 761 2277 818 Christo?
2310 765 2463 835 cujus
2500 767 2640 822 filius
2667 777 2753 824 est
2783 770 2850 824 ’ἲ
2890 789 2909 821 ι
2942 770 3096 838 Quod
3127 773 3172 827 si
3201 774 3460 838 dixerint,
3498 779 3600 831 Da-

2017 855 2176 920 vidis,
2225 856 2446 912 audient
2492 873 2520 912 a
2579 860 2778 915 nobis:
2832 878 2853 914 ι
2885 861 3165 929 Quomodo
3219 866 3383 935 igitur
3432 867 3602 923 David

2017 945 2302 1001 Dominum
2353 949 2527 1019 ipsum
2578 950 2632 1006 in
2684 951 2889 1022 Spiritu
2947 966 3126 1021 vocat,
3176 958 3408 1015 dicens:
3455 959 3602 1014 Dixit

2016 1036 2280 1093 Dominus
2307 1037 2536 1096 Domino
2564 1057 2684 1097 meo
2717 1060 2731 1098 :
2763 1042 2903 1099 Sede
2935 1059 2964 1099 a
2993 1046 3198 1103 dextris
3232 1049 3388 1115 meis,
3420 1048 3600 1104 donec

2015 1145 2207 1198 ponam
2243 1131 2496 1187 inimicos
2524 1142 2643 1189 tuos
2666 1135 2962 1192 scabellum
3008 1139 3204 1209 pedum
3238 1142 3500 1197 tuorum?
3538 1142 3595 1196 Si

2014 1235 2143 1291 ergo
2169 1219 2334 1275 David
2367 1223 2420 1276 in
2453 1223 2656 1294 Spiritu
2686 1235 2845 1282 vocat
2879 1227 3053 1296 ipsum
3102 1229 3388 1286 Dominum
3411 1273 3426 1299 ,
3461 1249 3592 1303 quo.

2016 1311 2174 1365 modo
2197 1311 2338 1368 titius
2367 1313 2484 1381 ejus
2509 1321 2645 1382 est,i
2674 1317 2764 1386 qui
2793 1331 2901 1372 non
2924 1327 3006 1374 est
3034 1321 3356 1377 naturaliter
3373 1338 3435 1377 ac
3466 1339 3596 1379 vere

2015 1399 2184 1457 Filius
2219 1401 2260 1468 ',
2312 1413 2370 1457 ut
2433 1405 2670 1461 haeretici
2710 1409 2974 1464 censent?
3003 1421 3095 1464 aut
3121 1426 3228 1479 quo
3263 1423 3422 1481 pacto
3455 1415 3590 1468 assi-

2013 1495 2102 1549 det
2137 1495 2246 1550 Deo
2286 1497 2451 1552 totius
2493 1499 2730 1555 universi
2786 1499 3056 1556 Domino?
3099 1502 3283 1571 Atqui,
3333 1504 3595 1572 quemad-

2012 1587 2231 1640 modum
2276 1588 2713 1657 sapientissimus
2765 1588 2968 1646 Paulus
3017 1591 3216 1661 inquit,
3251 1592 3452 1646 nemini
3489 1608 3592 1646 un-

2010 1693 2173 1747 quam
2223 1679 2534 1751 angelorum
2590 1681 2730 1736 dixit
2776 1681 2983 1738 Pater:
3043 1701 3062 1734 ι
3119 1682 3290 1738 Filius
3345 1699 3496 1739 meus
3536 1699 3596 1740 es

2015 1778 2068 1823 tu
2094 1770 2139 1823 ".
2181 1788 2200 1821 ι
2244 1770 2349 1825 Sed
2383 1785 2598 1841 neque:
2638 1790 2656 1824 ς
2694 1771 2834 1828 Sede
2866 1788 2895 1827 a
2933 1773 3140 1829 dextris
3163 1773 3298 1829 meis
3319 1773 3362 1827 ⁸.
3401 1793 3420 1826 ι
3453 1772 3595 1827 Prm-

324 1882 344 1914 ε
375 1861 506 1926 Υἱός
551 1880 653 1932 μου
689 1861 740 1916 εἷ
775 1862 861 1917 σύ.
897 1881 917 1915 ι
957 1863 1099 1917 Ἀλλ’
1129 1863 1273 1917 οὐδέ·
1318 1883 1338 1915 ι
1372 1865 1557 1919 Κάθου
1613 1867 1677 1920 ὲκ
1719 1866 1909 1932 δεξιῶν

2021 1869 2160 1917 terea
2188 1864 2457 1931 quomodo
2483 1865 2534 1918 in
2569 1880 2824 1935 suprema
2854 1865 2941 1920 illa
2969 1867 3232 1938 dignitate
3287 1875 3343 1921 et
3369 1866 3422 1920 in
3459 1866 3598 1922 solio

321 1972 446 2024 μου.
483 1973 501 2005 ι
538 1953 692 2018 Εἶτα,
731 1954 850 2018 πῶς
881 1956 940 2009 ὲν
969 1959 1083 2020 τοῖς
1123 1957 1452 2028 ὖπερτάτοις
1491 1957 1788 2030 ἀξιώμασι,
1817 1961 1910 2014 καὶ

317 2053 377 2103 ιν
411 2053 522 2114 τοῖς
548 2051 648 2122 τῆς
676 2050 934 2122 θεότητος
967 2051 1158 2116 θάκοις
1184 2052 1212 2104 6
1243 2054 1308 2106 ὲκ
1331 2052 1616 2120 γυναικὸς,
1643 2053 1736 2106 καὶ
1767 2054 1911 2126 πέρα

318 2142 502 2212 πάσης
533 2141 737 2213 Ἀρχῆς
770 2143 864 2196 καὶ
884 2142 1244 2214 Κυριότητος,
1275 2143 1492 2216 Θρὸνων
1517 2162 1576 2198 τε
1603 2145 1697 2198 καὶ
1724 2145 1913 2212 Ἐξου-

321 2233 463 2299 σίας,
517 2235 614 2289 καὶ
664 2236 868 2300 παντὸς
913 2236 1180 2307 ὀνόματος
1233 2236 1671 2308 όνομαζομένου;
1720 2239 1913 2312 Ἀθρει

315 2327 563 2392 δὲ,ὅπως
582 2329 610 2381 6
642 2328 844 2400 Κύριος
875 2329 1071 2398 λέγων·
1095 2348 1114 2380 ι
1141 2331 1203 2384 Et
1231 2324 1324 2384 οὖν
1354 2330 1520 2385 Δαὸὶδ
1548 2333 1605 2385 ὲν
1635 2331 1913 2402 Πνεύματι

318 2418 525 2489 Κύριον
579 2418 871 2491 ὀνομάζει,
919 2420 1040 2485 πῶς
1091 2421 1207 2485 υίὸς
1255 2420 1420 2475 αὐτοῦ
1459 2423 1607 2488 tam;
1647 2441 1666 2474 ι
1698 2426 1914 2494 φρονεῖν

315 2508 611 2562 ἀναπείθει
637 2511 764 2574 τοὺς
793 2511 953 2584 οἵπερ
973 2511 1040 2565 ἂν
1069 2507 1180 2565 εἶεν
1202 2511 1300 2582 τῆς
1321 2511 1576 2584 ἀληθείας
1599 2514 1911 2584 ἐρευνηταί,

317 2599 394 2663 ὡς
427 2602 485 2653 ὲν
522 2600 738 2670 μεθέξει
775 2601 978 2673 σαρκὸς
1003 2601 1100 2656 καὶ
1128 2601 1362 2673 αἵματος
1389 2603 1630 2673 γεγονὼς
1656 2606 1686 2658 6
1718 2605 1910 2674 Λόγος,

319 2687 402 2754 εἷς
436 2692 718 2763 μεμένηκε
751 2694 848 2748 καὶ
868 2693 1043 2758 οὕτως
1081 2694 1231 2760 Υἱὸς,
1263 2697 1345 2750 ὅτι
1386 2696 1486 2767 μέν
1521 2699 1636 2750 ἐστι
1662 2697 1816 2763 Θεὸς,
1851 2699 1916 2752 ἐκ

318 2782 659 2855 θεοπρεποῦς
680 2786 958 2858 ὑπεροχῆς
981 2788 1077 2840 καὶ
1103 2787 1424 2860 κυριότητος
1445 2789 1911 2862 μαρτυρούμενος

318 2876 404 2929 ὅτι
435 2876 492 2930 δὲ
526 2877 767 2949 πέφηνεν
811 2879 1120 2949 ἄνθρωπος,
1151 2877 1247 2932 τοῦ
1284 2880 1379 2933 καὶ
1416 2878 1548 2932 Υἱοῦ
1570 2881 1915 2952 χρηματίσαι

321 2966 488 3021 Δασιδ
508 2965 569 3022 εὖ
610 2969 756 3040 μάλα
784 2971 1312 3041 κατασημαίνοντος.

398 3061 454 3118 Β.
497 3065 662 3118 Φαῖεν
705 3065 771 3118 ἂν
814 3064 947 3128 ἴσως
986 3067 1081 3119 καὶ
1110 3067 1246 3137 πρός
1278 3084 1341 3136 γε
1368 3066 1562 3131 ταῦτα,
1592 3068 1916 3140 διατεκμαί-

321 3173 489 3228 ρομαι
518 3157 645 3229 γάρ·
671 3153 798 3228 Ἆρ’
825 3160 889 3212 ἐκ
918 3159 1016 3228 τῆς
1051 3159 1238 3223 οὐσίας
1263 3159 1358 3213 τοῦ
1387 3160 1524 3213 Θεοῦ
1558 3162 1651 3214 καὶ
1683 3162 1914 3232 Πατρὺς,

318 3251 420 3304 καὶ
473 3251 636 3306 αὐτὸν
688 3248 829 3304 εἶναι
890 3251 1136 3324 δώσομεν
1184 3253 1277 3306 τὸν
1321 3255 1386 3306 ἐκ
1441 3254 1758 3324 σπέρματος
1817 3254 1913 3307 τοῦ

317 3344 524 3411 Δαϐίδς

395 3440 464 3493 Α.
495 3438 694 3492 Καίτοι
727 3438 844 3503 πῶς
900 3441 933 3510 ἡ
967 3438 1145 3493 τοιάδε
1178 3437 1374 3500 πεῦσις
1422 3438 1485 3490 οὐ
1526 3437 1659 3490 πολῦ
1692 3437 1756 3508 δὴ
1790 3438 1914 3493 λίαν

317 3529 386 3584 τὸ
429 3529 709 3602 ἀσύφηλον
755 3530 909 3600 Extat;
954 3529 1066 3584 Καὶ
1109 3530 1425 3601 ἀπᾳδόντως
1474 3527 1541 3582 ἂν
1589 3529 1799 3598 γένοιτο
1848 3532 1912 3602 τῇ

317 3617 420 3673 τοῦ
464 3620 763 3690 μυστηρίου
798 3621 1026 3692 δυνάμει
1057 3619 1152 3673 κοιλ⁹
1199 3621 1311 3684 τοῖς
1342 3619 1442 3692 τῆς
1481 3619 1739 3695 ἀληθείας
1765 3619 1918 3688 φιλοη

320 3710 589 3780 θεάμοσιν
610 3727 624 3775 ;

397 3805 457 3857 Β.
498 3803 711 3875 Φράσον
749 3804 919 3868 ὅπως.

399 3897 465 3951 Α.
507 3896 598 3968 Μὴ
624 3895 734 3966 γάρ
765 3914 856 3967 μοι
875 3894 1167 3969 διέλῃς,ὼς
1197 3895 1388 3968 ἕτερόν
1416 3912 1540 3951 τινα
1571 3895 1744 3965 λέγων
1768 3895 1917 3967 παρὰ

318 3990 418 4044 τὸν
449 3989 546 4042 ἕνα
575 3988 812 4060 Χριστὸν
839 3989 934 4042 καὶ
951 3988 1081 4042 Υἱδν
1116 3987 1343 4060 Κύριον,
1383 3989 1475 4042 τὸν
1505 3991 1569 4042 ἐκ
1603 3990 1916 4060 σπέρματος

323 4081 424 4135 τοῦ
455 4080 640 4135 Δαϐίδ.
675 4083 736 4135 '0
774 4080 882 4153 γάρ
920 4097 1003 4133 τοι
1043 4079 1144 4148 τῆς
1179 4079 1473 4151 ὀρθότητος
1505 4080 1684 4148 λόγος,
1730 4081 1820 4134 τὸν
1852 4083 1918 4134 ὲκ

317 4174 462 4228 Θεοῦ
507 4172 722 4245 Πατρδς
758 4171 932 4242 φύντα
969 4169 1099 4225 Υἱὸν
1149 4171 1436 4242 μονογενῆ,
1486 4171 1648 4227 αὑτὸν
1689 4173 1787 4226 καὶ
1817 4173 1919 4244 οὐχ

319 4267 520 4340 ἕτερον
550 4261 690 4319 εἶναι
723 4263 973 4335 βούλεται
1002 4263 1093 4317 τὸν
1125 4264 1192 4317 ἐκ
1219 4262 1400 4318 Δαϐὶδ·
1420 4266 1563 4318 κατά
1596 4265 1794 4338 σάρκα.
1822 4265 1918 4336 Μὴ

318 4360 510 4413 τοίνυν
560 4357 620 4424 ἐξ
673 4358 987 4429 ἀμετρήτου
1046 4355 1316 4426 λεγόντων
1349 4356 1782 4429 ὲμὸροντησίας,
1834 4358 1918 4412 ὅτι

319 4452 520 4522 ὥσπερ
548 4453 576 4505 ὁ
605 4449 663 4518 ἐξ
691 4450 924 4522 ούρανοῦ
960 4447 1240 4503 κατελθὼν
1271 4448 1466 4515 Λόγος,
1499 4450 1600 4502 οὐκ
1630 4449 1745 4503 ἔστι
1775 4449 1919 4505 κατά

2015 1955 2318 2010 divinitatis
2343 1955 2550 2012 sedebit
2576 1957 2670 2027 qui
2701 1972 2767 2012 ex
2801 1957 3028 2012 muliere
3068 1966 3229 2013 natus
3270 1967 3374 2022 est,
3403 1973 3599 2027 supra-

2015 2061 2118 2116 que
2143 2062 2334 2102 omnes
2359 2046 2704 2115 Principatus
2737 2057 2791 2103 et
2825 2049 3231 2106 Dominationes
3259 2064 3322 2104 ac
3348 2048 3600 2106 Thronos

2015 2140 2435 2206 etPotestates,
2481 2156 2754 2212 supraque
2803 2157 2966 2198 omne
3008 2157 3204 2198 nomen
3255 2143 3398 2213 quod
3437 2157 3602 2198 voca-

2017 2234 2190 2288 tur”?
2255 2235 2645 2291 Animadverte
2723 2250 2851 2290 vero
2931 2250 3041 2306 quo
3111 2243 3273 2306 pacto
3334 2234 3599 2290 Dominus

2015 2327 2239 2383 dicens:
2275 2347 2294 2380 ι
2333 2327 2389 2383 Si
2416 2343 2547 2398 ergo
2581 2327 2750 2383 David
2780 2328 2832 2382 in
2859 2326 3066 2398 Spiritu
3100 2329 3390 2383 Dominum
3418 2338 3599 2395 vocat,

2017 2418 2291 2486 quomodo
2311 2419 2482 2474 Filius
2513 2418 2629 2487 ejus
2655 2420 2773 2475 est?
2802 2439 2821 2473 ι
2845 2421 3094 2476 veritatis
3125 2419 3603 2492 iuvcstigatorihus

2016 2510 2345 2579 persuadere
2381 2511 2493 2564 vult
2515 2511 2658 2580 quod
2690 2511 2928 2568 Verbum
2961 2511 3059 2566 Dei
3085 2512 3268 2568 carnis
3297 2523 3351 2568 et
3378 2513 3603 2584 sangui-

2018 2603 2101 2657 nis
2144 2606 2416 2674 particeps
2451 2604 2672 2671 factum,
2706 2605 2870 2660 etiam
2910 2606 3014 2662 hoc
3047 2614 3204 2674 pacto
3238 2605 3439 2660 mansit
3464 2620 3604 2659 unus

2019 2697 2183 2769 740
2203 2698 2392 2763 Filius,
2433 2699 2596 2754 Deum
2645 2699 2862 2769 quidem
2905 2711 3028 2754 esse
3072 2712 3139 2752 ex
3174 2697 3356 2751 divina
3412 2709 3604 2765 super-

2017 2791 2308 2845 eminentia
2339 2801 2391 2846 et
2420 2791 2792 2846 dominatione
2824 2788 3145 2854 declarans;
3167 2789 3444 2843 hominem
3476 2801 3608 2842 vero

2021 2882 2243 2947 factum,
2281 2898 2374 2953 per
2403 2882 2454 2937 id
2493 2883 2636 2953 quod
2670 2891 2828 2937 vocet
2861 2881 3059 2937 Filium
3089 2881 3281 2935 David.

2093 3060 2153 3114 Β.
2198 3061 2443 3115 Dixeriut
2472 3061 2537 3115 ad
2569 3061 2685 3116 hate
2711 3060 2965 3125 fortasse,
2999 3068 3262 3130 quantum
3289 3059 3603 3130 conjectura

2019 3153 2278 3221 consequi
2317 3167 2536 3221 possum
2571 3169 2586 3206 :
2621 3151 2774 3221 Ergo“
2806 3168 2873 3207 ex
2913 3153 3146 3208 essentia
3194 3151 3288 3205 Dei
3325 3167 3387 3207 ac
3426 3152 3608 3207 Patris

2021 3245 2300 3299 fatendum
2334 3244 2494 3299 fuerit
2525 3259 2645 3300 esse
2675 3245 2840 3300 etiam
2889 3259 3012 3300 eum
3054 3245 3146 3314 qui
3182 3255 3266 3299 est
3295 3259 3368 3299 ex.
3400 3245 3608 3299 semine

2018 3337 2232 3391 David?

2089 3427 2163 3484 Α,
2197 3427 2267 3481 At
2299 3443 2442 3483 vero.
2463 3427 2736 3497 quomodo
2759 3442 2866 3483 non
2899 3429 3016 3484 hmo
3053 3428 3408 3500 interrogatio
3450 3427 3605 3484 stoli-

2019 3519 2207 3576 ditatis
2235 3520 2389 3588 plena
2427 3528 2742 3587 censeatur,
2771 3529 2826 3574 et
2857 3535 2894 3574 a.
2924 3519 3188 3574 studiosis
3215 3518 3467 3574 veritatis
3495 3519 3608 3574 vir.-

2019 3613 2120 3667 tuti
2154 3611 2395 3685 mysterii
2426 3611 2585 3684 plane
2623 3627 2927 3684 repugnare
2951 3611 3225 3682 iudicetur
3239 3611 3274 3665 ἳ-

2096 3798 2154 3854 B:
2203 3796 2298 3852 Dic
2329 3805 2642 3869 quo-pacto.

2083 3891 2150 3946 A.
2204 3890 2284 3946 Ne
2341 3890 2472 3944 mihi
2535 3891 2653 3944 haec
2713 3887 2966 3952 dividas,
3016 3895 3270 3957 tanquam
3336 3886 3609 3940 diversum

2024 3982 2316 4052 quemdam
2347 3989 2596 4035 statuens
2623 3978 2692 4034 ab
2719 3995 2828 4034 uno
2857 3979 3078 4036 Christo
3113 3991 3167 4034 et
3197 3978 3332 4033 Filio
3355 3979 3606 4042 Domino,

2018 4090 2141 4130 eum
2169 4074 2270 4143 qui-
2299 4083 2382 4128 est
2407 4089 2479 4128 ει.
2507 4074 2714 4128 semine
2751 4073 2942 4128 David.
2982 4072 3239 4130 Veritatis
3287 4073 3433 4127 enim
3469 4073 3608 4127 ratio

2021 4165 2124 4219 hoc
2152 4162 2269 4217 vult
2299 4174 2358 4217 ut
2391 4163 2705 4231 unigenitus
2735 4160 2904 4217 Filius
2931 4177 2997 4217 ex
3033 4161 3143 4218 Deo
3174 4162 3338 4217 Patre
3365 4163 3605 4234 genitus,

2020 4255 2137 4325 ipse
2167 4262 2352 4310 etnon
2397 4255 2536 4310 alius
2588 4254 2661 4310 sit
2704 4269 2770 4309 ex
2805 4253 2973 4308 David
3022 4256 3320 4309 secundum
3365 4268 3606 4310 carnem.

2019 4347 2286 4403 Audiendi
2325 4347 2505 4416 itaque
2537 4362 2643 4402 non
2672 4356 2824 4411 sunt,
2864 4347 2953 4416 qui
2986 4361 3054 4400 ex
3082 4346 3344 4400 immensa
3371 4347 3608 4416 quadam

2022 4437 2231 4494 insania
2269 4438 2478 4504 volunt,
2528 4439 2671 4508 quod
2723 4438 2867 4494 sicut
2917 4437 3148 4492 Verbum
3201 4437 3344 4507 quod
3404 4452 3436 4491 e
3468 4438 3610 4494 cmlo

322 4545 494 4614 φύσιν
529 4545 657 4607 Υἱὸς
697 4541 803 4595 τοῦ·
827 4541 1010 4595 Δαϐίδ.
1060 4539 1249 4606 Οὕτως
1274 4541 1394 4595 οὐδὲ
1433 4543 1460 4595 6
1508 4543 1572 4595 ὲκ
1603 4541 1914 4614 σπέρματος

2025 4529 2307 4586 descendit
2337 4545 2441 4586 non
2480 4537 2566 4586 est
2594 4531 2890 4587 secundum
2939 4539 3186 4585 naturam
3227 4529 3367 4585 tilius
3403 4529 3608 4593 David,

321 4637 423 4691 τοῦ
455 4636 638 4699 Δασὶδ,
668 4635 798 4699 Υἱός
819 4635 936 4712 ὲστι
963 4633 1106 4688 κατὰ
1129 4632 1291 4702 φύσιν
1319 4630 1413 4686 τοῦ
1431 4632 1588 4688 Θεοῦ.
1624 4634 1684 4687 '0
1708 4634 1819 4706 γάρ
1833 4651 1916 4688 τοι

323 4729 495 4797 φύσει
524 4727 618 4781 καὶ
651 4724 867 4797 ἀληθῶς
894 4725 960 4778 ὲκ
991 4723 1084 4778 τοῦ
1123 4723 1336 4796 Πατρδς
1364 4724 1690 4796 ἀναλάμψας
1720 4725 1914 4794 Λόγος,

325 4824 390 4874 ἐν
423 4818 730 4891 προσλήψει
759 4815 996 4887 γεγονὼς
1028 4815 1230 4887 σαρκὸς
1257 4815 1352 4869 καὶ
1382 4815 1633 4887 αἵματος,
1665 4815 1919 4886 καθάπερ

326 4913 470 4982 ἔφην
508 4911 733 4984 ἀρτίως,
765 4909 1076 4980 μεμένηκεν
1103 4910 1132 4961 6
1161 4905 1346 4972 α’ὑτδς,
1378 4908 1648 4976 τουτέστι,
1674 4907 1834 4976 φύσει
1860 4924 1919 4960 τε

327 5007 428 5067 καὶ
457 5001 676 5076 ἀληθῶς
695 5003 826 5067 Υἱὸς
859 4999 957 5054 τοῦ
993 4999 1230 5071 Πατρὺς,
1267 4994 1350 5064 εἷς
1377 5000 1454 5054 ὣν
1483 4999 1576 5053 καὶ
1611 4999 1797 5070 μόνος,
1824 5001 1926 5054 καὶ

326 5097 433 5166 ούχ
463 5095 538 5160 ὡς
571 5094 761 5166 ἕτερος
797 5091 919 5164 μεθ’
949 5092 1162 5161 ἐτέρου,
1193 5090 1283 5145 ἵνα
1321 5089 1418 5142 καὶ
1442 5088 1505 5142 ἓν
1535 5089 1701 5142 αὐτοῦ
1730 5089 1922 5160 νοῆται

330 5188 648 5260 πρόσωπον.
692 5186 1120 5256 Συναγείροντες
1167 5183 1278 5256 γὰρ
1327 5181 1502 5246 οὕτως
1545 5181 1682 5254 πρὸς
1727 5180 1922 5236 ἕνωσιν

332 5283 535 5354 ἀληθῆ,
565 5282 665 5336 καὶ·
682 5281 782 5354 τὴν
810 5280 954 5352 ὑπὲρ
976 5276 1101 5332 νοῦν
1135 5275 1229 5330 καὶ
1279 5273 1438 5343 Λόγον
1462 5275 1532 5326 τὰ
1551 5274 1666 5335 τοῖς
1687 5271 1788 5342 τῆς
1815 5271 1920 5341 φύ-

335 5389 476 5436 σεως
515 5372 699 5439 λόγοις
748 5370 884 5441 πρὸς
911 5369 1284 5440 ἀνομοιότητα
1332 5363 1788 5435 διεσχοινισμένα,
1820 5363 1920 5433 τὴν

334 5464 550 5535 ἁπλανῆ
570 5464 670 5534 τῆς
687 5463 926 5526 πίστεως
952 5459 1285 5533 βαδιούμεθα
1299 5457 1506 5531 τρίϐον.
1523 5457 1661 5511 Ἕνα
1683 5455 1792 5528 γὰρ
1821 5456 1918 5509 καὶ

333 5554 429 5608 τὸν
461 5555 624 5609 αὐτὸν
656 5551 796 5608 εἷναί
836 5569 1018 5624 φαμεν
1034 5551 1270 5624 Χριστὸν
1301 5549 1530 5622 Ἰησοῦν,
1560 5549 1623 5602 ὲκ
1651 5545 1788 5601 Θεοῦ
1822 5547 1921 5619 μὲν

337 5646 576 5718 Πατρὺς,
606 5647 682 5710 ὡς
707 5645 841 5699 Θεὸν
857 5643 1051 5714 Λόγον,
1070 5643 1136 5696 ὲκ
1160 5641 1476 5716 σπέρματος
1497 5640 1554 5703 δὲ
1582 5638 1724 5694 κατά
1742 5637 1920 5710 σάρκα

2025 4623 2100 4680 ita
2135 4637 2310 4693 neque
2335 4624 2380 4678 is
2401 4620 2492 4694 qui
2521 4632 2606 4679 est
2637 4639 2703 4679 ex
2742 4624 2948 4678 semine
2989 4620 3158 4677 David
3196 4631 3280 4678 est
3309 4619 3476 4676 Filius
3520 4637 3610 4676 se-

2027 4717 2263 4774 cundum
2298 4725 2544 4771 naturam
2578 4716 2691 4770 Dei.
2726 4714 2861 4769 Nam
2902 4714 3136 4770 Verbum
3164 4715 3305 4784 quod
3341 4714 3609 4769 naturali-

2028 4817 2111 4864 ter
2140 4823 2202 4862 ac
2237 4821 2367 4864 vere
2397 4821 2466 4863 ex
2499 4806 2659 4862 Patre
2689 4804 2922 4869 ell‘ulsit,
2954 4820 3076 4860 cum
3126 4819 3348 4860 carnem
3391 4814 3446 4859 et
3485 4821 3612 4860 san-

2027 4901 2244 4972 guinem
2281 4901 2594 4971 assumpsit,
2625 4898 3077 4969 quemadmodum
3105 4896 3266 4952 modo
3294 4897 3426 4961 dixi,
3452 4912 3611 4951 man-

2026 4994 2100 5049 sit
2137 4994 2301 5057 idem,
2349 4994 2452 5048 hoc
2504 5001 2609 5057 est,
2662 5002 2853 5046 natura
2884 4999 2940 5045 et
2987 5005 3115 5046 vere
3165 4988 3335 5044 Filius
3386 4987 3609 5044 Patris:

2030 5102 2172 5143 unus
2197 5085 2473 5144 exsistens
2496 5099 2561 5140 ac
2604 5084 2774 5151 solus,
2808 5094 2864 5140 et
2897 5099 3000 5138 non
3046 5093 3105 5138 ut
3145 5082 3281 5138 alius
3319 5098 3440 5138 cum
3482 5082 3611 5148 alio,

2028 5185 2087 5234 ut
2108 5189 2163 5233 et
2191 5193 2307 5233 una.
2327 5177 2496 5247 ipsius
2525 5186 2811 5232 censeatur
2836 5191 3091 5246 persona.
3131 5173 3243 5230 Hoc
3272 5177 3419 5229 enim
3457 5186 3616 5242 pacto

2029 5271 2352 5325 reducentes
2403 5269 2469 5322 ad
2507 5283 2691 5323 veram
2728 5268 3015 5333 unitatem,
3054 5277 3109 5322 et
3161 5266 3497 5320 intellectum
3550 5279 3616 5320 ac

2029 5373 2265 5417 mentem
2301 5369 2541 5416 nostram
2590 5371 2935 5429 superantem
2975 5375 3098 5431 qum
3143 5360 3356 5416 ratione
3407 5367 3615 5413 natura:

2029 5453 2311 5510 dissimilia
2351 5453 2495 5508 inter
2524 5467 2582 5507 se
2623 5461 2768 5519 sunt,
2814 5459 3018 5506 rectam
3047 5451 3172 5507 fidei
3221 5449 3612 5508 viamiusisti-

2030 5561 2171 5602 mus.
2204 5545 2387 5602 Unum
2427 5544 2572 5601 enim
2600 5544 2764 5600 etiam
2792 5543 2967 5614 ipsum
3005 5557 3128 5600 esse
3157 5543 3389 5599 dicimus
3423 5540 3612 5599 Iesum

2027 5638 2305 5695 Christum
2339 5653 2352 5691 :
2386 5651 2454 5693 ex
2479 5636 2588 5693 Deo
2615 5635 2834 5707 quidem
2863 5633 3026 5694 Patre
3057 5644 3117 5693 ut
3143 5635 3312 5692 Deum
3337 5634 3610 5702 Verbum;

412 5827 440 5861 ⁸
463 5825 650 5881 Matth.
685 5840 821 5892 xxu,
853 5823 941 5879 η
1015 5823 1035 5853 ⁸
1071 5821 1201 5878 ibid.
1233 5819 1419 5877 43-45.
1497 5821 1516 5853 ⁷
1551 5818 1711 5876 Hebr.
1764 5832 1802 5883 t,
1857 5817 1913 5873 5.

2058 5814 2190 5872 ibid.
2232 5813 2318 5870 l5.
2353 5814 2424 5888 μ’
2458 5811 2658 5884 Ephes.
2681 5827 2722 5884 ι,
2752 5810 2844 5868 2t.
