4050 6414
472 365 604 420 t299

1467 364 1524 418 S.
1565 361 1845 418 CYBILLI
1885 360 2352 416 ALEXANDRINI
2391 345 2720 416 ARCHIEP.’

3599 354 3748 411 {7:00

469 493 534 540 ex
594 477 803 532 semine
865 486 1064 543 autem,
1122 478 1417 532 secundum
1481 491 1736 543 carnem,
1803 478 2044 535 Davidis.

2171 481 2247 536 τοῦ
2274 479 2564 536 θεσπεσίου
2594 478 2778 532 Δαδίδ.
2826 478 2898 531 Ἣ
2938 478 3038 531 οὐκ
3074 475 3272 546 ἄριστά
3323 491 3406 528 σοι
3447 471 3619 528 ταῦτα
3653 473 3742 526 δι-

469 571 623 623 Anne
647 567 742 620 tibi
770 575 914 621 recte
934 567 1002 621 de
1033 567 1116 621 his
1139 568 1316 637 egisse
1350 566 1579 621 videor?

535 658 596 711 Β.
637 655 894 713 Omnino.

540 751 609 804 Δ.
650 749 922 805 Caeterum
968 747 1173 818 aliquid
1219 757 1482 818 praeterea
1529 749 1863 806 adversariis
1912 748 2050 818 adji-

471 843 630 896 ciam.

539 936 601 988 B.
642 934 953 1000 Quidnam?

540 1027 606 1081 Α.
650 1025 838 1097 Neque
884 1028 1028 1083 enim
1080 1027 1434 1097 Unigenitnm
1479 1028 1648 1084 Deum
1689 1027 1924 1085 Verbum
1967 1044 2055 1086 es-

472 1106 700 1173 sen-tiam
727 1135 792 1173 ex
831 1120 941 1175 Deo
984 1119 1146 1176 Patre
1177 1121 1377 1177 habere
1428 1122 1690 1192 credunt;
1740 1122 1836 1178 sed
1887 1123 2057 1179 homi-

474 1226 595 1263 nem
631 1211 809 1279 illum,
842 1213 934 1282 qui
983 1225 1080 1279 per
1125 1213 1584 1282 coniunctionem,
1615 1225 1676 1270 ut
1712 1216 1816 1286 ipsi
1845 1216 2053 1285 volunt,

473 1315 785 1373 assumptus
810 1313 919 1371 est,
957 1319 1027 1360 ex
1069 1306 1280 1362 semine
1310 1305 1478 1361 David
1531 1306 1732 1362 factum
1778 1322 1898 1363 esse
1926 1322 2058 1363 con-

476 1399 727 1453 tendunt.

545 1486 607 1540 B.
646 1487 724 1542 ita
757 1489 931 1544 aiunt.

546 1578 612 1631 Α.
657 1577 948 1649 Superabit
981 1581 1165 1651 itaque
1207 1582 1428 1637 omnino
1483 1579 1722 1638 Verbum
1774 1582 1917 1652 quod
1958 1597 2056 1637 na-

476 1679 594 1725 tura
630 1666 694 1728 ac
718 1686 844 1727 vere
885 1672 1024 1729 Deus
1053 1684 1156 1740 est,
1182 1690 1306 1730 eum
1351 1675 1446 1744 qui
1481 1685 1564 1732 est
1599 1690 1667 1731 ex
1713 1677 1922 1731 semine
1954 1675 2059 1729 Da-

477 1763 612 1816 vid:
658 1772 715 1820 et
773 1775 927 1821 tanto
979 1767 1198 1838 quidem
1247 1767 1510 1834 excellet,
1565 1777 1829 1839 quantum
1880 1777 1963 1824 est
1999 1768 2053 1823 in

476 1865 790 1910 naturarum
832 1857 1132 1914 dili‘erentia
1175 1860 1466 1915 intervalli.
1521 1860 1630 1916 Aut
1676 1861 1722 1917 sl
1763 1860 1834 1916 ita
1880 1875 1939 1917 se
1969 1877 2056 1917 res
2089 1853 2128 1908 Β

476 1961 582 2001 non
615 1947 776 2003 habet
810 1963 874 2004 ac
916 1951 1057 2016 dico,
1093 1966 1192 2006 cur
1230 1952 1413 2022 itaque
1463 1953 1845 2023 diStinguunt?
1883 1953 2058 2024 Atque

475 2037 603 2093 huic
627 2041 847 2109 quidem
879 2043 1126 2097 tribuunt
1156 2044 1343 2114 gloria:
1377 2044 1686 2101 facultatem
1707 2087 1722 2111 ,
1753 2046 1899 2102 hunc
1927 2061 2057 2102 vero

474 2138 728 2199 tanquam
762 2135 1034 2204 acceperit
1057 2135 1428 2201 introducunt,
1465 2146 1630 2208 atque
1671 2138 1722 2192 id
1761 2137 1902 2207 quod
1953 2147 2052 2205 est,

475 2221 647 2276 instar
665 2224 809 2291 doni,
831 2233 992 2296 atque
1011 2226 1168 2298 751
1195 2228 1439 2283 beneﬁcii
1459 2229 1811 2285 lucril‘ecisse.
1830 2229 2059 2285 Inferior

475 2321 656 2366 autem
689 2321 743 2367 et
774 2314 1044 2382 posterior
1085 2326 1168 2371 est
1203 2317 1295 2387 qui
1327 2319 1547 2389 accipit,
1587 2334 1748 2388 quam
1794 2320 1884 2389 qui
1927 2321 2052 2386 dat;

473 2412 528 2456 et
563 2401 608 2457 is
635 2403 724 2472 qui
755 2404 823 2459 ab
848 2404 954 2459 alio
982 2405 1164 2476 gloriae
1199 2408 1470 2479 particeps
1528 2409 1779 2477 elﬁcitur,
1817 2424 1981 2480 quam
2011 2411 2056 2465 is

474 2491 566 2559 qui
605 2493 832 2564 gloriam
865 2495 1199 2566 impertitur.

543 2582 605 2640 Β.
627 2585 938 2655 Maximam,
959 2590 1217 2657 arbitror,
1244 2594 1407 2647 etiam
1429 2593 1531 2663 ipsi
1555 2592 1914 2649 differentiam
1942 2601 2058 2648 sta-

475 2686 635 2731 tuunt
665 2679 811 2734 inter
833 2680 998 2735 Deum
1027 2692 1083 2736 et
1122 2683 1390 2740 homines.

546 2767 614 2822 Α.
642 2768 804 2838 Atqui
838 2772 1108 2840 quomodo
1139 2773 1578 2844 sapientissimus
1608 2773 1815 2830 Paulus
1850 2775 2058 2828 divino-

477 2873 596 2913 rum
629 2863 1010 2930 mysteriorum
1049 2865 1302 2922 minister
1339 2867 1513 2938 ipsum
1551 2868 1699 2922 illum
1749 2868 1839 2936 qui
1864 2867 2057 2938 praedi-

475 2960 636 3006 catur
669 2952 1060 3009 inhabitantem
1095 2957 1148 3011 in
1179 2973 1237 3013 se
1259 2957 1492 3024 habens,
1523 2972 1577 3014 et
1605 2961 1832 3030 loquens
1855 2961 1906 3014 in
1931 2959 2055 3030 Spi-

476 3043 608 3107 ritu,
627 3045 923 3100 secundum
952 3061 1173 3104 carnem
1207 3064 1273 3104 ex
1297 3049 1499 3105 Judaeis
1529 3060 1584 3105 et
1608 3035 1782 3104 Deum
1802 3051 2056 3120 appellat,

471 3145 527 3199 et
559 3138 903 3196 benedictum
937 3155 1062 3198 esse
1088 3145 1216 3198 dicit
1246 3146 1298 3199 in
1347 3145 1543 3200 saecula
1569 3164 1582 3202 :
1608 3160 1765 3200 amen
1802 3143 1889 3198 ‘°?
1917 3143 2056 3210 Quid

473 3231 726 3299 superius
782 3241 867 3288 est
942 3231 1055 3289 Deo
1117 3236 1210 3304 qui
1259 3249 1424 3305 supra
1484 3249 1675 3290 omnes
1735 3233 1859 3290 est?
1925 3206 2127 3303 quidc

472 3334 655 3378 autem
699 3324 878 3395 majus
927 3326 980 3382 in
1018 3324 1192 3382 Verbo
1223 3329 1369 3397 quod
1398 3342 1466 3383 ex
1505 3326 1668 3382 Patre
1698 3328 1939 3396 genitum
1971 3334 2057 3382 est

470 3414 594 3482 quis
615 3415 1008 3484 deprehendat,
1029 3432 1191 3486 quam
1216 3418 1269 3472 in
1300 3433 1366 3473 eo
1385 3419 1478 3489 qui
1504 3420 1801 3474 secundum
1837 3432 2057 3473 carnem

470 3520 537 3559 ex
567 3503 814 3562 Iudaeis?
853 3509 1122 3578 siquidem
1153 3522 1239 3564 est
1271 3510 1409 3566 alius
1444 3510 1513 3566 ab
1555 3512 1673 3582 ipso
1715 3519 1770 3565 et
1813 3507 2056 3580 peculia-

471 3595 605 3652 riter
632 3596 800 3654 Filius
827 3608 990 3667 atque
1015 3599 1113 3654 hoc
1147 3615 1252 3654 non
1293 3615 1439 3656 vere.

542 3684 604 3739 B.
637 3686 742 3742 Sed
771 3688 1042 3742 admissus
1070 3698 1176 3752 est,
1209 3688 1483 3758 inquiunt,
1511 3692 1808 3747 secundum
1834 3693 2057 3763 conjun-

471 3777 707 3832 ctionem
739 3778 783 3833 is
810 3778 900 3846 qui
927 3787 1010 3832 est
1044 3795 1106 3832 ex
1139 3781 1346 3835 semine
1369 3780 1562 3845 David,
1596 3793 1650 3836 et
1683 3798 1804 3839 cum
1839 3785 2054 3840 inhabi-

472 3867 600 3928 tarit
644 3868 698 3920 in
731 3867 846 3938 ipso
897 3866 1038 3922 Deus
1087 3870 1357 3924 cxsistcns
1411 3869 1669 3941 Verbum,
1708 3889 2055 3930 communem

468 3977 592 4018 eum
641 3961 733 4016 illo
766 3962 1088 4032 dignitatem
1127 3973 1180 4017 et
1218 3963 1443 4032 gloriam
1482 3969 1865 4037 consequitur;
1910 3968 2055 4038 quod

467 4064 522 4112 et
573 4053 978 4109 sacratissimus
1018 4053 1218 4109 Paulus
1262 4055 1329 4110 de
1377 4056 1495 4126 ipso
1554 4060 1804 4115 scribens
1853 4063 2050 4119 docet:

451 4165 494 4202 ,ι
529 4145 667 4213 Quia
701 4147 872 4202 factus
897 4157 979 4203 est
1017 4149 1277 4203 obediens
1307 4148 1455 4203 Patri
1502 4165 1670 4220 usque
1700 4151 1767 4205 ad
1799 4165 2052 4220 mortem,

468 4247 700 4292 mortem
745 4248 924 4292 autem
975 4238 1175 4293 crucis.
1209 4237 1334 4293 ideo
1362 4249 1415 4294 et
1451 4239 1592 4294 Deus
1621 4243 2056 4311 superexaltavlt

466 4349 616 4397 enim,
648 4342 702 4390 et
740 4334 889 4388 dedit
921 4333 970 4386 ei
1014 4347 1210 4387 nomen
1243 4334 1386 4401 quod
1420 4344 1504 4388 est
1552 4348 1718 4404 super
1744 4349 1907 4391 omne
1955 4349 2055 4390 no-

468 4442 594 4480 men
627 4425 695 4490 “,
735 4445 762 4482 r
795 4427 897 4482 hoc
929 4434 1039 4494 est,
1065 4423 1227 4480 Deus.

536 4521 599 4572 A.
629 4518 992 4573 Peculiariter
1027 4519 1232 4589 itaque,
1259 4527 1317 4572 et
1360 4525 1420 4572 ut
1447 4517 1664 4574 diverso
1693 4520 1921 4574 seorsim
1957 4519 2049 4573 Fi-
2086 4547 2129 4602 ο

467 4611 542 4667 lio
569 4611 656 4681 qui
691 4619 779 4665 est
809 4626 875 4670 ex
910 4611 1117 4666 semine
1151 4612 1341 4675 David,
1375 4610 1562 4667 datum
1593 4609 1762 4664 fuisse
1791 4609 1981 4664 dicunt
2021 4626 2052 4665 a

466 4701 577 4758 Deo
607 4718 805 4759 nomen
838 4705 980 4772 quod
1011 4714 1096 4758 est
1124 4719 1290 4774 super
1316 4718 1478 4756 omne
1513 4715 1731 4755 nomen.

533 4795 592 4848 Β.
624 4795 700 4848 Ita
724 4795 894 4849 aiunt.
916 4795 1051 4850 Cum
1082 4797 1226 4850 enim
1280 4791 1606 4862 Uuigenitus
1634 4793 1706 4846 sit
1739 4790 1880 4846 Deus
1910 4801 1965 4848 et
1984 4808 2052 4850 ex

467 4889 575 4944 Deo
601 4889 903 4946 secundum
941 4899 1214 4950 naturam,
1253 4885 1528 4954 quomodo
1562 4883 1636 4937 illi
1667 4884 1851 4938 datum
1885 4884 2051 4948 fuerit

464 4982 512 5034 id
542 4980 688 5049 quod
720 4994 783 5035 ex
809 4994 866 5034 se
887 4979 1048 5034 habet
1072 4979 1105 5030 Y-

532 5073 597 5124 A.
640 5071 783 5142 Ergo
813 5071 856 5124 si
886 5069 955 5128 de
981 5071 1098 5136 ipso
1127 5066 1333 5120 dictum
1374 5079 1477 5118 non
1523 5075 1606 5121 est
1645 5067 1788 5136 quod
1818 5082 2045 5138 accepe-

466 5159 555 5222 rit,
584 5158 926 5227 inquiramus
957 5164 1214 5209 accurate
1265 5155 1620 5223 (luamobrem
1655 5158 1871 5212 divinus
1902 5157 2043 5214 Pau~

463 5251 544 5303 lus
577 5249 899 5318 scripserit:
935 5265 953 5299 ι
997 5246 1108 5300 Hoc
1146 5245 1289 5300 enim
1328 5246 1526 5302 sentite
1558 5248 1610 5302 in
1648 5250 1798 5305 vobis
1827 5253 1969 5319 quod
1989 5262 2044 5306 et

461 5341 513 5394 in
541 5341 762 5395 Christo
794 5337 966 5393 Jesu:
1004 5339 1094 5408 qui
1143 5354 1266 5396 cum
1315 5338 1369 5393 in
1396 5338 1566 5396 forma
1594 5340 1694 5396 Dei.
1734 5355 1899 5407 esset,
1933 5359 2047 5398 non.

462 5434 712 5502 rapinam
751 5432 1052 5487 arbitratus
1099 5440 1186 5487 est
1215 5447 1274 5486 se
1300 5447 1420 5488 esse
1464 5435 1727 5505 aequalem
1770 5436 1902 5500 Deo,
1943 5437 2039 5491 sed

462 5525 821 5592 semetipsum
857 5525 1178 5592 exinanivit,
1211 5525 1441 5584 formam
1475 5528 1620 5584 servi
1667 5530 1964 5598 accipiens,
1989 5529 2042 5584 in

461 5616 870 5684 similitudinem
911 5618 1186 5675 hominum
1221 5619 1398 5685 factus
1454 5630 1509 5685 et
1552 5622 1740 5681 habitu
1789 5623 2044 5687 inventus

528 5797 572 5838 ⁸ο
604 5795 760 5854 Rom.
796 5819 869 5868 lx,
913 5803 966 5858 5.
1047 5802 1085 5833 ¹⁸
1132 5801 1359 5869 Philipp.
1397 5815 1453 5863 ll,
1489 5801 1542 5863 8,
1574 5797 1628 5852 9.

2153 574 2418 644 εσκέφθαι
2447 571 2589 626 δοκῶ
2611 589 2625 636 ;

2222 667 2285 718 Β.
2327 664 2478 718 Πάνυ
2512 663 2611 732 μὲν
2639 658 2752 716 οὖν.

2225 759 2289 812 Α.
2333 756 2760 828 Προσερήσομαι
2807 754 2865 807 δέ
2895 769 2947 806 τι
3001 753 3093 806 καὶ
3134 751 3320 824 ἕτερον
3367 751 3491 813 τοὺς
3525 750 3754 804 διενανν

2152 851 2293 913 τίας.

2226 944 2288 997 Β.
2321 941 2396 995 Τὸ
2427 941 2481 994 τί
2512 939 2576 1011 δὴ
2606 939 2742 1010 φήςς

2225 1036 2290 1089 Α.
2333 1034 2408 1088 Οὐ
2437 1034 2545 1104 γὰρ
2571 1034 2636 1085 ἐκ
2655 1030 2747 1085 τοῦ
2778 1029 2994 1099 Πατρὸς
3019 1028 3118 1098 τὴν
3145 1025 3379 1096 ὓπαρξιν
3401 1022 3548 1094 ἔχειν
3575 1038 3745 1077 mm-

2158 1127 2418 1182 στεὺκασι
2453 1126 2546 1179 τὸν
2591 1124 2856 1195 μονογενῆ
2887 1120 3021 1175 Θεὸν
3050 1119 3246 1187 Λόγον,
3284 1117 3373 1171 τόν
3401 1134 3464 1185 γε
3505 1116 3632 1187 μὴν,
3663 1115 3747 1180 ὠς

2157 1220 2310 1276 αὐτοί
2345 1236 2476 1289 φασι
2505 1216 2782 1291 ληφθέντα
2821 1214 2963 1269 κατὰ
2996 1213 3294 1280 συνάφειαν
3339 1210 3646 1278 ἄνθρωπον,
3675 1210 3746 1262 ἐκ

2160 1311 2476 1382 σπέρματος
2519 1307 2775 1380 γενέσθαι
2835 1306 2930 1359 τοῦ
2985 1304 3273 1358 θεσπεσίου
3327 1301 3493 1356 Δαϐὶδ
3543 1301 3743 1356 διατεί-

2159 1420 2361 1458 νονται.

2229 1496 2291 1548 Β.
2333 1495 2490 1548 Οὕτω
2521 1491 2676 1564 φασί.

2228 1591 2291 1642 Α.
2335 1585 2722 1654 Πλεονεκτήσει
2753 1583 2818 1655 δὴ
2869 1576 2962 1637 οὖν
3007 1582 3186 1651 πάντη
3231 1596 3292 1632 τε
3349 1578 3444 1633 καὶ
3498 1576 3744 1640 πάντως,

2160 1683 2318 1754 φύσει
2341 1699 2397 1734 τε
2422 1681 2514 1734 καὶ
2531 1677 2655 1750 δόξῃ
2682 1678 2812 1739 Θεὸς
2837 1675 2932 1740 ὣν,
2960 1677 2988 1730 6
3009 1674 3200 1743 Λόγος,
3226 1672 3318 1726 τὸν
3344 1673 3409 1724 ἐκ
3428 1670 3750 1740 σπέρματος

2159 1774 2252 1830 τοῦ
2275 1773 2459 1828 Δαὸίδ.
2498 1771 2609 1825 Καὶ
2645 1769 2997 1842 ὑπεραλεϊται
3044 1765 3316 1827 τοσοῦτον,
3351 1765 3477 1817 ὅσον
3518 1761 3584 1816 ἂν
3630 1761 3749 1830 ἔχοι

2157 1865 2218 1919 τὸ
2249 1861 2581 1935 μεσολαϐοῦν
2613 1859 2723 1914 τῶν
2753 1859 2967 1929 φύσεων
2996 1858 3028 1928 ἡ
3069 1854 3322 1926 διαφορά.
3353 1855 3424 1906 Ἢ
3454 1853 3614 1923 εἴπερ
3644 1851 3751 1904 οὐκ

2159 1954 2307 2008 ἐστιν
2341 1951 2539 2023 ἀληθὲς
2577 1951 2606 2004 ὃ
2651 1967 2816 2020 φημι,
2846 1947 3149 2018 διαιροῦσιν
3193 1945 3309 2000 ἀνθ’
3343 1946 3491 2005 ὅτου,
3536 1943 3632 1996 καὶ
3666 1941 3752 2012 τῷ

2162 2045 2260 2116 μὲν
2289 2045 2512 2114 νέμουσι
2563 2041 2662 2112 τῆς
2689 2039 2848 2108 δόξης
2878 2037 2977 2110 τὴν
3012 2037 3281 2102 ἐξουσίαν,
3307 2034 3400 2088 τὸν
3420 2033 3475 2087 δὲ
3513 2031 3768 2087 λαϐόντα·

2160 2135 2620 2209 παρακομίζουσι,
2643 2133 2737 2187 καὶ
2757 2131 2904 2186 τοῦθ’
2929 2133 3068 2201 ὅπερ
3097 2129 3266 2192 ἐστὶν,
3295 2129 3352 2181 ἐν
3369 2126 3521 2192 τάξει
3542 2125 3754 2195 γερῶν,

2160 2231 2252 2285 καὶ
2276 2232 2334 2283 ἐν
2364 2228 2705 2300 χαρίσματος
2729 2225 2896 2296 μοίρᾳ
2929 2221 3301 2294 κερδαίνοντα.
3331 2221 3503 2275 Μεῖον
3527 2218 3583 2272 δὲ
3619 2217 3757 2272 πάν-

2157 2339 2266 2385 τως
2302 2320 2398 2374 καὶ
2452 2321 2510 2372 ἐν
2539 2317 2812 2384 δευτέροις
2868 2314 2964 2368 τοῦ
3011 2314 3284 2376 διδόντος,
3332 2311 3393 2364 τὸ
3436 2311 3750 2380 δεχόμενον,

2159 2416 2254 2470 καὶ
2290 2413 2384 2468 τοῦ
2417 2410 2752 2478 δοξάζοντος,
2795 2408 2857 2461 τὸ
2903 2408 3003 2477 τῆς
3052 2405 3180 2478 παρ’
3224 2403 3389 2458 αὐτοῦ
3427 2401 3584 2472 δόξης
3616 2416 3754 2470 μετ-

2160 2505 2415 2577 εσχηκός.

2230 2598 2292 2650 Β.
2334 2593 2621 2664 Πλείστην,
2646 2587 2822 2661 οἶμαι,
2857 2588 2952 2644 καὶ
2981 2586 3137 2642 αὐτοὶ
3162 2588 3318 2655 φαῖεν
3343 2584 3410 2639 ἂν
3432 2581 3529 2654 τὴν
3557 2581 3752 2650 διαφο-

2163 2683 2261 2754 ρὰν
2289 2680 2426 2735 Θεοῦ
2457 2698 2517 2734 τε
2543 2679 2637 2733 καὶ
2675 2676 3000 2749 ἀνθρώπων.

2228 2779 2294 2831 Α.
2331 2771 2465 2829 Εἶτα
2496 2772 2612 2836 πῶς
2639 2772 2666 2824 6
2698 2771 2974 2837 πάνσοφος
3007 2766 3238 2829 Παῦλος,
3268 2767 3296 2818 6
3331 2764 3439 2818 τῶν
3463 2761 3620 2816 θείων
3656 2777 3759 2831 μυ-

2165 2869 2403 2942 στηρίων
2440 2864 2754 2938 ἱερουργὸς,
2797 2863 2824 2914 6
2882 2859 3048 2914 αὑτὸν
3094 2857 3300 2912 ἔνοικον
3330 2855 3470 2925 ἔχων
3518 2853 3610 2905 τὸν
3655 2868 3760 2920 κη-

2163 2962 2508 3035 ρυττόμενον,
2539 2959 2631 3011 καὶ
2652 2955 2830 3009 λαλῶν
2858 2955 2914 3007 ἐν
2943 2949 3246 3021 Πνεύματι,
3275 2948 3364 3002 τὸν
3390 2945 3532 3001 κατὰ
3571 2944 3758 3035 σάρκα

2161 3030 2222 3120 ἐξ
2254 3030 2545 3116 Ἰουδαίων,
2578 3048 2671 3102 καὶ
2695 3046 2826 3100 Θεὸν
2857 3041 3252 3115 ὀνομάζει,καὶ
3285 3038 3577 3108 εὐλογητὸν
3609 3030 3759 3089 εἷναί

2163 3163 2328 3218 φησιν
2360 3145 2438 3208 είς
2480 3143 2608 3206 τοὺς
2645 3138 2870 3203 αἰῶνας,
2928 3137 3110 3208 ἀμήν;
3144 3133 3209 3187 Τί
3245 3131 3306 3186 τὸ
3361 3130 3619 3183 ἐπέκεινα
3653 3125 3758 3180 τοῦ

2160 3241 2254 3294 ἐπὶ
2284 3235 2485 3301 παντὸς
2523 3233 2660 3288 Θεοῦ
2686 3250 2700 3299 ;
2747 3233 2802 3286 τί
2829 3231 2886 3285 δέ
2916 3229 2976 3284 τὸ
3014 3227 3199 3300 μεῖζον
3237 3228 3295 3278 ἐν
3325 3222 3402 3294 τῷ
3431 3225 3495 3276 ἐκ
3537 3219 3757 3292 Πατρὸς

2161 3332 2321 3403 φύντι
2346 3331 2504 3400 Λόγῳ
2543 3327 2882 3397 καταθρήσαι
2913 3340 2998 3386 τις
3045 3321 3112 3375 ἂν
3163 3317 3317 3389 παρά
3371 3333 3434 3384 γε
3485 3313 3578 3366 τὸν
3608 3311 3756 3366 κατά

2161 3423 2341 3495 σάρκα
2374 3421 2433 3486 ἐξ
2471 3419 2760 3485 Ἰουδαίων,
2789 3417 2947 3486 εἴπερ
2991 3413 3139 3466 ἐστὶν
3183 3410 3371 3482 ἕτερος
3404 3406 3538 3479 παρ’
3567 3403 3758 3471 αὐτὸν,

2161 3516 2256 3570 καὶ
2285 3514 2470 3578 ἰδικῶς
2498 3505 2627 3577 Υἱός
2649 3529 2660 3542 ·
2678 3511 2774 3563 καὶ
2809 3507 2963 3561 τοῦτο
2987 3506 3087 3559 οὐκ
3108 3503 3323 3576 ἀληθῶς
3344 3520 3359 3569 ἱ

2231 3692 2295 3744 Β.
2349 3688 2488 3742 Ἀλλ’
2531 3686 2811 3756 εἰσεδέχθη
2860 3684 3004 3738 κατὰ
3037 3681 3354 3750 συνάφειαν,
3390 3679 3576 3748 φασὶν,
3626 3678 3656 3730 6
3687 3677 3756 3728 ἐκ

2163 3783 2480 3854 σπέρματος
2499 3776 2596 3831 τοῦ
2626 3776 2811 3840 Δαὸὶδ,
2835 3776 2929 3829 καὶ
2960 3774 3260 3844 ἐπειδήπερ
3291 3771 3565 3842 ἐνῴκησεν
3600 3768 3760 3838 αὐτῷ

2159 3872 2296 3937 Θεὸς
2321 3871 2396 3925 ὢν
2421 3872 2450 3924 6
2495 3869 2691 3938 Λόγος,
2717 3871 2964 3922 κοινωνεῖ
2991 3867 3090 3937 τῆς
3135 3864 3291 3928 ἀξίας
3329 3861 3480 3932 αὐτῷ
3506 3861 3601 3914 καὶ
3648 3860 3758 3930 τῆς

2157 3966 2346 4038 τιμῆς.
2379 3964 2491 4018 Καὶ
2528 3961 2688 4016 τοῦτο
2715 3959 2918 4028 διδάξει
2956 3959 3186 4031 γράφων
3217 3957 3247 4010 6
3281 3955 3576 4028 ἱερώτατος
3596 3951 3758 4007 Παῦ-

2157 4060 2248 4123 λος
2277 4057 2408 4127 περὶ
2443 4053 2633 4110 αὐτοῦ·
2676 4072 2694 4106 ι
2728 4053 2850 4106 Ὅτι
2874 4050 3098 4121 γέγονεν
3152 4049 3394 4120 ὑπήκοος
3441 4043 3522 4114 τῷ
3575 4044 3763 4112 Πατρὶ

2161 4150 2325 4222 μέχρι
2357 4147 2611 4214 θανάτου,
2647 4145 2884 4199 θανάτου
2914 4143 2972 4199 δὲ
3011 4141 3249 4214 σταυροῦ
3269 4156 3283 4171 °
3309 4139 3389 4192 διὸ
3428 4138 3526 4191 καὶ
3557 4139 3585 4188 6
3617 4135 3758 4196 Θεὸς

2158 4242 2320 4296 αὑτὸν
2392 4238 2745 4311 ὓπερύψωσε,
2798 4239 2895 4291 καὶ
2942 4235 3238 4306 ἐχαρίσατο
3287 4228 3439 4300 αὑτῷ
3479 4229 3651 4299 ὄνομα
3691 4226 3757 4289 τὸ

2158 4333 2301 4406 ὑπὲρ
2333 4335 2442 4388 πᾶν
2468 4333 2660 4404 ὀνομα,
2687 4350 2706 4384 ι
2735 4329 2893 4386 τοῦτο
2922 4329 2980 4383 δέ
3005 4331 3122 4383 ἐστι
3147 4327 3230 4393 τὸ,
3254 4326 3408 4390 Θεός.

2229 4513 2294 4565 Α.
2334 4512 2461 4583 ’Ἆρ’
2503 4504 2597 4564 οὖν
2640 4507 2822 4572 ίδικῶς
2871 4523 2931 4561 τε
2980 4505 3075 4560 καὶ
3117 4504 3190 4568 ὡς
3219 4503 3390 4576 ἑτέρῳ
3435 4501 3758 4572 καταμόνας

2159 4602 2277 4675 Υἱῷ
2304 4603 2380 4674 τῷ
2414 4605 2478 4655 ἐκ
2512 4601 2827 4671 σπέρματος
2848 4598 3011 4653 Δαὸὶδ
3043 4595 3289 4654 δεδόσθαι
3311 4596 3448 4667 φασὶ
3474 4593 3628 4665 παρὰ
3653 4593 3757 4646 τοῦ

2155 4697 2292 4753 Θεοῦ
2323 4698 2384 4750 τὸ
2410 4696 2582 4766 ὄνομα
2607 4693 2667 4747 τὸ
2697 4693 2838 4764 ὑπὲρ
2863 4693 2971 4746 πᾶν
3007 4690 3210 4760 ὸνομα;

2218 4792 2286 4845 .B.
2328 4789 2438 4844 Ναὶ
2495 4787 2650 4858 φασι.
2685 4784 2804 4856 Θεῷ
2855 4783 2966 4856 γὰρ
3011 4782 3125 4836 ὄντι
3190 4781 3284 4835 καὶ
3323 4781 3388 4833 ἐκ
3419 4777 3556 4834 Θεοῦ
3604 4777 3756 4832 κατὰ

2156 4879 2320 4949 φύσιν
2379 4876 2458 4949 τῷ
2509 4876 2838 4945 Μονογενεϊ,
2884 4873 3001 4936 πῶς
3046 4871 3112 4927 ἂν
3157 4872 3368 4941 γένοιτο
3401 4868 3573 4934 δοτὸν,
3607 4870 3754 4940 ὅπερ

2153 4973 2308 5044 exet;

2225 5067 2291 5118 Δ.
2333 5063 2548 5119 Οὐκοῦν
2579 5064 2628 5115 εἰ
2681 5060 2758 5132 μὴ
2808 5061 2895 5112 ἐπ’
2927 5058 3090 5113 αὐτοῦ
3135 5057 3377 5112 τέθειται
3417 5058 3480 5114 τὸ
3534 5055 3747 5122 λαϐεῖν,

2153 5156 2533 5228 βασανιξέσθω
2573 5153 2808 5216 λεπτῶς,
2846 5151 2903 5218 ἐξ
2947 5143 3020 5206 ὧν
3063 5151 3342 5222 γέγραφεν
3387 5149 3551 5228 αὐτὸς
3593 5149 3621 5201 6
3653 5148 3747 5202 θε-

2152 5251 2376 5312 σπέσιος
2405 5247 2641 5312 Παῦλος,
2670 5265 2688 5298 ι
2719 5245 2890 5300 Τοῦτο
2912 5244 3019 5315 γὰρ
3050 5245 3297 5315 φρονεῖτε
3327 5227 3558 5305 ἕκαστος
3586 5242 3756 5311 ὑμῶν,

2152 5342 2353 5409 αὐτῶν,
2379 5341 2408 5396 ὃ
2449 5341 2543 5396 καὶ
2579 5341 2638 5396 ἐν
2691 5337 2912 5409 Χριστῷ
2948 5334 3121 5405 Ἰησοῦ
3146 5353 3160 5368 ·
3185 5335 3244 5398 ὃς
3282 5337 3338 5388 ἐν
3385 5336 3566 5406 μορφῇ
3604 5332 3746 5386 Θεοῦ

2151 5438 2437 5508 ὑπάρχων,
2467 5437 2566 5506 οὐχ
2598 5432 2895 5506 ἁρπαγμὸν
2941 5431 3187 5504 ἡγήσατο
3217 5428 3276 5482 τὸ
3310 5421 3452 5482 εἶναι
3476 5427 3566 5481 ἴσα
3595 5427 3748 5496 Θεῷ,

2150 5529 2266 5584 ἀλλ’
2294 5528 2488 5584 ἑαυτὸν
2520 5527 2774 5590 ἐκένωσε,
2811 5523 3023 5596 μορφὴν
3055 5523 3242 5576 δούλου
3270 5519 3471 5584 λαϐὼν,
3499 5522 3557 5574 ἐν
3584 5521 3742 5589 ὁμοι-

2151 5620 2332 5694 ώματι
2380 5620 2668 5691 ανθρώπου
2699 5617 3007 5689 γενόμενος,
3062 5618 3156 5670 καὶ
3197 5615 3438 5692 σχήματι
3493 5609 3753 5696 εὑρεθεὶς
