4050 6424
354 339 495 400 «τις

1492 336 1683 407 QUOD
1725 333 1915 394 UNUS
1954 337 2060 395 SIT
2099 338 2466 399 CHRISTUS.

3500 338 3639 398 1301

357 459 441 521 ὡς
492 454 778 526 ἅνθρωπος
800 473 816 484 ·
863 453 1228 510 ἐταπείνωσεν
1272 452 1466 509 ἑαυτὸν
1513 455 1806 527 γενόμενος
1840 455 1944 508 ὑπ-

2060 464 2108 512 ut
2163 457 2345 513 homo.
2391 458 2707 516 Humiliavit
2746 459 3103 530 semetipsum
3155 456 3332 512 factus
3375 458 3639 514 ohedtens

360 549 527 612 ήκοος
550 547 716 619 μέχρι
751 546 1006 613 θανάτου,
1039 544 1269 601 θανάτου
1294 546 1354 603 δὲ
1387 545 1652 614 σταυροῦ·
1683 545 1765 600 διὸ
1795 546 1890 600 καὶ
1922 548 1950 600 ὁ

359 640 498 704 Θεὸς
520 638 686 694 αὑτὸν
717 637 1066 711 ὑπερύψωσε,
1099 639 1197 693 καὶ
1230 638 1529 713 ἐχαρίσατο
1560 637 1710 710 αὐτῷ
1738 637 1799 692 τὸ
1830 639 1948 693 ὅνο-

366 750 466 802 μα,
491 731 555 786 τὸ
578 732 721 804 ὑπὲρ
743 733 851 786 πᾶν
879 730 1070 802 ὄνομα.
1094 751 1113 785 ι
1137 733 1313 804 Εἴπερ
1336 726 1431 786 οὖν
1460 734 1577 786 ἐστι
1608 731 1729 785 κατ’
1754 731 1951 795 αὐτοὺς

361 826 392 880 ὁ
424 826 493 879 ὲκ
528 826 848 896 σπέρματος
887 824 983 879 τοῦ
1011 825 1176 879 Δαϐὶδ
1219 824 1405 889 ιδικῶς
1432 841 1493 879 τε
1514 824 1608 879 καὶ
1638 824 1952 894 καταμόνας

362 915 655 987 νοούμενος
680 915 990 987 ἄνθρωπος,
1012 917 1074 971 τὸ
1094 917 1234 989 ὑπὲρ
1257 918 1366 972 πᾶν
1394 916 1566 988 ὄνομα
1588 914 1792 979 λαὸὼν,
1814 917 1950 969 ἁπο-

364 1006 672 1075 φαινόντων
720 1008 885 1063 αὐτὸν
926 1009 1355 1081 προϋπάρχοντα
1394 1010 1494 1080 μὲν
1522 1010 1581 1061 ὲν
1616 1012 1801 1081 μορφῇ
1856 1008 1951 1062 τοῦ

362 1099 528 1166 Θεοῦ,
550 1101 650 1171 οὐχ
678 1102 1037 1173 ἡγησάμενον
1062 1102 1121 1157 δὲ
1142 1101 1440 1173 ἁρπαγμὸν
1458 1102 1520 1155 τὺ
1540 1096 1680 1155 εἶναι
1699 1101 1790 1155 ἴσα
1810 1099 1950 1172 Θεῷ,

363 1193 462 1247 καὶ
480 1192 616 1264 πρός
637 1210 701 1263 γε
715 1194 913 1265 τούτῳ,
926 1193 1163 1249 λαϐόντα
1177 1195 1279 1268 τὴν
1297 1193 1487 1248 δούλου
1509 1194 1745 1267 μορφὴν,
1761 1194 1837 1258 ὡς
1853 1194 1954 1249 οὐκ

365 1283 559 1354 ῐχοντα
583 1284 850 1357 δηλονότι,
879 1286 972 1341 καὶ
997 1289 1099 1341 οὐκ
1128 1286 1259 1341 ὄντα
1284 1286 1443 1342 τοῦτο
1474 1287 1603 1355 πρὶν
1630 1286 1792 1361 λάϐῃ.
1815 1285 1954 1341 Καί-

362 1396 471 1444 τοι,
495 1378 641 1434 καθά
664 1396 831 1449 φασιν
859 1380 1036 1444 αὐτοὶ,
1058 1381 1154 1435 καὶ
1188 1383 1405 1453 φρονεῖν
1432 1378 1762 1449 ἐγνώκασιν,
1793 1380 1954 1446 αὐτός

363 1474 518 1527 ἐστιν
546 1474 581 1544 ἠ
635 1472 733 1526 τοῦ
763 1472 952 1527 δούλου
999 1475 1206 1546 μορφή.
1256 1469 1391 1528 Εἶτα
1430 1474 1545 1539 πῶς
1575 1473 1643 1528 ἂν
1674 1472 1846 1546 αὐτὴν
1878 1473 1954 1539 ὡς

364 1565 468 1618 οὐκ
486 1563 628 1635 ἔχων
658 1565 848 1633 λάὸοι;
883 1566 1003 1631 πῶς
1038 1566 1082 1622 δ’
1118 1565 1187 1621 ἂν
1214 1566 1307 1623 καὶ
1350 1566 1637 1640 ἄνθρωπος
1671 1570 1729 1623 ὲν
1756 1566 1956 1639 ὁμοιώ-

369 1668 506 1722 ματι
534 1651 839 1724 ἀνθρώπων
877 1656 1135 1723 γενέσθαι
1173 1659 1382 1724 νοοῖτο;
1417 1659 1729 1730 εὑρίσκοιτο
1767 1657 1825 1712 δὲ
1858 1657 1954 1713 καὶ

2054 564 2224 620 usque
2255 551 2322 605 ad
2357 561 2612 617 mortem,
2647 562 2880 607 ntortem
2930 559 3113 606 autem
3149 548 3353 605 crucis.
3403 548 3637 619 Propter

2053 641 2197 710 quod
2234 650 2292 696 et
2317 640 2460 698 Deus
2483 642 2745 698 exaltavit
2777 642 2960 705 illum,
2992 650 3048 696 et
3074 641 3300 695 donavit
3333 640 3411 694 illi
3438 650 3637 695 nomen

2052 729 2195 799 quod
2226 740 2313 787 est
2351 749 2519 803 super
2555 749 2717 790 onme
2757 749 2955 790 nomen
2989 733 3056 787 ".
3096 752 3115 787 ι
3154 733 3212 788 Si
3255 745 3410 803 ergo,
3447 739 3507 785 ut
3537 731 3639 800 ipsi

2054 822 2260 888 Volunt,
2288 824 2335 881 is
2367 827 2460 897 qui
2484 836 2570 883 est
2605 842 2676 883 ex
2708 827 2918 883 semine
2962 825 3129 881 David
3176 825 3531 895 peculiariter
3575 838 3639 877 ac

2053 912 2229 970 solum
2273 925 2527 973 censetur
2565 918 2730 975 homo
2756 958 2772 985 ,
2816 927 3043 987 accepto
3090 916 3311 972 nomine
3361 916 3505 987 quod
3557 924 3643 970 est

2053 1020 2219 1075 super
2250 1024 2415 1066 omne
2438 1024 2659 1079 nomen,
2686 1026 2809 1067 cum
2853 1010 2954 1081 ipsi
2987 1017 3231 1065 statuant
3279 1009 3456 1079 ipsum
3488 1006 3642 1076 prius

2053 1104 2334 1161 exstitisse
2367 1104 2588 1174 quidem
2639 1104 2694 1159 in
2734 1103 2908 1160 forma
2952 1103 3072 1169 Dei,
3106 1117 3212 1159 non
3245 1116 3375 1157 vero
3402 1100 3639 1154 arbitra-

2056 1205 2172 1252 tum
2202 1209 2326 1251 esse
2356 1196 2602 1266 rapinam
2635 1210 2757 1252 esse
2783 1197 3050 1268 aequalem
3100 1198 3229 1261 Deo,
3262 1209 3328 1249 ac
3378 1202 3641 1265 prmterea

2055 1288 2334 1360 accepisse
2359 1287 2592 1345 formam
2625 1288 2793 1353 servi,
2823 1289 3082 1343 nimirum
3120 1294 3181 1342 ut
3208 1301 3272 1342 ea
3303 1300 3409 1340 non
3446 1284 3643 1360 praedi-

2060 1390 2194 1448 tum,
2239 1396 2421 1452 neque
2474 1380 2832 1437 exsistentem
2880 1379 2932 1436 id
2996 1388 3287 1449 antequam
3346 1377 3643 1446 acciperet.

2054 1473 2323 1544 Cumque,
2362 1482 2423 1531 ut
2455 1473 2560 1544 ipsi
2600 1473 2789 1530 dicunt
2833 1482 2892 1530 et
2934 1473 3146 1531 sentire
3189 1470 3391 1538 solent,
3420 1470 3538 1540 ipse
3572 1468 3647 1523 sit

2057 1564 2219 1641 742
2241 1564 2385 1621 servi
2416 1559 2593 1620 forma
2619 1580 2633 1620 :
2666 1578 2904 1635 quonam
2950 1571 3113 1635 pacto
3144 1577 3266 1617 eam
3318 1570 3376 1616 ut
3405 1574 3515 1615 non
3547 1560 3644 1615 ha-

2057 1660 2190 1716 bens
2222 1658 2500 1729 accipiat?
2525 1668 2621 1715 aut
2641 1659 2917 1729 quomodo
2947 1657 3116 1713 etiam
3152 1661 3317 1711 homo
3349 1655 3401 1711 in
3454 1654 3647 1709 simili-

367 1740 446 1805 ὡς
491 1742 780 1814 ἄνθρωπος
830 1747 1109 1818 σχήματις
1160 1747 1251 1819 ἄρ’
1299 1744 1394 1804 οὖν
1458 1750 1842 1822 περιτρέψειεν
1887 1749 1954 1804 ἂν

2060 1753 2303 1809 tudinem
2342 1752 2627 1809 hominum
2650 1750 2835 1807 factus
2863 1748 3250 1820 intelligatur?
3283 1756 3377 1802 ant
3400 1744 3646 1801 invenia-

366 1831 569 1897 αὐτοὺς
601 1833 695 1888 καὶ
727 1835 827 1906 οὐχ
855 1817 1106 1904 ἑκόντας,
1135 1817 1236 1911 nsi;
1271 1857 1389 1905 πως
1419 1817 1776 1897 τῶν-ἐννοιιῖιν
1801 1844 1837 1915 ὴ
1866 1842 1955 1897 δύ-

2061 1856 2151 1901 ιυι·
2180 1845 2347 1900 etiam
2376 1843 2565 1900 habitu
2594 1851 2654 1898 ut
2680 1840 2883 1899 homo?
2922 1817 3071 1913 Ipsa-
3097 1843 3282 1910 itaque
3311 1838 3648 1908 contempla-

373 1939 554 1995 uatttc,
589 1923 683 1979 ἐπί
716 1941 780 1994 γε
806 1926 866 1980 τὸ
888 1926 998 1981 δεῖν
1026 1927 1228 1982 εἰδέναι
1255 1928 1318 1982 τὸ
1340 1930 1563 2002 ἀληθές.

443 2109 504 2166 B.
542 2108 617 2162 Τὸ
647 2109 799 2163 ποῖον
818 2125 833 2174 ;

440 2203 507 2259 Δ.
555 2203 614 2257 '0
639 2201 750 2275 γὰρ
783 2201 1048 2275 ὑπάρχων
1080 2206 1141 2259 ὲν
1177 2207 1362 2278 μορφῇ
1396 2205 1491 2260 τοῦ
1531 2204 1668 2262 Θεοῦ
1711 2206 1807 2263 καὶ
1842 2208 1957 2262 Πα-

368 2294 498 2364 τρὸς
524 2294 659 2357 Θεὸς
681 2294 877 2365 Λόγος,
909 2296 938 2348 δ
966 2296 1067 2366 τῆς
1088 2296 1442 2362 ὑποστάσεως
1465 2297 1631 2352 αὑτοῦ
1653 2300 1956 2373 χαρακτὴρ,

366 2391 396 2441 ό
429 2386 575 2443 κατὰ
602 2388 713 2442 πᾶν
758 2385 939 2442 ὁτιοῦν
976 2388 1249 2460 ίσομερῶς
1285 2389 1427 2463 ἔχων
1457 2392 1538 2463 τῷ
1570 2391 1825 2462 φύσαντι,
1868 2410 1958 2447 κε-

368 2478 613 2533 κένωκεν
638 2479 853 2536 ἑαυτὸν.

440 2572 503 2626 Β.
544 2573 655 2626 Καὶ
676 2573 807 2627 ποία
828 2573 917 2639 τίς
933 2575 1082 2628 ἐστιν
1107 2576 1141 2648 ἡ
1172 2575 1437 2643 κένωσις;

439 2664 504 2718 Δ.
544 2663 619 2717 Τὸ
647 2665 706 2719 ὲν
741 2666 1045 2739 προσλήψει
1073 2666 1326 2738 γενέσθαι
1359 2667 1585 2741 σαρκὸς,
1619 2668 1712 2724 καὶ
1738 2671 1797 2725 ὲν
1837 2669 1958 2727 δού-

364 2750 460 2806 λου
496 2757 704 2827 μορφῇ,
732 2757 766 2826 ἡ
794 2756 930 2829 πρὸς
957 2757 1107 2828 ἡμᾶς
1139 2758 1404 2830 ὁμοίωσις
1430 2759 1524 2814 τοῦ
1554 2760 1629 2833 μὴ
1653 2760 1776 2816 καθ’
1807 2762 1957 2833 ἡμᾶς

367 2843 493 2899 κατ’
524 2845 664 2902 ἰδίαν
703 2845 893 2917 φύσιν,
923 2846 1039 2901 ἀλλ’
1069 2848 1209 2919 ὑπὲρ
1241 2850 1424 2904 πᾶσαν
1452 2849 1606 2914 ὄντος
1631 2850 1730 2921 τὴν
1756 2850 1954 2919 ξιτίσιν.

366 2937 526 2992 οὕτω
564 2939 967 2994 τεταπείνωκεν
1007 2941 1225 3007 ἑαυτὸν,
1267 2941 1458 3006 καθεὶς
1494 2942 1856 3014 οἰκονομικῶς
1898 2944 1958 2996 ὲν

365 3031 480 3090 τοῖς
511 3028 613 3101 τῆς
649 3028 1075 3102 ἀνθρωπότητος
1125 3032 1368 3103 μέτροις.
1414 3032 1554 3087 Ἀλλ’
1584 3028 1654 3105 ἦν
1678 3034 1773 3099 καὶ
1812 3032 1959 3093 οὕτω

2062 1936 2269 1992 tionum
2304 1936 2390 1993 vis
2411 1948 2507 1992 eos
2536 1934 2705 1992 etiam
2734 1934 2947 1992 inritos
2980 1934 3048 1990 ad
3082 1933 3339 1991 veritatis
3374 1930 3646 2004 cognitio-

2058 2042 2182 2083 nem
2206 2025 2517 2096 compellat.

2129 2119 2191 2176 Β.
2225 2118 2522 2189 Cuiusnam
2543 2119 2571 2175 ἲ

2129 2211 2196 2264 Α.
2232 2209 2377 2267 Deus
2415 2210 2561 2266 enim
2601 2207 2836 2264 Verbum
2882 2207 2937 2263 in
2990 2207 3169 2264 forma
3213 2206 3308 2262 Dei
3359 2220 3425 2261 ac
3465 2204 3646 2263 Patris

2057 2303 2356 2373 exsistens,
2379 2313 2436 2358 et
2477 2302 2766 2357 character
2810 2301 3065 2357 essentia:
3114 2300 3305 2370 ipsius,
3334 2301 3429 2371 qui
3467 2299 3647 2354 omni-

2059 2393 2219 2450 moda
2271 2394 2630 2451 similitudine
2675 2392 2827 2450 Patri
2874 2393 3104 2466 aequalis
3165 2400 3293 2460 est,
3343 2390 3646 2449 exinanivit

2057 2484 2435 2556 semetipsum.

2133 2574 2197 2630 Β.
2224 2575 2486 2644 Quaenam
2516 2589 2647 2631 vero
2675 2583 2760 2631 est
2782 2573 2870 2631 illa
2899 2572 3231 2630 exinanitis?

2131 2664 2197 2723 A.
2224 2666 2545 2736 Assumptio
2572 2666 2759 2721 carnis
2789 2673 2845 2720 et
2873 2663 3065 2720 forma:
3100 2662 3343 2731 servilis,
3366 2673 3421 2718 et
3451 2663 3647 2718 simili-

2058 2757 2192 2814 tudo
2221 2757 2419 2825 nostri,
2449 2756 2567 2827 ejus
2595 2757 2686 2828 qui
2707 2757 2861 2829 juxta
2888 2771 3041 2813 suam
3074 2764 3326 2812 naturam
3357 2756 3516 2812 nobis
3551 2771 3650 2811 ne-

2059 2865 2330 2923 quaquam
2367 2850 2565 2908 similis
2605 2860 2711 2915 est,
2742 2850 2839 2906 sed
2885 2864 3104 2907 omnem
3140 2859 3446 2906 creaturam
3489 2848 3651 2921 longe

2058 2951 2300 3012 supcrat.
2320 2941 2398 2998 Ita
2419 2941 2728 2998 bumiliavit
2748 2942 3009 3014 seipsum,
3033 2941 3329 2998 demittens
3350 2955 3409 2997 se
3432 2956 3529 3011 per
3551 2943 3650 2996 ad-

2062 3035 2522 3091 ministrationem
2553 3034 2610 3090 in
2648 3049 2819 3091 carne
2842 3035 2911 3089 ad
2948 3035 3199 3089 humanae
3224 3043 3433 3089 natura
3464 3036 3652 3090 condi-

363 3120 523 3187 Θεὸς,
570 3120 647 3185 ὡς
699 3122 774 3194 μὴ
828 3121 981 3177 δοτὺν
1027 3121 1168 3195 ἔχων
1214 3124 1277 3178 τὸ
1306 3123 1469 3194 φύσει
1530 3124 1734 3196 προσὸν
1783 3125 1952 3197 αὐτῷ.

2065 3124 2290 3182 tionem.
2322 3126 2595 3183 Caeterum
2626 3134 2749 3183 erat
2767 3127 2931 3183 etiam
2968 3127 3073 3182 hoc
3096 3136 3255 3198 pacto
3278 3126 3443 3194 Deus,
3463 3137 3651 3196 utpote

365 3213 662 3286 Τοιγάρτοι
723 3215 817 3268 καὶ
855 3213 1062 3285 ἔφασκε
1117 3216 1255 3288 πρὸς
1286 3215 1381 3271 τὸν
1430 3218 1490 3270 ἑν
1538 3218 1653 3280 τοῖς
1706 3217 1955 3288 οὐρανοῖς

2062 3216 2157 3285 qui
2207 3216 2261 3272 id
2309 3217 2454 3287 quod
2498 3232 2568 3272 ex
2616 3225 2811 3273 natura
2853 3231 2953 3273 sua
2979 3217 3167 3281 habet,
3203 3232 3311 3271 non
3353 3219 3647 3287 acceperit.

364 3307 592 3379 Πατέρα
624 3309 718 3363 καὶ
746 3309 898 3365 Θεὸν·
936 3327 956 3362 ι
989 3310 1196 3382 Πάτερ,
1239 3300 1464 3378 δόξασόν
1503 3326 1571 3381 με
1619 3312 1689 3382 τῇ
1738 3310 1889 3382 δόξῃ,
1920 3304 1957 3386 ᾖ

361 3390 534 3467 εἶχον,
571 3397 678 3472 πρὸ
710 3398 806 3452 τοῦ
831 3397 1160 3469 τὸν-κόσμον
1189 3395 1350 3467 εἶναι,
1385 3399 1537 3472 παρὰ
1560 3400 1663 3455 σοί.
1689 3419 1708 3453 s
1738 3400 1813 3453 Οὐ
1847 3390 1957 3473 γάρ

360 3504 450 3541 τοι
479 3489 639 3557 φαῖεν
657 3487 747 3554 ἂν,
769 3485 925 3560 οἶμαί
953 3507 1079 3557 που,
1106 3490 1449 3562 προκόσμιον
1496 3491 1656 3558 δόξαν
1696 3490 1774 3556 ὡς
1819 3492 1957 3546 ἰδίαν

338 3572 563 3646 ἀίτεῖν,
590 3578 686 3635 τὸν
722 3581 787 3634 ὲκ
825 3579 1144 3652 σπέρματος
1176 3580 1272 3635 τοῦ
1306 3581 1472 3635 Δαόὶδ
1498 3584 1557 3635 ὲν
1582 3582 1836 3653 ἐσχάτοις
1861 3582 1955 3637 τοῦ

362 3671 563 3737 αἰῶνος
587 3672 852 3743 τεχθέντα
894 3676 1127 3746 καιροῖς,
1169 3672 1329 3746 εἴπερ
1362 3673 1512 3728 ἐστὶν
1552 3675 1741 3748 ἕτερος
1773 3674 1958 3740 ίδικῶς

362 3762 499 3828 Υἱὸς
530 3765 684 3835 παρὰ
710 3764 803 3821 τὸν
828 3765 989 3837 φύσει
1014 3782 1076 3821 τε
1107 3767 1202 3822 καὶ
1229 3766 1469 3837 ἀληθῶς,
1505 3767 1956 3841 Θεοπρεπεστάτη

356 3855 421 3911 δὲ
462 3855 666 3927 μᾶλλον
693 3854 787 3927 εἴη
799 3855 866 3912 ἂν
896 3858 931 3928 ἡ
960 3857 1141 3913 τοιάδε
1177 3858 1355 3931 φωνή.
1382 3857 1537 3913 Ἔδει
1565 3859 1699 3931 γὰρ,
1719 3858 1830 3914 ἔδει
1862 3862 1959 3914 καὶ

360 3949 481 4010 τοῖς
515 3947 617 4019 τῆς
675 3945 1105 4020 ἀνθρωπότητος
1144 3949 1313 4004 αὐτὸν
1356 3949 1809 4021 συμπλαττεσθαι
1855 3951 1957 4022 μέ-

360 4056 536 4113 τροις,
569 4039 667 4094 καὶ
708 4040 1082 4112 ἀπαράσημον
1117 4039 1264 4110 ἔχειν
1290 4040 1392 4111 τῆς
1423 4033 1766 4112 σεοπρεποῦς
1799 4042 1957 4110 ἀξίας

359 4129 465 4202 τὴν
494 4130 774 4205 ὑπεροχὴν
791 4131 1068 4194 οὑσιωδῶς
1090 4130 1317 4185 ἐνοῦσαν
1341 4131 1512 4202 αὐτῷ,
1533 4131 1787 4203 καθάπερ
1816 4133 1956 4202 ἀμέ-

362 4225 449 4278 λει
482 4224 577 4279 καὶ
590 4224 672 4296 τῷ
705 4225 904 4298 Πατρί.
921 4224 1076 4279 Ἐπεὶ
1103 4224 1227 4280 τίνα
1250 4223 1454 4297 τρόπον
1473 4223 1674 4297 ἀληθὲς
1702 4224 1819 4293 τὸ,ι
1841 4227 1958 4280 Οὐκ

361 4316 522 4372 ἔσται
552 4318 613 4372 ἐν
645 4318 732 4372 σοὶ
750 4317 884 4382 Θεὸς
914 4319 1283 4388 πρόσφατος,›
1311 4318 1366 4371 εί
1383 4334 1449 4388 γε
1480 4317 1810 4373 θεοποιεῖται
1831 4321 1955 4373 κατ’

360 4408 567 4473 αὐτοὺς
588 4408 878 4481 ἄνθρωπος
911 4409 1181 4481 συναφείᾳ
1211 4412 1278 4482 τῇ
1315 4410 1453 4483 πρὸς
1476 4410 1570 4466 τὸν
1603 4410 1796 4481 Λόγον,
1831 4412 1960 4465 σύν-

2058 3307 2297 3366 Proinde
2344 3317 2400 3365 et
2454 3308 2524 3363 ad
2563 3309 2848 3365 caelestem
2889 3308 3109 3364 Patrem
3160 3322 3227 3364 ac
3274 3310 3441 3365 Deum
3487 3310 3648 3374 dixit,

2064 3417 2085 3453 s
2118 3398 2304 3466 Pater,
2350 3398 2600 3470 gloriﬁca
2638 3414 2727 3456 me
2755 3415 2820 3456 ea
2866 3398 3036 3469 gloria
3066 3414 3230 3470 quam
3278 3400 3444 3454 habui
3489 3410 3647 3455 ante-

2060 3506 2226 3561 quam
2279 3490 2516 3548 mundus
2572 3499 2751 3559 esset,
2796 3491 2939 3562 apud
2978 3501 3032 3546 te
3078 3492 3147 3548 ³³.
3200 3511 3222 3545 s
3268 3489 3456 3562 Neque
3504 3493 3659 3548 enim.

2060 3583 2323 3647 dixerint,
2350 3583 2611 3650 arbitror,
2644 3583 2874 3656 gloriam
2898 3597 3018 3655 qum
3050 3592 3178 3639 ante
3200 3585 3648 3641 constitutionem

2062 3674 2251 3733 mundi
2290 3674 2418 3744 fuit,
2453 3685 2715 3747 tanquam
2747 3675 3028 3746 propriam
3066 3683 3254 3746 petere
3283 3691 3408 3731 eum
3438 3676 3531 3746 qui
3575 3690 3646 3731 ex

2059 3768 2272 3827 semine
2309 3767 2484 3825 David
2511 3767 2830 3826 novissimis
2869 3767 3059 3825 saeculi
3110 3768 3455 3838 temporibus
3481 3775 3659 3824 natus.

2058 3858 2184 3927 fuit,
2212 3859 2260 3915 si
2293 3867 2381 3915 est
2401 3857 2543 3914 alius
2572 3858 2807 3916 soorsim
2837 3857 3011 3914 Filius
3041 3859 3113 3915 ab
3142 3872 3210 3913 eo
3251 3858 3343 3926 qui
3380 3858 3649 3914 naturali-

2060 3959 2144 4007 ter
2171 3964 2238 4005 ae
2273 3963 2406 4007 vere
2438 3949 2493 4005 id
2519 3958 2627 4016 est,
2659 3949 2756 4005 sed
2786 3950 2969 4021 potius
2991 3964 3057 4005 ea
3084 3962 3187 4009 vox
3212 3948 3487 4005 divinitati
3518 3964 3649 4006 con-

2059 4040 2334 4097 veniebat.
2367 4039 2625 4109 Oportuit
2657 4041 2804 4096 enim
2844 4041 2996 4097 illum
3050 4050 3106 4096 et
3151 4042 3405 4098 humanae
3440 4050 3649 4096 natura:

2059 4131 2279 4189 modulo
2311 4130 2670 4199 conformari,
2707 4141 2875 4202 atque
2925 4133 3193 4205 integram
3239 4132 3438 4189 divinae
3472 4132 3650 4203 digni—

2059 4222 2191 4279 tatis
2250 4219 2629 4279 excellentiam
2681 4221 2963 4289 retinere,
3002 4218 3375 4276 essentialiter
3428 4219 3480 4275 iu
3532 4219 3650 4289 ipso

2057 4312 2442 4379 exsistentem,
2477 4312 2622 4367 sicut
2653 4321 2708 4367 et
2748 4310 2804 4369 in
2834 4309 3018 4366 Patre.
3057 4308 3338 4380 Siquidem
3373 4311 3648 4381 quomodo

2059 4418 2247 4461 verum
2274 4403 2383 4460 erit
2409 4401 2545 4458 illud
2569 4419 2589 4457 ι
2627 4419 2649 4455 ι
2673 4399 2790 4457 Νοη
2808 4400 2914 4457 erit
2941 4401 2993 4457 in
3030 4410 3084 4457 te
3111 4399 3257 4455 Deus
3289 4414 3487 4458 recens
3507 4401 3574 4468 ιδ,
3624 4418 3645 4454 ι

362 4500 560 4572 θρονός
588 4519 651 4556 τε
698 4502 795 4556 καὶ
823 4501 1081 4567 κοινωνὸς
1113 4501 1192 4574 τῷ
1222 4503 1399 4574 Πατρὶ
1436 4503 1537 4576 τῆς
1579 4503 1738 4573 ἀξίας
1760 4503 1955 4560 ἀναδε-

2061 4497 2105 4555 si
2158 4495 2316 4567 juxta
2366 4495 2585 4553 illorum
2641 4493 2953 4566 opinionem
3009 4494 3173 4551 homo
3222 4491 3458 4549 edicitur
3504 4492 3669 4550 Deus.

360 4591 485 4663 δειγ
528 4591 689 4659 “svos;

439 4773 501 4830 Β.
537 4769 615 4830 Εὖ
650 4771 811 4830 ἔφης.
1736 4820 1743 4827 .

439 4775 501 4830 Β.
585 4775 615 4830 ὖ
650 4775 679 4828 Ε
796 4814 811 4827 .
1736 4820 1743 4827 ,

435 4868 503 4923 Δ.
537 4775 668 4933 flii);
854 4868 1050 4937 νοῆσαι
1075 4867 1278 4940 πρέποι
1304 4868 1366 4922 τὺ
1391 4867 1480 4922 διὰ
1492 4867 1594 4939 τῆς
1618 4866 1713 4922 τοῦ
1741 4866 1957 4922 Παύλου

360 4963 554 5036 φωνῆς
605 4963 789 5034 σοφῶς
829 4962 1150 5035 εἰρημένονο
1203 4980 1228 5013 ιο
1260 4961 1325 5016 Εἰ
1359 4962 1471 5035 γὰρ
1528 4962 1623 5016 καὶ
1680 4962 1788 5015 εἰσὶ
1842 4960 1955 5015 θεοὶ

364 5056 555 5114 πολλοὶ
576 5055 635 5112 ἐν
658 5073 720 5110 τε
754 5054 971 5128 οὐρανῷ
1006 5056 1103 5110 καὶ
1125 5054 1222 5108 ἐπὶ
1249 5054 1375 5125 γῆς,
1401 5053 1518 5109 ἀλλ’
1542 5056 1674 5125 ἡμῖν
1701 5048 1782 5118 εἷς
1821 5053 1954 5119 Θεὸς

364 5149 395 5203 6
419 5146 634 5219 Πατὴρ.
666 5145 728 5213 te
764 5138 828 5200 οὗ
858 5145 928 5200 τὰ
966 5145 1168 5209 πάντα,
1200 5144 1297 5199 καὶ
1336 5144 1499 5215 ἡμεῖς
1536 5140 1602 5208 ἐξ
1633 5140 1821 5208 αὐτοῦ,
1856 5141 1957 5195 καὶ

366 5234 449 5303 εἷς
490 5231 699 5310 Κύριος
741 5237 951 5308 ἰησαῦς
1003 5238 1259 5310 Χριστὸς,
1302 5233 1373 5289 δι’
1420 5229 1482 5290 οὖ
1522 5235 1590 5289 τὰ
1626 5234 1825 5301 πάντα,
1856 5236 1953 5288 καὶ

365 5335 530 5404 ἡμεῖς
558 5332 626 5387 δι’
650 5330 838 5385 αὑτοῦ.
867 5349 886 5383 ι
917 5331 1064 5395 Ἐνδς
1096 5330 1155 5384 δὲ
1184 5329 1339 5392 ὄντος
1367 5327 1575 5400 Κυρίου
1616 5326 1790 5397 Ἰησοῦ
1821 5328 1955 5397 Χρι-

368 5422 522 5488 στοῦ,
546 5424 645 5479 καὶ
666 5423 732 5476 δι’
756 5422 924 5477 αὐτοῦ
946 5423 1017 5478 τὰ
1049 5425 1229 5479 πάντα
1258 5422 1537 5495 παρῆχθαι
1573 5420 1711 5493 πρὸς
1738 5421 1954 5490 γένεσιν

365 5511 428 5569 οὗ
471 5513 621 5586 μάλα
645 5514 1003 5585 διειρηκότος,
1027 5516 1081 5570 τί
1113 5515 1408 5587 δράσομεν,
1434 5509 1479 5569 ὦ
1504 5517 1764 5583 γενναῖοι,
1788 5513 1957 5585 διορι-

365 5607 574 5675 εόντων
623 5608 780 5680 ὑμῶν
831 5607 926 5665 τοῦ
981 5607 1386 5680 ἀναληφθέντος
1438 5607 1752 5682 ἀνθρώπου,
1810 5608 1958 5664 καθά

2055 4604 2157 4661 per
2190 4587 2639 4658 coniunctionem
2674 4601 2801 4643 cum
2833 4584 3038 4654 Verbo,
3073 4600 3323 4643 assessor
3373 4594 3430 4643 et
3474 4587 3648 4660 parti-

2058 4696 2187 4753 ceps
2220 4681 2412 4755 gloria:
2436 4695 2560 4738 cum
2589 4678 2756 4736 Patro
2784 4678 3143 4735 declaratus?

2128 4777 2193 4832 Β.
2231 4777 2400 4832 Recte
2430 4775 2587 4837 dicis.

2128 4870 2199 4927 A.
2228 4869 2511 4938 Quomodo
2550 4877 2735 4925 autem
2775 4865 3002 4937 intelligi
3039 4865 3218 4935 possit
3253 4864 3386 4920 illud
3420 4880 3450 4920 a
3481 4863 3672 4920 Paulo.

2061 4963 2347 5032 sapienter.
2383 4960 2608 5026 dictum,
2650 4977 2669 5012 ι
2709 4958 2781 5015 Si
2802 4958 2950 5014 enim
3005 4956 3169 5017 etiam
3215 4966 3346 5013 sunt
3390 4956 3463 5011 dii
3497 4955 3671 5011 multi.

2062 5054 2118 5111 in
2152 5053 2296 5111 calo
2328 5061 2385 5110 et
2408 5052 2467 5110 in
2494 5062 2642 5108 terra
2677 5069 2693 5107 :
2741 5060 2800 5106 at
2826 5049 2986 5106 nobis
3016 5064 3157 5105 unus
3188 5049 3337 5105 Deus
3354 5046 3538 5115 Pater,
3582 5063 3654 5103 ex

2062 5160 2174 5217 quo
2208 5145 2429 5211 omnia,
2456 5152 2513 5201 et
2532 5157 2635 5199 nos
2656 5157 2725 5198 ex
2755 5143 2875 5212 ipso
2900 5158 2917 5209 ;
2939 5149 2997 5198 et
3025 5156 3168 5197 unus
3198 5139 3462 5195 Dominus
3491 5137 3653 5195 Jesus

2063 5237 2336 5303 Christus,
2368 5250 2468 5307 per
2488 5249 2653 5306 quem
2682 5236 2890 5299 omnia,
2929 5242 2986 5291 et
3025 5246 3127 5289 nos
3156 5248 3253 5303 per
3287 5233 3464 5300 ipsum
3498 5228 3584 5286 '7‘?
3620 5252 3640 5283 ι

2062 5326 2198 5385 Cum
2238 5342 2368 5383 vero
2411 5340 2553 5381 unus
2609 5325 2683 5381 sit
2735 5325 3000 5382 Dominus
3044 5322 3202 5380 Jcsus
3257 5322 3542 5387 Christus.
3594 5332 3665 5378 et.

2062 5435 2160 5493 per
2198 5420 2376 5493 ipsum
2415 5418 2600 5474 omnia
2639 5417 2707 5473 ad
2750 5427 2931 5473 ortum
2987 5415 3220 5471 adducta
3272 5428 3398 5471 esse
3445 5413 3649 5470 Paulus

2066 5517 2370 5577 rectissime
2398 5516 2583 5573 dicat:
2623 5513 2751 5586 quid
2788 5528 3033 5584 agemus,
3073 5511 3200 5567 boni
3235 5511 3362 5578 viri,
3397 5526 3519 5567 cum
3550 5524 3660 5565 vos

2064 5615 2403 5677 assumptum
2459 5605 2635 5670 illum,
2684 5612 2747 5659 ut
2798 5603 3004 5669 dicitis,
3053 5601 3335 5658 hominem
3385 5617 3415 5657 a
3467 5599 3661 5658 Verbo

444 5782 851 5857 “‘Pniliple,
884 5782 1000 5838 5-9.
1083 5780 1306 5840 "Joan.
1346 5799 1477 5848 xvu,
1529 5782 1583 5838 5.
1664 5771 1902 5837 “Erod.
1951 5799 1955 5834 :

2070 5780 2141 5849 5;
2170 5778 2312 5835 Psal.
2344 5795 2509 5848 cxxx,
2542 5780 2628 5834 10.
2712 5778 2755 5811 ⁸⁵
2775 5777 2806 5833 Ι.
2831 5774 2960 5835 Cor.
2996 5791 3123 5841 vnt,
3157 5774 3291 5850 ιλιι.
