4050 6438
412 353 549 410 £503

1443 351 1502 406 S.
1544 352 1820 408 οιιιιιιι
1862 350 2330 407 ALEXANDRINI
2371 348 2692 406 ARCHIEP.

3545 348 3684 406 l50-I

414 478 558 545 quod
588 492 652 531 ex
678 473 841 530 Patre
869 485 1107 545 genitum
1149 483 1255 541 est,
1285 475 1674 544 distinguatis?
1699 483 1790 527 aut
1825 489 1986 542 quem

2127 491 2255 538 vates,
2274 474 2366 527 τὸν
2399 475 2462 527 ἐκ
2483 473 2620 527 Θεοῦ
2649 473 2860 543 Πατρὸς
2891 472 3062 540 Λόγον
3083 490 3100 539 ;
3136 471 3254 526 τίνα
3286 471 3540 540 γενέσθαι
3569 489 3680 540 φα-

415 584 536 623 esse
570 569 816 622 dicemus
845 569 1085 622 omnium
1117 577 1269 621 ortus
1294 576 1571 622 auctorem
1597 568 1620 620 ?

492 659 553 713 Β.
584 660 718 714 Eum
767 661 857 730 qui
907 670 993 714 est
1039 659 1130 713 Dei
1186 659 1367 714 Patris
1405 660 1703 714 secundum
1745 667 1993 714 naturam

417 751 610 813 Filius,
649 752 749 805 hoc
782 759 897 814 est,
936 749 1276 820 Unigenitus.

490 845 558 901 A.
616 844 780 912 Atqui
831 858 1061 912 magnus
1122 843 1210 897 ille
1253 843 1558 897 divinorum
1613 842 1995 915 mysteriorum

420 934 743 988 administer
785 949 882 1002 per
904 933 1086 989 Jesum
1118 933 1396 989 Christum
1426 934 1609 990 omnia
1647 935 1714 988 ad
1741 949 1864 988 esse
1887 946 1999 987 tra-

423 1028 581 1079 ducta
626 1025 788 1096 743
824 1040 946 1081 esse
981 1027 1198 1090 asserit,
1235 1042 1510 1096 unumque
1562 1027 1736 1096 ipsum
1777 1041 1898 1081 esse
1935 1040 2000 1080 ac

419 1118 616 1173 solum.
652 1117 908 1187 Repetam
946 1133 1074 1174 vero
1107 1119 1157 1172 id
1183 1119 1326 1188 quod
1369 1118 1574 1175 Christi
1609 1133 1806 1173 nomen
1840 1119 1996 1172 inve-

419 1210 681 1279 stigantes
708 1209 968 1275 diximus,
1000 1211 1142 1279 quod
1188 1211 1443 1263 nimirum
1480 1211 1791 1264 unctionem
1830 1209 2003 1278 signi-

421 1300 566 1351 ﬁcet.
598 1299 734 1364 Quia
766 1300 911 1353 enim
955 1309 1152 1354 unctus
1181 1309 1286 1363 est,
1320 1299 1581 1355 Christus
1614 1300 1810 1368 aliquis
1842 1314 2002 1354 voca-

421 1399 528 1444 tur.
564 1391 675 1443 Aut
717 1391 882 1460 igitur
927 1391 1108 1446 dicant
1140 1391 1371 1447 Verbum
1411 1407 1477 1445 ex
1527 1391 1639 1446 Deo
1676 1393 1728 1446 iu
1768 1392 1986 1462 propria

420 1494 516 1530 sua
549 1490 746 1532 natura
790 1489 1012 1534 unctum
1043 1494 1182 1535 esse.
1213 1490 1267 1534 et
1302 1479 1737 1534 sanctiﬁcatione
1760 1492 1857 1547 per
1879 1478 2003 1546 Spi-

421 1571 587 1622 ritum
625 1581 871 1624 sanctum
902 1572 1220 1642 indiguisse,
1247 1572 1627 1642 particepsque
1650 1571 1768 1642 ejus
1790 1571 1858 1625 ab
1884 1571 2004 1640 ipso

425 1662 625 1714 factum
661 1661 860 1728 fuisse;
910 1673 1003 1717 aut
1037 1664 1271 1717 doceant
1317 1677 1428 1732 quo
1465 1673 1623 1734 pacto
1671 1662 2005 1733 intelligatur

422 1752 676 1807 Christus
715 1755 804 1821 qui
843 1769 948 1809 nou
987 1754 1059 1810 sit
1085 1755 1325 1809 unctus?
1360 1755 1632 1823 quomodo
1663 1769 1795 1809 vero
1835 1767 2002 1808 voce-

2102 568 2203 636 μὲν
2243 565 2629 636 γενεσιουργὸν
2664 565 2802 619 ὅλων
2827 583 2842 627 ;

2172 659 2231 712 Β.
2273 657 2379 710 Τὸν
2426 659 2491 710 ὲκ
2525 655 2660 710 Θεοῦ
2697 657 2910 728 Πατρὸς
2954 656 3096 710 κατὰ
3137 657 3296 726 φύσιν
3342 654 3490 720 Υίὸν,
3525 671 3688 708 τουτ-

2100 753 2216 806 έστι
2249 752 2340 805 τὸν
2363 752 2664 822 Μονογενῆ.

2169 848 2237 902 Λ.
2289 844 2430 898 Ἀλλ’
2462 845 2558 913 ὅγε
2594 844 2705 896 τῶν
2739 842 2898 896 θείων
2932 844 3064 912 ἡμῖν
3109 842 3426 915 μυστηρίων
3469 843 3690 913 ἱερουρ-

2099 939 2215 1008 γὺς,
2254 937 2345 990 διὰ
2397 935 2574 1008 Ἰησοῦ
2615 933 2855 1006 Χριστοῦ
2894 935 2963 988 τὰ
3001 936 3181 988 πάντα
3223 935 3357 1005 φησὶ
3402 933 3690 1005 παρῆχθαι

2101 1028 2238 1099 πρὸς
2264 1027 2519 1098 ὕπαρξιν,
2548 1027 2642 1080 ἕνα
2665 1043 2726 1079 τε
2756 1026 2920 1079 αὑτὸν
2952 1024 3091 1079 εἶναι
3125 1026 3218 1080 καὶ
3246 1025 3424 1096 μόνον.
3460 1026 3688 1095 Μεμνή-

2103 1136 2269 1190 σομαι
2312 1119 2393 1182 δὲ,
2419 1119 2500 1172 ὅτι
2545 1118 2609 1172 τὸ
2661 1117 2895 1186 Χριστὸς
2936 1117 3107 1188 ὄνομα
3145 1115 3527 1187 βασανίζοντες
3567 1113 3690 1169 ἐλέ-

2102 1229 2294 1284 γομεν,
2338 1211 2422 1264 ὅτι
2479 1210 2716 1282 χρίσεως
2755 1210 2888 1280 ἡμῖν
2935 1208 3240 1280 εἰσκομίζει
3291 1207 3542 1278 δήλωσιν.
3589 1205 3694 1260 Διὰ

2103 1305 2212 1376 γάρ
2228 1322 2311 1358 τοι
2333 1304 2394 1357 τὸ
2421 1303 2729 1376 κεχρῖσθαι,
2755 1301 2979 1373 χριστὸς
3002 1299 3323 1371 όνομάζοιτό
3352 1315 3453 1362 τις.
3477 1300 3548 1352 Ἢ
3579 1299 3694 1352 τοί-

2104 1417 2198 1452 νυν
2231 1397 2542 1467 λεγέτωσαν
2579 1396 2671 1450 τὸν
2701 1399 2766 1450 ὲκ
2797 1393 2934 1448 Θεοῦ
2965 1394 3180 1466 Πατρὸς
3209 1393 3400 1461 Λόγον,
3436 1392 3518 1455 εἰς
3553 1389 3694 1444 ἰδίαν

2106 1488 2394 1560 κεχρῖσθαι
2445 1487 2638 1556 φύσιν,
2693 1487 2789 1540 καὶ
2830 1488 2889 1539 ὲν
2938 1485 3116 1556 ἐνδείᾳ
3161 1483 3416 1552 γενέσθαι
3469 1481 3564 1535 τοῦ
3601 1481 3698 1535 διὰ

2107 1579 2422 1650 Πνεύματος
2465 1577 2738 1650 ἁγιασμοῦ
2793 1578 2887 1632 καὶ
2927 1581 3029 1648 τῆς
3075 1577 3170 1629 ἀπ’
3220 1575 3387 1630 αὑτοῦ
3434 1575 3694 1646 μετοχῆς*

2106 1670 2276 1741 ἤγουν
2317 1669 2742 1733 διδασκέτωσαν,
2788 1667 2905 1733 πῶς
2946 1667 3011 1720 ἂν
3044 1669 3219 1720 νοοῖτο
3255 1666 3512 1738 Χριστὸς,
3549 1667 3580 1718 6
3614 1665 3696 1736 μὴ

2108 1761 2506 1832 κεχρισμένος;
2557 1761 2676 1822 πῶς
2725 1759 2770 1812 δ’
2827 1759 2893 1812 ἂν
2942 1758 3259 1827 καταμόνας
3322 1757 3540 1810 καλοῖτο
3595 1757 3696 1812 καὶ

427 1855 517 1896 tur
556 1843 910 1912 peculiariter
943 1844 1108 1898 etiam
1142 1843 1324 1908 Jesus,
1361 1845 1703 1915 unigenitum
1741 1844 1834 1899 Dei
1867 1844 2003 1898 Ver;

2127 1824 2329 1925 Ἰησοῦς
2374 1855 2403 1906 6
2453 1851 2748 1922 μονογενὴς
2791 1849 2885 1904 τοῦ
2943 1824 3102 1903 Θεοῦ-
3133 1849 3340 1917 Λόγος,
3376 1848 3554 1902 καίτοι
3597 1847 3696 1902 τοῦ

427 1937 576 1999 bum,
623 1950 744 1989 cum
803 1936 994 1990 beatus
1034 1935 1256 1990 Gabriel
1301 1946 1505 1991 sancta:
1556 1935 1759 2005 Virgini
1809 1936 2002 1993 dicat:

430 2043 448 2074 ι
486 2026 565 2078 Ne
594 2026 807 2090 timeas,
850 2023 1020 2079 Maria
1049 2043 1062 2092 ;
1091 2041 1220 2081 ecce
1255 2027 1400 2080 enim
1431 2027 1708 2097 concipias
1742 2027 1794 2081 in
1825 2037 2005 2092 utero,

425 2125 480 2168 ct
532 2117 709 2184 paries
748 2115 940 2180 lilium,
974 2125 1031 2171 et
1060 2117 1282 2172 vocabis
1316 2132 1513 2172 nomen
1564 2119 1684 2188 ejus
1717 2117 1908 2173 .Iesum
1937 2119 2003 2172 η.

346 2276 354 2285 -
424 2203 542 2270 ipse
589 2206 734 2258 enim
785 2205 1020 2260 salvahit
1054 2206 1315 2276 papulum
1357 2221 1513 2262 suum
1561 2221 1590 2260 a
1633 2207 1872 2276 peccatis
1918 2221 2008 2261 eo-

427 2310 544 2347 rum
577 2295 638 2350 ".
679 2313 703 2347 ι.

499 2387 558 2441 Β.
591 2388 730 2458 Ergo
756 2403 852 2458 per
882 2389 1156 2444 hominem
1190 2399 1386 2446 cuncta
1415 2391 1558 2446 facta
1581 2405 1705 2447 esse
1735 2391 2006 2456 dicemus,

426 2490 478 2532 et
513 2481 604 2547 qui
651 2480 703 2533 in
738 2481 1053 2536 novissimis
1082 2482 1265 2537 saeculi
1297 2483 1633 2552 temporibus
1671 2497 1736 2538 ex
1786 2482 2012 2538 muliere

428 2579 588 2624 natus
617 2577 720 2635 est,
748 2570 980 2626 Creator
1028 2579 1113 2626 est
1152 2571 1277 2628 cmli
1321 2581 1379 2628 et
1439 2583 1622 2636 terrae,
1663 2587 1726 2628 ac
1775 2573 2012 2628 breviter

427 2662 667 2714 omnium
692 2676 814 2730 qua:
838 2662 892 2716 in
925 2663 1006 2717 eis
1040 2673 1188 2719 sunt.

505 2755 572 2808 Α.
628 2754 701 2808 Ita
731 2756 936 2811 sentias
961 2764 1196 2826 oportet.
1244 2759 1434 2813 Annon
1463 2759 1632 2824 enim,
1667 2757 1899 2814 obsecro
1939 2765 2011 2821 te,

437 2865 462 2898 ι
495 2845 730 2900 Verbum
778 2862 911 2902 caro
957 2847 1162 2904 factum
1217 2859 1300 2904 est
1328 2847 1412 2904 "‘1’
1452 2869 1472 2903 ι
1505 2863 1684 2904 nonne
1717 2848 2016 2919 appellatur

437 2936 611 2990 Filius
647 2937 928 2991 hominis?
948 2953 1090 2992 anne
1119 2939 1348 2992 formam
1377 2940 1520 2994 servi
1562 2939 1810 3007 accepit?
1837 2953 2016 2995 nonne

435 3030 726 3083 evacuavit
758 3031 1134 3099 semetipsum,
1178 3031 1232 3084 in
1273 3014 1684 3086 similitudinem
1738 3031 2013 3086 hominum

437 3122 634 3185 frictus,
666 3131 830 3190 atque
870 3123 1060 3177 habitu
1092 3123 1348 3178 iuventus
1383 3132 1443 3176 ut
1475 3125 1636 3178 homo
1663 3123 1749 3178 "?
1779 3125 1850 3178 At
1885 3139 2017 3178 vero

435 3215 480 3267 si
520 3214 952 3268 incarnationem
989 3225 1211 3284 negent,
1245 3217 1420 3270 sancti
1455 3215 1701 3284 discipuli
1729 3215 2020 3285 obsistent,

437 3308 682 3360 dicentes
713 3323 729 3360 :
764 3323 784 3357 ι
822 3306 889 3361 Ει
921 3321 1022 3362 nos
1046 3307 1290 3361 vidimus
1329 3318 1386 3362 et
1420 3315 1707 3374 testamur,
1739 3310 1886 3378 quod
1919 3309 2020 3363 Pa-

437 3409 520 3452 ter
551 3399 699 3454 misit
725 3398 919 3453 Filium
944 3399 1284 3455 Salvatorem
1315 3401 1525 3455 mundi.
1556 3398 1878 3470 Quicunque
1899 3416 2024 3456 con-

440 3493 685 3548 titehitur.
721 3495 865 3562 quod
908 3493 1070 3550 Jesus
1106 3502 1191 3548 est
1237 3493 1408 3548 Filius
1450 3494 1568 3557 Dei,
1613 3493 1756 3550 Deus
1802 3495 1854 3549 in
1907 3496 2024 3563 ipso

444 3595 646 3651 manet,
682 3597 738 3641 et
783 3587 901 3656 ipse
947 3587 1000 3640 in
1044 3587 1154 3641 Deo
1188 3587 1256 3639 '°.
1291 3605 1309 3637 ι
1353 3586 1417 3640 Et
1455 3602 1645 3642 rursus
1686 3605 1699 3641 :
1742 3605 1762 3639 ι
1813 3585 1873 3642 ιιι
1923 3589 2026 3643 hoc

442 3680 795 3750 cognoscitur
823 3679 1064 3750 Spiritus
1093 3678 1189 3734 Dei
1213 3694 1226 3731 :
1265 3676 1454 3734 Omnis
1480 3678 1708 3747 spiritus
1729 3680 1831 3748 qui
1854 3680 2026 3734 conﬁ-

445 3781 593 3826 tetur
611 3771 796 3827 Jesum
819 3771 1098 3826 Christum
1122 3771 1175 3824 in
1193 3785 1360 3826 carne
1383 3770 1613 3834 venisse,
1632 3785 1700 3826 ex
1725 3770 1838 3826 Deo
1857 3779 2032 3836 θεις-ει

443 3866 625 3920 omnis
647 3866 892 3936 spiritus,
923 3864 1014 3935 qui
1033 3879 1140 3919 non
1161 3865 1452 3920 conﬁtetur
1467 3863 1674 3930 Jesum,
1693 3879 1759 3918 ex
1786 3865 1896 3919 Deo
1923 3879 2028 3918 non

441 3961 603 4012 est".
644 3976 663 4009 ι
704 3957 924 4024 Deinde,
957 3971 1206 4027 quamam
1238 3957 1378 4010 ratio
1420 3957 1488 4011 sit
1517 3957 1698 4012 dicere
1719 3958 1786 4010 de
1814 3957 2032 4011 homine

448 4053 597 4120 quod
630 4053 994 4118 assumpserit
1016 4065 1238 4105 carnem
1260 4049 1284 4102 ?
1309 4049 1576 4104 Convenit
1609 4065 1739 4103 vero
1775 4049 1954 4119 pot-ius
1981 4049 2028 4102 ei

444 4146 540 4213 qui
564 4155 721 4198 extra
755 4159 980 4198 carnem
1015 4153 1122 4206 est,
1153 4157 1330 4213 neque
1355 4151 1558 4198 nostrae
1598 4151 1809 4197 naturae
1837 4142 2033 4198 similis

445 4244 552 4298 est,
588 4249 811 4290 carnem
855 4249 1159 4298 assumere,
1205 4245 1261 4289 et
1300 4249 1424 4288 cum
1473 4247 1536 4286 ea
1568 4235 1756 4288 venire
1789 4233 1842 4286 in
1889 4233 2032 4286 hunc

445 4331 731 4394 mundum,
786 4329 858 4382 ita
920 4340 982 4382 ut
1032 4335 1248 4382 maneat
1296 4327 1350 4380 id
1395 4328 1548 4397 quod
1583 4336 1725 4382 erat.
1771 4325 2031 4388 Proinde,

448 4422 671 4476 tametsi
721 4420 898 4478 factus
944 4431 1029 4476 est
1070 4423 1269 4486 homo,
1331 4421 1465 4475 nihil
1511 4420 1692 4475 obstat
1731 4420 2031 4490 quominus

2114 1945 2388 2016 μακαρίου
2423 1942 2667 2014 Γαϐριὴλ
2699 1945 2766 2013 τῇ
2801 1941 2932 2013 ἁγίᾳ
2967 1939 3229 2010 Παρθένῳ
3260 1940 3528 2010 λέγοντος·
3556 1959 3574 1990 ι
3599 1939 3699 2010 Μὴ

2109 2037 2296 2108 φοϐοῦ,
2319 2037 2571 2107 Μαριάμ*
2593 2036 2700 2089 ἰδοὺ
2727 2036 2836 2106 γὰρ
2859 2033 3105 2105 συλλήψῃ
3134 2036 3192 2085 ὲν
3216 2032 3542 2104 γαστρὶ,κώ⁵
3564 2031 3701 2102 τέξῃ

2111 2129 2248 2192 υἱὸν,
2285 2129 2380 2181 καὶ
2430 2129 2684 2190 καλέσεις
2713 2127 2775 2180 τὸ
2818 2127 2990 2196 ὄνομα
3028 2125 3193 2180 αὑτοῦ
3262 2125 3490 2194 Ἰησοῦν.
3523 2124 3703 2186 Λὺτὸς

2111 2222 2220 2293 γὰρ
2255 2220 2417 2273 σώσει
2455 2221 2547 2273 τὸν
2581 2220 2711 2274 λαὸν
2761 2219 2923 2274 αὐτοῦ
2961 2219 3071 2273 ἀπὸ
3114 2219 3224 2271 τῶν
3270 2217 3556 2290 ἁμαρτιῶν
3598 2217 3701 2270 αὑ-

2112 2314 2241 2368 τῶν.
2282 2332 2301 2366 ι

2183 2407 2244 2458 Β.
2289 2405 2412 2476 ’Ἆρ’
2445 2399 2558 2465 οῦν,
2593 2404 2661 2457 δι’
2697 2403 2861 2459 αὐτοῦ
2891 2403 3223 2473 πεποιῆσθαι
3254 2419 3434 2474 φαμεν
3461 2400 3529 2454 τά
3561 2401 3703 2454 πάν-

2113 2515 2203 2566 τα,
2243 2499 2337 2553 καὶ
2380 2499 2408 2551 6
2447 2499 2505 2550 ὲν
2553 2497 2802 2568 ἐσχάτοις
2847 2496 2939 2549 τοῦ
2989 2495 3184 2558 αἰῶνος
3233 2496 3444 2566 καιροῖς
3492 2493 3593 2564 τὴν
3635 2494 3710 2550 ἐκ

2115 2591 2374 2660 γυναικὸς
2402 2589 2659 2657 ἀπότεξιν
2690 2590 2850 2661 ἔχων,
2881 2589 3213 2660 δημιουργός
3242 2590 3390 2640 ἐστιν
3413 2581 3504 2639 οὖν
3537 2587 3706 2657 οὐραη

2115 2679 2208 2734 νοῦ
2241 2681 2337 2734 καὶ
2362 2681 2486 2751 γῆς,
2526 2679 2832 2750 συλλήϐδην
2870 2679 3126 2732 ἁπάντων
3159 2677 3268 2730 τῶν
3294 2679 3352 2730 ὲν
3385 2677 3590 2738 αὐτοῖς.

2187 2772 2252 2823 Α.
2281 2771 2455 2841 Φράζε
2476 2771 2541 2840 δὴ
2558 2766 2650 2824 οὖν
2676 2771 2770 2823 καλ¹
2795 2770 2979 2832 αὐτὸς,
3011 2770 3284 2839 ἐρήσομαι
3311 2768 3419 2838 γάρ
3439 2785 3452 2798 ο
3487 2787 3503 2818 ι
3531 2761 3619 2836 ἆρ’
3641 2766 3714 2818 οὐ

2123 2879 2142 2911 ι
2163 2859 2361 2930 ,γέγονε
2385 2859 2521 2931 σάρξ
2561 2862 2589 2914 6
2629 2860 2802 2927 Λόγος
2823 2877 2836 2924 ;
2861 2877 2878 2909 ι
2917 2854 3007 2929 ἆρ’
3043 2858 3104 2911 οὐ
3139 2857 3547 2928 κεχρημάτικεν
3579 2856 3714 2918 Υἱὸς

2118 2949 2410 3020 ἀνθρώπου
2437 2967 2450 3012 ;
2478 2948 2764 3002 οὑκέλαϐε
2791 2948 2977 3001 δούλου
3009 2949 3262 3019 μορφήν;
3298 2947 3400 3000 οὐκ
3433 2946 3712 2999 ἐκένωσεν

2121 3039 2338 3102 ἑαυτὸν,
2365 3039 2424 3090 ὲν
2453 3037 2760 3109 ὁμοιώματι
2786 3035 3091 3107 ἀνθρώπων
3118 3037 3431 3105 γενόμενος.
3459 3034 3552 3086 καὶ
3580 3035 3713 3103 σχή-

2047 3164 2089 3221 C
2126 3149 2259 3205 ματι
2302 3131 2551 3202 εὑρεθεὶς
2587 3130 2662 3194 ὡς
2692 3129 3010 3199 άνθρωπος;
3043 3127 3104 3180 El
3145 3126 3246 3197 μὲν
3287 3121 3380 3179 οὖν
3419 3123 3715 3221 ἀρνοῦνται

2124 3223 2225 3295 τὴν
2253 3223 2588 3292 οἰκονομίαν,
2621 3221 3120 3291 ἀνταναστήσονται
3147 3218 3409 3287 λέγοντες
3433 3219 3483 3270 οὶ
3514 3215 3717 3269 θεσπέ-

2127 3332 2232 3372 σιοι
2270 3313 2530 3385 μαθηταίο
2568 3332 2586 3363 ι
2629 3313 2738 3367 Καὶ
2777 3314 2939 3383 ἡμεῖς
2976 3311 3322 3378 ἐθεασάμεθα
3369 3311 3461 3363 καὶ
3499 3325 3712 3378 μαρτυ-

2129 3411 2354 3483 ροῦμεν,
2383 3409 2466 3461 ὅτι
2499 3408 2528 3460 6
2568 3406 2758 3475 Πατὴρ
2806 3403 3117 3457 ἀπέσταλκε
3152 3403 3242 3455 τὸν
3288 3400 3437 3465 Υίὸν,
3483 3400 3718 3470 Σωτῆρα.

2127 3503 2226 3557 τοῦ
2252 3501 2496 3572 κόσμου·
2545 3498 2604 3561 ὃς
2643 3498 2709 3550 ἂν
2756 3497 3088 3567 ὁμολογήσῃ,
3127 3496 3209 3549 ὅτι
3259 3494 3466 3566 Ἰησοῦς
3508 3495 3655 3546 ἐστιν
3682 3493 3719 3545 6

2131 3596 2260 3659 Υἱός
2285 3593 2377 3646 τοῦ
2407 3591 2570 3653 Θεοῦ,
2602 3592 2631 3643 6
2669 3589 2802 3651 Θεὸς
2832 3590 2888 3640 ἐν
2929 3589 3079 3658 αὐτῷ
3136 3587 3310 3658 μένει,
3345 3583 3441 3640 καὶ
3462 3585 3622 3647 αὐτὸς
3655 3587 3718 3636 ὲν

2129 3688 2208 3758 τῷ
2249 3685 2389 3756 Θεῷ.
2425 3703 2442 3735 ι
2477 3682 2586 3736 Καὶ
2627 3680 2809 3733 πάλιν·
2850 3699 2869 3730 ι
2918 3681 3007 3732 Ἐν
3051 3678 3227 3748 τούτῳ
3265 3677 3590 3746 γινώσκεται
3651 3675 3722 3727 τὺ

2133 3779 2360 3850 Πνεῦμα
2404 3776 2499 3829 τοῦ
2533 3773 2697 3827 Θεοῦ·
2734 3774 2847 3826 Πᾶν
2879 3773 3120 3842 πνεῦμα,
3161 3771 3188 3824 ὃ
3219 3771 3471 3841 ὁμολογεῖ
3507 3765 3724 3837 Ἰησοῦν

2134 3870 2367 3942 Χριστὸν
2402 3869 2458 3920 ὲν
2493 3866 2656 3937 σαρκὶ
2683 3862 3021 3934 ἐληλυθέναι,
3057 3864 3122 3915 ὲκ
3155 3861 3249 3915 τοῦ
3278 3860 3414 3913 Θεοῦ
3443 3862 3577 3912 ἐστι’
3622 3859 3723 3911 καὶ

2136 3962 2244 4015 πᾶν
2265 3957 2504 4028 πνεῦμα,
2539 3955 2568 4008 ὃ
2604 3955 2678 4026 μὴ
2713 3953 2966 4024 ὁμολογεῖ
2986 3953 3080 4005 τὸν
3115 3949 3345 4022 Ἰησοῦν,
3372 3951 3436 4002 ὲκ
3464 3946 3558 4001 τοῦ
3579 3943 3724 3999 Θεοῦ

2135 4057 2236 4109 οὐκ
2262 4056 2428 4105 ἐστιν.
2470 4069 2488 4100 ι
2530 4043 2684 4111 Εἶτα,
2730 4048 2878 4100 ποῖον
2905 4044 2971 4097 ἂν
3023 4044 3134 4114 ἔχοι
3163 4041 3350 4109 λόγον,
3385 4040 3447 4091 τὸ
3498 4036 3586 4090 ἐπ’
3622 4039 3724 4088 ἁν-

2137 4146 2358 4218 θρώπου
2403 4144 2546 4196 νοεῖν
2595 4139 2670 4202 ὡς
2722 4136 3099 4208 παραγέγονεν
3151 4135 3209 4187 ἐν
3263 4131 3462 4203 σαρκί;
3511 4128 3726 4199 Πρέποι

2135 4238 2180 4292 δ’
2211 4236 2276 4289 ἂν
2309 4233 2509 4306 μᾶλλον
2530 4229 2610 4300 τῷ
2643 4229 2748 4292 ἔξω
2781 4227 2980 4296 σαρκὸς
3013 4224 3106 4279 καὶ
3130 4224 3343 4294 φύσεως
3367 4221 3467 4274 οὐκ
3487 4219 3600 4272 ὄντι
3623 4218 3727 4288 τῆς

2139 4327 2262 4382 καθ’
2293 4327 2461 4397 ἡμᾶς,
2485 4322 2548 4376 τὸ
2572 4322 2667 4375 καὶ
2711 4322 2768 4373 ἐν
2798 4319 2964 4389 σαρκὶ
2994 4316 3272 4385 γενέσθαι,
3301 4315 3397 4368 καὶ¹
3424 4312 3562 4384 μετὰ
3588 4310 3728 4364 ταύ-

2141 4438 2241 4492 της
2268 4418 2444 4472 έλθεῖν
2466 4418 2545 4478 εἰς
2569 4413 2717 4468 τόνδε
2741 4411 2834 4465 τὸν
2858 4411 3064 4479 κόσμον
3092 4407 3231 4479 μετὰ
3258 4405 3355 4460 τοῦ
3390 4407 3572 4476 μεῖναι
3587 4404 3616 4456 ὃ
3632 4399 3725 4474 ἦν.

447 4515 633 4566 omnia
685 4527 783 4582 per
831 4512 1008 4581 ipsum
1054 4512 1124 4564 ad
1157 4519 1338 4565 ortum
1372 4511 1619 4566 traducta
1654 4523 1777 4565 esse
1809 4521 2020 4563 censea-

2141 4513 2352 4569 Οὐκοῦν
2387 4512 2436 4563 εἰ
2475 4508 2572 4562 καὶ
2598 4506 2826 4575 γέγονεν
2851 4503 3156 4573 ἄνθρωπος,
3179 4499 3243 4552 τὸ
3279 4499 3544 4568 ἀπεῖργον
3570 4496 3730 4549 οὐδὲν

451 4623 592 4673 mus,
631 4615 904 4676 quatenus
933 4615 1018 4660 est
1046 4605 1190 4660 Deus
1220 4614 1276 4660 et
1304 4615 1610 4661 coaeternus
1642 4601 1817 4656 Patri.
1847 4598 2038 4668 Neque

449 4699 594 4752 enim
622 4696 763 4758 Deus
799 4696 1074 4754 exsistens
1097 4693 1338 4751 Verbum
1376 4697 1722 4751 immutatum
1757 4699 1865 4757 est,
1895 4698 2038 4758 tam—

451 4793 561 4858 (τιεί,
626 4805 850 4855 carnem
936 4792 1116 4847 anima
1197 4789 1536 4859 intelligente
1603 4785 1884 4855 praeditam
1945 4799 2038 4838 as-

454 4886 791 4953 sumpserit:
816 4893 996 4938 etnon
1023 4883 1298 4939 hominem
1341 4882 1444 4937 sibi
1473 4879 1578 4948 ipsi
1612 4878 1964 4948 coniungens,
1987 4886 2046 4932 ut

456 4976 548 5030 isti
582 4975 1091 5050 innovatoresﬁdei
1125 4982 1400 5032 statuunt,
1437 4972 1533 5024 sed
1573 4969 1689 5037 ipse
1715 4969 1918 5022 factum
1943 4985 2036 5024 ca-

457 5083 540 5130 ro,
568 5075 630 5119 ut
655 5068 789 5131 dixi,
824 5067 926 5120 hoc
949 5075 1054 5130 est,
1095 5066 1280 5118 homo.
1315 5061 1480 5134 7“
1511 5060 1625 5117 Hac
1649 5061 1793 5116 enim
1831 5063 2040 5117 ratione

455 5162 562 5238 ipsi
599 5161 790 5216 unctio
820 5161 987 5212 etiam
1026 5157 1339 5220 conveniat,
1370 5159 1504 5211 citra
1550 5156 1899 5211 calumniam.
1933 5157 2040 5210 Vo-

459 5255 676 5308 cabitur
703 5261 889 5306 autem
915 5259 970 5304 et
997 5248 1177 5311 lesus,
1207 5259 1267 5303 ut
1293 5251 1408 5319 ipse
1443 5264 1634 5305 revera
1657 5251 1926 5305 exsistens
1948 5253 2040 5318 qui

388 5340 392 5345 ’
459 5345 759 5400 secundum
809 5357 1032 5396 carnem
1081 5359 1145 5397 ex
1188 5341 1405 5413 Virgine
1455 5354 1612 5397 natus
1653 5351 1755 5398 est.
1803 5342 2044 5397 Salvavit

459 5437 603 5488 enim
636 5437 738 5488 hoc
763 5443 924 5503 pacto
951 5447 1106 5487 suum
1145 5433 1314 5500 ipsius
1345 5433 1625 5502 populum,
1649 5448 1754 5487 non
1788 5440 1847 5486 ut
1875 5433 2041 5487 homo

465 5529 574 5579 Deo
603 5526 947 5592 coniunctus,
976 5526 1072 5580 sed
1106 5537 1164 5579 ut
1196 5526 1334 5582 Deus
1373 5526 1570 5581 similis
1620 5521 1795 5589 factus
1839 5525 1906 5579 iis
1945 5525 2037 5592 qui

577 5725 621 5755 ¹⁸
653 5722 761 5777 Luc
791 5742 826 5790 ι,
855 5727 941 5788 30,

1013 5729 1098 5780 51.
1218 5729 1258 5759 τ’
1297 5728 1488 5782 Matth.
1525 5741 1561 5790 I,
1603 5726 1692 5779 21.

378 5828 380 5830 τ
473 5794 514 5837 υ
541 5795 669 5856 iltitl.
705 5803 761 5857 κ,
796 5796 846 5848 5.

1812 5726 1852 5756 ¹ι⁸
1899 5724 2051 5786 Joan.
2085 5740 2122 5786 ι,
2165 5723 2246 5789 ll.

2139 4609 2363 4668 ἐννοεῖν,
2393 4605 2458 4657 δι’
2488 4601 2652 4656 αὐτοῦ
2676 4598 2958 4670 παρῆχθαι
2987 4596 3056 4650 τά
3089 4597 3289 4662 πάντα,
3321 4593 3442 4647 καθ’
3473 4592 3502 4646 ὃ
3523 4593 3731 4645 νοεῖται

2139 4699 2272 4761 Θεὸς
2323 4697 2418 4750 καὶ
2477 4695 2745 4754 συναῖδιος
2796 4690 2876 4761 τῷ
2909 4689 3104 4761 Πατρί.
3148 4687 3223 4743 Οὐ
3267 4686 3377 4756 γὰρ
3435 4683 3733 4756 ἠλλοίωται

2141 4789 2274 4856 Θεὸς
2299 4786 2375 4841 ὣν
2403 4786 2432 4838 ὁ
2449 4786 2644 4852 Λόγος,
2667 4784 2717 4835 εἰ
2748 4781 2845 4837 καὶ
2860 4780 3084 4849 γέγονεν
3113 4780 3172 4832 ὲν
3193 4776 3510 4849 ιιιιιιοσλήιξιει⁴
3525 4773 3734 4846 σαρκὸς

2143 4878 2504 4950 ὲψυχωμένης
2547 4875 2771 4948 νοερῶς,
2795 4858 2892 4928 καῖ
2935 4873 3034 4927 οὐκ
3059 4871 3348 4942 ἄνθρωπον
3393 4867 3573 4939 ἑαυτῷ
3603 4885 3731 4920 συν-

2143 4975 2306 5046 άψας,
2351 4971 2494 5025 καθά
2543 4987 2706 5039 φασιν
2756 4969 2808 5020 οἱ
2855 4965 3309 5037 καινοτομοῦντες
3361 4964 3462 5032 τὴν
3517 4961 3723 5024 πίστιν,

2144 5067 2259 5121 ἀλλ’
2290 5064 2452 5127 αὐτὸς
2479 5063 2772 5132 γενόμενος
2805 5059 2964 5130 σὰρξ,
2997 5060 3072 5122 ὡς
3107 5058 3273 5129 ἔφην,
3307 5055 3588 5109 τουτέστιν
3633 5056 3730 5108 ἄν·

2145 5158 2381 5230 θρωπος,
2410 5155 2605 5206 Ἔσται
2642 5150 2752 5221 γὰρ
2792 5150 2966 5212 οὕτως
3011 5148 3161 5218 αὐτῴ
3210 5148 3306 5201 καὶ
3337 5146 3400 5199 τὸ
3431 5142 3731 5214 κεχρῖσθαι

2149 5249 2362 5318 πρέπον
2394 5247 2490 5298 καὶ
2535 5242 2791 5311 διαϐολῆς
2839 5239 3124 5311 ἀμοιροῦν.
3163 5237 3509 5309 Κεκλήσεται
3547 5236 3604 5289 δὲ
3640 5235 3740 5288 καὶ

2162 5339 2390 5410 Ἰησοῦς,
2422 5338 2499 5400 ὼς
2550 5335 2712 5398 αὐτὸς
2769 5332 3030 5404 ὑπάρχων
3079 5332 3221 5384 κατὰ
3261 5331 3538 5401 ἀλήθειαν,
3579 5329 3609 5380 6
3633 5327 3741 5394 τὴν

2151 5430 2293 5485 κατὰ
2320 5431 2501 5499 σάρκα
2524 5429 2588 5479 ὲκ
2619 5424 2874 5494 γυναικὸς
2904 5423 3204 5494 ὑπομείνας
3229 5418 3741 5492 γέννησιν.Σέσωκε

2151 5522 2260 5592 γὰρ
2288 5521 2432 5574 οῦτω
2475 5519 2565 5573 τὸν
2610 5515 2805 5570 ἑαυτοῦ
2850 5515 2999 5580 λαὸν,
3040 5515 3138 5585 οὐχ
3176 5513 3252 5578 ὡς
3295 5513 3582 5582 ἄνθρωπος
3617 5507 3748 5578 Θεῷ

2367 5724 2407 5753 ¹⁹
2456 5718 2684 5800 Philipp.
2723 5732 2781 5781 ιι,
2824 5715 2875 5781 6,
2904 5718 2956 5768 7.
3074 5715 3160 5768 ’“l
3218 5715 3372 5770 Joau.
3411 5731 3483 5782 tv,
3533 5714 3614 5783 li,
3655 5716 3740 5774 ιιι.
