4050 6408
324 386 468 442 4305

1460 379 1649 448 QUOD
1692 379 1877 437 UNUS
1915 380 2020 436 SIT
2061 369 2426 439 CHRISTUS.

3465 390 3603 447 ιωσ

325 499 648 569 συναφθεὶς,
672 498 785 552 ἀλλ’
835 496 912 559 ὼς
956 493 1088 558 Θεὸς
1117 492 1358 562 γεγονὼς
1411 495 1470 545 ὲν
1507 494 1761 564 ὁμοιώσει
1805 494 1914 547 τῶν

2019 495 2516 563 periclitabantur:
2550 506 2608 551 ut
2641 497 2694 552 in
2733 499 2852 568 ipso
2891 506 2943 554 et
2971 499 3189 570 quidem
3231 502 3408 572 primo
3431 521 3602 573 genus

324 589 846 652 κεκινδυνευκότων,
877 588 944 640 ἵν’
975 588 1033 640 ἐν
1065 586 1212 656 αῦτῷ
1247 587 1340 639 καὶ
1373 584 1578 655 πρώτῳ
1606 585 1670 638 τὸ
1699 585 1912 655 ἀνθρώ-

327 702 487 738 πινον
519 683 678 751 γένος
706 681 1118 750 άναπλάττηται
1149 678 1285 751 πρὸς
1311 679 1373 730 τὸ
1402 680 1462 730 ἐν
1487 678 1705 748 ἀρχαῖς.
1730 677 1916 731 Πάντα

325 776 440 844 γὰρ
472 769 540 844 ἦν
564 775 622 826 ἐν
655 773 805 842 αὐτῷ
832 770 1015 824 καινά.

401 867 462 918 Β.
507 860 717 917 Οὐκοῦν
754 859 1175 930 διαϐεϐλήσεται
1218 857 1356 929 πρὸς
1389 857 1568 928 ήμῶν,
1606 855 1669 910 τὸ
1717 856 1916 927 χρῆναι

327 957 552 1025 φρονεῖν
577 954 610 1024 ἢ
635 954 838 1020 λέγειν,
870 951 1156 1021 ἄνθρωπον
1185 947 1453 1018 συνῆφθαι
1480 947 1559 1018 τῷ
1583 946 1702 1018 Θεῷ
1729 948 1912 1017 Λόγῳ,

330 1047 428 1100 καὶ
463 1046 721 1099 κοινωνὸν
756 1042 1010 1112 γενέσθαι
1039 1042 1139 1112 τῆς
1167 1040 1324 1105 ἀξίας
1357 1039 1530 1111 αὐτῷ,
1549 1041 1642 1094 καὶ
1670 1041 1728 1092 ἐν
1762 1039 1914 1104 τάξει

285 1119 290 1128 Ι
327 1141 555 1210 χάριτος
584 1138 685 1208 τὴν
713 1135 988 1191 υἱοθεσίαν
1021 1133 1186 1204 ἔχειν.

403 1232 470 1283 Α.
509 1229 837 1282 Παντάπασι
888 1227 988 1298 μὲν
1039 1221 1152 1280 οὖν.
1187 1225 1264 1280 Οὐ
1305 1225 1414 1297 γὰρ
1452 1223 1560 1279 οἶδε
1601 1223 1764 1279 τοῦτο
1808 1221 1918 1278 τῶν

330 1316 497 1387 ίερῶν
517 1316 868 1386 Γραμμάτων
889 1316 922 1385 ή
944 1313 1195 1384 δύναμις,
1223 1312 1435 1385 εὕρεμα
1463 1314 1519 1368 δὲ
1549 1314 1748 1385 μᾶλλόν
1776 1316 1914 1380 ἐστι,

329 1407 620 1475 φιλοκένου
656 1424 716 1460 τε
753 1407 846 1460 καὶ
875 1405 1160 1477 ἀδρανοῦς,
1193 1406 1290 1458 καὶ
1323 1405 1666 1477 παρειμένης
1695 1405 1912 1477 φρενὸς,

331 1501 433 1557 καὶ
458 1501 560 1554 οὐκ
599 1500 832 1570 ἐχούσης
869 1501 1003 1570 όρᾷν
1027 1497 1122 1550 τοῦ
1153 1497 1454 1569 μυστηρίου
1491 1497 1555 1550 τὸ
1585 1496 1770 1567 βάθος.
1804 1495 1916 1551 Ποῦ

332 1586 448 1658 γάρ
475 1604 558 1640 τοι
595 1586 840 1639 τοιοῦτον
880 1585 1033 1657 παρὰ
1057 1585 1158 1655 τῆς
1204 1586 1368 1654 ἁγίας
1409 1585 1626 1657 εἴρηται
1652 1586 1914 1658 Γραφῆς;

345 1676 406 1730 ’0
447 1676 547 1746 μὲν
577 1675 685 1747 γὰρ
733 1676 1019 1740 θεσπέσιος
1055 1675 1267 1740 Παῦλος
1310 1676 1411 1746 τῆς
1443 1677 1915 1749 ἐνανθρωπήσεως

330 1766 429 1822 τοῦ
461 1766 803 1835 Μονογενοῦς
831 1767 1133 1838 διατρανῶν
1171 1763 1231 1820 εὖ
1292 1767 1438 1838 μάλα
1486 1768 1546 1821 τὸ
1584 1769 1906 1840 μυστήριον·

2018 586 2311 640 bmnanum
2331 589 2398 641 ad
2427 590 2720 658 pristinum
2737 601 2942 645 statum
2966 593 3382 649 instauraretur.
3404 593 3598 650 Omnia

2015 677 2160 732 cutim
2187 689 2343 732 erant
2377 681 2428 732 in
2461 682 2583 748 ipso
2613 696 2750 736 nova
2777 684 2845 738 ".

2096 852 2158 910 Β.
2191 853 2520 922 Rejiciemus
2565 858 2751 925 itaque
2793 858 2933 914 hanc
2983 860 3294 928 opinionem
3345 871 3602 931 tanquam

2016 957 2325 1010 erroneam,
2372 947 2518 1014 quod
2568 949 2730 1002 homo
2771 950 2844 1002 sit
2883 950 3214 1018 coniunctus
3256 951 3366 1006 Deo
3403 951 3601 1018 Verbo,

2015 1046 2072 1090 et
2100 1038 2370 1108 particeps
2401 1038 2589 1108 gloria:
2628 1055 2751 1094 cum
2781 1041 2898 1109 ipso
2925 1041 3176 1106 effectus,
3202 1045 3465 1114 quodque
3504 1060 3602 1113 per

2015 1128 2246 1196 gratiam
2270 1130 2560 1196 adoptatus
2589 1131 2663 1184 sit
2693 1132 2745 1184 in
2773 1131 2993 1186 Filium.

2083 1220 2150 1274 A.
2183 1219 2436 1275 Omnino.
2467 1222 2656 1292 Neque
2697 1223 2848 1278 enim
2896 1239 2967 1278 ex
3013 1225 3187 1281 sacris
3225 1225 3447 1281 Litteris
3474 1240 3600 1296 pro-

2017 1311 2132 1365 bari
2159 1321 2372 1378 potest:
2403 1315 2496 1368 sed
2523 1314 2705 1382 potius
2726 1326 3109 1379 .commentum
3146 1327 3230 1370 est
3263 1317 3467 1388 ingenii
3500 1318 3602 1372 im-

2017 1401 2248 1468 becillis,
2287 1405 2499 1460 remissi
2556 1415 2612 1460 et
2652 1406 2914 1461 novitatis
2956 1407 3227 1470 studiosi,
3282 1422 3347 1461 ac
3401 1410 3602 1464 mentis

2016 1507 2136 1562 quae
2181 1495 2422 1564 mysterii
2463 1495 2811 1552 altitudinem
2859 1498 3173 1567 perspicere
3211 1507 3464 1566 nequeat.
3494 1498 3602 1555 Ubi

2016 1587 2158 1639 enim
2209 1585 2316 1640 tale
2360 1588 2640 1657 quidpiam
2686 1590 2739 1643 in
2792 1603 2953 1643 sacra
3001 1591 3285 1658 Scriptura
3329 1589 3604 1658 reperias?

2014 1673 2151 1732 Nam
2177 1677 2395 1734 divinus
2429 1678 2630 1735 Paulus
2663 1681 2986 1751 mysterium
3043 1679 3438 1736 incarnationis
3468 1678 3602 1735 Uni-

2015 1769 2178 1838 geniti
2209 1771 2414 1839 optime
2440 1771 2797 1827 dillucidans:
2824 1791 2840 1822 ι
2863 1771 2999 1839 Quia
3032 1786 3162 1842 ergo
3190 1774 3366 1841 pueri,
3402 1771 3598 1840 inquit,

339 1877 358 1910 ι
396 1858 618 1929 Ἐπειδὴ
641 1860 748 1930 γὰρ
777 1859 846 1913 τὰ
874 1859 1083 1924 παιδία,
1115 1859 1270 1930 φησὶ,
1314 1858 1710 1931 κεκοινώνηκεν
1747 1861 1916 1931 αἵμα-

2019 1865 2554 1916 communicaverunt
2577 1865 2731 1918 carni
2772 1871 2827 1918 et
2865 1864 3140 1934 sanguini,
3168 1871 3223 1918 et
3255 1865 3370 1930 ipse
3403 1863 3600 1917 simili-

333 1967 425 2014 τος
449 1951 545 2005 καὶ
575 1952 801 2021 σαρκὸς,
825 1951 920 2004 καὶ
945 1952 1107 2014 αὐτὸς
1135 1952 1531 2023 παραπλησίως
1556 1952 1784 2024 μετέσχε
1807 1953 1916 2006 τῶν

332 2042 533 2109 αὐτῶν,
559 2043 646 2097 ἵνα
674 2043 761 2096 διὰ
779 2042 871 2096 τοῦ
903 2043 1134 2097 θανάτου
1167 2045 1492 2116 καταργήσῃ
1515 2044 1607 2098 τὸν
1637 2045 1697 2098 τὸ
1717 2046 1918 2116 κράτος

332 2134 528 2204 ἔχοντα
569 2133 664 2187 τοῦ
705 2134 962 2199 θανάτου,
1009 2135 1278 2198 τουτέστι,
1323 2136 1415 2188 τὸν
1450 2135 1713 2190 διάϐολον.
1751 2155 1770 2187 ι
1810 2137 1918 2190 Καὶ

333 2225 446 2296 μὴν
477 2225 571 2279 καὶ
620 2225 849 2296 ἑτέρωθί
883 2243 986 2280 που
1014 2242 1028 2256 ο
1067 2244 1085 2277 ι
1119 2227 1193 2280 Τὸ
1240 2227 1350 2297 γὰρ
1394 2227 1658 2281 ἀδύνατον
1703 2227 1796 2280 τοῦ
1832 2227 1919 2282 νό-

334 2333 464 2387 μου,
487 2318 546 2368 ἐν
571 2309 616 2383 ᾧ
648 2315 865 2386 ἠσθένει
891 2317 978 2370 διὰ
1005 2316 1104 2385 τῆς
1133 2317 1356 2387 σαρκὸς,
1387 2319 1415 2370 ὁ
1447 2317 1578 2382 Θεὸς
1607 2318 1696 2371 τὸν
1721 2319 1916 2372 ἐαυτοῦ

332 2407 464 2460 Υίδν
497 2406 741 2477 πέμψας,
792 2407 850 2460 ἐν
886 2405 1194 2476 ὁμοιώματι
1240 2407 1443 2479 σαρκὸς
1474 2409 1769 2479 ἁμαρτίας,
1822 2409 1917 2462 καὶ

331 2497 467 2568 περὶ
516 2497 794 2568 ἁμαρτίας
869 2497 1161 2568 κατέκρινε
1229 2497 1328 2567 τὴν
1402 2497 1678 2569 ἁμαρτίαν
1738 2499 1798 2551 ἐν
1849 2501 1915 2568 τῇ

333 2589 523 2659 σαρκὶ,
558 2590 647 2642 ἵνα
680 2589 741 2642 τὸ
765 2589 1046 2658 δικαίωμα
1075 2589 1169 2643 τοῦ
1202 2589 1369 2660 νόμου
1401 2590 1666 2662 πληρωθῇ
1695 2591 1751 2644 ἐν
1786 2591 1917 2661 ἡμῖν

329 2685 446 2746 τοῖς
477 2685 550 2752 μὴ
583 2683 724 2735 κατὰ
757 2683 935 2753 σάρκα
967 2681 1387 2753 περιπατοῦσιν,
1413 2683 1550 2735 ἀλλὰ
1577 2684 1721 2736 κατὰ
1754 2682 1918 2736 πνεῦ-

333 2793 434 2846 μα.
474 2794 493 2828 ι
531 2777 1008 2846 Κεκοινωνηκέναι
1029 2776 1084 2829 δέ
1109 2793 1290 2847 φαμεν
1316 2777 1546 2846 αἵματος
1573 2778 1667 2829 καὶ¹
1694 2777 1916 2849 σαρκὸς,

331 2867 482 2922 κατά
510 2884 574 2934 γε
601 2867 694 2920 τὸν
728 2870 841 2932 τοῖς
879 2868 1209 2940 θεορήμοσιν
1233 2870 1450 2922 ἐοικότα
1477 2867 1625 2934 νοῦν,
1658 2870 1720 2922 οὑ
1742 2871 1832 2923 τὸν
1861 2873 1918 2923 ἐν

334 2960 503 3030 σαρκὶ
541 2961 637 3012 καὶ
665 2960 860 3031 αἵματι
889 2963 1010 3014 κατ’
1050 2960 1186 3014 ίδίαν
1216 2961 1400 3030 φύσιν,
1423 2963 1517 3015 καὶ
1547 2963 1747 3033 ἑτέρως
1779 2959 1919 3017 εἶναι

335 3052 412 3121 μὴ
435 3050 752 3122 δυνάμενον,
799 3052 936 3105 ἀλλὰ
973 3054 1064 3106 τὸν
1110 3053 1212 3107 οὐκ
1263 3053 1392 3107 ὄντα
1419 3054 1578 3108 τοῦτό
1608 3072 1774 3124 ποτε,
1824 3056 1920 3109 καὶ

331 3142 552 3213 φύσεως
590 3145 784 3214 ἐτέρας
822 3143 856 3215 ἢ
915 3145 1037 3199 καθ’
1086 3147 1254 3217 ἡμᾶς·
1302 3147 1584 3215 γεγονέναι
1613 3147 1670 3201 δὲ
1716 3150 1808 3202 καὶ
1852 3149 1917 3202 ἐκ

333 3236 614 3303 γυναικὸς,
650 3237 745 3290 καὶ
789 3237 846 3289 ἐν
892 3237 1202 3308 ὁμοιώματι
1245 3238 1449 3308 σαρκὸς
1486 3238 1782 3309 ἁμαρτίας,
1828 3239 1920 3292 τὸν

329 3327 401 3381 δι’
431 3328 602 3397 ἡμᾶς,
634 3327 758 3380 καθ’
791 3329 964 3397 ἡμᾶς,
997 3329 1138 3399 μετὰ
1166 3328 1262 3382 τοῦ
1285 3329 1380 3382 καὶ
1409 3330 1551 3395 ὑπὲρ
1583 3331 1754 3401 ἡμᾶς,
1784 3331 1920 3385 καθὸ

330 3421 536 3473 νοείται
566 3419 717 3482 Θεός.
750 3419 944 3489 Γέγονε
970 3421 1069 3490 μὲν
1097 3421 1190 3475 καὶ
1221 3421 1359 3492 σὰρξ
1383 3424 1412 3475 ὁ
1458 3421 1654 3490 Λόγος,
1684 3422 1824 3494 πλὴν
1856 3424 1918 3478 οὐ

332 3509 476 3581 σὰρξ
512 3512 825 3583 ἁμαρτίας,
866 3513 982 3566 ἀλλ’
1031 3515 1090 3568 ἐν
1139 3513 1449 3584 ὁμοιώματι
1496 3514 1697 3585 σαρκὸς
1733 3517 1919 3589 ἁμαρο

328 3602 478 3668 τίσις,
514 3604 928 3675 συνανεστράφη
954 3605 1054 3676 μὲν
1083 3607 1196 3669 τοῖς
1218 3606 1312 3660 ἐπί
1334 3605 1436 3676 τῆς
1457 3606 1580 3677 γῆς,
1604 3606 1679 3671 ώς
1709 3608 1920 3681 ἄνθρωο

332 3710 458 3756 πος,
496 3693 590 3748 καὶ
637 3695 695 3747 ἐν
726 3693 1036 3765 ὁμοιώματι
1066 3695 1260 3764 γέγονε
1303 3696 1382 3768 τῷ
1413 3696 1534 3750 καθ’
1576 3699 1747 3767 ἡμᾶς,
1780 3699 1921 3770 πλὴν

327 3786 398 3841 οὐ
432 3786 551 3856 μεθ’
580 3786 737 3857 ήμῶν
769 3787 860 3857 ὑφ’
898 3788 1198 3860 ἁμαρτίαν,
1232 3789 1347 3844 ἀλλ’
1373 3791 1632 3845 ἐπέκεινα
1659 3790 1754 3845 τοῦ
1785 3793 1922 3846 εἰδέ-

330 3895 426 3931 ναι
467 3878 830 3949 πλημμελεῖν.
873 3875 982 3932 Ἦν
1015 3880 1124 3953 γὰρ
1151 3882 1182 3934 ὁ
1218 3880 1382 3946 αὐτὸς
1413 3881 1545 3945 Θεός
1573 3899 1632 3934 τε
1660 3883 1794 3954 όμοῦ
1829 3885 1924 3937 καὶ

331 3967 644 4038 ἄνθρωπος.
671 3969 736 4020 Οἱ
765 3968 824 4024 δέ
852 3969 952 4039 τὴν
993 3967 1138 4022 οὕτω
1163 3970 1369 4039 σεπτὴν
1408 3970 1502 4022 καὶ
1539 3971 1923 4042 τεθαυμασμέ-

331 4076 440 4128 νην
472 4060 786 4130 οἰκονομίαν
843 4059 1214 4130 ἀποφέροντες
1245 4060 1344 4114 οὐκ
1375 4057 1471 4114 οἷδ’
1494 4061 1643 4126 ὅπως
1671 4063 1766 4116 τοῦ
1805 4065 1921 4117 Mo-

327 4151 608 4220 νογενοῦς,
638 4151 924 4222 ἄνθρωπον
961 4149 1112 4221 αὐτῷ
1136 4150 1472 4205 συνάπτουσι
1509 4153 1799 4222 σχετικῶς,
1837 4173 1922 4207 τι·

2022 1958 2106 2004 ter
2135 1951 2477 2020 participavit
2517 1952 2748 2019 eisdem,
2783 1963 2844 2007 ut
2888 1968 2984 2022 per
3019 1963 3248 2008 mortem
3295 1955 3601 2008 destrueret

2019 2055 2142 2095 eum
2176 2042 2269 2110 qui
2314 2041 2548 2098 habebat
2575 2045 2766 2097 mortis
2790 2044 3101 2112 imperium,
3132 2043 3234 2098 hoc
3267 2054 3374 2108 εει,
3412 2045 3599 2098 diabo-

2025 2124 2134 2178 lum
2169 2126 2236 2181 ".
2278 2145 2296 2180 ι
2328 2128 2392 2182 Et
2421 2128 2528 2183 alio
2558 2131 2613 2184 iu
2645 2130 2763 2184 loco
2796 2148 2812 2186 :
2845 2149 2863 2182 ι
2903 2131 3057 2198 Quod
3086 2133 3231 2186 enim
3264 2132 3600 2200 impossibile

2018 2225 2140 2270 erat
2187 2216 2289 2287 legi
2336 2219 2388 2272 in
2430 2234 2540 2290 quo
2578 2221 2959 2276 infirmabatur
3002 2238 3098 2290 per
3146 2239 3414 2278 carnem:
3459 2224 3601 2278 Deus

2019 2307 2213 2364 Filium
2253 2325 2411 2365 suum
2448 2313 2671 2369 mittens
2699 2313 2752 2367 in
2785 2315 3212 2384 similitudinem
3255 2315 3438 2370 carnis
3471 2330 3597 2382 pec-

2019 2399 2150 2463 cati,
2178 2411 2234 2454 et
2278 2399 2347 2456 de
2388 2413 2612 2470 peccato
2657 2405 2936 2460 damnavit
2967 2417 3247 2476 peccatum
3295 2409 3348 2461 in
3390 2422 3599 2463 carne:

2021 2502 2076 2544 ut
2099 2494 2419 2560 justiticatio
2448 2497 2580 2566 legis
2609 2498 2926 2568 impleretur
2952 2499 3006 2553 in
3042 2501 3218 2566 nobis,
3253 2501 3342 2568 qui
3375 2516 3482 2554 non
3510 2516 3599 2556 se-

2019 2583 2252 2637 cundum
2289 2601 2509 2640 carnem
2543 2589 2912 2654 ambulamus,
2943 2592 3039 2645 sed
3091 2593 3390 2645 secundum
3437 2591 3600 2659 spiri-

2021 2686 2131 2730 tum
2171 2679 2239 2729 ’⁵.
2281 2696 2301 2730 ι
2345 2677 2795 2736 Communicasse
2853 2692 3036 2738 autem
3077 2683 3310 2737 dicimus
3340 2684 3491 2736 carni
3545 2690 3603 2737 et

2019 2770 2276 2838 sanguini
2325 2770 2480 2840 juxta
2517 2773 2734 2826 modum
2779 2774 2978 2828 divinis
3017 2773 3249 2845 eloquiis
3276 2758 3606 2830 convenien-V

2023 2870 2132 2913 tem
2181 2876 2286 2914 non
2318 2876 2441 2915 eum
2468 2863 2560 2932 qui
2592 2863 2644 2916 in
2681 2878 2849 2919 carne
2893 2875 2948 2918 et
2997 2864 3263 2934 sanguine
3303 2865 3602 2918 secundum

2021 2952 2295 3019 propriam
2339 2963 2592 3008 naturam
2655 2955 3014 3022 versabatur,
3063 2971 3238 3026 neque
3285 2957 3444 3011 aliter
3482 2971 3605 3011 esse

2021 3055 2268 3113 poterat;
2291 3046 2385 3100 sed
2406 3047 2498 3115 qui
2537 3048 2588 3100 id
2619 3061 2900 3116 nunquam
2935 3047 3130 3112 fuerat,
3161 3058 3216 3101 et
3248 3057 3457 3102 natura:
3483 3059 3604 3102 erat

2025 3136 2252 3190 diversae
2289 3151 2318 3189 a
2352 3147 2536 3191 nostra
2575 3154 2589 3190 :
2629 3137 2832 3192 factum
2865 3153 2995 3193 vero
3025 3155 3147 3194 esse
3186 3141 3351 3193 etiam
3387 3155 3454 3194 ex
3483 3155 3604 3194 mu-

1945 3187 1994 3251 C
2023 3227 2158 3281 liere
2192 3227 2260 3294 ’⁸,
2289 3237 2344 3281 et
2376 3227 2428 3281 in
2461 3229 2870 3283 similitudinem
2897 3231 3078 3285 carnis
3113 3231 3320 3301 peccati
3352 3232 3442 3301 qui
3476 3247 3604 3302 pro-

2020 3328 2139 3388 pter
2170 3335 2269 3374 nos
2291 3320 2458 3374 nostri
2487 3320 2682 3374 similis
2709 3331 2795 3375 est
2822 3320 3080 3376 effectus:
3113 3323 3184 3376 ita
3213 3334 3393 3376 tamen
3424 3334 3481 3376 ut
3506 3337 3605 3378 no-

2019 3411 2104 3467 bis
2135 3413 2385 3482 superior
2406 3424 2573 3480 esset,
2601 3422 2867 3484 quatenus
2895 3423 2976 3469 est
3009 3415 3169 3468 Deus.
3197 3413 3436 3469 Verbum
3457 3416 3606 3469 enim

2019 3517 2148 3557 caro
2185 3503 2388 3560 factum
2423 3513 2550 3572 est;
2585 3515 2840 3561 caeterum
2871 3520 2978 3559 non
3004 3520 3135 3560 caro
3168 3505 3399 3575 peccati,
3425 3506 3519 3560 sed
3548 3505 3606 3560 in

2021 3595 2431 3652 similitudinem
2479 3599 2662 3652 carnis
2715 3597 2946 3668 peccati.
2998 3597 3065 3652 Et
3108 3606 3360 3653 versatus
3391 3599 3608 3665 quidem

2022 3700 2105 3746 est
2139 3705 2261 3744 cum
2295 3691 2630 3753 hominibus,
2661 3700 2720 3743 ut
2753 3691 2937 3754 homo,
2983 3691 3265 3759 nosuique
3299 3689 3498 3744 similis
3531 3688 3609 3742 fa-

2022 3792 2166 3846 ctus,
2195 3783 2288 3836 sed
2321 3799 2428 3837 non
2458 3799 2564 3836 una
2600 3783 2883 3836 nobiscum
2918 3792 3140 3850 peccato
3173 3781 3464 3846 obnoxius,
3509 3761 3607 3835 sed

2025 3889 2054 3927 a
2083 3884 2309 3942 peccato
2346 3874 2504 3942 plane
2538 3874 2695 3928 liber.
2737 3874 2866 3926 Erat
2908 3874 3054 3927 enim
3102 3874 3218 3942 ipse
3267 3872 3407 3926 Deus
3443 3871 3609 3926 simul

2021 3977 2077 4021 et
2106 3967 2284 4019 homo.
2331 3965 2392 4018 Hi
2445 3979 2575 4020 vero
2624 3965 2988 4019 venerabilem
3041 3966 3180 4018 hanc
3242 3973 3408 4033 atque
3449 3962 3613 4018 admi-

2029 4058 2250 4111 randam
2304 4057 2738 4112 incarnationem
2802 4058 2870 4111 ab
2932 4055 3226 4127 Uoigenito
3271 4057 3460 4111 nescio
3505 4071 3612 4124 quo

2027 4157 2186 4215 pacto
2219 4148 2535 4211 avellentes,
2577 4146 2740 4218 745
2794 4148 3065 4201 hominem
3107 4147 3206 4217 ipsi
3250 4148 3442 4202 stricte
3474 4161 3612 4201 con-

333 4244 470 4312 μαῖς
499 4245 622 4306 ταῖς
650 4241 888 4312 θύραθεν
922 4242 1348 4314 ἐξωραῖσμένον,
1383 4244 1478 4297 καὶ
1503 4245 1763 4318 ἀλλοτρίᾳ
1795 4246 1917 4320 δόξῃ

2020 4237 2278 4308 jungunt,
2318 4239 2562 4293 externis
2610 4238 2974 4306 ascititiisque
3009 4237 3308 4292 honoribus
3338 4249 3610 4302 ornatum,

328 4335 850 4406 λελαμπρυσμένον,
902 4334 995 4388 καὶΙ
1040 4335 1103 4388 οὐ
1157 4334 1290 4388 Θεὸν
1339 4335 1579 4406 άληθῶς,
1618 4337 1754 4390 ἀλλὰ
1787 4338 1917 4392 Θεοῦ

2029 4341 2191 4399 atque
2222 4329 2397 4383 aliena
2435 4329 2608 4400 gloria
2643 4328 3010 4399 splendidum,
3054 4342 3228 4396 neque
3253 4343 3382 4381 vcre
3420 4328 3612 4392 Deum,

327 4428 596 4482 κοινωνὸν
644 4428 740 4480 καὶ
776 4427 1025 4497 μέτοχον,
1076 4427 1173 4480 καὶ
1221 4427 1352 4482 Υίὸν
1405 4413 1776 4502 ψευδώνυμον,
1828 4431 1917 4485 καὶ

2027 4423 2121 4478 sed
2167 4421 2260 4476 Dei
2325 4422 2669 4492 participem,
2708 4431 2762 4477 et
2806 4419 2924 4474 falsi
2981 4418 3216 4474 nominis
3265 4418 3464 4473 Filium
3495 4460 3512 4486 ,
3559 4429 3614 4474 et

327 4520 568 4592 Σωτῆρα
617 4519 967 4590 σωζόμενον,
1020 4521 1114 4573 καὶ
1182 4519 1553 4593 λυτρούμενον
1601 4525 1917 4596 Λυτρωτήν·

2037 4513 2379 4568 Salvatorem
2405 4527 2530 4568 eum
2563 4514 2655 4582 qui
2689 4513 2928 4568 salvatus
2961 4511 3069 4578 sit,
3102 4520 3268 4582 atque
3311 4513 3613 4578 redempto-

327 4612 517 4668 καίτοι
547 4612 893 4683 γεγραφότος
913 4613 1012 4665 ὡδὶ
1039 4612 1135 4666 τοῦ
1162 4616 1434 4688 μακαρίου
1458 4615 1696 4669 Παύλου·
1725 4637 1743 4670 ι
1775 4618 1917 4671 Ἐπέ-

2032 4621 2145 4660 rem
2182 4621 2306 4659 eum
2353 4605 2444 4674 qui
2490 4605 2800 4674 redemptus
2833 4613 2938 4671 est,
2989 4619 3113 4660 cum
3166 4603 3373 4673 alioqui
3424 4604 3614 4658 beatus

327 4721 470 4772 φανε
497 4704 608 4776 γὰρ
643 4706 677 4774 ή
707 4704 867 4774 χάρις
914 4703 1008 4758 τοῦ
1057 4705 1250 4778 Θεοῦή
1296 4709 1566 4780 σωτήριος
1614 4711 1784 4764 πᾶσιν
1829 4711 1917 4765 ἁν-

2034 4696 2232 4751 Paulus
2262 4697 2546 4752 manifeste
2571 4696 2643 4750 ita
2663 4696 2903 4751 scribat:
2937 4715 2956 4748 ι
2985 4696 3409 4766 Apparuiteuim
3438 4695 3612 4764 gratia

328 4794 600 4868 θρώποις,
659 4795 748 4849 ἵνα
787 4796 1165 4868 ἀρνησάμενοι
1212 4798 1312 4870 τὴν
1363 4799 1647 4864 ἀσέϐειαν,
1683 4801 1780 4854 καὶ
1829 4801 1917 4864 τὰς

2038 4790 2133 4843 Dei
2173 4789 2474 4843 Salvatoris
2506 4788 2676 4842 nostri
2707 4787 2959 4842 omnibus
2990 4786 3324 4849 hominibus,
3358 4786 3616 4840 erudiens

331 4889 610 4958 κοσμικὰς
641 4887 963 4958 ἐπιθυμίας,
991 4889 1288 4961 σωφρόνως
1332 4891 1428 4945 καὶ
1457 4891 1716 4956 ἐπιεικῶς
1743 4893 1926 4963 ζήσω-

213 5049 236 5055 ,
335 4999 441 5052 μεν
474 4983 532 5035 ἐν
570 4981 651 5053 τῷ
700 4981 798 5036 νῦν
844 4980 1023 5046 αἰῶνι,
1052 4982 1475 5054 προσδεχόμενοι
1501 4984 1602 5056 τήν
1643 4986 1924 5057 μακαρίαν

333 5072 549 5139 ἐλπίδα,
582 5073 676 5127 καὶ
707 5073 1033 5141 ἐπιφάνειαν
1064 5075 1164 5144 τῆς
1197 5073 1358 5144 δόξης
1385 5073 1479 5128 τοῦ
1524 5074 1762 5144 μεγάλου
1786 5075 1922 5129 Θεοῦ

335 5163 434 5220 καὶ
471 5165 723 5236 Σωτῆρος
746 5166 903 5236 ἡμῶν
949 5165 1126 5238 Ἰησοῦ
1155 5165 1414 5238 Χριστοῦ.
1449 5186 1468 5218 ι

409 5256 469 5310 Β.
499 5257 630 5323 Ναὶ,
658 5257 844 5326 φασίν.
863 5257 1082 5329 Ἐπειδὴ
1111 5257 1219 5330 γὰρ
1231 5257 1368 5321 ὅλως
1393 5257 1601 5330 ἠξιώθη
1623 5261 1920 5330 συναφείας

336 5346 437 5415 τῆς
461 5347 594 5418 πρὸς
619 5346 711 5401 τὸν
741 5346 872 5400 Θεὸν
905 5349 1096 5418 Λόγον,
1125 5350 1300 5420 μέγας
1324 5349 1420 5404 καὶ
1442 5350 1604 5414 αὐτὸς
1625 5352 1917 5426 ὠνομάσθη

336 5436 491 5499 Θεὸς,
533 5436 709 5490 καίτοι
737 5437 976 5505 γεγονὼς
1008 5438 1074 5491 ἐκ
1109 5439 1424 5510 σπέρματος
1447 5439 1541 5493 τοῦ
1571 5441 1752 5495 Δαϐίδ.

411 5615 473 5666 Α.
536 5611 708 5667 Βαϐαὶ
756 5612 857 5683 τῆς
907 5614 1287 5687 ἀποπληξίαςί
1362 5635 1380 5668 ι
1407 5617 1712 5682 Φάσκοντες
1781 5612 1921 5672 εἶναι

2030 4897 2129 4937 nos
2147 4891 2205 4936 ut
2225 4881 2558 4950 abnegantes
2582 4880 2912 4950 impietatem
2935 4887 2990 4933 et
3012 4877 3298 4935 sacularia
3321 4877 3614 4943 desideria,

2030 4974 2212 5033 sobrie
2239 4983 2296 5028 et
2329 4974 2476 5043 iuste
2513 4982 2569 5028 et
2618 4973 2706 5042 pie
2737 4972 2985 5025 vivamus
3023 4970 3076 5024 in
3122 4969 3225 5024 hoc
3255 4969 3479 5032 saeculo,
3511 4983 3611 5022 ex-

2028 5074 2335 5135 spectantes
2365 5066 2581 5121 beatam
2604 5080 2758 5133 spem
2804 5074 2860 5118 et
2891 5063 3182 5118 adventum
3207 5061 3394 5131 gloriae
3435 5059 3612 5130 magni

2030 5157 2122 5222 Dei
2147 5168 2203 5213 et
2243 5157 2544 5214 Salvatoris
2569 5157 2740 5212 nostri
2770 5155 2898 5213 Jesu
2937 5154 3140 5211 Christi
3164 5153 3232 5210 ".
3267 5173 3286 5206 ι

2105 5249 2166 5306 Β.
2206 5249 2284 5304 lta
2323 5250 2492 5304 aiunt.
2521 5247 2814 5318 Postquam
2844 5247 2989 5303 enim
3020 5245 3190 5302 semel
3219 5245 3494 5299 admissus
3527 5251 3612 5298 est

2027 5343 2092 5396 ad
2131 5342 2565 5409 coniunctionem
2611 5355 2734 5398 cum
2779 5338 2888 5396 Deo
2929 5336 3127 5404 Verbo,
3169 5352 3397 5407 magnus
3446 5337 3628 5414 etiam.

2027 5435 2142 5503 ipse
2189 5435 2330 5490 Deus
2381 5443 2606 5491 vocatus
2641 5441 2746 5499 est,
2800 5430 3018 5486 tametsi
3073 5444 3140 5484 ex
3186 5429 3394 5486 semine
3443 5425 3612 5482 David

2027 5535 2200 5580 ortus.

2099 5615 2164 5671 Α.
2205 5616 2250 5673 0
2278 5615 2603 5673 immensum
2643 5614 2956 5686 stuporem!
2994 5631 3014 5667 ι
3040 5611 3176 5668 Cum
3212 5627 3272 5668 se
3302 5612 3483 5668 dicant
3515 5623 3606 5666 sa-

413 5796 458 5839 "
488 5795 527 5856 ll
551 5797 673 5852 Cor.
721 5813 769 5861 ν,
805 5797 886 5861 l7.
967 5797 1010 5831 "
1036 5794 1197 5852 Hebr.
1236 5813 1298 5860 ιι,
1328 5797 1412 5861 14.
1486 5799 1532 5832 ’δ
1564 5797 1719 5854 Rom.
1757 5814 1875 5860 vm.
1907 5799 1917 5854 ε

2024 5837 2039 5852 .
2109 5800 2154 5832 ³⁵
2189 5798 2368 5854 Galat.
2394 5813 2468 5857 tv.
2511 5797 2562 5859 4.
2641 5797 2688 5830 ’⁸
2717 5795 2827 5851 Tit.
2858 5809 2917 5856 ιι,
2950 5791 3140 5849 ιι-ιδ.
