4050 6408
351 364 489 420 1307

1394 366 1453 423 s.
1482 365 1761 426 cultu
1800 357 2275 425 ALEXANnut‘ivt
2316 372 2644 430 ARCHIEP.

3456 320 3469 333 ο
3496 372 3636 430 1508

350 481 584 550 pientes,
640 482 792 539 stulti
853 481 982 539 facti
1034 493 1181 551 sunt,
1220 504 1239 535 ι
1282 485 1435 555 juxta
1488 484 1831 556 Scripturam
1858 484 1930 537 ".

2056 489 2219 556 τοφοὶ,
2261 492 2685 566 ἐμωράνθησαν.
2720 512 2739 546 ι
2774 493 2920 548 κατὰ
2943 494 3006 548 τὸ
3026 491 3437 565 γεγραμμένον.
3491 489 3637 546 Μιθσ

355 573 673 631 'l‘raduelnt
714 575 881 642 enim,
922 584 986 629 ut
1015 574 1151 639 dixi,
1184 590 1401 631 omnem
1433 576 1686 646 mysterii
1723 574 1932 632 Christi

354 666 462 719 vim
491 681 555 722 ac
585 667 837 722 virtutem
884 667 935 725 iu
967 667 1324 723 contrarium.
1363 667 1431 722 Et
1463 670 1608 739 quod
1649 667 1824 736 ipsum
1857 666 1937 719 di-

353 768 487 814 cunt
521 759 740 830 dignum
772 774 839 814 eo
870 758 1075 814 honore
1100 758 1400 829 judicatum
1440 774 1583 824 esse,
1627 758 1756 813 nihil
1794 757 1938 812 aliud

353 860 441 907 est
472 867 634 922 quam
675 865 1020 907 communem
1061 852 1299 922 aliquem
1340 852 1619 907 hominem
1678 860 1935 916 statuere,

353 955 411 999 et
446 944 813 1000 diversitatem
856 945 1149 1014 quamdam
1196 946 1473 1017 imperite,
1514 960 1580 1001 ac
1621 944 1940 1000 dualitatem

356 1034 591 1088 filiorum
640 1034 975 1090 adorandam
1024 1048 1353 1106 proponere,
1408 1049 1643 1105 quorum
1687 1034 1829 1090 alter
1871 1034 1942 1090 sit

354 1135 551 1181 natura
601 1140 665 1181 ac
709 1140 840 1180 vere
869 1126 1062 1193 Filius,
1099 1130 1240 1183 alter
1284 1127 1555 1183 ascititius
1601 1135 1657 1181 et
1702 1122 1940 1196 spurius,

355 1216 598 1287 nihilque
634 1219 841 1273 habens
882 1218 1025 1286 quod
1071 1234 1225 1274 suum
1260 1221 1370 1282 sit;
1406 1219 1481 1272 ita
1524 1227 1583 1273 ut
1617 1218 1694 1272 illi
1722 1216 1946 1287 perinde

355 1324 420 1364 ac
460 1308 618 1364 nobis
647 1310 756 1364 dici
792 1310 1008 1377 possit:
1042 1328 1060 1361 ι
1095 1309 1234 1377 Quid
1270 1308 1438 1364 habes
1463 1309 1605 1379 quod
1642 1323 1746 1363 non
1790 1322 1947 1363 acce-

353 1400 501 1469 peris
521 1400 605 1454 ’⁸1
639 1419 660 1454 ι
705 1398 979 1455 Prwterea
1030 1400 1160 1470 quid
1210 1400 1277 1454 de
1329 1399 1734 1470 sapientissimo
1778 1397 1947 1452 Paulo

353 1502 683 1558 statuemrts,
743 1493 814 1546 ita
871 1494 1086 1548 dicente
1122 1511 1137 1547 :
1170 1512 1188 1545 ι
1222 1491 1314 1548 Dei
1370 1493 1515 1547 enim
1568 1492 1740 1548 Filius
1787 1489 1946 1547 Jesus

356 1582 637 1647 Christus,
670 1584 762 1652 qui
802 1584 854 1637 in
893 1584 1049 1638 vobis
1093 1598 1188 1654 per
1224 1597 1325 1639 nos
1356 1582 1682 1653 praedicatus
1712 1591 1819 1649 est,
1850 1595 1947 1651 per

358 1690 446 1728 nte
476 1685 530 1728 et
562 1672 842 1729 Silvanum
876 1686 930 1730 et
956 1674 1327 1740 Timotheum,
1365 1690 1471 1731 non
1500 1673 1603 1730 fuit
1636 1675 1688 1730 in
1724 1676 1819 1731 illo
1844 1693 1945 1736 εστ

356 1774 412 1820 et
445 1782 573 1831 non,
609 1767 702 1823 sed
734 1782 833 1823 ss'r
861 1767 913 1822 in
943 1768 1036 1822 illo
1070 1766 1173 1822 fuit
1196 1767 1263 1822 ³⁸.
1295 1786 1314 1821 ι
1349 1767 1631 1834 Quomodo
1658 1770 1804 1823 enim
1837 1785 1942 1825 non

2044 585 2222 638 ιστᾶσι
2271 587 2402 660 γὰρ,
2441 588 2518 652 ὼς
2536 587 2695 658 ἔφην,
2725 585 2823 641 τοῦ
2862 585 3007 642 κατὰ
3044 586 3284 659 Χριστὸν
3334 583 3636 656 μυστηρίου

2040 676 2139 748 τὴν
2168 677 2418 750 δύναμιν,
2467 682 2551 744 είς
2586 681 2696 734 πᾶν
2737 678 3070 745 τούναντίον,
3106 678 3201 732 καὶ
3232 677 3332 747 μὲν
3371 672 3641 745 ἠξιῶσθαι

2041 768 2222 837 λέγειν
2262 769 2445 837 αὐτὸν,
2486 769 2571 843 εἴη
2603 769 2670 825 ἂν
2720 769 2910 841 ἕτερον
2944 768 3118 832 οὐδὲν,
3153 767 3297 838 πλὴν
3327 766 3413 819 ὅτι
3458 763 3642 818 κοινὸν

2042 859 2336 932 ἄνθρωπον
2356 860 2708 929 ἀποφαίνειν,
2738 862 2835 915 καὶ
2859 861 2941 932 εἰς
2969 860 3264 932 ἑτερότητα
3281 858 3382 929 τὴν
3404 856 3642 911 εἰσάπαν

2045 952 2417 1025 ἀποτειχίζειν
2487 954 2752 1019 ἀϐούλως,
2780 983 2793 991 -
2830 954 2907 1017 ὡς
2978 950 3113 1006 υίῶν
3174 950 3415 1005 νοεῖσθαι
3470 946 3636 1003 δυάδα

2043 1046 2455 1118 προσκυνητὴν,
2511 1041 2588 1102 ὧν
2644 1049 2674 1101 6
2721 1048 2823 1118 μέν
2868 1046 2988 1099 ἐστι
3033 1043 3195 1114 φύσει
3242 1042 3338 1097 καὶ
3394 1039 3638 1108 ἀληθῶς,

2045 1135 2275 1208 θάτερός
2297 1154 2361 1207 γε
2403 1137 2531 1211 μὴν,
2566 1137 2877 1207 sionem-:6;
2908 1154 2969 1190 τε
3010 1137 3104 1190 καὶ
3132 1133 3303 1198 νόθος,
3352 1133 3449 1186 καὶ
3486 1131 3642 1184 οὐδὲν

2045 1226 2187 1297 ἔχων
2239 1227 2266 1280 6
2309 1228 2459 1281 ἔστιν
2509 1228 2701 1293 αὐτοῦ,
2753 1228 2842 1281 ἴνα
2897 1228 2992 1281 καὶ
3049 1225 3203 1296 αὐτῷ
3238 1224 3470 1293 λέγηται
3519 1219 3642 1292 μεθ’

2046 1317 2237 1388 ἡμῶνο
2288 1336 2307 1370 ι
2336 1319 2400 1371 Τί
2434 1318 2545 1390 γὰρ
2592 1318 2758 1389 ἔχεις,
2804 1318 2834 1371 ὃ
2863 1318 2963 1372 οὐκ
3010 1315 3235 1380 ἔ).α6ες;
3293 1334 3314 1367 ι
3342 1309 3475 1367 Εἶτα
3514 1313 3644 1366 ὅποι

2048 1411 2181 1464 ποτὲ
2216 1409 2482 1481 βαδιεῖται
2524 1411 2702 1481 λέγων
2741 1412 2769 1465 6
2815 1410 3094 1479 πάνσοφος
3126 1406 3363 1469 Παῦλος,
3389 1424 3407 1458 ι
3442 1404 3516 1458 ~'O
3541 1399 3647 1456 τοῦ

2046 1500 2184 1555 Θεοῦ
2207 1502 2315 1573 γὰρ
2344 1502 2473 1567 Υἱὸς
2501 1502 2739 1575 Χριστὸς
2776 1501 3005 1575 Ἰησοῦς,
3034 1502 3062 1555 6
3094 1503 3153 1552 ὲν
3178 1500 3308 1570 ὑμῖν
3341 1494 3645 1568 κηρυχθεὶς

2046 1594 2115 1649 δι’
2156 1593 2295 1666 ἐμοῦ
2332 1595 2427 1650 καὶ
2465 1595 2755 1650 Σιλουανοῦ
2795 1594 2891 1650 καὶ
2938 1591 3230 1664 Τιμοθέου,
3286 1590 3387 1644 οὐκ
3424 1588 3651 1657 ἐγένετο

2047 1688 2156 1743 Ναί
2185 1688 2281 1741 καὶ
2316 1687 2412 1754 Oli,
2453 1688 2592 1743 ἀλλὰ
2619 1689 2726 1743 Ναί
2764 1690 2822 1742 ἐν
2856 1685 3006 1758 αὐτῷ
3040 1686 3253 1755 γέγονε.
3289 1702 3307 1734 ι
3362 1681 3489 1745 Πῶς
3529 1679 3644 1751 γὰρ

2047 1781 2110 1836 οὐ
2136 1782 2328 1852 γέγονε
2360 1780 2462 1835 Ναί
2491 1782 2587 1835 καὶ
2626 1780 2734 1847 Oli,
2763 1783 2812 1835 εἰ
2845 1780 2979 1843 Θεὸς
3001 1774 3141 1832 εἶναι
3171 1776 3392 1846 λέγεται
3422 1775 3518 1828 καὶ
3541 1773 3646 1827 οὐκ

357 1856 522 1912 fuerit
561 1872 659 1913 esr
702 1868 756 1913 et
784 1874 889 1915 non
911 1899 926 1925 ,
960 1860 1004 1915 si
1037 1860 1181 1915 Deus
1220 1875 1342 1915 esse
1377 1860 1598 1927 dicitur,
1630 1870 1683 1916 et
1722 1877 1827 1916 non
1862 1873 1945 1919 est

2056 1847 2163 1929 ἔστι
2200 1847 2368 1941 ὁεόςς
2418 1874 2468 1927 εί
2495 1871 2938 1944 κατεψευσμένον
2966 1872 3051 1925 ἐπ’
3082 1868 3249 1923 αὐτοῦ
3276 1868 3359 1930 τὸ,
3391 1866 3521 1928 Υἱός
3546 1865 3645 1918 καὶ

357 1947 542 2004 Dens?
574 1950 620 2005 si
649 1949 786 2006 falso
814 1952 881 2007 de
911 1953 1027 2022 ipso
1066 1951 1266 2007 dicitur
1297 1952 1447 2018 illud,
1483 1951 1656 2009 Filius
1683 1965 1736 2009 et
1765 1954 1946 2009 Domi-

359 2040 501 2095 nus?
533 2042 590 2096 Si
630 2056 760 2098 vero
787 2044 859 2097 ita
904 2059 964 2099 se
994 2059 1085 2099 res
1120 2044 1304 2110 habet,
1337 2055 1392 2099 ut
1426 2046 1513 2101 isti
1548 2045 1758 2113 volunt,
1788 2062 1948 2118 opor-

358 2135 523 2190 tuerit
549 2135 736 2203 etiam,
768 2146 828 2191 ut
867 2137 1131 2202 arbitrer,
1165 2139 1390 2195 dicere:
1430 2156 1448 2190 ι
1475 2139 1666 2196 Gratia
1702 2140 1793 2195 Dei
1826 2156 1944 2195 sunt

358 2222 413 2278 id
444 2225 586 2295 quod
615 2241 732 2281 sum
757 2226 827 2284 ³⁵.
859 2245 878 2279 ι
912 2227 1065 2296 Quod
1098 2230 1242 2287 enim
1275 2231 1603 2286 naturaliter
1644 2245 1750 2285 non
1782 2231 1946 2296 inest,

242 2389 247 2393 _
356 2316 453 2371 sed
481 2316 826 2374 extrinsecus
868 2321 1102 2376 ascitum
1131 2331 1236 2385 est,
1270 2332 1324 2378 et
1352 2322 1422 2377 ab
1459 2322 1566 2377 alio
1596 2322 1802 2389 datum,
1841 2339 1946 2378 non

357 2416 443 2461 est
487 2408 775 2464 dicendum
822 2411 940 2481 ejus
971 2415 1065 2483 qui
1112 2414 1343 2482 accepit,
1394 2414 1488 2469 sed
1524 2413 1643 2485 ejus
1674 2414 1765 2483 qui
1804 2414 1951 2473 dedit

358 2507 520 2565 atque
557 2496 787 2570 largitus
823 2510 928 2556 est.
976 2504 1095 2569 Quo
1134 2512 1296 2574 pacto
1341 2513 1520 2559 autem
1566 2503 1705 2558 dixit
1735 2520 1751 2557 :
1787 2524 1805 2556 ι
1840 2505 1950 2569 Εκο

358 2602 476 2642 sunt
512 2587 730 2645 Veritas
751 2592 819 2658 “,
851 2612 870 2645 ι
912 2595 955 2649 si
1001 2595 1135 2650 nihil
1184 2597 1239 2652 in
1281 2599 1399 2667 ipso
1440 2605 1524 2653 est
1573 2597 1726 2652 veri?
1782 2597 1946 2667 Atqui

359 2681 878 2749 comprehenderint
920 2686 1083 2740 etiam
1129 2688 1303 2757 ipsum
1353 2690 1612 2757 tenebrae,
1659 2691 1705 2746 si
1761 2692 1950 2745 menti-

361 2782 469 2826 tur.
497 2772 768 2833 Caeteruut
793 2795 812 2828 ι
841 2792 946 2832 non
978 2778 1107 2835 fecit
1135 2791 1437 2850 peccatum,
1472 2797 1649 2854 neque
1696 2783 1950 2838 iuventus

360 2872 445 2918 est
472 2864 525 2920 in
554 2880 649 2920 ore
676 2867 849 2937 ipsius
880 2870 1069 2939 dolus,‘
1091 2889 1110 2924 ι
1142 2881 1201 2926 ιιι
1234 2874 1500 2945 scriptum
1531 2884 1615 2931 est
1634 2875 1703 2930 ⁸¹.

427 2953 487 3009 B.
529 2954 647 3010 Non
669 2972 820 3013 sane.

437 3046 500 3103 Α.
541 3047 802 3115 Quaenam
842 3067 973 3108 Vero
1008 3052 1172 3111 fuerit
1217 3057 1552 3128 exinanitio;
1593 3071 1686 3118 aut
1734 3063 1821 3119 cui
1858 3079 1950 3120 ac-

2045 1967 2288 2039 Κύριοςς
2331 1969 2550 2039 Ἔχοντι
2581 1966 2638 2020 δὲ
2667 1959 2796 2030 ὧδε,
2836 1964 2983 2020 καθά
3012 1979 3176 2032 φασιν
3218 1960 3392 2023 αὐτοὶ,
3440 1956 3647 2028 πρέποι

2046 2057 2133 2127 ἂν,
2173 2054 2327 2129 οἶμαί
2364 2077 2490 2127 που,
2535 2060 2624 2113 καὶ
2662 2058 2724 2113 τὸ
2758 2058 2957 2129 χρῆναι
2998 2055 3218 2125 λέγειν·
3284 2073 3302 2104 ι
3331 2052 3529 2122 Χάριτι
3586 2049 3650 2103 δὲ

2047 2147 2182 2203 Θεοῦ
2214 2151 2330 2221 εἰμι
2365 2151 2392 2203 ὅ
2432 2152 2565 2220 εἰμι.
2598 2168 2618 2201 ι
2669 2148 2745 2202 Τὸ
2776 2147 2887 2218 γὰρ
2935 2146 3010 2217 μὴ
3056 2143 3217 2214 φύσει.
3263 2140 3485 2213 προσὸν,
3524 2137 3649 2192 ἀλλ’

2048 2241 2251 2308 ἔξωθεν
2305 2243 2401 2296 καὶ
2448 2241 2884 2312 είσκεκριμένον,
2923 2238 3017 2292 καὶ
3070 2236 3201 2306 παρ’
3232 2233 3421 2306 ἑτέρου
3466 2231 3646 2295 δοτὸν,

2047 2334 2170 2405 οὐχὶ
2197 2334 2291 2388 τοῦ
2321 2335 2581 2399 λαϐόντος
2610 2334 2698 2404 εἴη
2727 2333 2792 2387 ἂν
2818 2331 3041 2405 μᾶλλον,
3070 2329 3209 2384 ἀλλὰ
3236 2327 3328 2381 τοῦ
3357 2326 3657 2394 νείμαντος

2050 2427 2143 2480 καὶ
2170 2427 2562 2498 χαρισαμένου.
2596 2424 2723 2489 Πῶς
2750 2424 2808 2478 δὲ
2838 2423 2933 2477 καὶ
2969 2422 3233 2491 ἔφασκεν,
3280 2438 3297 2471 ι
3340 2417 3483 2485 Ἐγώ
3525 2416 3649 2483 εἰμι

2048 2521 2081 2591 ἡ
2118 2520 2366 2592 ἀλήθεια,
2408 2540 2427 2573 ι
2472 2520 2520 2572 εἰ
2552 2519 2720 2591 μηδὲν
2746 2518 2942 2590 ἀληθὲς
2964 2517 3050 2571 ἐπ’
3080 2513 3276 2579 αὑτοῦ;
3313 2506 3651 2579 Κατε).ήφθη

2049 2615 2193 2684 τάχα
2234 2630 2339 2666 που
2379 2615 2473 2666 καὶ
2504 2612 2607 2666 ὑπὸ
2652 2615 2752 2684 τῆς
2793 2609 3037 2673 σκοτίας,
3091 2610 3139 2661 εἰ
3177 2605 3455 2677 ψεύδεται.
3501 2600 3651 2654 Ἀλλ’

2057 2727 2076 2758 ι
2107 2707 2209 2760 οὐκ
2238 2705 2496 2778 ἐποίησεν
2548 2704 2848 2777 ἁμαρτίαν,
2877 2702 2997 2756 οὐδὲ
3035 2699 3237 2772 εὑρέθη
3264 2698 3413 2762 δόλος
3460 2696 3520 2749 ὲν
3566 2692 3662 2767 τῷ

2053 2796 2282 2868 στόματι
2304 2795 2494 2858 αὑτοῦ,
2524 2815 2541 2848 ι
2580 2794 2724 2849 καθὰ
2756 2794 3088 2867 γέγραπται.

2122 2974 2183 3029 Β.
2219 2973 2294 3027 Οὐ
2320 2971 2430 3044 γὰρ
2459 2966 2573 3027 οὗν.

2121 3067 2188 3122 Α.
2221 3066 2333 3121 Ποῦ
2373 3065 2430 3119 δὲ
2463 3068 2495 3137 ἡ
2546 3066 2813 3134 κένωσις;
2873 3066 2971 3120 καὶ
3010 3066 3152 3131 τίνος
3187 3065 3254 3119 ἂν
3284 3064 3458 3116 νοοῖτο
3489 3056 3661 3128 γενέ-ι

362 3140 597 3211 ciderit‘f!
629 3139 816 3212 Neque
849 3143 996 3200 enim
1026 3162 1356 3220 quemquam
1389 3151 1729 3209 exinanitum
1763 3156 1948 3211 videre

365 3243 442 3255 Α-..
500 3232 957 3255 -1Α--›.ΑΑ-ογ
1040 3254 1087 3255 γε
1144 3248 1156 3255 .
1251 3242 1262 3255 ι
1366 3243 1378 3255 ι
1423 3253 1431 3255 _
1781 3247 1814 3255 .-
1931 3246 1946 3255 .

2056 3159 2179 3215 σθαι
2215 3159 2433 3227 λοιπόν;
2483 3160 2557 3214 Οὐ
2601 3158 2711 3230 γὰρ
2749 3158 2897 3213 ἔστιν
2950 3157 3077 3213 ἰδεῖν
3110 3153 3484 3225 κεκενωμένον
3526 3148 3657 3204 τινὰ

360 3243 468 3326 est,
689 3236 784 3291 sed
815 3238 996 3307 potius
1030 3248 1223 3296 contra
1251 3242 1554 3313 impletum,
1588 3262 1712 3302 cum
1745 3246 1949 3317 alioqui

2058 3254 2278 3326 μᾶλλον,
2304 3252 2420 3308 ἀλλ’
2445 3253 2509 3306 ἐκ
2534 3269 2595 3322 γε
2622 3252 2730 3306 τῶν
2760 3251 3020 3305 ἐναντίων
3042 3249 3148 3321 πλη
3159 3248 3439 3320 ρούμενον,
3466 3243 3654 3297 καίτοι

361 3320 752 3392 plenitudinem
801 3341 869 3381 ex
914 3343 1011 3383 sua
1063 3341 1257 3387 natura
1300 3333 1518 3391 habeat.
1571 3335 1758 3407 Neque
1804 3339 1951 3393 enim

362 3409 541 3466 aliena
583 3426 685 3484 ope
725 3418 900 3485 eguit;
958 3427 1013 3474 et
1063 3433 1529 3491 supervacaneum
1575 3425 1628 3479 in
1681 3440 1746 3482 eo
1791 3426 1954 3483 fuerit

362 3505 634 3575 accipere,
672 3523 795 3562 cum
820 3524 886 3564 ex
925 3524 1023 3566 sua
1049 3523 1247 3568 natura
1282 3515 1353 3570 sit
1383 3515 1836 3586 perfectissimus,
1863 3520 1952 3574 ni-

364 3598 547 3669 hilque
581 3600 631 3655 ei
674 3601 850 3668 desit;
884 3603 979 3658 sed
1027 3620 1093 3660 ex
1129 3605 1468 3675 plenitudine
1507 3608 1714 3663 Christi
1765 3625 1954 3666 oumes

364 3704 465 3744 nos
524 3692 835 3761 accepimus
857 3692 943 3762 ³³,
997 3708 1177 3765 neque
1250 3697 1558 3753 divinorum
1612 3699 1952 3769 eloquiorum

366 3797 646 3848 praecones
702 3786 915 3841 mentiti
962 3785 1188 3844 fuerint.
1224 3788 1428 3845 Plenus
1476 3791 1623 3846 enim
1666 3791 1954 3848 est'Chri-

365 3884 503 3943 stus,
537 3891 713 3947 neque
735 3877 1030 3950 quidquam
1075 3882 1300 3938 omnino
1332 3886 1386 3938 in
1423 3883 1540 3954 ipso
1574 3893 1681 3952 est,
1711 3884 1854 3955 quod
1888 3883 1957 3940 ab

364 3966 474 4022 alio
500 3971 792 4039 acceperit,
817 3981 1087 4043 quatenus
1117 3983 1370 4030 censetur
1398 3985 1455 4030 et
1482 3986 1564 4031 est
1594 3976 1733 4032 Deus
1766 3994 1780 4033 :
1815 3986 1956 4031 tam-

364 4061 470 4116 etsi
534 4064 810 4133 proprium
883 4067 1047 4123 etiam
1122 4067 1173 4124 ei
1226 4069 1429 4125 factum
1482 4079 1603 4138 est,
1678 4070 1953 4142 accipere,

366 4160 593 4224 propter
623 4155 874 4212 humanae
920 4167 1129 4215 natura:
1167 4161 1570 4230 conditionem;
1601 4169 1655 4216 et
1685 4173 1956 4232 quatenus

368 4247 625 4314 apparuit
678 4250 852 4304 nostri
904 4251 1121 4308 similis.
1179 4252 1347 4310 Nobis
1395 4255 1572 4322 enim,
1632 4264 1686 4310 et
1738 4256 1955 4325 quidem

369 4347 520 4393 recte
567 4340 826 4483 gicatur:
867 4361 887 4396 ι
919 4344 1059 4413 Quid
1094 4346 1240 4402 enim
1292 4346 1483 4414 habes,
1517 4344 1662 4416 quod
1711 4360 1817 4402 non
1863 4359 1957 4401 ac-

369 4429 558 4483 ceoisti
630 4451 649 4483 ι

368 4429 600 4497 cepisti?
630 4451 649 4483 ι

2052 3346 2114 3400 τὸ
2142 3346 2350 3418 πλῆρες
2374 3346 2567 3416 ἔχοντα
2599 3347 2721 3399 κατ’
2753 3344 2889 3399 ίδίαν
2918 3345 3101 3414 φύσιν.
3134 3342 3206 3396 Oti
3228 3341 3339 3412 γὰρ
3362 3340 3427 3393 ἂν
3453 3335 3666 3407 ἐδεήθηΔ
3781 3366 3789 3372 -

2053 3438 2163 3492 τῶν
2196 3440 2327 3510 παρ’
2357 3438 2567 3509 ἐτέρου,
2603 3436 2697 3490 καὶ
2748 3435 3000 3508 περιττὸν
3032 3431 3100 3507 ἦν
3149 3433 3298 3505 αὐτῷ
3338 3431 3399 3485 τὸ
3441 3428 3657 3489 λαϐεῖν,

2053 3524 2264 3579 οἴκοθεν
2294 3524 2473 3595 ἔχοντι
2505 3525 2562 3578 τὸ
2588 3524 2895 3590 αὐτοτελὲς,
2943 3524 3039 3579 καὶ
3062 3525 3124 3578 τὸ
3150 3523 3288 3595 πρὸς
3320 3522 3431 3576 πᾶν
3468 3516 3665 3572 ὁτιοῦν

2055 3614 2422 3688 ἀποχρώντως
2445 3616 2586 3687 ἕχον,
2626 3617 2745 3671 ἀλλ’
2774 3618 2840 3670 ἐκ
2875 3616 3246 3689 πληρώματος
3278 3615 3375 3669 τοῦ
3406 3608 3665 3685 Χριστοῦ,

2056 3707 2258 3772 πάντες
2293 3709 2457 3780 ἡμεῖς
2502 3708 2791 3779 ἐλάϐομεν,
2837 3710 2934 3764 καὶ
2977 3710 3081 3764 οὐκ
3115 3707 3182 3763 ἂν
3206 3706 3558 3778 διαψεύσαιτο
3588 3701 3657 3754 τὸ

2054 3796 2164 3851 τῶν
2186 3796 2465 3868 θεηγόρων
2493 3799 2778 3881 κήρυγμα.
2812 3799 3035 3872 Πλήρης
3078 3798 3188 3872 γὰρ
3215 3802 3244 3854 6
3272 3796 3527 3870 Χριστὸς,
3554 3794 3663 3851 καὶ

2054 3888 2208 3944 δοτὸν
2234 3889 2384 3960 αὐτῷ
2415 3889 2699 3954 παντελῶς
2728 3889 2903 3956 οὐδὲν,
2952 3890 3097 3944 καθὰ
3141 3893 3344 3943 νοεῖται
3394 3887 3488 3940 καὶ
3532 3884 3667 3939 ἐστι

2056 3983 2211 4051 Θεὸς,
2245 3986 2294 4039 ει
2348 3979 2445 4038 καὶ
2491 3983 2716 4053 γέγονεν
2766 3982 2932 4037 αὑτοῦ
2967 3983 3030 4037 τὸ
3069 3982 3274 4048 λαϐεῖν,
3317 3980 3405 4033 διὰ
3451 3979 3511 4030 τὸ
3552 3977 3661 4046 τῆς

2056 4058 2475 4150 ἀνθρωπότῆτος
2521 4076 2741 4148 μέτρον,
2790 4076 2886 4130 καὶ
2914 4075 3054 4130 καθὸ
3083 4074 3291 4145 πέφηνε
3324 4070 3448 4126 καθ’
3479 4070 3655 4139 ἡμᾶς,

2055 4165 2139 4236 οἷς
2167 4170 2234 4226 ἂν
2261 4170 2476 4240 λέγοιτο
2511 4169 2607 4225 καὶ
2659 4168 2809 4242 μάλα
2853 4167 3052 4241 ὀρθῶς·
3100 4188 3119 4222 ι
3148 4166 3214 4221 Τί
3258 4164 3369 4237 γὰρ
3417 4162 3584 4234 ἔχεις,
3625 4160 3675 4215 ὃ,

2056 4263 2158 4318 οὐκ
2185 4262 2409 4330 ἔλαϐες
2434 4281 2454 4315 ι
2862 4264 2869 4267 ἡ

437 4520 498 4574 Β.
539 4521 698 4578 Certe
740 4523 845 4580 hoc
882 4534 1159 4593 asserunt,
1189 4543 1354 4583 unum
1399 4541 1521 4585 esse
1551 4526 1853 4592 Christum,
1893 4535 1945 4581 et

2122 4534 2185 4589 Β.
2213 4533 2343 4601 Ναὶ,
2380 4532 2567 4605 φησιν,
2621 4526 2704 4596 εἷς
2756 4532 2874 4585 ἑστι
2912 4526 3170 4600 Χριστὸς,
3226 4524 3322 4579 καὶ
3368 4521 3517 4585 Υἱὸς,
3560 4521 3665 4573 καὶ

368 4614 589 4683 Filium,
615 4628 670 4674 et
703 4618 1011 4686 Dominunt,
1041 4618 1277 4676 Verbum
1309 4635 1378 4675 ex
1413 4619 1521 4674 Deo
1556 4617 1720 4673 Patre
1738 4617 1805 4684 “,
1832 4631 1960 4673 con-

366 4709 559 4779 juncto
595 4710 811 4765 interim
847 4712 947 4780 ipsi
983 4725 1049 4767 eo
1086 4712 1174 4782 qui
1207 4720 1295 4767 est.
1325 4727 1392 4767 ex
1418 4710 1627 4766 semine
1656 4707 1845 4763 David.

447 4800 515 4855 A.
562 4801 632 4855 At
689 4802 836 4857 dicat
881 4802 1083 4873 aliquis
1128 4801 1409 4869 illiszQui
1463 4800 1813 4865 coniunctum
1854 4798 1957 4853 sibi

372 4892 539 4948 habet
582 4890 773 4959 alium,
814 4908 918 4948 nou
966 4903 1148 4963 potest
1204 4893 1419 4949 censeri
1465 4906 1629 4957 unus,
1672 4890 1769 4945 sed
1818 4902 1958 4943 unus

370 4999 494 5040 cum
523 4998 654 5050 uno,
683 4983 789 5039 hoc
819 4995 926 5051 est,
974 4985 1120 5039 alio:
1148 4984 1256 5047 duo
1280 4991 1461 5040 autem
1507 4984 1560 5038 hi
1596 4996 1818 5053 prorsus
1858 4981 1967 5037 sint

374 5090 599 5132 necesse
635 5084 741 5134 est.
771 5074 926 5132 Unus
950 5089 1083 5130 vero
1121 5073 1454 5146 intelligetur
1486 5089 1671 5130 revera
1716 5088 1839 5131 esse
1874 5073 1965 5129 Fi-

376 5169 501 5236 lius,
534 5170 580 5226 si
606 5169 857 5225 eumdem
900 5168 1146 5224 dicamus
1177 5182 1301 5225 esse
1341 5185 1408 5226 ex
1441 5169 1551 5228 Deo
1578 5170 1796 5242 quidem
1829 5168 1968 5223 divi-

376 5263 525 5318 nitus
563 5261 809 5334 genitum
837 5257 1006 5324 Deum
1036 5257 1317 5331 Verbum;
1350 5262 1746 5319 admirabiliter
1782 5272 1967 5318 autem

376 5353 653 5409 hominem
688 5360 745 5408 et
775 5352 1072 5407 secundum
1107 5367 1326 5409 carnem
1372 5353 1572 5410 factum
1608 5371 1674 5412 ex
1711 5356 1950 5413 muliere.

378 5444 437 5499 Si
469 5457 599 5498 vero
626 5458 749 5499 eum
776 5443 868 5514 qui
914 5450 998 5500 est
1026 5460 1093 5501 ex
1135 5445 1346 5503 semine
1378 5446 1543 5503 David
1590 5447 1816 5505 scorsim
1849 5457 1962 5506 sta-

379 5543 596 5591 tuentes
641 5550 707 5591 ac
753 5535 1152 5611 distinguentes
1192 5553 1381 5594 verum
1432 5539 1602 5597 Deum
1660 5551 1716 5597 et
1761 5541 1961 5603 Filium

454 5750 501 5824 ἐν
532 5749 760 5824 Ralm],
789 5749 908 5824 2‘2;
957 5749 1308 5824 ξ.1ϐοτο-ῌ,
1340 5750 1406 5824 7_._
1447 5752 1531 5824 "ﬂ
1569 5751 1609 5806 ΙΙ
1642 5750 1764 5806 Cor.
1801 5768 1841 5813 l.
1874 5757 1950 5812 19.

2056 5759 2089 5793 ³
2116 5757 2141 5813 l.
2163 5757 2291 5818 Cor.
2328 5773 2421 5824 sv,
2455 5754 2543 5812 10.

383 5817 576 5879 lPetr.
605 5837 667 5890 tt,
697 5820 788 5877 22.
867 5820 910 5854 ³³
958 5820 1107 5877 loau.
1138 5837 1175 5885 t,
1208 5821 1295 5877 16.
1373 5821 1418 5853 ³⁸
1447 5817 1618 5877 lCor.
1651 5836 1769 5887 vttt,
1809 5824 1868 5881 6.

2065 4626 2291 4699 Κύριος,
2346 4628 2375 4680 6
2423 4627 2488 4679 ἐκ
2542 4622 2677 4678 Θεοῦ
2736 4621 2953 4694 Πατρὸς
3018 4618 3222 4689 Λόγος,
3289 4614 3675 4685 συναφθέντος

2064 4719 2213 4793 αὐτῷ
2249 4718 2341 4773 τοῦ
2378 4722 2443 4774 ὲκ
2480 4717 2799 4790 σπέρματος
2829 4713 3016 4770 Δαϐίδ.

2137 4812 2202 4867 Α.
2266 4811 2429 4879 Ἀλλ’,
2462 4805 2507 4866 ὦ
2559 4810 2847 4882 βέλτιστοι,
2908 4805 3043 4878 φαίη
3097 4820 3179 4868 τις
3235 4801 3302 4856 ἂν
3361 4799 3566 4862 αὐτοῖς,
3625 4798 3671 4850 ὁ.

2068 4904 2413 4977 συνημμένον
2444 4903 2586 4975 ἔχων
2627 4901 2837 4973 ἕτερον,
2873 4893 2957 4962 εἷς
2985 4897 3087 4950 οὐκ
3110 4893 3177 4949 ἂν
3203 4893 3397 4954 νοοῖτο,
3448 4887 3610 4977 πόθεν
3637 4905 3657 4952 ς

2076 4972 2221 5053 Ἀλλί
2246 4972 2327 5063 εἷς
2358 4972 2645 5068 μεθίτὲνὸς,
2675 4972 2845 5066 ἥγουν
2877 4988 3000 5062 μεθ’
3040 4987 3252 5058 ἑτέρου,
3298 4984 3394 5038 δύο
3421 4981 3479 5035 δὲ
3506 4972 3659 5033 οὗτοι

2066 5093 2245 5165 πάντη
2274 5109 2334 5145 τε
2366 5090 2459 5145 καὶ
2493 5090 2733 5152 πάντως.
2784 5081 2882 5149 Εἷς
2920 5084 2967 5138 δ’
3003 5081 3071 5137 ἂν
3113 5081 3287 5135 νοοῖτο
3328 5076 3474 5133 κατὰ
3522 5074 3662 5143 ἀλή-

2067 5185 2218 5239 θειαν
2254 5185 2513 5255 ὑπάρχων
2543 5181 2692 5249 Υἱὸς,
2728 5181 2776 5233 εί
2814 5178 2907 5233 τὸν
2950 5175 3116 5230 αὐτὸν
3163 5171 3306 5229 εἶναι
3338 5186 3539 5242 φαμεν.
3593 5169 3673 5220 ὲκ-

2067 5272 2202 5329 Θεοῦ
2240 5274 2338 5343 μὲν
2364 5271 2564 5334 osus;
2591 5269 2923 5341 γεννηθέντα
2951 5264 3086 5320 Θεὸν
3115 5264 3310 5333 Λόγονο
3336 5258 3662 5333 παραδόξως

2065 5366 2124 5421 δὲ
2151 5365 2459 5438 ἄνθρωπον,
2492 5364 2587 5418 καὶ
2618 5361 2757 5417 κατὰ
2786 5361 2966 5434 σάρκα
2995 5361 3060 5414 ἐκ
3095 5355 3375 5427 γυναικός.
3407 5354 3470 5409 Ei
3502 5351 3560 5406 δὲ
3590 5350 3661 5421 δὴ

2066 5456 2161 5511 τὸν
2196 5457 2261 5510 ἐκ
2292 5456 2612 5528 σπέρματος
2639 5452 2734 5507 τοῦ
2766 5452 2935 5507 Δαϐὶδ
2965 5452 3073 5522 ἰδίᾳ
3099 5448 3343 5513 τιθέντες
3401 5446 3497 5500 καὶ
3541 5444 3660 5496 διο-

2072 5547 2338 5622 ρίζοντες,
2389 5547 2482 5602 τοῦ
2535 5546 2679 5603 κατὰ
2710 5546 2970 5619 ἀλήθειαν
3007 5539 3149 5600 εῖναι
3196 5541 3331 5598 Θεὸν
3372 5539 3469 5595 καὶ
3525 5535 3659 5589 Υίὸν

2645 5753 2690 5788 ³⁸
2728 5753 2886 5811 loan.
2912 5768 3025 5822 xuv,
3066 5751 3123 5809 6.
3233 5750 3276 5783 ³¹
3303 5747 3408 5806 15a.
3442 5760 3563 5812 Lm,
3594 5743 3660 5809 θς·
