4050 6412
366 363 390 417 1
401 362 509 419 309

1506 365 1694 433 QUOD
1733 363 1924 421 UNUS
1964 359 2072 418 SIT
2109 356 2482 425 CHRISTUS.

3505 360 3642 421 lSIO

360 484 740 556 ἐκπέμπουσι,
793 485 1047 540 κοινωνὸν
1077 485 1135 540 δι
1172 485 1372 557 μᾶλλον
1410 485 1659 556 νεότητος
1704 484 1800 541 καὶ
1855 483 1951 555 μὲ-

2069 499 2180 543 esse
2208 488 2419 555 nolunt,
2446 487 2539 543 sed
2574 486 2757 558 potius
2783 483 3105 556 participem
3137 482 3409 540 illiatlonis
3438 493 3495 541 et
3527 484 3644 555 alo-

363 589 519 644 τοχον
550 571 710 643 δόξης
738 572 951 638 ὀθνείας
980 569 1120 630 εἷναί
1146 593 1332 647 φασιν,
1363 576 1424 629 οὐ
1454 576 1654 647 μάτην,
1686 575 1761 639 ὡς
1779 571 1953 647 οἶμαι,

358 664 467 728 τὰς
508 664 662 737 παρὰ
706 664 816 719 τῶν
874 666 1144 722 Ἰουδαίων
1182 665 1454 732 διαϐολὰς,
1500 667 1587 721 ἐπ’
1620 667 1771 738 αὐτῷ
1803 684 1956 736 γενο-

364 756 539 827 μένας
572 756 899 828 εὑρήσομεν.
939 759 1216 828 Ἐφασκον
1255 760 1382 831 γὰρ,
1432 760 1513 814 ϐτι
1555 778 1573 812 ι
1608 760 1745 832 Περὶ
1789 759 1957 813 καλοῦ

361 845 529 917 ἔργου
561 846 622 900 οὐ
656 845 948 919 λιθάζομέν
982 866 1064 913 σε,
1107 849 1243 904 ἀλλὰ
1282 851 1410 922 περὶ
1459 850 1831 922 βλασφημίας,
1878 852 1958 906 ὄτι

363 939 432 992 σὺ
460 938 747 1009 ἄνθρωπος
775 940 872 1009 ὢν,
905 946 1079 1007 ποιεῖς
1110 945 1302 999 ἑαυτὸν
1335 945 1490 1002 Θεόν.

438 1026 499 1081 Β.
535 1029 649 1082 Καὶ
682 1029 793 1102 μὴν
821 1032 915 1086 καὶ
944 1032 1076 1087 Θεὸν
1105 1034 1199 1088 καὶ
1226 1034 1354 1090 Υίὸν
1379 1035 1632 1110 ἀληθινὸν
1653 1032 1796 1093 εἷναί
1826 1055 1958 1110 φασι

365 1118 460 1173 τὸν
489 1119 585 1174 ἕνα
612 1122 869 1194 Χριστόν.
1490 1140 1493 1141 ⁷

438 1212 506 1265 Α.
560 1213 729 1284 Δῆλον
782 1214 841 1268 δὲ
896 1215 979 1271 ὄτι
1022 1218 1114 1270 16v
1164 1218 1228 1273 ἐκ
1279 1217 1414 1274 Θεοῦ
1467 1222 1661 1291 Λόγον,
1723 1221 1961 1280 λαϐόντα

363 1303 513 1359 κατὰ
539 1306 840 1376 συνάφειαν
868 1309 959 1364 τὸν
986 1312 1050 1393 ἐκ
1082 1311 1396 1383 σπέρματος
1432 1313 1527 1368 τοῦ
1559 1315 1742 1369 Δαϐίδ.

440 1396 502 1456 Β.
544 1398 684 1453 Ἀλλ’
723 1403 775 1455 εἰ
815 1402 889 1472 μή
921 1402 1071 1456 ἐστιν
1101 1405 1261 1468 αὐτὸς
1290 1406 1319 1458 ὁ
1355 1407 1418 1461 ὲκ
1446 1406 1584 1461 Θεοῦ
1613 1408 1828 1480 Πατρὺς
1860 1409 1962 1464 Λό-

364 1506 486 1557 γος,
533 1491 562 1545 6
607 1491 704 1546 καὶ
750 1492 897 1549 κατὰ
942 1494 1125 1566 σάρκα
1169 1499 1233 1551 ὲκ
1286 1499 1565 1567 γυναικὸς,
1614 1499 1729 1555 ἀλλ’
1775 1500 1962 1571 ἕτερος

366 1581 491 1652 μεθ’
524 1583 739 1656 ἑτέρου,
774 1584 891 1650 πῶς
923 1586 991 1641 ἂν
1020 1587 1233 1657 λέγοιτο
1270 1590 1538 1662 Χριστὸς,
1572 1592 1601 1645 6
1642 1590 1719 1664 μὴ
1774 1609 1962 1666 κεχρι-

366 1672 588 1743 σμένος,
617 1673 764 1730 καθὰ
795 1676 889 1733 καὶ
920 1675 1223 1747 φθάσαντες
1248 1679 1516 1753 εἴπομεν;

436 1765 504 1818 Δ.
536 1763 768 1832 Οὐκοῦν,
801 1768 850 1821 εί
878 1768 955 1840 μή
996 1769 1145 1825 ἐστιν
1172 1769 1360 1842 ἕτερος
1405 1769 1559 1841 παρὰ
1591 1768 1683 1824 τὸν
1720 1770 1783 1824 ὲκ
1823 1768 1960 1824 Θεοῦ

2067 579 2162 634 riae
2188 580 2378 634 aliena:
2417 594 2541 636 esse
2575 586 2836 645 statuunt,
2883 592 2990 632 non
3022 576 3249 642 frustra,
3283 584 3342 630 ut
3380 573 3639 641 arbitror,

2062 671 2236 728 Judaei
2277 672 2428 727 illum
2486 672 2803 729 calumniati
2858 671 3080 736 fuerint,
3128 670 3413 724 dicentes:
3450 686 3469 720 ι
3503 667 3645 735 Quia

2064 766 2137 820 ob
2172 766 2372 820 bonum
2414 779 2551 836 opus
2581 779 2685 820 non
2722 763 3023 836 lapidamns
3060 771 3136 828 te,
3168 762 3264 816 sed
3300 761 3369 815 ob
3403 756 3645 827 blasphe-

2067 858 2275 922 miam,
2334 857 2478 926 quod
2540 872 2665 911 cum
2733 856 2811 913 sis
2886 857 3093 921 homo,
3173 853 3347 908 facias
3412 851 3643 921 teipsum

2067 949 2234 1007 Deum
2257 948 2323 1004 ³⁸.
2354 966 2376 1003 ι

2131 1038 2196 1096 Β.
2230 1039 2394 1109 Atqui
2433 1046 2488 1094 et
2531 1038 2697 1095 Deum
2746 1047 2803 1094 et
2848 1037 3044 1095 Filium
3089 1052 3208 1094 esse
3241 1038 3432 1093 dicunt
3475 1053 3641 1093 unum

2065 1132 2367 1188 Christum.

2135 1225 2204 1280 Δ.
2244 1223 2481 1280 Verbum
2525 1222 2737 1280 scilicet
2771 1239 2837 1280 ex
2881 1221 3015 1291 Deo,
3044 1223 3189 1293 quod
3223 1221 3517 1291 assumpsit
3561 1235 3648 1277 ra-

2069 1319 2218 1375 tione
2246 1317 2653 1391 coniunctionis
2685 1332 2808 1373 eum
2845 1317 2937 1387 qui
2987 1325 3073 1373 est
3118 1330 3185 1371 ex
3221 1316 3429 1371 semine
3456 1314 3647 1369 David.

2139 1408 2202 1465 Β.
2244 1407 2537 1475 Caeterum,
2562 1407 2608 1463 si
2644 1422 2752 1464 non
2777 1416 2860 1463 est
2887 1407 3064 1480 ipsum
3094 1420 3161 1461 ex
3190 1406 3301 1460 Deo
3325 1404 3487 1459 Patre
3512 1401 3649 1459 Ver-

2068 1501 2219 1564 bum,
2245 1502 2391 1572 quod
2415 1509 2469 1560 et
2498 1499 2798 1556 secundum
2828 1512 3050 1556 carnem
3074 1504 3157 1553 est
3183 1512 3248 1552 ex
3282 1495 3528 1561 muliere,
3555 1496 3651 1551 sed

2067 1592 2204 1650 alius
2229 1608 2352 1651 cum
2392 1592 2531 1658 alio;
2565 1592 2839 1664 quomodo
2871 1591 3085 1647 dicatur
3123 1589 3370 1646 Christus
3410 1588 3503 1658 qui
3544 1602 3649 1642 non

2067 1696 2150 1743 est
2175 1695 2390 1753 unctus,
2420 1694 2481 1741 ut
2512 1693 2567 1740 et
2591 1695 2719 1740 ante
2749 1682 3034 1760 diximus?

2138 1776 2205 1834 A.
2243 1777 2385 1848 Ergo
2419 1777 2463 1832 si
2514 1776 2563 1833 is
2598 1776 2692 1844 qui
2728 1783 2813 1831 est
2846 1789 2913 1830 ex
2955 1773 3164 1830 semine
3196 1773 3368 1829 David
3416 1788 3521 1829 non
3567 1781 3655 1829 est

367 1857 584 1931 Πατρὸς
620 1859 817 1928 Λόγον,
842 1862 871 1914 6
898 1863 964 1916 ὲκ
993 1862 1312 1935 σπέρματος
1356 1861 1452 1917 τοῦ
1491 1862 1675 1929 Δαϐὶδ,
1715 1861 1959 1933 λεγέσθω

2069 1869 2202 1925 alius
2248 1884 2280 1924 a
2324 1845 2501 1926 Verbo
2556 1882 2627 1925 ex
2662 1867 2773 1924 Deo
2823 1866 3006 1931 Patre,
3056 1865 3274 1921 dicatur
3304 1868 3470 1922 etiam
3523 1874 3655 1923 ante

367 1950 464 2005 καὶ
493 1948 841 2023 προαιώνιος.

438 2043 499 2096 Β.
536 2037 673 2097 Εἶτα
723 2042 843 2107 πῶς
882 2044 910 2098 6
945 2044 1221 2114 πάνσοφος
1268 2044 1502 2111 Παῦλος,
1545 2045 1826 2101 ἐκϐάλλων
1861 2047 1960 2119 τὴν

364 2135 545 2202 δόξαν,
580 2136 657 2201 ὼς
694 2137 751 2190 ἑν
793 2138 1132 2208 ὲρωτήσεσίν
1176 2142 1326 2194 ἐστιν
1356 2140 1604 2195 ἁπαιτῶν
1636 2141 1729 2195 καὶ
1765 2141 1959 2210 λέγων,

369 2248 390 2279 ι
433 2227 640 2301 Ἰησοῦς
664 2230 900 2301 Χριστὸς
937 2230 1063 2302 χθὲς
1085 2232 1179 2285 καὶ
1208 2233 1450 2304 σήμερον
1472 2236 1500 2289 6
1531 2233 1716 2301 αὐτὸς,
1750 2235 1843 2290 καὶ
1876 2236 1958 2301 εἰς

364 2322 490 2387 τοὺς
514 2321 739 2387 αἰῶνας.
766 2342 785 2376 ι
819 2323 882 2377 Εἰ
926 2323 1058 2392 γοῦν
1091 2325 1184 2379 καὶ
1226 2325 1434 2397 ἔτερος,
1471 2332 1501 2385 ὁ
1544 2325 1655 2398 γὰρ
1693 2326 1821 2397 χθὲς
1869 2329 1963 2382 καὶ

365 2414 625 2487 σήμερον,
657 2415 844 2487 φησὶν,
884 2414 1115 2488 Ἰησοῦς,
1150 2418 1178 2470 6
1207 2416 1371 2482 αὐτὸς
1402 2416 1554 2472 ἔσται
1596 2419 1690 2474 καὶ
1724 2421 1806 2484 είς
1835 2421 1963 2487 τοὺς

364 2506 593 2570 αἰῶνας,
631 2508 947 2580 πρόσφατος
985 2507 1251 2578 δηλονότι,
1286 2508 1383 2564 καλ⁵
1416 2509 1544 2580 χθὲς
1570 2515 1665 2586 καὶ
1696 2514 1960 2584 σήμερον,

364 2599 546 2654 καίτοι
584 2600 677 2654 τοῦ
724 2599 863 2657 Θεοῦ
899 2600 1077 2671 Λόγου
1123 2599 1203 2672 τῷ
1253 2600 1367 2672 ἰδίω
1418 2602 1594 2675 Πατρὶ
1627 2620 1962 2676 συνυφεστηο

366 2692 549 2759 κότος.

436 2784 504 2839 Α.
540 2783 797 2839 Μάλιστα
858 2785 959 2852 μὲν
1010 2782 1277 2849 ἀδικοῦσι,
1336 2786 1799 2858 παροχετεύοντες
1865 2788 1964 2861 τὴν

367 2875 659 2947 ἀλήθειαν,
692 2875 785 2930 ἐπὶ
824 2875 887 2930 τό
917 2892 982 2946 γε
1017 2876 1199 2947 σφίσιν
1230 2877 1414 2941 αὐτοῖς
1444 2878 1721 2943 ἀσυνέτως
1748 2879 1962 2947 δοκοῦν,

366 2963 468 3019 καὶ
517 2963 627 3019 τῶν
682 2965 846 3036 ίερῶν
892 2965 1244 3038 Γραμμάτων
1287 2967 1348 3021 τὸ
1382 2968 1608 3039 ἀκριϐὲς
1660 2971 1961 3042 παραφθεί-

2062 1961 2259 2020 saecula
2294 1962 2597 2019 exstitisse.

2131 2055 2195 2112 Β.
2236 2056 2309 2112 At
2361 2072 2471 2128 quo
2516 2064 2676 2126 pacto
2718 2054 3154 2127 sapientissimus
3181 2053 3381 2109 Paulus
3433 2053 3647 2125 inquit:

2073 2166 2092 2202 ι
2125 2147 2289 2204 Iesus
2338 2148 2590 2204 Christus
2631 2146 2749 2203 heri
2803 2156 2860 2203 et
2911 2145 3073 2201 hodie
3118 2163 3135 2201 :
3182 2145 3303 2216 ipse
3339 2153 3394 2201 et
3441 2145 3494 2199 in
3548 2160 3653 2201 3:2-

2064 2243 2188 2300 eula
2214 2243 2260 2275 ³³
2284 2242 2308 2297 ?
2335 2260 2355 2296 ι
2404 2241 2463 2297 Si
2509 2256 2640 2313 ergo
2670 2240 2835 2296 etiam
2887 2239 3030 2294 alius
3063 2248 3145 2294 est
3171 2237 3350 2306 (Jesus
3376 2237 3541 2301 enim,
3568 2236 3653 2291 in-

2065 2338 2204 2408 quit,
2233 2345 2320 2392 est
2356 2336 2476 2390 heri
2505 2342 2563 2390 et
2591 2332 2796 2406 hodie),
2820 2332 2966 2388 idem
3012 2332 3118 2386 erit
3152 2331 3315 2386 etiam
3347 2330 3399 2386 in
3430 2327 3650 2396 saecula,

2064 2441 2260 2483 recens
2308 2424 2596 2490 nimirum,
2643 2432 2698 2480 et
2753 2423 2919 2478 hodie
2966 2430 3134 2503 atque
3173 2421 3328 2478 beri:
3362 2419 3488 2477 licet
3518 2418 3653 2475 Ver-

2064 2516 2191 2575 bum
2223 2533 2346 2583 cum
2377 2515 2543 2573 Patre
2571 2515 2894 2574 coexsistat.

2140 2776 2208 2836 A.
2256 2778 2546 2847 Perperam
2589 2785 2741 2834 certe
2782 2775 3008 2842 faciunt,
3048 2775 3361 2831 derivantes
3388 2772 3552 2845 747
3591 2785 3656 2827 ac

2068 2873 2475 2942 distorquentes
2499 2870 2788 2926 veritatem
2832 2869 2900 2924 ad
2948 2883 3101 2924 suam
3141 2867 3444 2936 imperitam
3476 2864 3656 2919 libidi-

2068 2980 2229 3031 nem,
2279 2973 2335 3020 et
2377 2976 2661 3017 sacrarum
2712 2959 3040 3017 Litterarum
3098 2973 3281 3015 veram
3331 2955 3654 3013 sententiam

370 3073 580 3129 ροντες.
617 3056 678 3111 Εἰ
723 3057 782 3111 δὲ
811 3056 874 3128 δή
907 3074 993 3121 τις
1046 3057 1195 3128 λέγοι
1242 3059 1336 3113 καὶ
1365 3059 1696 3132 προαιὼνιον
1727 3062 1963 3134 Χριστὸν

2069 3065 2506 3127 corrumpentes.
2545 3053 2602 3110 Si
2649 3068 2781 3110 vero
2825 3054 2949 3123 quis
2986 3050 3339 3107 aﬂirmaverit
3378 3048 3654 3106 Christum

383 3146 614 3219 Ἰησοῦν,
654 3148 756 3252 οὐκ
798 3148 866 3202 ἂν
909 3148 1145 3220 ἁμάρτοι
1173 3147 1463 3220 τάληθοῦς,
1512 3151 1672 3223 εἴπερ
1702 3148 1963 3220 ὲστὶνέῒς

2069 3144 2252 3203 Jesum
2300 3156 2427 3201 ante
2476 3144 2676 3200 saecula
2730 3144 3030 3209 exstitisse,
3078 3158 3108 3196 a
3145 3157 3277 3198 vero
3313 3153 3654 3209 nequaquam

2105 3240 2118 3255 I
2154 3254 2181 3255 η
2241 3253 2253 3255 _
2314 3254 2319 3255 ,
2367 3239 2400 3255 ι.
2459 3237 2551 3255 ηομ
2599 3237 2676 3255 ιι.
2704 3253 2733 3255 η
2796 3245 2868 3255 --ι
2918 3248 3057 3255 ---.---
3087 3232 3255 3255 ἴβεις---
3296 3244 3339 3255 ,ι
3369 3231 3630 3255 n-_,:-----

366 3237 501 3300 Υἱὸς
535 3239 631 3292 καὶ
661 3235 887 3306 Κύριος,
915 3238 945 3290 6
987 3236 1317 3308 προαιώνιος
1343 3240 1535 3308 Λόγος,
1569 3242 1670 3315 τὴν
1707 3245 1767 3297 ἐν
1800 3245 1963 3315 taxa.

2070 3239 2426 3295 aberraverit.
2458 3237 2741 3308 Siquidem
2790 3245 2875 3292 est
2918 3248 3059 3290 unus
3087 3232 3257 3288 Filius
3288 3244 3342 3291 et
3369 3231 3654 3297 Dominus,

364 3347 485 3395 τοις
525 3327 623 3384 τοῦ
656 3329 854 3392 αἰῶνος
901 3331 1117 3401 καιροῖς
1163 3331 1307 3385 κατὰ
1361 3331 1541 3403 σάρκα
1587 3333 1653 3386 ἐκ
1701 3332 1963 3403 γυναικὸς

2069 3329 2307 3388 Verbum
2358 3341 2484 3387 ante
2528 3328 2750 3396 saecula,
2800 3327 2945 3400 quod
2999 3327 3055 3382 in
3108 3325 3421 3382 novissimis
3456 3322 3655 3381 sazculi

368 3421 676 3492 ὑπομείνας
703 3420 980 3492 γέννησιν.
1015 3420 1142 3475 Ὀτι
1179 3420 1358 3501 δὲμούκ
1391 3422 1683 3494 ἠλλοίωται
1720 3424 1962 3494 γεγονὼς

2070 3422 2406 3493 temporibus
2438 3422 2773 3478 nativitatem
2824 3419 3121 3474 secundum
3175 3432 3396 3473 carnem
3441 3431 3507 3471 ex
3543 3432 3656 3471 mu-

365 3513 656 3586 ἄνθρωπος
684 3512 809 3566 καθ’
836 3514 986 3585 ἡμᾶς
1018 3515 1047 3569 6
1081 3513 1275 3581 Λόγος,
1322 3514 1702 3586 διαμεμήνυκε
1730 3516 1905 3587 λέγων
1934 3519 1963 3572 6

2070 3516 2203 3572 liere
2231 3516 2419 3571 subiit.
2449 3514 2607 3581 Quod
2652 3520 2832 3570 autem
2871 3511 3111 3568 Verbum
3151 3509 3313 3566 homo
3360 3510 3530 3564 nostri
3565 3508 3657 3564 si-

365 3604 843 3676 Ῑινευματοφόρος·
881 3625 898 3656 ι
935 3602 1140 3675 Ἰησοῦς
1169 3603 1405 3675 Χριστὸς
1438 3604 1565 3676 χθὲς
1593 3606 1686 3660 καὶ
1719 3608 1963 3680 σήμερον

2070 3608 2215 3664 milis
2243 3608 2442 3662 factum
2472 3609 2815 3661 immutatum
2849 3620 2953 3659 non
2978 3606 3069 3672 sit,
3098 3603 3433 3674 signiﬁcavit
3459 3602 3658 3659 Paulus

366 3699 400 3753 ό
429 3697 614 3762 αὐτὸς,
641 3697 739 3752 καὶ
763 3697 845 3760 είς
870 3697 1011 3760 τοὺς·
1032 3696 1256 3761 αἰῶνας.
1289 3714 1308 3748 ι
1349 3696 1458 3751 Καὶ
1490 3698 1825 3771 σημαντικὸν
1863 3700 1963 3771 μὲν

2074 3699 2281 3771 Spiritu
2329 3697 2543 3771 amatus
2586 3698 2817 3754 dicens:
2853 3715 2872 3749 ι
2902 3694 3067 3752 Jesus
3107 3695 3362 3752 Christus
3410 3695 3567 3750 hodie
3604 3704 3659 3750 et

364 3790 467 3847 τοῦ
505 3789 903 3861 παρῳχηκότος
938 3788 1134 3861 χρόνου
1180 3790 1438 3855 ποιεῖται,
1476 3790 1536 3844 16
1560 3791 1727 3861 χθές,
1763 3790 1858 3845 τοῦ
1899 3808 1963 3862 γε

2074 3792 2213 3858 heri,
2248 3786 2366 3862 ipse
2407 3799 2463 3845 et
2493 3791 2547 3845 in
2585 3789 2821 3857 smcula;
2855 3806 2874 3841 ι
2913 3803 2979 3844 ac
3007 3803 3102 3859 per
3142 3787 3277 3853 heri,
3321 3786 3657 3857 prazteritum

372 3882 484 3955 μὴν
523 3882 841 3948 ἐνεστῶτος,
883 3881 947 3935 τὸ
983 3880 1274 3952 σήμερον,
1299 3882 1396 3937 τοῦ
1440 3884 1499 3939 δὲ
1543 3884 1838 3950 ἐνεστῶτος
1870 3886 1966 3941 καλ⁸

375 3973 684 4047 μέλλοντος,
710 3972 794 4037 τὸ,
827 3973 907 4036 εἰς
928 3973 1057 4036 τοὺς
1078 3972 1305 4036 αἰῶνας.
1333 3974 1396 4026 Ei
1425 3973 1484 4029 δὲ
1506 3975 1709 4029 οἴονταί
1732 3993 1784 4029 τι
1803 3977 1965 4047 σοφὸν

368 4066 770 4137 ιννενοηκέναι,
798 4064 858 4118 16
887 4063 1031 4135 χθές
1071 4065 1168 4119 καὶ
1204 4065 1479 4135 σήμερον
1510 4066 1632 4120 ἀντὶ
1664 4067 1760 4122 τοῦ
1796 4084 1969 4140 προσ-

372 4160 548 4237 φᾲτου
574 4156 879 4229 δεχόμενοι,
919 4154 1310 4226 διατεινόμενοί
1349 4173 1409 4209 τε
1460 4157 1553 4211 καὶ
1591 4156 1862 4225 λέγοντες,
1902 4156 1967 4218 '0

371 4251 501 4332 χθὲς
534 4250 628 4304 καὶ
666 4251 925 4320 σήμερον,
961 4246 1079 4310 πῶς
1123 4245 1190 4300 ἂν
1210 4249 1298 4318 εἴη
1338 4248 1432 4302 καὶ
1461 4250 1541 4314 εἰς
1576 4251 1704 4314 τοὺς
1731 4250 1964 4320 αίῶνας;

376 4343 794 4415 μεταστήσομεν
814 4339 908 4394 καὶ
933 4340 1094 4409 ἡμεῖς
1121 4337 1219 4411 τὴν
1241 4340 1336 4412 τῆς
1362 4341 1686 4416 ἐρωτήσεως
1713 4341 1964 4415 δύναμιν,

374 4436 459 4500 είς
508 4433 571 4489 τὸ
626 4432 750 4505 ἔχον
792 4432 1076 4496 ἐναντίως.
1120 4431 1179 4486 '0
1217 4431 1328 4509 γαρ
1365 4435 1447 4498 είς
1484 4434 1613 4499 τοὺς
1651 4435 1854 4502 αἰῶνας
1892 4434 1967 4491 ὣν

2073 3893 2284 3953 tempus
2330 3883 2567 3947 indicat;
2620 3880 2955 3958 per/tedis,
2999 3892 3282 3951 praesens;
3331 3892 3429 3948 per
3461 3878 3657 3932 saecula

2071 3991 2222 4042 vero,
2256 3986 2497 4045 praesens
2524 3980 2582 4028 et
2614 3971 2876 4027 futurum.
2915 3969 3051 4025 Atsi
3092 3976 3283 4039 putant
3312 3981 3373 4022 se
3400 3981 3655 4037 magnum

2070 4069 2274 4140 aliquid
2305 4066 2670 4137 excogitasse,
2712 4066 2855 4134 quod
2899 4077 2998 4131 per
3026 4061 3141 4116 heri
3171 4070 3227 4115 et
3258 4058 3434 4127 hodie,
3467 4074 3651 4114 recen-

2074 4172 2182 4220 tem
2215 4158 2543 4229 iutelligant,
2566 4155 2638 4211 ita
2662 4156 3053 4212 contendentes
3084 4171 3098 4210 :
3130 4152 3232 4222 Qui
3272 4152 3389 4209 heri
3412 4162 3468 4208 et
3495 4151 3658 4208 hodie

2071 4266 2176 4322 est,
2208 4251 2485 4325 quomodo
2516 4250 2592 4306 sit
2614 4250 2779 4305 etiam
2822 4248 2875 4303 in
2905 4245 3143 4303 saecula?
3185 4243 3578 4302 transferemus
3604 4251 3657 4301 et

2076 4364 2175 4406 nos
2225 4342 2674 4416 interregationis
2726 4340 2837 4396 vim
2887 4340 2941 4395 in
2989 4337 3326 4395 contrarium
3364 4354 3379 4392 :
3419 4336 3657 4392 Verbum

2073 4441 2217 4497 enim
2248 4438 2519 4495 exsistens
2566 4434 2619 4490 in
2667 4432 2888 4496 szecuia.
2923 4446 3032 4504 quo
3066 4439 3223 4501 pacto
3255 4428 3477 4499 recipiat
3513 4427 3567 4482 in
3599 4441 3659 4483 se

352 4526 577 4594 .Λόγος,
612 4523 731 4588 πῶς
761 4522 828 4610 ᾂν
848 4522 1003 4577 λάϐοι
1026 4523 1090 4577 16
1118 4523 1246 4595 χθὲς
1266 4524 1360 4578 καὶ
1383 4525 1625 4598 σήμερον
1651 4527 1740 4599 ἐφ’
1767 4528 1963 4601 ἐαυτῷ,

2074 4533 2188 4590 heri
2213 4541 2268 4587 et
2308 4528 2510 4584 hodie?
2550 4524 2829 4596 Siquidem
2869 4534 2954 4579 eSt
2985 4538 3126 4579 unus
3149 4520 3420 4585 Christus,
3453 4530 3510 4575 et
3546 4534 3657 4575 neu

374 4617 537 4689 εἴπερ
559 4616 709 4671 ἐστὶν
740 4609 822 4681 εἷς
869 4616 897 4669 6
944 4616 1203 4687 Χριστὸς,
1235 4616 1334 4670 καὶΙ
1366 4618 1427 4671 οὐ
1459 4619 1794 4690 μεμέρισται
1823 4619 1965 4681 κατὰ

379 4711 479 4782 τὴν
507 4709 604 4765 τοῦ
638 4708 929 4765 θεσπεσίου
972 4708 1190 4764 Παύλου
1236 4711 1441 4782 φωνήν.
1486 4711 1611 4765 Ὅτι
1673 4712 1784 4785 γὰρ
1822 4711 1968 4771 οὕτω

380 4801 519 4875 πρὸς
550 4800 712 4874 ἡμῶν
744 4799 922 4855 ἐθέλει
952 4800 1340 4873 γνωρίζεσθαι,
1378 4801 1680 4857 κάντεῦθεν
1707 4803 1831 4877 εἴσῃ
1861 4823 1964 4861 τοι.

379 4895 580 4951 Καίτοι
616 4893 729 4965 γὰρ
759 4892 1041 4965 ὁρώμενος
1067 4893 1124 4947 ὲν
1156 4892 1345 4963 σαρκὶ,
1373 4893 1468 4947 καὶ
1492 4896 1605 4960 τοίς
1628 4895 1730 4965 τῆς
1755 4897 1853 4951 ἀνθ
1863 4914 1971 4969 ρω.

379 4989 616 5060 πότήτος
638 4988 861 5061 μέτροις
884 4984 1233 5058 ἐμϐεϐηκὼς,
1254 4985 1355 5057 τὴν
1382 4987 1711 5058 προαιώνιον
1734 4986 1969 5060 ὕπαρξιν

380 5078 562 5154 ιαυτῷ
620 5076 1164 5152 προσμεμαρτύρηκε
1219 5075 1396 5145 λέγων
1426 5094 1442 5108 ·
1517 5096 1539 5130 ι
1581 5078 1774 5150 Ἀμὴν,
1818 5080 1971 5152 ἀμὴν

380 5171 533 5242 λέγω,
555 5172 712 5244 ὑμῖν,λ
736 5171 870 5243 πρὶν
911 5169 1162 5243 Ἀϐραὰμ
1188 5169 1469 5238 γενέσθαι,
1504 5169 1615 5240 ἐγώ
1636 5174 1771 5244 εἰμι.
1801 5191 1819 5223 ι
1857 5174 1969 5229 Καὶ

383 5263 568 5320 πάλιν·
601 5282 621 5316 ι
649 5264 715 5318 Ei.
742 5263 812 5318 τὰ
835 5262 1055 5332 ἐπίγεια
1075 5258 1228 5316 εἶπον
1259 5261 1411 5334 ὑμῖν,
1440 5264 1534 5317 καὶ
1563 5264 1624 5316 οὐ
1654 5265 1972 5334 πιστεύετε,

382 5353 527 5421 πῶς,
556 5354 655 5413 ἐὰν
719 5352 861 5408 εἴπω
902 5354 1031 5424 ὑμῖν
1073 5353 1142 5409 τὰ
1194 5352 1516 5425 ἐπουράνια,
1560 5354 1917 5421 πιστεύσετε;
1945 5376 1963 5407 ι

385 5446 516 5507 Καί·
554 5464 577 5499 ι
603 5444 797 5509 οὐδεὶς
817 5443 1160 5515 ἀναϐέϐηκεν
1182 5446 1264 5509 είς
1286 5443 1378 5498 τὸν
1402 5444 1653 5515 οὐρανὸν,
1671 5447 1719 5500 εί
1752 5444 1827 5517 μὴ
1855 5449 1883 5502 6
1907 5448 1973 5501 ἐκ

384 5535 480 5592 τοῦ
520 5535 755 5610 οὐρανοῦ
786 5534 1053 5600 καταϐὰς,
1094 5537 1124 5589 6
1174 5535 1299 5602 Υἱὸς
1344 5535 1442 5591 τοῦ
1472 5535 1783 5608 ἀνθρώπου.
1806 5558 1824 5590 ι
1885 5540 1972 5603 Ὡς

391 5633 497 5701 γὰρ
535 5630 799 5700 ὑπάρχων
817 5626 908 5684 ἀεὶ
935 5629 1028 5683 καὶ
1053 5627 1380 5700 πρωιώνιος
1414 5630 1610 5700 Λόγος,
1641 5630 1973 5702 καθιγμένος

461 5811 506 5849 υ
536 5808 699 5880 {eam
721 5826 781 5882 ιι,
805 5809 893 5864 35.
970 5809 1015 5841 ³⁸
1044 5808 1205 5865 iiebr.
1237 5824 1352 5875 xm,
1387 5808 1440 5864 8.

2072 4636 2155 4683 est
2187 4621 2417 4688 divisus,
2459 4617 2614 4690 juxta
2649 4616 2819 4673 divini
2864 4615 3010 4671 illius
3050 4613 3202 4671 Pauli
3249 4628 3458 4669 vocem.
3504 4611 3658 4679 Quod

2071 4717 2216 4774 enim
2261 4714 2336 4770 ita
2379 4728 2408 4768 a
2453 4709 2610 4766 nobis
2653 4707 2914 4779 cognosci
2960 4705 3218 4768 voluerit,
3259 4705 3384 4759 inde
3429 4703 3656 4773 intelligi

2072 4816 2268 4881 potest.
2299 4802 2559 4875 Quamvis
2603 4801 2751 4859 enim
2781 4801 2839 4863 in
2877 4813 3044 4854 carne
3085 4798 3420 4881 apparuerit,
3456 4805 3513 4852 et
3556 4797 3658 4851 hu-

2056 4914 2249 4969 mana:
2279 4906 2488 4954 natura;
2514 4893 2881 4950 conditionem
2926 4891 3176 4958 subierit,
3220 4906 3279 4947 se
3320 4899 3499 4946 tamen
3535 4898 3664 4946 ante

2074 4988 2275 5046 saecula
2329 4984 2609 5045 exstitisse
2652 4991 2902 5048 testatur,
2951 4982 3138 5039 dicens
3165 4997 3179 5040 :
3211 4999 3231 5034 ι
3260 4980 3453 5046 Amen,
3501 4995 3658 5035 amen

2074 5080 2199 5137 dico
2225 5080 2405 5146 vobis,
2434 5087 2724 5146 antequam
2750 5060 3029 5133 Abraham
3070 5074 3227 5130 ﬁeret
3258 5088 3358 5144 ego
3388 5089 3506 5129 sum
3531 5071 3599 5129 ³⁷.
3634 5090 3655 5128 ι
3686 5144 3703 5151 '

2078 5173 2143 5229 Et
2187 5186 2406 5228 rursum
2439 5190 2452 5226 :
2485 5188 2505 5222 ι
2533 5166 2591 5223 Si
2635 5178 2852 5224 terrena
2891 5168 3003 5223 dixi
3047 5167 3222 5235 vobis,
3268 5175 3325 5222 et
3356 5181 3459 5221 non
3487 5166 3658 5221 credi.-

2069 5267 2164 5332 t-is,
2193 5265 2490 5337 quomodo,
2514 5261 2559 5317 si
2587 5262 2839 5319 caelestia
2871 5244 3062 5317 dixero
3082 5259 3256 5328 vobis,
3280 5259 3517 5315 credetis
3533 5256 3616 5313 ³⁸⁸1
3636 5278 3655 5313 ι

2071 5359 2179 5414 Et:
2219 5375 2239 5410 ι
2267 5356 2437 5411 Nemo
2480 5355 2725 5412 ascendit
2772 5355 2828 5409 in
2881 5353 3083 5409 cmlum
3128 5351 3234 5407 nisi
3287 5351 3379 5423 qui
3412 5366 3478 5405 ex
3522 5350 3658 5406 cmlo

2072 5449 2371 5529 descendit,
2416 5447 2587 5504 Filius
2630 5444 2865 5501 hominis
2892 5444 2962 5501 ³⁵.
2992 5462 3013 5497 ι
3062 5441 3195 5499 Nam
3235 5450 3294 5497 ut
3344 5456 3559 5513 semper
3606 5452 3656 5496 et

2073 5553 2202 5596 ante
2240 5540 2437 5598 saecula
2482 5539 2750 5597 exsistens
2797 5535 3031 5592 Verbum
3089 5534 3365 5590 descendit
3396 5549 3428 5590 e
3460 5535 3655 5590 cmlis:

2073 5632 2269 5689 deinde
2301 5632 2442 5688 idem
2470 5629 2721 5702 apparuit
2748 5629 2910 5683 homo
2941 5625 3115 5683 nostri
3146 5625 3360 5692 similis,
3400 5635 3656 5698 tanquam

1518 5810 1560 5842 ⁴⁷
1591 5807 1747 5866 Joan.
1777 5826 1894 5877 vm,
1937 5810 2023 5866 58.
2101 5811 2144 5843 ³⁸
2169 5809 2325 5867 Joau.
2359 5827 2440 5877 ιιι,
2477 5811 2559 5866 ιε.
2637 5809 2681 5843 ³’
2714 5807 2843 5867 ibid.
2880 5807 2968 5865 15η.
