4050 6412
371 396 500 453 1311

1397 392 1454 446 S.
1493 388 1772 446 CYRILLI
1816 384 2286 442 ALEXANDRINI
2329 382 2654 440 ARCIHEP.

3501 379 3640 436 1311

373 531 512 571 unus
549 514 800 570 Christus
841 523 896 568 et
942 513 1228 576 Dominus,
1273 519 1328 565 et
1377 511 1596 580 quando
1645 510 1820 564 factus
1871 516 1954 562 est

2072 506 2116 570 εξ
2149 507 2417 578 οὐρανῶν,
2453 501 2572 558 εἶτα
2607 501 2866 574 πεφηνὼς
2905 502 2934 554 6
2972 500 3134 565 αὐτὸς
3195 499 3319 554 καθ’
3366 500 3534 570 ἡμᾶς,
3565 500 3644 562 ὡς

371 623 526 675 caro,
560 606 866 675 hujusmodi
903 605 1115 660 locutus
1141 613 1245 658 est.

447 781 507 836 Β.
563 783 735 836 Aliam
792 797 1006 851 quoque
1081 781 1343 835 rationem
1403 779 1811 848 excogitarunt.
1876 780 1955 830 ita

372 877 540 937 enim.
560 876 729 940 aiunt,
748 875 1051 928 censendus
1067 884 1150 929 cst
1177 874 1220 928 is
1240 874 1329 942 qui
1357 883 1440 926 est
1458 888 1523 926 ex
1541 872 1748 926 semine
1769 869 1956 934 David,

373 981 493 1020 csse
526 966 693 1021 Filius
720 965 836 1030 Dei,
872 967 1014 1019 sicut
1042 974 1098 1019 et
1128 964 1305 1034 ipsum
1354 963 1585 1017 Verbum
1616 978 1681 1016 ex
1716 963 1823 1017 Deo
1858 961 1959 1014 Pa-

376 1067 457 1110 tre
502 1057 701 1110 dicitur
754 1071 876 1110 esse
921 1055 1088 1110 Filius
1136 1055 1325 1110 David.
1385 1053 1589 1110 Natura
1646 1053 1810 1118 enim,
1853 1068 1957 1108 non

373 1146 527 1201 alius.

445 1240 513 1292 A.
555 1238 708 1294 Vera:
745 1239 928 1309 itaque
953 1238 1131 1294 laudis
1153 1237 1299 1292 ratio
1332 1237 1622 1307 recipiatur
1649 1245 1707 1289 ut
1735 1235 1807 1289 ita
1838 1249 1961 1289 cre-

373 1331 532 1384 datur
572 1331 807 1384 Verbum
838 1346 967 1386 caro
1010 1330 1236 1396 factum,
1276 1331 1374 1386 hoc
1415 1338 1497 1384 est
1552 1328 1713 1383 homo
1747 1347 1760 1381 :
1797 1337 1962 1398 atque

374 1420 579 1476 idcirco
612 1421 778 1478 Filius
819 1421 985 1476 David
1033 1437 1140 1476 non
1185 1422 1424 1486 iictitius,
1463 1419 1557 1476 sed
1606 1430 1864 1489 tanquam
1893 1435 1959 1474 ex

376 1515 493 1581 ipso
541 1514 854 1584 apparuerit
906 1515 1202 1568 secundum
1234 1526 1477 1574 carnem,
1507 1519 1561 1564 ct
1607 1510 1868 1564 manserit
1909 1509 1960 1564 id

374 1605 518 1673 quod
556 1615 694 1666 erat,
727 1605 980 1658 nimirum
1022 1605 1162 1656 Deus
1205 1617 1233 1655 a
1283 1601 1410 1654 Deo.
1451 1600 1658 1656 Idcirco
1690 1608 1752 1654 ει
1786 1603 1960 1654 sancti

378 1697 728 1766 evangelista:
777 1697 1011 1751 scientes
1057 1696 1228 1765 ipsum
1267 1693 1436 1748 Deum
1488 1693 1649 1747 simul
1693 1702 1747 1747 et
1782 1695 1960 1749 homi-

380 1804 504 1842 nem
555 1803 713 1851 esse,
768 1789 840 1841 ita
889 1789 954 1841 ad
1008 1802 1106 1840 nos
1151 1788 1216 1840 de
1262 1788 1378 1854 ipso
1414 1784 1763 1857 7481οειηί
1813 1795 1960 1840 sunt.

2059 592 2140 660 εἷς
2183 597 2420 666 Χριστὸς
2463 597 2558 650 καὶ
2600 594 2830 666 Κύριος,
2877 593 2975 648 καὶ
3017 593 3106 646 ὅτε
3144 591 3338 660 γέγονε
3378 585 3537 659 σὰρξ,
3572 587 3642 640 τὰ

2057 689 2236 745 τοιάδε
2263 687 2450 760 φησίν.

2130 779 2191 834 Β.
2237 780 2560 851 Ἐξεύρηταί
2585 796 2670 842 τις
2707 780 2889 842 αὐτοῖς
2928 777 3020 830 καὶ
3056 778 3242 848 ἕτερος
3271 773 3449 842 λόγος.
3486 773 3648 826 Ἔστι

2058 873 2117 926 δὲ
2172 867 2349 938 οὗτος,
2414 871 2560 925 οὕτω
2603 871 2713 943 γὰρ
2750 870 2946 942 χρῆναί
3001 886 3163 937 φασιν
3220 867 3348 919 Υἰὸν
3402 863 3646 918 νοεῖσθαι

2060 965 2196 1020 Θεοῦ
2235 965 2329 1019 τὸν
2364 965 2432 1018 ὲκ
2471 963 2788 1035 σπέρματος
2814 961 2909 1015 τοῦ
2938 959 3120 1023 Δαϐὶδ,
3161 959 3237 1022 ὡς
3262 958 3328 1011 ἂν
3357 956 3452 1010 καὶ
3480 956 3646 1018 αὐτὸς

2059 1061 2088 1112 6
2111 1060 2178 1112 ὲκ
2215 1058 2351 1112 Θεοῦ
2391 1057 2605 1126 Πατρὸς
2627 1057 2798 1124 Λόγος
2832 1055 2962 1118 Υἱὸς
3000 1049 3137 1107 εἶναι
3165 1051 3378 1120 λέγοιτο
3408 1048 3506 1102 τοῦ
3540 1051 3644 1101 Aa-

2062 1151 2166 1206 διδ.
2193 1150 2357 1204 Φύσει
2386 1149 2518 1221 γὰρ,
2553 1149 2665 1202 οὐδ’
2693 1148 2901 1219 ἕτερος.

2131 1242 2197 1294 Α.
2238 1239 2470 1305 Οὐκοῦν,
2504 1241 2533 1293 6
2571 1239 2672 1311 τῆς
2713 1237 2948 1309 ἀληθοῦς
2979 1236 3247 1296 αἰνέσεως
3287 1233 3475 1285 εἰσίτω
3515 1231 3648 1300 τρό-

2064 1349 2186 1397 πος,
2222 1332 2291 1386 ἶν’
2341 1330 2484 1384 οὕτω
2535 1328 2863 1401 πιστεύηται
2911 1325 3048 1397 σὰρξ
3089 1323 3331 1395 γεγονὼς
3373 1323 3402 1376 ό
3450 1320 3645 1388 Λόγος,

2061 1424 2340 1478 τουτέστιν
2393 1421 2700 1493 ἄνθρωπος,
2728 1421 2827 1475 καὶ
2857 1418 2946 1474 διὰ
2979 1417 3159 1479 τοῦτο,
3191 1415 3319 1477 Υἱὸς
3356 1411 3451 1466 τοῦ
3483 1410 3650 1464 Δαϐιδ

2063 1519 2122 1572 οὐ
2151 1513 2618 1586 κατεψευσμένος.
2665 1512 2804 1566 Ἀλλ’
2833 1511 2909 1574 ὼς
2934 1509 2992 1575 ἐξ
3019 1507 3183 1563 αὐτοῦ
3215 1503 3474 1575 πεφηνὼς
3505 1502 3660 1557 κατὰ

2066 1609 2269 1680 σάρκα,
2301 1607 2398 1660 καὶ
2427 1603 2755 1676 μεμενηκὼς
2789 1605 2930 1672 ὅπερ
2973 1598 3062 1674 ἦν,
3097 1599 3254 1670 δῆλον
3286 1597 3342 1650 δὲ
3389 1598 3471 1650 ὅτι
3515 1595 3652 1658 Θεὸς

2066 1703 2132 1755 ὲκ
2164 1699 2320 1753 Θεοῦ.
2376 1699 2489 1752 Καὶ
2528 1697 2658 1766 γοῦν
2689 1697 2739 1749 οἱ
2777 1694 2887 1748 τῶν
2917 1691 3152 1766 γενικῶν
3204 1689 3328 1762 [γρ.
3364 1687 3651 1756 εὐαγγελι-

2068 1791 2213 1864 κῶν]
2243 1790 2614 1862 κηρυγμάτων
2645 1788 2940 1859 ἱερουργοὶ,
2981 1785 3073 1839 τὸν
3102 1785 3265 1839 αὑτὸν
3291 1780 3653 1848 γινώσκοντες

382 1880 660 1949 Scriptum
701 1881 846 1934 enim
883 1890 968 1934 cst
1000 1881 1064 1934 de
1107 1879 1266 1933 beato
1305 1877 1569 1945 Baptista,
1601 1880 1742 1946 quod
1777 1898 1795 1931 ι
1841 1879 1964 1934 Pos-

2072 1850 2472 1952 Θεόνλτεηόμόῦ
2516 1882 2604 1934 καί
2637 1850 2944 1950 ἄνθρωπον,
2979 1878 3107 1940 τοὺς
3151 1874 3280 1945 περὶ
3315 1870 3482 1926 αὐτοῦ
3513 1870 3653 1941 πρὸς

385 1970 551 2022 tridie
580 1970 721 2024 videt
748 1968 934 2024 Jesum
967 1969 1272 2022 venientem
1306 1970 1371 2021 ad
1395 1983 1472 2034 se,
1501 1977 1556 2022 et
1584 1969 1713 2024 dicit
1763 1989 1775 2024 :
1830 1971 1968 2025 Ecce

380 2060 564 2128 Agnus
602 2061 720 2121 Dei,
764 2061 854 2130 qui
890 2061 1025 2113 tollit
1073 2070 1358 2129 pet-catum
1409 2061 1615 2114 mundi.
1655 2061 1755 2116 Hic
1789 2063 1966 2116 estde

379 2167 488 2221 quo
534 2152 691 2206 dixi:
725 2151 852 2205 Post
895 2169 980 2206 me
1026 2154 1175 2206 venit
1224 2153 1327 2217 vir,
1369 2153 1458 2221 qui
1505 2162 1631 2207 ante
1677 2169 1762 2208 me
1793 2155 1966 2208 fat-tus

381 2254 487 2307 est,
533 2243 660 2325 quia
705 2244 855 2312 prior
905 2259 988 2298 me
1041 2253 1179 2308 erat,
1231 2253 1285 2298 et
1334 2259 1433 2313 ego
1465 2245 1772 2299 nesciebam
1814 2259 1963 2310 eum,

383 2338 478 2392 sed
513 2346 574 2392 ut
621 2336 1006 2390 manifestelur
1053 2337 1105 2390 in
1154 2336 1342 2402 Israel,
1375 2348 1658 2404 propterea
1708 2337 1825 2390 veni
1867 2352 1975 2406 ego

384 2428 438 2483 in
487 2445 629 2498 aqua
681 2429 968 2497 baptizans
991 2428 1058 2484 “.
1098 2448 1118 2482 ›
1151 2428 1413 2498 lntelligis
1469 2431 1656 2500 itaque
1695 2431 1968 2498 quomodo

380 2523 556 2573 virum
629 2536 846 2582 vocans,
905 2536 1213 2590 agnumque
1273 2522 1448 2592 ipsum
1501 2520 1801 2592 appellans,
1858 2536 1965 2576 non

383 2611 546 2663 alium
587 2623 710 2663 esse
761 2610 890 2663 dicit
923 2611 1015 2675 qui
1066 2610 1205 2663 tollit
1237 2624 1459 2680 peccata
1508 2611 1714 2676 mundi,
1760 2622 1815 2664 et
1860 2626 1970 2664 ma-

380 2715 541 2772 gnam
581 2700 723 2752 hanc
764 2709 928 2768 atque
975 2700 1296 2756 immensam
1343 2703 1694 2773 divinamque
1737 2703 1969 2773 dignita-

383 2801 490 2846 tem
519 2794 567 2846 ei
593 2791 803 2845 tribuit.
843 2794 983 2845 Ante
1015 2808 1144 2847 vero
1183 2808 1247 2847 ac
1279 2794 1512 2862 priorem
1539 2809 1598 2849 se
1641 2793 1842 2848 factum
1873 2794 1968 2861 ait,

385 2884 509 2939 licet
555 2883 824 2952 posterior
885 2881 1084 2947 fuerit,
1137 2885 1347 2939 ratione
1398 2885 1652 2939 nimirum
1711 2887 1972 2956 temporis

383 2989 494 3042 quo
541 2975 836 3028 secundum
891 2989 1111 3027 carnem
1163 2983 1322 3029 natus
1369 2985 1471 3029 est.
1531 2975 1792 3042 Quamvis
1822 2977 1968 3031 enim

387 3067 707 3120 Emmanuel
752 3077 1020 3136 quatenus
1069 3069 1228 3121 homo
1276 3077 1400 3136 post
1448 3067 1596 3122 illum
1645 3078 1804 3124 natus
1846 3069 1969 3134 fuit,

2066 1976 2217 2046 ἡμᾶς
2251 1973 2574 2042 πεποίηνται
2609 1970 2823 2040 λόγους.
2868 1967 3184 2037 Γέγραπται
3225 1964 3356 2033 γοῦν
3399 1959 3654 2033 περὶτοῦ

2071 2065 2344 2137 μακαρίου
2376 2063 2709 2128 Βαπτιστοῦ,
2747 2061 2830 2115 ὅτι
2865 2079 2884 2112 ι
2911 2061 2991 2131 Τῇ
3021 2058 3281 2130 ἐπαύριον
3328 2054 3517 2125 βλέπει
3558 2051 3658 2105 τὸν

2079 2158 2285 2230 Ἰησοῦν
2340 2157 2636 2228 ἐρχόμενον
2697 2154 2835 2225 πρὸς
2883 2150 3067 2217 αὐτὸν,
3105 2149 3200 2203 καὶ
3255 2147 3424 2216 λέγει·
3475 2144 3582 2197 Ἴδε
3627 2145 3661 2196 6'

2084 2252 2281 2322 Ἀμνὸς
2315 2249 2408 2304 τοῦ
2441 2248 2602 2311 Θεοῦ,
2641 2248 2670 2301 6
2715 2247 2887 2316 αίρων
2940 2241 3219 2314 ἁμαρτίαν
3263 2238 3359 2293 τοῦ
3417 2237 3654 2308 κόσμου,

2067 2339 2221 2408 οὗτός
2264 2347 2382 2396 ἐστι
2425 2342 2555 2413 περὶ
2598 2332 2660 2392 οὗ
2709 2337 2820 2406 ἐγὼ
2854 2332 3028 2390 εἷπον·
3065 2334 3271 2388 Ὀπίσω
3304 2349 3412 2403 μου.
3437 2330 3665 2400 ἔρχεται

2069 2439 2231 2509 ἀνὴρ,
2284 2437 2342 2500 ὃς
2388 2432 2701 2506 ἔμπροσθέν
2739 2449 2841 2502 μου
2883 2429 3131 2497 γέγονεν,
3170 2429 3254 2481 ὅτι
3297 2424 3512 2494 πρῶτός
3553 2421 3659 2492 μού

2069 2533 2209 2595 ἐστι,
2238 2527 2396 2597 κάγὼ
2425 2529 2525 2581 οὐκ
2570 2523 2709 2580 εἶδον
2757 2523 2941 2587 αὑτὸν,
2979 2521 3095 2575 ἀλλ’
3148 2521 3233 2573 ἵνα
3261 2516 3550 2588 φανερωθῇ
3580 2515 3661 2586 τῷ

2083 2619 2322 2691 Ἰσραὴλ,
2357 2618 2446 2672 διὰ
2479 2615 2636 2672 τοῦτο
2682 2611 2846 2688 ἦλθον
2881 2613 2990 2682 ἐγὼ
3023 2613 3083 2665 ὲν
3117 2610 3272 2665 ⁶ὑδατι
3308 2607 3606 2680 βαπτίζων.
3633 2623 3653 2655 ι

2071 2709 2240 2774 Σύνες
2266 2704 2359 2763 οὖν
2397 2709 2545 2770 ὅπως
2574 2706 2744 2776 ἄνδρα
2783 2704 2977 2772 λέγων,
3026 2702 3121 2755 καὶ
3167 2699 3339 2771 ἀμνὸν
3377 2694 3666 2768 ὀνομάζων.

2071 2799 2256 2866 αὑτὸν,
2287 2800 2387 2869 οὐχ
2418 2798 2608 2869 ἓτερον
2638 2792 2778 2850 εἶναι
2807 2812 2941 2865 φησι
2969 2793 3060 2846 τὸν
3091 2792 3319 2864 αἴροντα
3343 2790 3441 2860 τὴν
3472 2790 3660 2857 ἁμαρ-

2071 2895 2193 2947 τίαν
2233 2893 2327 2945 τοῦ
2380 2891 2610 2960 κόσμου,
2652 2889 2748 2942 καὶ
2794 2888 2854 2940 τὸ
2901 2888 3045 2956 μέγα
3088 2883 3247 2937 τοῦτο
3299 2881 3392 2935 καὶ
3424 2879 3673 2947 ἐξαίσιον

2072 2985 2290 3057 άληθῶς
2359 2983 2453 3036 καὶ
2541 2981 2844 3052 θεοπρεπὲς
2918 2977 3137 3048 ἀξίωμα
3220 2973 3666 3046 προσνενέμηκεν

2073 3076 2242 3147 αὐτῷ.
2285 3072 2640 3145 Ἐμπροσθεν
2677 3072 2736 3125 δὲ
2779 3071 2875 3125 καὶ
2917 3068 3135 3142 πρῶτον
3182 3065 3438 3136 γενέσθαι
3495 3063 3674 3133 φησιν

385 3169 502 3214 erat
532 3169 708 3214 tamen
755 3169 880 3213 ante
920 3144 1102 3214 omnia
1134 3161 1353 3228 satcula,
1401 3173 1459 3215 ut
1508 3161 1670 3216 Deus.
1711 3162 1966 3230 Ejusdem

2073 3144 2261 3230 αὑτοῦ,
2294 3144 2471 3220 καίτοι
2501 3164 2733 3219 κατόπιν
2770 3162 3084 3233 γενόμενον,
3117 3159 3260 3213 κατά
3290 3157 3356 3225 γέ
3396 3172 3538 3226 φημι
3571 3154 3668 3206 τὸν

386 3251 571 3319 itaque
616 3263 696 3303 e5t
739 3260 792 3303 et
839 3259 1114 3305 recentem
1164 3265 1286 3307 esse
1333 3252 1542 3306 ratione
1584 3251 1835 3307 humanae
1875 3268 1970 3307 na-

388 3351 546 3405 turae,
584 3352 639 3395 et
665 3350 952 3404 attentum,
983 3343 1198 3398 ratione
1235 3345 1448 3398 divime.
1493 3343 1703 3400 Idcirco
1740 3353 1797 3400 et
1838 3359 1974 3414 prae-

387 3433 760 3487 stantissimus
817 3433 906 3488 ille
960 3432 1194 3500 Petrus,
1243 3449 1350 3488 non
1407 3434 1611 3488 nudum
1659 3442 1716 3489 et
1770 3436 1972 3504 absque

388 3540 554 3580 carne
599 3524 903 3594 respiciens
961 3524 1222 3589 Verbum,
1274 3525 1366 3579 sed
1417 3524 1560 3595 quod
1611 3525 1666 3580 in
1703 3540 1868 3580 carne
1917 3537 1973 3581 et

389 3617 654 3688 sanguine
694 3626 1060 3687 apparuerat,
1108 3618 1450 3673 manifestam
1510 3625 1566 3673 et
1609 3617 1972 3672 certissimam

389 3710 516 3766 fidei
554 3712 608 3766 in
654 3711 827 3782 ipsum
873 3709 1268 3781 professionem
1317 3710 1452 3775 edit,
1484 3711 1714 3766 dicens:
1748 3729 1768 3763 ‹
1803 3709 1882 3765 Tu
1914 3727 1974 3767 es

389 3804 648 3858 Christus
679 3802 849 3858 Filius
881 3802 976 3859 Dei
1007 3802 1136 3857 vivi.
1169 3820 1190 3854 ›
1228 3801 1324 3859 Cui
1357 3801 1609 3858 Christus
1647 3803 1924 3872 respondit
1955 3818 1972 3858 :

397 3897 624 3952 «Beatus
647 3912 725 3962 es,
742 3896 952 3960 Simon,
978 3895 1050 3949 illi
1071 3893 1240 3961 Jonze,
1257 3895 1382 3964 quia
1405 3910 1533 3950 caro
1554 3902 1608 3951 et
1624 3897 1844 3966 sanguis
1868 3910 1973 3950 non

392 3991 653 4046 revelavit
679 3990 797 4053 tibi,
833 3988 926 4044 sed
959 3987 1120 4044 Pater
1149 4002 1304 4042 meus
1338 3987 1428 4057 qui
1464 3995 1548 4043 est
1584 3987 1636 4041 in
1669 3987 1825 4043 caelis
1845 3987 1916 4042 δ’.
1949 4005 1968 4040 ι

393 4077 458 4135 At
495 4081 599 4134 nisi
638 4079 804 4134 altum
855 4094 1043 4135 revera
1091 4087 1175 4134 est
1212 4079 1556 4149 mysterium,
1586 4088 1642 4134 et
1681 4078 1822 4134 Deus
1855 4089 1976 4134 erat

395 4175 451 4228 in
501 4187 668 4228 carne
697 4191 710 4226 :
743 4171 906 4225 homo
940 4178 1141 4235 autem,
1194 4177 1254 4223 ut
1285 4169 1384 4239 ipsi
1421 4169 1626 4234 volunt,
1660 4169 1974 4225 filiationcm

2071 3264 2172 3332 τῆς
2215 3259 2358 3313 κατὰ
2411 3258 2593 3327 σάρκα
2626 3256 2935 3326 γεννήσεως
2981 3252 3192 3324 χρόνον.
3253 3251 3316 3304 Εἰ
3363 3249 3472 3320 γάρ
3514 3249 3676 3300 ἐστιν

2073 3351 2331 3422 ὀψιγενὴς
2362 3349 2500 3403 καθὸ
2527 3348 2814 3418 ἄνθρωπος
2838 3348 2866 3399 6
2909 3341 3280 3415 Ἐμμανουήλ,
3317 3340 3432 3393 ἀλλ’
3460 3334 3527 3410 ἦν
3557 3336 3666 3408 πρὸ

2076 3443 2278 3505 παντὸς
2334 3441 2527 3504 αἰῶνος
2585 3441 2660 3504 ὡς
2708 3439 2860 3501 Θεός.
2897 3436 3074 3489 Αὑτοῦ
3124 3433 3414 3504 τοιγαροῦν
3462 3431 3556 3485 καὶ
3603 3430 3670 3482 τὸ

2076 3536 2390 3608 πρόσφατον
2421 3531 2802 3603 ἀνθρωπίνως,
2835 3529 2930 3585 καὶ
2969 3528 3030 3581 τὸ
3067 3527 3240 3581 ἀΐδιον
3272 3525 3489 3590 θεῖκῶς,
3527 3521 3672 3576 ταύ-

2072 3645 2144 3702 τῃ
2174 3647 2256 3682 τοι
2283 3628 2378 3682 καὶ
2416 3629 2444 3680 6
2474 3626 2810 3698 πανάριστος
2862 3624 3101 3694 Πέτρος,
3153 3622 3214 3674 οὐ
3263 3619 3493 3691 γυμνὸν,
3537 3616 3669 3671 οὐδὲ

2075 3720 2317 3791 ἄσαρκον
2347 3716 2767 3786 καταθεώμενον
2791 3715 2882 3768 τὸν
2905 3715 3094 3784 Λόγον,
3131 3712 3246 3766 ἀλλ’
3276 3713 3336 3766 ἐν
3367 3711 3529 3781 σαρκὶ
3569 3707 3674 3763 καὶ

2075 3813 2269 3882 αἵματι
2326 3808 2628 3879 πεφηνότα,
2668 3807 2856 3877 σαφῶς
2893 3823 2955 3858 τε
2997 3807 3091 3859 καὶ
3140 3802 3395 3866 ἀπλανῶς
3438 3803 3537 3872 τῆς
3587 3801 3674 3864 είς

2076 3900 2241 3953 αὐτὸν
2284 3897 2524 3960 πίστεως
2567 3895 2668 3967 τὴν
2713 3895 2972 3948 ἀπόδοσιν
3022 3895 3281 3955 ἐποιεῖτο,
3313 3891 3510 3961 λέγων.
3547 3908 3567 3940 ‹
3592 3890 3674 3944 Σὺ

2077 3988 2127 4045 εἶ
2152 3993 2180 4045 6
2204 3989 2462 4062 Χριστὸς,
2497 3991 2526 4043 ὁ
2553 3989 2682 4052 Υἱὸς
2710 3987 2804 4041 τοῦ
2830 3985 2965 4040 Θεοῦ
2999 3985 3094 4039 τοῦ
3121 3985 3340 4051 ζῶντος.
3365 4003 3384 4034 ι
3432 3982 3673 4050 Ἂκήκοε

2075 4084 2133 4138 δὲ
2164 4082 2302 4154 πρὸς
2328 4080 2506 4134 τοῦτο·
2547 4080 2866 4150 «Μακάριος
2897 4074 2968 4144 εἴ,
3002 4079 3206 4148 Σίμων,
3235 4075 3351 4146 Bap
3388 4075 3561 4139 Ἰωνᾶ,
3586 4073 3687 4127 ὃτι-

2080 4173 2218 4246 σὰρξ
2249 4171 2345 4226 καὶ
2389 4165 2530 4242 αἷμα
2571 4172 2671 4224 οὐκ
2715 4169 3034 4239 ἀπεκάλυψέ
3080 4185 3184 4230 σοι,
3231 4167 3346 4220 ἀλλ’
3395 4168 3424 4220 6
3476 4165 3681 4236 Πατήρ

393 4278 494 4332 per
541 4262 769 4331 gratiam
827 4269 1182 4327 consecutus,
1225 4261 1496 4330 quomodo
1542 4260 1774 4330 indiguit
1827 4269 1967 4315 tanto

2081 4285 2209 4336 μου,
2266 4267 2296 4319 6
2342 4269 2400 4320 ἓν
2452 4267 2566 4328 τοῖς
2625 4264 2944 4334 οὐρανοῖς.»
3021 4261 3159 4315 Ἀλλ’
3199 4263 3249 4313 εἰ
3313 4259 3389 4330 μὴ
3435 4256 3571 4329 βαθὺ
3610 4256 3679 4310 τδ

395 4355 639 4424 mysterii
683 4355 934 4417 doctore,
972 4354 1109 4406 adeo
1153 4362 1214 4406 ut
1266 4367 1427 4406 nemo
1460 4351 1770 4406 mortalium
1806 4351 1967 4407 disci-

2083 4359 2408 4432 μυστήριον,
2435 4358 2530 4411 καὶ
2563 4356 2695 4420 Θεὸς
2725 4353 2793 4426 ἦν
2833 4356 2890 4408 ὲν
2921 4353 3108 4426 σαρκὶ,
3149 4352 3436 4422 ἄνθρωπος
3457 4349 3515 4402 δὲ
3549 4347 3678 4401 κατ’

392 4450 518 4520 pulo
542 4438 815 4510 revelarit,
850 4448 941 4502 sed
975 4463 1004 4500 a
1033 4446 1193 4502 Patre
1223 4446 1339 4516 ipso
1361 4446 1413 4500 id
1437 4447 1664 4501 edoctus
1694 4445 1805 4500 sit?
1834 4445 1967 4512 Quin

2081 4454 2299 4517 αὐτοὺς,
2345 4453 2528 4525 χάριτι
2560 4450 2660 4520 τὴν
2698 4447 2971 4502 υἱοθεσίαν
3014 4446 3176 4516 ἔχων,
3221 4445 3336 4507 πῶς
3367 4443 3434 4497 ἂν
3476 4439 3678 4512 ἐδεήθη

393 4551 449 4598 ει
478 4539 726 4609 discipuli
759 4554 882 4594 cum
922 4537 1070 4592 illum
1109 4537 1402 4606 aliquando
1430 4536 1484 4590 in
1528 4535 1664 4589 mari
1711 4537 1967 4590 obambu-

2079 4545 2338 4600 τοσούτου
2369 4523 2753 4615 μυσταγωγοῦ,
2799 4541 2876 4603 ὡς
2912 4538 3116 4609 μηδένα
3153 4537 3250 4609 μὲν
3288 4534 3397 4588 τῶν
3441 4533 3535 4586 ἐπὶ
3572 4533 3680 4601 τῆς

392 4632 597 4688 lantem
634 4628 932 4700 conspicati
969 4639 1176 4693 essent,
1209 4627 1426 4683 attoniti
1471 4626 1735 4681 miraculo
1762 4625 1967 4701 profes-

2080 4638 2185 4708 γῆς
2243 4633 2595 4704 ἀποκαλύψαι
2652 4633 2730 4702 τῷ
2788 4631 3030 4702 μαθητῇ,
3083 4629 3377 4700 παιδευτὴν
3423 4627 3482 4680 δὲ
3537 4625 3681 4698 πρὸς

394 4725 600 4779 sionem
637 4721 760 4776 ﬁdei
796 4736 908 4777 sua:
933 4721 1243 4786 ediderunt,
1269 4719 1514 4774 dicentes
1544 4735 1557 4772 :
1594 4735 1613 4768 ι
1641 4715 1782 4772 Vere
1807 4714 1967 4773 Filius

2079 4730 2238 4783 τοῦτο
2286 4728 2472 4798 λαχεῖν
2527 4726 2688 4780 αὐτὸν
2742 4725 2832 4779 τὸν
2878 4724 3130 4794 Πατέρα;
3169 4723 3280 4776 Καὶ
3325 4720 3432 4792 μὴν
3483 4720 3579 4772 καὶ
3626 4723 3696 4772 οξ-

394 4816 487 4871 Dei
517 4831 574 4872 es
595 4817 661 4870 “.
699 4833 718 4868 ι
761 4815 830 4870 At
863 4817 908 4872 si
936 4815 1136 4871 nothus
1163 4823 1218 4870 et
1247 4811 1368 4867 falsi
1405 4810 1637 4866 nominis
1659 4819 1763 4875 est,
1788 4821 1844 4866 et
1865 4811 1967 4866 ad-

2082 4820 2363 4877 θεσπέσιοι
2391 4817 2660 4890 μαθηταὶ,
2694 4815 2980 4870 διαθέοντα
3012 4814 3143 4867 ποτὲ
3168 4813 3266 4884 τῆς
3301 4811 3576 4881 θαλάττης
3605 4809 3696 4866 τὰ.

394 4906 680 4961 ventitium
730 4905 782 4962 ei
833 4913 917 4961 est
966 4903 1110 4974 quod
1165 4903 1240 4957 sit
1292 4900 1486 4966 Filius,
1544 4901 1810 4956 mendacii
1857 4901 1967 4960 illos

2076 4913 2224 4967 νῶτα
2253 4911 2562 4982 βλέποντες,
2591 4909 3046 4981 κατατεθήπεσαν
3082 4907 3182 4978 μὲν
3216 4905 3315 4975 τὴν
3351 4903 3681 4974 θεοσημίαν,

397 5008 648 5068 arguant,
685 4997 826 5066 quod
852 5005 905 5050 et
925 4991 1286 5064 jurejurando
1312 4991 1723 5048 confirmarunt.
1749 4994 1967 5063 Adjece-

2076 4981 2391 5076 ὡμολόγουν
2425 5002 2481 5062 δὲ
2508 5003 2613 5073 τὴν
2654 5003 2862 5065 πίστιν,
2894 5001 3166 5068 λέγοντες
3211 5016 3230 5050 ι
3267 4981 3508 5068 ’Δληθῶς
3536 4992 3680 5047 Θεοῦ

396 5096 522 5140 runt
549 5088 717 5152 enim,
755 5105 774 5138 ‹
805 5100 954 5150 vere,
985 5102 1004 5134 ι
1028 5089 1406 5138 asseverantes
1439 5081 1613 5152 ipsum
1638 5097 1759 5139 esse
1782 5084 1967 5141 Filiutr

2081 5096 2209 5159 Υἱὸς
2253 5091 2322 5148 εἶ.
2351 5114 2370 5146 ι
2432 5094 2574 5147 Ἀλλ’
2617 5093 2667 5146 εί
2709 5093 2866 5155 νόθος
2899 5091 3018 5144 ἐστὶ
3049 5090 3141 5143 καὶ
3168 5087 3541 5160 ψευδώνυμος,
3582 5087 3682 5139 καὶ

398 5175 493 5233 Dei
520 5193 583 5233 ac
615 5177 815 5233 Ρθῑνῖδ·
2082 5185 2394 5258 εἰσποιητὸν
2441 5185 2555 5257 ἔχει
2596 5185 2658 5238 τὸ
2688 5180 2827 5238 εἶναι
2859 5184 3008 5248 Υίδς,
3047 5181 3456 5251 ἐγκαλείτωσαν
3492 5181 3684 5240 αὐτοῖς

397 5269 494 5342 τὴν
520 5266 905 5340 ψευδηγορίαν,
942 5267 1038 5320 καὶ
1069 5265 1228 5320 τοῦτο
1269 5264 1612 5340 ὀμωμοκόσι.
1658 5271 2094 5342 Προστεθείκασι
2161 5279 2271 5348 γὰρ
2315 5279 2396 5346 τὸ,
2429 5279 2668 5350 άληθῶς,
2733 5278 2863 5332 Υἰὸν
2937 5276 3102 5332 αὑτὸν
3145 5273 3287 5330 εἶναι
3334 5274 3682 5329 διαϐεϐαιού-

401 5387 554 5440 μενοι
577 5366 672 5422 τοῦ
705 5363 842 5419 Θεοῦ
873 5365 967 5418 καὶ
995 5365 1230 5437 Πατρός.

470 5462 529 5514 Β.
575 5457 792 5529 Optime
825 5459 1032 5515 dixisti.

2162 5465 2223 5520 Β.
2264 5466 2501 5536 "Aptata
2536 5465 2694 5536 ἔφης.

473 5554 540 5609 Α.
577 5554 695 5620 Quo
722 5562 882 5624 pacto
923 5563 1102 5609 autem
1139 5554 1304 5610 etiam
1339 5556 1589 5626 proprios
1619 5557 1783 5614 habet
1819 5573 1967 5630 ange-

2163 5559 2229 5612 Α.
2258 5556 2384 5622 Πῶς
2412 5559 2470 5612 δὲ
2515 5559 2608 5611 καὶ
2650 5557 2815 5621 ίδίους
2848 5555 2960 5627 ἔχει
3003 5555 3131 5617 τοὺς
3174 5553 3438 5623 ἀγγέλους
3485 5555 3514 5606 ό
3553 5553 3684 5616 Υἱὸς

402 5648 490 5705 los
518 5647 688 5704 Filius
723 5648 980 5713 hominis,
1027 5656 1082 5703 et
1127 5647 1374 5717 splendet
1404 5647 1459 5702 in
1495 5647 1665 5718 gloria
1695 5648 1874 5706 Patris
1902 5666 1962 5706 su

2093 5649 2187 5704 τοῦ
2235 5649 2556 5722 ἀνθρώπου,
2610 5648 2905 5722 διαπρέπει
2950 5648 3005 5702 δὲ
3059 5647 3150 5702 καὶ
3198 5648 3256 5700 ἐν
3297 5649 3363 5717 τῇ
3416 5646 3541 5722 δόξῃ
3586 5647 3692 5702 τοῦ

483 5829 526 5862 ⁸⁸
566 5827 808 5894 10am],
842 5828 1032 5884 (ιε-δι.
1113 5828 1151 5860 ⁸⁸
1183 5827 1369 5885 Matth.
1414 5845 1527 5897 xvi,
1568 5831 1647 5895 l6,
1686 5830 1769 5885 ΓΙ.
1853 5831 1895 5863 δ’
1924 5830 1967 5884 Μ

2072 5839 2114 5885 lt.
2147 5843 2256 5896 tttv,
2301 5829 2391 5885 35.
