4050 6416
384 395 522 451 1515

1515 398 1704 465 QUOD
1742 400 1932 456 [ΙΝυὸ
1967 401 2075 456 SIT
2114 402 2479 483 QIIRISTUS.

3521 407 3658 464 15H

383 510 596 580 Πατρδς
622 511 788 566 αὑτοῦ
812 512 952 583 μετὰ
981 515 1090 568 τῶν
1117 516 1369 585 άγγέλων
1397 516 1564 570 αὑτοῦ
1589 535 1604 582 ;
1645 518 1752 571 Καὶ
1776 519 1940 572 πάλιν

2049 572 2050 577 η
2083 535 2206 573 cum
2236 521 2470 598 langelis
2509 522 2624 577 suis
2651 521 2734 574 "‘2
2779 520 2845 575 Et
2897 534 3083 574 rursus
3118 535 3131 572 :
3185 538 3201 569 ι
3242 517 3307 572 Et
3359 522 3535 577 mittet
3565 521 3654 577 Fi-

389 620 408 652 ι
429 603 538 656 Καὶ
571 603 860 657 ἀποστελεῖ
895 607 924 658 6
953 605 1080 670 Υἱὸς
1107 607 1202 660 τοῦ
1235 608 1524 680 ἀνθρώπου
1555 610 1682 672 τοὺς
1704 611 1972 678 ἀγγέλους

381 693 567 746 αὑτοῦ.
595 713 614 745 ι
669 695 730 747 Et
758 695 816 748 δὲ
843 697 937 751 καλ¹
965 698 1287 752 ἀπιστοῦσιν
1310 700 1413 765 ἔτι,
1453 701 1548 754 καὶ
1592 701 1722 775 δόξῃ
1748 701 1974 774 θεοπρε-

380 785 478 835 πεῖ
514 783 612 837 καὶ
654 787 768 849 τοῖς
805 785 952 842 οὕτω
991 788 1266 861 λαμπροῖς
1307 791 1402 844 καὶ
1450 791 1780 863 ὑπερτάτοις
1811 793 1974 860 ἀξιώ-

384 890 548 944 μασιν
574 875 811 946 δρῶντες
841 881 1308 951 κατεστεμμένον,
1358 883 1687 938 ἀκούσονται
1723 884 1972 954 λέγοντος

379 966 567 1019 αὐτοῦ’
633 969 744 1023 «Εἰ
792 970 918 1041 ἐμοὶ
973 972 1035 1024 οὑ
1093 974 1398 1038 πιστεύετε,
1457 977 1570 1039 τοῖς
1624 976 1807 1049 ἔργοις
1865 995 1968 1048 μου

380 1058 687 1114 πιστεύετε.
714 1080 734 1113 ›
778 1062 887 1116 Καὶ
936 1063 1101 1117 πάλιν
1125 1081 1139 1096 '
1176 1086 1194 1118 ι
1221 1067 1284 1120 Et
1323 1068 1386 1120 οὐ
1431 1067 1569 1120 ποιῶ
1613 1069 1680 1122 τά
1711 1069 1851 1140 ἔργα
1871 1068 1967 1123 τοῦ

379 1148 594 1218 Πατρός
646 1167 771 1220 μου,
825 1150 900 1222 μὴ
947 1153 1235 1208 πιστεύετέ
1289 1174 1398 1228 μοι.
1441 1158 1506 1210 EE
1551 1157 1608 1210 δὲ
1659 1157 1817 1223 ποιῶ,
1866 1157 1970 1211 κᾶν

376 1239 506 1308 ἐμοὶ
544 1241 618 1312 μὴ
655 1244 973 1316 πιστεύητε,
1001 1249 1116 1309 τοῖς
1146 1247 1328 1318 ἔργοις
1356 1267 1457 1322 μου
1499 1250 1799 1306 πιστεύετε.
1830 1269 1849 1303 ι
1894 1249 1970 1303 Τὸ

376 1331 489 1402 γὰρ
520 1334 579 1384 ὲν
617 1333 893 1408 ἀνθρώπῳ
939 1337 1159 1408 βλέπειν
1206 1342 1307 1412 τῆς
1340 1343 1620 1414 ἀφράστου
1664 1343 1824 1414 δόξης
1868 1343 1968 1416 τὴν

377 1423 677 1496 ὑπεροχὴν,
720 1428 819 1498 οὐχ
849 1429 925 1493 ὼς
953 1431 1242 1504 ἀλλοτρίαν
1284 1435 1484 1505 μᾶλλον
1513 1438 1681 1508 ἤγουν
1714 1439 1772 1490 ὲν
1801 1438 1966 1510 χάρι-

372 1531 472 1578 τος
502 1515 658 1586 μέρει
699 1525 1280 1597 προσπεπορισμένην,
1321 1527 1437 1581 ἀλλ’
1465 1528 1601 1584 ίδίαν
1629 1531 1812 1598 αὐτοῦ,
1847 1532 1966 1598 πῶς

375 1604 480 1658 οὐκ
508 1608 814 1674 ἀναπείσει,
850 1611 932 1665 ὅτι
968 1612 1101 1678 Θεὸς
1131 1611 1201 1685 ἦν
1237 1619 1295 1671 ὲν
1332 1618 1462 1672 εῖδει
1505 1620 1584 1692 τῷ
1622 1622 1745 1676 καθ’
1791 1625 1960 1694 ἡμᾶς,

380 1697 477 1748 καὶ
501 1698 627 1763 Υἱὸς
665 1700 882 1771 ἀληθῶς
912 1704 1008 1757 τοῦ
1043 1706 1136 1759 ἐπὶ
1165 1708 1374 1774 πάντας
1397 1709 1574 1779 Θεοῢ;

450 1787 512 1840 Β.
565 1789 794 1844 Ἑαυτοῦ
815 1831 830 1857 ,
858 1795 987 1864 φησὶ
1008 1835 1022 1860 ,
1065 1798 1192 1860 τοὺς
1230 1799 1497 1868 ἀγγέλους
1527 1801 1666 1856 εἶναι
1697 1804 1962 1877 διῖσχυρί-

2076 611 2180 666 lius
2208 613 2442 668 hominis
2469 614 2689 684 angelos
2721 629 2850 668 suos
2871 613 2938 665 “.
2971 632 2990 664 ι
3029 612 3085 664 Si
3117 627 3246 665 vero
3277 612 3454 666 adhuc
3495 614 3656 669 fidem

2082 705 2343 776 derogant
2391 717 2446 760 et
2477 707 2738 762 increduli
2772 717 2920 771 sunt,
2953 722 3077 762 cum
3109 721 3232 762 eum
3268 707 3448 761 divina
3483 707 3655 776 gloria

2074 799 2316 866 adeoque
2348 799 2626 868 splendida
2675 808 2840 868 atque
2869 799 3068 854 eximia
3111 799 3375 868 dignitate
3404 809 3656 853 ornatum

2071 889 2308 953 videant,
2377 891 2596 945 audient
2643 890 2937 960 ipsnmmet
2998 891 3314 946 dicentem:
3350 908 3369 941 ι
3410 889 3466 944 Si
3525 891 3655 946 mihi

2072 979 2238 1052 749
2262 996 2367 1035 non
2413 983 2655 1048 creditis,
2707 983 2966 1052 Operibus
3013 982 3148 1037 meis
3201 983 3408 1036 credite
3429 983 3498 1041 ⁸⁵,
3535 1001 3555 1034 r
3592 982 3654 1037 Et

2071 1085 2260 1126 rursus
2289 1072 2304 1123 ξ
2339 1087 2358 1122 ι
2395 1069 2453 1124 Si
2491 1085 2597 1126 non
2626 1070 2770 1126 facio
2806 1084 2970 1141 opera
2998 1071 3178 1126 Patris
3203 1070 3329 1132 mei,
3361 1086 3427 1125 ne
3458 1073 3652 1126 creda-

2070 1161 2140 1215 tis
2175 1161 2329 1214 mihi.
2365 1160 2473 1216 Sed
2509 1162 2556 1216 si
2593 1159 2757 1229 facio,
2788 1173 2842 1218 et
2867 1163 2913 1218 si
2949 1164 3079 1218 mihi
3109 1179 3215 1220 non
3243 1164 3490 1228 creditis,
3521 1179 3653 1233 Ope-

2067 1250 2218 1306 ribus
2249 1252 2382 1306 meis
2417 1252 2624 1307 credite
2647 1252 2713 1307 ⁴⁶.
2743 1270 2763 1304 ι
2796 1252 2930 1307 Cum
2969 1254 3113 1308 enim
3142 1253 3430 1309 inell'abilis
3463 1253 3650 1324 gloriae

2066 1343 2386 1400 excellentia
2421 1346 2472 1400 in
2521 1345 2746 1401 homine
2791 1356 3071 1412 cernatur,
3115 1362 3220 1401 non
3265 1356 3322 1400 ut
3366 1347 3538 1401 aliena
3583 1347 3651 1399 ab

2067 1434 2188 1505 ipso
2235 1443 2329 1489 aut
2363 1450 2462 1504 per
2497 1436 2731 1507 gratiam
2776 1436 2996 1502 collata,
3051 1437 3146 1492 sed
3183 1437 3402 1507 propria
3451 1437 3648 1507 ipsius,

2063 1525 2338 1594 quomodo
2375 1540 2482 1580 non
2523 1527 2852 1594 persuadeat
2899 1527 3056 1582 nobis
3085 1528 3228 1598 quod
3272 1526 3412 1581 Deus
3446 1537 3566 1581 erat
3593 1526 3647 1580 in

2065 1617 2242 1675 forma
2275 1627 2480 1674 nostra:
2512 1618 2678 1674 simili
2709 1627 2764 1675 et
2791 1617 2964 1675 Filius
2990 1634 3122 1677 vere
3148 1621 3385 1692 supremi
3416 1619 3546 1676 Dei?

2133 1796 2196 1851 Β.
2231 1797 2392 1864 Suos,
2420 1799 2688 1869 inquiunt,
2723 1799 2944 1870 angelos
2971 1813 3093 1855 esse
3123 1799 3280 1868 dixit,
3310 1806 3366 1855 et
3391 1798 3646 1854 miracula

382 1897 533 1947 σατο,
560 1881 655 1934 καὶ
680 1882 848 1936 τῶνδε
889 1884 998 1939 τῶν
1029 1889 1272 1958 σημείων
1316 1891 1538 1961 γέγονεν
1565 1894 1947 1971 ἀποτελεστὴς¹

2059 1889 2253 1955 edidit,
2287 1890 2358 1945 ob
2405 1891 2715 1947 inhabitans
2751 1894 2805 1946 in
2838 1906 2902 1947 se
2932 1887 3200 1956 Verbum,
3232 1891 3456 1962 gloriam
3491 1905 3645 1946 suam

375 1971 714 2038 ἐνοικοῦντος
761 1976 912 2047 αὐτῷ
955 1978 1050 2032 τοῦ
1095 1980 1302 2049 Λόγου,
1348 1984 1506 2051 δόξαν
1555 1987 1614 2041 δὲ
1661 1988 1760 2059 τὴν
1821 1991 1957 2045 ἰδίαν

372 2062 530 2156 αὺτῷ
556 2064 650 2117 καὶ
679 2065 738 2156 τδ
763 2067 987 2138 ὲνεργὲς
1009 2071 1457 2144 ἐκνενεμηκότος.
1479 2078 1794 2150 Γέγραπται
1825 2083 1954 2156 γὰρ,

377 2154 459 2206 ὅτι
492 2172 510 2204 ι
559 2154 768 2226 Ἰησοῦν
804 2157 896 2212 τὸν
930 2161 1039 2214 ἀπὸ
1067 2162 1322 2236 Ναζαρὲτ
1369 2166 1446 2231 ὡς
1484 2169 1700 2241 ἔχρισεν
1729 2154 1955 2228 αὐτὺνήό

370 2245 505 2339 θεὸς
534 2248 815 2320 Πνεύματι
839 2253 981 2323 ἁγίῳ
1010 2256 1103 2310 καὶ
1129 2257 1379 2330 δυνάμει,
1409 2261 1466 2326 ὃς
1496 2263 1708 2334 διῆλθεν
1733 2268 1954 2339 εὐεργε-

369 2335 502 2399 τῶν,
528 2339 624 2392 καὶ
653 2339 882 2412 ἰώμενος
911 2344 1124 2410 πάντας
1161 2351 1287 2413 τοὺς
1317 2353 1953 2428 καταδυναστευομένους

372 2427 631 2520 67:61:06
668 2431 938 2488 διαϐόλου.
975 2455 993 2486 ι
1049 2437 1428 2512 Κεχρισμένος
1465 2440 1558 2499 οὖν
1597 2449 1694 2501 καὶ
1721 2427 1950 2520 δυνάμει

371 2520 468 2570 καὶ
497 2519 798 2589 Πνεύματι,
830 2529 1196 2598 τερατουργὸς
1223 2525 1312 2602 ἦν.

439 2610 504 2663 A.
547 2609 776 2678 Οὐκοῦν,
811 2615 1110 2689 ἐπειδήπερ
1137 2619 1268 2684 Θεὸς
1297 2620 1372 2675 ὢν
1404 2624 1433 2676 6
1463 2625 1635 2694 Λόγος
1656 2667 1671 2692 ,
1699 2627 1855 2698 ἅγιός
1888 2647 1949 2683 τε

367 2701 464 2754 κα)⁸
508 2703 646 2757 κατὰ
694 2705 875 2773 φύσιν,
931 2710 1024 2761 καὶ
1056 2710 1313 2776 οὐσιῶδες
1359 2714 1499 2786 ἔχων
1534 2716 1597 2770 τὸ
1643 2719 1946 2786 παναλκὲς,

364 2792 526 2847 δέοιτ’
565 2795 632 2848 ἂν
674 2797 928 2868 οὐδαμῶς
953 2840 967 2864 ,
1013 2802 1046 2872 ἢ
1095 2804 1194 2872 τῆς
1233 2809 1364 2876 παρ’
1404 2809 1591 2879 ἑτέρου
1635 2811 1946 2883 δυνάμεως,

362 2883 536 2976 ἤγουν
563 2885 639 2948 ὡς
669 2888 1085 2960 εἰσκεκριμένου
1127 2893 1220 2947 τοῦ
1268 2896 1566 2969 ἁγιασμοῢ,
1601 2901 1686 2966 τίς
1726 2901 1792 2976 δὴ
1839 2903 1947 2974 ἄρα

363 2975 513 3029 ἐστὶν
536 2979 564 3030 6
598 2979 960 3049 κεχρισμένος
985 2981 1212 3056 δυνάμει
1241 2989 1334 3042 καὶ
1367 2989 1508 3061 ἁγίῳ
1547 2993 1859 3066 Πνεύματι;

2058 1988 2112 2036 et
2149 1982 2256 2037 vim
2287 1992 2450 2052 atque
2475 1981 2769 2039 efﬁcaciam
2803 1985 2908 2055 ipsi
2940 1985 3206 2040 tribuens.
3261 1985 3536 2055 Scriptum
3564 1994 3645 2038 est

2056 2074 2248 2128 enim:
2305 2094 2324 2126 ε
2385 2074 2572 2131 Jesum
2629 2075 3000 2143 Nazarenum,
3060 2079 3214 2132 unxit
3278 2078 3452 2147 ipsum
3504 2076 3644 2129 Dens

2057 2164 2263 2236 Spir-itu
2283 2177 2470 2223 sancto
2485 2177 2540 2222 et
2561 2169 2780 2234 virtute,
2803 2179 2858 2224 et
2883 2171 3130 2226 transivit
3145 2169 3340 2238 iuvans
3363 2179 3417 2225 et
3442 2185 3643 2224 sanans

2054 2273 2245 2314 omnes
2296 2261 2549 2315 obsessos
2581 2277 2610 2314 a
2646 2260 2859 2316 diabolo
2887 2262 2953 2316 ν’.
2990 2280 3009 2313 ι
3049 2261 3253 2318 Unctus
3311 2263 3490 2331 itaque
3535 2261 3642 2314 vir-

2057 2359 2172 2406 tute
2201 2359 2256 2404 et
2285 2350 2512 2421 Spiritu,
2544 2351 2802 2407 miracula
2839 2351 3054 2408 edebat:

2120 2661 2187 2714 A.
2221 2655 2395 2728 Ergo,
2430 2674 2552 2715 cum
2602 2659 2745 2715 Deus
2797 2660 3069 2717 exsistens
3117 2658 3352 2715 Verbum
3393 2668 3637 2715 sanctum

2050 2751 2122 2808 sit
2146 2766 2209 2806 ex
2241 2767 2335 2806 sua
2358 2762 2570 2818 natura,
2605 2761 2767 2822 atque
2798 2752 3156 2808 essentialiter
3179 2753 3628 2821 onmipoteutiam

2049 2843 2104 2897 in
2158 2856 2220 2896 se
2266 2842 2498 2907 habeat,
2552 2842 2807 2912 nullaque
2854 2844 3064 2898 ratione
3124 2843 3366 2913 indigere
3425 2844 3635 2897 censeri

2048 2935 2242 2991 debeat
2282 2946 2376 2991 aut
2431 2935 2630 2990 virtute
2673 2936 2887 3003 aliena,
2928 2945 3020 2990 aut
3057 2937 3290 2992 ascititia
3333 2935 3637 2990 sanctifica-

2050 3027 2197 3083 tione
2245 3045 2261 3094 ;
2305 3028 2553 3097 quisnam
2608 3037 2692 3083 est
2753 3028 2797 3084 is
2840 3029 2930 3098 qui
2964 3037 3156 3085 unctus
3198 3039 3280 3083 est
3328 3028 3527 3082 virtute
3584 3035 3637 3081 et

2049 3117 2256 3187 Spiritu
2287 3128 2476 3174 sancto
2503 3121 2527 3174 ?

433 3172 495 3286 ﬂB.
534 3173 696 3227 Φαῖεν
728 3173 795 3228 ἂν
837 3175 970 3241 ἴσως
1014 3181 1104 3235 τὸν
1150 3183 1424 3256 ληφθέντα
1461 3191 1604 3247 κατὰ
1646 3197 1945 3266 συνάφειαν

2120 3209 2181 3263 Β.
2218 3210 2460 3264 Dixerint
2491 3211 2757 3279 fortasse,
2790 3226 2914 3267 eum
2956 3213 3230 3268 hominem
3265 3212 3353 3281 qui
3387 3225 3482 3281 per
3512 3225 3635 3264 cou-

357 3257 669 3332 ἄνθρωπον.

430 3355 496 3441 il.
536 3355 708 3420 Αὐτὸς
733 3354 826 3412 οὖν
852 3360 962 3431 ἄρα
986 3362 1133 3414 ἐστὶν
1171 3363 1378 3434 Ἰησοῦς
1403 3369 1640 3441 Χριστὸς
1673 3373 1854 3441 ίδικῶς
1879 3396 1938 3432 τε

345 3438 452 3537 ’καὶ
513 3445 870 3514 καταμόνας,
920 3449 1014 3502 καὶ
1068 3453 1197 3522 περὶ
1249 3447 1309 3507 οὗ
1355 3438 1520 3528 φησιν
1579 3461 1608 3513 6
1665 3438 1940 3537 πάνσοιρος

357 3530 605 3626 Παῦλοςο
645 3556 665 3590 ι
709 3540 848 3593 Ἀλλ’
880 3543 1012 3612 ἡμῖν
1049 3539 1130 3608 εἷς
1160 3545 1292 3611 Θεὸς
1333 3550 1362 3601 6
1406 3551 1626 3626 Πατὴρ,
1665 3556 1726 3624 ἐξ
1769 3530 1939 3618 οὖτά

354 3623 557 3723 “Milia:
583 3629 870 3723 xatAﬁpeEc
894 3633 961 3723 διῒ
990 3635 1178 3700 αὐτοῦ,
1229 3640 1324 3694 καὶ
1366 3636 1448 3706 εἷς
1491 3623 1938 3723 ΚόριοςἸησοῦς

350 3712 628 3784 Χριστὸς,
673 3717 740 3770 δι’
788 3711 850 3772 οὗ
883 3722 952 3776 τὰ
981 3723 1181 3790 πάντα,
1216 3727 1309 3781 καὶ
1357 3731 1519 3800 ἡμεῖς
1564 3711 1634 3789 δι’
1675 3711 1867 3798 αὐτοῦ.

352 3803 482 3902 liti);
510 3802 624 3902 οὖν,
650 3810 771 3864 εἰπέ
806 3829 917 3882 μοι,
950 3813 1017 3868 δι’
1048 3817 1338 3888 ἀνθρώπου
1367 3824 1436 3876 τὰ
1467 3825 1678 3902 πάντας
1709 3832 1934 3890 άνθότου

346 3897 539 3995 δὲ-καὶ
564 3901 789 3995 άμεσως
823 3904 898 3970 ὡς
926 3907 1056 3995 Υἱὸς
1095 3912 1273 3982 Πατρὶ
1302 3897 1674 3988 συντάττεται,
1704 3927 1936 3995 μεσολα-

348 3989 577 4056 ϐοῦντος
604 3993 849 4091 οὐδενός
872 3994 1014 4091 ΔΕἶτα
1043 4002 1166 4091 ὅποι
1218 4006 1349 4058 ποτὲ
1381 4008 1473 4064 τὸν
1517 3989 1796 4088 Μονογενῆ
1836 4019 1935 4091 θή-

348 4095 519 4150 σομεν
573 4083 652 4146 εἰς
687 4082 778 4137 τὸν
825 4085 990 4140 αὐτοῦ
1024 4089 1189 4144 τόπον
1226 4094 1650 4166 άναὸιόἁζοντες
1679 4082 1795 4160 τὸν
1836 4082 1934 4164 ἄν·

347 4169 603 4275 θρωπον,
640 4175 735 4275 καί
761 4177 938 4275 τοῦ-το,
973 4181 1119 4275 καθά
1160 4201 1346 4255 φησιν,
1375 4189 1770 4265 ὲνεργούμενον
1797 4206 1935 4275 παρ’

344 4262 560 4365 αὶὺτοθκ
588 4267 684 4365 καὶ
805 4270 968 4365 αὑτὸν
994 4273 1332 4365 τιμώμενον;
1365 4275 1493 4353 'Ap’
1520 4262 1620 4340 οὐκ
1660 4262 1931 4365 ἐκϐέϐηκε

339 4353 431 4453 τὸ·
455 4353 604 4417 είκδς
637 4358 665 4408 ὁ
704 4354 860 4425 λόγος
909 4360 1124 4430 αὐτοῖς;
1155 4364 1255 4418 οὐκ
1304 4367 1409 4432 ἔξω
1443 4371 1669 4444 φέρεται
1700 4353 1928 4453 σκοποῦ,

341 4444 553 4547 καὶ.
578 4447 678 4518 τῆς
710 4449 971 4521 ἀληθείας
999 4455 1308 4528 ὀλοτρόπως
1336 4462 1696 4536 ἡμαρτηκὼς,
1721 4444 1929 4547 γελῷτό

341 4537 410 4591 ἂν
443 4539 668 4605 ἐνδίκως
688 4559 703 4608 ;

415 4630 477 4730 Β,
510 4632 950 4730 Ἀνθριυπος,μφη
962 4640 1063 4709 σιν,
1079 4643 1108 4695 6
1131 4644 1392 4702 τοῦΘεοῦ
1420 4651 1593 4722 Λόγος
1612 4655 1926 4730 ὠνόμασται

339 4719 485 4819 κατά
513 4722 724 4819 ’τοιόνδε
756 4727 879 4780 τινὰ
910 4730 1133 4800 τρόπον.
1164 4735 1376 4809 ’Ὠσπερ
1402 4719 1568 4814 γὰρὸ
1599 4719 1736 4819 mp"
1759 4752 1923 4807 αὐτοῦ

334 4811 564 4915 λτλφθεὶς
599 4815 1233 4915 άνθρωπος,ῌὲγεννήθη
1287 4831 1385 4900 μὲν
1433 4811 1494 4887 ὲν
1541 4811 1790 4910 Βηθλεὲμ
1824 4844 1926 4915 τῆς

349 4906 631 5006 Ϊίουδαίιας,
679 4909 904 5006 εἴρηται
926 4912 983 4966 δὲ
1011 4914 1352 4989 Ναζωραῖος,
1375 4924 1462 4978 διὰ
1485 4926 1545 4979 τὸ
1569 4906 1792 5001 οίκῆσαι

333 4997 617 5096 ΙΣῙαζαρετ,
650 5003 795 5096 aii-tto
822 5004 917 5058 καὶ
997 5006 1130 5071 Θεὸς
1169 5012 1360 5080 Λόγος,
1405 4997 1695 5089 ἄνθρωπος
1717 4997 1918 5096 ὀνομά-

333 5087 511 5153 ζεται,
541 5089 631 5144 διὰ
665 5092 726 5145 τὸ
748 5095 1074 5167 κατοικῆσαι
1106 5099 1165 5152 ἐν
1193 5101 1486 5178 ἀνθρώπῳ.

404 5182 470 5277 ᾼ,
509 5183 572 5235 ’Ὠ
619 5185 821 5277 φρενὸς
848 5190 1269 5259 γραοπρεποῢς,
1305 5197 1399 5250 καὶ¹
1425 5198 1518 5252 νοῦ
1555 5206 1914 5277 παρειμένου,

333 5274 431 5328 καὶ
445 5274 793 5346 βατταρίζειν
814 5279 1037 5348 εἰδότος,
1055 5285 1148 5337 καὶ
1165 5283 1352 5357 ἕτερον
1377 5289 1552 5345 οὐδέν.
1578 5274 1908 5368 Ἐκνῆψατε,

331 5368 382 5420 oi
434 5367 746 5438 μεθύοντες,
786 5368 847 5435 ἐξ
871 5371 1016 5427 οἴνου
1049 5376 1227 5430 αὐτῶν
1249 5421 1262 5443 ,
1298 5379 1638 5451 ὲπιφωνείτω
1680 5367 1766 5454 τις
1800 5367 1916 5459 τοῖς

328 5459 654 5527 διεναντίας,
688 5459 741 5516 τί
775 5464 1186 5533 παραϐιάζεσθε
1213 5471 1466 5543 τάληθὲς,
1492 5477 1588 5530 καὶ⁹
1616 5482 1726 5535 τῶν
1753 5482 1912 5542 θείων

330 5551 616 5623 δογμάτων
651 5553 748 5626 τὴν
779 5555 1009 5626 δύναμιν
1051 5563 1500 5637 παρευθύνοντες,
1534 5569 1638 5637 ἔξω
1677 5575 1910 5650 φέρεσθε

405 5749 806 5848 δςίιιξμιωιχι,
1004 5757 1050 5790 ’⁵⁸
1078 5758 1266 5848 Matth.
1304 5783 1421 5836 xm,
1451 5771 1538 5827 ll.
1615 5777 1658 5808 "
1682 5777 1838 5834 Joan.
1865 5797 1920 5848 κ,
1957 5781 2047 5839 38.

332 5822 380 5855 δ’
420 5823 609 5882 Matth.
638 5843 695 5894 ιι,
727 5828 782 5883 5.
835 5830 880 5860 ⁵ο
913 5829 1044 5885 Luc.
1082 5845 1139 5897 ιι,
1177 5832 1262 5886 5|.

2036 3299 2372 3370 iunctionem
2412 3312 2723 3372 assumptus
2751 3312 2849 3358 est.

2111 3393 2176 3444 A.
2230 3391 2349 3458 Ipse
2384 3393 2546 3462 igitur
2577 3404 2659 3447 est
2707 3393 2864 3448 Jcsus
2889 3393 3138 3449 Christus
3179 3394 3526 3465 singulariter
3568 3416 3631 3455 ac

2039 3481 2205 3547 solus,
2232 3483 2373 3538 etde
2395 3500 2500 3553 quo
2529 3484 2702 3553 inquit
2731 3486 3161 3555 sapientissimus
3195 3486 3390 3543 Paulus
3421 3509 3434 3544 :
3466 3510 3486 3542 ι
3524 3493 3630 3547 Sed

2040 3578 2195 3632 nobis
2227 3593 2364 3632 unus
2408 3579 2550 3633 Deus
2601 3577 2799 3645 Pater,
2830 3595 2894 3634 ex
2938 3595 3045 3649 quo
3096 3582 3276 3636 omnia
3299 3625 3314 3647 ,
3349 3595 3402 3638 et
3431 3600 3532 3639 nos
3560 3599 3626 3639 ex

2039 3670 2158 3738 ipso
2207 3688 2220 3725 :
2263 3680 2316 3724 et
2348 3686 2485 3726 unus
2536 3669 2795 3727 Dominus
2830 3671 2986 3728 Jesus
3019 3672 3287 3743 Christus,
3323 3693 3418 3746 per
3468 3695 3626 3748 quem

2039 3760 2258 3826 omnia,
2299 3769 2353 3814 et
2392 3775 2488 3816 nos
2541 3776 2637 3830 per
2699 3762 2870 3831 ipsum
2914 3761 2978 3816 ⁸³.
3031 3781 3050 3816 ι
3106 3765 3385 3832 Quomodo
3439 3768 3624 3843 igitur,
3732 3776 3740 3786 '

2037 3853 2294 3916 obsecro,
2331 3866 2427 3922 per
2473 3852 2745 3908 hominem
2783 3863 2905 3908 sunt
2939 3856 3117 3909 omnia
3158 3856 3369 3925 ?quam
3403 3875 3529 3914 vero
3557 3863 3626 3916 ob

2036 3958 2258 3999 causam
2305 3943 2616 3998 immediate
2651 3955 2707 3999 ut
2735 3945 2904 4001 Filius
2951 3947 3096 4002 Patri
3159 3949 3500 4019 adjungitur,
3531 3970 3625 4008 ne-

2037 4034 2181 4088 mine
2218 4034 2654 4088 interveniente?
2683 4036 2876 4091 deinde
2905 4039 3121 4093 ubinam
3157 4043 3368 4096 tandem
3418 4043 3621 4112 Unige-

2034 4123 2206 4177 nitum
2258 4121 2677 4193 collocabimus,
2713 4127 2757 4180 si
2809 4127 3082 4183 hominem
3140 4130 3191 4184 in
3228 4131 3397 4202 ipsius
3445 4135 3618 4190 locum

2035 4214 2314 4269 evehimus
2349 4230 2365 4280 ;
2399 4223 2454 4269 et
2480 4215 2735 4285 quidem,
2772 4227 2829 4273 ut
2859 4218 2958 4288 ipsi
2989 4220 3209 4288 volunt,
3241 4225 3294 4279 vi
3334 4240 3396 4279 ac
3421 4228 3619 4282 virtute

2032 4307 2101 4362 ab
2127 4306 2244 4376 ipso
2271 4305 2619 4378 insignitum,
2647 4309 2923 4380 gloriaque
2974 4327 3071 4381 per
3117 4314 3290 4384 ipsum
3320 4317 3620 4375 allectum?

2033 4398 2189 4453 Anne
2215 4396 2308 4452 tibi
2339 4397 2550 4454 illorum
2581 4402 2817 4457 rationes
2851 4403 3096 4460 absurdze
3123 4415 3176 4461 et
3202 4423 3230 4460 a
3259 4422 3423 4477 scopo
3455 4415 3616 4466 aber-

2032 4495 2244 4552 rantes,
2283 4497 2447 4558 atque
2482 4489 2619 4545 adeo
2655 4507 2684 4544 a
2721 4494 2952 4550 veritate
2996 4511 3221 4566 prorsus
3258 4500 3474 4567 alienae,
3505 4503 3612 4559 risu

1959 4578 2005 4636 D
2035 4580 2230 4635 merito
2266 4581 2600 4652 excipiendae
2637 4583 2923 4640 videntur?

2095 4671 2156 4727 Β.
2190 4671 2424 4728 Verbum
2456 4674 2586 4740 Dei,
2619 4675 2903 4746 inquiunt,
2941 4691 3165 4736 vocatur
3200 4683 3392 4749 homo,
3427 4685 3608 4754 hujus-

2023 4765 2230 4819 cemodi
2251 4766 2487 4834 quadam
2517 4765 2743 4820 ratione.
2774 4766 3240 4834 Quemadmodum
3266 4776 3410 4828 enim
3445 4777 3606 4831 homo

2021 4855 2110 4924 qui
2172 4855 2241 4910 ab
2302 4858 2418 4926 ipso
2455 4869 2765 4928 assumptus
2805 4871 2890 4917 est
2931 4872 3091 4919 natus
3153 4867 3368 4936 quidem
3413 4880 3495 4922 est
3554 4871 3605 4924 iu

2021 4947 2336 5004 Bethlehem
2365 4948 2561 5005 ludam:
2602 4950 2648 4983 ”
2687 4971 2701 5006 :
2749 4953 2926 5011 dictus
2955 4966 3134 5013 autem
3179 4969 3262 5014 est
3296 4958 3602 5026 Nazararus,

2024 5041 2165 5108 quod
2194 5039 2247 5093 in
2286 5039 2557 5098 Nazareth
2601 5043 2870 5103 habitaret
2895 5049 2941 5081 ⁸⁸
2973 5066 2988 5116 ;
3027 5050 3100 5105 ita
3126 5062 3180 5106 et
3207 5051 3346 5108 Deus
3370 5051 3605 5110 Verbum

2022 5140 2248 5186 vocatur
2275 5131 2457 5200 homo,
2491 5135 2616 5204 quia
2653 5137 2922 5194 inhabitat
2945 5140 3000 5195 in
3029 5141 3265 5197 homine.

2076 5221 2194 5278 A.O
2209 5224 2369 5280 anilia
2383 5237 2711 5296 commenta,
2730 5247 3016 5302 metasque
3030 5250 3219 5305 nugas,
3239 5237 3425 5303 verba,
3442 5253 3604 5293 voces

2023 5326 2397 5386 praetereaque
2423 5319 2590 5374 nihill
2620 5319 2904 5394 Evigilate,
2934 5331 3232 5392 temulenti,
3261 5344 3324 5384 ex
3357 5331 3479 5386 vino
3505 5348 3602 5390 ve-.

2024 5415 2160 5472 stro,
2183 5408 2316 5462 meri
2327 5417 2378 5463 to
2389 5409 2511 5479 quis
2534 5409 2803 5470 haereticis
2814 5416 3094 5484 occlamet.
3113 5420 3248 5486 Quid
3269 5421 3433 5492 750
3453 5425 3601 5477 veri-

2025 5496 2121 5550 tati
2150 5498 2259 5552 vim
2291 5497 2548 5557 infertis?
2589 5515 2645 5559 et
2675 5505 2978 5562 divinorum
3004 5510 3312 5579 dogmatqu
3344 5515 3598 5569 virtutem

2020 5586 2414 5657 subvertentes,
2445 5606 2478 5646 a
2499 5592 2583 5648 via
2611 5595 2759 5663 regia
2776 5595 3059 5654 deﬂectitis
3083 5599 3309 5668 ?Neque
3349 5605 3516 5670 enim,
3543 5615 3600 5660 nt

2154 5785 2200 5818 “
2231 5787 2359 5843 ibid.
2395 5788 2484 5845 57.
2583 5792 2627 5826 ⁸⁷
2650 5793 2774 5851 Act.
2807 5809 2864 5861 Χ,
2899 5794 2988 5852 38.
3096 5796 3142 5830 "
3176 5801 3195 5857 l
3223 5799 3346 5858 Cor.
3379 5819 3496 5869 νιιι,
3535 5805 3590 5862 6.
