4050 6444
344 423 481 480 1317

1486 424 1674 491 QUOD
1717 425 1899 482 UNLTS
1938 425 2045 481 SIT
2086 429 2448 484 CllRlS'l'U‘i.

3462 439 3622 498 .13l8

341 534 539 608 καιροῦ
583 535 1054 608 πεπλεονέκτηκεν
1088 538 1114 592 6
1142 538 1399 612 Χριστὸς,
1453 541 1579 603 τοὺς
1614 541 1722 611 πρὸ
1756 543 1921 596 αὑτοῦ

2035 545 2104 599 ris
2132 549 2403 614 superavit
2434 547 2684 602 Christus
2725 564 2818 604 eos
2853 550 2944 619 qui
2982 559 3107 606 ante
3160 553 3334 621 ipsum
3395 561 3619 612 exstite-

340 629 636 700 γεγονότας
694 628 883 697 ἁγίους
935 631 1261 703 προφήτας,
1312 633 1406 686 καὶ
1460 633 1622 688 τοῦτό
1662 637 1810 689 ἐστιν
1867 639 1924 690 ὲν

339 719 494 790 αὐτῷ
530 721 590 772 τὸ
624 719 923 788 ἐξαίρετον.
975 723 1269 792 Πρόκειται
1318 723 1374 776 δὲ
1405 723 1924 808 ιπολυπραγμονεῖν,

337 815 391 866 εί
435 813 726 882 προφήτης
771 812 944 876 ὅλως,
995 813 1090 866 καὶ
1137 814 1255 867 οῦτι
1301 833 1404 868 που
1450 817 1512 869 τὸ
1557 817 1822 890 μᾶλλονῆ
1867 820 1928 874 τὸ

341 907 496 976 μεῖον
523 903 682 974 ἔχων,
709 903 740 975 ἢ
785 904 879 958 καὶ
913 905 1347 976 ὑπερκείμενος,
1379 907 1454 973 ὡς
1485 908 1542 962 ἓν
1583 927 1647 978 γε
1679 911 1758 982 τῷ
1787 907 1928 966 εἶναι

337 1000 650 1070 προφήτην,
698 1000 794 1052 καὶ
835 997 913 1069 τῷ
946 999 1023 1071 μὴ
1051 1001 1196 1072 πέρα
1233 1001 1432 1073 μέτρου
1464 1003 1558 1075 τοῦ
1591 1005 1714 1058 καθ’
1739 1008 1925 1078 ἡμᾶς,

335 1091 402 1142 τὸ
437 1090 856 1161 σμικροπρεπές
878 1093 1028 1144 ἐστιν
1053 1091 1224 1163 αὐτῷ,
1250 1093 1355 1148 κᾶν
1385 1097 1433 1149 εί
1464 1096 1725 1168 ἀπαρχῆς
1753 1102 1927 1152 νοοῖτο

335 1180 502 1234 τοῦτο
546 1181 830 1252 ὑπάρχων,
876 1182 1128 1254 καθάπερ
1177 1185 1370 1257 ἀμέλει
1411 1189 1507 1242 καὶ
1550 1191 1579 1242 6
1623 1190 1930 1262 θαυμάσιος

333 1274 656 1346 Βαπτιστὴς
706 1277 835 1348 περὶ
859 1270 919 1330 οὗ
947 1296 1112 1350 φησιν
1135 1281 1164 1333 6
1195 1282 1467 1353 μακάριος
1495 1281 1746 1352 ἄγγελος·
1771 1303 1790 1336 ι
1816 1285 1928 1338 Καὶ

337 1366 664 1437 Πνεύματος
694 1369 851 1437 ἁγίου
885 1369 1258 1444 πλησθήσεται
1282 1372 1364 1425 ἔτι
1393 1375 1457 1427 ὲκ
1481 1374 1688 1440 κοιλίας
1721 1377 1929 1448 μητρὸς

225 1469 228 1472 ‘
337 1460 531 1514 αὑτοῦ.
567 1481 585 1512 ι
623 1457 757 1516 Εἶτα
792 1462 912 1526 πῶς
955 1465 982 1518 6
1028 1464 1126 1535 μὲν
1154 1460 1222 1536 ἦν
1250 1465 1488 1537 οἰκέτης,
1531 1468 1560 1519 6
1599 1467 1657 1520 δὲ
1691 1471 1803 1531 τοῖς
1843 1468 1929 1522 δεο

338 1557 625 1618 σποτικοῖς
653 1555 962 1626 ἀξιώμασιν
993 1557 1381 1630 ὲναϐρῦνεται;
1430 1561 1542 1614 Καὶ
1591 1561 1787 1614 ἑαυτοῦ
1827 1561 1927 1631 μὲν

336 1645 690 1719 πέρα-φησὶν
734 1649 762 1700 ὁ
793 1648 1067 1720 μακάριος
1117 1650 1405 1722 ’ῐωάννηψ
1447 1671 1465 1704 ι
1507 1652 1564 1705 'U
1603 1651 1681 1706 ὢν
1719 1654 1785 1706 ὲκ
1826 1654 1927 1724 τῆς

335 1740 466 1810 γῆς,
487 1741 554 1793 ὲκ
577 1740 676 1811 τῆς
706 1742 811 1812 γῆς
839 1742 1006 1796 λαλεῖ.
1041 1761 1060 1794 ι
1095 1744 1230 1814 Περὶ
1255 1744 1311 1797 δέ
1331 1761 1394 1813 γε
1419 1744 1515 1798 τοῦ
1552 1746 1923 1817 Ἐμμανουήλ’

340 1851 361 1881 ι
389 1832 446 1883 '0
479 1831 684 1886 ἄνωθεν
711 1836 1028 1905 ἐρχόμενος,
1057 1836 1245 1889 ἐπάνω
1279 1837 1498 1891 πάντων
1533 1837 1669 1892 ὲστί.
1709 1857 1729 1891 ι

412 1924 472 1979 Β.
504 1925 694 1978 Καίτοι
719 1929 877 1995 φαῖεν
907 1927 974 1981 ἂν
1011 1926 1162 1993 ἴσως,
1190 1928 1398 1982 ἄνωθέν
1426 1947 1488 1983 τε
1514 1927 1678 1996 εἶναι,
1701 1931 1796 1984 καὶ
1821 1931 1929 2003 μὴν

335 2015 435 2070 καὶ
481 2015 668 2068 ἐπάνω
702 2017 942 2081 πάντων,
978 2017 1069 2070 τὸν
1119 2019 1186 2070 ἐκ
1228 2017 1364 2072 Θεοῦ
1405 2021 1618 2092 Πατρὸς
1648 2024 1929 2093 πεφηνότα

335 2109 550 2173 Λόγον,
592 2107 796 2160 δεδίασι
844 2107 900 2161 δὲ
937 2109 1265 2180 προσνέμειν
1302 2111 1454 2182 αὐτῷ
1490 2113 1558 2166 τά
1591 2113 1927 2184 ἀνθρώπινα,

339 2199 419 2270 μὴ
446 2199 554 2268 ἄρα
589 2217 707 2262 πως
753 2199 992 2253 ἀδικοῖτο
1030 2201 1100 2253 δι’
1135 2202 1338 2267 αὐτῶν,
1381 2205 1477 2259 καὶ
1505 2206 1930 2277 κατακομίζοιτο

335 2291 478 2362 πρὸς
525 2290 588 2342 τὸ
629 2291 909 2354 δυσκλεές.
959 2292 1144 2366 Ταύτῃ
1191 2311 1276 2347 τοι
1320 2295 1680 2351 διατείνονται
1740 2299 1929 2353 λαϐεῖν

331 2381 505 2437 αὑτὸν
538 2381 826 2453 ἄνθρωπον
845 2423 860 2449 ,
893 2384 1163 2462 ὲαυτῷτε
1195 2384 1386 2442 τοῦτον
1417 2389 1684 2459 συνάψαι,
1717 2393 1845 2462 περὶ
1869 2393 1928 2446 ὃν

335 2472 411 2528 ἂν
437 2474 650 2542 γένοιτό
682 2491 742 2527 τε
787 2475 884 2549 καὶ
925 2461 1136 2546 λέγοιτο
1161 2477 1233 2531 τὰ
1260 2477 1598 2550 ἀνθρώπινα.
1637 2461 1832 2536 Ἔσται
1872 2485 1929 2538 δὲ

332 2565 478 2629 ὅλως
519 2568 598 2630 εἰς
639 2565 738 2638 τὴν
786 2567 952 2622 αὑτοῦ
1003 2569 1098 2624 τοῦ
1141 2569 1318 2639 Λόγου
1373 2571 1566 2640 φύσιν,
1621 2572 1684 2627 τὺ
1731 2573 1929 2644 βλάϐος

329 2655 518 2712 οὐδέν.

411 2748 478 2801 Α.
518 2745 751 2812 Οὐκοῦν,
799 2747 986 2820 ἕτερος
1021 2749 1119 2820 μὲν
1165 2750 1617 2820 ὁμολογουμένως
1661 2753 1820 2806 νοοῖ-ε’
1863 2755 1928 2808 ἂν

333 2841 439 2895 καὶ
471 2839 680 2909 λέγοιτο
732 2843 863 2912 παρ’
911 2841 1095 2906 αὑτὸν,
1139 2843 1167 2894 6
1213 2841 1478 2912 ληφθείς·
1513 2841 1650 2914 πλὴν
1699 2845 1759 2896 οὐ
1811 2848 1930 2908 ταῖς

337 2929 570 2983 ἐκείνων
595 2930 948 3001 ἀδελτηρίαις
994 2930 1255 3001 ἑψόμεθα,
1283 2931 1406 2984 οὔτε
1445 2932 1551 3002 μὴν
1577 2933 1799 3002 ὁριστὰς
1828 2935 1929 2988 αὑ-

335 3023 470 3087 τοὺς
516 3023 611 3076 καὶ
646 3023 1002 3094 καινοτόμους
1042 3023 1142 3094 τῆς
1184 3024 1396 3077 ἑαυτῶν
1444 3027 1786 3096 ποιησόμεθα
1835 3029 1928 3081 πί-

341 3131 539 3181 στεως,
572 3114 668 3185 τὴν
699 3114 850 3185 ἱερὰν
881 3115 1148 3185 παρέντες
1181 3116 1434 3188 Γραφὴν,
1473 3120 1566 3171 καὶ
1597 3120 1694 3190 τὴν
1725 3123 1789 3173 ὲκ
1820 3121 1930 3175 τῶν

2033 647 2160 692 runt
2183 651 2402 695 sanctos
2423 642 2717 710 prophetas
2750 661 2764 697 :
2799 653 2962 712 atque
3005 645 3106 698 hoc
3135 655 3221 700 est
3271 647 3322 699 in
3358 646 3474 716 ipso
3497 651 3616 702 exi-

2033 729 2220 784 mium.
2249 731 2591 801 Propositum
2626 749 2755 789 vero
2789 745 2872 789 est
2893 736 3192 805 inquirere,
3225 753 3354 792 num
3381 741 3620 808 pr0phe-

2031 829 2084 876 ta
2107 823 2330 878 omnino
2355 825 2534 891 fuerit,
2569 842 2674 881 non
2719 835 2898 882 autem
2929 843 2998 882 an
3059 828 3234 896 major
3277 841 3373 884 aut
3419 834 3620 896 minor,
3726 825 3730 828 ’

2036 923 2134 969 aut
2176 917 2426 985 superior
2456 931 2471 968 :
2503 917 2576 972 ita
2607 926 2666 972 ut
2700 918 2754 973 in
2787 934 2852 974 eo
2885 921 3029 989 quod
3092 921 3164 974 sit
3211 925 3480 992 propheta
3507 965 3520 988 ,
3570 934 3626 978 et

2030 1007 2175 1076 quod
2209 1022 2314 1060 non
2347 1007 2839 1063 excedatnostram
2895 1011 3294 1075 conditionem.
3345 1015 3623 1068 humilitas

2031 1095 2149 1165 ejus
2174 1098 2456 1162 consistat,
2495 1100 2712 1154 tametsi
2765 1100 2820 1155 iil
2860 1101 2932 1156 ab
2985 1101 3146 1158 initio
3191 1104 3468 1159 exstitisse
3493 1121 3623 1160 ceu-

2031 1198 2239 1254 seatur,
2263 1190 2402 1245 sicut
2431 1201 2486 1245 et
2507 1191 2724 1247 divinus
2759 1191 3018 1263 Baptista,
3041 1195 3228 1266 dequo
3257 1197 3389 1252 dicit
3422 1197 3612 1252 beatus

2033 1283 2292 1353 angelus:
2331 1303 2349 1336 ι
2381 1283 2448 1338 Ει
2501 1283 2710 1352 Spiritu
2754 1293 2942 1341 sancto
3001 1286 3296 1355 replebitur
3351 1289 3526 1344 adhuc
3565 1289 3619 1343 in

2033 1383 2189 1427 utero
2220 1377 2409 1430 matris
2433 1392 2545 1430 sure
2580 1377 2648 1430 ".
2699 1395 2717 1429 ι
2741 1377 2949 1433 Deinde
2971 1379 3245 1449 quomodo
3278 1379 3364 1432 hic
3385 1380 3607 1448 quidem

1997 1522 2000 1526 ,
2032 1471 2149 1517 erat
2172 1477 2385 1531 servus,
2419 1464 2508 1519 ille
2535 1481 2664 1520 vero
2710 1465 2990 1522 Dominica
3035 1466 3296 1536 dignitate
3353 1468 3620 1524 illustris?

2030 1555 2110 1608 Ac
2139 1555 2204 1609 de
2227 1555 2406 1625 seipso
2436 1557 2627 1612 beatus
2665 1557 2905 1614 Joannes
2933 1560 3006 1612 ita
3030 1560 3106 1613 ait
3133 1575 3148 1612 :
3185 1577 3203 1610 ι
3239 1559 3341 1626 Qui
3373 1575 3441 1614 ex
3472 1572 3617 1615 terra

2031 1655 2135 1710 est,
2175 1656 2390 1703 terrena
2421 1649 2686 1719 loquitur;
2722 1669 2741 1703 ›
2772 1651 2840 1706 de
2864 1651 3218 1707 Emmanuele
3250 1667 3382 1708 vero
3413 1671 3426 1708 :
3464 1672 3483 1706 ι
3511 1653 3617 1722 Qui

2029 1753 2063 1794 e
2086 1741 2336 1809 supernis
2360 1743 2524 1806 venit,
2560 1759 2726 1811 supra
2763 1759 2955 1800 omnes
2985 1755 3071 1800 est
3109 1746 3173 1798 ⁸³.
3217 1765 3239 1799 ι

1961 1903 2003 1957 Β
2103 1913 2164 1968 Β.
2196 1913 2361 1987 Atqui
2423 1919 2660 1974 dixerint
2703 1919 2940 1977 fortasse
2987 1935 3022 1977 θ
3056 1924 3328 1991 superuis,
3361 1933 3415 1980 et
3457 1941 3622 1994 supra

2031 2027 2222 2068 omnes
2253 2026 2376 2066 esse
2412 2011 2644 2066 Verbum
2675 2026 2739 2067 ex
2773 2013 2883 2067 Deo
2907 2013 3069 2070 Patre
3100 2018 3341 2085 genitum
3371 2018 3623 2083 ;'veren-

2035 2113 2122 2158 tur
2161 2116 2340 2159 autem
2382 2104 2458 2158 illi
2516 2106 2756 2160 tribuere
2795 2102 3055 2174 humana,
3089 2123 3156 2162 ne
3203 2109 3377 2178 ipsum
3421 2109 3620 2179 injuria

2033 2194 2265 2262 allicere,
2317 2195 2654 2267 gloriamque
2699 2198 2868 2267 ipsius
2928 2197 3248 2254 imminuere
3301 2201 3609 2256 videantur.

2033 2287 2239 2342 Idcirco
2265 2289 2596 2343 contendunt
2632 2289 2804 2359 ipsum
2840 2305 3123 2346 assumere
3139 2291 3441 2357 hominem,
3472 2293 3636 2346 eum-'

2032 2394 2136 2448 que
2165 2379 2702 2448 sibiconjungere,in
2753 2395 2914 2451 quem
2974 2385 3172 2437 cadant
3203 2387 3348 2439 etde
3383 2400 3492 2454 quo
3541 2387 3617 2438 d-l-
3715 2425 3718 2430 .

2032 2480 2226 2524 cantur
2271 2470 2506 2525 hominis
2538 2472 2897 2551 proprietates
2932 2491 2948 2540 ;
2983 2474 3054 2528 ita
3119 2484 3183 2528 ut
3231 2473 3390 2530 Verbi
3455 2477 3622 2546 ipsius

2033 2567 2226 2614 natura
2264 2559 2464 2614 nullum
2495 2562 2718 2616 omnino
2745 2563 3136 2618 detrimentum
3185 2566 3442 2636 accipiat.

2101 2735 2170 2790 Δ.
2225 2737 2480 2792 Diversus
2514 2738 2697 2808 itaque
2736 2741 2788 2795 in
2841 2743 3153 2800 universum
3189 2756 3245 2800 et
3271 2748 3381 2802 erit
3400 2758 3456 2805 et
3479 2751 3625 2807 dice-

2035 2835 2122 2882 tur
2156 2831 2224 2884 ab
2278 2831 2417 2899 ipso,
2461 2832 2507 2886 is
2549 2833 2638 2900 qui
2670 2846 2982 2906 assumptus
3040 2847 3143 2894 est.
3199 2839 3466 2896 Caeterum
3524 2859 3624 2899 nos

2034 2920 2248 2976 illorum
2282 2925 2610 2996 imperitiam
2665 2927 2812 2983 nullo
2863 2931 3024 2986 modo
3051 2933 3403 2998 sectabimur,
3467 2949 3622 2990 sacra

2035 3013 2317 3086 Scriptura
2389 3019 2688 3092 praeterita,
2747 3027 2802 3075 et
2855 3031 3167 3077 sanctorum
3253 3026 3622 3094 apostolorum

2033 3119 2195 3178 atque
2227 3110 2680 3180 evangelistarum
2743 3113 3036 3168 traditione
3091 3125 3403 3185 contempta
3439 3133 3616 3188 neque

339 3207 517 3276 ἁγίων
544 3206 882 3271 ἀποστόλων,
916 3207 1010 3260 καὶ
1044 3208 1448 3277 εὐαγγελιστῶν
1488 3205 1788 3281 παράδοσιν
1813 3212 1930 3264 ἀτι-

2037 3200 2083 3255 si
2117 3200 2328 3255 illorum
2358 3214 2594 3266 mentem
2625 3212 2771 3258 tanta
2823 3205 3170 3260 imbecillitas
3223 3216 3389 3276 atque
3448 3211 3621 3278 impe-

343 3299 655 3369 μάσαντες·
711 3297 836 3350 οὐδὲ
889 3297 1121 3368 ἐπείπερ
1179 3299 1366 3361 αὐτοῖς
1423 3299 1661 3370 ἀδρανής
1712 3317 1770 3353 τε
1837 3303 1932 3361 καὶ

336 3389 724 3459 ἀμαθέστατος
764 3387 1062 3459 ὲνῲκισται
1093 3387 1251 3454 νοῦς,
1281 3391 1376 3444 καὶ
1405 3391 1466 3442 τὸ
1501 3390 1593 3443 τοῦ
1628 3394 1930 3464 μυστηρίου

342 3481 511 3550 βάθος
557 3481 798 3534 κατιδεῖν
839 3481 936 3552 οὐχ
987 3476 1098 3542 οἶός
1145 3498 1230 3545 τε,
1279 3481 1453 3554 ταύτῃ
1488 3500 1572 3536 τοι
1622 3484 1719 3537 καὶ
1770 3488 1934 3555 ἡμεῖς

338 3572 702 3643 πλανώμεθα.
753 3571 1251 3643 συναμαθαίνοντες
1281 3573 1497 3636 αὐτοῖς,
1531 3573 1624 3626 καὶ
1673 3575 1733 3628 τὸ
1777 3575 1934 3639 εὺθὲς

338 3665 446 3736 τῆς
481 3664 742 3735 ἀληθείας
775 3665 915 3718 ἱέναι
941 3664 1391 3736 παραιτούμενοι.
1417 3668 1608 3737 ἰσμεν
1640 3666 1696 3719 δὲ
1723 3685 1930 3739 γεγρα-

340 3758 488 3827 φότα
518 3755 609 3810 τὸν
659 3756 954 3827 ἱερώτατον
999 3756 1236 3826 Παῦλον,
1286 3758 1369 3810 ὅτι
1403 3757 1510 3829 χρὴ
1566 3777 1585 3811 ι
1639 3762 1934 3830 λογισμοὺς

339 3848 647 3920 καθαιρεῖν,
692 3850 788 3901 καὶ
838 3850 948 3902 πᾶν
995 3848 1196 3920 ὕψωμα
1244 3851 1608 3921 ἐπαιρόμενον
1655 3853 1794 3906 κατὰ
1830 3853 1936 3924 τῆς

339 3940 606 4010 γνώσεως
637 3940 734 3993 τοῦ
779 3939 916 3994 Θεοῦ
936 3984 950 4006 ,
994 3942 1092 3995 καὶ
1123 3941 1554 4011 αίχμαλωτίζειν
1582 3945 1693 3996 πᾶν
1729 3943 1932 4014 νόημα,

342 4030 426 4092 είς
473 4031 571 4099 τὴν
615 4029 864 4099 ὑπακοὴν
910 4027 1007 4081 τοῦ
1057 4027 1322 4097 Χριστοῦ.
1365 4046 1384 4078 ι
1438 4029 1586 4099 Πλὴν
1644 4025 1772 4092 οὖν,
1824 4024 1934 4099 ἆρα

341 4123 490 4194 ἔχοις
521 4123 696 4174 εἰπεῖν
722 4121 791 4172 τὰ
816 4119 899 4188 ἐφ’
931 4114 1012 4182 οἷς
1049 4117 1534 4182 σκανδαλίζονται,
1567 4121 1661 4172 καὶ
1687 4120 1767 4191 τῷ
1799 4120 1933 4191 λίθῳ

339 4214 440 4268 τοῦ
473 4212 903 4285 προσκόμματος
934 4211 1355 4282 περιπταίουσιν
1391 4211 1738 4280 Ἰουδαϊκῶςς

418 4305 480 4359 Β.
516 4303 731 4376 Ἔχοιμ’
767 4301 854 4366 ἂν,
887 4303 1004 4364 πῶς
1036 4302 1145 4374 γὰρ
1169 4301 1230 4356 οῦ
1255 4320 1272 4369 ;
1300 4303 1395 4358 καὶ
1434 4302 1662 4357 πλεῖστα
1703 4305 1802 4376 μὲν
1831 4306 1934 4360 ὅσα

341 4398 540 4451 ταυτί·
594 4394 869 4458 λελέξεται
920 4393 976 4445 δὲ
1031 4393 1305 4464 ἀναμέρος
1356 4393 1586 4448 ἕκαστα.
1637 4396 1774 4449 Φασὶ
1815 4411 1934 4448 τοι-

341 4486 574 4561 γαροῦν,
603 4487 836 4558 Χριστὸν
866 4487 1125 4558 ἡγιάσθαι
1156 4487 1308 4559 παρὰ
1334 4486 1429 4540 τοῦ
1463 4487 1676 4558 Πατρός
1695 4503 1707 4516 ⁶
1737 4487 1936 4560 γέγρα-

2038 3291 2161 3346 ritia
2181 3297 2484 3362 occupavit.
2519 3303 2576 3348 ut
2606 3295 2850 3366 mysterii
2885 3297 3307 3366 magnitudinem
3332 3303 3623 3368 concipere

2033 3393 2327 3450 nequeant,
2366 3384 2573 3440 idcirco
2623 3388 2786 3440 etiam
2819 3402 2918 3441 nos
2959 3387 3171 3442 illorum
3207 3393 3380 3444 errori
3433 3394 3624 3460 adjun-

2034 3489 2242 3544 gcmus,
2286 3476 2510 3545 parique
2555 3493 2677 3532 cum
2708 3478 2841 3548 ipsis
2877 3478 3183 3549 ignorantia
3233 3481 3622 3549 laborabimus,

2033 3567 2280 3623 veritatis
2335 3570 2658 3624 rectitudine
2719 3571 2985 3642 neglecta.
3035 3572 3197 3644 752
3245 3574 3428 3645 Neque
3479 3579 3621 3632 enim

2035 3657 2350 3730 ignoramus
2399 3661 2527 3730 quid
2586 3665 2995 3719 sacratissimus
3044 3664 3246 3721 Paulus
3305 3667 3620 3738 scripserit,

2035 3752 2236 3808 debere
2265 3766 2365 3807 nos
2396 3771 2414 3804 ι
2456 3753 2684 3811 consilia
2727 3754 3032 3818 destruere,
3063 3768 3120 3811 et
3163 3772 3380 3812 omnem
3429 3759 3619 3813 altitu-

2035 3843 2218 3900 dinem
2239 3845 2585 3900 extollentem
2621 3860 2682 3901 se
2710 3847 2971 3900 adversus
3018 3846 3302 3903 scientiam
3337 3848 3454 3914 Dei,
3485 3861 3539 3905 et
3569 3854 3621 3906 in

2034 3937 2406 4006 captivitatem
2443 3937 2688 4007 redigere
2717 3951 2934 3991 omnem
2985 3936 3318 3993 intellectum
3371 3942 3421 3994 in
3455 3943 3618 3998 obse-

2033 4029 2221 4098 quium
2257 4027 2455 4082 Christi
2486 4026 2552 4080 ".
2595 4045 2614 4078 ι
2653 4026 2922 4081 Caeterum
2952 4026 3193 4082 habesne
3233 4029 3335 4082 alia
3383 4045 3622 4087 comme-

2034 4118 2291 4173 moranda
2309 4118 2506 4186 quibus
2526 4117 2628 4186 ipsi
2649 4117 3020 4182 oll'endunlur,
3041 4128 3094 4173 et
3111 4119 3178 4174 ad
3197 4120 3428 4190 lapidem
3453 4123 3622 4179 oll'en-

2034 4211 2197 4268 diculi
2227 4211 2451 4266 Judaice
2485 4211 2832 4282 impingunt?

2104 4304 2166 4358 B.
2227 4303 2412 4359 Habeo
2461 4305 2678 4372 quidem
2710 4303 2992 4374 complura
3037 4319 3162 4373 quae
3208 4306 3488 4375 sigillatim
3537 4311 3623 4364 di-

2034 4397 2206 4454 cendo
2231 4409 2552 4467 persequar.
2609 4395 2775 4449 Aiunt
2816 4396 2999 4464 itaque
3043 4396 3321 4452 Christum
3378 4401 3622 4454 sanctifi-

2036 4497 2217 4545 catum
2253 4504 2282 4542 a
2321 4485 2503 4542 Patre.
2539 4485 2818 4557 Scriptum
2850 4497 2931 4542 est
2951 4489 3098 4543 enim
3130 4507 3143 4544 :
3179 4507 3202 4540 -ι
3259 4487 3328 4544 Ει
3382 4492 3626 4544 testimo-

342 4598 482 4634 πται
514 4581 642 4650 γὰρ,
671 4581 750 4632 ὅτι
775 4580 869 4632 καὶ
901 4599 920 4631 ι
962 4580 1380 4651 Ἐμαρτύρησεν
1419 4579 1676 4650 Ἰωάννης
1716 4580 1927 4650 λέγων,

2039 4580 2187 4636 nium
2229 4579 2496 4649 ,perhibet
2544 4577 2817 4646 Joannes,
2881 4579 3069 4634 dicens
3126 4598 3141 4635 :
3193 4577 3314 4634 Vidi
3361 4580 3623 4650 Spiritum

342 4675 430 4730 ὅτι
457 4671 740 4742 Τεθέαμαι
765 4671 826 4724 τὸ
858 4671 1082 4741 Πνεῦμα
1113 4670 1443 4725 καταϐαῖνον
1471 4670 1804 4742 ὲξοὺρανοῦ,
1837 4675 1932 4726 καὶ

339 4767 562 4838 ἔμεινεν
608 4766 695 4818 ἐπ’
741 4764 926 4826 αὑτὸν,
979 4763 1134 4832 κάγὼ
1177 4764 1278 4816 οὐκ
1322 4758 1466 4818 εἶδον
1509 4765 1697 4829 αὐτὸν,
1751 4763 1865 4818 ἀλλ’
1901 4767 1932 4818 6

332 4860 571 4928 ,πέμψας
607 4875 673 4928 με
707 4856 993 4928 βαπτίζειν
1041 4858 1098 4909 ὲν
1148 4855 1319 4922 ὕδατι,
1357 4855 1563 4920 ἐκεῖνός
1615 4874 1706 4927 μοι
1754 4856 1928 4912 εἶπεν·

358 4951 477 5019 Ἐφ’
506 4950 564 5003 ὃν
597 4949 663 5003 ἂν
693 4950 811 5021 ἴδῃς
841 4949 902 5001 τὸ
929 4947 1159 5017 Πνεῦμα
1188 4947 1520 5000 καταϐαῖνον
1544 4949 1638 5002 καὶ
1666 4948 1828 5018 μένον
1845 4950 1947 5003 ἐπ’

345 5041 534 5102 αὑτὸν,
567 5032 723 5102 οὗτός
757 5042 908 5091 ὲστιν
947 5039 976 5090 6
1007 5036 1287 5108 βαπτίζων
1321 5039 1380 5090 ἐν
1408 5037 1488 5107 τῷ
1529 5037 1815 5108 Πνεῦματι
1852 5038 1934 5110 τῷ

349 5134 512 5204 ἁγίῳ.
553 5131 726 5201 Κάγὼ
757 5131 982 5203 ἑώρακα
1015 5131 1112 5185 καὶ
1159 5130 1569 5202 μεμαρτύρηκα
1593 5173 1606 5196 ,
1657 5133 1739 5184 ὅτι
1778 5126 1934 5195 οὗτός

345 5229 498 5278 ἐστιν
527 5226 556 5277 ὁ
584 5224 710 5286 Υἱὸς
739 5223 834 5276 τοῦ
882 5223 1038 5278 Θεοῦ.
1075 5241 1094 5274 ν
1135 5221 1387 5293 Γέγραφε
1418 5221 1486 5274 -δὲ
1515 5223 1610 5275 καὶ
1648 5224 1677 5275 6
1716 5223 1930 5286 Παῦλος

349 5318 478 5389 περὶ
507 5315 694 5370 αὐτοῦ’
730 5315 830 5368 ιὊ
861 5333 921 5369 τε
951 5315 1060 5384 γὰρ
1087 5315 1330 5384 ἁγιάζων
1369 5314 1464 5368 καὶ
1492 5315 1541 5367 οἱ
1577 5315 1932 5386 ἁγιαζόμενοι

349 5410 411 5475 ἐξ
437 5411 552 5472 ἐνὸς
580 5408 801 5470 πάντες.
838 5425 856 5458 ι
899 5407 1220 5476 ’Λγιασθείνη
1246 5406 1354 5478 γὰρ
1380 5407 1584 5478 ἥκιστά
1605 5425 1669 5476 γε
1698 5407 1834 5473 Θεὸς
1856 5409 1934 5463 ὢν

349 5505 377 5555 ὁ
421 5501 591 5569 Λόγος
643 5500 737 5552 καὶ
787 5497 941 5568 ἅγιος
997 5500 1139 5553 κατὰ
1187 5501 1368 5569 φύσιν.
1421 5499 1680 5552 Λείπεται
1726 5500 1792 5572 δὴ
1838 5497 1934 5555 οὖν

350 5593 615 5666 ἡγιάσθαι
669 5592 848 5660 λέγειν
901 5591 992 5645 τὸν
1050 5590 1324 5663 ληφθέντα
1381 5594 1512 5663 παρ’
1569 5590 1736 5644 αὑτοῦ
1793 5596 1932 5647 κατά

353 5685 650 5753 συνάφειαν
685 5682 992 5753 ἄνθρωπον.

2039 4673 2456 4729 descendentem
2487 4671 2642 4740 quasi
2688 4671 2998 4726 columbam
3035 4673 3104 4728 de
3144 4674 3301 4737 caelo,
3342 4684 3394 4728 et
3427 4677 3626 4730 mansit

2037 4779 2202 4834 super
2232 4779 2380 4828 eum,
2412 4773 2466 4818 et
2497 4778 2598 4833 ego
2645 4763 2952 4817 nesciebam
2994 4778 3124 4818 eum
3159 4766 3298 4819 :sed
3329 4767 3443 4834 qui-
3477 4767 3626 4821 misit

2041 4871 2130 4912 me
2157 4856 2430 4926 baptizare
2463 4855 2516 4908 in
2545 4870 2707 4922 aqua,
2739 4855 2825 4908 ille
2851 4855 2982 4908 mihi
3019 4856 3154 4910 dixit
3183 4874 3198 4911 :
3238 4855 3416 4925 Super
3460 4873 3621 4926 quem

2041 4946 2531 5016 videris-Spiritum
2558 4947 2998 5012 descendentem,
3019 4958 3082 5001 et
3114 4959 3423 5004 manentem
3459 4965 3626 5019 super

2035 5053 2182 5102 eum,
2219 5037 2310 5092 hic
2338 5049 2425 5094 est
2453 5037 2543 5107 qui
2582 5039 2821 5108 baptizat
2851 5037 2903 5091 in
2940 5037 3147 5107 Spiritui
3177 5051 3391 5093 sancto.
3422 5039 3489 5093 Et
3515 5056 3620 5108 ego

2039 5130 2171 5190 vidi,
2205 5138 2256 5183 et
2297 5129 2668 5184 testimonium
2731 5129 2980 5198 perhibui
3035 5132 3157 5199 quia
3206 5131 3295 5186 hic
3344 5144 3426 5186 est
3458 5132 3626 5187 Filius

2042 5221 2133 5276 Dei
2165 5217 2233 5274 ⁸⁸.
2268 5240 2286 5272 ι
2323 5221 2463 5288 Quin
2493 5229 2545 5276 et
2572 5219 2782 5276 Paulus
2815 5223 2883 5276 de
2917 5223 3034 5292 ipso
3057 5224 3312 5292 scriptun
3345 5241 3365 5274 ι
3402 5223 3627 5278 Sacriﬁ-

2042 5327 2174 5368 cans
2205 5313 2351 5368 enim
2381 5321 2438 5369 et
2479 5312 2802 5370 sanctiﬁcat-i
2865 5329 2932 5369 ex
2985 5331 3094 5368 uno
3125 5331 3326 5370 omnes
3358 5317 3425 5370 δ’.
3472 5336 3490 5367 ι
3521 5316 3629 5370 Ner

2043 5420 2150 5476 que
2178 5406 2322 5461 enim
2356 5404 2619 5470 Verbum,
2659 5421 2782 5461 cum
2811 5406 2882 5460 sit
2915 5405 3076 5472 Deus,
3101 5416 3164 5462 et
3205 5423 3272 5462 ex
3309 5423 3408 5461 sua
3433 5417 3628 5462 natura

2042 5505 2285 5564 sanctus,
2325 5497 2729 5552 sanctificatum
2780 5496 2903 5555 fuit.
2967 5498 3229 5568 Superest
3286 5499 3450 5568 igitur
3501 5515 3629 5554 san-

2042 5591 2338 5646 ctiﬁcatum
2382 5589 2552 5646 fuisse
2585 5591 2858 5647 hominem
2913 5607 3074 5660 quem
3123 5608 3228 5662 per
3281 5593 3624 5662 conjunctio-

2042 5697 2164 5738 nem
2191 5685 2506 5754 assumpsit.

429 5864 473 5894 "
505 5861 615 5917 Luc
649 5877 688 5929 ι,
729 5862 815 5916 lii.
887 5862 932 5893 ⁵⁸
964 5860 1120 5917 Joan.
1148 5876 1228 5928 Ill,
1253 5861 1342 5916 5i.
1418 5862 1460 5893 ⁸⁷
1484 5863 1524 5916 ll
1549 5862 1675 5918 Cor.
1709 5878 1761 5929 ι,
1794 5863 1915 5926 4,5.

2035 5868 2038 5892 ί
2068 5862 2224 5918 Joan.
2261 5878 2299 5928 ι,
2338 5863 2408 5918 52
2433 5862 2522 5918 54.
2600 5863 2644 5896 ”
2677 5861 2841 5919 Hebr.
2881 5879 2942 5929 ιι,
2977 5863 3063 5920 ﬂ.
