4050 6408
477 426 614 483 1319

474 644 636 700 quem
667 626 906 695 Spiritus
927 621 1209 676 manifeste
1241 623 1542 688 descendit,
1601 623 1654 676 in
1701 633 1894 678 sancto
1940 619 2065 692 Spie

478 723 583 774 ritu
617 717 854 786 baptizat
883 754 902 781 ,
942 728 1116 782 eaque
1171 721 1398 783 praestat
1445 727 1566 783 quae
1597 713 1695 768 soli
1727 714 1925 768 divinae
1963 728 2063 768 na-

477 823 616 864 tura:
641 818 772 862 sunt
799 805 1016 875 propria
1044 803 1589 859 ?Sanctilicationem
1641 805 1788 858 enim
1836 803 2066 874 largitur

476 911 639 968 atque
657 897 983 967 suppeditat.
1007 894 1159 963 Quod
1183 895 1400 965 quidem
1419 894 1808 950 demonstrans
1827 894 2066 950 Verbum

451 991 756 1060 proprium
825 1004 982 1043 suum
1058 986 1262 1043 bonum
1323 1002 1466 1054 esse,
1526 987 1810 1056 inspiravit
1863 988 2068 1043 sanctis

478 1082 760 1150 apostolis,
815 1081 1006 1136 dicens
1053 1096 1068 1133 :
1114 1098 1134 1130 ι
1171 1079 1418 1150 Accipite
1459 1079 1722 1149 Spiritum
1772 1090 2065 1135 sanctum:

477 1187 926 1244 quorumcunque
981 1172 1301 1226 miniseritis
1359 1180 1620 1241 peccata,
1655 1171 2063 1230 remittuntur:

477 1278 926 1337 quorumcunque
945 1261 1308 1326 retinueritis,
1356 1271 1568 1317 retenta
1629 1272 1757 1317 sunt
1796 1263 1860 1316 ⁸ο.
1896 1281 1915 1316 ι
1954 1263 2071 1328 Quo

480 1365 636 1427 pacto
661 1366 849 1410 autem
886 1353 1284 1410 sanctiﬁcatum
1312 1351 1754 1408 manifestissime
1781 1355 2074 1408 ostendens

481 1450 694 1504 divinus
752 1448 1017 1516 Baptista,
1082 1451 1313 1498 testatus
1365 1451 1470 1506 est,
1503 1444 1645 1512 quod
1674 1443 1767 1499 hic
1810 1445 1879 1498 sit
1905 1443 2072 1499 Filius

483 1541 598 1604 Dci,
653 1537 1004 1607 singulariter
1035 1551 1099 1590 ac
1134 1534 1282 1588 solus
1312 1534 1335 1587 ?
1369 1533 1674 1604 Oportebat
1735 1536 1878 1589 enim
1929 1536 2074 1590 hunc

481 1631 634 1684 orbis
689 1637 960 1681 terrarum
1024 1625 1320 1684 doctorem,
1352 1623 1397 1677 si
1450 1624 1609 1677 modo
1642 1623 1807 1676 alium
1864 1637 1894 1676 a
1945 1639 2073 1678 vero

482 1721 620 1774 Filio
642 1717 1020 1787 cognoscebat,
1055 1716 1131 1770 rei
1169 1716 1453 1769 veritatem
1493 1715 1791 1783 explicare,
1845 1723 2071 1783 aperte-

484 1827 590 1879 que
617 1811 837 1864 dicere:
869 1807 969 1863 Hic
995 1817 1082 1862 est
1125 1807 1217 1875 qui
1254 1807 1464 1861 ratione
1509 1806 1909 1874 conjunctionis
1947 1821 2069 1861 cum

1469 420 1528 474 S.
1567 415 1842 474 CYRILLI
1881 407 2352 470 ΑιεΧΑΝῡιιιΝι
2393 401 2711 467 ΛιίΟΗΙΕΡ.

546 540 612 591 Α.
641 535 804 602 Atqui
845 532 1115 600 quomodo
1166 532 1209 584 is
1273 530 1362 597 qui
1421 531 1728 598 baptizatus
1763 539 1868 593 est,
1900 540 1954 585 et
2001 531 2053 585 in

2229 531 2292 586 Λ.
2338 525 2473 584 Elea.
2505 530 2624 592 πῶς
2654 531 2682 582 ό
2731 529 3168 599 βεὸαπτισμένος
3201 570 3213 592 ,

3601 400 3740 466 ιεεο

3262 526 3356 578 καὶ
3392 526 3493 597 τὴν
3525 523 3746 596 ἐμφανῆ

2167 619 2264 673 τοῦ
2298 619 2618 689 Πνεὺματος
2639 619 2820 676 λαβὼν
2843 617 3256 686 καταφοίτησιν,
3280 619 3336 669 ὲν
3365 615 3510 686 ἁγίῳ
3543 615 3742 684 βαπτί-

2167 711 2252 774 ζει
2287 710 2588 782 Πνεὺματι,
2621 711 2804 764 καὶτὰ
2833 709 2966 780 μόνῃ
3000 708 3280 778 πρέποντα
3310 709 3404 760 καὶ
3435 707 3651 760 ἐοικότα
3675 707 3746 778 τῇ

2166 802 2287 874 θεία
2323 804 2482 871 φύσει
2529 803 2756 873 πληροῖ;
2804 801 3056 872 Χορηγὸς
3086 801 3194 872 γάρ
3243 801 3390 853 ἐστιν
3431 795 3746 868 ἁγιασμοῦ.

2166 895 2261 947 καὶ
2290 891 2448 948 τοῦτο
2475 894 2710 959 δεικνὺς,
2740 893 2817 956 ὡς
2849 893 2979 946 ῖδιον
3030 891 3233 961 ἀγαθὸν
3259 892 3287 943 ὁ
3319 881 3750 960 ὲνανθρωπήσας

2167 986 2360 1054 Λόγος,
2391 985 2743 1057 σωματικῶς,
2772 985 3077 1055 ὲνέφυσησε
3095 985 3206 1048 τοῖς
3237 983 3411 1052 ἁγίοις
3429 980 3750 1042 ἀποστόλοις

2167 1077 2362 1147 λέγων’
2398 1098 2415 1129 ι
2436 1077 2644 1132 Λάϐετε
2678 1077 2906 1148 Πνεῦμα
2936 1076 3118 1146 ἆγιονο
3159 1078 3223 1131 ἄν
3255 1092 3417 1129 τινων
3444 1073 3620 1144 ἀφῆτε
3650 1073 3751 1136 τὰς

2169 1167 2466 1241 ἁμαρτίας,
2486 1169 2756 1237 ἀφίενται·
2776 1168 2842 1223 ἄν
2865 1186 3027 1223 τινων
3051 1168 3308 1238 κρατῆτε,
3323 1167 3713 1236 κεκράτηνται.
3728 1181 3747 1213 ι

2170 1260 2296 1322 Πῶς
2325 1260 2381 1313 δὲ
2405 1260 2500 1314 τὸν
2546 1261 2879 1330 ἡγιασμένον
2909 1260 3281 1332 ἐναργέστατα
3328 1256 3685 1319 καταδεικνὺς
3725 1257 3754 1307 ὁ

2171 1349 2458 1414 θεσπέσιος
2482 1351 2814 1423 Βαπτιστὴς,
2841 1349 3288 1422 μεμαρτύρηκεν,
3309 1351 3392 1403 ὅτι
3410 1342 3578 1410 Οὗτός
3602 1349 3752 1399 ἐστιν

2170 1443 2200 1494 ό
2233 1440 2361 1503 Υἱὸς
2404 1440 2499 1495 τοῦ
2538 1441 2710 1508 Θεοῦ,
2749 1441 3053 1513 μοναδικῶς
3087 1441 3185 1496 καὶ
3234 1439 3552 1512 ὲνάρθρως;
3602 1439 3752 1490 Ἔδει

2175 1528 2280 1600 γάρ
2309 1529 2440 1584 ὄντα
2471 1531 2570 1602 τῆς
2610 1530 2700 1599 ὑφ’
2745 1531 2880 1603 ἡλίῳ
2928 1531 3310 1600 μυσταγωγὸν,
3357 1531 3411 1583 εῐ
3449 1546 3536 1582 πω
3565 1529 3753 1598 ἕτερον

2171 1619 2302 1674 ὅντα
2357 1623 2510 1693 παρά
2552 1637 2617 1691 γε
2669 1622 2760 1676 τὸν
2807 1621 3024 1694 ἀληθῶς
3067 1623 3197 1675 Υίὸν
3242 1619 3529 1692 ἠπίστατο,
3557 1627 3752 1673 ’κατα-

2174 1713 2412 1782 σημᾶναι
2437 1709 2500 1766 τὸ
2523 1714 2742 1785 ἀληθὲς,
2777 1714 3006 1783 λέγοντα
3035 1715 3222 1783 σαφῶς
3243 1753 3258 1777 ,
3294 1708 3465 1778 Οὗτός
3508 1714 3677 1768 ἐστιν.
3725 1714 3755 1764 ὁ

2139 1803 2317 1856 ’κατὰ
2369 1803 2668 1872 συνάφειαν
2709 1805 2810 1874 τὴν
2873 1804 3010 1875 πρὸς
3053 1805 3144 1858 τὸν
3186 1806 3346 1874 φύσει
3394 1805 3490 1856 καὶ
3535 1801 3753 1870 ἀληθῶς

485 1919 552 1956 eo
583 1903 672 1972 qnl
717 1910 906 1954 natura
931 1913 996 1953 ac
1036 1913 1165 1952 vere
1191 1897 1365 1953 Filius
1393 1908 1498 1962 est,
1554 1897 1819 1952 beneficio
1857 1908 1911 1952 et
1951 1914 2072 1968 gra-

2178 1894 2323 1957 Υίὸν,
2351 1894 2495 1949 δόσει
2533 1912 2595 1948 τε
2624 1897 2718 1948 καὶ
2745 1895 2931 1967 χάριτι
2964 1895 3204 1965 γεγονὼς
3238 1895 3368 1958 Υἱός
3381 1901 3407 1928 ὀ
3439 1894 3554 1947 ἀλλ’
3600 1892 3754 1945 οὐδὲν

488 1991 560 2043 tia
624 1991 797 2043 factus
858 1998 944 2043 est
1005 1986 1195 2041 Filius.
1262 1985 1538 2041 Caeterum
1588 1987 1718 2042 nihil
1764 1986 2070 2056 huiusmodi

489 2083 625 2135 dixit
661 2094 677 2133 :
706 2081 798 2135 sed
839 2095 1005 2133 unum
1043 2089 1205 2149 atque
1237 2082 1489 2134 eumdem
1520 2095 1644 2133 esse
1677 2079 1878 2142 sciens,
1924 2089 1978 2134 et
2005 2095 2072 2134 ex

490 2177 600 2230 Deo
636 2176 794 2230 Patre
847 2173 1104 2238 Verbum,
1155 2185 1210 2228 et
1239 2189 1306 2229 ex
1336 2175 1544 2228 semine
1576 2173 1745 2226 David
1775 2173 2071 2227 secundum

488 2283 735 2332 carnem,
790 2267 1189 2321 sanctiﬁcatum
1221 2266 1436 2333 quidem
1465 2265 1560 2330 ait,
1615 2275 1884 2332 quatenus
1912 2265 2074 2317 homo

487 2365 573 2410 est
597 2374 611 2421 ;
639 2371 700 2410 ac
727 2371 915 2410 rursus
937 2355 1301 2420 sanctilicare,
1323 2363 1588 2424 quatenus
1618 2363 1702 2408 est
1737 2353 1898 2408 Deus.
1947 2352 2067 2406 Erat

491 2445 660 2509 enini,
709 2452 768 2497 ut
821 2443 957 2504 dixi,
1020 2453 1073 2498 et
1107 2444 1208 2498 hoc
1254 2452 1309 2497 et
1360 2441 1510 2496 illud.
1551 2441 1608 2496 Si
1665 2455 1795 2509 ergo
1835 2455 1942 2495 non
1990 2450 2075 2496 est

489 2536 664 2590 lactus
693 2537 877 2597 homo,
905 2536 949 2588 si
987 2549 1091 2588 non
1122 2545 1281 2588 natus
1316 2542 1484 2588 estex
1515 2533 1741 2587 muliere
1773 2532 2072 2588 secundum

488 2643 732 2692 carnem,
768 2627 929 2697 753
965 2627 1246 2680 avellimus
1280 2627 1348 2680 ab
1391 2627 1510 2694 ipso
1564 2626 1811 2681 humana:
1867 2635 2075 2679 naturae

495 2721 882 2791 proprietates.
912 2722 981 2772 At
1014 2721 1058 2773 si
1087 2733 1271 2773 verum
1308 2726 1391 2772 est
1416 2717 1558 2786 quod
1599 2731 1659 2772 se
1689 2717 1970 2771 demiserit
2007 2719 2074 2770 ad

489 2811 942 2875 exinanitionem,
976 2821 1030 2863 et
1078 2809 1256 2864 factus
1292 2810 1363 2864 sit
1417 2809 1585 2863 nostri
1627 2807 1840 2872 similis,
1887 2823 2075 2876 quam-

492 2904 679 2957 ohrcm
706 2918 769 2957 ea
803 2917 899 2970 per
935 2917 1053 2969 qua:
1088 2901 1511 2955 exinanitionem
1552 2900 1738 2962 subiit,
1769 2898 1869 2969 ipsi
1896 2900 2077 2953 detra-

493 2995 630 3047 hunt
665 2992 1158 3047 administrationis
1204 2993 1256 3046 in
1286 3005 1454 3047 carne
1511 2988 1802 3045 artiﬁcium
1857 2990 2077 3060 imperi-

497 3085 706 3141 tissime
751 3083 1118 3140 convellentes
1141 3084 1164 3138 1l

562 3199 620 3253 Β.
653 3197 708 3252 Sl
749 3213 879 3266 ergo
926 3199 1138 3252 dicatur
1185 3198 1350 3252 etiam
1411 3198 1636 3268 gloriam
1694 3199 1988 3269 accepisse,
2019 3208 2140 3296 etC

490 3289 659 3343 factus
687 3299 770 3342 est
799 3287 1079 3352 Dominus,
1137 3297 1301 3357 atque
1352 3286 1619 3342 exaltatus
1667 3304 1789 3342 esse
1824 3305 1852 3342 a
1884 3289 2065 3354 Patre,

489 3377 901 3446 declaratnsque
935 3393 1055 3432 esse
1085 3393 1201 3440 rex,
1237 3377 1552 3431 ascrihesne
1603 3381 1766 3431 etiam
1815 3378 1928 3432 haec
1963 3377 2072 3434 Deo

490 3469 671 3526 Verbo
697 3472 830 3524 citra
867 3470 1026 3523 ullatn
1058 3468 1242 3540 gloria:
1273 3469 1442 3538 ipsius
1477 3467 1908 3523 imminutionem
1943 3470 1965 3522 ?

559 3652 623 3704 A.
655 3649 806 3715 Quod
834 3650 1051 3718 quidem
1069 3648 1174 3702 'Dei
1205 3645 1364 3701 Verbi
1403 3655 1595 3699 natura
1627 3645 1773 3698 omni
1805 3645 1975 3714 gloria
2016 3656 2071 3700 et

491 3739 657 3812 regno
692 3751 854 3810 atque
879 3739 1253 3794 dominatione
1274 3752 1402 3792 vera
1446 3736 1644 3791 referta
1701 3737 1791 3800 sit,
1837 3753 2069 3807 quonam

489 3844 648 3904 pacto
687 3833 920 3901 cuipiam
962 3831 1183 3886 dubium
1218 3845 1338 3884 esse
1390 3839 1572 3898 queat,
1601 3832 1855 3900 quodque
1887 3830 2067 3883 divina

490 3925 724 3995 dignitas
751 3925 1136 3979 convenienter
1161 3923 1209 3976 ei
1243 3922 1553 3976 tribuatur?
1588 3921 1722 3977 Cum
1748 3937 1876 3975 vero
1901 3921 2073 3977 factus

487 4027 573 4072 est
601 4018 782 4080 homo,
831 4017 915 4071 cui
939 4015 1122 4068 omnia
1150 4026 1276 4070 sunt
1315 4014 1442 4068 data
1493 4025 1654 4083 atque
1703 4014 1962 4077 ascititia,
2008 4029 2072 4069 ea

490 4110 703 4164 ratione
751 4108 964 4162 tametsi
1021 4109 1275 4164 omnibus
1323 4107 1581 4172 abundet,
1619 4117 1674 4161 et
1721 4120 1788 4161 ex
1825 4123 1921 4162 sua
1956 4108 2070 4176 ple-

492 4199 736 4252 nitudine
768 4197 1020 4252 omnibus
1048 4197 1414 4266 impartiatnr,
1455 4199 1690 4252 humano
1727 4211 1878 4252 more
1924 4198 2072 4252 acci-

492 4290 587 4358 pit,
639 4303 945 4358 novumque
973 4297 1057 4342 est
1105 4297 1160 4343 et
1195 4289 1496 4344 inauditum
1556 4289 1607 4342 in
1655 4286 1874 4342 Christo
1904 4288 2073 4342 mira~

2178 1987 2276 2056 μὲν
2320 1985 2425 2056 ἔφη
2468 1985 2730 2047 τοιοῦτον,
2784 1985 2881 2040 ἕνα
2909 1986 2969 2038 δὲ
3002 1986 3211 2040 καὶτὸν
3239 1985 3402 2039 αὑτὸν
3429 1985 3559 2038 ὄντα
3590 1982 3756 2052 γινώ-

2176 2093 2342 2139 σκων,
2373 2077 2466 2129 καὶ
2495 2078 2560 2130 ὲκ
2581 2075 2717 2128 Θεοῦ
2759 2077 2974 2148 Πατρὸς
2998 2076 3192 2145 Λόγον,
3225 2076 3317 2129 καὶ
3349 2077 3412 2128 ὲκ
3439 2075 3758 2146 σπέρματος

2173 2166 2266 2218 τοῦ
2297 2165 2461 2220 Δαὸὶδ
2506 2166 2649 2219 κατὰ
2683 2166 2884 2236 σάρκα,
2913 2166 3243 2236 ἁγιασθῆναι
3283 2164 3381 2235 μέν
3413 2180 3569 2234 φησι.
3619 2161 3760 2214 καθὸ

2175 2258 2480 2328 ἄνθρωπος,
2515 2256 2765 2324 ἀγιάζειν
2807 2256 2864 2309 δὲ
2902 2253 2994 2322 αὖ,
3040 2256 3176 2311 καθὸ
3224 2258 3426 2308 νοεῖται
3456 2254 3609 2316 Θεός.
3645 2247 3758 2304 Ἦν

2174 2350 2305 2419 γὰρ,
2337 2349 2412 2412 ὼς
2443 2348 2602 2418 ἔφην,
2629 2350 2688 2400 ὲν
2715 2347 2863 2419 αὑτῷ
2891 2349 3047 2414 τοῦτο
3074 2350 3315 2402 κάκεῖνο.
3345 2348 3410 2400 Εἰ
3443 2345 3543 2416 μὲν
3570 2339 3664 2398 οὖν
3693 2343 3758 2397 οὑ

2175 2438 2401 2506 γέγονεν
2431 2436 2740 2507 ἄνθρωπος,
2767 2437 2816 2490 εἰ
2845 2438 2922 2508 μὴ
2958 2438 3282 2508 γεγέννηται
3309 2435 3451 2489 κατὰ
3480 2436 3662 2506 σάρκα
3691 2435 3756 2486 ὲκ

2175 2530 2436 2598 γυναικὸς
2463 2569 2477 2593 ,
2511 2527 2892 2598 ἀποσοϐοῦμεν
2929 2529 3095 2582 αὑτοῦ
3129 2533 3197 2582 τὰ
3229 2514 3566 2599 ἀνθρῶπινα.
3609 2528 3672 2580 Εἰ
3700 2525 3760 2578 δὲ

2175 2620 2392 2692 ἀληθὲς,
2433 2621 2516 2672 ὅτι
2545 2617 2732 2680 καθεὶς
2767 2617 2961 2671 ἑαυτὸν
2993 2621 3073 2682 εἰς
3121 2619 3352 2671 κένωσιν
3395 2617 3586 2686 γέγονε
3634 2616 3757 2670 καθ’

2176 2715 2344 2784 ἡμᾶς,
2389 2712 2614 2766 άνθότου
2663 2711 2732 2764 τὰ
2775 2711 2844 2762 δι’
2892 2705 2967 2764 ὧν
3015 2710 3081 2764 ἂν
3127 2713 3297 2763 νοοῖτο
3347 2709 3758 2779 κεκενωμένος,

2176 2804 2470 2872 ἀφιστᾶσιν
2510 2803 2676 2855 αὑτοῦ
2702 2843 2717 2865 ,
2749 2802 2847 2872 τῆς
2895 2801 3034 2871 μετὰ
3085 2801 3290 2872 σαρκὸς
3332 2802 3644 2872 οἰκονομίας
3699 2799 3762 2852 τὸ

2177 2893 2427 2962 εὐτεχνὲς
2455 2892 2793 2946 άόουλὸτατα
2826 2891 3232 2963 παραλύοντεςς

2249 3174 2308 3225 Β.
2359 3173 2482 3226 Ἐὰν
2515 3168 2606 3226 οὖν
2637 3167 2890 3254 λέγηται,
2923 3173 3015 3226 καὶ
3047 3173 3204 3240 δόξαν
3234 3174 3440 3240 λαϐεῖν,
3475 3177 3569 3228 καὶ
3603 3173 3766 3244 γενέ-

2175 3267 2298 3319 σθαι
2339 3266 2560 3336 Κύριος,
2590 3265 2868 3336 ὑψωθῆναί
2902 3283 2962 3318 τε
3003 3267 3156 3336 παρὰ
3190 3267 3283 3320 τοῦ
3326 3268 3557 3338 Πατρὸς,
3587 3285 3766 3322 κατα-

2175 3359 2365 3427 στῆναι
2391 3358 2448 3410 δὲ
2485 3359 2576 3410 καὶ
2611 3357 2862 3427 βασιλεὺς
2881 3396 2896 3420 ,
2937 3357 3166 3426 ἀνάψεις
3197 3358 3305 3428 ἄρα
3352 3359 3448 3412 καὶ
3478 3359 3653 3412 ταῦτα
3685 3359 3766 3430 τῷ

2174 3449 2292 3519 Θεῷ
2331 3451 2507 3518 Λόγῳ,
2555 3452 2649 3503 καὶ
2677 3450 2736 3501 οὑ
2784 3448 2961 3519 πάντη
2998 3466 3055 3502 τε
3099 3452 3193 3503 καὶ
3235 3450 3455 3514 πάντως
3482 3450 3767 3522 ἀδικήσεις

2175 3537 2340 3590 αὑτοῦ
2368 3539 2466 3606 τὴν
2504 3537 2660 3601 δόξαν
2679 3556 2691 3602 ;

2248 3633 2312 3682 Λ.
2345 3630 2465 3681 Ὅτι
2513 3629 2610 3697 μὲν
2656 3625 2770 3691 οὖν,
2799 3631 2957 3702 δόξης
2989 3644 3047 3683 τε
3081 3631 3177 3682 καὶ
3218 3631 3494 3700 βασιλείας
3543 3633 3637 3685 καὶ
3667 3651 3770 3687 κυ-

2179 3720 2423 3790 ριότητος
2450 3719 2702 3790 ἀληθοῦς,
2728 3723 2761 3790 ἡ
2794 3721 2888 3774 τοῦ
2918 3721 3053 3774 Θεοῦ
3081 3723 3255 3790 Λόγου
3291 3726 3636 3795 μεμέστωται
3663 3725 3770 3794 φύ-

2177 3829 2287 3875 σις,
2338 3811 2454 3873 πῶς
2486 3810 2552 3863 ἂν
2583 3812 2872 3865 ὲνδοιάσειέ
2903 3829 3019 3879 τις;
3054 3814 3340 3885 ἀραρότως
3371 3815 3428 3867 δὲ
3457 3816 3538 3869 ὅτι
3572 3817 3671 3870 καὶ
3707 3822 3772 3872 ἐν

2175 3902 2432 3972 ὑψώμασι
2475 3903 2674 3954 νοεῖται
2728 3905 2844 3965 τοῖς
2899 3901 3427 3973 θεοπρεπεστάτοις;
3464 3906 3650 3976 ἐπειδὴ
3708 3907 3772 3962 δὲ

2174 3997 2415 4065 πέφηνεν
2449 3994 2753 4066 ἄνθρωπος,
2781 3987 2824 4062 ᾧ
2855 3995 3032 4049 πάντα
3063 3996 3181 4047 ἐστὶ
3211 3995 3342 4049 δοτά
3369 3999 3461 4049 καὶ
3487 3999 3770 4069 είσκεκρι-

2177 4089 2345 4157 μένα,
2377 4085 2550 4158 ταύτῃ
2574 4104 2655 4140 τοι
2693 4086 2911 4158 πλήρης
2941 4087 3204 4158 ὑπάρχων
3234 4089 3329 4141 καὶ
3365 4088 3425 4154 ἐξ
3448 4089 3580 4142 ἰδίου
3621 4090 3771 4162 πλη-

2177 4178 2428 4248 ρώματος
2455 4179 2587 4230 πᾶσι
2609 4177 2806 4241 διδοὺς,
2829 4178 3190 4247 ἀνθρωπίνως
3215 4178 3452 4248 δέχεται,
3479 4181 3578 4252 τὴν
3604 4183 3772 4252 ἡμῶν

2175 4269 2451 4338 πτωχείαν
2479 4268 2866 4338 οἰκειούμενος,
2889 4268 2981 4320 καὶ
3009 4263 3078 4338 ἦν
3103 4268 3270 4339 άηθές
3302 4286 3360 4322 τε
3396 4273 3492 4324 καὶ
3524 4272 3676 4338 ξένον
3707 4277 3774 4329 ὲν

489 4381 692 4444 culum,
744 4380 796 4432 in
867 4378 1048 4434 servili
1101 4379 1300 4443 forma,
1355 4377 1779 4437 dominatio;in
1840 4380 2072 4431 humana

2174 4358 2396 4432 Χριστῷ
2422 4360 2483 4414 τὸ
2503 4360 2833 4433 παράδοξον,
2861 4362 2918 4413 ὲν
2941 4363 3184 4431 οἰκετικῇ
3236 4366 3440 4434 μορφῇ,
3481 4366 3766 4437 κυριότης,

491 4469 776 4528 tenuitate,
810 4466 980 4536 gloria
1014 4465 1217 4531 divina,
1262 4476 1313 4520 et
1355 4466 1504 4532 regia
1545 4465 1779 4532 dignitas
1807 4465 1861 4519 in
1903 4466 2074 4518 servi-

2175 4452 2234 4503 ὲν
2267 4451 2582 4522 ἀνθρωπίνῃ
2624 4451 3097 4522 σμικροπρεπείᾳ,
3133 4451 3262 4516 δόξα
3301 4454 3640 4526 θεοπρεπὴς,
3671 4459 3771 4512 καὶ

491 4568 626 4620 tute,
686 4565 946 4624 quantum
1001 4557 1068 4608 ad
1121 4556 1370 4608 humana:
1432 4565 1641 4609 natura:
1705 4554 2069 4608 conditionem

2179 4541 2445 4618 βασιλείας
2489 4544 2803 4613 αὐχήμασιν
2835 4544 3300 4613 ἐστεφανωμένον,
3345 4546 3407 4599 τὸ
3439 4547 3544 4600 ὑπὸ
3576 4547 3768 4617 ζυγὸν,

489 4650 816 4712 att‘inet;et
875 4644 1150 4700 humilitas
1211 4659 1422 4699 summa
1479 4643 1774 4698 eminentia
1824 4643 2068 4710 praedita.

492 4737 688 4791 Factus
712 4747 796 4792 est
829 4736 974 4790 enim
1012 4733 1173 4791 homo
1208 4733 1556 4804 Unigenitus,
1581 4747 1690 4787 non
1723 4741 1781 4786 ut
1811 4733 1862 4785 in
1883 4733 2071 4786 exina-

494 4829 698 4883 nitione
750 4835 1084 4897 permaneat,
1147 4827 1245 4881 sed
1285 4835 1347 4880 ut
1386 4825 1662 4893 accipiens
1713 4838 1834 4876 cum
1866 4835 1929 4874 ea
1956 4821 2073 4892 ejus

495 4920 902 4986 proprietates;
936 4919 1078 4973 Deus
1134 4927 1316 4972 tamen
1376 4916 1698 4971 naturaliter
1735 4930 1856 4971 esse
1909 4917 2070 4971 etiam

495 5012 598 5065 hoc
614 5017 770 5080 pacto
789 5010 1142 5078 intelligatur,
1168 5007 1511 5076 hominisque
1534 5012 1775 5060 naturam
1806 5006 1860 5060 in
1893 5007 2073 5076 seipso

494 5103 748 5168 illustret,
779 5115 1060 5155 sacrarum
1095 5114 1158 5153 ac
1185 5099 1490 5154 divinarum
1533 5099 1859 5169 dignitatum
1898 5099 2070 5168 parti-

494 5196 666 5264 cipem
728 5193 899 5262 ipsam
949 5190 1256 5246 declarans.
1326 5189 1457 5244 Nam
1515 5201 1571 5247 et
1633 5193 1804 5249 sancti
1851 5190 2070 5255 Filium,

494 5288 659 5340 etiam
711 5291 996 5352 postquam
1043 5279 1220 5336 factus
1273 5291 1360 5337 est
1397 5283 1578 5348 homo,
1615 5283 1838 5354 gloriam
1870 5284 1962 5339 Dei
2006 5300 2070 5339 ac

495 5377 697 5438 Patris,
759 5382 816 5429 et
871 5388 1054 5444 regem
1114 5389 1180 5429 ac
1228 5374 1511 5430 Dominum
1564 5375 1861 5446 appellant.
1905 5375 2074 5432 Isaias

498 5472 643 5522 enim
676 5467 749 5519 ita
783 5465 899 5520 ait:
936 5485 956 5518 ι
1007 5465 1160 5521 Sicut
1211 5466 1372 5522 homo
1419 5468 1715 5523 vindemiat
1749 5469 1948 5532 oleam,
1999 5468 2074 5520 ita

499 5553 906 5609 vindemiabunt
934 5571 1047 5622 eos,
1075 5566 1131 5612 et
1160 5558 1375 5626 quando
1424 5561 1722 5614 cessaverit
1779 5557 2070 5621 vindemia,

503 5649 590 5702 isti
619 5661 750 5702 voce
783 5646 1112 5705 clamabunt.
1159 5649 1262 5718 Qui
1293 5665 1419 5707 vero
1447 5651 1622 5706 relicti
1655 5649 1859 5706 fuerint
1908 5663 2072 5717 super

570 5821 612 5850 ’³ο
639 5819 796 5875 Joan.
825 5837 914 5892 xx,
952 5823 1145 5882 22-33.

2174 4635 2236 4687 τό
2267 4651 2330 4702 γε
2355 4628 2486 4705 ἧκον
2513 4636 2593 4696 εἰς
2619 4633 3038 4703 ἀνθρωπότητος
3070 4635 3291 4704 μέτρον,
3323 4637 3417 4688 καὶ
3440 4639 3498 4688 ὲν
3531 4638 3779 4710 ὑπερτάι

2175 4744 2297 4789 ταις
2327 4727 2623 4796 ὑπεροχαῖς
2642 4767 2656 4790 ,
2689 4724 2751 4776 τὸ
2775 4725 3046 4778 ταπεινόν.
3073 4726 3269 4793 Γέγονε
3298 4726 3407 4796 γὰρ
3427 4728 3714 4799 ἄνθρωπος
3739 4733 3772 4784 ὁ

2177 4817 2507 4888 Μονογενὴς,
2549 4817 2648 4886 οὑχ
2679 4817 2766 4869 ἵνα
2796 4819 2907 4880 τοῖς
2953 4818 3052 4887 τῆς
3099 4815 3380 4880 κενώσεως
3429 4819 3773 4892 ἐναπομείνῃ

2181 4910 2422 4980 μέτροις,
2449 4907 2562 4961 ἀλλ’
2588 4908 2676 4960 ἵνα
2699 4906 2880 4960 λαὸὼν
2910 4907 3005 4960 σὺν
3035 4909 3171 4980 αὑτῇ
3200 4908 3268 4961 τὰ
3303 4909 3495 4979 αὐτῆς,
3526 4910 3660 4974 Θεὸς
3687 4910 3772 4966 ὢν

2178 5002 2360 5071 φύσει,
2393 5001 2488 5054 καὶ
2520 5000 2662 5052 οὑτω
2695 4997 3050 5070 γνωρίζηται,
3089 5003 3182 5052 καὶ
3212 5002 3309 5072 τὴν
3347 5001 3443 5054 τοῦ
3474 5003 3770 5073 ἀνθρώπου

2176 5090 2559 5162 κατασεμνύνῃ
2607 5090 2772 5160 φύσιν
2813 5090 2900 5158 ἐφ’
2941 5089 3136 5160 ἑαυτῷ,
3174 5092 3398 5162 μέτοχον
3423 5094 3594 5164 αὑτὴν
3627 5097 3771 5150 ἀπο-

2176 5185 2344 5254 φήνας
2404 5182 2566 5253 ἱερῶν
2611 5183 2705 5236 καὶ
2753 5181 2916 5235 θείων
2959 5179 3321 5252 ἀξιωμάτων·
3364 5184 3675 5255 εὑρήσομεν
3710 5188 3771 5241 δὲ

2173 5277 2270 5332 καὶ
2292 5275 2489 5338 αὑτοὺς
2515 5277 2642 5338 τοὺς
2671 5273 2882 5343 ἁγίους,
2913 5271 3073 5337 δόξαν
3101 5274 3463 5342 ὀνομάζοντας
3501 5277 3595 5329 τοῦ
3629 5279 3769 5331 Θεοῦ
3819 5343 3828 5354 ,

2173 5369 2270 5422 καὶ
2316 5367 2560 5440 Πατρὸς,
2605 5367 2700 5421 καὶ
2739 5368 2921 5436 μέντοι
2967 5367 3064 5418 καὶ
3111 5365 3355 5435 βασιλέα,
3399 5369 3492 5422 καὶ
3539 5371 3773 5438 προσέτι

2175 5463 2400 5533 Κύριον,
2427 5459 2519 5513 τὸν
2546 5459 2693 5524 Υίὸν,
2717 5457 2812 5510 καὶ
2830 5458 2920 5510 ὅτε
2941 5459 3163 5527 γέγονεν
3202 5457 3506 5531 ἄνθρωπος.
3539 5461 3772 5525 Ἡσαΐας

2177 5554 2276 5623 μὲν
2307 5553 2416 5622 γὰρ
2461 5543 2564 5605 ὧδέ
2595 5567 2670 5621 πη
2717 5549 2904 5619 φησίν·
2941 5568 2960 5601 ι
2998 5551 3095 5603 Ὃν
3115 5549 3317 5621 τρόπον
3348 5551 3442 5603 ἐὰν
3479 5551 3772 5622 ἄνθρωπος

2176 5645 2488 5716 καλαμᾶται
2534 5642 2742 5710 ἐλαίαν,
2769 5639 2913 5695 οὑτω
2965 5640 3376 5711 καλαμήσονται
3409 5642 3640 5706 αὐτοὺς,
3673 5647 3772 5699 καὶ
