4050 6482
248 476 410 536 tam.

244 691 300 744 δὲ
332 689 778 760 καταλειφθέντες
806 693 899 745 ἐπὶ
930 695 1029 764 τῆς
1052 692 1174 762 γῆς,
1207 689 1677 762 εὐφρανθήσονται
1717 688 1832 758 ἅμα

245 787 311 854 τῇ
362 783 484 855 δόξῃ
541 785 815 855 Κυρίου.»
874 787 984 839 Καὶ
1049 786 1212 839 πάλιν
1249 785 1438 856 ἔτερος
1486 782 1594 836 τῶν
1643 782 1839 850 ἁγίων,

251 893 270 926 ι
294 877 556 940 Φωτίςου,
582 879 768 946 φησιν,
802 877 1180 949 Ἰερουσαλήμ·
1207 878 1330 948 ἥκει
1357 877 1466 947 γάρ
1495 894 1588 929 σου
1608 876 1669 927 τὸ
1699 874 1833 942 φῶς,

217 969 338 1036 ¹καὶ
365 971 397 1039 ἡ
431 969 558 1032 δόξα
597 970 806 1040 Κυρίου
848 971 939 1023 ἐπὶ
971 969 1030 1022 σὲ
1062 969 1448 1024 ἀνατέταλκεν.
1485 968 1615 1022 Ἰδοὺ
1648 967 1838 1030 σκότος

243 1060 339 1112 καὶ
366 1059 564 1128 γνόφος
587 1059 819 1127 καλύψει
850 1060 973 1131 γῆν,
1010 1062 1106 1114 ἐπὶ
1123 1061 1180 1114 δὲ
1203 1061 1261 1113 σὲ
1283 1062 1584 1132 φανήσεται
1613 1058 1833 1130 Κύριος,

211 1151 341 1212 ,καὶ
382 1151 510 1217 δόξα
575 1151 782 1223 Κυρίου
831 1153 923 1205 ἐπὶ
973 1152 1033 1204 σὲ
1079 1151 1398 1222 ὀφθήσεται.
1423 1171 1442 1204 ι
1482 1149 1738 1213 Ἰἀκωῦός
1773 1166 1836 1218 γε

246 1241 356 1310 μὴν
387 1243 414 1294 6
443 1241 608 1294 αὑτοῦ
647 1241 916 1313 μαθητὴς,
946 1261 963 1293 ι
996 1242 1261 1311 Ἀδελφοὶ,
1292 1243 1444 1313 φησὶ,
1480 1241 1550 1314 μὴ
1577 1245 1635 1295 ἐν
1673 1257 1838 1311 προσ-

239 1333 588 1403 ωτωληψίαις
622 1334 774 1404 ἔχετε
814 1335 913 1406 τὴν
956 1335 1140 1389 πίστιν
1184 1334 1279 1388 τοῦ
1313 1334 1518 1405 Κυρίου
1547 1333 1700 1404 ἡμῶν
1737 1333 1839 1402 ’1η-

243 1427 340 1480 cro-3
379 1427 616 1497 Χριστοῦ
645 1429 741 1498 τῆς
767 1428 942 1500 δόξης.
973 1449 992 1480 ι
1035 1430 1240 1499 Πέτρος
1285 1429 1342 1481 δὲ
1369 1424 1436 1481 αὖ
1461 1431 1488 1481 6
1527 1426 1834 1490 θεσπέσιος,

247 1539 266 1572 ι
299 1522 370 1574 Εί
401 1521 725 1586 ὀνειδίζεσθε
765 1526 822 1576 ὲν
871 1523 1113 1594 Χριστῷ,
1157 1523 1417 1594 μακάριοί
1459 1525 1583 1576 ἐστε
1615 1522 1715 1592 τῆς
1749 1523 1836 1576 66-

241 1611 367 1682 ξης,
409 1615 506 1665 καὶ
536 1613 598 1666 τὸ
629 1613 722 1667 τοῦ
762 1613 898 1668 Θεοῦ
930 1615 1156 1685 Πνεῦμα
1187 1617 1270 1683 ἐφ’
1319 1615 1463 1685 ὑμᾶς
1512 1614 1866 1668 ἀναπέπαυο.

239 1720 354 1757 ται.
383 1722 402 1754 Ι

312 1794 380 1848 Β.
414 1794 595 1865 Φράζε
624 1795 682 1849 δὲ
711 1797 858 1860 ὅπως
890 1799 1026 1869 πρὸς
1067 1797 1225 1868 ἡμῶν
1261 1797 1498 1851 νοεῖσθαι
1533 1797 1734 1869 πρέπει
1779 1798 1841 1851 τὸ

241 1889 378 1959 περὶ
408 1888 649 1958 Χριστοῦ
684 1891 1090 1962 γεγραμμένον,
1135 1911 1152 1943 ι
1191 1892 1287 1955 Ὃς
1330 1893 1388 1945 ὲν
1438 1895 1559 1954 ταῖς
1604 1893 1841 1963 ἡμέραις

241 1979 345 2048 τῆς
385 1979 588 2051 σαρκὸς
635 1981 839 2046 αὑτοῦ,
887 1982 1101 2051 δεήσεις
1139 2000 1196 2036 τε
1239 1985 1331 2036 καὶ
1371 1984 1655 2054 ἱκετηρίας
1704 1983 1841 2054 πρὸς

1959 1976 2161 2032 Shristo
2219 1977 2484 2045 scriptum
2537 1992 2552 2029 :

241 2071 335 2124 τὸν
367 2071 668 2143 δυνάμενον
698 2073 892 2138 σώζειν
928 2075 1090 2128 αὑτὸν
1122 2077 1187 2128 ὲκ
1218 2075 1472 2139 θανάτου,
1509 2075 1646 2145 μετὰ
1675 2093 1846 2146 κραυ-

241 2163 352 2230 γῆς
386 2163 614 2232 ίσχυρᾶς
640 2164 734 2216 καὶ
759 2163 1015 2235 δακρύων
1044 2166 1440 2236 προσενέγκας,
1475 2167 1569 2219 καὶ
1593 2167 1848 2220 εἰσακου-

245 2254 398 2317 σθεὶς
443 2254 554 2335 ἀπὸ
595 2255 698 2326 τῆς
728 2257 1280 2328 εὑ>.α6είας,“καίπερ
1319 2256 1397 2310 ὣν
1428 2257 1575 2320 Υἱὸς,
1618 2256 1840 2328 ἔμαθεν,

242 2347 338 2416 ἀφ’
367 2340 443 2400 ὧν
483 2348 673 2413 ἔπαθε,
707 2348 808 2420 τὴν
841 2350 1110 2421 ὑπακοὴν,
1144 2351 1239 2402 καὶ
1264 2348 1592 2412 τελειωθεὶς,
1629 2350 1848 2417 ἐγένετο

240 2443 362 2504 τοῖς
417 2440 785 2495 ὑπακούουσιν
832 2441 983 2513 αὑτῷ
1023 2442 1198 2506 αἴτιος
1253 2443 1528 2512 σωτηρίας
1575 2442 1848 2495 ἀκαταλύ-

238 2550 339 2586 του
364 2550 376 2562 ·
405 2551 426 2583 ι
466 2533 815 2605 προσεποίσω
855 2534 914 2588 δὲ
969 2536 1192 2588 κάκεῖνο
1231 2530 1314 2597 οἷς
1361 2536 1520 2606 ἔφην,
1557 2535 1647 2600 τὸ,
1691 2553 1709 2586 ι
1746 2534 1848 2588 Θεέ

244 2643 376 2696 μου,
416 2624 518 2677 Θεέ
565 2641 687 2697 μου,
721 2625 808 2679 ἵνα
841 2626 894 2678 τί
931 2643 998 2695 με
1039 2625 1432 2694 ὲγκατέ).ιπες;
1462 2643 1480 2675 ι
1525 2624 1848 2678 Ἀπεοικότα

241 2719 360 2790 γὰρ
400 2712 540 2771 εἷναί
577 2735 712 2787 φασι
744 2719 814 2772 τὰ
846 2719 1026 2772 τοιάδε
1075 2717 1153 2790 τῷ
1187 2718 1306 2788 Θεῷ
1348 2718 1526 2788 Λόγῳ,
1559 2718 1653 2770 καὶ
1685 2718 1848 2788 ἡττῆ-

242 2807 378 2862 σθαι
401 2808 540 2860 πολὺ
567 2806 670 2876 τῆς
699 2807 926 2880 ἐνούσης
950 2808 1231 2879 ὑπεροχῆς
1259 2807 1406 2878 αὑτῷ
1433 2808 1600 2877 φαίην
1629 2807 1715 2860 ἂν.

314 3075 389 3129 Δ.
433 3074 621 3144 Ἵσημι
670 3075 764 3127 κα)⁸
795 3073 958 3138 αὑτὸς
1003 3074 1134 3144 ἐγὼ,
1201 3075 1276 3146 μὴ
1315 3075 1379 3132 ἂν
1413 3076 1660 3147 ἁρμόσαι
1693 3075 1856 3130 ταυτὶ

242 3166 324 3239 τῷ
375 3168 438 3219 ἐκ
471 3165 606 3219 Θεοῦ
656 3165 903 3238 Πατρὸς.
951 3207 964 3221 .
1008 3209 1020 3221 .
1066 3208 1081 3223 .
1125 3208 1138 3222 .
1181 3169 1364 3239 Λόγῳ,
1397 3167 1724 3231 ἐξωσθέντος
1755 3167 1849 3222 τοῦ

239 3257 460 3328 τρόπου
495 3257 596 3326 τῆς
630 3257 974 3328 οἰκονομίας,
1022 3258 1119 3311 καὶ
1170 3259 1270 3310 οὐκ
1313 3257 1682 3328 είσδεχθέντος
1715 3259 1850 3329 πρὸς

165 3389 185 3408 ι
243 3349 414 3424 ἡμῶν
481 3349 608 3416 τοῦ,
662 3351 743 3404 ὅτι
795 3327 990 3419 γέγονε
1049 3349 1188 3422 σὰρξ
1238 3350 1382 3404 κατὰ
1443 3351 1544 3414 τὰς
1601 3327 1845 3422 Γραφας.
1879 3327 1921 3384 C

257 3445 489 3516 Ἐπειδὴ
519 3447 577 3498 δὲ
611 3445 750 3516 πρὸς
777 3443 937 3498 τοῦτο
966 3445 1118 3516 διερη
1130 3443 1412 3513 ρείσμεθα,
1443 3443 1540 3497 καὶ
1566 3444 1628 3497 τὸ
1654 3444 1854 3497 ἐνδοιά-

243 3540 373 3607 ζειν
403 3539 540 3602 ὅλως
566 3539 892 3603 δυσσεϐείας
953 3537 1069 3608 ἔχει
1120 3537 1362 3608 γραφὴν,
1405 3538 1538 3608 φέρε
1575 3537 1678 3607 τῆς
1711 3539 1856 3590 οἰκο-

243 3634 451 3705 νομίας
474 3634 535 3686 τὸ
569 3632 753 3703 βάθος,
777 3633 852 3696 ὡς
879 3632 979 3696 ἔνι,
1012 3630 1544 3700 κατασκεπτώμεθα.
1583 3631 1853 3699 Ἐπέιρανε

243 3725 440 3778 τοίνυν
491 3726 626 3794 ἡμῖν
680 3724 736 3775 ἐν
777 3721 908 3776 εῖδει
961 3720 1040 3792 τῷ
1091 3721 1214 3774 καθ’
1261 3723 1410 3792 ἡμᾶς
1461 3723 1490 3774 6
1522 3722 1588 3774 ὲκ
1645 3721 1854 3791 Κυρίου

247 3815 472 3886 Πατρὸς
533 3815 742 3884 Λόγος,
789 3813 930 3868 κατὰ
989 3814 1218 3886 μυρίους
1267 3815 1424 3878 ὅσους
1459 3815 1694 3884 γὸνήσων
1739 3813 1860 3884 τρύ-

251 3927 396 3973 πςυς
436 3908 504 3963 τὰ
535 3907 880 3979 ἀνθρώπινα,
935 3909 1030 3962 καῖ⁹
1073 3908 1409 3974 καταδείξων
1467 3904 1528 3961 εὖ
1572 3909 1718 3979 μάλα
1757 3908 1858 3978 τὴν

249 4004 337 4066 είς
390 4002 498 4054 πᾶν
529 4000 707 4053 ὁτιοῦν
743 3998 852 4052 τῶν
893 3999 1367 4070 τεθαυμασμένων
1412 4000 1858 4067 ἁποκομίζουσαν

248 4094 468 4167 τρίϐον.
515 4089 625 4146 Ἤν
675 4088 770 4146 οὖν
816 4092 1117 4160 ἀναγκαῖον
1161 4091 1488 4161 ἁναμαθεῖν,
1548 4082 1859 4160 πειρασμοῦ

253 4185 622 4248 καταθέοντος
661 4185 788 4246 τοὺς
818 4183 919 4252 τῆς
959 4183 1038 4245 εἰς
1067 4181 1201 4235 Θεὸν
1232 4181 1454 4252 ἀγάπης
1487 4181 1650 4235 ἕνεκα
1681 4181 1853 4234 κινδυ-

253 4280 546 4342 νεύοντας,
577 4277 795 4342 ὁποίους
839 4277 990 4340 τινας
1019 4273 1160 4331 εἶναι
1193 4277 1298 4348 χρὴ
1350 4277 1476 4338 τοὺς
1523 4276 1622 4347 τὴν
1660 4277 1860 4329 εὐκλεᾶ.

257 4368 359 4421 καὶ
389 4366 666 4436 ἐξαίρετον
699 4365 976 4419 πολιτείαν
1011 4366 1106 4418 καὶ
1136 4365 1282 4434 ζωὴν
1315 4366 1615 4435 κατορθοῦν
1643 4367 1858 4437 ᾑρημέ-

257 4475 423 4522 νους,
470 4457 678 4528 πότερα
713 4456 1066 4526 μεθιεμένους
1097 4457 1194 4509 καὶ
1242 4457 1648 4522 ὰναπίπτοντας
1691 4460 1770 4522 εἰς
1801 4459 1862 4511 τὸ

261 4548 530 4620 ῥᾴθυμον,
567 4550 663 4602 καὶ
697 4549 796 4602 οὑκ
829 4549 886 4600 ἐν
922 4548 1101 4620 καιρῷ
1129 4549 1452 4621 τρυφῶντας
1495 4552 1592 4604 καὶ
1633 4553 1861 4621 εὐρυνο-

1379 472 1571 541 QL‘OD
1612 470 1800 528 [ΙΝυὸ
1840 469 1946 524 SIT
1985 468 2349 526 CHRISTUS.

245 597 344 651 ἐὰν
386 595 659 667 παύσηται
698 596 726 648 ὁ
755 599 1044 670 τρυγητὸς,
1073 591 1218 652 οὗτοι
1249 599 1398 667 φωνῇ
1443 596 1746 666 βοήσονται”
1782 595 1831 647 οἱ

1963 605 2164 655 errant,
2222 587 2574 645 exsultabunt
2625 601 2747 641 cum
2799 585 2969 656 gloria
3023 583 3212 639 Domin

3390 468 3414 517 1
3427 469 3532 519 392

3311 581 3531 636 .›Ει

1939 699 2128 738 rursus
2150 683 2290 738 alius
2319 683 2543 752 quidam
2578 694 2609 734 e
2633 679 2845 736 sanctis
2875 697 2889 756 ι
2919 695 2938 727 ι
2976 677 3312 740 llluminare,
3334 675 3531 744 inquit,

1938 773 2262 832 Jerusalem.
2314 774 2475 829 \‘enit
2523 774 2667 828 enim
2705 773 2884 828 lumen
2916 779 3093 834 tuum,
3124 779 3179 823 et
3209 768 3383 838 gloria
3427 767 3532 819 Do-

1942 871 2074 925 mini
2119 885 2284 938 super
2328 878 2381 922 te
2427 879 2548 923 orla
2581 876 2687 921 est.
2711 866 2848 932 Quia
2871 880 3002 920 ecce
3027 864 3262 919 tenebrae
3284 861 3509 931 operien

1943 971 2165 1027 terram,
2198 971 2252 1016 et
2273 959 2450 1030 caligo
2483 957 2742 1028 populos:
2790 971 2954 1026 super
3003 965 3055 1010 te
3093 963 3274 1008 autem
3323 953 3534 1006 orietur

1936 1055 2227 1119 Dominus,
2285 1063 2339 1108 et
2372 1051 2541 1122 gloria
2597 1051 2716 1122 ejus
2745 1050 2800 1104 in
2858 1061 2914 1104 te
2966 1049 3238 1103 videbitur
3277 1047 3344 1100 ⁶².
3380 1063 3398 1096 ι
3468 1044 3535 1099 Et

1941 1145 2176 1202 Jacobus
2208 1146 2326 1216 ejus
2355 1143 2652 1214 discipulus
2688 1162 2701 1198 :
2743 1162 2761 1194 ι
2827 1142 3069 1205 Fratres,
3105 1140 3304 1208 inquit,
3364 1137 3535 1193 nolite

1942 1238 1997 1294 in
2047 1254 2403 1310 personarum
2455 1236 2778 1306 acceptione
2832 1235 3032 1288 habere
3101 1232 3262 1287 ﬁdem
3317 1231 3531 1285 Domini

1945 1333 2118 1389 nostri
2169 1330 2294 1387 Jesu
2357 1331 2560 1386 Christi
2597 1329 2782 1398 gloria:
2807 1327 2871 1380 ⁸³.
2915 1345 2931 1376 ι
2968 1325 3161 1380 l’etrus
3215 1338 3384 1378 vero:
3415 1342 3434 1375 ι
3475 1320 3533 1375 Si

1944 1424 2348 1495 cxprobramini
2381 1423 2433 1477 in
2452 1422 2694 1485 Christo,
2729 1420 2872 1475 beati
2906 1418 3084 1482 eritis,
3107 1417 3360 1486 quoniam
3392 1416 3536 1485 quod

1946 1528 2032 1573 est
2068 1517 2292 1572 honoris
2320 1515 2504 1586 gloriae
2548 1525 2606 1570 et
2651 1513 2870 1568 virtutis
2915 1512 3033 1575 Dei,
3083 1520 3137 1565 et
3167 1511 3258 1580 qui
3299 1516 3378 1564 est
3421 1507 3538 1579 ejus

1947 1609 2180 1680 Spiritus
2210 1623 2373 1677 super
2419 1621 2512 1661 vos
2547 1605 2856 1676 requiescet
2885 1605 2950 1659 ⁵⁵.
2986 1625 3004 1657 ι

2018 1788 2183 1862 754
2214 1788 2276 1842 Β.
2315 1787 2601 1842 Sulﬁciunt
2625 1787 2736 1858 jam
2782 1788 2920 1842 haec.
2955 1785 3225 1843 Caeterum
3272 1785 3376 1840 boc
3407 1785 3539 1839 mihi

1949 1884 2100 1940 dicas
2142 1882 2324 1947 velim,
2378 1881 2659 1950 quorumlo
2720 1879 3147 1950 intelligendum.
3175 1879 3246 1933 sit
3294 1878 3422 1933 illud
3475 1878 3544 1933 de

2606 1993 2624 2026 ι
2693 1974 2796 2041 Qui
2849 1973 2904 2027 in
2955 1973 3146 2028 diebus
3208 1973 3390 2026 carnis
3431 1987 3544 2030 sua

1949 2084 2136 2141 preces
2163 2067 2696 2140 supplicationesque
2747 2066 2812 2121 ad
2858 2082 2981 2121 cum
3020 2064 3113 2134 qui
3152 2065 3324 2136 possit
3365 2065 3540 2134 ipsum

1948 2164 2156 2220 salvum
2207 2162 2392 2218 facere
2441 2179 2470 2216 a
2516 2173 2692 2217 morte
2733 2176 2856 2216 cum
2894 2163 3133 2216 clamore
3183 2159 3362 2214 valido
3387 2169 3442 2214 et
3466 2159 3544 2212 la-

1950 2257 2151 2328 cryrnis
2195 2253 2455 2321 oll’ereus,
2490 2255 2780 2310 exauditus
2821 2265 3029 2324 estpro
3067 2270 3168 2308 sua
3213 2255 3541 2310 reverentia.

1950 2349 2016 2404 Et
2045 2349 2261 2416 quidem
2291 2364 2416 2404 curn
2453 2356 2602 2403 esset
2632 2347 2804 2402 Filius
2837 2347 2956 2416 Dei,
2995 2347 3186 2402 didicit
3215 2358 3282 2400 ex
3321 2347 3388 2401 iis
3424 2360 3546 2415 qua:

1951 2457 2141 2510 passus
2175 2451 2289 2508 est,
2357 2440 2750 2496 obedientiam.
2779 2439 2848 2494 Et
2897 2449 3313 2495 consummatus
3368 2438 3546 2494 factus

1950 2547 2034 2591 est
2103 2534 2361 2590 omnibus
2407 2533 2918 2601 obtemperantibus
2969 2533 3072 2587 sibi
3129 2546 3296 2587 causa
3341 2529 3548 2586 salutis

1950 2636 2167 2682 aeternae
2191 2627 2257 2681 δ’.
2324 2645 2342 2678 ι
2399 2625 2665 2695 Atljiciam
2728 2639 2860 2680 vero
2915 2625 3077 2680 dictis
3144 2624 3308 2679 etiam
3368 2622 3544 2678 illud:

1958 2737 1977 2770 ι
2009 2720 2151 2775 Dens
2179 2734 2354 2783 meus,
2380 2719 2526 2774 Deus
2550 2733 2722 2782 meus,
2745 2733 2919 2788 quare
2937 2733 3024 2772 me
3047 2717 3382 2786 dereliquisti
3411 2716 3490 2770 °‘?
3525 2733 3545 2769 ι

1951 2811 2143 2867 Aliena
2169 2813 2314 2868 enim
2365 2792 2494 2867 haec.
2538 2828 2661 2868 esse
2691 2812 2880 2866 dicunt
2930 2826 2960 2864 a
3009 2812 3122 2865 Deo
3158 2810 3353 2876 Verbo,
3386 2821 3553 2880 atque

1953 2919 2054 2974 ego
2087 2903 2304 2974 quidem
2337 2904 2603 2975 dignitate
2638 2905 2810 2974 ipsius
2844 2913 3008 2974 atque
3037 2902 3359 2958 excellentia
3395 2902 3553 2974 longe

1955 2998 2214 3054 inferiora
2244 3015 2306 3054 ea
2334 3013 2456 3056 esse
2485 2998 2870 3068 judicaverim.

2025 3091 2093 3146 Α.
2145 3090 2284 3157 Quin
2353 3100 2410 3145 et
2472 3106 2574 3161 ego
2596 3094 2714 3160 ipse
2771 3091 2933 3146 facile
2982 3092 3224 3164 intelligo
3273 3094 3389 3148 lucc
3443 3109 3551 3150 non

1957 3183 2250 3237 convenire
2279 3181 2459 3237 Verbo
2488 3185 2672 3253 genito
2695 3198 2763 3237 cx
2801 3181 2913 3239 Deo
2959 3182 3141 3248 Patre,
3203 3185 3248 3240 si
3303 3185 3433 3240 illud
3483 3186 3553 3240 ab

1955 3274 2430 3330 administratione
2487 3277 2540 3329 in
2598 3291 2766 3331 carne
2813 3291 3216 3343 removeamus,
3249 3293 3425 3348 neque
3453 3277 3553 3333 ad-

1958 3365 2238 3422 mittamus
2287 3367 2339 3421 id
2365 3368 2510 3436 quod
2567 3365 2851 3437 Scriptura
2908 3377 3165 3436 testatur,
3209 3372 3353 3440 quod
3385 3371 3550 3426 nimi-

1957 3475 2076 3513 rum
2110 3459 2286 3515 factus
2315 3463 2387 3516 sit
2413 3477 2563 3516 caro.
2600 3461 2734 3515 Cum
2769 3476 2897 3516 vero
2932 3462 3037 3517 hoc
3095 3463 3326 3519 ﬁrmiter
3363 3472 3556 3519 tenea-

1958 3567 2078 3607 mus
2137 3561 2192 3606 et
2243 3553 2512 3609 dubitatio
2577 3554 2684 3608 hac
2732 3555 2784 3608 in
2839 3569 2902 3609 re
2949 3569 3072 3609 cum
3133 3556 3428 3626 .impietate
3481 3560 3556 3614 sit

1959 3646 2283 3714 conjuncta,
2335 3647 2733 3702 incarnationis
2768 3647 3093 3718 mysterium
3143 3658 3406 3718 quantum
3437 3652 3556 3707 ﬁeri

1959 3748 2138 3808 potest
2168 3741 2588 3809 perpendamus.
2617 3742 2884 3810 Apparuit
2924 3741 3109 3808 itaque
3142 3743 3299 3799 nobis
3321 3742 3556 3798 Verbum

1955 3845 2026 3887 ex
2063 3831 2174 3886 Deo
2216 3833 2268 3886 in
2325 3831 2502 3885 forma
2534 3842 2732 3885 nostrae
2790 3833 2978 3896 simili,
3048 3834 3350 3889 innumeris
3384 3837 3560 3892 modis

1963 3925 2254 3978 humanam
2305 3935 2561 3977 naturam
2622 3923 2848 3991 juvans,
2892 3924 3205 3993 optimeque
3257 3927 3413 3981 nobis
3462 3929 3561 3982 de-

1961 4024 2273 4067 monstrans
2313 4014 2456 4067 viam
2491 4028 2613 4082 qua:
2666 4014 2732 4067 ad
2781 4015 2988 4082 optima
3046 4030 3277 4085 quaeque
3315 4017 3556 4073 deducit.

1961 4104 2195 4160 Necesse
2234 4105 2421 4174 itaque
2472 4114 2590 4159 erat
2654 4117 2712 4159 ιιι
2759 4105 3094 4171 diceremus,
3156 4124 3278 4163 cum
3327 4113 3561 4165 teutatio

1962 4197 2172 4265 invadit
2224 4211 2318 4250 eos
2377 4196 2469 4264 qui
2523 4196 2592 4251 ob
2638 4196 2984 4251 dilectionem
3022 4197 3116 4253 Dei
3157 4200 3557 4270 periclitantur,

1961 4288 2153 4358 quales
2187 4295 2440 4358 oporteat
2473 4303 2594 4344 esse
2617 4295 2712 4344 eus
2743 4291 2832 4358 qui
2877 4291 3204 4346 laudabilem
3235 4302 3398 4361 atque
3439 4295 3559 4348 exi-

1965 4381 2130 4434 miam
2161 4380 2329 4434 vitam
2360 4381 2650 4436 instituere
2683 4382 2854 4436 velint
2895 4400 2909 4438 :
2961 4393 3144 4437 utrum
3174 4384 3238 4436 ad
3287 4385 3558 4453 ignaviam

1965 4487 2184 4542 pronos,
2222 4483 2276 4526 et
2315 4474 2528 4528 deliciis
2567 4475 2813 4542 deditos,
2850 4476 3222 4546 bilaritatique
3277 4487 3332 4530 et
3363 4478 3563 4548 gaudio

1965 4566 2206 4619 animum
2235 4569 2480 4621 laxantes
2511 4585 2523 4621 :
2555 4581 2622 4621 an
2658 4569 2838 4638 putius
2870 4585 2976 4624 una
3019 4569 3270 4639 precibus
3295 4571 3561 4636 intentos,

261 4642 468 4712 μένους
493 4643 570 4705 είς
597 4640 884 4712 εὐθυμίαν,
911 4642 946 4712 ἢ
982 4644 1430 4714 συντεινομένους
1455 4645 1534 4707 είς
1562 4644 1734 4709 λιτὰς,
1767 4647 1852 4698 καὶ

1967 4669 2021 4713 et
2072 4655 2435 4730 Iacrym‘antes
2464 4675 2649 4716 coram
2715 4660 3004 4718 Salvatore
3070 4665 3241 4730 cerni,
3286 4675 3342 4720 et
3395 4664 3565 4733 ipsius

255 4733 706 4804 δεδακρυμένους
744 4732 974 4804 ὁρᾶσθαι
1012 4733 1092 4804 τῷ
1125 4734 1389 4799 σώζοντι,
1442 4737 1537 4790 καὶ
1584 4736 1685 4808 τὴν
1729 4749 1860 4809 παρ’

259 4825 438 4880 αὐτοῦ
483 4825 752 4896 διψῶντας
804 4826 1147 4897 ἐπικουρίαν,
1197 4830 1290 4881 καὶ
1327 4829 1511 4898 μέντοι
1558 4831 1652 4883 καὶ
1700 4831 1860 4884 εὐαν-

257 4916 441 4991 δρίαν,
475 4916 634 4987 εἴπερ
675 4917 850 4970 ’ἐλοιτο
894 4918 990 4970 καὶ
1018 4919 1212 4972 παθεῖν
1243 4921 1408 4990 ἡμᾶς.
1446 4922 1593 4974 Ἔδει
1636 4939 1695 4975 τε
1727 4923 1860 4993 πρὸς

257 5006 484 5072 τούτοις
532 5007 728 5062 εἰδέναι
782 5009 1099 5081 χρησίμως,
1150 5011 1272 5063 ὅποι
1314 5011 1445 5066 ποτὲ
1492 5013 1602 5084 ἄρα
1653 5014 1714 5066 τὸ
1761 5015 1864 5084 τῆς

261 5101 519 5169 ὑπακοῆς
558 5100 780 5164 διέξεισι
813 5099 990 5172 πέρας
1011 5143 1024 5164 ,
1063 5101 1160 5154 καὶ
1201 5101 1289 5155 διὰ
1321 5103 1490 5158 ποίων
1517 5104 1738 5176 ἔρχεται
1769 5125 1864 5175 γε·

264 5193 406 5265 ρῶν,
434 5194 558 5256 ὅσος
579 5211 639 5245 τε
668 5196 762 5247 καὶ
785 5191 897 5259 οἷος
941 5195 1044 5265 τῆς
1069 5195 1349 5266 ὑπομονῆς
1372 5199 1400 5249 6
1428 5197 1639 5267 μισθός.
1665 5200 1862 5268 Γέγονε

262 5287 450 5340 τοίνυν
471 5285 823 5350 ὑποτύπωσις
847 5287 956 5341 τῶν
985 5287 1242 5341 τοιούτων
1268 5290 1401 5360 ἡμῖν
1436 5291 1464 5342 6
1487 5292 1743 5363 Χριστὸς,
1765 5296 1866 5348 καὶ

265 5377 412 5448 πρός
445 5394 506 5446 γε
542 5378 700 5432 τοῦτο
731 5379 883 5448 ἡμᾶς
909 5380 1136 5451 ἔμπεδοί
1161 5381 1337 5450 λέγων
1377 5382 1406 5434 6
1439 5381 1730 5449 θεσπέσιος
1761 5386 1866 5438 Πεῖ-

265 5485 423 5540 τρος·
463 5487 482 5521 ι
517 5471 675 5523 Ποῖον
711 5469 822 5540 γὰρ
849 5470 1025 5536 κλέος,
1056 5475 1106 5525 εἰ
1136 5475 1544 5545 ἁμαρτάνοντες
1580 5478 1675 5531 καὶ
1705 5478 1866 5534 κολα-

269 5562 558 5632 φιζόμενοι
605 5561 940 5632 ὑπομένετε;
984 5562 1123 5616 Ἀλλ’
1155 5567 1204 5618 εἰ
1237 5566 1695 5634 ἀγαθοποιοῦντες
1729 5570 1865 5626 ὑπο-

273 5655 493 5726 μένετε,
538 5653 700 5707 τοῦτο
736 5653 897 5724 χάρις
961 5657 1111 5726 παρὰ
1164 5657 1303 5728 Θεῷ,
1351 5661 1434 5713 ὅτι
1485 5661 1580 5715 καὶ
1631 5663 1866 5732 Χριστὸς

349 5858 391 5890 ⁶¹
414 5856 521 5937 lsa.
545 5873 694 5922 xxrv,
841 5857 926 5937 id:
950 5836 966 5937 ’Π
1006 5861 1051 5937 ξ’
1085 5859 1184 5914 lsa.
1209 5863 1444 5937 L\',_l,2.
1523 5867 1568 5898 ⁸³
1597 5866 1714 5925 Jac.
1746 5883 1806 5937 lt,
1851 5872 1900 5925 l.

278 5928 466 5986 Matth.
510 5943 682 5993 xxvn,
713 5927 802 5983 46.
877 5931 919 5960 ⁸⁷
951 5931 967 5984 l
1002 5929 1146 5984 Petr.
1175 5947 1239 5996 ιι,
1266 5934 1355 5997 20,
1379 5937 1470 5991 2i.

599 6023 872 6086 PATROL.
924 6025 1039 6087 Gn.
1092 6026 1333 6092 LXXV.

1965 4752 2226 4806 auxilium
2282 4754 2442 4809 avide
2503 4761 2845 4824 appetentes,
2906 4755 3142 4826 fortique
3198 4757 3384 4813 animo
3427 4773 3565 4827 pra:—

1967 4844 2110 4898 ditos
2158 4859 2304 4911 esse,
2362 4845 2406 4900 si
2442 4845 2606 4900 etiam
2656 4861 2754 4902 nos
2788 4849 2898 4917 pati
2939 4847 3192 4902 voluerit.
3244 4847 3564 4905 Consultum

1968 4947 2227 5006 prmterea
2282 4950 2403 4993 erat
2441 4941 2583 4996 scire
2640 4942 2762 5010 quis
2819 4941 2892 4996 sit
2934 4941 3258 4997 obedientia:
3309 4941 3454 5007 linis,
3513 4951 3566 4997 ct

1968 5029 2145 5096 qualis
2184 5043 2498 5101 quantaque
2524 5031 2824 5088 tolerantia:
2880 5046 3092 5088 merces
3135 5033 3209 5087 sit
3262 5031 3565 5102 proposita.

1974 5120 2180 5176 Horum
2242 5125 2432 5192 itaque
2496 5124 2738 5180 omnium
2801 5124 2971 5196 ﬁgura
3029 5133 3195 5196 atque
3259 5124 3566 5194 exemplum

1975 5212 2131 5266 nobis
2187 5213 2360 5270 factus
2431 5225 2515 5269 est
2567 5213 2840 5283 Christus,
2898 5216 3044 5286 quod
3090 5227 3146 5271 et
3199 5215 3414 5290 divinus
3481 5214 3565 5270 ille

1973 5304 2166 5360 Petrus
2200 5307 2485 5362 conﬁrmat
2511 5308 2697 5363 dicens
2730 5327 2744 5362 :
2783 5328 2802 5361 ι
2837 5308 2969 5374 Quae
3007 5309 3152 5364 enim
3198 5317 3280 5364 est
3334 5308 3474 5374 laus,
3523 5308 3568 5363 si

1974 5396 2264 5464 peccantes
2330 5408 2385 5452 et
2437 5400 2762 5470 colaphizati
2820 5400 3059 5457 sullertis
3095 5400 3122 5456 Ἰ
3169 5399 3273 5454 Sed
3325 5400 3373 5454 si
3433 5401 3569 5456 bene

1977 5485 2237 5543 facientes
2267 5491 2536 5559 patienter
2594 5494 2896 5559 sustinetis,
2923 5492 3039 5548 haec
3079 5500 3159 5547 est
3205 5491 3377 5563 gratia
3431 5492 3570 5562 apud

1976 5578 2142 5633 Deum
2178 5600 2192 5633 :
2223 5583 2346 5650 quia
2377 5593 2430 5637 et
2451 5583 2698 5640 Christus
2729 5600 2923 5654 passus
2941 5593 3025 5639 est
3052 5599 3148 5654 pro
3192 5582 3367 5647 vobis,
3402 5583 3569 5636 relin-

1974 5683 2150 5738 quens
2173 5671 2324 5727 vobis
2346 5675 2732 5745 exemplumut
2753 5675 3054 5746 sequamini
3075 5673 3298 5745 vestigia
3311 5673 3429 5744 ejus
3443 5674 3508 5729 ⁵⁷.
3549 5694 3568 5728 ι

1981 5873 2025 5906 ⁸³
2051 5873 2070 5927 l
2092 5872 2242 5931 Petr.
2269 5879 2344 5946 iv,
2384 5875 2471 5933 Η.
2548 5877 2592 5909 ⁸⁸
2619 5864 2785 5935 Hebr.
2811 5892 2865 5948 ν,
2891 5865 3001 5935 7ὲ9.
3107 5877 3314 5934 “Psal.
3342 5894 3456 5943 xxt,
3498 5875 3571 5944 Η

3140 6041 3214 6103 42
