6812 6584
1871 348 2009 405 1³5ἳῖ
2861 339 2918 395 6.
2959 336 3230 394 CYR‘LLI
3272 331 3744 392 Αιεχευυιιικι
3783 328 4106 386 ARCHH'IP.

2861 339 2918 395 6.
2959 336 3230 394 CYR‘LLI
3272 331 3744 392 ALEXKNDRINI
3783 328 4106 386 ARCHIEP.
4997 319 5137 375 1528

1869 475 2027 520 suum
2057 455 2285 516 invenlt.
2340 453 2490 512 Talis
2516 453 2698 524 itaque
2733 461 2836 516 est,
2872 462 2931 506 ut
2967 451 3222 517 arbitror,
3258 450 3444 505 verbo-
3469 452 3522 510 -Α
3549 444 4059 508 έαυτοῦπαντελῶς
4089 441 4263 497 οὐδέν.
4300 439 4551 504 Τοιοῦτος

2454 456 2490 512 is
2516 453 2698 524 itaque
2733 461 2836 516 est,
2872 462 2931 506 ut
2967 451 3222 517 arbitror,
3258 450 3444 505 verbo-
3469 452 3522 510 -Α
3549 444 4059 508 ἐαυτοῦπαντελῶς
4089 441 4263 497 οὐδέν.
4300 439 4551 504 Τοιοῦτος
4586 437 4685 509 μὲν
4715 429 4828 498 οὖν.
4866 433 4943 498 ὥς
4972 449 5034 502 γε
5059 429 5144 487 οἷ-

1834 605 1841 617 .
1873 569 1992 609 rum
2040 547 2340 607 Salvatoris
2388 561 2603 604 sensus.
2652 545 2770 600 Non
2797 544 2942 599 enim
2979 543 3104 606 sibi,
3145 541 3243 598 sed
3289 542 3448 596 nobis
3552 558 3674 612 μαι,
3701 538 3811 592 τῶν
3838 538 3932 591 τοῦ
3961 535 4213 607 Σωτῆρος
4239 533 4412 602 λόγων
4435 536 4464 588 ὁ
4500 553 4524 586 οι

2445 561 2603 603 ιηειιε.
2652 545 2770 600 Non
2797 544 2942 599 enim
2979 543 3104 606 sibi,
3145 541 3243 598 sed
3289 542 3448 596 nobis
3552 558 3674 612 μαι,
3701 538 3811 592 τῶν
3838 538 3932 591 τοῦ
3961 535 4213 607 Σωτῆρος
4239 533 4412 602 λόγων
4435 536 4464 588 ό
4500 531 4631 594 οοῦς.
4671 527 4882 586 Ἐκάλει
4908 527 5017 598 γὰρ
5037 527 5135 579 οὐκ

1834 615 2267 715 ibenignitatem
2302 639 2480 705 Patris
2527 637 2804 708 poscebat.
2839 633 2980 690 Nam
3018 635 3161 691 sicut
3200 635 3264 690 in
3329 633 3452 687 uni-
3548 631 3850 701 ἐφ’-ἑαυτὸν
3887 628 4107 700 μᾶλλον,
4152 627 4267 682 ἀλλ’
4295 627 4381 695 ἐφ’
4422 626 4524 696 ήμᾱ

2455 654 2480 693 s
2527 637 2804 708 poscebat.
2839 633 2980 690 Nam
3018 635 3161 691 sicut
3200 635 3264 690 in
3329 633 3452 687 uni-
3548 631 3850 701 ἐφ’-ἑαυτὸν
3887 628 4107 700 μᾶλλον,
4152 627 4267 682 ἀλλ’
4295 627 4381 695 ἐφ’
4422 625 4570 696 ἡμᾶς
4602 621 4822 688 αὐτοὺς,
4850 620 4950 691 τὴν
4973 615 5145 690 παρὰ

1837 709 2086 804 (versam
2143 733 2379 792 hominis
2419 742 2666 787 naturam
2711 743 2777 784 ex
2827 729 3036 784 Adamo
3082 726 3245 784 veluti
3272 727 3447 798 prima
3551 723 3765 794 Πατρος
3812 722 4120 791 εὐμένειαν.
4176 719 4386 788 ’Ὥσπερ
4438 715 4527 788 γάι

2433 742 2666 786 laturam
2711 743 2777 784 ex
2827 729 3036 784 Adamo
3082 726 3245 784 veluti
3272 727 3447 798 prima
3551 723 3765 794 Πατρος
3812 722 4120 791 εὐμένειαν.
4176 719 4386 788 ’Ὥσπερ
4438 715 4549 788 ,γὰρ
4596 713 4693 777 είς
4727 712 4855 781 ὅλην
4893 711 4995 782 τὴν
5039 709 5123 764 ἂν·

1877 833 2057 887 radice
2081 842 2240 899 paena
2275 833 2498 896 peccato
2547 821 2728 879 debita
2767 832 3108 893 pervaserat,
3147 838 3165 872 ι
3206 819 3452 889 regnavit
3551 814 3772 886 θρώπου
3816 814 3978 883 φύσιν
4013 811 4268 881 καθάπερ,
4293 810 4358 861 ὲκ
4389 806 4545 878 ρίζης

2457 838 2498 879 L0
2547 821 2728 879 debita
2767 832 3108 893 pervaserat,
3147 838 3165 872 ι
3206 819 3452 889 regnavit
3551 814 3772 886 θρώπου
3816 814 3978 883 φύσιν
4013 811 4268 881 καθάπερ,
4293 810 4358 861 ὲκ
4389 806 4545 878 ρίζης
4573 805 4670 881 τῆς
4707 802 4952 876 πρώτης,
4987 799 5147 872 φημὶ

1873 923 2016 977 enim
2047 892 2190 974 more
2214 892 2290 973 ab
2323 915 2531 971 Adamo
2580 892 2858 984 usquead
2898 912 3141 984 Moysen,
3186 912 3350 967 etiam
3395 912 3449 966 in
3551 924 3646 960 του
3679 906 3880 976 Ἀδὰμ.
3909 903 4060 973 aest;
4087 902 4155 957 τὰ
4186 901 4245 966 ἐξ
4268 900 4474 972 ὸργῆςο
4513 917 4532 950 ι

2456 930 2531 970 no
2580 892 2858 984 usquead
2898 912 3141 984 Moysen,
3186 912 3350 967 etiam
3395 912 3449 966 in
3551 924 3646 960 του
3679 906 3880 976 Ἀδὰμ.
3909 903 4060 973 aest;
4087 902 4155 957 τὰ
4186 901 4245 966 ἐξ
4268 900 4474 972 ὀργῆς·
4513 917 4532 950 ι
4572 896 4923 968 βεϐασίλευκε
4971 892 5083 966 γὰρ

1874 1027 1967 1068 cos
2001 1012 2090 1082 qui
2146 1025 2251 1064 non
2309 987 2674 1078 peccaverunt
2729 1006 2784 1061 in
2836 1005 3252 1062 similitudinem
3309 1019 3449 1073 prae-

1874 1101 2225 1160 varicationis
2251 1101 2381 1154 Ada:
2415 1100 2461 1131 τ’
2489 1117 2502 1153 :
2538 1117 2556 1152 ι
2597 1100 2668 1153 ita
2703 1099 2869 1152 etiam
2901 1113 2968 1151 ex
2987 1097 3225 1155 secundo
3265 1104 3452 1151 nostro

1876 1194 2162 1267 principio,
2225 1194 2326 1247 hoc
2375 1200 2461 1245 est
2536 1189 2775 1255 Christo,
2827 1203 3012 1244 rursus
3054 1188 3107 1243 in
3142 1189 3452 1243 universum

1877 1299 2044 1357 genus
2093 1284 2391 1338 humanum
2431 1283 2541 1337 vita
2587 1279 3008 1336 transfunditur.
3041 1279 3194 1346 Quod
3236 1279 3453 1348 quidem

1875 1380 2039 1434 etiam
2073 1377 2514 1448 sapientissimus
2545 1373 2747 1428 Paulus
2766 1372 3052 1427 conﬁrmat
3086 1372 3310 1426 dicens:
3345 1389 3367 1422 ‹
3395 1369 3453 1424 Si

1876 1471 2022 1523 enim
2051 1469 2213 1523 unius
2236 1469 2433 1522 delicto
2477 1466 2631 1521 multi
2660 1463 2856 1518 mortui
2880 1473 3031 1528 sunt,
3069 1463 3238 1516 multo
3283 1461 3456 1532 magis

1881 1563 2040 1617 unius
2054 1561 2262 1632 justitia
2288 1560 2438 1614 multi
2471 1559 2652 1613 vivent
2675 1557 2743 1611 '°..
2769 1557 2898 1612 rEt
2931 1571 3142 1612 rursum
3168 1572 3181 1608 :
3211 1554 3456 1621 «sanm-

1878 1657 2168 1711 admodum
2229 1655 2374 1710 enim
2439 1655 2490 1709 in
2545 1652 2716 1707 Adam
2765 1665 2954 1705 omnes
3002 1649 3307 1704 moriuntur
3338 1647 3457 1701 :-ita

1879 1749 2042 1804 etiam
2073 1749 2126 1804 in
2155 1748 2373 1804 Christo
2420 1761 2610 1802 omnes
2650 1743 3064 1800 viviﬁcabuntur
3087 1741 3154 1797 ".
3196 1760 3213 1791 ι

1952 1927 2012 1983 Β.
2044 1927 2284 1998 Ineptum
2307 1925 2489 1996 itaque
2531 1933 2581 1979 et
2608 1922 3011 1978 dissentancum
3043 1935 3072 1974 a
3103 1935 3259 1975 sacra
3315 1917 3462 1974 Scri-

1880 2033 2038 2094 ptura
2067 2030 2152 2077 est
2195 2021 2508 2076 existimare
2555 2029 2610 2074 et
2665 2018 2848 2073 dicere
2907 2015 3180 2071 hominem
3247 2029 3462 2069 assum-

1881 2126 2030 2184 ptum
2081 2113 2242 2169 veluti
2324 2111 2600 2167 desertum
2657 2124 2688 2164 a
2749 2100 3087 2178 Verbo'ipsi
3150 2106 3462 2177 coniuncto,

1881 2203 2135 2261 humanis
2163 2202 2390 2259 vocibus
2413 2215 2566 2256 usum
2598 2198 2786 2254 fuisse.

1951 2389 2018 2443 Δ.
2051 2387 2276 2455 lmpmm
2313 2382 2489 2452 plane,
2546 2388 2708 2450 atque
2761 2388 3018 2434 extremae
3049 2375 3329 2447 cuiusdam
3376 2377 3460 2431 in-

1881 2479 2049 2536 saniae
2107 2485 2486 2547 argumentum
2551 2471 2734 2537 fuerit,
2793 2485 2963 2540 neque
2989 2469 3224 2525 alienum
3269 2469 3337 2524 ab
3397 2468 3466 2524 iis

1881 2572 1975 2644 qui
2012 2581 2156 2626 recte
2181 2569 2386 2626 sentire
2422 2566 2690 2621 nesciunt.
2725 2563 2860 2620 Cum
2900 2563 3058 2618 enim
3093 2563 3466 2634 sejungantac

1883 2659 2372 2731 scparentomnino
2406 2665 2459 2711 et
2483 2671 2643 2712 voces
2698 2664 2754 2709 et
2792 2669 2900 2719 res,
2929 2661 3093 2724 atque
3122 2653 3223 2708 hae
3245 2653 3464 2724 quidem

1882 2751 1985 2807 soli
2029 2764 2092 2804 ac
2138 2748 2484 2820 peculiariter
2542 2745 3123 2815 Unigcnitotribuant,
3182 2745 3281 2800 has
3340 2759 3468 2799 vero

1884 2842 2096 2897 cuidam
2148 2841 2363 2894 diverso
2409 2839 2476 2891 ab
2523 2836 2624 2891 hoc
2653 2835 2818 2901 Filio,
2851 2843 2904 2890 et
2948 2849 3014 2887 est
3055 2834 3281 2889 muliere
3316 2843 3465 2899 nato,

1885 2946 1918 2987 a
1976 2946 2102 2986 vera
2149 2927 2317 3000 758
2377 2935 2632 2994 rectaque
2685 2926 2770 2979 via
2825 2922 3100 2990 aberrant,
3155 2923 3468 2994 Christique

1886 3018 2204 3095 mysterium
2234 3032 2338 3071 non
2377 3014 2704 3086 intelligunt.

1957 3288 2018 3346 Β.
2044 3287 2158 3345 Non
2177 3298 2305 3344 sunt
2331 3286 2514 3357 itaque
2541 3286 2853 3354 separandae
2875 3298 3036 3340 voces
3064 3293 3157 3338 aut
3189 3297 3297 3349 res,
3333 3283 3466 3338 alla—

1886 3382 1961 3440 tis
2011 3382 2064 3439 in
2114 3381 2349 3438 medium
2396 3377 2725 3450 evangelicis
2759 3387 2921 3448 atque
2961 3376 3272 3448 apostolicis
3313 3378 3468 3434 testi-

1887 3473 2130 3540 maniis?

1955 3566 2022 3621 A.
2069 3565 2441 3634 Nequaquam,
2508 3571 2768 3631 quantum
2839 3560 3032 3615 attinet
3091 3558 3159 3614 ad
3212 3571 3470 3628 personas

1886 3659 2021 3714 duas
2047 3666 2101 3711 et
2150 3657 2469 3728 hypoctases
2501 3655 2637 3708 duas
2663 3653 2947 3708 distinctas
2976 3650 3118 3706 inter
3152 3665 3235 3716 se,
3268 3658 3325 3705 et
3345 3662 3469 3718 spe-

1886 3750 2102 3806 cialiter
2161 3749 2305 3804 inter
2363 3760 2423 3802 se
2493 3753 2732 3801 remotas
2766 3758 2936 3800 acum
3005 3743 3148 3798 enim
3207 3742 3276 3798 sit
3317 3756 3472 3801 unus

1885 3843 2060 3899 Filius
2099 3842 2333 3921 verbum
2392 3847 2610 3910 propter
2659 3852 2758 3891 nos
2808 3837 3173 3901 incarnatum,
3235 3833 3470 3890 dixerim

1886 3935 2070 3992 omnia
2097 3947 2221 3989 esse
2250 3931 2438 4000 ipsius,
2469 3944 2630 3986 voces
2661 3929 2934 3985 nimirum
2955 3936 3010 3984 et
3034 3943 3142 3996 res,
3184 3927 3473 3998 divinaque

1888 4025 2051 4082 simul
2077 4033 2133 4080 et
2165 4024 2421 4077 humana.

1957 4116 2021 4172 Β.
2051 4116 2196 4187 Ergo
2225 4132 2349 4170 cum
2396 4129 2461 4169 ex
2510 4113 2706 4170 itinere
2760 4115 3004 4171 defessus
3034 4115 3200 4171 fuisse
3238 4113 3468 4178 dicitur,

1890 4219 2055 4280 atque
2075 4207 2357 4272 esuriisse,
2384 4220 2747 4275 somnumque
2775 4207 3007 4282 cepisse,
3053 4207 3381 4264 convenitne
3414 4215 3473 4261 ut

1894 4316 1982 4360 res
2006 4301 2143 4358 adeo
2158 4300 2396 4358 minutas
2420 4313 2486 4357 ac
2505 4300 2638 4356 viles
2660 4299 2768 4356 Deo
2798 4300 2973 4358 Verbo
2996 4301 3368 4359 ascribamus?

3493 3142 3542 3207 C

3555 996 3784 1060 θάνατος
3818 995 3925 1049 ἀπὸ
3959 994 4131 1063 ’Λδάμ
4161 991 4326 1063 μέχρι
4356 989 4620 1052 Μωσέως,
4649 987 4746 1039 καὶ
4777 986 4870 1039 ἐπὶ
4899 985 5031 1047 τοὺς
5064 983 5146 1056 μὴ

3555 1089 3974 1159 ἁμαρτήσαντας
4025 1083 4118 1135 ἐπὶ
4165 1079 4243 1151 τῷ
4276 1077 4584 1150 ὁμοιώματι
4633 1077 4734 1145 τῆς
4773 1073 5148 1146 παραϐάσεως

3567 1181 3756 1250 Ἀδάμ·
3783 1196 3801 1230 ι
3837 1176 3981 1231 οὕτω
4010 1174 4106 1229 καὶ
4140 1172 4211 1226 τὰ
4251 1172 4317 1224 ὲκ
4346 1170 4448 1240 τῆς
4477 1167 4739 1240 δευτέρας
4773 1164 4934 1237 ἡμῶν
4961 1165 5138 1234 ἀπαρ-

3556 1271 3678 1343 χῆς,
3702 1268 3944 1324 τουτέστι
3967 1262 4230 1336 Χριστοῦ,
4260 1261 4420 1316 πάλιν
4445 1262 4525 1323 εἰς
4550 1260 4698 1314 ἅπαν
4720 1257 4784 1311 τὸ
4803 1255 5146 1328 ἀνθρώπινον

3553 1365 3875 1435 διαϐήσεται
3905 1359 4080 1428 γένος,
4111 1356 4206 1412 καὶ
4235 1351 4570 1411 πιστώσεται
4600 1350 4775 1419 λέγων
4806 1350 4836 1401 ὁ
4867 1348 5148 1416 πάνσοφος

3557 1454 3769 1516 Παῦλος
3789 1469 3802 1482 ⁸
3842 1469 3860 1504 ι
3887 1451 3952 1502 Εἰ
3984 1448 4092 1518 γὰρ
4116 1444 4196 1519 τῷ
4228 1443 4323 1498 τοῦ
4349 1441 4468 1506 ένὸς
4494 1437 4905 1512 παραπτώματι
4930 1439 4980 1490 ot
5013 1437 5148 1489 πολ-

3557 1549 3641 1602 λοὶ
3672 1545 3964 1604 ἀπέθανον,
3983 1538 4177 1609 πολλῷ
4213 1535 4414 1607 μᾶλλον
4448 1532 4526 1604 τῷ
4545 1532 4659 1586 τοῦ.
4677 1530 4794 1594 eve;
4815 1527 5151 1599 δικαιώματι

3559 1641 3607 1693 oi.
3637 1635 3822 1692 πολλοὶ
3849 1635 4160 1704 ζήσονται.»
4203 1627 4312 1681 Καὶ
4333 1624 4524 1679 πάλιν·
4544 1641 4577 1674 4
4604 1623 4817 1692 ’Ὠσπερ
4843 1619 4951 1688 γὰρ
4981 1621 5040 1672 ὲν
5069 1617 5155 1688 τῷ

3573 1730 3744 1799 Ἀδὰμ
3766 1725 3967 1787 πάντες
3985 1707 4442 1790 ἀποθνήσκουσιν,
4464 1714 4728 1770 οὕτωκαὶ
4755 1715 4816 1766 ὲν
4832 1711 4910 1782 τῷ
4925 1710 5154 1786 Χριστῷ

3469 1804 3532 1859 Β
3563 1820 3763 1881 πάντες
3793 1811 4315 1884 ζωοποιηθήσονται.
4344 1828 4362 1860 ι

3635 1912 3695 1963 Β.
3734 1905 3969 1973 ’Ᾱσοφον
4021 1896 4113 1954 οὖν
4147 1897 4256 1970 ἄρα
4309 1897 4404 1951 καὶ
4450 1894 4658 1966 ἀπᾷδον
4705 1876 4989 1954 παντελῶς
5035 1890 5154 1951 τοῖς

3567 2003 3728 2076 ίερόῖς
3773 1997 4093 2069 Γράμμασι,
4126 1989 4188 2043 τὸ
4217 1987 4427 2042 οἱέσθαί
4455 2003 4517 2040 τε
4541 1986 4637 2040 καὶ
4668 1984 4872 2053 λέγειν,
4905 1981 4997 2035 τὸν
5020 1981 5157 2034 ἀνα-

3564 2071 3838 2165 ληφθέντα
3884 2085 4195 2155 ἄνθρωπον,
4235 2081 4310 2144 ὡς
4363 2075 4866 2147 ὲγκαταλειφθέντα
4911 2072 5018 2126 ὑπὸ
5055 2071 5155 2125 τοῦ

3567 2163 3932 2252 συναφθέντος
3954 2173 4103 2246 αὐτῷ
4139 2170 4490 2242 Λόγουνταῖς
4521 2165 4892 2239 ἀνθρωπίναις
4916 2163 5157 2236 χρήσα-

3568 2276 3690 2330 σθαι
3723 2272 3949 2342 φωναῖς.

3634 2372 3700 2422 Α.
3742 2361 4015 2425 Δυσσεῦὲς
4046 2359 4144 2431 μὲν
4173 2351 4290 2424 οὖν,
4319 2348 4364 2410 ὦ
4390 2355 4596 2426 ἑταῖρε,
4633 2352 4729 2408 καὶ
4763 2350 4968 2422 τῆςείς
4998 2347 5158 2420 λῆξιν

3565 2452 3968 2529 έμόροντησίας
4018 2446 4293 2512 ἀπόδειξις
4343 2444 4431 2516 εἴη
4494 2443 4562 2497 ἂν
4613 2442 4708 2495 καὶ
4766 2437 4950 2529 μάλαῇ
4972 2437 5159 2509 σαφὴς

3563 2525 3737 2616 τουτὶ,
3759 2546 3860 2600 οὐκ
3885 2539 4142 2603 ἀπεοικός
4164 2555 4230 2608 γε
4261 2536 4368 2608 μὴν
4401 2537 4514 2598 τοῖς
4541 2533 4616 2605 μὴ
4646 2534 4862 2603 φρονεῖν
4893 2525 4951 2584 εὖ
4980 2532 5161 2598 ὲγνωο

3565 2645 3741 2698 κόσιν.
3782 2635 4004 2707 Ἐπειδὴ
4047 2631 4154 2704 γὰρ
4185 2627 4422 2685 διιστᾶσί
4461 2644 4522 2680 τε
4566 2625 4657 2680 καὶ
4685 2623 4982 2698 διορίζουσι
5015 2639 5158 2676 παν-

3566 2733 3705 2805 ταχῆ
3738 2730 3835 2784 καὶ
3868 2725 4052 2796 φωνὰς
4093 2722 4189 2776 καὶ
4220 2719 4546 2792 πράγματα,
4579 2717 4676 2770 καὶ
4714 2713 4812 2778 τὰς
4856 2715 4956 2784 μὲν
5006 2714 5161 2784 μόνῳ

3568 2826 3664 2882 καὶ
3699 2822 3882 2887 ίδικῶς
3919 2816 4324 2888 ὲκνενεμήκασι
4361 2812 4442 2884 τῷ
4485 2812 4820 2878 Μονογενεῖ,
4863 2807 4962 2871 τὰς
4988 2807 5048 2861 δὲ
5079 2809 5162 2873 ὡς

3567 2918 3744 2990 ἑτέρῳ
3770 2913 3898 2986 παρ’
3926 2911 4090 2966 αὑτὸν
4117 2907 4232 2979 Υἱῷ
4256 2923 4315 2960 τε
4355 2905 4448 2958 καὶ
4492 2903 4558 2956 ὲκ
4589 2899 4868 2970 γυναικὸς,
4895 2899 5162 2971 ταύτῃτοι

3565 3009 3982 3081 διημαρτήκασι
4030 3001 4130 3071 τῆς
4187 2999 4268 3062 είς
4312 2994 4440 3049 εὐθύ
4487 3010 4546 3046 τε
4593 2991 4687 3045 καὶ
4737 2990 5164 3061 ἀπλανεστάτης

3576 3101 3734 3168 ὁδοῦ,
3784 3097 3880 3152 καὶ
3925 3092 4018 3148 τοῦ
4067 3091 4264 3145 είδέναι
4305 3085 4492 3156 σαφῶς
4525 3084 4586 3138 τὸ
4645 3082 4882 3155 Χριστοῦ
4943 3084 5163 3154 μυστή-

3575 3213 3710 3269 ριον.

3641 3289 3701 3341 Β.
3745 3285 3820 3338 υὺ
3851 3279 4147 3353 διαιρετέον
4183 3271 4274 3331 οὗν
4326 3275 4434 3346 ἀρα
4487 3273 4692 3343 φωνὰς,
4744 3271 4778 3342 ἢ
4829 3269 5164 3341 πράγματα,

3571 3375 3976 3451 παροισθέντων
4022 3373 4104 3434 είς
4137 3365 4440 3442 μέσοντῶν
4488 3362 4866 3442 ειξαγγελικῶν
4895 3363 4991 3416 καὶ
5023 3362 5167 3415 ἀπο-

3571 3465 3834 3524 στολικῶν
3874 3482 3945 3535 κη
3953 3461 4286 3534 ρυγμάτων.;

3645 3563 3708 3616 Δ.
3751 3554 4052 3628 υὺμενοῦν,
4093 3553 4152 3606 τό
4195 3568 4260 3620 γε
4293 3545 4430 3624 ἧκον
4461 3549 4543 3613 είς
4587 3547 4863 3620 πρόσωπα
4895 3544 5013 3612 δύο,
5065 3544 5164 3598 καὶ

3573 3653 3903 3713 ὑποστάσεις
3933 3648 4030 3704 δύο
4081 3643 4421 3718 διῃρημένας
4470 3641 4747 3714 ἀλλήλων,
4791 3639 4884 3696 καὶ
4929 3641 5170 3709 ἀποφοι-

3571 3745 3752 3807 τώσας
3795 3741 4031 3795 είσάπαν
4077 3736 4263 3801 ἱδικῶς
4290 3753 4352 3789 τε
4390 3734 4487 3790 καὶ
4532 3733 4828 3804 ἀναμέρος.
4867 3730 5017 3793 Ἐνὸς
5050 3729 5170 3803 γὰρ

3571 3840 3726 3901 ὄντος
3779 3832 3934 3898 Υίοῦ,
3984 3830 4080 3885 τοῦ
4102 3829 4170 3883 δι’
4211 3828 4361 3900 ἡμᾶς
4390 3825 4917 3898 ὲνανθρωπήσαντος
4954 3821 5170 3890 Λόγου,

3573 3927 3741 3999 φαίην
3773 3925 3841 3980 ἂν
3861 3920 4004 3976 εἶναι
4038 3920 4218 3975 πάντα
4239 3916 4427 3982 αὑτοῦ,
4453 3915 4648 3985 λόγους
4679 3931 4741 3968 τε
4771 3913 4865 3967 καὶ
4898 3912 5176 3984 πράγμα-

3571 4036 3659 4085 τα,
3686 4018 3757 4072 τά
3779 4033 3838 4069 τε
3868 4011 4147 4084 θεοπρεπῆ
4179 4012 4275 4064 καὶ
4295 4008 4519 4082 προσέτι
4552 4005 4624 4062 τὰ
4643 4003 4978 4077 ἀνθρώπινα.

3644 4112 3706 4166 Β.
3750 4105 3960 4166 Οὐκοῦν
3987 4147 4003 4172 ,
4039 4102 4144 4158 κᾶν
4193 4086 4247 4156 εἰ
4289 4102 4356 4155 ἐκ
4399 4100 4499 4171 τῆς
4543 4095 4851 4168 ὁδοιπορίας
4898 4095 5171 4152 κοπιάσαι

3574 4205 3809 4272 λέγοιτο,
3841 4196 4096 4269 πεινῆσαὶ
4141 4212 4204 4249 τε
4233 4176 4328 4250 κᾶὶ
4373 4191 4545 4248 ὕπνου
4580 4191 4926 4264 μεταλαχεῐν,
4958 4190 5172 4263 πρέποι

3573 4293 3662 4361 ἂν,
3715 4292 3841 4347 είπέ
3901 4308 4017 4362 μοι,
4055 4289 4385 4369 προσνεῖμαι
4431 4282 4510 4355 τῷ
4538 4282 4657 4354 Θεῷ
4709 4283 4866 4354 Λόγῳ
4901 4283 4972 4338 τὰ
5017 4283 5173 4340 οὕτω

3578 4382 3791 4456 σμικρά
3811 4381 3907 4436 καὶ
3921 4377 4353 4452 ικατερριμμένα
4371 4392 4387 4443 ;

1962 4481 2028 4538 Δ.
2077 4481 2231 4537 Nudo
2261 4481 2480 4552 quidem
2521 4489 2579 4537 et
2605 4479 2840 4536 nondum
2869 4481 3174 4548 incarnato,
3199 4495 3262 4536 ac
3287 4480 3472 4551 prius-
3505 4479 3550 4537 ο
3644 4474 3712 4528 Δ.
3747 4470 3949 4544 Γυμνῷ
3987 4469 4088 4542 μὲν
4131 4469 4234 4530 ἔτι.
4262 4467 4357 4522 καὶ
4384 4466 4538 4522 οὔπω
4589 4483 4652 4521 σε

2521 4489 2579 4537 ει
2605 4479 2840 4536 nondum
2869 4481 3174 4548 incarnato,
3199 4495 3262 4536 ac
3287 4480 3472 4551 prius.
3505 4479 3550 4537 ι)
3644 4474 3712 4528 Δ.
3747 4470 3949 4544 Γυμνῷ
3987 4469 4088 4542 μὲν
4131 4469 4234 4530 έτι,
4262 4467 4357 4522 καὶ
4384 4466 4538 4522 οὔπω
4589 4465 5018 4538 σεσαρκωμένῳ,
5071 4467 5171 4521 καὶ

1892 4590 2054 4647 quam
2101 4573 2524 4630 exinanitionem
2573 4573 2817 4639 subiret,
2871 4586 3212 4642 nequaquam
3262 4590 3280 4629 :
3332 4581 3480 4631 recte

1892 4667 2036 4723 enim
2090 4664 2324 4734 iudicas.
2368 4665 2441 4720 At
2482 4678 2612 4720 vero
2653 4663 2936 4720 incarnato
2985 4671 3152 4731 atque
3198 4661 3478 4718 exinanito

1893 4759 2147 4825 quidnam
2179 4755 2489 4812 detrimenti
2542 4754 2648 4811 hoc
2683 4755 2733 4810 ei
2785 4751 2983 4808 atl‘erre
3003 4765 3165 4822 posse
3205 4756 3480 4810 censeas?

1893 4847 2357 4916 Quemadmodum
2379 4846 2524 4903 enim
2545 4843 2820 4914 propriam
2835 4840 3008 4910 ipsius
3035 4854 3255 4896 carnem
3277 4840 3476 4899 factam

1893 4952 2016 4994 esse
2042 4937 2299 5002 dicimus,
2327 4937 2400 4991 ita
2424 4931 2866 5001 vicissimipsius
2901 4942 3024 4984 esse
3063 4929 3355 4986 statuimus
3381 4946 3477 5003 per

1896 5026 2226 5082 consortium
2260 5021 2671 5084 incarnationis,
2701 5027 2770 5074 et
2829 5017 3039 5074 ratione
3069 5018 3482 5086 exinanitionis,

3577 4566 3709 4636 πρὶν
3720 4560 4059 4619 καθικέσθαι
4089 4559 4226 4633 πρὸς
4250 4558 4502 4628 κένωσιν,
4527 4557 4735 4630 πρέποι
4755 4557 4823 4613 ἂν
4843 4555 5048 4628 ἥκιστά
5075 4571 5167 4624 γε·

3575 4657 3795 4728 φρονεῖς
3845 4653 3957 4726 γὰρ
3987 4652 4187 4724 ὀρθῶς·
4237 4650 4724 4723 ὲνανθρωπήσαντι
4769 4648 4829 4704 δὲ
4873 4647 4969 4702 καὶ
5001 4663 5172 4702 κεκε-

3575 4746 3808 4819 νωμένῳ
3857 4747 4041 4800 ὁποῖον
4093 4744 4204 4816 ἄρα
4237 4741 4572 4816 προστρίψαι
4619 4741 4820 4813 βλάὁος
4860 4740 4923 4795 τδ
4974 4741 5172 4813 χρῆμα

3575 4840 3728 4912 αὐτῷ
3747 4857 3764 4908 ;
3786 4840 4000 4913 Ὥσπερ
4030 4839 4139 4910 γὰρ
4190 4837 4326 4892 ἰδίαν
4373 4835 4540 4890 αὐτοῦ
4569 4836 4670 4907 τὴν
4696 4835 4877 4908 σάρκα
4908 4832 5171 4904 γενέσθαι

3581 4932 3784 5006 φαμὲν,
3828 4929 3973 4986 οὕτω
4011 4929 4176 4984 πάλιν
4208 4929 4373 4986 αὑτοῦ
4407 4928 4530 4983 κατ’
4573 4927 4849 4982 οίκείωσιν
4895 4928 5174 4998 οίκονομι-

3582 5023 3706 5096 κήν,
3731 5022 3827 5077 καὶ
3859 5022 4004 5077 κατά
4028 5038 4094 5091 γε
4119 5021 4213 5075 τὸν
4252 5021 4353 5093 τῆς
4382 5019 4668 5084 κενώσεως
4696 5021 4920 5092 τρόπον,
4944 5020 5045 5083 τὰς
5069 5019 5174 5090 τῆς

1895 5116 2074 5194 carnis
2098 5109 2623 5171 etiamiacommoda
2641 5107 3261 5179 atqueimbecillitatem.
3276 5109 3485 5168 Similis
3583 5113 3786 5185 σαρκὸς
3816 5111 4123 5178 ἀσθενείας.
4181 5111 4455 5184 Ὡμοιώθη
4496 5111 4585 5183 γάι

2481 5109 2623 5164 noda
2641 5107 3485 5179 atqueimbecillitatem.Similis
3583 5113 3786 5185 σαρκὸς
3816 5111 4123 5178 ἀσθενείας.
4181 5111 4455 5184 Ὡμοιώθη
4496 5111 4606 5183 γὰρ
4633 5109 4780 5166 κατὰ
4829 5110 5010 5166 πάντα
5053 5113 5171 5175 τοῖς

1896 5206 2040 5261 enim
2067 5207 2245 5262 factus
2283 5213 2368 5258 est
2382 5215 2493 5271 per
2519 5200 2700 5254 omnia
2727 5199 2984 5257 fratribus
3014 5201 3083 5271 δι,
3115 5211 3341 5272 excepto
3361 5202 3478 5259 solo
3579 5205 3849 5275 ἀδελφοῖς,
3871 5205 3994 5276 δίχα
4018 5205 4186 5276 μόνης
4208 5203 4509 5275 ἁμαρτίας.
4527 5205 4586 5259 Κε

2477 5215 2493 5253 r
2519 5200 2700 5254 omnia
2727 5199 2984 5257 fratribus
3014 5201 3083 5271 ηε,
3115 5211 3341 5272 excepto
3361 5202 3478 5259 solo
3579 5205 3849 5275 ἀδελφοῖς,
3871 5205 3994 5276 δίχα
4018 5205 4186 5276 μόνης
4208 5203 4509 5275 ἁμαρτίας.
4527 5204 4638 5259 Καὶ
4670 5204 4831 5275 μήτοι
4855 5203 5167 5277 θαυμάσῃς,

1897 5305 2137 5368 peccato.
2195 5293 2381 5362 Neque
2422 5290 2636 5346 mireris
2682 5291 2727 5348 si
2772 5305 2876 5345 una
2926 5305 3048 5346 cum
3105 5305 3271 5346 carne
3311 5291 3475 5348 etiam
3581 5295 3751 5358 είτέις
3777 5296 3875 5364 τῆς
3902 5295 4104 5367 σαρκὸς
4131 5293 4416 5358 ἀσθενείας
4445 5295 4585 5348 οἰκει

2481 5290 2636 5346 iretis
2682 5291 2727 5348 si
2772 5305 2876 5345 una
2926 5305 3048 5346 cum
3105 5305 3271 5346 carne
3311 5291 3475 5348 etiam
3581 5295 3751 5358 είτέις
3777 5296 3875 5364 τῆς
3902 5295 4104 5367 σαρκὸς
4131 5293 4416 5358 ἀσθενείας
4445 5291 4780 5348 οἰκειοῦσθαι
4802 5309 4984 5364 φαμεν
5005 5294 5171 5347 αὐτὸν

1897 5387 2080 5443 carnis
2108 5380 2506 5440 imbecillitzttes
2556 5380 2659 5438 sibi
2689 5382 2948 5439 ascivisse
2975 5383 3150 5454 ipsum
3195 5383 3427 5438 dicimus
3458 5399 3474 5449 ;
3588 5388 3726 5459 μετά
3750 5387 3851 5458 τῆς
3889 5387 4114 5459 σαρκὸς,
4145 5387 4268 5441 ὃθεν
4323 5386 4420 5441 καὶ
4449 5385 4549 5450 τὰς
4577 5385 4587 5437 l

2480 5395 2506 5435 ε
2556 5380 2659 5438 sibi
2689 5382 2948 5439 asciVisse
2975 5383 3150 5454 ipsum
3195 5383 3427 5438 dicimus
3458 5399 3474 5449 ς
3588 5388 3726 5459 μετά
3750 5387 3851 5458 τῆς
3889 5387 4114 5459 σαρκὸς,
4145 5387 4268 5441 ὃθεν
4323 5386 4420 5441 καὶ
4449 5385 4549 5450 τὰς
4577 5384 4813 5457 θύραθεν
4858 5383 5170 5456 παροινίας,

1900 5481 2039 5535 unde
2087 5486 2144 5533 et
2200 5481 2454 5530 externas
2493 5474 2848 5532 contumelias
2894 5490 2925 5529 a
2946 5473 3166 5530 Iudaeis
3223 5473 3478 5539 ferociter
3585 5476 3682 5539 τὰς
3711 5476 3820 5530 ἀπό
3845 5493 3910 5545 γε
3936 5476 4038 5546 τῆς
4063 5475 4170 5530 τῶν
4197 5475 4471 5531 Ἰουδαίων
4502 5494 4590 5532 exc

2493 5474 2848 5532 contumelias
2894 5490 2925 5529 a
2946 5473 3166 5530 Iudaeis
3223 5473 3478 5539 ferociter
3585 5476 3682 5539 τὰς
3711 5476 3820 5530 ἀπό
3845 5493 3910 5545 γε
3936 5476 4038 5546 τῆς
4063 5475 4170 5530 τῶν
4197 5475 4471 5531 Ἰουδαίων
4502 5475 4826 5546 σκαιότητος
4853 5475 5172 5546 ὶπενεχθεί-

1899 5571 2002 5626 sibi
2027 5570 2225 5633 illatas,
2249 5560 2456 5635 sibiipsi
2486 5566 2758 5637 ascripsit,
2783 5566 2968 5622 dicens
2997 5581 3091 5636 per
3113 5580 3298 5621 vocem
3333 5565 3473 5619 Psal-
3586 5585 3685 5630 aa;
3715 5566 3886 5637 αὐτῷ,
3944 5567 4107 5623 πάλιν
4161 5567 4343 5641 ἑαυτῷ
4375 5585 4589 5641 προσνε·

2486 5566 2758 5637 ascripsit,
2783 5566 2968 5622 dicens
2997 5581 3091 5636 per
3113 5580 3298 5621 vocem
3333 5565 3473 5619 Psal-
3586 5585 3685 5630 σας
3715 5566 3886 5637 αὐτῷ,
3944 5567 4107 5623 πάλιν
4161 5567 4343 5641 ἑαυτῷ
4375 5567 4813 5641 προσνενέμηκε,
4853 5567 5026 5636 λέγων
5080 5566 5176 5621 διὰ

1966 5751 2009 5783 ⁷⁸
2058 5747 2213 5804 Rom.
2251 5749 2394 5817 v,l4.
2473 5749 2518 5781 "
2544 5748 2672 5806 ibid.
2705 5743 2787 5800 l5.
2864 5743 2907 5776 ⁸⁸
2938 5741 3108 5801 iCor.
3135 5759 3223 5814 xv,
3253 5745 3342 5801 22.
3418 5744 3462 5779 ⁸³
3493 5745 3652 5803 Hebr.
3687 5761 3750 5815 It,
3791 5745 3875 5803 l7.
