6812 6612
1880 386 2018 445 1335

2873 388 2932 444 s.
2974 386 3248 442 υικιιιι
3288 382 3760 439 ALEXANDRINI
3800 363 4139 440 ARCHIEP.’

5006 384 5148 442 1556

1948 502 2008 559 Β.
2053 502 2283 558 ΜΑΧΠΠΘ
2310 502 2491 572 aiunt;
2528 502 2813 559 continuat
2839 503 2983 558 enim
3016 503 3070 558 in
3103 504 3205 558 hoc
3249 517 3345 557 nos
3378 519 3464 558 sa-
3495 508 3541 563 Λ
3644 500 3706 555 Β.
3747 499 3879 562 Ναὶ,
3916 498 4111 570 φασίν·
4146 496 4376 568 ἑμπεδοϊ
4401 496 4511 571 γὰρ
4553 497 4638 569 πρὲ

2477 521 2491 572 ;
2528 502 2813 559 continuat
2839 503 2983 558 enim
3016 503 3070 558 in
3103 504 3205 558 hoc
3249 517 3345 557 nos
3378 519 3464 558 sa-
3495 508 3541 563 Λ
3644 500 3706 555 Β.
3747 499 3879 562 Ναὶ,
3916 498 4111 570 φασίν·
4146 496 4376 568 ἑμπεδοϊ
4401 496 4511 571 γὰρ
4553 497 4689 569 πρὸς
4718 497 4875 552 τοῦτο
4929 499 5074 570 ἡμᾶς
5124 496 5162 551 6

1881 596 2252 666 pientissimus
2292 595 2510 660 Paulus,
2544 596 2612 649 ita
2643 596 2887 651 scribens
2925 614 2940 651 :
2996 616 3014 649 ι
3046 596 3280 651 Decebat
3314 597 3458 651 enim

1880 704 2005 743 eum
2059 698 2283 758 prOpter
2308 703 2466 758 quem
2487 678 2706 754 omnia,
2744 698 2797 741 ct
2829 702 2926 758 per
2952 703 3114 759 quem
3138 690 3346 755 Omnia,
3372 691 3461 759 qui

1880 780 2080 836 multos
2111 779 2248 834 ﬁlios
2279 779 2329 832 in
2359 778 2585 850 gloriam
2615 779 2936 844 adduxerat,
2958 791 3240 836 auctorem
3275 781 3466 838 salutis

1878 887 2067 926 eorum
2112 886 2209 939 per
2258 873 2561 942 passionem
2608 874 3052 929 consummare’.
3086 893 3106 925 ι
3150 873 3251 930 Hic
3294 875 3463 939 enim,

1881 963 2145 1032 inquiunt,
2176 964 2228 1018 in
2273 979 2382 1034 quo
2425 965 2632 1030 omnia,
2673 975 2727 1020 et
2774 980 2869 1035 per
2900 982 3064 1037 quem
3109 969 3313 1036 omnia,
3357 984 3462 1023 non

1879 1055 2016 1110 alius
2064 1052 2229 1110 fuerit
2273 1071 2435 1125 quam
2486 1057 2720 1113 Verbum
2771 1072 2838 1113 ex
2887 1059 2997 1114 Deo
3041 1061 3307 1130 genitum.
3344 1059 3462 1129 Ipse

1878 1147 2047 1214 igitur
2089 1147 2319 1218 perfecit
2354 1163 2452 1217 per
2482 1151 2789 1218 passionem
2827 1160 3103 1205 auctorem
3147 1151 3340 1206 salutis
3368 1166 3463 1205 no-

1876 1250 2028 1307 stra,
2071 1241 2174 1296 boc
2213 1249 2298 1295 est
2334 1255 2459 1296 eum
2492 1242 2690 1312 quiest
2715 1255 2783 1296 ex
2819 1243 3028 1299 semine
3056 1241 3246 1302 David.

1946 1396 2015 1452 Δ.
2061 1396 2176 1453 Non
2211 1398 2374 1470 igitur
2418 1399 2682 1470 redempti
2724 1415 2914 1458 sumus
2952 1416 2981 1456 a
3016 1402 3147 1458 Deo.
3181 1403 3462 1469 Quomodo

1876 1491 2045 1555 enim,
2084 1501 2179 1545 aut
2216 1490 2399 1546 unde?
2421 1492 2517 1548 sed
2561 1493 2742 1563 potius
2769 1494 2947 1551 alieno
2980 1497 3282 1566 sanguine;
3315 1512 3463 1552 mor-

1878 1595 2115 1653 tuusque
2134 1593 2219 1641 est
2241 1585 2461 1655 quidam
2484 1601 2584 1656 pro
2616 1587 2774 1642 nobis
2795 1588 3169 1658 supposititius
3199 1589 3314 1645 sive
3340 1605 3463 1646 suc-

1876 1678 2140 1733 eidaneus
2188 1679 2372 1745 homo,
2407 1687 2462 1733 et
2505 1677 2628 1734 falsi
2679 1679 2916 1735 nominis
2960 1679 3121 1735 filius.
3165 1678 3340 1750 Atque
3385 1681 3458 1735 ita

1878 1785 2134 1842 magnum
2170 1770 2298 1826 illud
2323 1786 2390 1827 ac
2436 1772 2803 1827 venerandum
2844 1771 3234 1827 incarnationis
3260 1770 3460 1842 Uuige—

1876 1864 1976 1917 uiti
2015 1863 2357 1933 mysterium,
2387 1878 2552 1919 merae
2581 1878 2738 1935 ungat
2788 1872 2953 1933 atque
2999 1864 3312 1934 imposturae
3343 1864 3460 1919 fue—
3495 1854 3538 1909 Β

1877 1955 2008 2010 rint.
2033 1955 2138 2011 Sed
2168 1970 2340 2026 neque
2362 1956 2525 2012 homo
2548 1955 2726 2012 factus
2758 1967 2863 2012 est.
2886 1955 3225 2012 Salvatorem
3250 1972 3377 2014 vero
3397 1971 3463 2013 ac

1873 2044 2291 2118 Redemptorem
2326 2049 2663 2116 vocabimus,
2696 2064 2802 2106 non
2826 2050 3046 2121 quidem
3090 2048 3459 2122 Unigeuitum,

1874 2142 1970 2197 aed
2001 2141 2150 2197 illum
2166 2143 2343 2214 potius
2357 2142 2450 2214 qui
2474 2145 2794 2215 sanguinem
2813 2160 2972 2201 suum
2993 2159 3094 2215 pro
3113 2146 3269 2201 nobis
3291 2146 3458 2206 dedit.

1870 2233 2038 2305 Atqui
2058 2236 2465 2292 sacratissimus
2494 2235 2695 2293 Paulus
2718 2238 2786 2293 ad
2817 2239 3080 2308 quosdam
3116 2238 3189 2293 ita
3223 2238 3414 2295 scribit
3441 2255 3456 2293 :

1877 2344 1898 2378 ι
1931 2324 2168 2383 Necesse
2199 2336 2286 2384 est
2333 2343 2466 2399 ergo
2502 2328 2838 2400 exemplaria
2885 2329 3104 2400 quidem
3156 2331 3457 2385 caelestium

1872 2419 1959 2474 bis
1986 2420 2239 2476 mandari
2273 2438 2289 2476 :
2323 2421 2439 2492 ipsa
2471 2429 2655 2497 autem
2686 2421 2955 2489 cmlestia,
3002 2422 3319 2477 melioribus
3358 2422 3459 2477 lto-
3504 2496 3509 2497 γ

1868 2508 1991 2564 stiis
2014 2524 2181 2580 quam
2212 2509 2351 2565 istis.
2375 2508 2494 2565 Non
2517 2510 2662 2565 enim
2684 2511 2738 2566 in
2759 2512 3068 2568 manufacta
3093 2523 3280 2568 sancta
3302 2512 3460 2570 Jesus

1868 2602 2138 2670 introivit,
2159 2603 2493 2674 exemplaria
2521 2619 2797 2674 verorum,
2821 2605 2918 2662 sed
2950 2606 3005 2661 iu
3032 2607 3206 2678 ipsum
3237 2608 3456 2673 cretum,

1870 2706 1932 2752 ut
1958 2707 2221 2766 appareat
2259 2713 2403 2753 nunc
2446 2697 2619 2753 vultui
2669 2698 2767 2754 Dei
2812 2713 2910 2767 pro
2955 2698 3134 2754 nobis.
3181 2698 3370 2769 Neque
3402 2710 3458 2755 ut

1868 2804 2016 2861 ωερε
2054 2788 2247 2847 offerat
2280 2791 2661 2861 semetipsum,
2705 2791 3159 2859 quemadmodum
3219 2780 3459 2862 pontifex

1866 2881 2040 2938 intrat
2091 2883 2146 2938 in
2198 2882 2397 2939 Sancta
2448 2897 2547 2953 per
2596 2882 2841 2955 singulos
2884 2898 3058 2940 annos
3108 2885 3161 2939 in
3195 2886 3459 2955 sanguine

1865 2977 2045 3032 alieno
2077 2997 2092 3034 :
2124 2976 2364 3047 alioquin
2411 2977 2698 3048 oportebat
2738 2993 2868 3034 eum
2905 2978 3219 3049 frequenter
3248 2978 3355 3048 pati
3390 2980 3458 3034 ab

1864 3070 2080 3142 origine
2123 3071 2349 3137 mundi;
2389 3086 2535 3126 nunc
2578 3080 2760 3125 autem
2813 3071 2980 3126 semel
3022 3073 3077 3126 in
3106 3086 3455 3127 consumma-

1869 3166 2018 3220 tione
2045 3165 2365 3221 satculorum
2396 3165 2464 3219 ad
2495 3165 2918 3220 destructionem
2956 3166 3163 3235 peccati
3215 3182 3313 3236 per
3359 3167 3456 3221 bo-

1866 3259 2027 3312 stiam
2057 3272 2208 3313 suam
2243 3256 2404 3329 763
2428 3258 2678 3328 apparuit
2702 3258 2768 3314 ¹⁰.
2801 3276 2820 3308 ι
2855 3255 3037 3328 Typus
3062 3257 3246 3328 itaque
3273 3258 3455 3324 habet,
3485 3237 3527 3294 (ἶ

1833 3342 1923 3405 ’ὶη
1963 3351 2227 3421 sanguine
2284 3351 2465 3406 alieno
2501 3351 2616 3407 ﬁeri
2666 3351 2877 3407 aditum
2924 3360 2980 3405 et
3024 3351 3270 3406 mundari
3319 3366 3461 3405 non-

1865 3440 2065 3496 nullos.
2103 3441 2202 3497 Rei
2235 3451 2418 3496 autem
2443 3441 2647 3497 veritas
2670 3440 2829 3512 longe
2858 3442 3208 3512 praestantius
3236 3440 3369 3511 quid
3403 3442 3454 3496 in

1867 3548 1929 3589 se
1967 3536 2150 3601 habet,
2187 3536 2291 3591 hoc
2320 3545 2425 3602 est,
2460 3533 2645 3590 Jesum
2675 3535 2767 3604 qui
2803 3536 3021 3606 proprio
3053 3536 3319 3606 sanguine
3358 3535 3459 3591 boc

1866 3637 2108 3698 praestet,
2146 3628 2532 3693 introeuntem,
2567 3643 2674 3682 non
2702 3628 2754 3681 in
2784 3641 2974 3683 recens
3008 3626 3225 3695 aliquod
3256 3636 3313 3682 et
3347 3643 3460 3681 ma-

1869 3718 2148 3774 nul'actum
2208 3717 2646 3783 tabernaculum;
2694 3719 2838 3788 quod
2898 3717 2949 3771 in
2991 3716 3179 3772 umbra
3215 3732 3281 3772 ac
3317 3717 3458 3788 typis

1866 3809 2211 3881 intelligitur,
2245 3811 2342 3865 sed
2377 3810 2431 3864 in
2471 3809 2698 3865 caeleste
2741 3824 2808 3864 ac
2845 3825 3054 3874 verum,
3104 3810 3208 3864 boc
3259 3823 3365 3876 est,
3402 3810 3455 3865 in

1865 3904 2088 3960 caelum.
2130 3902 2366 3959 Necesse
2395 3902 2541 3958 enim
2573 3912 2661 3957 est
2685 3902 3014 3974 exemplaria
3040 3902 3342 3960 caslestium
3370 3905 3459 3960 bis

1866 3993 2144 4056 mundari,
2197 3995 2300 4048 hoc
2327 4003 2433 4061 est,
2485 3993 2731 4062 ﬁguratis
2764 4002 2927 4063 atque
2956 3993 3151 4071 alienis
3175 4014 3189 4048 :
3212 3996 3455 4051 caelestia

1865 4101 2000 4141 vero
2041 4086 2200 4157 longe
2235 4084 2554 4141 melioribus
2597 4086 2788 4141 bestiis
2818 4101 2980 4155 quam
3005 4087 3089 4141 ha:
3116 4097 3263 4141 sunt.
3295 4087 3455 4156 Quae-

1865 4177 2095 4232 rendum
2128 4178 2294 4248 igitur
2314 4187 2400 4233 est
2429 4185 2483 4233 et
2509 4177 2744 4248 ‘quidem
2787 4180 3097 4235 necessario
3129 4179 3181 4234 in
3216 4180 3454 4246 Christo,

1866 4269 1922 4324 id
1954 4271 2095 4339 quod
2121 4278 2205 4324 est
2228 4269 2576 4338 praestantius
2596 4284 2769 4339 quam
2792 4269 2995 4340 ﬁgurae.
3022 4266 3224 4326 Verum
3275 4283 3454 4326 autent

1865 4362 1988 4417 dico
2034 4363 2086 4417 id
2131 4360 2276 4432 quod
2327 4367 2413 4417 est
2456 4361 2513 4415 in
2560 4360 2824 4430 sanguine
2860 4361 3100 4431 proprio.

1933 4517 1995 4573 Β.
2038 4517 2209 4573 Recte
2237 4516 2336 4571 ais.

1934 4613 2004 4668 A.
2045 4612 2179 4667 Cum
2223 4626 2351 4666 vero
2384 4611 2683 4681 apostolico
2723 4611 2865 4668 dicto
2913 4611 3193 4680 insultent,
3231 4614 3457 4682 perinde
3488 4589 3534 4643 Ῑ)

1865 4717 1931 4758 ac
1985 4704 2031 4759 si
2093 4703 2161 4759 ad
2203 4703 2476 4775 vulgarem
2525 4703 2762 4774 aliquem
2812 4703 3087 4761 hominem
3141 4707 3455 4769 referretur,

1867 4811 1968 4868 age
2000 4805 2169 4851 totam
2205 4797 2534 4853 sententiam
2555 4797 2794 4853 abinitio
2816 4806 3156 4875 repetamus,
3176 4815 3457 4875 quousque

1866 4890 1936 4943 ad
1966 4889 2273 4944 institutum
2304 4905 2615 4945 sermonem
2643 4889 2792 4944 facit.
2830 4889 3104 4959 Scriptum
3137 4891 3317 4960 itaque
3340 4903 3457 4947 est:

1871 4996 1894 5032 ι
1928 4977 2064 5034 Ευιιι
2088 4990 2267 5035 autem
2287 4983 2382 5052 qui
2407 4982 2621 5035 modico
2645 4996 2807 5049 quam
2836 4982 3011 5053 angeli
3039 4982 3456 5049 minoratusest,

1865 5075 2116 5132 videmus
2130 5073 2319 5130 Jesum
2343 5083 2563 5144 propter
2576 5074 2883 5143 passionem
2898 5076 3086 5130 mortis
3102 5075 3270 5145 gloria
3288 5086 3344 5131 et
3363 5077 3462 5132 Ito-

1868 5182 2005 5223 uore
2019 5176 2362 5223 coronatum.
2382 5167 2618 5221 Docebat
2632 5166 2779 5221 enim
2796 5181 2919 5221 eum
2937 5179 3325 5238 propterquem
3341 5184 3460 5225 om-

1867 5263 1981 5325 nia,
2004 5271 2057 5317 et
2082 5277 2178 5333 per
2198 5276 2360 5332 quem
2394 5266 2598 5323 omnia,
2624 5262 2716 5332 qui
2744 5262 2941 5317 multos
2967 5263 3105 5319 ﬁlios
3146 5265 3199 5317 in
3229 5265 3456 5333 gloriam

1867 5355 2189 5419 adduxerat,
2227 5365 2504 5410 auctorem
2549 5355 2744 5410 salutis
2785 5370 2973 5411 eorum
3017 5371 3115 5426 per
3152 5357 3458 5426 passionem

1868 5462 2268 5505 consummare.
2287 5448 2390 5515 Qui
2420 5448 2564 5504 enim
2581 5451 2910 5517 sanctiﬁcat,
2928 5459 2979 5506 et
2999 5450 3091 5520 qui
3109 5451 3458 5507 sanctiﬁcan—

1872 5546 1959 5593 tur
1989 5555 2055 5593 ex
2090 5554 2202 5596 uno
2229 5554 2443 5595 omnes.
2479 5538 2708 5611 Propter
2742 5557 2904 5611 quam
2934 5557 3156 5597 causam
3190 5559 3295 5598 non
3325 5558 3460 5597 con-

1871 5628 2115 5686 tunditur
2130 5646 2224 5688 eos
2247 5631 2446 5689 fratres
2464 5649 2664 5690 vocare
2691 5634 2877 5692 dicens
2902 5652 2915 5689 :
2962 5632 3237 5692 Nuntiabo
3266 5650 3458 5692 nomen

1919 5813 1966 5847 ·⁹
2004 5813 2170 5872 Hebr.
2200 5829 2259 5883 tt,
2296 5817 2383 5877 l0.
2464 5820 2505 5852 ‘°
2545 5819 2707 5876 Hebr.
2748 5837 2819 5883 Ix,
2850 5820 3046 5876 9.5-9.6.

3570 594 3847 663 πάνσοφος
3902 591 4153 656 Παῦλος,
4203 590 4299 645 ὡδὶ
4328 590 4651 663 γεγραφώς·
4696 608 4715 641 σ
4747 591 4995 661 Ἔπρεπε
5040 590 5154 659 γὰρ

3565 685 3714 757 αὐτῷ
3761 686 3828 739 δι’
3854 684 3914 738 ὃν
3942 683 4013 738 τά
4047 684 4249 748 πάντα,
4282 683 4377 737 καὶ
4405 683 4471 736 δι’
4500 676 4562 736 οῦ
4601 683 4669 737 τά
4691 681 4891 746 πάντα,
4924 680 5153 745 πολλοὺς

3566 773 3716 837 υἱοὺς
3741 776 3821 837 εἰς
3850 772 4012 840 δόξαν
4035 773 4335 841 ἀγαγόντα,
4362 772 4456 826 τὸν
4477 772 4719 844 ἀρχηγὸν
4744 773 4846 843 τῆς
4876 770 5153 842 σωτηρίας

3563 859 3745 914 αὐτῶν
3776 860 3862 914 διὰ
3898 859 4238 931 παθημάτων
4268 859 4574 914 τελειῶσαι.
4603 882 4621 915 t
4673 862 4732 915 Ὀ
4760 862 4872 935 γάρ
4909 878 5012 926 τοι,
5047 879 5153 926 φα-

3566 952 3673 1019 σὶν,
3699 953 3758 1005 ὲν
3786 945 3831 1021 ᾧ
3861 952 3931 1006 τὰ
3969 952 4166 1019 πάντα,
4193 954 4287 1007 καὶ
4307 952 4377 1005 δι’
4407 946 4468 1007 οὗ
4488 952 4557 1007 τὰ
4582 953 4778 1019 πάντα,
4816 953 4902 1023 εἴη
4930 952 4996 1006 ἂν
5029 953 5152 1007 ἓτε-

3565 1061 3659 1116 ρος
3691 1044 3870 1108 οὐδεὶς
3897 1043 4050 1116 παρά
4068 1059 4133 1113 γε
4161 1044 4255 1097 τὸν
4282 1045 4349 1096 ἑκ
4376 1043 4514 1098 Θεοῦ
4551 1044 4727 1115 φύντα
4754 1042 4948 1113 Λόγον.
4976 1045 5153 1111 Αὐτὸς

3562 1134 3857 1208 τοιγαροῦν
3895 1135 4181 1190 ἐτελείωσε
4243 1135 4334 1189 διὰ.
4380 1136 4724 1207 παθημάτων
4765 1134 4858 1190 τὸν
4903 1137 5153 1208 ἀρχηγὸν

3560 1227 3663 1297 τῆς
3696 1225 3972 1296 σωτηρίας
4002 1224 4182 1297 ἡμῶν,
4208 1225 4480 1291 τουτέστι,
4502 1225 4596 1280 τὸν
4618 1225 4683 1278 ὲκ
4712 1224 5027 1296 σπέρματος
5051 1225 5148 1280 τοῦ

3563 1316 3747 1373 Δαϐίδ.

3636 1409 3701 1462 Δ.
3729 1406 4131 1480 Λελυτρὼμεθα
4154 1402 4269 1477 οὖν,
4300 1406 4454 1478 παρὰ
4472 1405 4610 1461 Θεοῦ
4640 1407 4741 1479 μὲν
4776 1406 4878 1460 οὐκ
4900 1404 4979 1458 ἔτι
5010 1404 5152 1476 (πῶς

3562 1499 3692 1572 γὰρ,
3723 1499 3757 1571 ἢ
3783 1499 3990 1571 πόθεν),
4024 1499 4289 1572 ἀλλοτρίῳ
4325 1500 4384 1553 δὲ
4433 1500 4635 1570 μᾶλλον
4663 1500 4860 1568 αἵματι
4880 1514 4893 1527 ·
4928 1498 5021 1551 καὶ
5053 1498 5151 1551 τέο

3563 1593 3730 1664 θνηκέ
3757 1609 3842 1657 τις
3881 1593 4025 1664 ὑπὲρ
4074 1592 4233 1664 ἡμῶν
4256 1640 4261 1644 .
4288 1592 4678 1663 ὑποϐολιμαῖος
4712 1591 5019 1663 ἄνθρωπος,
5053 1591 5155 1644 καὶ

3563 1680 3678 1750 υίὸς
3698 1686 4074 1757 ψευδώνυμος·
4103 1687 4198 1740 καὶ
4225 1686 4287 1740 τὸ
4335 1686 4533 1740 σεπτὸν
4559 1686 4655 1740 καὶ
4698 1685 4842 1757 μέγα
4871 1687 4968 1756 τῆς
4997 1686 5154 1739 ὲναν-

3564 1778 3903 1850 θρωπήσεως
3923 1777 4018 1832 τοῦ
4042 1777 4385 1847 Μονογενοῦς
4416 1779 4737 1849 μυστήριον,
4764 1776 4924 1841 ὕθλος
4943 1772 5012 1847 ἦν
5040 1775 5155 1847 ἄρα

3563 1872 3658 1927 καὶ
3693 1875 4029 1942 φενακισμός
4050 1887 4063 1901 ·
4098 1871 4194 1925 καὶ
4232 1870 4356 1924 οὔτε
4387 1869 4953 1941 γέγονεν,άνθρωπος.
4999 1869 5155 1922 Ἑπι-

3564 1962 3890 2034 γραψόμεθα
3928 1962 4164 2035 Σωτῆρα
4192 1963 4288 2016 καὶ
4326 1961 4645 2033 Λυτρωτὴν,
4672 1961 4875 2032 ἥκιστα
4906 1960 5005 2031 μὲν
5050 1959 5153 2012 a6-

3561 2056 3675 2119 τὸν,
3719 2056 3929 2109 ἐκεῖνον
3953 2054 4011 2108 δὲ
4061 2054 4263 2125 μᾶλλον
4289 2095 4306 2121 ,
4348 2054 4407 2119 ὃς
4469 2052 4533 2106 τὸ
4568 2052 4701 2107 ῐδιον
4737 2046 4879 2124 αἷμα
4917 2052 5158 2106 δέδωκεν

3562 2148 3704 2218 ὑπὲρ
3732 2146 3911 2218 ἡμῶν.
3943 2146 4136 2200 Καίτοι
4160 2145 4409 2217 γέγραφέ
4457 2161 4600 2199 τισιν
4628 2146 4657 2198 ό
4685 2142 4979 2215 ἱερώτατος
4998 2142 5156 2197 Παῦε

3561 2239 3673 2304 λοςο
3707 2259 3724 2292 ι
3766 2238 4006 2311 Ἀνάγκη
4031 2234 4127 2293 οὖν
4158 2239 4230 2292 τὰ
4266 2239 4364 2309 μὲν
4398 2237 4779 2308 ὑποδείγματα
4819 2235 4929 2290 τῶν
4957 2238 5015 2288 ἐν
5036 2238 5156 2301 τοῖς

3560 2333 3813 2404 οὐρανοῖς
3837 2330 4047 2394 τούτοις
4081 2327 4500 2400 καθαρίζεσθαι,
4534 2326 4677 2382 αύτά
4713 2327 4771 2380 δὲ
4804 2326 4892 2403 τά.
4912 2326 5159 2397 ἐπουρά-

3563 2444 3652 2478 νια
3704 2424 3980 2495 κρείττοσι
4010 2423 4226 2488 θυσίαις
4255 2423 4410 2494 παρὰ
4440 2421 4636 2475 ταῦτα.
4669 2421 4746 2475 Οὐ
4771 2419 4881 2492 γάρ
4923 2420 5006 2482 είς
5039 2436 5158 2490 χει-

3564 2518 3832 2589 ροποίητα
3863 2516 4113 2587 εἰσῆλθεν
4137 2516 4270 2584 ἆγια
4297 2514 4554 2585 Χριστὸς,
4584 2513 4854 2568 ἀντίτυπα
4883 2513 4993 2567 τῶν
5020 2513 5158 2582 ἁληο

3560 2610 3742 2675 θινῶν,
3768 2610 3880 2664 ἀλλ’
3909 2611 3989 2672 είς
4011 2608 4174 2662 αὐτὸν
4206 2607 4301 2661 τὸν
4329 2606 4578 2678 οὐρανὸν,
4612 2605 4721 2671 νῦν,
4747 2604 5158 2677 ἐμφανισθῆναι

3559 2699 3638 2771 τῷ
3661 2699 3943 2770 προσώπῳ
3968 2699 4065 2752 τοῦ
4089 2697 4224 2751 Θεοῦ
4248 2699 4392 2769 ὑπὲρ
4413 2697 4594 2769 ἡμῶν.
4622 2699 4759 2753 Οὐδὲ
4781 2699 4868 2753 ἵνα
4890 2699 5156 2763 πολλάκις

3560 2794 3850 2865 προσφέρῃ
3880 2793 4093 2857 ἑαυτὸν,
4124 2791 4314 2862 ὥσπερ
4346 2795 4377 2846 ὁ
4408 2794 4703 2864 ἀρχιερεὺς
4732 2793 5046 2864 εἰσέρχεται
5073 2793 5157 2856 είς

3558 2888 3627 2941 τὰ
3657 2887 3827 2954 Ἀγια
3844 2887 3964 2939 κατ’
3986 2885 4235 2940 ἐνιαυτὸν
4255 2885 4452 2956 αἵματι
4472 2886 4761 2958 ἀλλοτρίῳ,
4791 2886 4911 2939 ἐπεὶ
4926 2885 5034 2939 ἔδει
5057 2888 5156 2938 αὺ-

3558 2978 3649 3033 τὸν
3682 2978 3943 3043 πολλάκις
3969 2975 4166 3031 παθεῖν
4203 2976 4310 3030 ἀπὸ
4339 2978 4649 3048 καταϐολῆς
4679 2977 4888 3047 κόσμου
4910 2993 4925 3006 ’
4949 2977 5070 3030 νυνὶ
5097 2974 5158 3028 δὲ

3559 3070 3707 3138 ἅπαξ
3742 3071 3837 3124 ἐπὶ
3883 3069 4169 3140 συντελείᾳ
4200 3069 4311 3122 τῶν
4356 3070 4575 3123 αἰώνων
4631 3071 4710 3133 είς
4762 3068 5021 3139 ἀθέτησιν
5053 3065 5158 3137 τῆς

3565 3163 3842 3233 ἁμαρτίας
3867 3162 3957 3215 διά
3979 3162 4077 3232 τῆς
4109 3159 4303 3224 θυσίας
4333 3160 4498 3215 αὑτοῦ
4527 3161 4934 3231 πεφανέρωται.
4965 3179 4982 3210 ι
5007 3159 5157 3213 Οὐκ-

3560 3256 3655 3310 οῦν
3673 3258 3702 3309 ό
3738 3257 3840 3326 μὲν
3865 3254 4037 3317 τύπος
4059 3254 4173 3325 ἔχει
4222 3252 4283 3307 τὸ
4301 3255 4360 3307 ἐν
4386 3252 4676 3325 α’ίματιτῷ
4694 3252 4960 3323 ἀλλοτρίῳ
4989 3253 5162 3305 ποιεῖ-

3565 3348 3799 3419 σθαιτὴν
3815 3345 4094 3419 πρόσοδον,
4117 3347 4212 3401 καὶ
4226 3343 4777 3417 ἀποκαθαίρε[ι]σθαί
4800 3359 4972 3408 τινας·
4998 3343 5060 3396 τό
5090 3357 5159 3411 γε

3565 3441 3670 3514 μὴν
3693 3440 3912 3512 ἀληθὲς,
3930 3441 4101 3512 ἤγουν
4129 3441 4163 3510 ἡ
4186 3439 4434 3510 ἀλήθεια,
4462 3439 4675 3503 δέξεται
4705 3439 4925 3499 πάντως
4957 3453 5062 3490 που
5092 3437 5161 3489 τὸ

3559 3536 3806 3606 ἄμεινον,
3828 3533 4074 3587 τουτέστι
4106 3531 4167 3586 τὸ
4208 3533 4268 3593 ἐν
4313 3532 4506 3604 αἵματι
4563 3530 4642 3602 τῷ
4692 3530 4806 3601 ἰδίῳ
4836 3530 4995 3584 τοῦτο
5021 3528 5161 3600 δρᾷν

3560 3626 3940 3681 εἰσελαύνοντα
3977 3624 4071 3680 τὸν
4111 3624 4319 3697 Ἰησοῦν
4359 3626 4462 3678 οὐκ
4527 3625 4610 3688 είς
4649 3620 4989 3695 πρόσκαιρον
5032 3639 5162 3675 τινα

3560 3719 3655 3771 καὶ⁸
3674 3717 4056 3788 χειροποίητον
4080 3717 4286 3786 σκηνὴν
4305 3715 4405 3787 τὴν
4436 3714 4513 3778 ὼς
4548 3713 4654 3787 [ἐν]
4674 3715 4803 3786 σκιᾷ
4826 3716 4921 3768 καὶ
4940 3713 5161 3779 τύποις,

3559 3810 3675 3865 ἀλλ’
3716 3811 3795 3873 είς
3833 3808 3934 3880 τὴν
3981 3808 4093 3862 ἄνω
4127 3808 4223 3861 καὶ
4256 3806 4453 3878 ἀληθῆ,
4489 3808 4792 3870 τουτέστιν,
4833 3809 4913 3869 είς
4952 3806 5044 3859 τὸν
5072 3808 5162 3859 οὐ·

3562 3902 3744 3977 ρανόν.
3763 3903 4000 3972 Ἀνάγκη
4026 3900 4157 3970 γὰρ,
4181 3900 4250 3954 τὰ
4284 3901 4383 3970 μὲν
4411 3900 4787 3972 ὑποδείγματα
4814 3898 4921 3951 τῶν
4951 3900 5009 3951 ἐν
5041 3903 5163 3965 τοῖς

3558 3998 3842 4069 οὐρανοῖς,
3862 3993 4073 4058 τούτοις
4095 3992 4511 4064 καθαρίζεσθαι,
4532 3993 4693 4063 δῆλον
4726 3993 4780 4045 δὲ
4810 3994 4891 4045 ὅτι
4914 3994 5031 4054 τοῖς
5063 4009 5164 4044 τυ-

3560 4088 3743 4149 πικοίς
3794 4100 3855 4138 τε
3903 4085 4000 4137 καί⁸
4048 4084 4388 4155 ἀλλοτρίοις’
4435 4083 4574 4137 αὐτὰ
4614 4083 4672 4137 δὲ
4725 4082 4795 4136 τὰ
4850 4082 5164 4153 ἐπουράνια

3560 4178 3835 4250 κρείττοσι
3881 4175 4097 4240 θυσίαις
4145 4176 4296 4248 παρά
4339 4175 4563 4239 ταύτας.
4594 4176 4868 4245 Ζητητέον
4907 4170 5001 4228 οῦν
5044 4176 5162 4245 ἀρα

3559 4269 3656 4321 καὶ
3685 4266 4003 4336 ἀναγκαίως
4033 4268 4091 4319 ἐν
4134 4264 4359 4337 Χριστῷ
4401 4266 4462 4319 τὸ
4501 4267 4752 4335 κρεῖττον
4780 4267 4813 4338 ἢ
4856 4265 4998 4319 κατά
5025 4266 5160 4330 τοὺς

3560 4361 3799 4425 τύπους·
3833 4359 3976 4432 φημὶ
4014 4359 4071 4412 δὲ
4107 4358 4168 4411 τὸ
4214 4358 4436 4430 ἀληθὲς,
4474 4358 4613 4431 ὅπερ
4651 4358 4801 4412 ἐστὶν
4859 4360 4916 4413 ὲν
4955 4356 5158 4428 αἵματι

3560 4451 3637 4522 τῷ
3671 4453 3805 4521 ἰδίῳ.

3630 4543 3693 4594 Β.
3733 4538 3805 4595 Εὖ
3846 4540 4002 4613 ἔφης.

3634 4635 3699 4687 A.
3727 4634 3945 4704 Ἐπειδὴ
3973 4634 4029 4688 δὲ
4066 4633 4167 4702 τὴν
4200 4631 4565 4704 ἀποστολικὴν
4596 4631 5011 4695 κατεξανιστᾶσι
5051 4630 5158 4701 ρἦ-

3566 4726 3774 4791 σιν,-ὠς
3819 4728 3905 4779 ἐπ’
3933 4726 4223 4798 ἀνθρώπου
4264 4723 4445 4779 κοινοῦ
4486 4725 4983 4797 προενηνεγμένην,
5016 4726 5157 4796 φέρε

3563 4820 3812 4890 λέγωμεν
3835 4819 4048 4884 ἑλόντες
4076 4820 4171 4872 ἀπ’
4200 4817 4378 4889 ἀρχῆς
4400 4817 4508 4871 τῶν
4529 4818 4954 4888 γεγραμμένων,
4991 4817 5156 4888 μέχρι

3559 4912 3911 4982 καταλήξεως
3962 4912 4061 4981 τῆς
4112 4910 4446 4981 ἀποχρώσης
4491 4910 4571 4980 τῷ
4621 4908 4783 4980 λόγῳ.
4833 4909 5155 4979 Γέγραπται

3555 5006 3764 5059 τοίνυνο
3803 5004 3938 5057 «Τὸν
3967 5003 4024 5058 δὲ
4051 5003 4226 5076 βραχύ
4243 5022 4296 5058 τι
4326 5004 4459 5074 παρ’
4479 5002 4745 5072 ἀγγέλους
4768 5003 5155 5074 ἠλαττωμένον

3560 5094 3832 5166 βλέπομεν
3877 5094 4103 5164 Ἰησοῦν,
4134 5095 4224 5150 διὰ
4259 5096 4319 5150 τὸ
4355 5095 4588 5165 πάθημα
4617 5096 4712 5149 τοῦ
4744 5097 4999 5159 θανάτου,
5020 5096 5153 5168 δόξῃ

3557 5186 3654 5239 καὶ
3695 5189 3828 5257 τιμῇ
3875 5186 4338 5257 ἐστεφανωμένον.
4352 5187 4602 5257 Ἐπρεπε
4646 5187 4755 5258 γὰρ
4789 5185 4959 5256 αὐτῷ,
4993 5187 5061 5240 δι’
5087 5187 5150 5241 ὃν

3561 5275 3632 5328 τά
3657 5275 3857 5338 πάντα,
3878 5277 3971 5330 καὶ
3991 5276 4058 5329 δι’
4078 5270 4140 5331 οὗ
4163 5276 4233 5329 τὰ
4251 5276 4451 5340 πάντα,
4473 5275 4701 5340 πολλοὺς
4720 5278 4872 5339 υἱοὺς
4891 5280 4969 5339 εἰς
4988 5277 5148 5343 δόξαν

3557 5365 3856 5434 ἀγαγόντα,
3906 5366 4000 5419 τὸν
4047 5366 4292 5437 ἀρχηγὸν
4339 5365 4439 5436 τῆς
4506 5367 4781 5437 σωτηρίας
4828 5366 5009 5420 αὐτῶν
5060 5366 5148 5419 διὰ

3560 5456 3903 5527 παθημάτων
3941 5458 4339 5512 τελειῶσαι.“0
4377 5476 4436 5512 τε
4483 5459 4594 5530 γάρ
4646 5457 4889 5527 ἁγιάζων
4956 5458 5049 5511 καὶ
5096 5451 5157 5511 οἶ

3560 5545 3935 5618 ἁγιαζόμενοι,
3964 5547 4022 5615 ἐξ
4054 5550 4172 5614 ἑνὸς
4210 5549 4446 5615 πάντες·
4490 5551 4560 5605 δι’
4598 5549 4664 5622 ἢν
4706 5550 4885 5604 αἰτίαν
4913 5550 5014 5603 οὐκ
5047 5551 5150 5601 ἐπ-

3559 5637 3869 5708 αισχύνεται
3893 5639 4154 5710 ἀδελφοὺς
4175 5641 4371 5706 αὐτοὺς
4384 5640 4590 5708 καλεῖν,
4607 5638 4801 5708 λέγων·
4822 5628 5150 5707 Ἀπαγγελῶ
