6812 6578
1701 387 1844 444 1357

2836 395 3023 463 QUOD
3066 395 3252 453 UNL‘S
3295 391 3402 449 SIT
3440 394 3810 456 CHRISTUS.

4840 403 4860 457 l
4871 404 4974 459 338

1697 507 1764 558 τὸ
1793 506 1965 576 ὄνομά
1990 524 2081 559 σου
2103 512 2214 572 τοῖς
2246 508 2490 578 ἀδελφοῖς
2524 527 2644 581 μου.
2676 512 2786 566 Καὶ
2809 513 2999 565 πάλιν·
3033 514 3162 566 Ἰδοὺ
3190 510 3300 582 ἐγὼ
3331 516 3377 572 Α
3408 523 3554 568 tuum
3597 515 3856 572 fratribus
3899 517 4052 572 meis.
4083 516 4149 570 Et
4191 516 4386 572 iterum

2283 508 2490 578 δελφοῖς
2524 527 2644 581 μου.
2676 512 2786 566 Καὶ
2809 513 2999 565 πάλιν·
3033 514 3162 566 Ἰδοὺ
3190 510 3300 582 ἐγὼ
3331 516 3377 572 Α
3408 523 3554 568 tutnn
3597 515 3856 572 fratribus
3899 517 4052 572 meis.
4083 516 4149 570 Et
4191 516 4386 572 iterum
4422 536 4434 571 :
4461 516 4599 574 Ecce
4627 532 4724 587 ego
4745 528 4794 572 ct
4826 521 4973 587 pueri

1700 600 1803 651 καὶ
1843 601 1912 652 τὰ
1955 599 2165 664 παιδία,
2205 600 2240 654 ἆ
2278 618 2366 672 μοι
2404 602 2604 656 ἔδωκεν
2648 605 2676 656 6
2700 603 2862 666 ’Θεός.
2882 605 3034 656 Ἐπεὶ
3081 600 3174 658 οῦν
3228 605 3292 658 τὰ

1703 689 1895 743 παιδία
1927 689 2326 761 κεκοινώνηκεν
2346 692 2576 762 αἵματος
2607 695 2698 747 καὶ
2738 695 2960 765 σαρκὸς,
2999 696 3094 748 καὶ
3132 696 3293 758 αὐτὸς

1704 783 2106 853 παραπλησίως
2133 784 2360 855 μετέσχε
2382 785 2489 838 τῶν
2512 785 2711 849 αὐτῶν,
2731 785 2818 838 ἵνα
2839 786 2924 838 διὰ
2946 786 3038 838 τοῦ
3062 786 3292 838 Θανάτου

1704 875 2036 948 καταργήσῃ
2071 875 2168 946 τὸν
2194 876 2256 929 τὺ
2282 877 2482 945 κράτος
2511 877 2702 947 ἔχοντα
2730 877 2825 929 τοῦ
2859 877 3114 938 θανάτου,
3139 893 3289 928 τουτ-

1705 967 1846 1030 έστι,
1874 967 1964 1018 τὸν
1992 966 2260 1034 διάϐολον,
2289 970 2384 1022 καὶ
2415 970 2702 1041 ἀπαλλάξῃ
2734 969 2980 1034 τούτους,
3010 971 3124 1023 ὅσοι
3147 968 3297 1039 φόϐῳ

1706 1060 1942 1113 Θανάτου
1983 1059 2071 1113 διὰ
2108 1062 2306 1124 παντὸς
2349 1062 2442 1114 τοῦ
2483 1061 2585 1133 ζῇν
2631 1059 2805 1133 ἔνοχοι
2842 1059 2983 1133 ἦσαν
3027 1060 3294 1123 δουλείας.

1706 1154 1786 1205 Οὐ
1822 1152 1930 1224 γὰρ
1963 1153 2138 1224 δήπου
2177 1154 2426 1222 ἀγγέλων
2464 1154 2916 1225 ἐπιλαμϐάνεται,
2956 1153 3092 1208 ἀλλά
3132 1153 3297 1223 σπὲρ·

1711 1260 1884 1314 ματος
1917 1243 2169 1315 Ἀδραὰμ
2221 1245 2673 1316 ἐπιλαμϐάνεται.
2699 1245 2866 1299 Ὅθεν
2913 1243 3115 1315 ὤφειλε
3159 1243 3299 1298 κατά

1708 1336 1894 1389 πάντα
1935 1338 2049 1399 τοῖς
2088 1336 2338 1405 ἀδελφοῖς
2381 1337 2738 1407 ὁμοιωθῆναι.
2771 1355 2789 1388 ι
2829 1335 2961 1390 Ἰδοὺ
3008 1334 3136 1408 γὰρ,
3166 1334 3296 1400 ἰδοὺ,

1708 1428 1806 1480 καὶ
1832 1428 1979 1497 μάλα
2017 1429 2223 1498 σαφῶς,
2249 1428 2591 1500 ἠλαττῶσθαι
2627 1430 2800 1497 λέγων
2823 1428 2986 1483 αὑτὸν
3008 1426 3160 1497 παρὰ
3177 1427 3301 1490 τοὺς

1708 1518 1980 1587 ἀγγέλους
2022 1519 2109 1572 διὰ
2149 1519 2210 1573 τὺ
2250 1520 2484 1590 πάθημα
2520 1521 2614 1573 τοῦ
2652 1519 2907 1584 θανάτου,
2934 1517 3302 1586 κατεστέφθαι

1709 1629 1777 1680 γε
1811 1612 1915 1682 μὴν
1940 1613 2008 1666 δι’
2037 1613 2168 1667 αὐτὸ
2198 1617 2332 1685 τιμῇ
2354 1631 2410 1666 τε
2438 1613 2531 1666 καὶ
2553 1613 2700 1686 δόξῃ,
2730 1612 3052 1683 καθίστησιν
3085 1610 3301 1681 ἐμφανῆ

1709 1703 1802 1756 τὸν
1851 1705 1938 1771 ἐφ’
1969 1698 2014 1772 ᾧ
2062 1708 2296 1758 ποιεῖται
2352 1705 2479 1768 τοὺς
2521 1705 2735 1773 λόγους,
2766 1705 2927 1776 δῆλον
2976 1702 3034 1756 δὲ
3080 1704 3160 1757 ὅτι
3211 1702 3302 1755 τὸν

1708 1796 2014 1867 Μονογενῆ.
2047 1797 2460 1868 Μετεσχηκὲναι
2506 1797 2616 1868 γάρ
2669 1814 2834 1868 φησιν
2883 1795 3048 1850 αὐτὸν
3074 1794 3303 1864 αἵματος

3393 607 3522 672 mei,
3548 623 3681 675 quos
3698 609 3847 663 de’dit
3864 609 3997 662 mihi
4024 593 4182 663 Deus.
4201 608 4336 674 Quia
4353 625 4484 678 ergo
4507 609 4657 678 pueri
4680 612 4980 666 communi-

3394 710 3651 752 caverunt
3671 699 3818 753 carni
3842 707 3897 752 et
3915 699 4187 769 sanguini,
4204 709 4258 753 et
4281 701 4392 767 ipse
4415 699 4670 754 similiter
4687 702 4979 771 participa-

3389 790 3470 841 -vit
3486 789 3713 854 eisdem,
3731 801 3790 842 ut
3812 805 3909 859 per
3929 801 4156 845 mortem
4175 790 4482 845 destrueret
4498 804 4618 844 eum
4641 792 4730 859 qui
4751 790 4983 846 habebat

3397 880 3589 935 mortis
3616 880 3923 950 imperium,
3959 881 4012 935 id
4037 889 4140 944 est,
4183 881 4474 946 diabolum,
4505 889 4562 935 et
4602 881 4858 936 liberaret
4887 897 4984 936 eos

3396 971 3486 1040 qui
3519 971 3714 1026 timore
3756 973 3951 1027 mortis
4000 987 4096 1041 per
4131 981 4299 1028 totam
4352 973 4518 1028 vitam
4565 973 4781 1028 obnoxii
4827 984 4987 1028 erant

3395 1062 3664 1118 servituti.
3713 1061 3992 1117 Nusouam
4038 1064 4184 1118 enim
4215 1065 4436 1133 angelos
4476 1064 4852 1134 apprehendit,
4890 1065 4983 1118 sed

3399 1167 3580 1208 semen
3614 1153 3846 1209 Abrahae
3875 1155 4248 1225 apprehendit.
4284 1155 4438 1210 Unde
4468 1156 4651 1210 debuit
4680 1171 4774 1224 per
4798 1156 4983 1209 omnia

3402 1243 3662 1300 fratribus
3684 1247 3971 1301 assimilari
4001 1247 4065 1301 ¹¹.
4103 1266 4120 1299 ι
4154 1245 4294 1302 Ecce
4325 1249 4494 1312 enim,
4520 1263 4668 1310 ecce,
4689 1258 4742 1302 et
4769 1248 4984 1316 quidem

3404 1336 3770 1405 apertissime,
3805 1351 3929 1391 cum
3962 1336 4114 1390 illum
4151 1337 4296 1391 dicat
4326 1338 4666 1391 imminutum
4693 1338 4759 1391 ab
4782 1337 5010 1406 angelis-

3403 1436 3624 1495 propter
3667 1427 3976 1496 passionem
4012 1427 4223 1502 mortis,
4270 1435 4430 1495 atque
4454 1426 4526 1480 ob
4571 1426 4624 1480 id
4668 1436 4986 1480 coronatum

3403 1533 3526 1574 esse
3555 1520 3726 1585 gloria
3771 1529 3826 1574 et
3871 1519 4099 1586 honore,
4141 1519 4429 1574 manifeste
4466 1519 4611 1572 illum
4658 1516 4894 1571 ostendit
4925 1517 4991 1570 de

3404 1625 3512 1680 quo
3541 1612 3705 1665 verba
3753 1610 3902 1678 facit,
3949 1612 4206 1665 nimirum
4250 1610 4624 1681 Unigenitum.
4669 1608 4990 1677 Participem

3405 1705 3550 1757 enim
3577 1704 3778 1758 factum
3810 1717 3930 1758 esse
3957 1703 4034 1757 ait
4063 1704 4245 1757 carnis
4276 1711 4330 1756 et
4362 1701 4645 1771 sanguinis
4671 1700 4894 1768 perinde
4928 1713 4994 1752 ac

3409 1812 3539 1862 nos;
3601 1806 3656 1850 et
3722 1811 3828 1850 non
3885 1796 4108 1867 angelos
4162 1795 4602 1864 apprehendisse,
4653 1793 4746 1848 sed
4806 1806 4993 1847 semen

1709 1889 1805 1941 καὶ
1869 1889 2072 1960 σαρκὸς
2124 1890 2521 1962 παραπλησίως
2567 1858 2744 1962 ἡμῖν,’
2769 1889 2864 1944 καὶ
2907 1889 3006 1942 οὐκ
3059 1858 3304 1956 ἀγγέλων
3337 1858 3380 1912 Β
3409 1858 3664 1943 Abrahae.
3701 1858 4134 1943 Decebatvenim
4177 1858 4345 1942 Deum
4380 1901 4399 1940 ε

2304 1890 2521 1962 τλησίως
2567 1893 2719 1962 ἡμῖν,
2769 1889 2864 1944 καὶ
2907 1889 3006 1942 ούκ
3059 1886 3304 1956 ἀγγέλων
3337 1858 3380 1912 Β
3409 1873 3664 1943 Abrahae.
3701 1858 4134 1943 Decebatvenim
4177 1858 4345 1942 oéum
4380 1901 4446 1940 ac
4500 1858 4737 1951 Patrem,
4774 1894 4994 1953 propter

1708 1980 2066 2035 ἐπιλαϐέσθαι
2129 1982 2370 2053 μᾶλλον,
2430 1982 2568 2036 ἀλλὰ
2643 1982 2960 2054 σπέρματος
3029 1979 3302 2053 Ἀϐραάμ.

1713 2074 1964 2144 Ἔπρεπε
2013 2073 2120 2146 γάρ
2170 2074 2249 2146 τῷ
2296 2073 2415 2145 Θεῷ
2455 2075 2548 2128 καὶ
2584 2075 2782 2146 Πατρὶ,
2811 2073 2878 2127 δι’
2904 2073 2964 2126 ὃν
3000 2074 3071 2127 τὰ
3101 2073 3304 2138 πάντα,

1707 2165 1804 2217 καὶ
1838 2165 1905 2218 δι’
1935 2159 1997 2218 οὗ
2031 2165 2098 2220 τά
2125 2167 2324 2229 πάντα,
2362 2166 2698 2236 καθιγμένον
2727 2168 2807 2231 είς
2840 2168 3072 2219 κένωσιν
3101 2166 3197 2218 καὶ
3225 2165 3310 2215 ὲν·-

1708 2257 2153 2330 ανθρωπήσαντα
2184 2258 2274 2312 τὸν
2301 2257 2451 2324 Υἱδν,
2480 2259 2556 2323 ὡς
2586 2259 2684 2330 τὴν
2711 2259 2806 2312 τοῦ
2835 2259 3027 2312 δούλου
3072 2257 3309 2312 λαϐόντα

1711 2351 1950 2424 μορφὴν,
2005 2350 2292 2405 τελειῶσαι
2344 2351 2432 2404 διὰ
2479 2350 2842 2422 παθημάτων,
2893 2351 2994 2422 τῆς
3049 2335 3308 2404 ἁπάντων

1707 2442 1858 2514 ζωῆς
1885 2443 2204 2514 ἀντίλυτρον
2237 2444 2337 2515 τὴν
2375 2443 2511 2497 ίδίαν
2533 2443 2681 2514 αύτῷ
2715 2441 3077 2513 καθιεροῦντα
3107 2442 3305 2513 σάρκα.

1708 2536 1944 2590 Τέθυται
1967 2537 2073 2608 γὰρ
2096 2536 2237 2608 ὑπὲρ
2257 2536 2417 2606 ἡμῶν
2441 2538 2467 2589 6
2487 2535 2742 2607 Χριστὸς,
2761 2535 2822 2588 τὸ
2842 2536 3074 2606 ἄμωμον
3093 2535 3307 2606 ἱερεῖον,

1708 2631 1806 2684 καὶ
1843 2633 1943 2704 μιᾷ
1974 2632 2264 2704 προσφορᾷ
2315 2631 2669 2684 τετελείωκεν
2702 2631 2782 2693 εἰς
2813 2630 2872 2683 τὸ
2905 2629 3152 2699 διηνεκὲς
3184 2630 3310 2692 τοὺς

1713 2722 2148 2792 ἁγιαζομένους,
2205 2723 2540 2794 ἀναμορφῶν
2591 2724 2672 2785 εἰς
2725 2721 2785 2774 τὸ
2857 2722 2915 2773 ἐν
2963 2721 3162 2792 ἀρχαῖς
3209 2720 3311 2791 τὴν

1713 2815 1999 2888 ανθρώπου
2033 2816 2214 2887 φύσιν.
2247 2834 2263 2866 ι
2294 2816 2480 2868 Πάντα
2507 2814 2616 2885 γὰρ
2652 2816 2710 2868 ὲν
2749 2812 2898 2883 αὑτῷ
2922 2813 3110 2866 καινά.
3157 2812 3311 2864 »Ὅτι

1711 2910 1822 2980 γὰρ
1859 2912 1887 2964 6
1919 2909 2052 2972 Θεὸς
2095 2909 2191 2962 καὶ
2227 2908 2416 2979 Πατὴρ
2442 2907 2674 2960 δέδωκεν
2708 2906 2849 2979 ὑπὲρ
2877 2905 3036 2977 ἡμῶν
3060 2905 3152 2959 τὸν
3183 2905 3313 2959 ἴδιον

1713 3002 1862 3066 Υίὸν,
1888 3003 2041 3056 οὐδὲν
2069 2997 2230 3075 ἦττον
2259 3003 2408 3073 ἡμᾶς
2435 2999 2768 3054 πιστώσεται
2801 3001 3029 3070 γράφων
3061 3001 3089 3053 ὁ
3116 2999 3317 3052 πάνσο-

1713 3113 1813 3164 φος
1854 3094 2066 3158 Παῦλος
2109 3095 2238 3165 περὶ
2277 3094 2466 3147 αὑτοῦ·
2503 3095 2636 3157 (Ὃς
2663 3112 2727 3163 γε
2757 3093 2848 3146 τοῦ
2889 3092 3021 3146 ἰδίου
3055 3090 3187 3145 Υίοῦ
3213 3091 3314 3143 οὐκ

3409 1997 3566 2052 quem
3608 1982 3812 2045 omnia,
3862 1991 3915 2036 et
3961 1995 4058 2050 per
4107 1995 4267 2050 quem
4310 1978 4515 2045 omnia,
4559 1977 4753 2033 Filium
4813 1991 4994 2040 suum,

3412 2071 3575 2145 764
3609 2071 3700 2142 qui
3742 2071 4168 2124 exinanitionem
4206 2067 4467 2128 subierat,
4495 2075 4656 2134 atque
4683 2066 4998 2118 incarnatus

3409 2173 3547 2228 erat,
3576 2162 3744 2216 forma
3775 2160 3918 2215 servi
3947 2169 4190 2228 accepta,
4227 2170 4609 2212 consummare
4651 2168 4746 2224 per
4785 2151 4997 2222 passio-

3411 2273 3531 2322 nes,
3573 2263 3984 2311 consecrantem
4035 2263 4197 2322 atque
4251 2249 4570 2305 oll'erentent
4626 2260 4778 2300 suam
4827 2243 5000 2312 ipsius

3411 2363 3630 2404 carnem
3663 2348 3716 2402 in
3744 2346 3973 2416 pretium
4005 2342 4390 2410 redemptionis
4422 2339 4546 2391 vita:
4587 2335 4850 2390 omnium.
4888 2332 5000 2386 Ιιηο·

3412 2444 3642 2497 molatus
3670 2440 3814 2495 enim
3865 2444 3949 2491 est
3993 2449 4089 2505 pro
4140 2433 4298 2487 nobis
4343 2431 4596 2486 Christus
4649 2424 5001 2481 immaculata

3413 2535 3612 2598 hostia,
3642 2543 3805 2601 atque
3834 2530 3993 2584 unica
4016 2527 4293 2582 oblatione
4323 2523 4720 2579 consummavit
4751 2519 4801 2571 in
4839 2526 5002 2570 teter-

3413 2642 3542 2682 num
3576 2623 3970 2687 sanctiﬁcatos,
4001 2623 4298 2676 humanam
4332 2626 4583 2670 naturam
4631 2613 4682 2665 in
4717 2609 5003 2680 pristinum

3415 2731 3619 2774 statum
3643 2713 4204 2772 reformans.¢0mnia
4229 2711 4370 2766 enim
4395 2710 4446 2762 in
4475 2708 4590 2776 ipso
4604 2714 4729 2758 sunt
4746 2717 4886 2756 nova
4905 2703 5001 2753 η.»

3417 2817 3568 2885 Quod
3613 2815 3756 2869 enim
3795 2813 3944 2866 Deus
3988 2825 4050 2863 ac
4097 2807 4261 2861 Pater
4294 2803 4502 2858 dederit
4551 2813 4650 2869 pro
4692 2797 4847 2852 nobis
4881 2807 5010 2862 pro-

3418 2911 3592 2980 prium
3619 2922 3772 2960 suum
3803 2901 4027 2965 Filium,
4073 2898 4242 2953 nihilo
4267 2897 4447 2951 secius
4472 2890 4760 2948 confirmat
4792 2885 5009 2953 sapien-

3421 2977 3666 3056 tissimus
3716 2996 3937 3059 Paulus,
3975 2993 4046 3047 ita
4085 2991 4152 3045 de
4201 2991 4316 3060 ipso
4358 2986 4601 3042 scribens
4643 2999 4656 3035 :
4702 2997 4722 3030 ι
4749 2977 4850 3045 Qui
4887 2989 5013 3042 pro-

3421 3093 3539 3159 prio
3575 3092 3712 3146 Filio
3749 3103 3852 3144 suo
3882 3103 3988 3141 non
4023 3083 4286 3154 pepercit,
4321 3078 4410 3133 sed
4445 3090 4542 3146 pro
4574 3072 4727 3127 nobis
4758 3068 5012 3124 omnibus

1713 3185 1990 3254 ἐφείσατο,
2027 3184 2143 3236 ἀλλ’
2170 3184 2309 3256 ὑπὲρ
2342 3183 2500 3255 ἡμῶν
2547 3158 2806 3237 ἁπάντων
2847 3183 3163 3254 παρέδωκεν
3209 3181 3304 3234 αὑ·
3340 3198 3382 3255 C
3419 3158 3641 3240 tradidit
3669 3182 3843 3243 illum,
3878 3176 4151 3246 quomodo
4181 3187 4286 3226 non
4323 3173 4398 3224 eti

2342 3183 2500 3255 ἡμῶν
2547 3184 2806 3237 ἁπάντων
2847 3183 3163 3254 παρέδωκεν
3209 3181 3304 3234 αὐ·
3340 3198 3382 3255 C
3419 3158 3641 3240 tradidit
3669 3182 3843 3243 illum,
3878 3176 4151 3246 Quoatodo
4181 3187 4286 3226 non
4323 3173 4490 3224 etiam
4522 3180 4644 3219 cum
4677 3163 4795 3230 ipso
4815 3158 5011 3256 pluuia

1713 3281 1826 3341 τὸν.
1865 3279 1981 3342 πῶς
2009 3278 2131 3349 οὐχὶ
2176 3278 2270 3333 καὶ
2300 3279 2397 3332 σὺν
2427 3278 2577 3349 αὐτῷ
2606 3276 2676 3330 τὰ
2707 3277 2884 3330 πάντα
2915 3276 3050 3346 ἡμῖν
3088 3274 3312 3346 χαρίσε-

1713 3389 1837 3437 ται;
1869 3391 1888 3424 ι
1919 3371 2082 3425 Ἴδιον
2128 3370 2184 3424 δέ
2237 3387 2419 3441 φαμεν
2453 3369 2582 3422 Υἱον
2624 3369 2719 3421 τοῦ
2769 3367 2926 3430 Θεοῦ,
2959 3368 3049 3420 τὸν
3103 3372 3168 3422 ὲκ
3213 3368 3312 3437 τῆς

1714 3464 1905 3528 οὐσίας
1926 3462 2090 3516 αὑτοῦ
2123 3462 2404 3532 πεφηνότα
2429 3461 2602 3530 Λόγον
2621 3476 2634 3491 ·
2669 3459 2914 3513 δεδόσθαι
2943 3477 3005 3528 γε
3040 3461 3148 3531 μὴν
3175 3459 3314 3529 ὑπὲρ

1716 3557 1895 3628 ἡμῶν,
1931 3557 1991 3609 οὐ
2022 3556 2230 3626 γυμνὸν
2275 3554 2356 3608 ἔτι
2405 3554 2499 3607 καὶ
2542 3553 2804 3623 ἄσαρκόν,
2842 3553 2959 3606 ἀλλ’
2983 3555 3071 3606 ὅτε
3123 3551 3314 3622 γέγονε

1720 3649 1892 3720 σάρξ’
1939 3649 2034 3701 καὶ
2072 3647 2132 3701 τὸ
2168 3647 2428 3716 λέγεσθαι
2460 3645 2674 3710 παθεῖν,
2711 3645 3015 3717 ἀμώμητον
3045 3640 3113 3716 ἦν
3145 3644 3313 3714 αὐτῷ.

1719 3740 1965 3795 Πέπονοε
2004 3740 2133 3813 γάρ,
2162 3742 2224 3794 οὐ
2257 3739 2418 3810 φύσει
2457 3739 2734 3811 θεότητος,
2768 3739 2884 3792 ἀλλ’
2917 3739 3022 3810 ἰδίει
3055 3737 3238 3809 σαρκί.
3261 3738 3319 3791 '0

1720 3833 1830 3904 γὰρ
1873 3833 2004 3897 Θεὸς
2035 3836 2128 3886 καὶ
2163 3832 2374 3904 Πατὴρ,
2405 3829 2661 3903 καθάπερ
2697 3831 2835 3901 ἔφην
2868 3829 3092 3901 ἀρτίως,
3124 3828 3215 3883 τὸν
3244 3827 3318 3899 μὴ

1719 3925 1920 3993 γνόντα
1972 3923 2266 3994 ἁμαρτίαν,
2301 3923 2442 3994 ὑπὲρ
2493 3922 2654 3992 ἡμῶν
2707 3923 2985 3991 ἁμαρτίαν
3034 3920 3316 3991 ἐποίησεν,

1722 4018 1814 4071 ἵνα
1840 4019 1998 4088 ἡμεῖς
2033 4015 2322 4084 γενώμεθα
2355 4015 2669 4085 δικαιοσύνη
2700 4013 2839 4066 Θεοῦ
2874 4015 2972 4067 σὺν
3006 4009 3320 4084 αὐτῷ.⁷Αρ’

1722 4106 1815 4164 οῦν
1863 4109 2135 4181 ἁμαρτίαν
2163 4108 2325 4162 αὐτὸν
2355 4107 2609 4175 γενέσθαι
2645 4103 2873 4174 νοοῦμεν
2899 4123 2913 4170 ;
2941 4106 2973 4177 ἢ
3001 4106 3083 4158 ὅτι
3119 4104 3326 4176 μᾶλλον

1723 4203 1982 4274 ὡμοιώθη
2029 4206 2139 4267 τοῖς
2189 4201 2291 4256 ὑπὸ
2324 4201 2617 4273 ἁμαρτίαν,
2652 4198 2911 4271 ταύτῃτοι
2952 4198 3047 4251 καὶ
3075 4197 3321 4271 ἁμαρτία

1719 4301 1943 4368 λέγεται
1965 4317 1978 4365 ;
2661 4296 2665 4298 ’

1797 4394 1857 4450 Β.
1889 4392 2096 4464 Ὀρθῶς
2135 4392 2290 4462 ἔφης.

1798 4487 2091 4556 Λ.”Ωσπερ
2114 4480 2206 4538 οῦν
2235 4485 2325 4538 τὸν
2355 4483 2428 4555 μὴ
2454 4484 2650 4551 γνόντα
2680 4481 2978 4553 ἁμαρτίαν,
3006 4480 3144 4551 ὑπὲρ
3168 4481 3323 4553 ἡμῶν

1727 4580 2004 4651 ἁμαρτίαν
2039 4579 2316 4648 ἐποίησεν,
2349 4577 2437 4629 ἵνα
2470 4577 2632 4646 ἡμεῖς
2676 4574 2966 4646 γενώμεθα
3003 4572 3316 4644 δικαιοσύνη
3349 4559 3399 4618 Ι)
3425 4571 3604 4619 catum
3641 4573 3739 4630 pro
3787 4555 3945 4610 nobis

1727 4671 1863 4726 Θεοῦ
1918 4673 1974 4725 ἐν
2023 4669 2170 4741 αὐτῷ
2222 4669 2584 4740 (δεδικαίωται
2625 4668 2734 4739 γάρ
2768 4671 2800 4739 ἡ
2831 4667 3121 4739 ἀνθρώπου
3156 4665 3320 4736 φύσις

1729 4769 1786 4821 ὲν
1812 4766 2003 4836 aii-:33)
2037 4765 2180 4818 οῦτω
2209 4764 2298 4816 τὸν
2328 4764 2428 4816 οὐκ
2455 4762 2633 4815 εἰδότα
2657 4761 2887 4815 θάνατον
2913 4761 3049 4832 (ζωὴ
3074 4760 3181 4832 γάρ
3207 4763 3320 4814 ἐστι

1730 4860 1823 4915 καὶ
1854 4859 2118 4925 ζωοποιδς
2149 4859 2174 4911 6
2206 4857 2421 4926 Λόγος),
2464 4857 2628 4925 σαρκὶ
2664 4854 2857 4908 παθεῖν
2887 4853 3322 4928 παρεσκεύασεν,

1729 4953 1834 5018 ἔξω
1891 4953 2152 5024 μείναντα
2198 4950 2291 5004 τοῦ
2345 4948 2560 5011 παθεῖν,
2607 4948 2743 5001 καθὸ
2795 4950 3000 5000 νοεῖται
3042 4946 3196 5008 Θεὸς,
3239 4945 3324 4998 ἵνα

1735 5047 1892 5116 ἡμεῖς
1940 5046 2192 5116 ζήσωμεν
2235 5043 2302 5096 δι’
2333 5041 2500 5096 αὐτοῦ
2541 5057 2599 5094 τε
2643 5041 2736 5092 κα)⁸
2781 5042 2838 5092 ὲν
2890 5037 3058 5109 αὐτῷ.
3095 5038 3186 5092 Διὸ
3230 5038 3325 5091 καὶ

1731 5135 1985 5207 ὁμοίωμα
2007 5134 2240 5188 θανάτου
2285 5133 2345 5186 τὸ
2371 5129 2608 5202 Χριστοῦ
2654 5129 2825 5192 πάθος
2859 5128 3190 5200 ὠνόμασται.
3226 5126 3264 5180 Γ
3270 5127 3325 5180 ἑ-

1733 5245 1978 5302 γραπται
2001 5221 2113 5280 οῦν·
2143 5225 2233 5278 «Εἰ
2264 5223 2372 5295 γὰρ
2406 5223 2677 5294 σύμφυτοι
2699 5221 3002 5292 γεγόναμεν
3028 5218 3320 5289 τῴόμοιώ·

1734 5340 1862 5394 ματι
1905 5318 2000 5373 τοῦ
2064 5317 2296 5371 θανάτου
2322 5315 2508 5380 αὐτοῦ,
2539 5314 2672 5369 ἀλλὰ
2708 5314 2801 5367 καὶ
2831 5314 2930 5383 τῆς
2973 5311 3323 5374 ἀναστάσεως

1735 5413 1990 5484 ἐσόμεθα.
2023 5431 2040 5462 ι
2063 5409 2202 5478 Ἕζη
2236 5409 2344 5480 γὰρ
2376 5409 2404 5460 ό
2435 5409 2606 5477 Λόγος
2641 5407 2736 5461 καὶ
2764 5405 3066 5476 γενομένης
3094 5403 3322 5457 θανάτου

1735 5507 1826 5576 τῆς
1861 5505 2019 5573 ἁγίας
2052 5499 2217 5556 αὐτοῦ
2250 5499 2470 5569 σαρκὸς,
2503 5499 2569 5551 ἵν’
2597 5497 2920 5569 ἡττηθέντος
2948 5493 3204 5558 θανάτου,
3232 5494 3328 5547 καὶ

1736 5596 2133 5668 πεπατημένης
2160 5594 2254 5663 τῆς
2291 5591 2516 5662 φθορᾶς,
2541 5594 2574 5660 ἡ
2604 5591 2703 5660 τῆς
2725 5589 3074 5652 ἀναστάσεως
3101 5585 3326 5656 δύναμις

1738 5690 1814 5752 εἰς
1846 5685 1990 5742 ἆπαν
2022 5684 2248 5755 ἔρχηται
2279 5681 2339 5736 τὸ
2376 5677 2717 5750 ἀνθρώπινον
2759 5679 2934 5747 γένος.
2955 5677 3176 5747 ’Λληθὲς
3199 5675 3326 5747 γὰρ,

3415 3277 3572 3332 nobis
3601 3273 3859 3341 largietur
3882 3268 3950 3320 "'l
3980 3285 3998 3317 ι
4029 3263 4314 3331 Proprium
4343 3267 4521 3312 autem
4551 3253 4784 3308 dicimus
4814 3247 5010 3303 Filium

3417 3368 3533 3430 Dei,
3579 3363 3816 3420 Verbum
3866 3376 3929 3414 ex
3985 3357 4158 3428 ipsius
4205 3350 4441 3408 essentia
4496 3346 4734 3417 genitum
4783 3343 5011 3398 :datum

3416 3471 3545 3513 vero
3573 3469 3692 3510 esse
3716 3469 3811 3524 pro
3835 3451 4014 3513 nobis,
4045 3464 4149 3502 non
4175 3445 4374 3499 nudum
4405 3450 4459 3494 et
4486 3437 4665 3494 carnis
4691 3443 4968 3503 expertem
4993 3471 5012 3498 ,

3419 3551 3512 3605 sed
3543 3549 3759 3620 quando
3810 3544 3986 3599 factus
4014 3551 4098 3595 est
4129 3553 4277 3592 caro.
4309 3535 4374 3589 Et
4405 3531 4547 3603 quod
4578 3529 4782 3585 dicitur
4820 3537 5016 3592 passus

3418 3617 3731 3709 esse,vnihil
3763 3633 4072 3693 detrimenti
4119 3630 4219 3699 ipsi
4273 3625 4450 3681 affert.
4498 3624 4694 3679 Passus
4738 3617 4898 3709 enim
4933 3623 5016 3668 est

3422 3707 3777 3794 non-natura
3827 3726 4147 3790 divinitatis,
4201 3722 4295 3776 sed
4349 3715 4567 3787 propria
4624 3724 4809 3767 carne.
4874 3707 5017 3761 Deus

3421 3827 3566 3882 enim
3599 3838 3664 3880 ac
3696 3821 3880 3884 Pater,
3909 3819 4051 3874 sicut
4084 3814 4247 3868 modo
4271 3809 4407 3876 dixi,
4438 3822 4562 3862 eum
4593 3804 4686 3877 qui
4732 3817 4837 3857 non
4866 3800 5018 3854 novit

3423 3927 3730 3990 peccatum,
3755 3928 3853 3983 pro
3876 3910 4032 3966 nobis
4057 3914 4336 3978 peceatum
4369 3899 4521 3966 fecit,
4546 3906 4604 3951 ut
4636 3910 4734 3951 nos
4762 3895 5019 3947 ﬁeremus

3419 3987 3628 4082 iustitia
3657 4004 3753 4060 Dei
3784 4017 3905 4058 cum
3931 4001 4048 4070 ipso
4075 3995 4138 4050 ⁸⁸.
4165 3993 4356 4049 Nonne
4379 4005 4508 4045 vero
4535 3987 4696 4042 etiam
4731 3989 5014 4053 peccatum

3424 4073 3626 4158 faetum
3663 4110 3786 4154 esse
3809 4096 3986 4164 ipsum
4021 4085 4294 4144 dicimus?
4334 4091 4430 4137 aut
4457 4081 4580 4151 quia
4617 4077 4797 4150 p0tius
4820 4073 5019 4131 similis

3424 4193 3600 4248 factus
3648 4199 3732 4246 est
3790 4186 3856 4241 lis
3903 4182 3995 4254 qui
4042 4177 4264 4235 obnoxii
4312 4182 4472 4231 erant
4520 4178 4764 4244 peccato,
4816 4166 5019 4223 idcirco

3425 4286 3589 4342 etiam
3617 4289 3902 4351 peccatum
3945 4270 4187 4332 dicitur?

3495 4377 3556 4431 Β.
3605 4375 3772 4430 Recte
3801 4369 3902 4429 ais.

3497 4472 3566 4528 Α.
3607 4462 4070 4535 Quemadmodum
4107 4458 4273 4530 igitur
4304 4468 4427 4508 eum
4450 4450 4540 4522 qui
4575 4464 4680 4505 non
4716 4445 4867 4502 novit
4893 4459 5020 4516 pec.

3994 4560 4278 4622 peccatum
4321 4544 4470 4611 fecit,
4511 4549 4573 4596 ut
4621 4554 4719 4594 nos
4764 4536 5018 4592 fleremus

3416 4652 3624 4728 justitia
3649 4649 3739 4704 Dei
3766 4648 3818 4701 in
3844 4647 3960 4716 ipso
3978 4642 4288 4714 (iustificata
4320 4637 4464 4692 enim
4488 4643 4572 4688 est
4601 4633 4838 4686 humana
4862 4635 5021 4681 natu-

3425 4721 3483 4806 ra
3506 4751 3559 4804 in
3594 4743 3731 4817 ipso)
3758 4760 3771 4797 :
3797 4743 3867 4795 ita
3897 4753 4019 4792 eum
4045 4735 4134 4804 qui
4163 4749 4269 4787 non
4295 4729 4448 4785 novit
4471 4735 4699 4780 mortem
4721 4723 4850 4792 (vita
4870 4721 5016 4776 enim

3424 4855 3508 4901 est
3535 4852 3591 4899 et
3615 4815 3892 4894 viviﬁcaris
3923 4825 4199 4894 Verbum)
4237 4837 4402 4878 carne
4437 4819 4546 4889 pati
4588 4815 4850 4888 permisit.
4891 4827 5016 4867 cum

3426 4938 3658 4997 interea,
3691 4938 3960 5002 quatenus
3987 4931 4070 4976 est
4113 4921 4273 4981 Deus,
4314 4929 4342 4967 a
4373 4911 4628 4984 passione
4668 4908 4804 4961 liber
4833 4914 5016 5002 esset;

3433 5039 3490 5085 ut
3528 4994 3782 5081 nimirum
3822 5032 3920 5073 nos
3952 5016 4197 5068 vivamus
4231 5023 4326 5078 per
4369 5006 4542 5074 ipsum
4574 5009 4629 5054 et
4676 4999 4728 5052 in
4768 4999 4905 5067 ipso.
4937 4994 5020 5048 Id-

3433 5123 3585 5176 circo
3613 5128 3665 5171 et
3695 5109 3992 5168 similitudo
4019 5103 4230 5165 mortis,
4260 5096 4464 5155 Christi
4490 5093 4670 5163 passio
4701 5099 4889 5143 vocata
4915 5095 5018 5140 est.

3437 5212 3710 5280 Scriptum
3751 5206 3935 5273 itaque
3963 5209 4044 5253 est
4091 5215 4105 5251 :
4155 5214 4172 5245 ι
4205 5194 4260 5248 Si
4300 5191 4442 5245 enim
4495 5181 4846 5253 complautati
4893 5178 5020 5231 facti

3425 5321 3614 5368 sumus
3646 5294 3986 5357 similitudini
4019 5291 4210 5346 mortis
4235 5287 4376 5355 ejus.
4403 5279 4564 5335 simul
4587 5289 4642 5334 et
4665 5272 5020 5330 resurrectio.

3425 5401 3509 5455 nis
3541 5395 3748 5451 erimus
3775 5389 3838 5440 ⁸⁵.
3881 5405 3898 5436 ι
3937 5381 4167 5437 Vivebat
4198 5377 4343 5432 enim
4380 5371 4640 5430 Verbum,
4679 5379 4801 5418 cum
4833 5369 5019 5414 sancta

3429 5488 3601 5559 ipsius
3641 5497 3770 5537 caro
3802 5484 4031 5530 mortem
4073 5471 4290 5530 obiret,
4336 5472 4415 5526 ut,
4475 5467 4724 5528 superata
4769 5463 4950 5507 morte.
4968 5458 5020 5504 et

3430 5551 3746 5652 proculcato
3783 5567 4026 5628 interitu,
4075 5553 4496 5617 resurrectionis
4536 5551 4618 5604 vis
4659 5562 4724 5602 ac
4769 5551 5019 5646 virtutem

3431 5640 3744 5728 universum
3776 5678 3949 5736 genus
3983 5659 4280 5714 humanum
4315 5647 4596 5703 transiret.
4642 5640 4840 5698 Verum
4875 5640 5019 5694 enim
5060 5669 5063 5671 -

1811 5870 1850 5901 "
1897 5867 2060 5922 llebr.
2098 5883 2158 5930 lt,
2199 5863 2356 5922 9-l7.
2437 5861 2478 5893 ¹⁸
2519 5859 2559 5915 Il
2600 5859 2726 5916 Cor.
2757 5875 2811 5922 v,
2845 5856 2930 5913 17.
3016 5856 3056 5888 ¹³
3101 5853 3256 5909 Rom,-
3302 5865 3418 5911 vm.
3456 5819 3546 5904 3‘2.
3629 5844 3672 5878 ⁸⁵
3713 5842 3752 5899 ll
3792 5842 3914 5899 Cor.
3955 5851 4006 5905 ι’,
4035 5835 4128 5923 2i.
4208 5832 4249 5865 ³⁵
4276 5829 4432 5887 Rom.
4471 5839 4545 5889 γι,
4583 5821 4639 5878 5.
