  <div class='ocr_page' id='page_1' title='image "/cluster/home/n/w/nwhite01/storage/ocr_20150623/75:no.8/coo.31924054869767/678.png"; bbox 0 0 6812 6670; ppageno 0'>
   <div class='ocr_carea' id='block_1_1' title="bbox 1829 478 1962 534">
    <p class='ocr_par' dir='ltr' id='par_1_1' title="bbox 1829 478 1962 534">
     <span class='ocr_line' id='line_1_1' title="bbox 1829 478 1962 534; baseline -0.008 -1"><span class='ocrx_word' id='word_1_1' title='bbox 1829 478 1962 534; x_wconf 75' lang='grc' dir='ltr'>ιειι</span> 
     </span>
    </p>
   </div>
   <div class='ocr_carea' id='block_1_2' title="bbox 2963 465 3928 537">
    <p class='ocr_par' dir='ltr' id='par_1_2' title="bbox 2963 465 3928 537">
     <span class='ocr_line' id='line_1_2' title="bbox 2963 465 3928 537; baseline -0.006 -11"><span class='ocrx_word' id='word_1_2' title='bbox 2963 469 3148 537; x_wconf 79' lang='lat' dir='ltr'><strong>QUOD</strong></span> <span class='ocrx_word' id='word_1_3' title='bbox 3189 468 3374 525; x_wconf 69' lang='grc' dir='ltr'><strong>ΠΝυὸ</strong></span> <span class='ocrx_word' id='word_1_4' title='bbox 3413 467 3522 522; x_wconf 76' lang='lat' dir='ltr'><strong>SIT</strong></span> <span class='ocrx_word' id='word_1_5' title='bbox 3560 465 3928 522; x_wconf 78' lang='lat' dir='ltr'><strong>CHRISTUS.</strong></span> 
     </span>
    </p>
   </div>
   <div class='ocr_carea' id='block_1_3' title="bbox 4977 464 5116 522">
    <p class='ocr_par' dir='ltr' id='par_1_3' title="bbox 4977 464 5116 522">
     <span class='ocr_line' id='line_1_3' title="bbox 4977 464 5116 522; baseline 0.007 -4"><span class='ocrx_word' id='word_1_6' title='bbox 4977 464 5116 522; x_wconf 71' lang='grc'><strong>1312</strong></span> 
     </span>
    </p>
   </div>
   <div class='ocr_carea' id='block_1_4' title="bbox 1827 581 4517 662">
    <p class='ocr_par' dir='ltr' id='par_1_4' title="bbox 1827 581 4512 662">
     <span class='ocr_line' id='line_1_4' title="bbox 1827 581 4512 662; baseline -0.004 -17"><span class='ocrx_word' id='word_1_7' title='bbox 1827 593 1970 662; x_wconf 78' lang='grc' dir='ltr'>ὑπὲρ</span> <span class='ocrx_word' id='word_1_8' title='bbox 2023 589 2312 661; x_wconf 75' lang='grc' dir='ltr'>ἁμαρτιῶν</span> <span class='ocrx_word' id='word_1_9' title='bbox 2354 588 2483 659; x_wconf 85' lang='grc' dir='ltr'>περὶ</span> <span class='ocrx_word' id='word_1_10' title='bbox 2511 587 2668 658; x_wconf 83' lang='grc' dir='ltr'>ἡμῶν</span> <span class='ocrx_word' id='word_1_11' title='bbox 2712 586 2974 650; x_wconf 76' lang='grc' dir='ltr'>ἀπέθανε,</span> <span class='ocrx_word' id='word_1_12' title='bbox 3017 585 3228 647; x_wconf 85' lang='grc' dir='ltr'>δίκαιος</span> <span class='ocrx_word' id='word_1_13' title='bbox 3273 585 3414 656; x_wconf 79' lang='grc' dir='ltr'>ὑπὲρ</span> <span class='ocrx_word' id='word_1_14' title='bbox 3444 589 3489 645; x_wconf 72' lang='grc' dir='ltr'><strong>Α</strong></span> <span class='ocrx_word' id='word_1_15' title='bbox 3521 594 3700 638; x_wconf 86' lang='lat' dir='ltr'><strong>manet</strong></span> <span class='ocrx_word' id='word_1_16' title='bbox 3752 592 3930 637; x_wconf 86' lang='lat' dir='ltr'><strong>tamen</strong></span> <span class='ocrx_word' id='word_1_17' title='bbox 3979 582 4141 637; x_wconf 81' lang='lat' dir='ltr'><strong>etiam</strong></span> <span class='ocrx_word' id='word_1_18' title='bbox 4197 581 4299 635; x_wconf 89' lang='lat' dir='ltr'><strong>hoc</strong></span> <span class='ocrx_word' id='word_1_19' title='bbox 4355 589 4512 650; x_wconf 89' lang='lat' dir='ltr'><strong>pacto</strong></span> 
     </span>
    </p>
   </div>
   <div class='ocr_carea' id='block_1_5' title="bbox 2422 581 5112 662">
    <p class='ocr_par' dir='ltr' id='par_1_5' title="bbox 2422 581 5112 659">
     <span class='ocr_line' id='line_1_5' title="bbox 2422 581 5112 659; baseline -0.002 -18"><span class='ocrx_word' id='word_1_20' title='bbox 2422 588 2483 659; x_wconf 57' lang='grc' dir='ltr'><strong>ηρὶ</strong></span> <span class='ocrx_word' id='word_1_21' title='bbox 2511 587 2668 658; x_wconf 83' lang='grc' dir='ltr'>ἡμῶν</span> <span class='ocrx_word' id='word_1_22' title='bbox 2712 586 2974 650; x_wconf 76' lang='grc' dir='ltr'>ἀπέθανε,</span> <span class='ocrx_word' id='word_1_23' title='bbox 3017 585 3228 647; x_wconf 84' lang='grc' dir='ltr'>δίκαιος</span> <span class='ocrx_word' id='word_1_24' title='bbox 3273 585 3414 656; x_wconf 79' lang='grc' dir='ltr'>ὑπὲρ</span> <span class='ocrx_word' id='word_1_25' title='bbox 3444 589 3489 645; x_wconf 72' lang='grc' dir='ltr'><strong>Α</strong></span> <span class='ocrx_word' id='word_1_26' title='bbox 3521 594 3700 638; x_wconf 88' lang='lat' dir='ltr'><strong>manet</strong></span> <span class='ocrx_word' id='word_1_27' title='bbox 3752 592 3930 637; x_wconf 84' lang='lat' dir='ltr'><strong>tamen</strong></span> <span class='ocrx_word' id='word_1_28' title='bbox 3979 582 4141 637; x_wconf 84' lang='lat' dir='ltr'><strong>etiam</strong></span> <span class='ocrx_word' id='word_1_29' title='bbox 4197 581 4299 635; x_wconf 88' lang='lat' dir='ltr'><strong>hoc</strong></span> <span class='ocrx_word' id='word_1_30' title='bbox 4355 589 4512 650; x_wconf 90' lang='lat' dir='ltr'><strong>pacto</strong></span> <span class='ocrx_word' id='word_1_31' title='bbox 4559 593 4758 649; x_wconf 74' lang='lat' dir='ltr'><strong>expers</strong></span> <span class='ocrx_word' id='word_1_32' title='bbox 4803 585 5112 647; x_wconf 67' lang='lat' dir='ltr'><strong>passionis,</strong></span> 
     </span>
    </p>
   </div>
   <div class='ocr_carea' id='block_1_6' title="bbox 1822 677 3414 752">
    <p class='ocr_par' dir='ltr' id='par_1_6' title="bbox 1822 677 3414 752">
     <span class='ocr_line' id='line_1_6' title="bbox 1822 677 3414 752; baseline -0.005 -14"><span class='ocrx_word' id='word_1_33' title='bbox 1822 683 2050 747; x_wconf 81' lang='grc' dir='ltr'>ἀδίκων,</span> <span class='ocrx_word' id='word_1_34' title='bbox 2073 680 2164 736; x_wconf 79' lang='grc' dir='ltr'>ἵνα</span> <span class='ocrx_word' id='word_1_35' title='bbox 2185 681 2333 752; x_wconf 74' lang='grc' dir='ltr'>ἡμᾶς</span> <span class='ocrx_word' id='word_1_36' title='bbox 2357 679 2687 752; x_wconf 75' lang='grc' dir='ltr'><strong>προσαγάγῃ</strong></span> <span class='ocrx_word' id='word_1_37' title='bbox 2707 678 2848 749; x_wconf 82' lang='grc' dir='ltr'>Θεῷ,</span> <span class='ocrx_word' id='word_1_38' title='bbox 2873 677 3205 740; x_wconf 76' lang='grc' dir='ltr'>θανατωθεὶς</span> <span class='ocrx_word' id='word_1_39' title='bbox 3227 678 3414 750; x_wconf 75' lang='grc' dir='ltr'>σαρκὶ,</span> 
     </span>
    </p>
   </div>
   <div class='ocr_carea' id='block_1_7' title="bbox 1821 768 3412 844">
    <p class='ocr_par' dir='ltr' id='par_1_7' title="bbox 1821 768 3412 844">
     <span class='ocr_line' id='line_1_7' title="bbox 1821 768 3412 844; baseline -0.003 -17"><span class='ocrx_word' id='word_1_40' title='bbox 1821 771 2183 844; x_wconf 77' lang='grc' dir='ltr'><strong>ζωοποιηθεὶς</strong></span> <span class='ocrx_word' id='word_1_41' title='bbox 2219 771 2280 826; x_wconf 81' lang='grc' dir='ltr'><strong>δὲ</strong></span> <span class='ocrx_word' id='word_1_42' title='bbox 2309 770 2604 841; x_wconf 82' lang='grc' dir='ltr'>πνεύματι.</span> <span class='ocrx_word' id='word_1_43' title='bbox 2638 769 2928 824; x_wconf 73' lang='grc' dir='ltr'>»Ἄνθότου</span> <span class='ocrx_word' id='word_1_44' title='bbox 2974 768 3102 839; x_wconf 78' lang='grc' dir='ltr'>γὰρ,</span> <span class='ocrx_word' id='word_1_45' title='bbox 3140 769 3275 840; x_wconf 79' lang='grc' dir='ltr'>φαίη</span> <span class='ocrx_word' id='word_1_46' title='bbox 3325 770 3412 832; x_wconf 84' lang='grc' dir='ltr'><strong>ἂν,</strong></span> 
     </span>
    </p>
   </div>
   <div class='ocr_carea' id='block_1_8' title="bbox 1817 860 3416 936">
    <p class='ocr_par' dir='ltr' id='par_1_8' title="bbox 1817 860 3416 936">
     <span class='ocr_line' id='line_1_8' title="bbox 1817 860 3416 936; baseline -0.006 -16"><span class='ocrx_word' id='word_1_47' title='bbox 1817 862 1998 936; x_wconf 72' lang='grc' dir='ltr'>οἶμαι,</span> <span class='ocrx_word' id='word_1_48' title='bbox 2026 866 2131 931; x_wconf 75' lang='grc' dir='ltr'>τὶς,</span> <span class='ocrx_word' id='word_1_49' title='bbox 2162 863 2261 934; x_wconf 78' lang='grc' dir='ltr'><strong>οὐχ</strong></span> <span class='ocrx_word' id='word_1_50' title='bbox 2286 864 2474 928; x_wconf 76' lang='grc' dir='ltr'>ἁπλῶς</span> <span class='ocrx_word' id='word_1_51' title='bbox 2500 864 2534 934; x_wconf 79' lang='grc' dir='ltr'>ἢ</span> <span class='ocrx_word' id='word_1_52' title='bbox 2562 863 2882 934; x_wconf 81' lang='grc' dir='ltr'>ἀδιορίστως</span> <span class='ocrx_word' id='word_1_53' title='bbox 2904 863 3009 934; x_wconf 69' lang='grc' dir='ltr'><strong>ἔφη</strong></span> <span class='ocrx_word' id='word_1_54' title='bbox 3036 863 3230 916; x_wconf 82' lang='grc' dir='ltr'>παθεῖν</span> <span class='ocrx_word' id='word_1_55' title='bbox 3253 860 3416 916; x_wconf 81' lang='grc' dir='ltr'>αὐτὸν</span> 
     </span>
    </p>
   </div>
   <div class='ocr_carea' id='block_1_9' title="bbox 1817 953 3414 1028">
    <p class='ocr_par' dir='ltr' id='par_1_9' title="bbox 1817 953 3414 1028">
     <span class='ocr_line' id='line_1_9' title="bbox 1817 953 3414 1028; baseline -0.001 -18"><span class='ocrx_word' id='word_1_56' title='bbox 1817 958 1848 1010; x_wconf 80' lang='lat'><strong>6</strong></span> <span class='ocrx_word' id='word_1_57' title='bbox 1881 957 2349 1028; x_wconf 86' lang='grc' dir='ltr'>πνευματοφόρος,</span> <span class='ocrx_word' id='word_1_58' title='bbox 2369 953 2917 1027; x_wconf 82' lang='grc' dir='ltr'>προσεπήνεγκε[δὲ],</span> <span class='ocrx_word' id='word_1_59' title='bbox 2931 954 3006 1024; x_wconf 74' lang='grc' dir='ltr'>τῇ</span> <span class='ocrx_word' id='word_1_60' title='bbox 3027 959 3211 1024; x_wconf 78' lang='grc' dir='ltr'>σαρκί</span> <span class='ocrx_word' id='word_1_61' title='bbox 3225 971 3244 1019; x_wconf 92' lang='grc'><strong><em>;</em></strong></span> <span class='ocrx_word' id='word_1_62' title='bbox 3260 953 3414 1027; x_wconf 84' lang='grc' dir='ltr'>ᾝδει</span> 
     </span>
    </p>
   </div>
   <div class='ocr_carea' id='block_1_10' title="bbox 1817 1044 3415 1121">
    <p class='ocr_par' dir='ltr' id='par_1_10' title="bbox 1817 1044 3415 1121">
     <span class='ocr_line' id='line_1_10' title="bbox 1817 1044 3415 1121; baseline -0.003 -20"><span class='ocrx_word' id='word_1_63' title='bbox 1817 1049 1952 1119; x_wconf 82' lang='grc' dir='ltr'>γὰρ,</span> <span class='ocrx_word' id='word_1_64' title='bbox 1978 1049 2097 1121; x_wconf 72' lang='grc' dir='ltr'>ᾔδει</span> <span class='ocrx_word' id='word_1_65' title='bbox 2151 1047 2288 1120; x_wconf 77' lang='grc' dir='ltr'>περὶ</span> <span class='ocrx_word' id='word_1_66' title='bbox 2333 1047 2471 1102; x_wconf 79' lang='grc' dir='ltr'>Θεοῦ</span> <span class='ocrx_word' id='word_1_67' title='bbox 2517 1048 2714 1117; x_wconf 82' lang='grc' dir='ltr'>λέγων’</span> <span class='ocrx_word' id='word_1_68' title='bbox 2772 1047 3052 1116; x_wconf 75' lang='grc' dir='ltr'><strong>τοιγάρτοι</strong></span> <span class='ocrx_word' id='word_1_69' title='bbox 3097 1045 3160 1099; x_wconf 89' lang='grc' dir='ltr'><strong>τὸ</strong></span> <span class='ocrx_word' id='word_1_70' title='bbox 3204 1044 3415 1108; x_wconf 84' lang='grc' dir='ltr'>ἀπαθὲς</span> 
     </span>
    </p>
   </div>
   <div class='ocr_carea' id='block_1_11' title="bbox 1817 1138 3414 1213">
    <p class='ocr_par' dir='ltr' id='par_1_11' title="bbox 1817 1138 3414 1213">
     <span class='ocr_line' id='line_1_11' title="bbox 1817 1138 3414 1213; baseline -0.001 -20"><span class='ocrx_word' id='word_1_71' title='bbox 1817 1141 2266 1213; x_wconf 85' lang='grc' dir='ltr'>προσνενέμηκεν</span> <span class='ocrx_word' id='word_1_72' title='bbox 2288 1142 2456 1212; x_wconf 85' lang='grc' dir='ltr'>αὐτῷ,</span> <span class='ocrx_word' id='word_1_73' title='bbox 2474 1141 2611 1195; x_wconf 83' lang='grc' dir='ltr'>καθὸ</span> <span class='ocrx_word' id='word_1_74' title='bbox 2631 1143 2832 1196; x_wconf 84' lang='grc' dir='ltr'>νοεῖται</span> <span class='ocrx_word' id='word_1_75' title='bbox 2848 1141 3001 1205; x_wconf 87' lang='grc' dir='ltr'>Θεὸς,</span> <span class='ocrx_word' id='word_1_76' title='bbox 3020 1138 3235 1210; x_wconf 78' lang='grc' dir='ltr'>εὐτεχνέ</span> <span class='ocrx_word' id='word_1_77' title='bbox 3245 1153 3414 1192; x_wconf 87' lang='grc' dir='ltr'>στατα</span> 
     </span>
    </p>
   </div>
   <div class='ocr_carea' id='block_1_12' title="bbox 1817 1231 3412 1307">
    <p class='ocr_par' dir='ltr' id='par_1_12' title="bbox 1817 1231 3412 1307">
     <span class='ocr_line' id='line_1_12' title="bbox 1817 1231 3412 1307; baseline -0.001 -21"><span class='ocrx_word' id='word_1_78' title='bbox 1817 1233 2209 1304; x_wconf 78' lang='grc' dir='ltr'><strong>προσενεγκὼν</strong></span> <span class='ocrx_word' id='word_1_79' title='bbox 2245 1234 2322 1304; x_wconf 77' lang='grc' dir='ltr'>τῇ</span> <span class='ocrx_word' id='word_1_80' title='bbox 2364 1235 2566 1304; x_wconf 72' lang='grc' dir='ltr'>σαρκὶ,</span> <span class='ocrx_word' id='word_1_81' title='bbox 2599 1235 2728 1307; x_wconf 69' lang='grc' dir='ltr'>περὶ</span> <span class='ocrx_word' id='word_1_82' title='bbox 2756 1233 2824 1305; x_wconf 70' lang='grc' dir='ltr'><strong>ἣν</strong></span> <span class='ocrx_word' id='word_1_83' title='bbox 2851 1233 2920 1290; x_wconf 82' lang='grc' dir='ltr'><strong>ἂν</strong></span> <span class='ocrx_word' id='word_1_84' title='bbox 2951 1232 3161 1302; x_wconf 84' lang='grc' dir='ltr'>γένοιτο</span> <span class='ocrx_word' id='word_1_85' title='bbox 3211 1231 3273 1284; x_wconf 90' lang='grc' dir='ltr'><strong>τὸ</strong></span> <span class='ocrx_word' id='word_1_86' title='bbox 3303 1248 3412 1285; x_wconf 86' lang='grc' dir='ltr'>πα-</span> 
     </span>
    </p>
   </div>
   <div class='ocr_carea' id='block_1_13' title="bbox 1816 1309 2910 1379">
    <p class='ocr_par' dir='ltr' id='par_1_13' title="bbox 1816 1309 2910 1379">
     <span class='ocr_line' id='line_1_13' title="bbox 1816 1309 2910 1379; baseline -0.001 -2"><span class='ocrx_word' id='word_1_87' title='bbox 1816 1323 1954 1379; x_wconf 82' lang='grc' dir='ltr'>θεῖν.</span> <span class='ocrx_word' id='word_1_88' title='bbox 2039 1333 2049 1343; x_wconf 87' lang='grc'><strong><em>“</em></strong></span> <span class='ocrx_word' id='word_1_89' title='bbox 2887 1309 2910 1330; x_wconf 68' lang='grc'><strong><em>⁸</em></strong></span> 
     </span>
    </p>
   </div>
   <div class='ocr_carea' id='block_1_14' title="bbox 1888 1590 3410 1666">
    <p class='ocr_par' dir='ltr' id='par_1_14' title="bbox 1888 1590 3410 1666">
     <span class='ocr_line' id='line_1_14' title="bbox 1888 1590 3410 1666; baseline -0.001 -20"><span class='ocrx_word' id='word_1_90' title='bbox 1888 1590 1950 1647; x_wconf 86' lang='grc' dir='ltr'>Β.</span> <span class='ocrx_word' id='word_1_91' title='bbox 1983 1592 2124 1646; x_wconf 80' lang='grc' dir='ltr'>Ἀλλ’</span> <span class='ocrx_word' id='word_1_92' title='bbox 2146 1593 2385 1647; x_wconf 75' lang='grc' dir='ltr'>ἑοικέναι</span> <span class='ocrx_word' id='word_1_93' title='bbox 2416 1593 2551 1662; x_wconf 81' lang='grc' dir='ltr'>φασὶ</span> <span class='ocrx_word' id='word_1_94' title='bbox 2583 1592 2962 1666; x_wconf 78' lang='grc' dir='ltr'><strong>τερατολογίᾳ,</strong></span> <span class='ocrx_word' id='word_1_95' title='bbox 2990 1594 3086 1648; x_wconf 75' lang='grc' dir='ltr'>καὶ</span> <span class='ocrx_word' id='word_1_96' title='bbox 3111 1592 3410 1648; x_wconf 83' lang='grc' dir='ltr'>ἀπονεῦσαι</span> 
     </span>
    </p>
   </div>
   <div class='ocr_carea' id='block_1_15' title="bbox 1811 1683 3412 1757">
    <p class='ocr_par' dir='ltr' id='par_1_15' title="bbox 1811 1683 3412 1757">
     <span class='ocr_line' id='line_1_15' title="bbox 1811 1683 3412 1757; baseline -0.001 -20"><span class='ocrx_word' id='word_1_97' title='bbox 1811 1683 1937 1738; x_wconf 83' lang='grc' dir='ltr'>λίαν</span> <span class='ocrx_word' id='word_1_98' title='bbox 1971 1686 2052 1748; x_wconf 86' lang='grc' dir='ltr'><strong>είς</strong></span> <span class='ocrx_word' id='word_1_99' title='bbox 2077 1685 2138 1738; x_wconf 85' lang='grc' dir='ltr'><strong>τὸ</strong></span> <span class='ocrx_word' id='word_1_100' title='bbox 2166 1685 2448 1742; x_wconf 74' lang='grc' dir='ltr'><strong>ἀπιθάνως</strong></span> <span class='ocrx_word' id='word_1_101' title='bbox 2477 1684 2618 1757; x_wconf 79' lang='grc' dir='ltr'>ἔχον,</span> <span class='ocrx_word' id='word_1_102' title='bbox 2644 1685 2706 1738; x_wconf 90' lang='grc' dir='ltr'><strong>τὸ</strong></span> <span class='ocrx_word' id='word_1_103' title='bbox 2747 1686 2945 1756; x_wconf 79' lang='grc' dir='ltr'>χρῆναι</span> <span class='ocrx_word' id='word_1_104' title='bbox 2969 1684 3173 1754; x_wconf 85' lang='grc' dir='ltr'>λέγειν,</span> <span class='ocrx_word' id='word_1_105' title='bbox 3194 1684 3286 1738; x_wconf 89' lang='grc' dir='ltr'><strong>τὸν</strong></span> <span class='ocrx_word' id='word_1_106' title='bbox 3311 1684 3412 1736; x_wconf 84' lang='grc' dir='ltr'>αὐ-</span> 
     </span>
    </p>
   </div>
   <div class='ocr_carea' id='block_1_16' title="bbox 1811 1776 3411 1848">
    <p class='ocr_par' dir='ltr' id='par_1_16' title="bbox 1811 1776 3411 1848">
     <span class='ocr_line' id='line_1_16' title="bbox 1811 1776 3411 1848; baseline 0.001 -18"><span class='ocrx_word' id='word_1_107' title='bbox 1811 1776 1906 1830; x_wconf 80' lang='grc' dir='ltr'><strong>τὸν</strong></span> <span class='ocrx_word' id='word_1_108' title='bbox 1940 1777 2036 1830; x_wconf 77' lang='grc' dir='ltr'>καὶ</span> <span class='ocrx_word' id='word_1_109' title='bbox 2074 1777 2268 1832; x_wconf 81' lang='grc' dir='ltr'>παθεῖν</span> <span class='ocrx_word' id='word_1_110' title='bbox 2310 1777 2404 1831; x_wconf 75' lang='grc' dir='ltr'><strong>καὶ</strong></span> <span class='ocrx_word' id='word_1_111' title='bbox 2450 1776 2524 1848; x_wconf 86' lang='grc' dir='ltr'>μὴ</span> <span class='ocrx_word' id='word_1_112' title='bbox 2571 1776 2867 1832; x_wconf 87' lang='grc' dir='ltr'>παθεῖν.Ἢ</span> <span class='ocrx_word' id='word_1_113' title='bbox 2898 1777 3006 1848; x_wconf 82' lang='grc' dir='ltr'>γὰρ</span> <span class='ocrx_word' id='word_1_114' title='bbox 3040 1778 3179 1842; x_wconf 82' lang='grc' dir='ltr'>ὅλως</span> <span class='ocrx_word' id='word_1_115' title='bbox 3212 1778 3272 1831; x_wconf 81' lang='grc' dir='ltr'>οὐ</span> <span class='ocrx_word' id='word_1_116' title='bbox 3311 1779 3411 1832; x_wconf 81' lang='grc' dir='ltr'><strong>πέ-</strong></span> 
     </span>
    </p>
   </div>
   <div class='ocr_carea' id='block_1_17' title="bbox 1814 1869 3408 1944">
    <p class='ocr_par' dir='ltr' id='par_1_17' title="bbox 1814 1869 3408 1944">
     <span class='ocr_line' id='line_1_17' title="bbox 1814 1869 3408 1944; baseline 0.001 -19"><span class='ocrx_word' id='word_1_117' title='bbox 1814 1871 2011 1925; x_wconf 88' lang='grc' dir='ltr'>πονθεν</span> <span class='ocrx_word' id='word_1_118' title='bbox 2027 1871 2102 1934; x_wconf 85' lang='grc' dir='ltr'><strong>ὡς</strong></span> <span class='ocrx_word' id='word_1_119' title='bbox 2124 1870 2280 1936; x_wconf 88' lang='grc' dir='ltr'>Θεὸς,</span> <span class='ocrx_word' id='word_1_120' title='bbox 2312 1871 2370 1942; x_wconf 80' lang='grc' dir='ltr'>ἢ,</span> <span class='ocrx_word' id='word_1_121' title='bbox 2395 1874 2446 1925; x_wconf 78' lang='grc' dir='ltr'>εἰ</span> <span class='ocrx_word' id='word_1_122' title='bbox 2469 1869 2798 1926; x_wconf 77' lang='grc' dir='ltr'><strong>πεπονθέναι</strong></span> <span class='ocrx_word' id='word_1_123' title='bbox 2825 1871 3063 1940; x_wconf 80' lang='grc' dir='ltr'>λέγεται,</span> <span class='ocrx_word' id='word_1_124' title='bbox 3090 1871 3208 1936; x_wconf 85' lang='grc' dir='ltr'><strong>πῶς</strong></span> <span class='ocrx_word' id='word_1_125' title='bbox 3235 1872 3302 1926; x_wconf 86' lang='grc' dir='ltr'><strong>ἂν</strong></span> <span class='ocrx_word' id='word_1_126' title='bbox 3323 1874 3408 1944; x_wconf 83' lang='grc' dir='ltr'><strong>εῖη</strong></span> 
     </span>
    </p>
   </div>
   <div class='ocr_carea' id='block_1_18' title="bbox 1810 1946 3484 2038">
    <p class='ocr_par' dir='ltr' id='par_1_18' title="bbox 1810 1946 3484 2038">
     <span class='ocr_line' id='line_1_18' title="bbox 1810 1946 3484 2038; baseline 0.001 -22"><span class='ocrx_word' id='word_1_127' title='bbox 1810 1962 1982 2028; x_wconf 87' lang='grc' dir='ltr'>Θεὸς;</span> <span class='ocrx_word' id='word_1_128' title='bbox 2039 1964 2250 2017; x_wconf 77' lang='grc' dir='ltr'>Οὐκοῦν</span> <span class='ocrx_word' id='word_1_129' title='bbox 2279 1965 2308 2017; x_wconf 97' lang='lat'><strong>6</strong></span> <span class='ocrx_word' id='word_1_130' title='bbox 2339 1963 2526 2019; x_wconf 85' lang='grc' dir='ltr'>παθὼν</span> <span class='ocrx_word' id='word_1_131' title='bbox 2572 1966 2733 2019; x_wconf 77' lang='grc' dir='ltr'>νοοῖτ⁹</span> <span class='ocrx_word' id='word_1_132' title='bbox 2767 1964 2834 2020; x_wconf 81' lang='grc' dir='ltr'>ἂν</span> <span class='ocrx_word' id='word_1_133' title='bbox 2872 1967 3034 2036; x_wconf 80' lang='grc' dir='ltr'><strong>μόνος</strong></span> <span class='ocrx_word' id='word_1_134' title='bbox 3079 1966 3109 2020; x_wconf 91' lang='lat'><strong>6</strong></span> <span class='ocrx_word' id='word_1_135' title='bbox 3140 1967 3205 2019; x_wconf 79' lang='grc' dir='ltr'>ἐκ</span> <span class='ocrx_word' id='word_1_136' title='bbox 3244 1964 3412 2038; x_wconf 86' lang='grc' dir='ltr'>σπέρ-</span> <span class='ocrx_word' id='word_1_137' title='bbox 3441 1946 3484 2000; x_wconf 75' lang='grc' dir='ltr'>Β</span> 
     </span>
    </p>
   </div>
   <div class='ocr_carea' id='block_1_19' title="bbox 1815 2053 2342 2124">
    <p class='ocr_par' dir='ltr' id='par_1_19' title="bbox 1815 2053 2342 2124">
     <span class='ocr_line' id='line_1_19' title="bbox 1815 2053 2342 2124; baseline 0.002 -16"><span class='ocrx_word' id='word_1_138' title='bbox 1815 2070 1986 2124; x_wconf 77' lang='grc' dir='ltr'>ματος</span> <span class='ocrx_word' id='word_1_139' title='bbox 2024 2053 2118 2107; x_wconf 84' lang='grc' dir='ltr'><strong>τοῦ</strong></span> <span class='ocrx_word' id='word_1_140' title='bbox 2159 2054 2342 2109; x_wconf 78' lang='grc' dir='ltr'>Δαδίδ.</span> 
     </span>
    </p>
   </div>
   <div class='ocr_carea' id='block_1_20' title="bbox 1887 2235 3407 2310">
    <p class='ocr_par' dir='ltr' id='par_1_20' title="bbox 1887 2235 3407 2310">
     <span class='ocr_line' id='line_1_20' title="bbox 1887 2235 3407 2310; baseline 0.002 -21"><span class='ocrx_word' id='word_1_141' title='bbox 1887 2240 1947 2290; x_wconf 78' lang='grc' dir='ltr'><strong>Λ.</strong></span> <span class='ocrx_word' id='word_1_142' title='bbox 1964 2235 2158 2290; x_wconf 79' lang='grc' dir='ltr'><strong>Καίτοι</strong></span> <span class='ocrx_word' id='word_1_143' title='bbox 2178 2235 2294 2300; x_wconf 79' lang='grc' dir='ltr'><strong>πῶς</strong></span> <span class='ocrx_word' id='word_1_144' title='bbox 2310 2236 2410 2290; x_wconf 83' lang='grc' dir='ltr'>οὐκ</span> <span class='ocrx_word' id='word_1_145' title='bbox 2425 2237 2694 2309; x_wconf 81' lang='grc' dir='ltr'><strong>ἀδρανοῦς</strong></span> <span class='ocrx_word' id='word_1_146' title='bbox 2710 2237 2954 2303; x_wconf 84' lang='grc' dir='ltr'><strong>διανοίας</strong></span> <span class='ocrx_word' id='word_1_147' title='bbox 2970 2238 3196 2310; x_wconf 74' lang='grc' dir='ltr'>ἐλεγχος</span> <span class='ocrx_word' id='word_1_148' title='bbox 3213 2239 3302 2310; x_wconf 80' lang='grc' dir='ltr'>εἴη</span> <span class='ocrx_word' id='word_1_149' title='bbox 3319 2239 3407 2305; x_wconf 84' lang='grc' dir='ltr'>ἂν,</span> 
     </span>
    </p>
   </div>
   <div class='ocr_carea' id='block_1_21' title="bbox 1814 2325 3410 2403">
    <p class='ocr_par' dir='ltr' id='par_1_21' title="bbox 1814 2325 3410 2403">
     <span class='ocr_line' id='line_1_21' title="bbox 1814 2325 3410 2403; baseline 0.005 -25"><span class='ocrx_word' id='word_1_150' title='bbox 1814 2327 1908 2379; x_wconf 81' lang='grc' dir='ltr'>καὶ</span> <span class='ocrx_word' id='word_1_151' title='bbox 1925 2325 2072 2396; x_wconf 83' lang='grc' dir='ltr'>μάλα</span> <span class='ocrx_word' id='word_1_152' title='bbox 2087 2327 2288 2398; x_wconf 83' lang='grc' dir='ltr'>σαφὴς,</span> <span class='ocrx_word' id='word_1_153' title='bbox 2302 2327 2363 2380; x_wconf 89' lang='grc' dir='ltr'><strong>τὸ</strong></span> <span class='ocrx_word' id='word_1_154' title='bbox 2379 2329 2538 2381; x_wconf 74' lang='grc' dir='ltr'>ταυτὶ</span> <span class='ocrx_word' id='word_1_155' title='bbox 2557 2329 2621 2401; x_wconf 84' lang='grc' dir='ltr'>δὴ</span> <span class='ocrx_word' id='word_1_156' title='bbox 2641 2329 2830 2400; x_wconf 80' lang='grc' dir='ltr'>φάναι,</span> <span class='ocrx_word' id='word_1_157' title='bbox 2851 2332 3067 2403; x_wconf 79' lang='grc' dir='ltr'>καὶμὴν</span> <span class='ocrx_word' id='word_1_158' title='bbox 3088 2334 3182 2385; x_wconf 78' lang='grc' dir='ltr'><strong>καὶ</strong></span> <span class='ocrx_word' id='word_1_159' title='bbox 3194 2331 3410 2386; x_wconf 77' lang='grc' dir='ltr'>ἑλέσθαι</span> 
     </span>
    </p>
   </div>
   <div class='ocr_carea' id='block_1_22' title="bbox 1813 2421 3410 2498">
    <p class='ocr_par' dir='ltr' id='par_1_22' title="bbox 1813 2421 3410 2498">
     <span class='ocr_line' id='line_1_22' title="bbox 1813 2421 3410 2498; baseline 0.006 -27"><span class='ocrx_word' id='word_1_160' title='bbox 1813 2423 2061 2491; x_wconf 69' lang='grc' dir='ltr'>φρονεῖ-ις</span> <span class='ocrx_word' id='word_1_161' title='bbox 2091 2421 2166 2473; x_wconf 79' lang='grc' dir='ltr'><strong>Οὐ</strong></span> <span class='ocrx_word' id='word_1_162' title='bbox 2187 2421 2296 2492; x_wconf 76' lang='grc' dir='ltr'>γὰρ</span> <span class='ocrx_word' id='word_1_163' title='bbox 2317 2423 2494 2476; x_wconf 78' lang='grc' dir='ltr'>κοινὸν</span> <span class='ocrx_word' id='word_1_164' title='bbox 2519 2423 2804 2495; x_wconf 79' lang='grc' dir='ltr'>ἄνθρωπον</span> <span class='ocrx_word' id='word_1_165' title='bbox 2832 2424 3069 2480; x_wconf 84' lang='grc' dir='ltr'>δέδωκεν</span> <span class='ocrx_word' id='word_1_166' title='bbox 3091 2428 3233 2498; x_wconf 83' lang='grc' dir='ltr'>ὑπερ</span> <span class='ocrx_word' id='word_1_167' title='bbox 3255 2427 3410 2498; x_wconf 84' lang='grc' dir='ltr'>ἡμῶν</span> 
     </span>
    </p>
   </div>
   <div class='ocr_carea' id='block_1_23' title="bbox 1813 2512 3412 2590">
    <p class='ocr_par' dir='ltr' id='par_1_23' title="bbox 1813 2512 3412 2590">
     <span class='ocr_line' id='line_1_23' title="bbox 1813 2512 3412 2590; baseline 0.004 -24"><span class='ocrx_word' id='word_1_168' title='bbox 1813 2516 1839 2566; x_wconf 83' lang='lat'><strong>6</strong></span> <span class='ocrx_word' id='word_1_169' title='bbox 1866 2512 1997 2576; x_wconf 84' lang='grc' dir='ltr'>Θεὸς</span> <span class='ocrx_word' id='word_1_170' title='bbox 2022 2515 2117 2566; x_wconf 69' lang='grc' dir='ltr'><strong>καὶ</strong></span> <span class='ocrx_word' id='word_1_171' title='bbox 2145 2515 2356 2586; x_wconf 72' lang='grc' dir='ltr'>Πατὴρ,</span> <span class='ocrx_word' id='word_1_172' title='bbox 2389 2515 2466 2580; x_wconf 88' lang='grc' dir='ltr'>ὡς</span> <span class='ocrx_word' id='word_1_173' title='bbox 2501 2518 2560 2569; x_wconf 86' lang='grc' dir='ltr'>ὲν</span> <span class='ocrx_word' id='word_1_174' title='bbox 2593 2518 2819 2586; x_wconf 82' lang='grc' dir='ltr'>μεσίτου</span> <span class='ocrx_word' id='word_1_175' title='bbox 2847 2519 2998 2583; x_wconf 83' lang='grc' dir='ltr'>τάξει</span> <span class='ocrx_word' id='word_1_176' title='bbox 3028 2519 3412 2590; x_wconf 79' lang='grc' dir='ltr'>παρειλημμέ-</span> 
     </span>
    </p>
   </div>
   <div class='ocr_carea' id='block_1_24' title="bbox 1812 2606 3408 2684">
    <p class='ocr_par' dir='ltr' id='par_1_24' title="bbox 1812 2606 3408 2684">
     <span class='ocr_line' id='line_1_24' title="bbox 1812 2606 3408 2684; baseline 0.006 -28"><span class='ocrx_word' id='word_1_177' title='bbox 1812 2622 1922 2669; x_wconf 84' lang='grc' dir='ltr'>νον,</span> <span class='ocrx_word' id='word_1_178' title='bbox 1961 2607 2054 2659; x_wconf 78' lang='grc' dir='ltr'><strong>καὶ</strong></span> <span class='ocrx_word' id='word_1_179' title='bbox 2095 2606 2481 2662; x_wconf 82' lang='grc' dir='ltr'>κατάπλαστον</span> <span class='ocrx_word' id='word_1_180' title='bbox 2503 2609 2695 2680; x_wconf 72' lang='grc' dir='ltr'>ἔχοντα</span> <span class='ocrx_word' id='word_1_181' title='bbox 2716 2611 2816 2681; x_wconf 79' lang='grc' dir='ltr'>τὴν</span> <span class='ocrx_word' id='word_1_182' title='bbox 2838 2612 2936 2682; x_wconf 82' lang='grc' dir='ltr'><strong>τῆς</strong></span> <span class='ocrx_word' id='word_1_183' title='bbox 2958 2612 3207 2684; x_wconf 80' lang='grc' dir='ltr'>υἱότητος</span> <span class='ocrx_word' id='word_1_184' title='bbox 3228 2613 3408 2678; x_wconf 79' lang='grc' dir='ltr'>δόξαν,</span> 
     </span>
    </p>
   </div>
   <div class='ocr_carea' id='block_1_25' title="bbox 1812 2697 3408 2776">
    <p class='ocr_par' dir='ltr' id='par_1_25' title="bbox 1812 2697 3408 2776">
     <span class='ocr_line' id='line_1_25' title="bbox 1812 2697 3408 2776; baseline 0.006 -27"><span class='ocrx_word' id='word_1_185' title='bbox 1812 2697 1909 2750; x_wconf 70' lang='grc' dir='ltr'>καὶ</span> <span class='ocrx_word' id='word_1_186' title='bbox 1925 2701 2146 2770; x_wconf 83' lang='grc' dir='ltr'>σχετικῇ</span> <span class='ocrx_word' id='word_1_187' title='bbox 2167 2701 2430 2772; x_wconf 73' lang='grc' dir='ltr'>συναφείᾳ.</span> <span class='ocrx_word' id='word_1_188' title='bbox 2445 2719 2637 2773; x_wconf 75' lang='grc' dir='ltr'>τετιμη</span> <span class='ocrx_word' id='word_1_189' title='bbox 2648 2702 2827 2773; x_wconf 85' lang='grc' dir='ltr'>μένον,</span> <span class='ocrx_word' id='word_1_190' title='bbox 2842 2703 2957 2756; x_wconf 75' lang='grc' dir='ltr'>ἀλλ’</span> <span class='ocrx_word' id='word_1_191' title='bbox 2979 2705 3035 2757; x_wconf 85' lang='grc' dir='ltr'><strong>ὲν</strong></span> <span class='ocrx_word' id='word_1_192' title='bbox 3051 2705 3182 2758; x_wconf 81' lang='grc' dir='ltr'>εἴδει</span> <span class='ocrx_word' id='word_1_193' title='bbox 3197 2705 3274 2776; x_wconf 81' lang='grc' dir='ltr'>τῷ</span> <span class='ocrx_word' id='word_1_194' title='bbox 3287 2706 3408 2760; x_wconf 81' lang='grc' dir='ltr'>καθ’</span> 
     </span>
    </p>
   </div>
   <div class='ocr_carea' id='block_1_26' title="bbox 1811 2789 3408 2868">
    <p class='ocr_par' dir='ltr' id='par_1_26' title="bbox 1811 2789 3408 2868">
     <span class='ocr_line' id='line_1_26' title="bbox 1811 2789 3408 2868; baseline 0.006 -26"><span class='ocrx_word' id='word_1_195' title='bbox 1811 2791 1982 2857; x_wconf 75' lang='grc' dir='ltr'>ἡμᾶς,</span> <span class='ocrx_word' id='word_1_196' title='bbox 2005 2789 2072 2843; x_wconf 87' lang='grc' dir='ltr'>δι’</span> <span class='ocrx_word' id='word_1_197' title='bbox 2097 2791 2243 2862; x_wconf 77' lang='grc' dir='ltr'>ἡμᾶς</span> <span class='ocrx_word' id='word_1_198' title='bbox 2275 2792 2560 2860; x_wconf 80' lang='grc' dir='ltr'>γεγονότα,</span> <span class='ocrx_word' id='word_1_199' title='bbox 2587 2793 2680 2848; x_wconf 90' lang='grc' dir='ltr'><strong>τὸν</strong></span> <span class='ocrx_word' id='word_1_200' title='bbox 2712 2794 2852 2866; x_wconf 79' lang='grc' dir='ltr'>ὑπὲρ</span> <span class='ocrx_word' id='word_1_201' title='bbox 2874 2797 3055 2849; x_wconf 79' lang='grc' dir='ltr'>πᾶσαν</span> <span class='ocrx_word' id='word_1_202' title='bbox 3081 2797 3178 2868; x_wconf 77' lang='grc' dir='ltr'>τὴν</span> <span class='ocrx_word' id='word_1_203' title='bbox 3208 2797 3408 2863; x_wconf 81' lang='grc' dir='ltr'>κτίσιν,</span> 
     </span>
    </p>
   </div>
   <div class='ocr_carea' id='block_1_27' title="bbox 1810 2880 3412 2956">
    <p class='ocr_par' dir='ltr' id='par_1_27' title="bbox 1810 2880 3412 2956">
     <span class='ocr_line' id='line_1_27' title="bbox 1810 2880 3412 2956; baseline 0.007 -25"><span class='ocrx_word' id='word_1_204' title='bbox 1810 2880 1906 2932; x_wconf 84' lang='grc' dir='ltr'><strong>τὸν</strong></span> <span class='ocrx_word' id='word_1_205' title='bbox 1935 2883 1998 2935; x_wconf 78' lang='grc' dir='ltr'>ὲκ</span> <span class='ocrx_word' id='word_1_206' title='bbox 2029 2884 2131 2952; x_wconf 79' lang='grc' dir='ltr'>τῆς</span> <span class='ocrx_word' id='word_1_207' title='bbox 2177 2881 2368 2946; x_wconf 80' lang='grc' dir='ltr'>οὐσίας</span> <span class='ocrx_word' id='word_1_208' title='bbox 2411 2884 2580 2940; x_wconf 82' lang='grc' dir='ltr'>αὑτοῦ</span> <span class='ocrx_word' id='word_1_209' title='bbox 2629 2886 2908 2956; x_wconf 84' lang='grc' dir='ltr'>πεφηνότα</span> <span class='ocrx_word' id='word_1_210' title='bbox 2956 2889 3150 2955; x_wconf 71' lang='grc' dir='ltr'>Λόγον,</span> <span class='ocrx_word' id='word_1_211' title='bbox 3181 2889 3267 2943; x_wconf 80' lang='grc' dir='ltr'><strong>ἵνα</strong></span> <span class='ocrx_word' id='word_1_212' title='bbox 3317 2892 3412 2943; x_wconf 77' lang='grc' dir='ltr'><strong>καὶ</strong></span> 
     </span>
    </p>
   </div>
   <div class='ocr_carea' id='block_1_28' title="bbox 1807 2969 3411 3050">
    <p class='ocr_par' dir='ltr' id='par_1_28' title="bbox 1807 2969 3411 3050">
     <span class='ocr_line' id='line_1_28' title="bbox 1807 2969 3411 3050; baseline 0.004 -23"><span class='ocrx_word' id='word_1_213' title='bbox 1807 2969 1986 3042; x_wconf 80' lang='grc' dir='ltr'><strong>ὁρῷτο</strong></span> <span class='ocrx_word' id='word_1_214' title='bbox 2030 2973 2130 3046; x_wconf 81' lang='grc' dir='ltr'>τῆς</span> <span class='ocrx_word' id='word_1_215' title='bbox 2179 2974 2438 3031; x_wconf 78' lang='grc' dir='ltr'>ἁπάντων</span> <span class='ocrx_word' id='word_1_216' title='bbox 2466 2975 2612 3049; x_wconf 76' lang='grc' dir='ltr'>ζωῆς</span> <span class='ocrx_word' id='word_1_217' title='bbox 2636 2977 3077 3043; x_wconf 79' lang='grc' dir='ltr'>ἀντάξιος.Ἔστι</span> <span class='ocrx_word' id='word_1_218' title='bbox 3117 2981 3194 3045; x_wconf 82' lang='grc' dir='ltr'><strong>δὲ,</strong></span> <span class='ocrx_word' id='word_1_219' title='bbox 3229 2975 3411 3050; x_wconf 78' lang='grc' dir='ltr'>οἶμαι,</span> 
     </span>
    </p>
   </div>
   <div class='ocr_carea' id='block_1_29' title="bbox 1810 3063 3412 3145">
    <p class='ocr_par' dir='ltr' id='par_1_29' title="bbox 1810 3063 3412 3145">
     <span class='ocr_line' id='line_1_29' title="bbox 1810 3063 3412 3145; baseline 0.007 -29"><span class='ocrx_word' id='word_1_220' title='bbox 1810 3063 1922 3117; x_wconf 77' lang='grc' dir='ltr'>τῶν</span> <span class='ocrx_word' id='word_1_221' title='bbox 1969 3064 2090 3118; x_wconf 89' lang='grc' dir='ltr'>λίαν</span> <span class='ocrx_word' id='word_1_222' title='bbox 2138 3065 2562 3134; x_wconf 80' lang='grc' dir='ltr'>ὲκτοπωτάτων,</span> <span class='ocrx_word' id='word_1_223' title='bbox 2595 3071 2798 3142; x_wconf 87' lang='grc' dir='ltr'>σαρκὸς</span> <span class='ocrx_word' id='word_1_224' title='bbox 2849 3071 2992 3125; x_wconf 72' lang='grc' dir='ltr'>κατὰ</span> <span class='ocrx_word' id='word_1_225' title='bbox 3040 3072 3137 3134; x_wconf 75' lang='grc' dir='ltr'><strong>τὰς</strong></span> <span class='ocrx_word' id='word_1_226' title='bbox 3188 3074 3412 3145; x_wconf 69' lang='grc' dir='ltr'>Γραφὰς</span> 
     </span>
    </p>
   </div>
   <div class='ocr_carea' id='block_1_30' title="bbox 1807 3158 3410 3236">
    <p class='ocr_par' dir='ltr' id='par_1_30' title="bbox 1807 3158 3410 3236">
     <span class='ocr_line' id='line_1_30' title="bbox 1807 3158 3410 3236; baseline 0.004 -21"><span class='ocrx_word' id='word_1_227' title='bbox 1807 3163 2119 3232; x_wconf 86' lang='grc' dir='ltr'>γεγονότος,</span> <span class='ocrx_word' id='word_1_228' title='bbox 2156 3158 2234 3230; x_wconf 85' lang='grc' dir='ltr'>ὡς</span> <span class='ocrx_word' id='word_1_229' title='bbox 2280 3159 2439 3236; x_wconf 80' lang='grc' dir='ltr'>ἔφην,</span> <span class='ocrx_word' id='word_1_230' title='bbox 2473 3161 2568 3214; x_wconf 86' lang='grc' dir='ltr'><strong>τοῦ</strong></span> <span class='ocrx_word' id='word_1_231' title='bbox 2619 3163 2983 3232; x_wconf 83' lang='grc' dir='ltr'>Μονογενοῦς,</span> <span class='ocrx_word' id='word_1_232' title='bbox 3025 3166 3121 3218; x_wconf 77' lang='grc' dir='ltr'><strong>καὶ</strong></span> <span class='ocrx_word' id='word_1_233' title='bbox 3159 3167 3260 3220; x_wconf 75' lang='grc' dir='ltr'>οὐκ</span> <span class='ocrx_word' id='word_1_234' title='bbox 3306 3168 3410 3220; x_wconf 81' lang='grc' dir='ltr'>άπ-</span> 
     </span>
    </p>
   </div>
   <div class='ocr_carea' id='block_1_31' title="bbox 1809 3252 3410 3328">
    <p class='ocr_par' dir='ltr' id='par_1_31' title="bbox 1809 3252 3410 3328">
     <span class='ocr_line' id='line_1_31' title="bbox 1809 3252 3410 3328; baseline 0 -19"><span class='ocrx_word' id='word_1_235' title='bbox 1809 3254 2144 3320; x_wconf 76' lang='grc' dir='ltr'>αξιώσαντος</span> <span class='ocrx_word' id='word_1_236' title='bbox 2177 3256 2277 3328; x_wconf 75' lang='grc' dir='ltr'><strong>τὴν</strong></span> <span class='ocrx_word' id='word_1_237' title='bbox 2305 3252 2644 3323; x_wconf 72' lang='grc' dir='ltr'>οἰκονομίαν,</span> <span class='ocrx_word' id='word_1_238' title='bbox 2678 3257 2965 3326; x_wconf 75' lang='grc' dir='ltr'><strong>μονονουχὶ</strong></span> <span class='ocrx_word' id='word_1_239' title='bbox 3009 3259 3103 3310; x_wconf 70' lang='grc' dir='ltr'><strong>καὶ</strong></span> <span class='ocrx_word' id='word_1_240' title='bbox 3148 3258 3410 3328; x_wconf 78' lang='grc' dir='ltr'>ἐπιτιμᾷν</span> 
     </span>
    </p>
   </div>
   <div class='ocr_carea' id='block_1_32' title="bbox 1809 3347 3409 3422">
    <p class='ocr_par' dir='ltr' id='par_1_32' title="bbox 1809 3347 3409 3422">
     <span class='ocr_line' id='line_1_32' title="bbox 1809 3347 3409 3422; baseline 0.001 -20"><span class='ocrx_word' id='word_1_241' title='bbox 1809 3348 1961 3418; x_wconf 74' lang='grc' dir='ltr'>αὐτῷ</span> <span class='ocrx_word' id='word_1_242' title='bbox 1990 3366 2108 3410; x_wconf 77' lang='grc' dir='ltr'><strong>πως</strong></span> <span class='ocrx_word' id='word_1_243' title='bbox 2135 3352 2200 3420; x_wconf 83' lang='grc' dir='ltr'>τῇ</span> <span class='ocrx_word' id='word_1_244' title='bbox 2237 3349 2341 3420; x_wconf 74' lang='grc' dir='ltr'>ἰδίᾳ</span> <span class='ocrx_word' id='word_1_245' title='bbox 2366 3349 2493 3422; x_wconf 81' lang='grc' dir='ltr'>δόξῃ</span> <span class='ocrx_word' id='word_1_246' title='bbox 2533 3347 2937 3422; x_wconf 82' lang='grc' dir='ltr'>μεμαχημένῳ,</span> <span class='ocrx_word' id='word_1_247' title='bbox 2973 3349 3067 3402; x_wconf 76' lang='grc' dir='ltr'><strong>καὶ</strong></span> <span class='ocrx_word' id='word_1_248' title='bbox 3106 3351 3270 3419; x_wconf 73' lang='grc' dir='ltr'>σαρκὶ</span> <span class='ocrx_word' id='word_1_249' title='bbox 3305 3368 3409 3403; x_wconf 77' lang='grc' dir='ltr'>πα·</span> 
     </span>
    </p>
   </div>
   <div class='ocr_carea' id='block_1_33' title="bbox 1809 3436 3410 3517">
    <p class='ocr_par' dir='ltr' id='par_1_33' title="bbox 1809 3436 3410 3517">
     <span class='ocr_line' id='line_1_33' title="bbox 1809 3436 3410 3517; baseline 0.002 -21"><span class='ocrx_word' id='word_1_250' title='bbox 1809 3443 1924 3496; x_wconf 80' lang='grc' dir='ltr'>θεῖν</span> <span class='ocrx_word' id='word_1_251' title='bbox 1959 3445 2110 3511; x_wconf 67' lang='grc' dir='ltr'>παρὰ</span> <span class='ocrx_word' id='word_1_252' title='bbox 2146 3444 2206 3497; x_wconf 83' lang='grc' dir='ltr'><strong>τὸ</strong></span> <span class='ocrx_word' id='word_1_253' title='bbox 2252 3444 2400 3508; x_wconf 80' lang='grc' dir='ltr'>εἰκὸς</span> <span class='ocrx_word' id='word_1_254' title='bbox 2434 3444 2692 3515; x_wconf 79' lang='grc' dir='ltr'>ἑλομένῳ.</span> <span class='ocrx_word' id='word_1_255' title='bbox 2715 3445 2854 3498; x_wconf 76' lang='grc' dir='ltr'>Ἀλλ’</span> <span class='ocrx_word' id='word_1_256' title='bbox 2885 3441 2971 3517; x_wconf 79' lang='grc' dir='ltr'>ἦν,</span> <span class='ocrx_word' id='word_1_257' title='bbox 3009 3436 3054 3499; x_wconf 81' lang='grc' dir='ltr'><strong>ὦ</strong></span> <span class='ocrx_word' id='word_1_258' title='bbox 3081 3447 3315 3514; x_wconf 80' lang='grc' dir='ltr'>γενναῖε,</span> <span class='ocrx_word' id='word_1_259' title='bbox 3347 3447 3410 3502; x_wconf 84' lang='grc' dir='ltr'><strong>τὸ</strong></span> 
     </span>
    </p>
   </div>
   <div class='ocr_carea' id='block_1_34' title="bbox 1810 3533 3409 3607">
    <p class='ocr_par' dir='ltr' id='par_1_34' title="bbox 1810 3533 3409 3607">
     <span class='ocr_line' id='line_1_34' title="bbox 1810 3533 3409 3607; baseline 0.001 -21"><span class='ocrx_word' id='word_1_260' title='bbox 1810 3535 2002 3604; x_wconf 75' lang='grc' dir='ltr'>χρῆμα</span> <span class='ocrx_word' id='word_1_261' title='bbox 2027 3538 2293 3605; x_wconf 79' lang='grc' dir='ltr'>σωτήριον</span> <span class='ocrx_word' id='word_1_262' title='bbox 2328 3535 2406 3605; x_wconf 78' lang='grc' dir='ltr'>τῷ</span> <span class='ocrx_word' id='word_1_263' title='bbox 2427 3534 2620 3605; x_wconf 79' lang='grc' dir='ltr'>κόσμῳ</span> <span class='ocrx_word' id='word_1_264' title='bbox 2650 3533 2832 3588; x_wconf 84' lang='grc' dir='ltr'>παντί.</span> <span class='ocrx_word' id='word_1_265' title='bbox 2852 3535 3071 3606; x_wconf 77' lang='grc' dir='ltr'>Ἐπειδὴ</span> <span class='ocrx_word' id='word_1_266' title='bbox 3097 3535 3151 3588; x_wconf 83' lang='grc' dir='ltr'>δὲ</span> <span class='ocrx_word' id='word_1_267' title='bbox 3175 3535 3409 3607; x_wconf 74' lang='grc' dir='ltr'>ἠθέλησε</span> 
     </span>
    </p>
   </div>
   <div class='ocr_carea' id='block_1_35' title="bbox 1807 3616 3412 3695">
    <p class='ocr_par' dir='ltr' id='par_1_35' title="bbox 1807 3616 3412 3695">
     <span class='ocr_line' id='line_1_35' title="bbox 1807 3616 3412 3695; baseline 0.001 -17"><span class='ocrx_word' id='word_1_268' title='bbox 1807 3625 1896 3679; x_wconf 68' lang='grc' dir='ltr'>δεδι</span> <span class='ocrx_word' id='word_1_269' title='bbox 1945 3625 2105 3678; x_wconf 85' lang='grc' dir='ltr'>τοῦτο</span> <span class='ocrx_word' id='word_1_270' title='bbox 2157 3625 2350 3679; x_wconf 74' lang='grc' dir='ltr'>παθεῖν</span> <span class='ocrx_word' id='word_1_271' title='bbox 2384 3627 2412 3678; x_wconf 93' lang='lat'><strong>6</strong></span> <span class='ocrx_word' id='word_1_272' title='bbox 2447 3616 2592 3695; x_wconf 72' lang='grc' dir='ltr'>πέρα</span> <span class='ocrx_word' id='word_1_273' title='bbox 2636 3625 2731 3678; x_wconf 85' lang='grc' dir='ltr'><strong>τοῦ</strong></span> <span class='ocrx_word' id='word_1_274' title='bbox 2767 3624 3028 3678; x_wconf 83' lang='grc' dir='ltr'>δύνασθαι</span> <span class='ocrx_word' id='word_1_275' title='bbox 3072 3626 3291 3688; x_wconf 77' lang='grc' dir='ltr'>παθεῖν,</span> <span class='ocrx_word' id='word_1_276' title='bbox 3322 3625 3412 3680; x_wconf 82' lang='grc' dir='ltr'><strong>διά</strong></span> 
     </span>
    </p>
   </div>
   <div class='ocr_carea' id='block_1_36' title="bbox 1808 3715 3411 3792">
    <p class='ocr_par' dir='ltr' id='par_1_36' title="bbox 1808 3715 3411 3792">
     <span class='ocr_line' id='line_1_36' title="bbox 1808 3715 3411 3792; baseline 0.002 -21"><span class='ocrx_word' id='word_1_277' title='bbox 1808 3736 1892 3771; x_wconf 86' lang='grc' dir='ltr'><strong>τοι</strong></span> <span class='ocrx_word' id='word_1_278' title='bbox 1945 3719 2006 3772; x_wconf 79' lang='grc' dir='ltr'><strong>τὸ</strong></span> <span class='ocrx_word' id='word_1_279' title='bbox 2053 3715 2195 3772; x_wconf 80' lang='grc' dir='ltr'>εἶναι</span> <span class='ocrx_word' id='word_1_280' title='bbox 2247 3719 2410 3788; x_wconf 80' lang='grc' dir='ltr'>φύσει</span> <span class='ocrx_word' id='word_1_281' title='bbox 2457 3718 2611 3781; x_wconf 89' lang='grc' dir='ltr'>Θεὸς,</span> <span class='ocrx_word' id='word_1_282' title='bbox 2643 3720 2744 3790; x_wconf 81' lang='grc' dir='ltr'><strong>τῆν</strong></span> <span class='ocrx_word' id='word_1_283' title='bbox 2792 3719 2884 3773; x_wconf 88' lang='grc' dir='ltr'><strong>τοῦ</strong></span> <span class='ocrx_word' id='word_1_284' title='bbox 2928 3719 3120 3774; x_wconf 81' lang='grc' dir='ltr'>παθεῖν</span> <span class='ocrx_word' id='word_1_285' title='bbox 3154 3721 3411 3792; x_wconf 78' lang='grc' dir='ltr'>δεκτικὴν</span> 
     </span>
    </p>
   </div>
   <div class='ocr_carea' id='block_1_37' title="bbox 1811 3811 3413 3886">
    <p class='ocr_par' dir='ltr' id='par_1_37' title="bbox 1811 3811 3413 3886">
     <span class='ocr_line' id='line_1_37' title="bbox 1811 3811 3413 3886; baseline 0.003 -23"><span class='ocrx_word' id='word_1_286' title='bbox 1811 3813 2130 3882; x_wconf 72' lang='grc' dir='ltr'>ἠμπέσχετο</span> <span class='ocrx_word' id='word_1_287' title='bbox 2177 3813 2380 3884; x_wconf 78' lang='grc' dir='ltr'>σάρκα,</span> <span class='ocrx_word' id='word_1_288' title='bbox 2431 3814 2528 3866; x_wconf 77' lang='grc' dir='ltr'><strong>καὶ</strong></span> <span class='ocrx_word' id='word_1_289' title='bbox 2576 3811 2710 3866; x_wconf 87' lang='grc' dir='ltr'>ἰδίαν</span> <span class='ocrx_word' id='word_1_290' title='bbox 2766 3812 3047 3882; x_wconf 66' lang='grc' dir='ltr'>ἀπέφηνεν</span> <span class='ocrx_word' id='word_1_291' title='bbox 3097 3813 3291 3886; x_wconf 75' lang='grc' dir='ltr'>αὐτὴν,</span> <span class='ocrx_word' id='word_1_292' title='bbox 3325 3814 3413 3868; x_wconf 83' lang='grc' dir='ltr'><strong>ἵνα</strong></span> 
     </span>
    </p>
   </div>
   <div class='ocr_carea' id='block_1_38' title="bbox 1810 3903 3410 3978">
    <p class='ocr_par' dir='ltr' id='par_1_38' title="bbox 1810 3903 3410 3978">
     <span class='ocr_line' id='line_1_38' title="bbox 1810 3903 3410 3978; baseline 0.001 -21"><span class='ocrx_word' id='word_1_293' title='bbox 1810 3904 1912 3958; x_wconf 77' lang='grc' dir='ltr'>καὶ</span> <span class='ocrx_word' id='word_1_294' title='bbox 1936 3903 2103 3957; x_wconf 84' lang='grc' dir='ltr'>αὑτοῦ</span> <span class='ocrx_word' id='word_1_295' title='bbox 2135 3903 2346 3972; x_wconf 81' lang='grc' dir='ltr'>λέγοιτο</span> <span class='ocrx_word' id='word_1_296' title='bbox 2383 3905 2445 3958; x_wconf 81' lang='grc' dir='ltr'><strong>τὸ</strong></span> <span class='ocrx_word' id='word_1_297' title='bbox 2477 3904 2691 3968; x_wconf 85' lang='grc' dir='ltr'>παθεῖν,</span> <span class='ocrx_word' id='word_1_298' title='bbox 2718 3905 2797 3958; x_wconf 82' lang='grc' dir='ltr'>ὃτι</span> <span class='ocrx_word' id='word_1_299' title='bbox 2833 3906 2910 3978; x_wconf 82' lang='grc' dir='ltr'>μὴ</span> <span class='ocrx_word' id='word_1_300' title='bbox 2945 3906 3003 3958; x_wconf 89' lang='grc' dir='ltr'><strong>τὸ</strong></span> <span class='ocrx_word' id='word_1_301' title='bbox 3032 3907 3222 3976; x_wconf 73' lang='grc' dir='ltr'>ἐτέρου</span> <span class='ocrx_word' id='word_1_302' title='bbox 3245 3907 3410 3971; x_wconf 84' lang='grc' dir='ltr'>τινὸς,</span> 
     </span>
    </p>
   </div>
   <div class='ocr_carea' id='block_1_39' title="bbox 1811 3995 3412 4067">
    <p class='ocr_par' dir='ltr' id='par_1_39' title="bbox 1811 3995 3412 4067">
     <span class='ocr_line' id='line_1_39' title="bbox 1811 3995 3412 4067; baseline 0.002 -17"><span class='ocrx_word' id='word_1_303' title='bbox 1811 3995 1948 4050; x_wconf 74' lang='grc' dir='ltr'>ἀλλὰ</span> <span class='ocrx_word' id='word_1_304' title='bbox 1984 3996 2046 4049; x_wconf 88' lang='grc' dir='ltr'><strong>τὸ</strong></span> <span class='ocrx_word' id='word_1_305' title='bbox 2079 3995 2244 4050; x_wconf 75' lang='grc' dir='ltr'>αὑτοῦ</span> <span class='ocrx_word' id='word_1_306' title='bbox 2282 3996 2518 4050; x_wconf 82' lang='grc' dir='ltr'>πέπονθε</span> <span class='ocrx_word' id='word_1_307' title='bbox 2565 3997 2746 4067; x_wconf 81' lang='grc' dir='ltr'>σῶμα.</span> <span class='ocrx_word' id='word_1_308' title='bbox 2777 3998 2988 4051; x_wconf 77' lang='grc' dir='ltr'>Οὐκοῦν</span> <span class='ocrx_word' id='word_1_309' title='bbox 3035 3999 3271 4062; x_wconf 87' lang='grc' dir='ltr'>διδόντος</span> <span class='ocrx_word' id='word_1_310' title='bbox 3316 3999 3412 4053; x_wconf 80' lang='grc' dir='ltr'><strong>τοῦ</strong></span> 
     </span>
    </p>
   </div>
   <div class='ocr_carea' id='block_1_40' title="bbox 1808 4088 3411 4160">
    <p class='ocr_par' dir='ltr' id='par_1_40' title="bbox 1808 4088 3411 4160">
     <span class='ocr_line' id='line_1_40' title="bbox 1808 4088 3411 4160; baseline 0.001 -18"><span class='ocrx_word' id='word_1_311' title='bbox 1808 4089 2016 4157; x_wconf 80' lang='grc' dir='ltr'>τρόπον</span> <span class='ocrx_word' id='word_1_312' title='bbox 2065 4089 2164 4158; x_wconf 83' lang='grc' dir='ltr'>τῆς</span> <span class='ocrx_word' id='word_1_313' title='bbox 2217 4088 2530 4158; x_wconf 77' lang='grc' dir='ltr'>οἰκονομίας</span> <span class='ocrx_word' id='word_1_314' title='bbox 2583 4088 2936 4159; x_wconf 79' lang='grc' dir='ltr'>ἀνεγκλήτως</span> <span class='ocrx_word' id='word_1_315' title='bbox 2992 4089 3141 4160; x_wconf 78' lang='grc' dir='ltr'>αὐτῷ</span> <span class='ocrx_word' id='word_1_316' title='bbox 3186 4091 3283 4144; x_wconf 74' lang='grc' dir='ltr'><strong>καὶ</strong></span> <span class='ocrx_word' id='word_1_317' title='bbox 3329 4091 3411 4155; x_wconf 91' lang='grc' dir='ltr'><strong>τὸ,</strong></span> 
     </span>
    </p>
   </div>
   <div class='ocr_carea' id='block_1_41' title="bbox 1813 4176 3413 4252">
    <p class='ocr_par' dir='ltr' id='par_1_41' title="bbox 1813 4176 3413 4252">
     <span class='ocr_line' id='line_1_41' title="bbox 1813 4176 3413 4252; baseline 0 -18"><span class='ocrx_word' id='word_1_318' title='bbox 1813 4182 1981 4252; x_wconf 73' lang='grc' dir='ltr'>σαρκὶ</span> <span class='ocrx_word' id='word_1_319' title='bbox 2011 4181 2110 4251; x_wconf 77' lang='grc' dir='ltr'>μὲν</span> <span class='ocrx_word' id='word_1_320' title='bbox 2139 4179 2359 4234; x_wconf 82' lang='grc' dir='ltr'>ἑλέσθαι</span> <span class='ocrx_word' id='word_1_321' title='bbox 2397 4179 2614 4244; x_wconf 84' lang='grc' dir='ltr'>παθεῖν,</span> <span class='ocrx_word' id='word_1_322' title='bbox 2644 4179 2873 4250; x_wconf 89' lang='grc' dir='ltr'>Θεότητι</span> <span class='ocrx_word' id='word_1_323' title='bbox 2903 4179 2962 4232; x_wconf 83' lang='grc' dir='ltr'>δὲ</span> <span class='ocrx_word' id='word_1_324' title='bbox 2992 4183 3066 4252; x_wconf 86' lang='grc' dir='ltr'><strong>μὴ</strong></span> <span class='ocrx_word' id='word_1_325' title='bbox 3104 4183 3300 4234; x_wconf 82' lang='grc' dir='ltr'>παθεῖν</span> <span class='ocrx_word' id='word_1_326' title='bbox 3323 4176 3413 4252; x_wconf 85' lang='grc' dir='ltr'>(ἦν</span> 
     </span>
    </p>
   </div>
   <div class='ocr_carea' id='block_1_42' title="bbox 1811 4270 3415 4344">
    <p class='ocr_par' dir='ltr' id='par_1_42' title="bbox 1811 4270 3415 4344">
     <span class='ocr_line' id='line_1_42' title="bbox 1811 4270 3415 4344; baseline 0.001 -20"><span class='ocrx_word' id='word_1_327' title='bbox 1811 4271 1922 4344; x_wconf 81' lang='grc' dir='ltr'><strong>γάρ</strong></span> <span class='ocrx_word' id='word_1_328' title='bbox 1957 4274 2014 4325; x_wconf 77' lang='grc' dir='ltr'><strong>ὲν</strong></span> <span class='ocrx_word' id='word_1_329' title='bbox 2042 4271 2192 4343; x_wconf 80' lang='grc' dir='ltr'>αὐτῷ</span> <span class='ocrx_word' id='word_1_330' title='bbox 2220 4271 2354 4334; x_wconf 87' lang='grc' dir='ltr'>Θεός</span> <span class='ocrx_word' id='word_1_331' title='bbox 2377 4289 2436 4324; x_wconf 90' lang='grc' dir='ltr'><strong>τε</strong></span> <span class='ocrx_word' id='word_1_332' title='bbox 2459 4270 2595 4342; x_wconf 84' lang='grc' dir='ltr'>ὁμοῦ</span> <span class='ocrx_word' id='word_1_333' title='bbox 2624 4271 2718 4325; x_wconf 78' lang='grc' dir='ltr'><strong>καὶ</strong></span> <span class='ocrx_word' id='word_1_334' title='bbox 2736 4270 3071 4341; x_wconf 84' lang='grc' dir='ltr'>ἄνθρωπος),</span> <span class='ocrx_word' id='word_1_335' title='bbox 3099 4272 3415 4342; x_wconf 85' lang='grc' dir='ltr'>περιττολο-</span> 
     </span>
    </p>
   </div>
   <div class='ocr_carea' id='block_1_43' title="bbox 1813 4359 3414 4433">
    <p class='ocr_par' dir='ltr' id='par_1_43' title="bbox 1813 4359 3414 4433">
     <span class='ocr_line' id='line_1_43' title="bbox 1813 4359 3414 4433; baseline 0 -17"><span class='ocrx_word' id='word_1_336' title='bbox 1813 4363 2003 4433; x_wconf 89' lang='grc' dir='ltr'>γοῦσιν</span> <span class='ocrx_word' id='word_1_337' title='bbox 2034 4365 2082 4416; x_wconf 90' lang='grc' dir='ltr'>οί</span> <span class='ocrx_word' id='word_1_338' title='bbox 2113 4361 2439 4428; x_wconf 84' lang='grc' dir='ltr'>διεναντίας,</span> <span class='ocrx_word' id='word_1_339' title='bbox 2473 4362 2569 4416; x_wconf 79' lang='grc' dir='ltr'><strong>καὶ</strong></span> <span class='ocrx_word' id='word_1_340' title='bbox 2596 4361 2694 4433; x_wconf 81' lang='grc' dir='ltr'>τὴν</span> <span class='ocrx_word' id='word_1_341' title='bbox 2720 4359 2814 4414; x_wconf 86' lang='grc' dir='ltr'><strong>τοῦ</strong></span> <span class='ocrx_word' id='word_1_342' title='bbox 2855 4359 3157 4432; x_wconf 81' lang='grc' dir='ltr'>μυστηρίου</span> <span class='ocrx_word' id='word_1_343' title='bbox 3181 4361 3414 4433; x_wconf 83' lang='grc' dir='ltr'>δύναμιν</span> 
     </span>
    </p>
   </div>
   <div class='ocr_carea' id='block_1_44' title="bbox 1815 4455 3416 4528">
    <p class='ocr_par' dir='ltr' id='par_1_44' title="bbox 1815 4455 3416 4528">
     <span class='ocr_line' id='line_1_44' title="bbox 1815 4455 3416 4528; baseline -0.001 -17"><span class='ocrx_word' id='word_1_344' title='bbox 1815 4456 2202 4512; x_wconf 82' lang='grc' dir='ltr'>άσυνετώτατα</span> <span class='ocrx_word' id='word_1_345' title='bbox 2253 4455 2687 4528; x_wconf 76' lang='grc' dir='ltr'>κιϐδηλεύοντες,</span> <span class='ocrx_word' id='word_1_346' title='bbox 2735 4455 2938 4510; x_wconf 77' lang='grc' dir='ltr'>οἴονται</span> <span class='ocrx_word' id='word_1_347' title='bbox 2989 4457 3130 4527; x_wconf 85' lang='grc' dir='ltr'>τάχα</span> <span class='ocrx_word' id='word_1_348' title='bbox 3179 4475 3281 4511; x_wconf 84' lang='grc' dir='ltr'><strong>που</strong></span> <span class='ocrx_word' id='word_1_349' title='bbox 3319 4457 3416 4510; x_wconf 74' lang='grc' dir='ltr'>καὶ</span> 
     </span>
    </p>
   </div>
   <div class='ocr_carea' id='block_1_45' title="bbox 1815 4547 3416 4622">
    <p class='ocr_par' dir='ltr' id='par_1_45' title="bbox 1815 4547 3416 4622">
     <span class='ocr_line' id='line_1_45' title="bbox 1815 4547 3416 4622; baseline 0.001 -20"><span class='ocrx_word' id='word_1_350' title='bbox 1815 4549 2040 4612; x_wconf 66' lang='grc' dir='ltr'>ἐπαίνου</span> <span class='ocrx_word' id='word_1_351' title='bbox 2073 4547 2277 4620; x_wconf 83' lang='grc' dir='ltr'>μεστὴν</span> <span class='ocrx_word' id='word_1_352' title='bbox 2304 4549 2573 4602; x_wconf 87' lang='grc' dir='ltr'>ποιεῖσθαι</span> <span class='ocrx_word' id='word_1_353' title='bbox 2596 4549 2695 4620; x_wconf 83' lang='grc' dir='ltr'>τὴν</span> <span class='ocrx_word' id='word_1_354' title='bbox 2722 4548 2931 4604; x_wconf 70' lang='grc' dir='ltr'>ἕνωσιν.</span> <span class='ocrx_word' id='word_1_355' title='bbox 2957 4549 3161 4604; x_wconf 82' lang='grc' dir='ltr'>Ἐδόκει</span> <span class='ocrx_word' id='word_1_356' title='bbox 3183 4550 3283 4621; x_wconf 83' lang='grc' dir='ltr'><strong>μὲν</strong></span> <span class='ocrx_word' id='word_1_357' title='bbox 3305 4550 3416 4622; x_wconf 89' lang='grc' dir='ltr'><strong>γάρ</strong></span> 
     </span>
    </p>
   </div>
   <div class='ocr_carea' id='block_1_46' title="bbox 3518 670 5111 745">
    <p class='ocr_par' dir='ltr' id='par_1_46' title="bbox 3518 670 5111 745">
     <span class='ocr_line' id='line_1_46' title="bbox 3518 670 5111 745; baseline 0.001 -19"><span class='ocrx_word' id='word_1_358' title='bbox 3518 686 3786 745; x_wconf 83' lang='lat' dir='ltr'><strong>quatenus</strong></span> <span class='ocrx_word' id='word_1_359' title='bbox 3817 684 3902 730; x_wconf 85' lang='lat' dir='ltr'><strong>est</strong></span> <span class='ocrx_word' id='word_1_360' title='bbox 3933 673 4094 728; x_wconf 85' lang='lat' dir='ltr'><strong>Deus.</strong></span> <span class='ocrx_word' id='word_1_361' title='bbox 4133 673 4338 727; x_wconf 93' lang='lat' dir='ltr'><strong>Idcirco</strong></span> <span class='ocrx_word' id='word_1_362' title='bbox 4373 681 4429 725; x_wconf 90' lang='lat' dir='ltr'><strong>et</strong></span> <span class='ocrx_word' id='word_1_363' title='bbox 4463 672 4680 725; x_wconf 85' lang='lat' dir='ltr'><strong>divinus</strong></span> <span class='ocrx_word' id='word_1_364' title='bbox 4715 670 4904 726; x_wconf 76' lang='lat' dir='ltr'><strong>Petrus</strong></span> <span class='ocrx_word' id='word_1_365' title='bbox 4932 671 5064 726; x_wconf 91' lang='lat' dir='ltr'><strong>dicit</strong></span> <span class='ocrx_word' id='word_1_366' title='bbox 5097 691 5111 727; x_wconf 93' lang='lat'><strong>:</strong></span> 
     </span>
    </p>
   </div>
   <div class='ocr_carea' id='block_1_47' title="bbox 3523 761 5116 831">
    <p class='ocr_par' dir='ltr' id='par_1_47' title="bbox 3523 761 5116 831">
     <span class='ocr_line' id='line_1_47' title="bbox 3523 761 5116 831; baseline 0.002 -17"><span class='ocrx_word' id='word_1_367' title='bbox 3523 783 3540 814; x_wconf 72' lang='grc' dir='ltr'><strong>ι</strong></span> <span class='ocrx_word' id='word_1_368' title='bbox 3573 764 3711 830; x_wconf 75' lang='lat' dir='ltr'><strong>Quia</strong></span> <span class='ocrx_word' id='word_1_369' title='bbox 3748 764 3996 819; x_wconf 80' lang='lat' dir='ltr'><strong>Christus</strong></span> <span class='ocrx_word' id='word_1_370' title='bbox 4023 761 4191 817; x_wconf 82' lang='lat' dir='ltr'><strong>semel</strong></span> <span class='ocrx_word' id='word_1_371' title='bbox 4227 777 4324 831; x_wconf 91' lang='lat' dir='ltr'><strong>pro</strong></span> <span class='ocrx_word' id='word_1_372' title='bbox 4369 762 4606 831; x_wconf 80' lang='lat' dir='ltr'><strong>peccatis</strong></span> <span class='ocrx_word' id='word_1_373' title='bbox 4637 761 4843 816; x_wconf 88' lang='lat' dir='ltr'><strong>nostris</strong></span> <span class='ocrx_word' id='word_1_374' title='bbox 4868 771 5116 817; x_wconf 85' lang='lat' dir='ltr'><strong>mortuus</strong></span> 
     </span>
    </p>
   </div>
   <div class='ocr_carea' id='block_1_48' title="bbox 3517 852 5113 924">
    <p class='ocr_par' dir='ltr' id='par_1_48' title="bbox 3517 852 5113 924">
     <span class='ocr_line' id='line_1_48' title="bbox 3517 852 5113 924; baseline -0.003 -14"><span class='ocrx_word' id='word_1_375' title='bbox 3517 866 3624 919; x_wconf 88' lang='lat' dir='ltr'><strong>est,</strong></span> <span class='ocrx_word' id='word_1_376' title='bbox 3659 856 3841 924; x_wconf 83' lang='lat' dir='ltr'><strong>justus</strong></span> <span class='ocrx_word' id='word_1_377' title='bbox 3868 871 3964 924; x_wconf 92' lang='lat' dir='ltr'><strong>pro</strong></span> <span class='ocrx_word' id='word_1_378' title='bbox 3993 852 4226 922; x_wconf 74' lang='lat' dir='ltr'><strong>iniustis,</strong></span> <span class='ocrx_word' id='word_1_379' title='bbox 4258 865 4314 909; x_wconf 87' lang='lat' dir='ltr'><strong>ut</strong></span> <span class='ocrx_word' id='word_1_380' title='bbox 4347 869 4444 910; x_wconf 84' lang='lat' dir='ltr'><strong>uos</strong></span> <span class='ocrx_word' id='word_1_381' title='bbox 4471 853 4694 909; x_wconf 78' lang='lat' dir='ltr'><strong>olferret</strong></span> <span class='ocrx_word' id='word_1_382' title='bbox 4742 854 4873 917; x_wconf 77' lang='lat' dir='ltr'><strong>Deo,</strong></span> <span class='ocrx_word' id='word_1_383' title='bbox 4916 854 5113 908; x_wconf 88' lang='lat' dir='ltr'><strong>morti—</strong></span> 
     </span>
    </p>
   </div>
   <div class='ocr_carea' id='block_1_49' title="bbox 3519 945 5110 1016">
    <p class='ocr_par' dir='ltr' id='par_1_49' title="bbox 3519 945 5110 1016">
     <span class='ocr_line' id='line_1_49' title="bbox 3519 945 5110 1016; baseline -0.001 -16"><span class='ocrx_word' id='word_1_384' title='bbox 3519 947 3712 1002; x_wconf 84' lang='lat' dir='ltr'><strong>ﬁcatus</strong></span> <span class='ocrx_word' id='word_1_385' title='bbox 3738 947 3953 1016; x_wconf 78' lang='lat' dir='ltr'><strong>quidem</strong></span> <span class='ocrx_word' id='word_1_386' title='bbox 3981 961 4168 1012; x_wconf 88' lang='lat' dir='ltr'><strong>carne,</strong></span> <span class='ocrx_word' id='word_1_387' title='bbox 4206 947 4514 1002; x_wconf 77' lang='lat' dir='ltr'><strong>viviﬁeatus</strong></span> <span class='ocrx_word' id='word_1_388' title='bbox 4535 957 4719 1000; x_wconf 86' lang='lat' dir='ltr'><strong>autem</strong></span> <span class='ocrx_word' id='word_1_389' title='bbox 4750 945 4956 1015; x_wconf 86' lang='lat' dir='ltr'><strong>Spiritu</strong></span> <span class='ocrx_word' id='word_1_390' title='bbox 4987 947 5052 998; x_wconf 81' lang='lat'><strong>“.</strong></span> <span class='ocrx_word' id='word_1_391' title='bbox 5091 967 5110 999; x_wconf 72' lang='grc' dir='ltr'><strong>ι</strong></span> 
     </span>
    </p>
   </div>
   <div class='ocr_carea' id='block_1_50' title="bbox 3516 1037 5117 1106">
    <p class='ocr_par' dir='ltr' id='par_1_50' title="bbox 3516 1037 5117 1106">
     <span class='ocr_line' id='line_1_50' title="bbox 3516 1037 5117 1106; baseline -0.001 -12"><span class='ocrx_word' id='word_1_392' title='bbox 3516 1038 3624 1094; x_wconf 89' lang='lat' dir='ltr'><strong>Cur</strong></span> <span class='ocrx_word' id='word_1_393' title='bbox 3677 1040 3847 1106; x_wconf 91' lang='lat' dir='ltr'><strong>enim,</strong></span> <span class='ocrx_word' id='word_1_394' title='bbox 3904 1038 4070 1102; x_wconf 84' lang='lat' dir='ltr'><strong>dicat,</strong></span> <span class='ocrx_word' id='word_1_395' title='bbox 4110 1047 4169 1092; x_wconf 92' lang='lat' dir='ltr'><strong>ut</strong></span> <span class='ocrx_word' id='word_1_396' title='bbox 4207 1037 4466 1104; x_wconf 76' lang='lat' dir='ltr'><strong>arbitror,</strong></span> <span class='ocrx_word' id='word_1_397' title='bbox 4526 1037 4746 1106; x_wconf 81' lang='lat' dir='ltr'><strong>aiiquis,</strong></span> <span class='ocrx_word' id='word_1_398' title='bbox 4810 1053 4918 1090; x_wconf 84' lang='lat' dir='ltr'><strong>non</strong></span> <span class='ocrx_word' id='word_1_399' title='bbox 4979 1039 5117 1092; x_wconf 81' lang='lat' dir='ltr'><strong>dixit</strong></span> 
     </span>
    </p>
   </div>
   <div class='ocr_carea' id='block_1_51' title="bbox 3514 1129 5111 1202">
    <p class='ocr_par' dir='ltr' id='par_1_51' title="bbox 3514 1129 5111 1202">
     <span class='ocr_line' id='line_1_51' title="bbox 3514 1129 5111 1202; baseline -0.004 -14"><span class='ocrx_word' id='word_1_400' title='bbox 3514 1133 3807 1202; x_wconf 80' lang='lat' dir='ltr'><strong>Apostolus</strong></span> <span class='ocrx_word' id='word_1_401' title='bbox 3837 1133 4157 1201; x_wconf 78' lang='lat' dir='ltr'><strong>simpliciter</strong></span> <span class='ocrx_word' id='word_1_402' title='bbox 4180 1141 4342 1200; x_wconf 89' lang='lat' dir='ltr'><strong>atque</strong></span> <span class='ocrx_word' id='word_1_403' title='bbox 4368 1129 4647 1186; x_wconf 80' lang='lat' dir='ltr'><strong>indeﬁnite</strong></span> <span class='ocrx_word' id='word_1_404' title='bbox 4680 1145 4903 1199; x_wconf 87' lang='lat' dir='ltr'><strong>passum</strong></span> <span class='ocrx_word' id='word_1_405' title='bbox 4931 1130 5111 1196; x_wconf 83' lang='lat' dir='ltr'><strong>ipsum</strong></span> 
     </span>
    </p>
   </div>
   <div class='ocr_carea' id='block_1_52' title="bbox 3513 1222 5110 1295">
    <p class='ocr_par' dir='ltr' id='par_1_52' title="bbox 3513 1222 5110 1295">
     <span class='ocr_line' id='line_1_52' title="bbox 3513 1222 5110 1295; baseline -0.009 -11"><span class='ocrx_word' id='word_1_406' title='bbox 3513 1243 3635 1284; x_wconf 89' lang='lat' dir='ltr'><strong>esse</strong></span> <span class='ocrx_word' id='word_1_407' title='bbox 3663 1245 3678 1282; x_wconf 92' lang='lat'><strong>:</strong></span> <span class='ocrx_word' id='word_1_408' title='bbox 3711 1225 3808 1281; x_wconf 87' lang='lat' dir='ltr'><strong>sed</strong></span> <span class='ocrx_word' id='word_1_409' title='bbox 3858 1226 4081 1295; x_wconf 82' lang='lat' dir='ltr'><strong>adjecit,</strong></span> <span class='ocrx_word' id='word_1_410' title='bbox 4109 1224 4308 1278; x_wconf 77' lang='lat' dir='ltr'><strong>carne?</strong></span> <span class='ocrx_word' id='word_1_411' title='bbox 4348 1223 4658 1277; x_wconf 71' lang='lat' dir='ltr'><strong>Artificiosa</strong></span> <span class='ocrx_word' id='word_1_412' title='bbox 4705 1237 4838 1276; x_wconf 82' lang='lat' dir='ltr'><strong>vero</strong></span> <span class='ocrx_word' id='word_1_413' title='bbox 4885 1222 5110 1288; x_wconf 77' lang='lat' dir='ltr'><strong>adjecit,</strong></span> 
     </span>
    </p>
   </div>
   <div class='ocr_carea' id='block_1_53' title="bbox 3515 1315 5112 1388">
    <p class='ocr_par' dir='ltr' id='par_1_53' title="bbox 3515 1315 5112 1388">
     <span class='ocr_line' id='line_1_53' title="bbox 3515 1315 5112 1388; baseline -0.008 -11"><span class='ocrx_word' id='word_1_414' title='bbox 3515 1338 3675 1378; x_wconf 80' lang='lat' dir='ltr'><strong>carne</strong></span> <span class='ocrx_word' id='word_1_415' title='bbox 3706 1338 3725 1377; x_wconf 92' lang='lat'><strong>:</strong></span> <span class='ocrx_word' id='word_1_416' title='bbox 3753 1333 3815 1376; x_wconf 91' lang='lat' dir='ltr'><strong>ut</strong></span> <span class='ocrx_word' id='word_1_417' title='bbox 3841 1336 3965 1374; x_wconf 81' lang='lat' dir='ltr'><strong>cum</strong></span> <span class='ocrx_word' id='word_1_418' title='bbox 4004 1319 4171 1374; x_wconf 90' lang='lat' dir='ltr'><strong>Deum</strong></span> <span class='ocrx_word' id='word_1_419' title='bbox 4209 1320 4384 1388; x_wconf 88' lang='lat' dir='ltr'><strong>ipsum</strong></span> <span class='ocrx_word' id='word_1_420' title='bbox 4410 1332 4530 1372; x_wconf 85' lang='lat' dir='ltr'><strong>esse</strong></span> <span class='ocrx_word' id='word_1_421' title='bbox 4569 1315 4759 1381; x_wconf 82' lang='lat' dir='ltr'><strong>sciret,</strong></span> <span class='ocrx_word' id='word_1_422' title='bbox 4802 1315 5112 1386; x_wconf 82' lang='lat' dir='ltr'><strong>passionem</strong></span> 
     </span>
    </p>
   </div>
   <div class='ocr_carea' id='block_1_54' title="bbox 3515 1409 5111 1482">
    <p class='ocr_par' dir='ltr' id='par_1_54' title="bbox 3515 1409 5111 1482">
     <span class='ocr_line' id='line_1_54' title="bbox 3515 1409 5111 1482; baseline -0.008 -11"><span class='ocrx_word' id='word_1_423' title='bbox 3515 1415 3664 1471; x_wconf 88' lang='lat' dir='ltr'><strong>carni</strong></span> <span class='ocrx_word' id='word_1_424' title='bbox 3706 1415 3972 1469; x_wconf 83' lang='lat' dir='ltr'><strong>accidisse</strong></span> <span class='ocrx_word' id='word_1_425' title='bbox 3999 1411 4270 1482; x_wconf 83' lang='lat' dir='ltr'><strong>signiﬁcet</strong></span> <span class='ocrx_word' id='word_1_426' title='bbox 4304 1428 4318 1464; x_wconf 90' lang='lat'><strong>:</strong></span> <span class='ocrx_word' id='word_1_427' title='bbox 4349 1409 4631 1464; x_wconf 85' lang='lat' dir='ltr'><strong>Christum</strong></span> <span class='ocrx_word' id='word_1_428' title='bbox 4659 1424 4808 1476; x_wconf 83' lang='lat' dir='ltr'><strong>vero,</strong></span> <span class='ocrx_word' id='word_1_429' title='bbox 4842 1418 5111 1478; x_wconf 76' lang='lat' dir='ltr'><strong>quatenus</strong></span> 
     </span>
    </p>
   </div>
   <div class='ocr_carea' id='block_1_55' title="bbox 3516 1500 4661 1575">
    <p class='ocr_par' dir='ltr' id='par_1_55' title="bbox 3516 1500 4661 1575">
     <span class='ocr_line' id='line_1_55' title="bbox 3516 1500 4661 1575; baseline -0.005 -13"><span class='ocrx_word' id='word_1_430' title='bbox 3516 1515 3602 1562; x_wconf 88' lang='lat' dir='ltr'><strong>est</strong></span> <span class='ocrx_word' id='word_1_431' title='bbox 3662 1505 3826 1568; x_wconf 89' lang='lat' dir='ltr'><strong>Deus,</strong></span> <span class='ocrx_word' id='word_1_432' title='bbox 3859 1505 4438 1575; x_wconf 74' lang='lat' dir='ltr'><strong>passionis‘expertem</strong></span> <span class='ocrx_word' id='word_1_433' title='bbox 4471 1500 4661 1557; x_wconf 77' lang='lat' dir='ltr'><strong>fuisse.</strong></span> 
     </span>
    </p>
   </div>
   <div class='ocr_carea' id='block_1_56' title="bbox 3587 1591 5108 1666">
    <p class='ocr_par' dir='ltr' id='par_1_56' title="bbox 3587 1591 5108 1666">
     <span class='ocr_line' id='line_1_56' title="bbox 3587 1591 5108 1666; baseline -0.003 -14"><span class='ocrx_word' id='word_1_434' title='bbox 3587 1597 3647 1652; x_wconf 84' lang='grc' dir='ltr'>Β.</span> <span class='ocrx_word' id='word_1_435' title='bbox 3689 1597 3956 1652; x_wconf 69' lang='grc' dir='ltr'>(Σιειειιιιιη</span> <span class='ocrx_word' id='word_1_436' title='bbox 3999 1595 4234 1666; x_wconf 79' lang='lat' dir='ltr'><strong>prodigii</strong></span> <span class='ocrx_word' id='word_1_437' title='bbox 4273 1593 4452 1650; x_wconf 84' lang='lat' dir='ltr'><strong>simile</strong></span> <span class='ocrx_word' id='word_1_438' title='bbox 4500 1606 4621 1648; x_wconf 88' lang='lat' dir='ltr'><strong>esse</strong></span> <span class='ocrx_word' id='word_1_439' title='bbox 4673 1591 4897 1656; x_wconf 88' lang='lat' dir='ltr'><strong>dicunt,</strong></span> <span class='ocrx_word' id='word_1_440' title='bbox 4939 1599 5108 1661; x_wconf 82' lang='lat' dir='ltr'><strong>atque</strong></span> 
     </span>
    </p>
   </div>
   <div class='ocr_carea' id='block_1_57' title="bbox 3515 1685 5111 1757">
    <p class='ocr_par' dir='ltr' id='par_1_57' title="bbox 3515 1685 5111 1757">
     <span class='ocr_line' id='line_1_57' title="bbox 3515 1685 5111 1757; baseline -0.006 -13"><span class='ocrx_word' id='word_1_441' title='bbox 3515 1688 3842 1744; x_wconf 80' lang='lat' dir='ltr'><strong>incredibile</strong></span> <span class='ocrx_word' id='word_1_442' title='bbox 3877 1688 4218 1756; x_wconf 80' lang='lat' dir='ltr'><strong>absurdoque</strong></span> <span class='ocrx_word' id='word_1_443' title='bbox 4267 1688 4621 1757; x_wconf 81' lang='lat' dir='ltr'><strong>proximum,</strong></span> <span class='ocrx_word' id='word_1_444' title='bbox 4675 1685 4858 1740; x_wconf 87' lang='lat' dir='ltr'><strong>dicere</strong></span> <span class='ocrx_word' id='word_1_445' title='bbox 4891 1699 4906 1736; x_wconf 87' lang='lat'><strong>:</strong></span> <span class='ocrx_word' id='word_1_446' title='bbox 4955 1697 5111 1736; x_wconf 78' lang='lat' dir='ltr'><strong>eum-</strong></span> 
     </span>
    </p>
   </div>
   <div class='ocr_carea' id='block_1_58' title="bbox 3514 1775 5108 1851">
    <p class='ocr_par' dir='ltr' id='par_1_58' title="bbox 3514 1775 5108 1851">
     <span class='ocr_line' id='line_1_58' title="bbox 3514 1775 5108 1851; baseline -0.005 -13"><span class='ocrx_word' id='word_1_447' title='bbox 3514 1786 3632 1838; x_wconf 87' lang='lat' dir='ltr'><strong>dem</strong></span> <span class='ocrx_word' id='word_1_448' title='bbox 3669 1793 3722 1836; x_wconf 91' lang='lat' dir='ltr'><strong>et</strong></span> <span class='ocrx_word' id='word_1_449' title='bbox 3751 1797 3966 1851; x_wconf 86' lang='lat' dir='ltr'><strong>passum</strong></span> <span class='ocrx_word' id='word_1_450' title='bbox 3999 1794 4118 1834; x_wconf 90' lang='lat' dir='ltr'><strong>esse</strong></span> <span class='ocrx_word' id='word_1_451' title='bbox 4173 1789 4227 1833; x_wconf 91' lang='lat' dir='ltr'><strong>et</strong></span> <span class='ocrx_word' id='word_1_452' title='bbox 4255 1794 4512 1834; x_wconf 90' lang='lat' dir='ltr'><strong>non-esse</strong></span> <span class='ocrx_word' id='word_1_453' title='bbox 4545 1792 4786 1847; x_wconf 88' lang='lat' dir='ltr'><strong>passum.</strong></span> <span class='ocrx_word' id='word_1_454' title='bbox 4820 1777 4931 1832; x_wconf 81' lang='lat' dir='ltr'><strong>Aut</strong></span> <span class='ocrx_word' id='word_1_455' title='bbox 4959 1775 5108 1830; x_wconf 87' lang='lat' dir='ltr'><strong>cnint</strong></span> 
     </span>
    </p>
   </div>
   <div class='ocr_carea' id='block_1_59' title="bbox 3513 1872 5109 1954">
    <p class='ocr_par' dir='ltr' id='par_1_59' title="bbox 3513 1872 5109 1954">
     <span class='ocr_line' id='line_1_59' title="bbox 3513 1872 5109 1954; baseline -0.008 -15"><span class='ocrx_word' id='word_1_456' title='bbox 3513 1897 3734 1954; x_wconf 86' lang='lat' dir='ltr'><strong>prorsus</strong></span> <span class='ocrx_word' id='word_1_457' title='bbox 3789 1896 3896 1936; x_wconf 87' lang='lat' dir='ltr'><strong>non</strong></span> <span class='ocrx_word' id='word_1_458' title='bbox 3942 1887 4028 1934; x_wconf 87' lang='lat' dir='ltr'><strong>est</strong></span> <span class='ocrx_word' id='word_1_459' title='bbox 4083 1892 4296 1947; x_wconf 84' lang='lat' dir='ltr'><strong>passus,</strong></span> <span class='ocrx_word' id='word_1_460' title='bbox 4345 1884 4405 1931; x_wconf 87' lang='lat' dir='ltr'><strong>ut</strong></span> <span class='ocrx_word' id='word_1_461' title='bbox 4438 1875 4627 1929; x_wconf 88' lang='lat' dir='ltr'><strong>Deus:</strong></span> <span class='ocrx_word' id='word_1_462' title='bbox 4683 1881 4774 1926; x_wconf 88' lang='lat' dir='ltr'><strong>aut</strong></span> <span class='ocrx_word' id='word_1_463' title='bbox 4827 1872 4871 1927; x_wconf 87' lang='lat' dir='ltr'><strong>si</strong></span> <span class='ocrx_word' id='word_1_464' title='bbox 4917 1885 5109 1942; x_wconf 87' lang='lat' dir='ltr'><strong>passus</strong></span> 
     </span>
    </p>
   </div>
   <div class='ocr_carea' id='block_1_60' title="bbox 3513 1965 5107 2040">
    <p class='ocr_par' dir='ltr' id='par_1_60' title="bbox 3513 1965 5107 2040">
     <span class='ocr_line' id='line_1_60' title="bbox 3513 1965 5107 2040; baseline -0.007 -9"><span class='ocrx_word' id='word_1_465' title='bbox 3513 1990 3633 2031; x_wconf 86' lang='lat' dir='ltr'><strong>esse</strong></span> <span class='ocrx_word' id='word_1_466' title='bbox 3673 1974 3891 2037; x_wconf 88' lang='lat' dir='ltr'><strong>dicitur,</strong></span> <span class='ocrx_word' id='word_1_467' title='bbox 3922 1971 4190 2040; x_wconf 81' lang='lat' dir='ltr'><strong>quomodo</strong></span> <span class='ocrx_word' id='word_1_468' title='bbox 4221 1970 4293 2023; x_wconf 89' lang='lat' dir='ltr'><strong>sit</strong></span> <span class='ocrx_word' id='word_1_469' title='bbox 4324 1967 4506 2022; x_wconf 83' lang='lat' dir='ltr'><strong>Deus?</strong></span> <span class='ocrx_word' id='word_1_470' title='bbox 4533 1966 4883 2022; x_wconf 88' lang='lat' dir='ltr'><strong>Censendum</strong></span> <span class='ocrx_word' id='word_1_471' title='bbox 4920 1965 5107 2034; x_wconf 86' lang='lat' dir='ltr'><strong>itaque</strong></span> 
     </span>
    </p>
   </div>
   <div class='ocr_carea' id='block_1_61' title="bbox 3513 2055 5108 2133">
    <p class='ocr_par' dir='ltr' id='par_1_61' title="bbox 3513 2055 5108 2133">
     <span class='ocr_line' id='line_1_61' title="bbox 3513 2055 5108 2133; baseline -0.009 -11"><span class='ocrx_word' id='word_1_472' title='bbox 3513 2078 3593 2122; x_wconf 86' lang='lat' dir='ltr'><strong>est</strong></span> <span class='ocrx_word' id='word_1_473' title='bbox 3642 2067 3816 2121; x_wconf 89' lang='lat' dir='ltr'><strong>solum</strong></span> <span class='ocrx_word' id='word_1_474' title='bbox 3871 2079 3994 2119; x_wconf 89' lang='lat' dir='ltr'><strong>cum</strong></span> <span class='ocrx_word' id='word_1_475' title='bbox 4043 2062 4134 2133; x_wconf 91' lang='lat' dir='ltr'><strong>qui</strong></span> <span class='ocrx_word' id='word_1_476' title='bbox 4187 2070 4270 2116; x_wconf 89' lang='lat' dir='ltr'><strong>est</strong></span> <span class='ocrx_word' id='word_1_477' title='bbox 4303 2075 4370 2116; x_wconf 82' lang='lat' dir='ltr'><strong>ex</strong></span> <span class='ocrx_word' id='word_1_478' title='bbox 4421 2060 4631 2116; x_wconf 90' lang='lat' dir='ltr'><strong>semine</strong></span> <span class='ocrx_word' id='word_1_479' title='bbox 4673 2055 4840 2112; x_wconf 83' lang='lat' dir='ltr'><strong>David</strong></span> <span class='ocrx_word' id='word_1_480' title='bbox 4886 2069 5108 2126; x_wconf 82' lang='lat' dir='ltr'><strong>passum</strong></span> 
     </span>
    </p>
   </div>
   <div class='ocr_carea' id='block_1_62' title="bbox 3514 2172 3654 2212">
    <p class='ocr_par' dir='ltr' id='par_1_62' title="bbox 3514 2172 3654 2212">
     <span class='ocr_line' id='line_1_62' title="bbox 3514 2172 3654 2212; baseline -0.014 0"><span class='ocrx_word' id='word_1_481' title='bbox 3514 2172 3654 2212; x_wconf 83' lang='lat' dir='ltr'><strong>esse.</strong></span> 
     </span>
    </p>
   </div>
   <div class='ocr_carea' id='block_1_63' title="bbox 3584 2238 5107 2318">
    <p class='ocr_par' dir='ltr' id='par_1_63' title="bbox 3584 2238 5107 2318">
     <span class='ocr_line' id='line_1_63' title="bbox 3584 2238 5107 2318; baseline -0.01 -13"><span class='ocrx_word' id='word_1_482' title='bbox 3584 2252 3653 2308; x_wconf 79' lang='grc' dir='ltr'>Α.</span> <span class='ocrx_word' id='word_1_483' title='bbox 3693 2251 3764 2305; x_wconf 80' lang='lat' dir='ltr'><strong>At</strong></span> <span class='ocrx_word' id='word_1_484' title='bbox 3807 2263 3935 2304; x_wconf 84' lang='lat' dir='ltr'><strong>vero</strong></span> <span class='ocrx_word' id='word_1_485' title='bbox 3981 2245 4255 2318; x_wconf 89' lang='lat' dir='ltr'><strong>quomodo</strong></span> <span class='ocrx_word' id='word_1_486' title='bbox 4307 2259 4416 2299; x_wconf 91' lang='lat' dir='ltr'><strong>non</strong></span> <span class='ocrx_word' id='word_1_487' title='bbox 4469 2243 4541 2299; x_wconf 91' lang='lat' dir='ltr'><strong>sit</strong></span> <span class='ocrx_word' id='word_1_488' title='bbox 4600 2238 5107 2297; x_wconf 76' lang='lat' dir='ltr'><strong>manifestissimum</strong></span> 
     </span>
    </p>
   </div>
   <div class='ocr_carea' id='block_1_64' title="bbox 3514 2331 5108 2414">
    <p class='ocr_par' dir='ltr' id='par_1_64' title="bbox 3514 2331 5108 2414">
     <span class='ocr_line' id='line_1_64' title="bbox 3514 2331 5108 2414; baseline -0.009 -16"><span class='ocrx_word' id='word_1_489' title='bbox 3514 2351 3887 2414; x_wconf 70' lang='lat' dir='ltr'><strong>argumentum</strong></span> <span class='ocrx_word' id='word_1_490' title='bbox 3925 2338 4212 2394; x_wconf 80' lang='lat' dir='ltr'><strong>imbecillis</strong></span> <span class='ocrx_word' id='word_1_491' title='bbox 4254 2337 4590 2400; x_wconf 83' lang='lat' dir='ltr'><strong>intellectus,</strong></span> <span class='ocrx_word' id='word_1_492' title='bbox 4624 2334 4932 2402; x_wconf 72' lang='lat' dir='ltr'><strong>huiusmodi</strong></span> <span class='ocrx_word' id='word_1_493' title='bbox 4976 2331 5108 2402; x_wconf 87' lang='lat' dir='ltr'><strong>quid</strong></span> 
     </span>
    </p>
   </div>
   <div class='ocr_carea' id='block_1_65' title="bbox 3513 2423 5109 2500">
    <p class='ocr_par' dir='ltr' id='par_1_65' title="bbox 3513 2423 5109 2500">
     <span class='ocr_line' id='line_1_65' title="bbox 3513 2423 5109 2500; baseline -0.009 -8"><span class='ocrx_word' id='word_1_494' title='bbox 3513 2437 3719 2493; x_wconf 84' lang='lat' dir='ltr'><strong>sentire</strong></span> <span class='ocrx_word' id='word_1_495' title='bbox 3759 2451 3822 2490; x_wconf 89' lang='lat' dir='ltr'><strong>ac</strong></span> <span class='ocrx_word' id='word_1_496' title='bbox 3843 2433 4062 2488; x_wconf 85' lang='lat' dir='ltr'><strong>dicere?</strong></span> <span class='ocrx_word' id='word_1_497' title='bbox 4101 2431 4286 2500; x_wconf 78' lang='lat' dir='ltr'><strong>Neque</strong></span> <span class='ocrx_word' id='word_1_498' title='bbox 4317 2429 4461 2486; x_wconf 85' lang='lat' dir='ltr'><strong>enim</strong></span> <span class='ocrx_word' id='word_1_499' title='bbox 4501 2442 4845 2484; x_wconf 86' lang='lat' dir='ltr'><strong>communem</strong></span> <span class='ocrx_word' id='word_1_500' title='bbox 4890 2440 4954 2481; x_wconf 79' lang='lat' dir='ltr'><strong>ac</strong></span> <span class='ocrx_word' id='word_1_501' title='bbox 4992 2423 5109 2478; x_wconf 86' lang='lat' dir='ltr'><strong>vul-</strong></span> 
     </span>
    </p>
   </div>
   <div class='ocr_carea' id='block_1_66' title="bbox 3511 2516 5111 2598">
    <p class='ocr_par' dir='ltr' id='par_1_66' title="bbox 3511 2516 5111 2598">
     <span class='ocr_line' id='line_1_66' title="bbox 3511 2516 5111 2598; baseline -0.008 -19"><span class='ocrx_word' id='word_1_502' title='bbox 3511 2543 3695 2598; x_wconf 78' lang='lat' dir='ltr'><strong>garem</strong></span> <span class='ocrx_word' id='word_1_503' title='bbox 3728 2526 3999 2580; x_wconf 85' lang='lat' dir='ltr'><strong>hominem</strong></span> <span class='ocrx_word' id='word_1_504' title='bbox 4037 2523 4260 2578; x_wconf 81' lang='lat' dir='ltr'><strong>tradidit</strong></span> <span class='ocrx_word' id='word_1_505' title='bbox 4293 2519 4436 2574; x_wconf 87' lang='lat' dir='ltr'><strong>Deus</strong></span> <span class='ocrx_word' id='word_1_506' title='bbox 4466 2534 4563 2587; x_wconf 90' lang='lat' dir='ltr'><strong>pro</strong></span> <span class='ocrx_word' id='word_1_507' title='bbox 4589 2518 4764 2576; x_wconf 84' lang='lat' dir='ltr'><strong>nobis.</strong></span> <span class='ocrx_word' id='word_1_508' title='bbox 4795 2516 4970 2571; x_wconf 80' lang='lat' dir='ltr'><strong>instar</strong></span> <span class='ocrx_word' id='word_1_509' title='bbox 5001 2526 5111 2566; x_wconf 85' lang='lat' dir='ltr'><strong>me-</strong></span> 
     </span>
    </p>
   </div>
   <div class='ocr_carea' id='block_1_67' title="bbox 3513 2606 5107 2686">
    <p class='ocr_par' dir='ltr' id='par_1_67' title="bbox 3513 2606 5107 2686">
     <span class='ocr_line' id='line_1_67' title="bbox 3513 2606 5107 2686; baseline -0.006 -16"><span class='ocrx_word' id='word_1_510' title='bbox 3513 2619 3736 2672; x_wconf 87' lang='lat' dir='ltr'><strong>diatoris</strong></span> <span class='ocrx_word' id='word_1_511' title='bbox 3767 2627 4128 2686; x_wconf 82' lang='lat' dir='ltr'><strong>assumptum,</strong></span> <span class='ocrx_word' id='word_1_512' title='bbox 4158 2625 4214 2670; x_wconf 89' lang='lat' dir='ltr'><strong>et</strong></span> <span class='ocrx_word' id='word_1_513' title='bbox 4249 2615 4485 2670; x_wconf 84' lang='lat' dir='ltr'><strong>ascititia</strong></span> <span class='ocrx_word' id='word_1_514' title='bbox 4534 2611 4656 2667; x_wconf 81' lang='lat' dir='ltr'><strong>Filii</strong></span> <span class='ocrx_word' id='word_1_515' title='bbox 4692 2610 4861 2679; x_wconf 80' lang='lat' dir='ltr'><strong>gloria</strong></span> <span class='ocrx_word' id='word_1_516' title='bbox 4911 2606 5107 2672; x_wconf 53' lang='lat' dir='ltr'><strong>pradi-</strong></span> 
     </span>
    </p>
   </div>
   <div class='ocr_carea' id='block_1_68' title="bbox 3515 2701 5109 2776">
    <p class='ocr_par' dir='ltr' id='par_1_68' title="bbox 3515 2701 5109 2776">
     <span class='ocr_line' id='line_1_68' title="bbox 3515 2701 5109 2776; baseline -0.008 -13"><span class='ocrx_word' id='word_1_517' title='bbox 3515 2721 3650 2773; x_wconf 83' lang='lat' dir='ltr'><strong>tum,</strong></span> <span class='ocrx_word' id='word_1_518' title='bbox 3697 2718 3751 2763; x_wconf 88' lang='grc' dir='ltr'><strong>ει</strong></span> <span class='ocrx_word' id='word_1_519' title='bbox 3789 2708 3978 2763; x_wconf 88' lang='lat' dir='ltr'><strong>stricta</strong></span> <span class='ocrx_word' id='word_1_520' title='bbox 4027 2709 4258 2776; x_wconf 86' lang='lat' dir='ltr'><strong>quadam</strong></span> <span class='ocrx_word' id='word_1_521' title='bbox 4311 2705 4698 2774; x_wconf 84' lang='lat' dir='ltr'><strong>conjunctione</strong></span> <span class='ocrx_word' id='word_1_522' title='bbox 4747 2701 5109 2756; x_wconf 84' lang='lat' dir='ltr'><strong>decoratum:</strong></span> 
     </span>
    </p>
   </div>
   <div class='ocr_carea' id='block_1_69' title="bbox 3513 2794 5114 2868">
    <p class='ocr_par' dir='ltr' id='par_1_69' title="bbox 3513 2794 5114 2868">
     <span class='ocr_line' id='line_1_69' title="bbox 3513 2794 5114 2868; baseline -0.009 -10"><span class='ocrx_word' id='word_1_523' title='bbox 3513 2805 3606 2858; x_wconf 83' lang='lat' dir='ltr'><strong>sed</strong></span> <span class='ocrx_word' id='word_1_524' title='bbox 3643 2816 3858 2856; x_wconf 85' lang='lat' dir='ltr'><strong>onmem</strong></span> <span class='ocrx_word' id='word_1_525' title='bbox 3903 2811 4209 2855; x_wconf 76' lang='lat' dir='ltr'><strong>creaturam</strong></span> <span class='ocrx_word' id='word_1_526' title='bbox 4251 2813 4592 2868; x_wconf 78' lang='lat' dir='ltr'><strong>exsuperans</strong></span> <span class='ocrx_word' id='word_1_527' title='bbox 4622 2794 4861 2850; x_wconf 78' lang='lat' dir='ltr'><strong>Verbum</strong></span> <span class='ocrx_word' id='word_1_528' title='bbox 4911 2805 4978 2846; x_wconf 83' lang='lat' dir='ltr'><strong>ex</strong></span> <span class='ocrx_word' id='word_1_529' title='bbox 5023 2803 5114 2844; x_wconf 87' lang='lat' dir='ltr'><strong>es-</strong></span> 
     </span>
    </p>
   </div>
   <div class='ocr_carea' id='block_1_70' title="bbox 3513 2890 5112 2964">
    <p class='ocr_par' dir='ltr' id='par_1_70' title="bbox 3513 2890 5112 2964">
     <span class='ocr_line' id='line_1_70' title="bbox 3513 2890 5112 2964; baseline -0.009 -12"><span class='ocrx_word' id='word_1_530' title='bbox 3513 2896 3687 2951; x_wconf 88' lang='lat' dir='ltr'><strong>sentia</strong></span> <span class='ocrx_word' id='word_1_531' title='bbox 3719 2895 3890 2963; x_wconf 87' lang='lat' dir='ltr'><strong>ipsius</strong></span> <span class='ocrx_word' id='word_1_532' title='bbox 3936 2894 4198 2964; x_wconf 82' lang='lat' dir='ltr'><strong>genitum,</strong></span> <span class='ocrx_word' id='word_1_533' title='bbox 4233 2892 4406 2946; x_wconf 87' lang='lat' dir='ltr'><strong>nostri</strong></span> <span class='ocrx_word' id='word_1_534' title='bbox 4454 2890 4688 2944; x_wconf 84' lang='lat' dir='ltr'><strong>similem</strong></span> <span class='ocrx_word' id='word_1_535' title='bbox 4738 2893 4966 2959; x_wconf 83' lang='lat' dir='ltr'><strong>propter</strong></span> <span class='ocrx_word' id='word_1_536' title='bbox 5012 2899 5112 2938; x_wconf 83' lang='lat' dir='ltr'><strong>nos</strong></span> 
     </span>
    </p>
   </div>
   <div class='ocr_carea' id='block_1_71' title="bbox 3513 2978 5113 3052">
    <p class='ocr_par' dir='ltr' id='par_1_71' title="bbox 3513 2978 5113 3052">
     <span class='ocr_line' id='line_1_71' title="bbox 3513 2978 5113 3052; baseline -0.009 -8"><span class='ocrx_word' id='word_1_537' title='bbox 3513 2991 3716 3044; x_wconf 74' lang='lat' dir='ltr'><strong>factum</strong></span> <span class='ocrx_word' id='word_1_538' title='bbox 3749 3028 3764 3052; x_wconf 92' lang='lat'><strong>,</strong></span> <span class='ocrx_word' id='word_1_539' title='bbox 3819 2999 3878 3040; x_wconf 85' lang='lat' dir='ltr'><strong>ut</strong></span> <span class='ocrx_word' id='word_1_540' title='bbox 3938 2996 4258 3041; x_wconf 71' lang='lat' dir='ltr'><strong>cerneretur</strong></span> <span class='ocrx_word' id='word_1_541' title='bbox 4299 2985 4544 3039; x_wconf 85' lang='lat' dir='ltr'><strong>omnium</strong></span> <span class='ocrx_word' id='word_1_542' title='bbox 4591 2982 4716 3035; x_wconf 62' lang='lat' dir='ltr'><strong>vita</strong></span> <span class='ocrx_word' id='word_1_543' title='bbox 4763 2978 4939 3047; x_wconf 84' lang='lat' dir='ltr'><strong>pretio</strong></span> <span class='ocrx_word' id='word_1_544' title='bbox 4992 2991 5113 3046; x_wconf 89' lang='lat' dir='ltr'><strong>par.</strong></span> 
     </span>
    </p>
   </div>
   <div class='ocr_carea' id='block_1_72' title="bbox 3515 3071 5108 3148">
    <p class='ocr_par' dir='ltr' id='par_1_72' title="bbox 3515 3071 5108 3148">
     <span class='ocr_line' id='line_1_72' title="bbox 3515 3071 5108 3148; baseline -0.008 -11"><span class='ocrx_word' id='word_1_545' title='bbox 3515 3081 3916 3139; x_wconf 79' lang='lat' dir='ltr'><strong>Pernbsurdum</strong></span> <span class='ocrx_word' id='word_1_546' title='bbox 3950 3089 4130 3134; x_wconf 83' lang='lat' dir='ltr'><strong>autem</strong></span> <span class='ocrx_word' id='word_1_547' title='bbox 4158 3078 4539 3148; x_wconf 70' lang='lat' dir='ltr'><strong>indicaverim,</strong></span> <span class='ocrx_word' id='word_1_548' title='bbox 4581 3091 4702 3130; x_wconf 89' lang='lat' dir='ltr'><strong>cum</strong></span> <span class='ocrx_word' id='word_1_549' title='bbox 4744 3071 5068 3142; x_wconf 76' lang='lat' dir='ltr'><strong>Unigenitus</strong></span> <span class='ocrx_word' id='word_1_550' title='bbox 5094 3109 5108 3132; x_wconf 86' lang='lat'><em>.</em></span> 
     </span>
    </p>
   </div>
   <div class='ocr_carea' id='block_1_73' title="bbox 3517 3166 5118 3240">
    <p class='ocr_par' dir='ltr' id='par_1_73' title="bbox 3517 3166 5118 3240">
     <span class='ocr_line' id='line_1_73' title="bbox 3517 3166 5118 3240; baseline -0.009 -9"><span class='ocrx_word' id='word_1_551' title='bbox 3517 3187 3575 3230; x_wconf 88' lang='lat' dir='ltr'><strong>ut</strong></span> <span class='ocrx_word' id='word_1_552' title='bbox 3601 3176 3735 3240; x_wconf 79' lang='lat' dir='ltr'><strong>dixi,</strong></span> <span class='ocrx_word' id='word_1_553' title='bbox 3765 3190 3891 3228; x_wconf 87' lang='lat' dir='ltr'><strong>caro</strong></span> <span class='ocrx_word' id='word_1_554' title='bbox 3931 3173 4232 3228; x_wconf 87' lang='lat' dir='ltr'><strong>secundum</strong></span> <span class='ocrx_word' id='word_1_555' title='bbox 4269 3171 4582 3239; x_wconf 81' lang='lat' dir='ltr'><strong>Scriptnrns</strong></span> <span class='ocrx_word' id='word_1_556' title='bbox 4611 3169 4684 3223; x_wconf 88' lang='lat' dir='ltr'><strong>sit</strong></span> <span class='ocrx_word' id='word_1_557' title='bbox 4708 3167 4906 3231; x_wconf 56' lang='lat' dir='ltr'><strong>lactus,</strong></span> <span class='ocrx_word' id='word_1_558' title='bbox 4937 3174 4991 3218; x_wconf 92' lang='lat' dir='ltr'><strong>et</strong></span> <span class='ocrx_word' id='word_1_559' title='bbox 5019 3166 5118 3218; x_wconf 90' lang='lat' dir='ltr'><strong>In-</strong></span> 
     </span>
    </p>
   </div>
   <div class='ocr_carea' id='block_1_74' title="bbox 3514 3258 5116 3337">
    <p class='ocr_par' dir='ltr' id='par_1_74' title="bbox 3514 3258 5116 3337">
     <span class='ocr_line' id='line_1_74' title="bbox 3514 3258 5116 3337; baseline -0.011 -11"><span class='ocrx_word' id='word_1_560' title='bbox 3514 3271 3886 3327; x_wconf 87' lang='lat' dir='ltr'><strong>carnatinnem</strong></span> <span class='ocrx_word' id='word_1_561' title='bbox 3917 3270 4237 3337; x_wconf 77' lang='lat' dir='ltr'><strong>dedignatus</strong></span> <span class='ocrx_word' id='word_1_562' title='bbox 4265 3281 4371 3320; x_wconf 90' lang='lat' dir='ltr'><strong>non</strong></span> <span class='ocrx_word' id='word_1_563' title='bbox 4409 3265 4594 3324; x_wconf 81' lang='lat' dir='ltr'><strong>fuerit.</strong></span> <span class='ocrx_word' id='word_1_564' title='bbox 4629 3263 4804 3332; x_wconf 82' lang='lat' dir='ltr'><strong>ipsum</strong></span> <span class='ocrx_word' id='word_1_565' title='bbox 4837 3258 5116 3327; x_wconf 77' lang='lat' dir='ltr'><strong>quodam-</strong></span> 
     </span>
    </p>
   </div>
   <div class='ocr_carea' id='block_1_75' title="bbox 3515 3347 5114 3433">
    <p class='ocr_par' dir='ltr' id='par_1_75' title="bbox 3515 3347 5114 3433">
     <span class='ocr_line' id='line_1_75' title="bbox 3515 3347 5114 3433; baseline -0.013 -14"><span class='ocrx_word' id='word_1_566' title='bbox 3515 3367 3674 3419; x_wconf 87' lang='lat' dir='ltr'><strong>modo</strong></span> <span class='ocrx_word' id='word_1_567' title='bbox 3701 3362 3923 3433; x_wconf 75' lang='lat' dir='ltr'><strong>culpare</strong></span> <span class='ocrx_word' id='word_1_568' title='bbox 3967 3375 4030 3416; x_wconf 87' lang='lat' dir='ltr'><strong>ac</strong></span> <span class='ocrx_word' id='word_1_569' title='bbox 4062 3357 4486 3430; x_wconf 73' lang='lat' dir='ltr'><strong>reprehendere,</strong></span> <span class='ocrx_word' id='word_1_570' title='bbox 4520 3365 4774 3421; x_wconf 81' lang='lat' dir='ltr'><strong>tauquam</strong></span> <span class='ocrx_word' id='word_1_571' title='bbox 4805 3349 4897 3420; x_wconf 89' lang='lat' dir='ltr'><strong>qui</strong></span> <span class='ocrx_word' id='word_1_572' title='bbox 4933 3347 5114 3416; x_wconf 85' lang='lat' dir='ltr'><strong>priva—</strong></span> 
     </span>
    </p>
   </div>
   <div class='ocr_carea' id='block_1_76' title="bbox 3514 3446 5116 3526">
    <p class='ocr_par' dir='ltr' id='par_1_76' title="bbox 3514 3446 5116 3526">
     <span class='ocr_line' id='line_1_76' title="bbox 3514 3446 5116 3526; baseline -0.014 -12"><span class='ocrx_word' id='word_1_573' title='bbox 3514 3471 3580 3514; x_wconf 72' lang='lat' dir='ltr'><strong>ta:</strong></span> <span class='ocrx_word' id='word_1_574' title='bbox 3609 3472 3718 3512; x_wconf 75' lang='lat' dir='ltr'><strong>sine</strong></span> <span class='ocrx_word' id='word_1_575' title='bbox 3743 3456 3928 3526; x_wconf 68' lang='lat' dir='ltr'><strong>gloriae</strong></span> <span class='ocrx_word' id='word_1_576' title='bbox 3958 3455 4230 3518; x_wconf 74' lang='lat' dir='ltr'><strong>olfecerit,</strong></span> <span class='ocrx_word' id='word_1_577' title='bbox 4258 3463 4311 3506; x_wconf 90' lang='lat' dir='ltr'><strong>et</strong></span> <span class='ocrx_word' id='word_1_578' title='bbox 4335 3466 4501 3505; x_wconf 88' lang='lat' dir='ltr'><strong>carne</strong></span> <span class='ocrx_word' id='word_1_579' title='bbox 4529 3446 4636 3519; x_wconf 82' lang='lat' dir='ltr'><strong>pati</strong></span> <span class='ocrx_word' id='word_1_580' title='bbox 4673 3454 4872 3518; x_wconf 64' lang='lat' dir='ltr'><strong>praeter</strong></span> <span class='ocrx_word' id='word_1_581' title='bbox 4897 3454 5116 3514; x_wconf 69' lang='lat' dir='ltr'><strong>irquum</strong></span> 
     </span>
    </p>
   </div>
   <div class='ocr_carea' id='block_1_77' title="bbox 3514 3541 5114 3605">
    <p class='ocr_par' dir='ltr' id='par_1_77' title="bbox 3514 3541 5114 3605">
     <span class='ocr_line' id='line_1_77' title="bbox 3514 3541 5114 3605; baseline -0.011 0"><span class='ocrx_word' id='word_1_582' title='bbox 3514 3549 3767 3605; x_wconf 84' lang='lat' dir='ltr'><strong>voluerit.</strong></span> <span class='ocrx_word' id='word_1_583' title='bbox 3810 3547 4083 3603; x_wconf 67' lang='lat' dir='ltr'><strong>Caeterum</strong></span> <span class='ocrx_word' id='word_1_584' title='bbox 4116 3544 4219 3598; x_wconf 88' lang='lat' dir='ltr'><strong>l&#39;uit</strong></span> <span class='ocrx_word' id='word_1_585' title='bbox 4248 3559 4310 3598; x_wconf 89' lang='lat' dir='ltr'><strong>ea</strong></span> <span class='ocrx_word' id='word_1_586' title='bbox 4350 3558 4437 3597; x_wconf 89' lang='lat' dir='ltr'><strong>res</strong></span> <span class='ocrx_word' id='word_1_587' title='bbox 4489 3542 4692 3596; x_wconf 83' lang='lat' dir='ltr'><strong>mumlo</strong></span> <span class='ocrx_word' id='word_1_588' title='bbox 4724 3541 4980 3592; x_wconf 80' lang='lat' dir='ltr'><strong>unin-rso</strong></span> <span class='ocrx_word' id='word_1_589' title='bbox 5021 3551 5114 3590; x_wconf 84' lang='lat' dir='ltr'><strong>sa-</strong></span> 
     </span>
    </p>
   </div>
   <div class='ocr_carea' id='block_1_78' title="bbox 3516 3630 5122 3704">
    <p class='ocr_par' dir='ltr' id='par_1_78' title="bbox 3516 3630 5122 3704">
     <span class='ocr_line' id='line_1_78' title="bbox 3516 3630 5122 3704; baseline -0.011 -8"><span class='ocrx_word' id='word_1_590' title='bbox 3516 3643 3730 3698; x_wconf 84' lang='lat' dir='ltr'><strong>lutaris.</strong></span> <span class='ocrx_word' id='word_1_591' title='bbox 3765 3640 3900 3695; x_wconf 84' lang='lat' dir='ltr'><strong>Cum</strong></span> <span class='ocrx_word' id='word_1_592' title='bbox 3925 3650 4103 3694; x_wconf 86' lang='lat' dir='ltr'><strong>autem</strong></span> <span class='ocrx_word' id='word_1_593' title='bbox 4139 3637 4346 3692; x_wconf 86' lang='lat' dir='ltr'><strong>idcirco</strong></span> <span class='ocrx_word' id='word_1_594' title='bbox 4377 3635 4486 3704; x_wconf 87' lang='lat' dir='ltr'><strong>pati</strong></span> <span class='ocrx_word' id='word_1_595' title='bbox 4522 3632 4752 3687; x_wconf 85' lang='lat' dir='ltr'><strong>voluerit</strong></span> <span class='ocrx_word' id='word_1_596' title='bbox 4783 3631 4829 3684; x_wconf 86' lang='lat' dir='ltr'><strong>is</strong></span> <span class='ocrx_word' id='word_1_597' title='bbox 4861 3630 4914 3684; x_wconf 92' lang='lat' dir='ltr'><strong>in</strong></span> <span class='ocrx_word' id='word_1_598' title='bbox 4953 3643 5122 3698; x_wconf 80' lang='lat' dir='ltr'><strong>quem</strong></span> 
     </span>
    </p>
   </div>
   <div class='ocr_carea' id='block_1_79' title="bbox 3517 3721 5124 3804">
    <p class='ocr_par' dir='ltr' id='par_1_79' title="bbox 3517 3721 5124 3804">
     <span class='ocr_line' id='line_1_79' title="bbox 3517 3721 5124 3804; baseline -0.012 -13"><span class='ocrx_word' id='word_1_599' title='bbox 3517 3737 3662 3792; x_wconf 82' lang='lat' dir='ltr'><strong>nulla</strong></span> <span class='ocrx_word' id='word_1_600' title='bbox 3705 3735 3891 3804; x_wconf 79' lang='lat' dir='ltr'><strong>passio</strong></span> <span class='ocrx_word' id='word_1_601' title='bbox 3933 3733 4130 3787; x_wconf 85' lang='lat' dir='ltr'><strong>cadere</strong></span> <span class='ocrx_word' id='word_1_602' title='bbox 4170 3737 4370 3799; x_wconf 78' lang='lat' dir='ltr'><strong>potest,</strong></span> <span class='ocrx_word' id='word_1_603' title='bbox 4418 3727 4562 3797; x_wconf 85' lang='lat' dir='ltr'><strong>quod</strong></span> <span class='ocrx_word' id='word_1_604' title='bbox 4607 3724 4863 3778; x_wconf 84' lang='lat' dir='ltr'><strong>nimirum</strong></span> <span class='ocrx_word' id='word_1_605' title='bbox 4905 3721 4977 3777; x_wconf 85' lang='lat' dir='ltr'><strong>sit</strong></span> <span class='ocrx_word' id='word_1_606' title='bbox 5017 3737 5124 3774; x_wconf 72' lang='lat' dir='ltr'><strong>ria-—</strong></span> 
     </span>
    </p>
   </div>
   <div class='ocr_carea' id='block_1_80' title="bbox 3519 3810 5131 3894">
    <p class='ocr_par' dir='ltr' id='par_1_80' title="bbox 3519 3810 5131 3894">
     <span class='ocr_line' id='line_1_80' title="bbox 3519 3810 5131 3894; baseline -0.015 -9"><span class='ocrx_word' id='word_1_607' title='bbox 3519 3842 3640 3886; x_wconf 84' lang='lat' dir='ltr'><strong>tura</strong></span> <span class='ocrx_word' id='word_1_608' title='bbox 3680 3828 3854 3894; x_wconf 87' lang='lat' dir='ltr'><strong>Deus,</strong></span> <span class='ocrx_word' id='word_1_609' title='bbox 3903 3826 4106 3880; x_wconf 84' lang='lat' dir='ltr'><strong>idcirco</strong></span> <span class='ocrx_word' id='word_1_610' title='bbox 4153 3836 4372 3876; x_wconf 83' lang='lat' dir='ltr'><strong>carnem</strong></span> <span class='ocrx_word' id='word_1_611' title='bbox 4422 3819 4693 3888; x_wconf 77' lang='lat' dir='ltr'><strong>passionis</strong></span> <span class='ocrx_word' id='word_1_612' title='bbox 4739 3828 4988 3884; x_wconf 78' lang='lat' dir='ltr'><strong>capacem</strong></span> <span class='ocrx_word' id='word_1_613' title='bbox 5043 3810 5131 3862; x_wconf 83' lang='lat' dir='ltr'><strong>in-.</strong></span> 
     </span>
    </p>
   </div>
   <div class='ocr_carea' id='block_1_81' title="bbox 3521 3899 5114 3988">
    <p class='ocr_par' dir='ltr' id='par_1_81' title="bbox 3521 3899 5114 3988">
     <span class='ocr_line' id='line_1_81' title="bbox 3521 3899 5114 3988; baseline -0.014 -12"><span class='ocrx_word' id='word_1_614' title='bbox 3521 3924 3660 3987; x_wconf 89' lang='lat' dir='ltr'><strong>duit,</strong></span> <span class='ocrx_word' id='word_1_615' title='bbox 3692 3934 3926 3988; x_wconf 84' lang='lat' dir='ltr'><strong>eamque</strong></span> <span class='ocrx_word' id='word_1_616' title='bbox 3963 3915 4237 3986; x_wconf 82' lang='lat' dir='ltr'><strong>prepriam</strong></span> <span class='ocrx_word' id='word_1_617' title='bbox 4266 3926 4419 3964; x_wconf 75' lang='lat' dir='ltr'><strong>suum</strong></span> <span class='ocrx_word' id='word_1_618' title='bbox 4443 3907 4738 3962; x_wconf 79' lang='lat' dir='ltr'><strong>declaravit</strong></span> <span class='ocrx_word' id='word_1_619' title='bbox 4767 3923 4780 3959; x_wconf 89' lang='lat'><strong>:</strong></span> <span class='ocrx_word' id='word_1_620' title='bbox 4816 3907 4888 3958; x_wconf 88' lang='lat' dir='ltr'><strong>ita</strong></span> <span class='ocrx_word' id='word_1_621' title='bbox 4917 3912 4974 3956; x_wconf 90' lang='lat' dir='ltr'><strong>ut</strong></span> <span class='ocrx_word' id='word_1_622' title='bbox 5003 3899 5114 3971; x_wconf 74' lang='lat' dir='ltr'><strong>ipse</strong></span> 
     </span>
    </p>
   </div>
   <div class='ocr_carea' id='block_1_82' title="bbox 3518 3997 5130 4079">
    <p class='ocr_par' dir='ltr' id='par_1_82' title="bbox 3518 3997 5130 4079">
     <span class='ocr_line' id='line_1_82' title="bbox 3518 3997 5130 4079; baseline -0.012 -10"><span class='ocrx_word' id='word_1_623' title='bbox 3518 4015 3795 4069; x_wconf 88' lang='lat' dir='ltr'><strong>diceretur</strong></span> <span class='ocrx_word' id='word_1_624' title='bbox 3821 4010 3952 4079; x_wconf 86' lang='lat' dir='ltr'><strong>pati.</strong></span> <span class='ocrx_word' id='word_1_625' title='bbox 3978 4006 4167 4076; x_wconf 78' lang='lat' dir='ltr'><strong>Neque</strong></span> <span class='ocrx_word' id='word_1_626' title='bbox 4209 4005 4354 4060; x_wconf 88' lang='lat' dir='ltr'><strong>enim</strong></span> <span class='ocrx_word' id='word_1_627' title='bbox 4405 4002 4632 4056; x_wconf 83' lang='lat' dir='ltr'><strong>alterius</strong></span> <span class='ocrx_word' id='word_1_628' title='bbox 4659 3997 4988 4066; x_wconf 82' lang='lat' dir='ltr'><strong>cujuspiam,</strong></span> <span class='ocrx_word' id='word_1_629' title='bbox 5018 3997 5130 4050; x_wconf 82' lang='lat' dir='ltr'><strong>sed-</strong></span> 
     </span>
    </p>
   </div>
   <div class='ocr_carea' id='block_1_83' title="bbox 3517 4085 5114 4172">
    <p class='ocr_par' dir='ltr' id='par_1_83' title="bbox 3517 4085 5114 4172">
     <span class='ocr_line' id='line_1_83' title="bbox 3517 4085 5114 4172; baseline -0.016 -12"><span class='ocrx_word' id='word_1_630' title='bbox 3517 4120 3674 4161; x_wconf 86' lang='lat' dir='ltr'><strong>suum</strong></span> <span class='ocrx_word' id='word_1_631' title='bbox 3708 4103 3881 4172; x_wconf 87' lang='lat' dir='ltr'><strong>ipsius</strong></span> <span class='ocrx_word' id='word_1_632' title='bbox 3912 4114 4111 4168; x_wconf 87' lang='lat' dir='ltr'><strong>corpus</strong></span> <span class='ocrx_word' id='word_1_633' title='bbox 4139 4112 4357 4168; x_wconf 86' lang='lat' dir='ltr'><strong>passum</strong></span> <span class='ocrx_word' id='word_1_634' title='bbox 4381 4102 4485 4151; x_wconf 84' lang='lat' dir='ltr'><strong>est.</strong></span> <span class='ocrx_word' id='word_1_635' title='bbox 4527 4091 4662 4148; x_wconf 81' lang='lat' dir='ltr'><strong>Cum</strong></span> <span class='ocrx_word' id='word_1_636' title='bbox 4703 4091 4887 4156; x_wconf 80' lang='lat' dir='ltr'><strong>itaque</strong></span> <span class='ocrx_word' id='word_1_637' title='bbox 4933 4085 5114 4138; x_wconf 83' lang='lat' dir='ltr'><strong>incar-</strong></span> 
     </span>
    </p>
   </div>
   <div class='ocr_carea' id='block_1_84' title="bbox 3518 4175 5115 4260">
    <p class='ocr_par' dir='ltr' id='par_1_84' title="bbox 3518 4175 5115 4260">
     <span class='ocr_line' id='line_1_84' title="bbox 3518 4175 5115 4260; baseline -0.015 -6"><span class='ocrx_word' id='word_1_638' title='bbox 3518 4197 3755 4254; x_wconf 83' lang='lat' dir='ltr'><strong>nationis</strong></span> <span class='ocrx_word' id='word_1_639' title='bbox 3789 4194 3927 4250; x_wconf 86' lang='lat' dir='ltr'><strong>ratio</strong></span> <span class='ocrx_word' id='word_1_640' title='bbox 3964 4195 4015 4247; x_wconf 92' lang='lat' dir='ltr'><strong>id</strong></span> <span class='ocrx_word' id='word_1_641' title='bbox 4053 4192 4227 4252; x_wconf 76' lang='lat' dir='ltr'><strong>l‘erat,</strong></span> <span class='ocrx_word' id='word_1_642' title='bbox 4259 4190 4418 4260; x_wconf 86' lang='lat' dir='ltr'><strong>eique</strong></span> <span class='ocrx_word' id='word_1_643' title='bbox 4451 4186 4655 4241; x_wconf 87' lang='lat' dir='ltr'><strong>tribuat</strong></span> <span class='ocrx_word' id='word_1_644' title='bbox 4694 4191 4750 4236; x_wconf 89' lang='lat' dir='ltr'><strong>ut</strong></span> <span class='ocrx_word' id='word_1_645' title='bbox 4797 4194 4962 4237; x_wconf 77' lang='lat' dir='ltr'><strong>carne</strong></span> <span class='ocrx_word' id='word_1_646' title='bbox 4993 4175 5115 4248; x_wconf 88' lang='lat' dir='ltr'><strong>qui-</strong></span> 
     </span>
    </p>
   </div>
   <div class='ocr_carea' id='block_1_85' title="bbox 3518 4273 5118 4358">
    <p class='ocr_par' dir='ltr' id='par_1_85' title="bbox 3518 4273 5118 4358">
     <span class='ocr_line' id='line_1_85' title="bbox 3518 4273 5118 4358; baseline -0.011 -14"><span class='ocrx_word' id='word_1_647' title='bbox 3518 4292 3640 4344; x_wconf 88' lang='lat' dir='ltr'><strong>dem</strong></span> <span class='ocrx_word' id='word_1_648' title='bbox 3691 4287 3799 4358; x_wconf 88' lang='lat' dir='ltr'><strong>pati</strong></span> <span class='ocrx_word' id='word_1_649' title='bbox 3839 4285 4092 4351; x_wconf 87' lang='lat' dir='ltr'><strong>voluerit,</strong></span> <span class='ocrx_word' id='word_1_650' title='bbox 4147 4282 4360 4338; x_wconf 83' lang='lat' dir='ltr'><strong>Deitate</strong></span> <span class='ocrx_word' id='word_1_651' title='bbox 4407 4295 4540 4336; x_wconf 80' lang='lat' dir='ltr'><strong>vero</strong></span> <span class='ocrx_word' id='word_1_652' title='bbox 4588 4289 4935 4349; x_wconf 82' lang='lat' dir='ltr'><strong>nequaquam</strong></span> <span class='ocrx_word' id='word_1_653' title='bbox 4971 4273 5118 4344; x_wconf 80' lang='lat' dir='ltr'><strong>(erat</strong></span> 
     </span>
    </p>
   </div>
   <div class='ocr_carea' id='block_1_86' title="bbox 3518 4364 5116 4451">
    <p class='ocr_par' dir='ltr' id='par_1_86' title="bbox 3518 4364 5116 4451">
     <span class='ocr_line' id='line_1_86' title="bbox 3518 4364 5116 4451; baseline -0.013 -13"><span class='ocrx_word' id='word_1_654' title='bbox 3518 4383 3665 4438; x_wconf 88' lang='lat' dir='ltr'><strong>enim</strong></span> <span class='ocrx_word' id='word_1_655' title='bbox 3699 4382 3752 4436; x_wconf 85' lang='lat' dir='ltr'><strong>in</strong></span> <span class='ocrx_word' id='word_1_656' title='bbox 3788 4383 3907 4451; x_wconf 92' lang='lat' dir='ltr'><strong>ipso</strong></span> <span class='ocrx_word' id='word_1_657' title='bbox 3936 4379 4081 4432; x_wconf 77' lang='lat' dir='ltr'><strong>Deus</strong></span> <span class='ocrx_word' id='word_1_658' title='bbox 4114 4375 4279 4431; x_wconf 83' lang='lat' dir='ltr'><strong>sim-el</strong></span> <span class='ocrx_word' id='word_1_659' title='bbox 4313 4385 4365 4428; x_wconf 91' lang='lat' dir='ltr'><strong>et</strong></span> <span class='ocrx_word' id='word_1_660' title='bbox 4390 4371 4577 4440; x_wconf 79' lang='lat' dir='ltr'><strong>homo)</strong></span> <span class='ocrx_word' id='word_1_661' title='bbox 4603 4413 4618 4438; x_wconf 93' lang='lat'><strong>,</strong></span> <span class='ocrx_word' id='word_1_662' title='bbox 4649 4366 4947 4424; x_wconf 86' lang='lat' dir='ltr'><strong>adversarii</strong></span> <span class='ocrx_word' id='word_1_663' title='bbox 4979 4364 5116 4420; x_wconf 82' lang='lat' dir='ltr'><strong>mul-</strong></span> 
     </span>
    </p>
   </div>
   <div class='ocr_carea' id='block_1_87' title="bbox 3522 4455 5117 4533">
    <p class='ocr_par' dir='ltr' id='par_1_87' title="bbox 3522 4455 5117 4533">
     <span class='ocr_line' id='line_1_87' title="bbox 3522 4455 5117 4533; baseline -0.012 -6"><span class='ocrx_word' id='word_1_664' title='bbox 3522 4476 3593 4529; x_wconf 88' lang='lat' dir='ltr'><strong>tis</strong></span> <span class='ocrx_word' id='word_1_665' title='bbox 3646 4471 3900 4526; x_wconf 85' lang='lat' dir='ltr'><strong>inanibus</strong></span> <span class='ocrx_word' id='word_1_666' title='bbox 3958 4465 4141 4523; x_wconf 85' lang='lat' dir='ltr'><strong>verbis</strong></span> <span class='ocrx_word' id='word_1_667' title='bbox 4193 4468 4550 4533; x_wconf 86' lang='lat' dir='ltr'><strong>obstrepunt,</strong></span> <span class='ocrx_word' id='word_1_668' title='bbox 4601 4472 4656 4515; x_wconf 85' lang='lat' dir='ltr'><strong>et</strong></span> <span class='ocrx_word' id='word_1_669' title='bbox 4710 4456 4955 4529; x_wconf 83' lang='lat' dir='ltr'><strong>mysterii</strong></span> <span class='ocrx_word' id='word_1_670' title='bbox 5009 4455 5117 4510; x_wconf 84' lang='lat' dir='ltr'><strong>vim</strong></span> 
     </span>
    </p>
   </div>
   <div class='ocr_carea' id='block_1_88' title="bbox 3523 4545 5118 4632">
    <p class='ocr_par' dir='ltr' id='par_1_88' title="bbox 3523 4545 5118 4632">
     <span class='ocr_line' id='line_1_88' title="bbox 3523 4545 5118 4632; baseline -0.013 -14"><span class='ocrx_word' id='word_1_671' title='bbox 3523 4575 3688 4632; x_wconf 87' lang='lat' dir='ltr'><strong>atque</strong></span> <span class='ocrx_word' id='word_1_672' title='bbox 3720 4562 3977 4616; x_wconf 85' lang='lat' dir='ltr'><strong>virtutem</strong></span> <span class='ocrx_word' id='word_1_673' title='bbox 4006 4555 4417 4627; x_wconf 76' lang='lat' dir='ltr'><strong>imperitissime</strong></span> <span class='ocrx_word' id='word_1_674' title='bbox 4443 4551 4836 4611; x_wconf 79' lang='lat' dir='ltr'><strong>adulterantes,</strong></span> <span class='ocrx_word' id='word_1_675' title='bbox 4862 4545 5118 4599; x_wconf 79' lang='lat' dir='ltr'><strong>exim-iam</strong></span> 
     </span>
    </p>
   </div>
   <div class='ocr_carea' id='block_1_89' title="bbox 1816 4640 4506 4730">
    <p class='ocr_par' dir='ltr' id='par_1_89' title="bbox 1816 4640 4498 4730">
     <span class='ocr_line' id='line_1_89' title="bbox 1816 4640 4498 4730; baseline 0.001 -36"><span class='ocrx_word' id='word_1_676' title='bbox 1816 4658 1934 4705; x_wconf 84' lang='grc' dir='ltr'><strong>πως</strong></span> <span class='ocrx_word' id='word_1_677' title='bbox 1979 4640 2408 4714; x_wconf 76' lang='grc' dir='ltr'>προστρίϐεσθαι</span> <span class='ocrx_word' id='word_1_678' title='bbox 2458 4659 2583 4697; x_wconf 89' lang='grc' dir='ltr'>τινα</span> <span class='ocrx_word' id='word_1_679' title='bbox 2622 4643 2813 4714; x_wconf 84' lang='grc' dir='ltr'>μῶμον</span> <span class='ocrx_word' id='word_1_680' title='bbox 2844 4642 2994 4714; x_wconf 80' lang='grc' dir='ltr'>αὐτῷ</span> <span class='ocrx_word' id='word_1_681' title='bbox 3048 4641 3110 4695; x_wconf 90' lang='grc' dir='ltr'><strong>τὸ</strong></span> <span class='ocrx_word' id='word_1_682' title='bbox 3139 4642 3233 4696; x_wconf 81' lang='grc' dir='ltr'>καὶ</span> <span class='ocrx_word' id='word_1_683' title='bbox 3277 4643 3414 4708; x_wconf 82' lang='grc' dir='ltr'>ὅλως</span> <span class='ocrx_word' id='word_1_684' title='bbox 3447 4676 3489 4730; x_wconf 80' lang='lat' dir='ltr'><strong>D</strong></span> <span class='ocrx_word' id='word_1_685' title='bbox 3521 4657 3812 4727; x_wconf 66' lang='lat' dir='ltr'><strong>quamdam</strong></span> <span class='ocrx_word' id='word_1_686' title='bbox 3845 4665 3899 4707; x_wconf 68' lang='lat' dir='ltr'><strong>et</strong></span> <span class='ocrx_word' id='word_1_687' title='bbox 3934 4652 4110 4705; x_wconf 70' lang='lat' dir='ltr'><strong>laudis</strong></span> <span class='ocrx_word' id='word_1_688' title='bbox 4143 4649 4358 4720; x_wconf 66' lang='lat' dir='ltr'><strong>piceam</strong></span> <span class='ocrx_word' id='word_1_689' title='bbox 4407 4646 4498 4699; x_wconf 90' lang='lat' dir='ltr'><strong>uni</strong></span> 
     </span>
    </p>
   </div>
   <div class='ocr_carea' id='block_1_90' title="bbox 2431 4640 5121 4730">
    <p class='ocr_par' dir='ltr' id='par_1_90' title="bbox 2458 4641 5121 4730">
     <span class='ocr_line' id='line_1_90' title="bbox 2458 4641 5121 4730; baseline -0.009 -16"><span class='ocrx_word' id='word_1_690' title='bbox 2458 4659 2583 4697; x_wconf 68' lang='grc' dir='ltr'>τινα</span> <span class='ocrx_word' id='word_1_691' title='bbox 2622 4643 2813 4714; x_wconf 73' lang='grc' dir='ltr'><strong>μῶμον</strong></span> <span class='ocrx_word' id='word_1_692' title='bbox 2844 4642 2994 4714; x_wconf 74' lang='grc' dir='ltr'><strong>αὖτῷ</strong></span> <span class='ocrx_word' id='word_1_693' title='bbox 3048 4641 3110 4695; x_wconf 75' lang='grc' dir='ltr'><strong>τδ</strong></span> <span class='ocrx_word' id='word_1_694' title='bbox 3139 4642 3233 4696; x_wconf 66' lang='grc' dir='ltr'><strong>καὶ</strong></span> <span class='ocrx_word' id='word_1_695' title='bbox 3277 4643 3414 4708; x_wconf 79' lang='grc' dir='ltr'>ὅλως</span> <span class='ocrx_word' id='word_1_696' title='bbox 3447 4676 3489 4730; x_wconf 80' lang='lat' dir='ltr'><strong>D</strong></span> <span class='ocrx_word' id='word_1_697' title='bbox 3521 4657 3812 4727; x_wconf 85' lang='lat' dir='ltr'><strong>quamdam</strong></span> <span class='ocrx_word' id='word_1_698' title='bbox 3845 4665 3899 4707; x_wconf 91' lang='lat' dir='ltr'><strong>et</strong></span> <span class='ocrx_word' id='word_1_699' title='bbox 3934 4652 4110 4705; x_wconf 84' lang='lat' dir='ltr'><strong>laudis</strong></span> <span class='ocrx_word' id='word_1_700' title='bbox 4143 4649 4358 4720; x_wconf 68' lang='lat' dir='ltr'><strong>piceam</strong></span> <span class='ocrx_word' id='word_1_701' title='bbox 4407 4646 4672 4699; x_wconf 84' lang='lat' dir='ltr'><strong>unitatem</strong></span> <span class='ocrx_word' id='word_1_702' title='bbox 4715 4647 4907 4710; x_wconf 79' lang='lat' dir='ltr'><strong>putant</strong></span> <span class='ocrx_word' id='word_1_703' title='bbox 4951 4641 5121 4693; x_wconf 75' lang='lat' dir='ltr'><strong>eunll~</strong></span> 
     </span>
    </p>
   </div>
   <div class='ocr_carea' id='block_1_91' title="bbox 1817 4731 3412 4811">
    <p class='ocr_par' dir='ltr' id='par_1_91' title="bbox 1817 4731 3412 4811">
     <span class='ocr_line' id='line_1_91' title="bbox 1817 4731 3412 4811; baseline 0.001 -22"><span class='ocrx_word' id='word_1_704' title='bbox 1817 4736 2035 4790; x_wconf 82' lang='grc' dir='ltr'>ἑλέσθαι</span> <span class='ocrx_word' id='word_1_705' title='bbox 2088 4736 2254 4806; x_wconf 73' lang='grc' dir='ltr'>σαρκὶ</span> <span class='ocrx_word' id='word_1_706' title='bbox 2295 4736 2510 4800; x_wconf 87' lang='grc' dir='ltr'>παθεῖν,</span> <span class='ocrx_word' id='word_1_707' title='bbox 2548 4735 2662 4789; x_wconf 84' lang='grc' dir='ltr'>ἀλλ’</span> <span class='ocrx_word' id='word_1_708' title='bbox 2691 4731 2760 4811; x_wconf 76' lang='grc' dir='ltr'><strong>ἦν</strong></span> <span class='ocrx_word' id='word_1_709' title='bbox 2794 4736 2998 4808; x_wconf 82' lang='grc' dir='ltr'>ἑτέρως</span> <span class='ocrx_word' id='word_1_710' title='bbox 3033 4735 3412 4801; x_wconf 81' lang='grc' dir='ltr'>εὐκλεές.”οτι</span> 
     </span>
    </p>
   </div>
   <div class='ocr_carea' id='block_1_92' title="bbox 1817 4827 3415 4901">
    <p class='ocr_par' dir='ltr' id='par_1_92' title="bbox 1817 4827 3415 4901">
     <span class='ocr_line' id='line_1_92' title="bbox 1817 4827 3415 4901; baseline -0.001 -18"><span class='ocrx_word' id='word_1_711' title='bbox 1817 4831 1926 4901; x_wconf 85' lang='grc' dir='ltr'><strong>γάρ</strong></span> <span class='ocrx_word' id='word_1_712' title='bbox 1975 4832 2091 4882; x_wconf 76' lang='grc' dir='ltr'>ἐστι</span> <span class='ocrx_word' id='word_1_713' title='bbox 2142 4827 2375 4881; x_wconf 84' lang='grc' dir='ltr'>θανάτου</span> <span class='ocrx_word' id='word_1_714' title='bbox 2421 4828 2687 4897; x_wconf 84' lang='grc' dir='ltr'>κρείττων</span> <span class='ocrx_word' id='word_1_715' title='bbox 2733 4828 2828 4881; x_wconf 73' lang='grc' dir='ltr'>καὶ</span> <span class='ocrx_word' id='word_1_716' title='bbox 2882 4828 3112 4901; x_wconf 83' lang='grc' dir='ltr'>φθορᾶς,</span> <span class='ocrx_word' id='word_1_717' title='bbox 3149 4827 3263 4900; x_wconf 79' lang='grc' dir='ltr'><strong>ζωὴ</strong></span> <span class='ocrx_word' id='word_1_718' title='bbox 3317 4827 3415 4882; x_wconf 80' lang='grc' dir='ltr'>καὶ</span> 
     </span>
    </p>
   </div>
   <div class='ocr_carea' id='block_1_93' title="bbox 1819 4915 3416 4990">
    <p class='ocr_par' dir='ltr' id='par_1_93' title="bbox 1819 4915 3416 4990">
     <span class='ocr_line' id='line_1_93' title="bbox 1819 4915 3416 4990; baseline 0 -18"><span class='ocrx_word' id='word_1_719' title='bbox 1819 4917 2084 4982; x_wconf 78' lang='grc' dir='ltr'>ζωοποιὸς</span> <span class='ocrx_word' id='word_1_720' title='bbox 2112 4916 2396 4987; x_wconf 82' lang='grc' dir='ltr'>ὑπάρχων,</span> <span class='ocrx_word' id='word_1_721' title='bbox 2420 4915 2447 4967; x_wconf 97' lang='lat'><strong>6</strong></span> <span class='ocrx_word' id='word_1_722' title='bbox 2465 4915 2618 4980; x_wconf 83' lang='grc' dir='ltr'>Θεὸς,</span> <span class='ocrx_word' id='word_1_723' title='bbox 2654 4916 3082 4990; x_wconf 81' lang='grc' dir='ltr'>μεμαρτύρηκεν</span> <span class='ocrx_word' id='word_1_724' title='bbox 3109 4921 3142 4989; x_wconf 84' lang='grc' dir='ltr'>ἡ</span> <span class='ocrx_word' id='word_1_725' title='bbox 3175 4919 3416 4972; x_wconf 80' lang='grc' dir='ltr'>ἀνάστα-</span> 
     </span>
    </p>
   </div>
   <div class='ocr_carea' id='block_1_94' title="bbox 1821 5007 3415 5083">
    <p class='ocr_par' dir='ltr' id='par_1_94' title="bbox 1821 5007 3415 5083">
     <span class='ocr_line' id='line_1_94' title="bbox 1821 5007 3415 5083; baseline 0.003 -20"><span class='ocrx_word' id='word_1_726' title='bbox 1821 5027 1922 5075; x_wconf 81' lang='grc' dir='ltr'>σις.</span> <span class='ocrx_word' id='word_1_727' title='bbox 1941 5012 2241 5082; x_wconf 85' lang='grc' dir='ltr'>Ἐγήγερκε</span> <span class='ocrx_word' id='word_1_728' title='bbox 2271 5010 2380 5079; x_wconf 84' lang='grc' dir='ltr'><strong>γὰρ</strong></span> <span class='ocrx_word' id='word_1_729' title='bbox 2410 5007 2502 5061; x_wconf 86' lang='grc' dir='ltr'><strong>τὸν</strong></span> <span class='ocrx_word' id='word_1_730' title='bbox 2530 5009 2726 5062; x_wconf 80' lang='grc' dir='ltr'>ἑαυτοῦ</span> <span class='ocrx_word' id='word_1_731' title='bbox 2753 5009 2902 5064; x_wconf 81' lang='grc' dir='ltr'>ναόν.</span> <span class='ocrx_word' id='word_1_732' title='bbox 2930 5010 3222 5083; x_wconf 84' lang='grc' dir='ltr'>Τοιγάρτοι</span> <span class='ocrx_word' id='word_1_733' title='bbox 3248 5012 3415 5083; x_wconf 78' lang='grc' dir='ltr'>φησὶν</span> 
     </span>
    </p>
   </div>
   <div class='ocr_carea' id='block_1_95' title="bbox 1817 5100 3418 5176">
    <p class='ocr_par' dir='ltr' id='par_1_95' title="bbox 1817 5100 3418 5176">
     <span class='ocr_line' id='line_1_95' title="bbox 1817 5100 3418 5176; baseline 0.001 -20"><span class='ocrx_word' id='word_1_734' title='bbox 1817 5106 1845 5156; x_wconf 86' lang='grc' dir='ltr'>ὁ</span> <span class='ocrx_word' id='word_1_735' title='bbox 1875 5103 2161 5166; x_wconf 77' lang='grc' dir='ltr'>θεσπέσιος</span> <span class='ocrx_word' id='word_1_736' title='bbox 2193 5101 2425 5168; x_wconf 79' lang='grc' dir='ltr'>Παῦλος·</span> <span class='ocrx_word' id='word_1_737' title='bbox 2469 5122 2487 5154; x_wconf 80' lang='grc' dir='ltr'><strong>ι</strong></span> <span class='ocrx_word' id='word_1_738' title='bbox 2519 5102 2594 5154; x_wconf 84' lang='grc' dir='ltr'><strong>Οὐ</strong></span> <span class='ocrx_word' id='word_1_739' title='bbox 2624 5100 2734 5172; x_wconf 84' lang='grc' dir='ltr'>γὰρ</span> <span class='ocrx_word' id='word_1_740' title='bbox 2764 5102 3166 5176; x_wconf 79' lang='grc' dir='ltr'>ἐπαισχύνομαι</span> <span class='ocrx_word' id='word_1_741' title='bbox 3202 5104 3265 5158; x_wconf 87' lang='grc' dir='ltr'><strong>τὸ</strong></span> <span class='ocrx_word' id='word_1_742' title='bbox 3310 5104 3418 5158; x_wconf 83' lang='grc' dir='ltr'><strong>Εὑ-</strong></span> 
     </span>
    </p>
   </div>
   <div class='ocr_carea' id='block_1_96' title="bbox 1818 5193 3416 5266">
    <p class='ocr_par' dir='ltr' id='par_1_96' title="bbox 1818 5193 3416 5266">
     <span class='ocr_line' id='line_1_96' title="bbox 1818 5193 3416 5266; baseline 0 -18"><span class='ocrx_word' id='word_1_743' title='bbox 1818 5195 2091 5264; x_wconf 83' lang='grc' dir='ltr'>αγγέλιον·</span> <span class='ocrx_word' id='word_1_744' title='bbox 2123 5195 2352 5266; x_wconf 82' lang='grc' dir='ltr'>δύναμις</span> <span class='ocrx_word' id='word_1_745' title='bbox 2379 5194 2487 5266; x_wconf 82' lang='grc' dir='ltr'>γὰρ</span> <span class='ocrx_word' id='word_1_746' title='bbox 2520 5193 2656 5246; x_wconf 89' lang='grc' dir='ltr'>Θεοῦ</span> <span class='ocrx_word' id='word_1_747' title='bbox 2682 5195 2829 5245; x_wconf 77' lang='grc' dir='ltr'>ἐστιν</span> <span class='ocrx_word' id='word_1_748' title='bbox 2851 5195 2932 5258; x_wconf 89' lang='grc' dir='ltr'>εἰς</span> <span class='ocrx_word' id='word_1_749' title='bbox 2955 5193 3230 5266; x_wconf 83' lang='grc' dir='ltr'>σωτηρίαν</span> <span class='ocrx_word' id='word_1_750' title='bbox 3253 5195 3416 5250; x_wconf 78' lang='grc' dir='ltr'>παντὶ</span> 
     </span>
    </p>
   </div>
   <div class='ocr_carea' id='block_1_97' title="bbox 1821 5284 3414 5358">
    <p class='ocr_par' dir='ltr' id='par_1_97' title="bbox 1821 5284 3414 5358">
     <span class='ocr_line' id='line_1_97' title="bbox 1821 5284 3414 5358; baseline 0 -16"><span class='ocrx_word' id='word_1_751' title='bbox 1821 5289 1898 5358; x_wconf 81' lang='grc' dir='ltr'>τῷ</span> <span class='ocrx_word' id='word_1_752' title='bbox 1928 5287 2260 5342; x_wconf 74' lang='grc' dir='ltr'>πιστεύοντι.</span> <span class='ocrx_word' id='word_1_753' title='bbox 2297 5307 2315 5339; x_wconf 74' lang='grc' dir='ltr'><strong>ι</strong></span> <span class='ocrx_word' id='word_1_754' title='bbox 2358 5289 2468 5342; x_wconf 68' lang='grc' dir='ltr'>Καὶ</span> <span class='ocrx_word' id='word_1_755' title='bbox 2496 5285 2692 5340; x_wconf 58' lang='grc' dir='ltr'>πάλιν</span> <span class='ocrx_word' id='word_1_756' title='bbox 2734 5286 2835 5338; x_wconf 80' lang='grc' dir='ltr'>ιύ</span> <span class='ocrx_word' id='word_1_757' title='bbox 2880 5284 3038 5354; x_wconf 88' lang='grc' dir='ltr'>λόγος</span> <span class='ocrx_word' id='word_1_758' title='bbox 3088 5286 3200 5357; x_wconf 82' lang='grc' dir='ltr'><strong>γὰρ</strong></span> <span class='ocrx_word' id='word_1_759' title='bbox 3243 5289 3271 5341; x_wconf 90' lang='lat'><strong>6</strong></span> <span class='ocrx_word' id='word_1_760' title='bbox 3318 5288 3414 5342; x_wconf 86' lang='grc' dir='ltr'><strong>τοῦ</strong></span> 
     </span>
    </p>
   </div>
   <div class='ocr_carea' id='block_1_98' title="bbox 1824 5378 3416 5451">
    <p class='ocr_par' dir='ltr' id='par_1_98' title="bbox 1824 5378 3416 5451">
     <span class='ocr_line' id='line_1_98' title="bbox 1824 5378 3416 5451; baseline 0.001 -19"><span class='ocrx_word' id='word_1_761' title='bbox 1824 5379 2079 5451; x_wconf 82' lang='grc' dir='ltr'>σταυροῦ,</span> <span class='ocrx_word' id='word_1_762' title='bbox 2107 5383 2219 5444; x_wconf 91' lang='grc' dir='ltr'>τοῖς</span> <span class='ocrx_word' id='word_1_763' title='bbox 2251 5379 2350 5449; x_wconf 79' lang='grc' dir='ltr'>μὲν</span> <span class='ocrx_word' id='word_1_764' title='bbox 2374 5378 2772 5450; x_wconf 82' lang='grc' dir='ltr'>ἀπολλυμένοις</span> <span class='ocrx_word' id='word_1_765' title='bbox 2805 5378 2990 5449; x_wconf 87' lang='grc' dir='ltr'>μωρία</span> <span class='ocrx_word' id='word_1_766' title='bbox 3048 5379 3188 5443; x_wconf 75' lang='grc' dir='ltr'>ἐστὶ,</span> <span class='ocrx_word' id='word_1_767' title='bbox 3217 5383 3329 5443; x_wconf 87' lang='grc' dir='ltr'>τοῖς</span> <span class='ocrx_word' id='word_1_768' title='bbox 3357 5380 3416 5434; x_wconf 79' lang='grc' dir='ltr'>δὲ</span> 
     </span>
    </p>
   </div>
   <div class='ocr_carea' id='block_1_99' title="bbox 1824 5468 3419 5543">
    <p class='ocr_par' dir='ltr' id='par_1_99' title="bbox 1824 5468 3419 5543">
     <span class='ocr_line' id='line_1_99' title="bbox 1824 5468 3419 5543; baseline 0.001 -19"><span class='ocrx_word' id='word_1_769' title='bbox 1824 5472 2152 5542; x_wconf 80' lang='grc' dir='ltr'>σωζομένοις</span> <span class='ocrx_word' id='word_1_770' title='bbox 2181 5473 2315 5543; x_wconf 81' lang='grc' dir='ltr'>ἡμῖν</span> <span class='ocrx_word' id='word_1_771' title='bbox 2348 5470 2579 5542; x_wconf 65' lang='grc' dir='ltr'>δύναμις</span> <span class='ocrx_word' id='word_1_772' title='bbox 2613 5468 2748 5522; x_wconf 85' lang='grc' dir='ltr'>Θεοῦ</span> <span class='ocrx_word' id='word_1_773' title='bbox 2803 5472 2950 5523; x_wconf 75' lang='grc' dir='ltr'>ἐστιν</span> <span class='ocrx_word' id='word_1_774' title='bbox 2978 5486 2991 5500; x_wconf 90' lang='grc'><strong>·</strong></span> <span class='ocrx_word' id='word_1_775' title='bbox 3017 5470 3201 5534; x_wconf 82' lang='grc' dir='ltr'>αὐτοῖς</span> <span class='ocrx_word' id='word_1_776' title='bbox 3223 5471 3282 5525; x_wconf 75' lang='grc' dir='ltr'>δὲ</span> <span class='ocrx_word' id='word_1_777' title='bbox 3304 5475 3419 5536; x_wconf 87' lang='grc' dir='ltr'>τοῖς</span> 
     </span>
    </p>
   </div>
   <div class='ocr_carea' id='block_1_100' title="bbox 1824 5558 3419 5633">
    <p class='ocr_par' dir='ltr' id='par_1_100' title="bbox 1824 5558 3419 5633">
     <span class='ocr_line' id='line_1_100' title="bbox 1824 5558 3419 5633; baseline 0 -18"><span class='ocrx_word' id='word_1_778' title='bbox 1824 5563 2066 5633; x_wconf 73' lang='grc' dir='ltr'>κλητοῖς,</span> <span class='ocrx_word' id='word_1_779' title='bbox 2103 5560 2380 5623; x_wconf 84' lang='grc' dir='ltr'>Ἰουδαίοις</span> <span class='ocrx_word' id='word_1_780' title='bbox 2435 5578 2492 5614; x_wconf 87' lang='grc' dir='ltr'><strong>τε</strong></span> <span class='ocrx_word' id='word_1_781' title='bbox 2543 5561 2636 5613; x_wconf 76' lang='grc' dir='ltr'>καὶ</span> <span class='ocrx_word' id='word_1_782' title='bbox 2679 5558 2929 5630; x_wconf 86' lang='grc' dir='ltr'>Ἕλλησι,</span> <span class='ocrx_word' id='word_1_783' title='bbox 2977 5561 3238 5630; x_wconf 84' lang='grc' dir='ltr'>Χριστὸς,</span> <span class='ocrx_word' id='word_1_784' title='bbox 3284 5561 3419 5615; x_wconf 87' lang='grc' dir='ltr'>Θεοῦ</span> 
     </span>
    </p>
   </div>
   <div class='ocr_carea' id='block_1_101' title="bbox 1821 5650 3422 5724">
    <p class='ocr_par' dir='ltr' id='par_1_101' title="bbox 1821 5650 3422 5724">
     <span class='ocr_line' id='line_1_101' title="bbox 1821 5650 3422 5724; baseline -0.001 -16"><span class='ocrx_word' id='word_1_785' title='bbox 1821 5655 2052 5723; x_wconf 80' lang='grc' dir='ltr'>δύναμις</span> <span class='ocrx_word' id='word_1_786' title='bbox 2114 5655 2208 5706; x_wconf 73' lang='grc' dir='ltr'><strong>καὶ</strong></span> <span class='ocrx_word' id='word_1_787' title='bbox 2261 5650 2397 5707; x_wconf 80' lang='grc' dir='ltr'>Θεοῦ</span> <span class='ocrx_word' id='word_1_788' title='bbox 2452 5655 2637 5721; x_wconf 75' lang='grc' dir='ltr'>σοφία.</span> <span class='ocrx_word' id='word_1_789' title='bbox 2669 5672 2686 5703; x_wconf 72' lang='grc' dir='ltr'><strong>ι</strong></span> <span class='ocrx_word' id='word_1_790' title='bbox 2726 5653 2836 5705; x_wconf 75' lang='grc' dir='ltr'><strong>Καὶ</strong></span> <span class='ocrx_word' id='word_1_791' title='bbox 2886 5651 2994 5724; x_wconf 79' lang='grc' dir='ltr'><strong>μὴν</strong></span> <span class='ocrx_word' id='word_1_792' title='bbox 3047 5653 3139 5706; x_wconf 82' lang='grc' dir='ltr'>καὶ</span> <span class='ocrx_word' id='word_1_793' title='bbox 3183 5651 3350 5717; x_wconf 78' lang='grc' dir='ltr'>αὐτὸς</span> <span class='ocrx_word' id='word_1_794' title='bbox 3394 5655 3422 5707; x_wconf 87' lang='lat'><strong>6</strong></span> 
     </span>
    </p>
   </div>
   <div class='ocr_carea' id='block_1_102' title="bbox 1829 5743 3417 5816">
    <p class='ocr_par' dir='ltr' id='par_1_102' title="bbox 1829 5743 3417 5816">
     <span class='ocr_line' id='line_1_102' title="bbox 1829 5743 3417 5816; baseline -0.001 -16"><span class='ocrx_word' id='word_1_795' title='bbox 1829 5744 1974 5809; x_wconf 81' lang='grc' dir='ltr'>Υἱὸς,</span> <span class='ocrx_word' id='word_1_796' title='bbox 2012 5745 2221 5816; x_wconf 78' lang='grc' dir='ltr'>μέλλων</span> <span class='ocrx_word' id='word_1_797' title='bbox 2274 5745 2590 5797; x_wconf 75' lang='grc' dir='ltr'>άναῦαίνειν</span> <span class='ocrx_word' id='word_1_798' title='bbox 2636 5745 2729 5797; x_wconf 71' lang='grc' dir='ltr'><strong>ἐπὶ</strong></span> <span class='ocrx_word' id='word_1_799' title='bbox 2777 5743 2840 5796; x_wconf 87' lang='grc' dir='ltr'><strong>τὸ</strong></span> <span class='ocrx_word' id='word_1_800' title='bbox 2886 5744 3155 5816; x_wconf 76' lang='grc' dir='ltr'>σωτήριον</span> <span class='ocrx_word' id='word_1_801' title='bbox 3207 5744 3417 5814; x_wconf 79' lang='grc' dir='ltr'>πάθος,</span> 
     </span>
    </p>
   </div>
   <div class='ocr_carea' id='block_1_103' title="bbox 1866 5919 2906 5987">
    <p class='ocr_par' dir='ltr' id='par_1_103' title="bbox 1866 5919 2906 5987">
     <span class='ocr_line' id='line_1_103' title="bbox 1866 5919 2906 5987; baseline 0 -13"><span class='ocrx_word' id='word_1_802' title='bbox 1866 5920 1908 5953; x_wconf 70' lang='grc'><strong>²¹</strong></span> <span class='ocrx_word' id='word_1_803' title='bbox 1947 5921 1963 5976; x_wconf 93' lang='lat' dir='ltr'><strong>l</strong></span> <span class='ocrx_word' id='word_1_804' title='bbox 2007 5922 2152 5976; x_wconf 81' lang='lat' dir='ltr'><strong>Pclr.</strong></span> <span class='ocrx_word' id='word_1_805' title='bbox 2191 5938 2268 5980; x_wconf 86' lang='grc' dir='ltr'>ιιι.</span> <span class='ocrx_word' id='word_1_806' title='bbox 2309 5919 2389 5974; x_wconf 85' lang='grc'><strong>18.</strong></span> <span class='ocrx_word' id='word_1_807' title='bbox 2471 5922 2513 5951; x_wconf 85' lang='grc'><strong>²²</strong></span> <span class='ocrx_word' id='word_1_808' title='bbox 2556 5920 2709 5974; x_wconf 73' lang='lat' dir='ltr'><strong>llum.</strong></span> <span class='ocrx_word' id='word_1_809' title='bbox 2746 5937 2782 5987; x_wconf 83' lang='lat' dir='ltr'><strong>t,</strong></span> <span class='ocrx_word' id='word_1_810' title='bbox 2825 5922 2906 5976; x_wconf 82' lang='lat' dir='ltr'><strong>l6.</strong></span> 
     </span>
    </p>
   </div>
   <div class='ocr_carea' id='block_1_104' title="bbox 3518 4728 5120 4800">
    <p class='ocr_par' dir='ltr' id='par_1_104' title="bbox 3518 4728 5120 4800">
     <span class='ocr_line' id='line_1_104' title="bbox 3518 4728 5120 4800; baseline -0.012 0"><span class='ocrx_word' id='word_1_811' title='bbox 3518 4757 3662 4800; x_wconf 89' lang='lat' dir='ltr'><strong>cere.</strong></span> <span class='ocrx_word' id='word_1_812' title='bbox 3730 4741 4124 4796; x_wconf 84' lang='lat' dir='ltr'><strong>Existimarnnt</strong></span> <span class='ocrx_word' id='word_1_813' title='bbox 4183 4737 4330 4792; x_wconf 88' lang='lat' dir='ltr'><strong>enim</strong></span> <span class='ocrx_word' id='word_1_814' title='bbox 4387 4735 4491 4789; x_wconf 82' lang='lat' dir='ltr'><strong>hoc</strong></span> <span class='ocrx_word' id='word_1_815' title='bbox 4538 4733 4588 4786; x_wconf 86' lang='lat' dir='ltr'><strong>ei</strong></span> <span class='ocrx_word' id='word_1_816' title='bbox 4643 4730 4819 4785; x_wconf 78' lang='lat' dir='ltr'><strong>labent</strong></span> <span class='ocrx_word' id='word_1_817' title='bbox 4876 4728 5120 4798; x_wconf 80' lang='lat' dir='ltr'><strong>aliqu-am</strong></span> 
     </span>
    </p>
   </div>
   <div class='ocr_carea' id='block_1_105' title="bbox 3518 4821 5122 4907">
    <p class='ocr_par' dir='ltr' id='par_1_105' title="bbox 3518 4821 5122 4907">
     <span class='ocr_line' id='line_1_105' title="bbox 3518 4821 5122 4907; baseline -0.012 -15"><span class='ocrx_word' id='word_1_818' title='bbox 3518 4849 3828 4907; x_wconf 83' lang='lat' dir='ltr'><strong>aspergere,</strong></span> <span class='ocrx_word' id='word_1_819' title='bbox 3862 4831 4005 4903; x_wconf 90' lang='lat' dir='ltr'><strong>quod</strong></span> <span class='ocrx_word' id='word_1_820' title='bbox 4040 4829 4201 4901; x_wconf 80' lang='lat'><strong>767</strong></span> <span class='ocrx_word' id='word_1_821' title='bbox 4235 4827 4458 4883; x_wconf 91' lang='lat' dir='ltr'><strong>omnino</strong></span> <span class='ocrx_word' id='word_1_822' title='bbox 4486 4824 4721 4879; x_wconf 91' lang='lat' dir='ltr'><strong>voluerit</strong></span> <span class='ocrx_word' id='word_1_823' title='bbox 4760 4836 4925 4876; x_wconf 90' lang='lat' dir='ltr'><strong>carne</strong></span> <span class='ocrx_word' id='word_1_824' title='bbox 4954 4821 5122 4887; x_wconf 87' lang='lat' dir='ltr'><strong>mori,</strong></span> 
     </span>
    </p>
   </div>
   <div class='ocr_carea' id='block_1_106' title="bbox 3520 4913 5120 4992">
    <p class='ocr_par' dir='ltr' id='par_1_106' title="bbox 3520 4913 5120 4992">
     <span class='ocr_line' id='line_1_106' title="bbox 3520 4913 5120 4992; baseline -0.013 -9"><span class='ocrx_word' id='word_1_825' title='bbox 3520 4937 3576 4982; x_wconf 86' lang='lat' dir='ltr'><strong>at</strong></span> <span class='ocrx_word' id='word_1_826' title='bbox 3627 4934 3818 4982; x_wconf 81' lang='lat' dir='ltr'><strong>contra</strong></span> <span class='ocrx_word' id='word_1_827' title='bbox 3866 4924 4076 4992; x_wconf 82' lang='lat' dir='ltr'><strong>insigne</strong></span> <span class='ocrx_word' id='word_1_828' title='bbox 4130 4937 4193 4975; x_wconf 85' lang='lat' dir='ltr'><strong>ac</strong></span> <span class='ocrx_word' id='word_1_829' title='bbox 4240 4919 4562 4991; x_wconf 63' lang='lat' dir='ltr'><strong>praeclarum</strong></span> <span class='ocrx_word' id='word_1_830' title='bbox 4616 4925 4716 4970; x_wconf 87' lang='lat' dir='ltr'><strong>est.</strong></span> <span class='ocrx_word' id='word_1_831' title='bbox 4765 4914 4924 4981; x_wconf 84' lang='lat' dir='ltr'><strong>Quod</strong></span> <span class='ocrx_word' id='word_1_832' title='bbox 4972 4913 5120 4967; x_wconf 84' lang='lat' dir='ltr'><strong>enim</strong></span> 
     </span>
    </p>
   </div>
   <div class='ocr_carea' id='block_1_107' title="bbox 3523 5006 5124 5088">
    <p class='ocr_par' dir='ltr' id='par_1_107' title="bbox 3523 5006 5124 5088">
     <span class='ocr_line' id='line_1_107' title="bbox 3523 5006 5124 5088; baseline -0.011 -12"><span class='ocrx_word' id='word_1_833' title='bbox 3523 5028 3699 5076; x_wconf 90' lang='lat' dir='ltr'><strong>morte</strong></span> <span class='ocrx_word' id='word_1_834' title='bbox 3741 5029 3906 5088; x_wconf 86' lang='lat' dir='ltr'><strong>atque</strong></span> <span class='ocrx_word' id='word_1_835' title='bbox 3941 5015 4164 5070; x_wconf 88' lang='lat' dir='ltr'><strong>interitu</strong></span> <span class='ocrx_word' id='word_1_836' title='bbox 4213 5012 4463 5084; x_wconf 89' lang='lat' dir='ltr'><strong>superior</strong></span> <span class='ocrx_word' id='word_1_837' title='bbox 4500 5010 4607 5075; x_wconf 85' lang='lat' dir='ltr'><strong>sit,</strong></span> <span class='ocrx_word' id='word_1_838' title='bbox 4639 5024 4760 5063; x_wconf 90' lang='lat' dir='ltr'><strong>cum</strong></span> <span class='ocrx_word' id='word_1_839' title='bbox 4812 5007 4884 5061; x_wconf 83' lang='lat' dir='ltr'><strong>sit</strong></span> <span class='ocrx_word' id='word_1_840' title='bbox 4913 5006 5020 5084; x_wconf 63' lang='lat' dir='ltr'><strong>vita</strong></span> <span class='ocrx_word' id='word_1_841' title='bbox 5067 5016 5124 5061; x_wconf 83' lang='lat' dir='ltr'><strong>et</strong></span> 
     </span>
    </p>
   </div>
   <div class='ocr_carea' id='block_1_108' title="bbox 3523 5099 5132 5178">
    <p class='ocr_par' dir='ltr' id='par_1_108' title="bbox 3523 5099 5132 5178">
     <span class='ocr_line' id='line_1_108' title="bbox 3523 5099 5132 5178; baseline -0.013 -11"><span class='ocrx_word' id='word_1_842' title='bbox 3523 5111 3842 5176; x_wconf 72' lang='lat' dir='ltr'><strong>viviﬁcaris,</strong></span> <span class='ocrx_word' id='word_1_843' title='bbox 3897 5118 4085 5178; x_wconf 88' lang='lat' dir='ltr'><strong>utpote</strong></span> <span class='ocrx_word' id='word_1_844' title='bbox 4144 5108 4322 5169; x_wconf 86' lang='lat' dir='ltr'><strong>Deus,</strong></span> <span class='ocrx_word' id='word_1_845' title='bbox 4378 5099 4711 5158; x_wconf 81' lang='lat' dir='ltr'><strong>resurrectio</strong></span> <span class='ocrx_word' id='word_1_846' title='bbox 4767 5106 4964 5152; x_wconf 82' lang='lat' dir='ltr'><strong>testata</strong></span> <span class='ocrx_word' id='word_1_847' title='bbox 5013 5108 5132 5178; x_wconf 47' lang='lat' dir='ltr'><strong>est;</strong></span> 
     </span>
    </p>
   </div>
   <div class='ocr_carea' id='block_1_109' title="bbox 3526 5188 5123 5269">
    <p class='ocr_par' dir='ltr' id='par_1_109' title="bbox 3526 5188 5123 5269">
     <span class='ocr_line' id='line_1_109' title="bbox 3526 5188 5123 5269; baseline -0.013 -10"><span class='ocrx_word' id='word_1_848' title='bbox 3526 5203 3823 5259; x_wconf 88' lang='lat' dir='ltr'><strong>Suscitavit</strong></span> <span class='ocrx_word' id='word_1_849' title='bbox 3869 5201 4013 5256; x_wconf 88' lang='lat' dir='ltr'><strong>enim</strong></span> <span class='ocrx_word' id='word_1_850' title='bbox 4061 5214 4218 5254; x_wconf 92' lang='lat' dir='ltr'><strong>suum</strong></span> <span class='ocrx_word' id='word_1_851' title='bbox 4259 5196 4430 5269; x_wconf 86' lang='lat' dir='ltr'><strong>ipsius</strong></span> <span class='ocrx_word' id='word_1_852' title='bbox 4476 5192 4758 5262; x_wconf 90' lang='lat' dir='ltr'><strong>templum.</strong></span> <span class='ocrx_word' id='word_1_853' title='bbox 4808 5188 5018 5241; x_wconf 79' lang='lat' dir='ltr'><strong>Idcirco</strong></span> <span class='ocrx_word' id='word_1_854' title='bbox 5066 5195 5123 5240; x_wconf 86' lang='lat' dir='ltr'><strong>et</strong></span> 
     </span>
    </p>
   </div>
   <div class='ocr_carea' id='block_1_110' title="bbox 3525 5280 5118 5360">
    <p class='ocr_par' dir='ltr' id='par_1_110' title="bbox 3525 5280 5118 5360">
     <span class='ocr_line' id='line_1_110' title="bbox 3525 5280 5118 5360; baseline -0.014 -7"><span class='ocrx_word' id='word_1_855' title='bbox 3525 5297 3742 5353; x_wconf 87' lang='lat' dir='ltr'><strong>divinus</strong></span> <span class='ocrx_word' id='word_1_856' title='bbox 3787 5293 3989 5348; x_wconf 85' lang='lat' dir='ltr'><strong>Paulus</strong></span> <span class='ocrx_word' id='word_1_857' title='bbox 4039 5292 4262 5360; x_wconf 84' lang='lat' dir='ltr'><strong>inquit:</strong></span> <span class='ocrx_word' id='word_1_858' title='bbox 4316 5307 4339 5342; x_wconf 78' lang='grc' dir='ltr'><strong>ι</strong></span> <span class='ocrx_word' id='word_1_859' title='bbox 4393 5287 4512 5342; x_wconf 80' lang='lat' dir='ltr'><strong>Non</strong></span> <span class='ocrx_word' id='word_1_860' title='bbox 4564 5285 4826 5340; x_wconf 78' lang='lat' dir='ltr'><strong>erubesco</strong></span> <span class='ocrx_word' id='word_1_861' title='bbox 4869 5280 5118 5346; x_wconf 77' lang='lat' dir='ltr'><strong>Evange-</strong></span> 
     </span>
    </p>
   </div>
   <div class='ocr_carea' id='block_1_111' title="bbox 3527 5369 5119 5442">
    <p class='ocr_par' dir='ltr' id='par_1_111' title="bbox 3527 5369 5119 5442">
     <span class='ocr_line' id='line_1_111' title="bbox 3527 5369 5119 5442; baseline -0.011 -1"><span class='ocrx_word' id='word_1_862' title='bbox 3527 5388 3682 5442; x_wconf 79' lang='lat' dir='ltr'><strong>lium.</strong></span> <span class='ocrx_word' id='word_1_863' title='bbox 3715 5384 3902 5440; x_wconf 78' lang='lat' dir='ltr'><strong>Virtus</strong></span> <span class='ocrx_word' id='word_1_864' title='bbox 3931 5383 4074 5437; x_wconf 89' lang='lat' dir='ltr'><strong>enim</strong></span> <span class='ocrx_word' id='word_1_865' title='bbox 4116 5381 4212 5436; x_wconf 87' lang='lat' dir='ltr'><strong>Dei</strong></span> <span class='ocrx_word' id='word_1_866' title='bbox 4263 5387 4348 5433; x_wconf 88' lang='lat' dir='ltr'><strong>est</strong></span> <span class='ocrx_word' id='word_1_867' title='bbox 4412 5377 4466 5431; x_wconf 90' lang='lat' dir='ltr'><strong>in</strong></span> <span class='ocrx_word' id='word_1_868' title='bbox 4513 5374 4741 5430; x_wconf 87' lang='lat' dir='ltr'><strong>salutem</strong></span> <span class='ocrx_word' id='word_1_869' title='bbox 4803 5369 4952 5424; x_wconf 88' lang='lat' dir='ltr'><strong>omni</strong></span> <span class='ocrx_word' id='word_1_870' title='bbox 5005 5386 5119 5423; x_wconf 82' lang='lat' dir='ltr'><strong>cre-</strong></span> 
     </span>
    </p>
   </div>
   <div class='ocr_carea' id='block_1_112' title="bbox 3520 5462 5118 5535">
    <p class='ocr_par' dir='ltr' id='par_1_112' title="bbox 3520 5462 5118 5535">
     <span class='ocr_line' id='line_1_112' title="bbox 3520 5462 5118 5535; baseline -0.016 0"><span class='ocrx_word' id='word_1_871' title='bbox 3520 5480 3664 5535; x_wconf 85' lang='lat' dir='ltr'><strong>denti</strong></span> <span class='ocrx_word' id='word_1_872' title='bbox 3687 5479 3754 5531; x_wconf 80' lang='grc'><strong>²².</strong></span> <span class='ocrx_word' id='word_1_873' title='bbox 3791 5497 3810 5530; x_wconf 71' lang='grc' dir='ltr'><strong>ι</strong></span> <span class='ocrx_word' id='word_1_874' title='bbox 3843 5476 3909 5530; x_wconf 83' lang='lat' dir='ltr'><strong>Et</strong></span> <span class='ocrx_word' id='word_1_875' title='bbox 3941 5488 4196 5529; x_wconf 85' lang='lat' dir='ltr'><strong>rursum:</strong></span> <span class='ocrx_word' id='word_1_876' title='bbox 4234 5489 4252 5523; x_wconf 81' lang='grc' dir='ltr'><strong>ι</strong></span> <span class='ocrx_word' id='word_1_877' title='bbox 4286 5469 4524 5525; x_wconf 83' lang='lat' dir='ltr'><strong>Verbum</strong></span> <span class='ocrx_word' id='word_1_878' title='bbox 4553 5465 4699 5520; x_wconf 88' lang='lat' dir='ltr'><strong>enim</strong></span> <span class='ocrx_word' id='word_1_879' title='bbox 4732 5462 4915 5516; x_wconf 86' lang='lat' dir='ltr'><strong>crucis</strong></span> <span class='ocrx_word' id='word_1_880' title='bbox 4939 5501 4955 5524; x_wconf 84' lang='lat'><strong>.</strong></span> <span class='ocrx_word' id='word_1_881' title='bbox 5001 5473 5118 5528; x_wconf 79' lang='lat' dir='ltr'><strong>per-</strong></span> 
     </span>
    </p>
   </div>
   <div class='ocr_carea' id='block_1_113' title="bbox 3520 5547 5118 5639">
    <p class='ocr_par' dir='ltr' id='par_1_113' title="bbox 3520 5547 5118 5639">
     <span class='ocr_line' id='line_1_113' title="bbox 3520 5547 5118 5639; baseline -0.018 -12"><span class='ocrx_word' id='word_1_882' title='bbox 3520 5573 3777 5627; x_wconf 85' lang='lat' dir='ltr'><strong>euntibus</strong></span> <span class='ocrx_word' id='word_1_883' title='bbox 3822 5568 4040 5639; x_wconf 89' lang='lat' dir='ltr'><strong>quidem</strong></span> <span class='ocrx_word' id='word_1_884' title='bbox 4083 5563 4316 5620; x_wconf 85' lang='lat' dir='ltr'><strong>stultitia</strong></span> <span class='ocrx_word' id='word_1_885' title='bbox 4347 5570 4426 5616; x_wconf 91' lang='lat' dir='ltr'><strong>est</strong></span> <span class='ocrx_word' id='word_1_886' title='bbox 4463 5576 4477 5612; x_wconf 91' lang='lat'><strong>:</strong></span> <span class='ocrx_word' id='word_1_887' title='bbox 4521 5558 4587 5613; x_wconf 88' lang='lat' dir='ltr'><strong>iis</strong></span> <span class='ocrx_word' id='word_1_888' title='bbox 4620 5566 4802 5610; x_wconf 84' lang='lat' dir='ltr'><strong>autem</strong></span> <span class='ocrx_word' id='word_1_889' title='bbox 4843 5551 4936 5621; x_wconf 79' lang='lat' dir='ltr'><strong>qui</strong></span> <span class='ocrx_word' id='word_1_890' title='bbox 4985 5547 5118 5604; x_wconf 81' lang='lat' dir='ltr'><strong>salvi</strong></span> 
     </span>
    </p>
   </div>
   <div class='ocr_carea' id='block_1_114' title="bbox 3524 5643 5117 5725">
    <p class='ocr_par' dir='ltr' id='par_1_114' title="bbox 3524 5643 5117 5725">
     <span class='ocr_line' id='line_1_114' title="bbox 3524 5643 5117 5725; baseline -0.013 -12"><span class='ocrx_word' id='word_1_891' title='bbox 3524 5661 3682 5725; x_wconf 83' lang='lat' dir='ltr'><strong>liuut,</strong></span> <span class='ocrx_word' id='word_1_892' title='bbox 3715 5659 3816 5715; x_wconf 87' lang='lat' dir='ltr'><strong>hoc</strong></span> <span class='ocrx_word' id='word_1_893' title='bbox 3861 5665 3945 5711; x_wconf 89' lang='lat' dir='ltr'><strong>est</strong></span> <span class='ocrx_word' id='word_1_894' title='bbox 3998 5654 4187 5720; x_wconf 83' lang='lat' dir='ltr'><strong>nobis,</strong></span> <span class='ocrx_word' id='word_1_895' title='bbox 4243 5650 4337 5706; x_wconf 90' lang='lat' dir='ltr'><strong>Dei</strong></span> <span class='ocrx_word' id='word_1_896' title='bbox 4391 5649 4564 5704; x_wconf 80' lang='lat' dir='ltr'><strong>virtus</strong></span> <span class='ocrx_word' id='word_1_897' title='bbox 4608 5655 4712 5702; x_wconf 85' lang='lat' dir='ltr'><strong>est.</strong></span> <span class='ocrx_word' id='word_1_898' title='bbox 4762 5643 4896 5713; x_wconf 88' lang='lat' dir='ltr'><strong>Ipsis</strong></span> <span class='ocrx_word' id='word_1_899' title='bbox 4935 5651 5117 5695; x_wconf 85' lang='lat' dir='ltr'><strong>autem</strong></span> 
     </span>
    </p>
   </div>
   <div class='ocr_carea' id='block_1_115' title="bbox 3524 5734 5114 5818">
    <p class='ocr_par' dir='ltr' id='par_1_115' title="bbox 3524 5734 5114 5818">
     <span class='ocr_line' id='line_1_115' title="bbox 3524 5734 5114 5818; baseline -0.012 -11"><span class='ocrx_word' id='word_1_900' title='bbox 3524 5753 3730 5809; x_wconf 71' lang='lat' dir='ltr'><strong>vocatis</strong></span> <span class='ocrx_word' id='word_1_901' title='bbox 3758 5749 3958 5808; x_wconf 66' lang='lat' dir='ltr'><strong>luds-is</strong></span> <span class='ocrx_word' id='word_1_902' title='bbox 3985 5756 4148 5818; x_wconf 86' lang='lat' dir='ltr'><strong>atque</strong></span> <span class='ocrx_word' id='word_1_903' title='bbox 4177 5741 4404 5812; x_wconf 67' lang='lat' dir='ltr'><strong>(iuncis,</strong></span> <span class='ocrx_word' id='word_1_904' title='bbox 4434 5740 4686 5798; x_wconf 79' lang='lat' dir='ltr'><strong>Christus</strong></span> <span class='ocrx_word' id='word_1_905' title='bbox 4709 5735 4805 5794; x_wconf 87' lang='lat' dir='ltr'><strong>Dei</strong></span> <span class='ocrx_word' id='word_1_906' title='bbox 4839 5734 5033 5799; x_wconf 85' lang='lat' dir='ltr'><strong>virtus,</strong></span> <span class='ocrx_word' id='word_1_907' title='bbox 5065 5741 5114 5788; x_wconf 90' lang='lat' dir='ltr'><strong>et</strong></span> 
     </span>
    </p>
   </div>
  </div>
