6812 6676
1706 420 1844 514 Isis

2701 465 2759 520 ε.
2801 464 3080 522 cvntLLt
3118 434 3590 530 usususus:
3631 474 3953 532 ARCHIEP.

4838 461 4980 521 13M

1708 569 1799 625 Dei
1826 574 2091 643 sapientia
2120 575 2189 630 ".
2230 594 2248 625 ι
2301 576 2476 646 Atque
2516 576 2650 631 adeo
2695 578 2813 642 ipse
2847 577 3020 635 Filius
3059 595 3186 636 cum
3221 582 3291 637 ad
3322 587 3366 643 Α
3399 602 3419 636 ι
3445 586 3558 642 Νῦν
3588 587 3873 661 ἑδοξάσθη,
3905 586 4093 660 φησὶν,
4124 589 4154 643 6
4194 587 4317 651 Υίὺς
4354 603 4398 640 τε

2301 576 2476 646 Atque
2516 576 2650 631 adeo
2695 578 2813 642 ipse
2847 577 3020 635 Filius
3059 595 3186 636 cum
3221 582 3291 637 ad
3322 587 3366 643 A
3399 602 3419 636 ι
3445 586 3558 642 Νῦν
3588 587 3873 661 ὶδοξάσθη,
3905 586 4093 660 φησίν,
4124 589 4154 643 6
4194 587 4317 651 Υίὺς
4354 585 4450 640 τοῦ
4481 582 4794 655 ἀνθρώπου»
4829 578 4927 632 καὶ
4954 577 4987 632 6

1710 664 2002 719 Salutarem
2060 667 2365 736 passionem
2408 669 2796 725 conscenderet
2835 684 2851 724 :
2907 690 2926 722 ι
2977 670 3163 741 Nunc,
3210 675 3292 730 in-
3397 677 3532 743 Θεὸς
3559 680 3819 752 ἐδοξάσθη
3855 682 3914 735 ὲν
3943 678 4118 750 αύτῷ,
4146 679 4242 734 καὶ
4275 681 4304 733 6
4329 679 4399 733 Θε

2299 682 2365 721 :m
2408 669 2796 725 conscenderet
2835 684 2851 724 :
2907 690 2926 722 ι
2977 670 3163 741 Nunc,
3210 675 3292 730 in-
3397 677 3532 743 Θεὸς
3559 680 3819 752 ἐδοξάσθη
3855 682 3914 735 ὲν
3943 678 4118 750 αὐτῷ,
4146 679 4242 734 καὶ
4275 681 4304 733 6
4329 678 4462 743 Θεὸς
4486 676 4705 743 δοξάσει
4736 669 4902 726 αὺτὺν
4927 673 4989 725 ἐν

1708 756 1845 826 quit,
1876 756 2206 815 clariﬁeatus
2238 768 2321 815 est
2366 759 2534 815 Filius
2565 761 2824 827 hominis,
2863 775 2918 819 et
2946 764 3085 821 Deus
3126 766 3293 821 clari-

1709 848 1907 905 ttratus
1980 862 2064 906 est
2116 853 2168 906 in
2217 867 2284 907 eo
2329 872 2343 907 :
2404 863 2460 907 et
2506 853 2649 911 Deus
2700 856 3023 914 (-lariﬂcabit
3068 874 3190 913 eum
3237 861 3290 915 in

1709 942 2025 1013 semetipso,
2067 954 2123 998 et
2151 944 2410 1001 continuo
2435 946 2761 1003 clariﬁcabit
2788 965 2910 1005 eum
2937 950 3005 1004 ".
3041 970 3060 1003 ι
3096 949 3295 1007 Βεευτ·

3400 773 3596 845 ἑαυτῷ,
3638 774 3732 829 καὶ
3761 774 3922 838 εὐθὺς
3949 773 4163 838 δοξάσει
4189 771 4372 827 αὑτόν.
4407 791 4424 823 ι
4446 768 4676 824 Ἀνεὸίω
4701 766 4811 837 γὰρ
4853 779 4992 818 σκυ-

3401 863 3599 930 λεύσας
3629 867 3720 921 τὸν
3753 866 3906 940 ᾅδην,
3939 862 4212 920 καὶτοῦτο
4234 865 4337 918 οὑκ
4361 864 4441 927 είς
4467 860 4707 933 μακρὰν,
4739 857 4854 912 ἀλλ’
4875 849 4992 909 οἷον

3401 957 3565 1022 εὐθὺς
3591 959 3684 1011 κα)¹
3714 957 3856 1012 κατὰ
3885 957 4051 1021 πόδας
4079 955 4175 1010 τοῦ
4204 953 4418 1010 παθεῖν.

1716 1035 1853 1087 rexit
1911 1035 2077 1101 enim,
2119 1035 2348 1107 spoliato
2425 1039 2672 1108 interno,
2741 1051 2798 1097 et
2860 1042 3078 1112 quidem
3156 1043 3210 1099 id
3264 1060 3372 1102 non
3428 1048 3596 1104 multo
3666 1058 3830 1115 post,
3875 1045 4436 1119 sed-quodammodo
4488 1043 4674 1101 statim
4744 1049 4909 1111 atque
4959 1056 4993 1097 ο

1712 1126 1955 1197 vestigio
1997 1137 2123 1199 post
2170 1131 2502 1200 passionem.

1709 1266 1721 1272 -
1781 1215 1845 1270 Β.
1887 1220 2048 1290 Atqui
2110 1223 2283 1293 inquit
2328 1226 2768 1296 sapientissimus
2822 1227 3070 1285 Paulus:
3140 1248 3161 1283 ι
3218 1234 3304 1287 An

1711 1311 2143 1379 experimentum
2201 1315 2444 1385 quaeritis
2495 1317 2617 1388 ejus
2669 1322 2759 1391 qui
2823 1321 2877 1376 in
2933 1338 3017 1378 nte
3067 1322 3305 1391 loquitur

1712 1398 1951 1469 Christi;
2018 1406 2108 1474 qui
2164 1423 2269 1463 non
2322 1409 2653 1476 inﬁrmatur,
2715 1416 2808 1469 sed
2866 1424 3057 1484 potens
3111 1426 3195 1471 est
3250 1417 3304 1472 in

1717 1493 1915 1549 nobis?
1975 1492 2113 1549 Nam
2159 1498 2260 1553 etsi
2289 1499 2585 1556 cruciﬁxus
2629 1512 2804 1557 estex
2840 1504 3175 1573 inﬁrmitate,
3210 1508 3304 1564 sed

1715 1584 1850 1638 vivit
1893 1600 1960 1640 ex
1992 1587 2193 1644 virtute
2234 1590 2327 1645 Dei
2352 1592 2420 1647 “.
2472 1611 2493 1646 ι
2525 1593 2642 1660 Quo
2676 1604 2836 1663 pacto
2868 1610 2995 1650 vero
3035 1598 3303 1669 quispiam

1715 1674 1861 1728 dicat
1890 1677 2219 1733 intlrmatmn
2251 1696 2373 1738 esse
2404 1683 2577 1755 ipsum
2611 1684 2867 1753 Verbum,
2896 1697 3058 1757 atque
3093 1702 3161 1743 ex
3190 1689 3304 1744 vir-

1717 1775 1831 1823 tute
1860 1767 1951 1824 Dei
1983 1770 2210 1826 vivere?

3476 1236 3536 1293 Β.
3578 1237 3773 1294 Καίτοι
3803 1237 3967 1308 φησὶν
3999 1235 4030 1291 6
4066 1235 4343 1304 πάνσοφος
4375 1230 4623 1296 Παῦλος·
4656 1249 4676 1283 r
4730 1226 4884 1282 Ἐπεὶ
4909 1226 4997 1279 δο-

3403 1331 3573 1404 κιμὴν
3606 1330 3820 1403 ζητεῖτε
3867 1329 3962 1385 τοῦ
4017 1330 4076 1383 ὲν
4125 1330 4251 1397 ἐμοὶ
4296 1326 4585 1388 λαλοῦντος
4636 1317 4897 1390 Χριστοῦ,
4936 1316 4997 1382 ὃς

3401 1424 3503 1477 οὐκ
3535 1422 3773 1487 ἀσθενεῖ,
3803 1420 3939 1476 ἀλλὰ
3969 1420 4186 1474 δυνατεῖ
4222 1418 4281 1472 ὲν
4315 1418 4472 1488 ἡμῖν.
4509 1413 4622 1469 ΚαίΙ
4659 1411 4770 1482 γάρ
4801 1410 4999 1462 ἐσταυ-

3407 1514 3555 1588 ρώθη
3600 1515 3659 1583 ἐξ
3704 1514 4014 1578 ἀσθενείας,
4050 1512 4187 1568 ἀλλὰ
4231 1511 4296 1584 ζῇ
4348 1511 4414 1563 ὲκ
4451 1507 4734 1578 δυνάμεως
4769 1499 4928 1556 Θεοῦ.
4973 1517 4992 1550 ι

3410 1602 3546 1662 Εἶτα
3580 1606 3698 1672 πῶς
3741 1607 3904 1660 αὑτὸν
3937 1605 4231 1677 ἀσθενῆσαι
4271 1602 4408 1673 φαίη
4439 1616 4524 1665 τις
4557 1599 4625 1653 ἂν
4669 1594 4866 1665 Λόγον.
4906 1593 5000 1646 καὶ

3414 1700 3523 1772 μὴν
3556 1700 3651 1756 καὶ
3678 1701 3743 1754 ἐκ
3768 1699 4054 1771 δυνάμεως
4086 1696 4252 1769 ζῆσαι
4283 1692 4460 1763 Osci};

1786 1858 1851 1915 Δ.
1899 1860 2089 1918 Nonne
2111 1864 2163 1918 in
2210 1866 2522 1923 universum
2568 1868 2669 1923 hoc
2719 1868 3029 1939 statuimus,
3073 1871 3305 1930 Verbum
3341 1854 3384 1911 Β
3484 1878 3548 1931 A.
3591 1876 3666 1930 οὑ
3697 1874 3807 1946 γὰρ
3842 1874 3956 1930 ἄνω
3984 1889 4043 1929 τε
4072 1872 4170 1926 καὶ
4199 1872 4351 1927 κάτω
4403 1870 4476 1923 τδ·

2315 1881 2522 1923 versum
2568 1868 2669 1923 hoc
2719 1868 3029 1939 statuimus,
3073 1871 3305 1930 Verbum
3341 1854 3384 1911 Β
3484 1878 3548 1931 A.
3591 1876 3666 1930 οὑ
3697 1874 3807 1946 γὰρ
3842 1874 3956 1930 ἄνω
3984 1889 4043 1929 τε
4072 1872 4170 1926 καὶ
4199 1872 4351 1927 κάτω
4403 1870 4495 1925 τὸν
4529 1866 4621 1922 τοῦ
4656 1865 4793 1919 Θεοῦ
4828 1862 5005 1932 Λόγον

1717 1967 1940 2009 carnem
1975 1957 2176 2012 factum
2205 1973 2352 2026 esse,
2381 1971 2437 2015 et
2482 1961 2775 2015 humanam
2805 1969 3058 2049 naturam
3091 1978 3308 2020 assum-

1720 2044 1929 2115 paisse?

1791 2137 1849 2191 Β.
1890 2139 2150 2197 Omnino.

1788 2226 1857 2285 A.
1898 2231 2133 2290 Proinde
2165 2235 2210 2291 is
2244 2237 2334 2307 qui
2366 2237 2672 2295 infirmatus
2701 2250 2785 2295 est
2814 2255 3000 2307 carne,
3033 2251 3307 2311 quatenus

1717 2319 2027 2378 declaratus
2063 2334 2148 2380 est
2185 2327 2367 2389 homo,
2404 2328 2536 2384 vixit
2570 2330 2658 2385 hic
2688 2329 2831 2386 idem
2862 2346 2928 2386 ex
2960 2322 3163 2387 virtute
3185 2334 3304 2400 Dei,

1716 2425 1826 2467 non
1854 2414 2074 2483 quidem
2110 2415 2311 2486 aliena,
2341 2421 2435 2475 sed
2467 2435 2586 2492 quae
2622 2422 2722 2493 ipsi
2757 2423 2953 2480 inerat.
2992 2424 3133 2480 Deus
3163 2426 3307 2481 enim

1717 2514 1837 2561 erat
1859 2507 1911 2561 in
1936 2522 2123 2565 carne.

1787 2597 1850 2654 Β.
1892 2598 2054 2671 Atqui
2114 2600 2279 2658 Pater
2318 2604 2493 2675 ipsum
2548 2609 2846 2667 suscitasse
2880 2611 3126 2667 dicitur:
3173 2613 3311 2669 scri-

1717 2700 1868 2761 ptum
1903 2704 1989 2748 est
2025 2694 2172 2749 enim
2202 2714 2215 2751 :
2249 2714 2268 2749 ι
2303 2696 2614 2755 Secundum
2651 2704 3018 2772 operationem
3056 2705 3312 2774 potentiae

1719 2785 1936 2839 virtutis
1970 2785 2110 2855 ejus,
2154 2803 2314 2858 quam
2345 2802 2603 2861 operatus
2633 2804 2718 2850 est
2762 2796 2817 2850 in
2859 2796 3098 2861 Christo,
3135 2800 3312 2861 susci-

1718 2883 1841 2931 tans
1876 2876 2026 2932 illum
2063 2894 2092 2934 a
2137 2882 2401 2950 mortuis,
2434 2894 2489 2940 et
2526 2888 2868 2944 constituens
2914 2891 2981 2944 ad
3026 2890 3310 2946 dexteram

1717 2982 1874 3022 suam
1912 2969 1965 3024 in
1993 2971 2332 3040 ccelestibus,
2371 2990 2535 3045 supra
2574 2994 2791 3034 omnem
2827 2981 3192 3053 principatum
3219 3024 3234 3049 ,
3259 2995 3314 3039 et

1719 3071 2066 3129 pmestatem,
2104 3072 2159 3119 et
2191 3066 2471 3132 virtutem,
2504 3078 2563 3125 et
2589 3070 3043 3140 dominationem,
3069 3082 3123 3130 et
3152 3091 3314 3132 onme

1719 3167 1916 3207 nomen
1948 3157 2094 3225 quod
2124 3159 2435 3214 nominatur
2457 3163 2526 3215 ".
2557 3179 2576 3214 ι

1792 3244 1857 3301 Α.
1882 3245 2154 3301 Caeterum
2190 3250 2364 3320 ipsum
2390 3268 2511 3309 esse
2537 3242 2769 3312 dicimus
2798 3259 3167 3317 vivificantem
3202 3266 3312 3320 vir-

1720 3348 1893 3395 tutem
1944 3340 2162 3408 Patris,
2210 3354 2265 3398 et
2317 3349 2562 3415 paternis
2612 3350 2970 3421 dignitatibus
3026 3357 3310 3425 praeditum

1716 3444 1861 3496 esse,
1894 3435 2105 3489 tametsi
2132 3434 2309 3491 factus
2338 3438 2412 3492 sit
2444 3455 2594 3506 caro,
2642 3444 2784 3510 quod
2826 3444 3044 3515 quidem
3087 3449 3314 3519 ipsemet

1722 3531 1952 3578 testatur
1986 3526 2175 3582 dicens
2201 3544 2216 3582 :
2253 3548 2272 3581 ι
2310 3530 2777 3596 Quemadmodum
2809 3537 2953 3591 enim
2983 3538 3147 3594 Pater
3174 3557 3312 3610 quos

1727 3614 1832 3669 vult
1874 3617 2146 3684 vivitit-at',
2177 3621 2249 3674 ita
2279 3630 2336 3676 et
2363 3620 2532 3679 Filius
2581 3638 2720 3693 quos
2762 3626 2876 3681 vult
2917 3627 3155 3685 viviﬁcat
3175 3632 3244 3685 ’⁷.
3286 3651 3306 3684 ι

1724 3707 1900 3777 Atque
1930 3718 1989 3763 ut
2018 3710 2064 3764 is
2089 3710 2179 3779 qui
2213 3712 2419 3782 absque
2454 3715 2673 3785 negotio
2713 3715 2764 3770 id
2809 3726 3071 3783 praestare
3114 3729 3311 3791 potest,

1728 3796 1936 3857 ludmos
1964 3801 2036 3857 ita
2072 3804 2457 3873 compellavit:
2497 3824 2517 3857 ι
2569 3804 2774 3864 Solvite
2818 3810 3074 3880 templum
3107 3814 3226 3879 hoc,
3258 3823 3313 3868 et

1721 3892 1781 3946 in
1814 3892 1988 3950 tribus
2026 3895 2218 3953 diebus
2253 3899 2532 3955 suscitabo
2553 3899 2683 3957 illud
2712 3901 2781 3955 ’⁸.
2824 3923 2841 3955 ι
2870 3902 3038 3960 Porro
3060 3922 3183 3960 cum
3227 3922 3313 3963 re-

1722 3987 2071 4054 surrexisset,
2101 3989 2241 4045 sedit
2262 3990 2328 4044 ad
2364 3992 2642 4048 dexteram
2666 3992 2846 4049 Patris
2882 3996 2964 4051 sui
2994 3996 3046 4052 in
3085 3997 3315 4054 etnlesti-

1723 4075 1845 4144 bus,
1861 4091 2021 4148 supra
2060 4098 2276 4137 omnem
2311 4082 2681 4157 Principatum
2703 4098 2756 4142 et
2776 4087 3316 4153 Potestatem,Thro-

1722 4182 1824 4223 nos
1867 4179 1923 4223 et
1956 4170 2389 4240 Dominationes,
2416 4185 2474 4232 et
2516 4192 2681 4246 supra
2722 4194 2883 4235 nume
2938 4195 3132 4235 nomen
3168 4181 3311 4250 quod

1722 4259 2037 4314 nominatur
2065 4262 2130 4320 ”.
2155 4264 2323 4336 768
2343 4265 2497 4321 Anne
2519 4277 2774 4338 tanquam
2799 4271 3047 4327 diversus
3076 4287 3108 4326 a
3132 4269 3312 4328 Verbo

1721 4350 1867 4419 quod
1895 4361 1978 4406 est
2021 4367 2085 4408 ex
2117 4353 2301 4423 Patre,
2342 4360 2483 4413 nuda
2527 4367 2737 4415 tantum
2775 4361 3158 4429 conjunctione
3184 4380 3309 4419 cum

1724 4438 1818 4495 illo
1846 4440 2153 4511 decoratus,
2191 4454 2246 4500 et
2273 4448 2491 4504 deitatis
2536 4464 2732 4505 nomen
2770 4465 2869 4519 per
2916 4454 3144 4520 gratiam
3174 4469 3306 4510 con-

3410 1968 3588 2043 σάρκα
3614 1985 3675 2023 τε
3705 1966 3956 2038 γενέσθαι
3984 1965 4080 2020 καὶ
4108 1961 4528 2035 ἐνανθρωπῆσαί
4563 1975 4785 2032 φαμεν;

3481 2147 3542 2202 Β.
3582 2146 3727 2201 Ναίο
3772 2144 3889 2209 πῶς
3917 2144 4026 2216 γὰρ
4055 2141 4153 2210 οὓς

3481 2245 3549 2297 Δ.
3593 2238 3823 2302 Οὐκοῦν,
3853 2241 3881 2291 6
3912 2237 4220 2306 ἀσθενήσας
4254 2233 4439 2304 σαρκὶ,
4476 2230 4612 2287 καθδ
4635 2230 4876 2302 πέφηνεν
4904 2228 5003 2283 άν-

3412 2332 3651 2405 θρωπος,
3682 2331 3878 2402 ἔζησεν
3924 2324 4079 2392 οὗτος
4130 2329 4195 2382 ὲκ
4232 2325 4518 2395 δυνάμεως
4562 2322 4719 2386 Θεοῦ,
4770 2321 4866 2376 καὶ
4901 2320 5005 2375 οὐκ

3411 2424 3697 2496 ἀλλοτρίας
3726 2421 3949 2495 μᾶλλον,
3983 2419 4121 2475 ἀλλὰ
4150 2419 4251 2491 τῆς
4283 2418 4513 2488 ἐνούσης
4536 2414 4702 2486 αὐτῷ.
4737 2413 4870 2476 Θεδς
4894 2411 5007 2485 γὰρ

3409 2516 3479 2593 ἦν
3508 2521 3567 2574 ὲν
3603 2517 3788 2590 σαρκί.

3484 2614 3544 2666 Β.
3584 2612 3698 2666 Καὶ
3748 2610 3857 2681 μὴν
3906 2610 3935 2663 6
3972 2605 4165 2678 Πατὴρ
4202 2603 4366 2659 αὐτὸν
4402 2600 4710 2672 ἀναστῆσαι
4760 2599 5007 2673 λέγεταν

3413 2703 3726 2775 γέγραπται
3757 2700 3867 2772 γὰρ
3886 2740 3902 2765 ,
3936 2699 4018 2753 ὅτι
4051 2716 4071 2750 ι
4112 2694 4273 2753 Κατὰ
4301 2694 4402 2766 τὴν
4425 2694 4710 2764 ἐνέργειαν
4751 2688 4848 2744 τοῦ
4871 2690 5008 2761 κρά-

3412 2813 3541 2859 τους
3564 2794 3668 2865 τῆς
3701 2791 3885 2864 ίσχύος
3916 2788 4105 2855 αὑτοῦ,
4134 2788 4202 2859 ἣν
4227 2787 4537 2859 ἐνήργηκεν
4574 2786 4633 2839 ὲν
4655 2782 4736 2855 τῷ
4762 2781 5009 2855 Χριστῷ,

3415 2886 3638 2958 ἐγείρας
3669 2883 3833 2938 αὑτὸν
3872 2884 3938 2936 ὲκ
3966 2880 4202 2954 νεκρῶν,
4231 2878 4327 2933 καὶ
4358 2877 4602 2941 καθίσας
4639 2876 4709 2929 év-
4725 2873 4878 2945 δεξιᾷ
4904 2872 5010 2927 αὑο

3415 2976 3509 3031 τοῦ
3542 2977 3600 3028 ἐν
3629 2975 3741 3038 τοῖς
3775 2970 4145 3044 ἐπουρανίοις,
4179 2967 4438 3040 ὑπεράνω
4465 2966 4649 3039 πάσης
4687 2964 4881 3036 ἀρχῆς,
4911 2962 5013 3017 καὶ

3416 3068 3689 3136 ἐξουσίας,
3725 3067 3822 3122 καὶ
3859 3064 4204 3135 κυριότητος,
4238 3062 4333 3117 καὶ
4364 3060 4568 3124 παντὸς
4598 3059 4861 3130 ὀνόματος
4887 3058 5012 3112 ὀνο-

3420 3161 3750 3235 μαζομένου.
3775 3178 3797 3213 ι

3488 3257 3554 3309 Α.
3607 3253 3748 3308 Ἀλλ’
3783 3251 3946 3307 αὑτὸν
3975 3247 4118 3307 εἶναί
4145 3266 4328 3323 φαμεν
4350 3248 4452 3321 τὴν
4484 3246 4759 3314 ζωοποιδνι
4778 3243 5014 3316 δύναμιν

3413 3346 3509 3403 τοῦ
3539 3347 3776 3418 Πατρὸς,
3820 3346 3914 3400 καὶ
3942 3346 4057 3408 τοῖς
4102 3344 4197 3398 τοῦ
4226 3341 4478 3406 τεκόντος
4510 3338 4819 3411 ἀξιώμασιν
4859 3336 5014 3402 είκδς

3414 3439 3835 3511 ὲναὸρύνεσθαι,
3865 3437 3960 3491 καὶ
4004 3436 4053 3490 εί
4092 3435 4286 3505 γέγονε
4328 3432 4488 3504 σὰρξ,
4525 3433 4619 3487 καὶ
4661 3429 5014 3502 αὑτομάρτυς

3414 3533 3577 3596 αὑτὸς
3609 3532 3923 3604 εἰσὸήσεται
3948 3529 4125 3599 λέγων
4145 3546 4159 3560 ο
4198 3548 4217 3579 ι
4245 3528 4459 3597 ’Ὠσπερ
4486 3525 4598 3596 γὰρ
4633 3527 4662 3579 6
4680 3524 4870 3595 Πατὴρ
4918 3521 5014 3585 οὒς

3416 3625 3561 3679 θέλει
3590 3624 3865 3690 ζωοποιεῖ,
3892 3621 4038 3677 οὑτω
4065 3621 4160 3676 καὶ
4190 3623 4218 3675 6
4238 3619 4367 3683 Υίδς
4412 3617 4508 3682 οὒς
4532 3617 4676 3672 θέλει
4694 3616 5008 3682 ζωοποιεῖ.»

3415 3719 3528 3773 Καὶ
3546 3717 3705 3772 τοῦτο
3724 3715 3965 3786 ἀμογητὶ
3986 3711 4290 3785 κατορθοῦν
4311 3706 4370 3766 εὖ
4395 3709 4541 3783 μάλα
4556 3708 4877 3779 δυνάμενος,
4900 3708 5014 3771 τοῖς

3427 3809 3695 3865 Ἰουδαίων
3714 3808 3910 3878 δήμοις
3944 3803 4386 3876 προσπεφώνηκε
4405 3802 4604 3871 λέγων’
4629 3819 4647 3852 ι
4676 3800 4888 3854 Λύσατε
4915 3797 5012 3853 τὸν

3414 3905 3542 3959 ναὸν
3588 3900 3778 3957 τοῦτον
3797 3941 3813 3966 ,
3859 3899 3957 3954 καὶ
3985 3901 4044 3952 ὲν
4071 3897 4252 3968 τρισὶν
4284 3895 4523 3967 ἡμέραις
4558 3892 4737 3965 ἐγερῶ
4768 3890 5006 3974 αὐτόν.)

3419 3996 3566 4068 Πλὴν
3603 3996 3633 4049 6
3659 3992 3903 4057 ἀναστὰς
3959 3990 4257 4046 κεκάθικεν
4317 3990 4376 4044 ὲν
4428 3987 4583 4060 δεξιᾷ
4622 3985 4718 4040 τοῦ
4772 3982 5012 4056 Πατρδς,

3418 4091 3477 4144 ἐν
3534 4090 3645 4152 τοῖς
3697 4084 4083 4157 ἐπουρανίοις,
4137 4080 4398 4155 ὑπεράνω
4446 4081 4630 4152 πάσης
4671 4078 4874 4149 Ἀρχῆς
4915 4076 5014 4131 καὶ

3427 4179 3727 4248 Ἐξουσίας,
3766 4177 3971 4251 Θρόνου
4016 4193 4081 4255 τε
4126 4176 4222 4230 καὶ
4264 4174 4635 4247 κυριότητος,
4679 4172 4775 4227 καὶ
4810 4170 5014 4235 παντὸς

3413 4274 3681 4345 ὀνόματος
3730 4270 4161 4342 ὀνομαζομένου.
4225 4263 4354 4338 'Ap’
4409 4262 4505 4321 οὖν
4555 4264 4630 4328 ὡς
4699 4264 4889 4336 ἔτερος
4934 4262 5015 4316 ὢν

3415 4366 3545 4431 Υἱὸς
3591 4364 3747 4438 παρὰ
3799 4364 3892 4419 τὸν
3942 4365 4001 4429 ἐξ
4043 4360 4210 4416 αὑτοῦ
4257 4359 4432 4432 φύντα
4481 4358 4678 4428 Λόγον,
4735 4357 4865 4429 ψιλῇ
4893 4373 5015 4411 συν-

3414 4458 3582 4532 αφείᾳ
3631 4455 4021 4528 τετιμημένος,
4072 4453 4168 4506 καὶ
4211 4454 4271 4506 ὲν
4321 4451 4556 4537 χάριτος.
4580 4450 4744 4522 μοίρᾳ
4794 4449 4856 4503 τὸ
4912 4451 5014 4523 τῆς

1720 4543 1979 4590 secutus:
2015 4550 2079 4590 an
2111 4539 2287 4607 potius
2311 4540 2425 4609 ipse
2456 4553 2651 4597 natura
2688 4550 2743 4598 et
2765 4557 2892 4597 vere
2916 4540 3107 4610 Filius,
3148 4546 3200 4601 in
3236 4548 3309 4602 si-
3343 4562 3386 4617 υ
3416 4551 3671 4622 θεότητος
3716 4547 3889 4619 ὄνομα
3951 4546 4154 4617 λαχὼνὶ
4211 4544 4245 4614 ἢ
4307 4542 4410 4614 μάλ

2330 4555 2425 4609 pse
2456 4553 2651 4597 natura
2688 4550 2743 4598 et
2765 4557 2892 4597 vere
2916 4540 3107 4610 Filius,
3148 4546 3200 4601 in
3236 4548 3309 4602 si-
3343 4562 3386 4617 υ
3416 4551 3671 4622 θεότητος
3716 4547 3889 4619 ὄνομα
3951 4546 4154 4617 λαχὼν;
4211 4544 4245 4614 ἢ
4307 4542 4508 4614 μᾶλλον
4560 4542 4727 4606 αὐτὸς
4767 4544 4796 4597 6
4849 4539 5014 4612 φύσει

1723 4624 2028 4684 militudine
2069 4630 2350 4685 hominum
2394 4630 2595 4700 factus,
2633 4641 2688 4690 et
2738 4635 2926 4691 habitu
2972 4637 3227 4695 inventus
3256 4649 3316 4695 ut

1725 4719 1889 4775 homo
1913 4734 2011 4791 per
2043 4722 2521 4781 incarnationem?

1797 4900 1860 4959 Β.
1903 4901 2150 4960 Dixerint
2197 4906 2449 4966 fortassis
2496 4912 2773 4968 hominem
2805 4912 2954 4968 illum
2992 4913 3082 4983 qui
3131 4929 3196 4969 ex
3229 4931 3314 4971 so-

1722 4995 1872 5081 ntine
1906 4996 2074 5052 David
2115 4997 2441 5068 coniunctus
2487 5004 2536 5058 ei
2572 5002 2696 5070 fuit,
2723 5015 2779 5058 et
2828 5007 2895 5059 ad
2944 5006 3306 5076 aequalitatem

1724 5086 1949 5147 honoris
2004 5092 2250 5162 ascitus,
2300 5095 2388 5150 cui
2437 5095 2657 5166 quidem
2721 5097 3010 5154 conveniat
3079 5110 3308 5157 mortem

1718 5180 1896 5240 obire.

1791 5278 1860 5332 A.
1904 5278 2175 5335 Ceterum
2220 5277 2503 5349 mqualitas
2545 5277 2767 5335 honoris
2814 5296 2935 5352 qua:
2985 5253 3145 5341 alicui
3191 5286 3308 5341 cnl-

1613 5420 1623 5430 .
1715 5370 1829 5426 lata
1868 5369 2092 5437 dicitur,
2149 5387 2256 5427 non
2311 5386 2477 5425 unum
2521 5387 2751 5429 numero
2804 5374 2985 5441 fuerit.
3036 5388 3094 5433 ut
3151 5389 3306 5434 antea

1714 5462 1861 5530 dixi,
1894 5462 1990 5518 sed
2022 5479 2188 5519 unum
2229 5479 2351 5518 cum
2390 5478 2516 5522 uno.
2555 5463 2683 5521 “:80
2725 5483 2855 5524 vero
2886 5470 2991 5525 duo
3032 5485 3152 5525 esse
3178 5487 3307 5527 cen-

1715 5556 1952 5620 suerim,
1995 5565 2049 5610 et
2086 5557 2300 5614 ratione
2349 5565 2554 5611 naturze
2594 5557 2738 5616 inter
2787 5577 2846 5617 se
2887 5562 3194 5632 inaequalia,
3227 5562 3306 5617 si-

1717 5650 1948 5722 quidem
1986 5647 2212 5706 inl'eriur
2247 5650 2507 5708 dicendus
2550 5662 2637 5710 est
2673 5654 2766 5725 qui
2811 5655 3019 5712 honore
3052 5654 3306 5717 adicitur,

1800 5848 1848 5921 ’ξ
1888 5848 1905 5902 1
1945 5848 2072 5903 Cur.
2105 5869 2142 5909 ι.
2175 5852 2357 5909 lii-2i.
2436 5853 2483 5885 ἰ
2520 5853 2677 5909 Juan.
2720 5873 2839 5921 Vill,
2868 5857 3074 5921 31,δί

1712 5912 1973 6005 fleam.
1998 5937 2056 5985 tt.
2097 5923 2179 5980 19.
2259 5926 2299 5957 π
2342 5924 2538 5989 Ενιιοδ,
2579 5940 2615 5989 ι,
2649 5926 2737 5982 2|,

3175 5858 3218 5891 "
3258 5854 3299 5912 Il
3341 5858 3467 5915 Cor.
3501 5872 3619 5924 xm,
3650 5855 3704 5925 5,
3738 5856 3792 5913 4.

3410 4660 3472 4696 τε
3501 4642 3597 4696 καὶ
3626 4640 3845 4713 άληθῶς
3881 4638 4145 4710 ὑπάρχων
4188 4635 4329 4700 Υἱὸς,
4367 4637 4426 4689 ἐν
4460 4634 4771 4706 ὁμοιώματι
4801 4633 5011 4705 ἀνθρὼ-

3413 4752 3533 4789 πων
3565 4734 3878 4805 γενόμενος,
3914 4730 4011 4786 καὶ
4042 4729 4284 4801 σχήματι
4332 4727 4581 4802 εὑρεθείς
4618 4731 4695 4793 ὡς
4722 4728 5011 4802 ἄνθρωπος

3411 4825 3775 4896 οίκονομικῶς
3795 4843 3811 4892 ;

3484 4913 3543 4969 Β.
3586 4916 3750 4969 Φαῖεν
3788 4914 3855 4968 ἂν
3892 4914 4023 4977 ἴσως
4067 4912 4225 4967 αὐτοὶ
4272 4911 4366 4966 τὸν
4418 4912 4484 4966 ὲκ
4542 4912 4859 4986 σπέρματος
4912 4910 5009 4967 τοῦ

3416 5006 3581 5061 Δαὸὶδ
3631 5005 3974 5075 συναφθέντα
4026 5002 4176 5074 αύτῷ
4225 5002 4349 5057 κατ’
4386 5004 4662 5075 ἰσοτιμίαν
4697 5003 5008 5077 ἄνθρωπον,

3414 5094 3570 5171 ᾧπερ
3595 5099 3662 5154 ἂν
3696 5100 3896 5170 πρέποι
3924 5100 4022 5154 καὶ
4052 5102 4114 5157 τὸ
4150 5101 4344 5156 παθεῖν
4373 5101 4465 5154 τὸν
4507 5097 4759 5152 θάνατον.

3488 5286 3554 5337 A.
3610 5280 3772 5335 Ἀλλά
3817 5281 3879 5334 τὸ
3935 5280 4179 5352 ίσότιμόν
4236 5296 4342 5333 τινι
4392 5276 4645 5347 γενέσθαι
4693 5275 5043 5349 λεγόμενον,.

3416 5373 3502 5447 εἴη
3538 5374 3605 5428 ἂν
3648 5373 3747 5443 οὐχ
3808 5372 3867 5425 ἓν
3922 5372 4124 5443 μᾶλλον
4170 5371 4249 5441 τῷ
4300 5369 4544 5441 ἀριθμῷ,
4604 5368 4859 5441 καθάπερ
4904 5369 5007 5442 ήδη

3417 5468 3699 5539 προεῖπον,
3741 5464 3856 5519 ἀλλ’
3888 5463 3947 5518 ἓν
3980 5465 4100 5536 μεθ’
4127 5463 4266 5526 ἑνός.
4301 5460 4406 5514 Δύο
4420 5461 4496 5517 ,δὲ
4525 5455 4677 5533 οἶμαι
4710 5460 4891 5529 ταυτί,
4916 5460 5010 5515 καὶ

3415 5558 3794 5629 ἁνισομέτρως
3844 5556 4042 5628 ἔχοντα
4084 5553 4229 5609 κατὰ
4281 5552 4466 5624 φύσιν,
4526 5554 4688 5624 εἰπερ
4742 5553 4895 5607 ἐστίν
4950 5554 5011 5606 ὲν

3419 5649 3644 5723 μειώσει
3690 5647 3784 5704 τοῦ
3826 5647 4115 5720 τιμῶντος,
4166 5646 4229 5701 τὸ
4268 5642 4607 5720 τιμώμενον.
4676 5644 4897 5716 Ἐπειδὴ
4948 5641 5009 5698 δὲ

3895 5856 3939 5889 ³⁸
3979 5853 4176 5927 Ephes.
4215 5870 4253 5924 l,
4296 5849 4483 5908 lii-2|.
4561 5852 4604 5883 ’⁷
4646 5847 4803 5907 Joan.
4837 5863 4889 5918 v,
4909 5844 5003 5905 21.
