6812 6630
1714 371 1858 428 1345

2852 371 3041 439 QUOD
3084 371 3274 428 unus
3315 370 3423 426 SIT
3463 349 3831 428 cuerus.

4866 367 5000 426 1346

1714 482 1800 552 εἷς
1852 487 2148 544 κεκάθικεν
2197 488 2349 554 Υἱὸς,
2399 489 2760 544 διδασκόντων
2824 467 3001 556 αῦτοὶ,
3053 493 3136 556 τίς
3188 494 3302 557 τοῖς
3333 496 3376 552 Α
3405 505 3568 559 quam
3591 490 3681 560 qui
3715 488 3896 542 allicit.
3927 488 3995 540 At
4036 501 4160 542 cum
4197 501 4337 540 unus
4371 499 4400 540 a

2308 507 2349 554 ;,
2399 489 2760 544 διδασκόντων
2824 467 3001 556 αῦτοὶ,
3053 493 3136 556 τίς
3188 494 3302 557 τοῖς
3333 496 3376 552 Α
3405 505 3568 559 quam
3591 490 3681 560 qui
3715 488 3896 542 allicit.
3927 488 3995 540 At
4036 501 4160 542 cum
4197 501 4337 540 unus
4371 485 4632 541 assederit
4665 483 4834 540 Filius
4855 527 4868 551 ,
4897 487 4998 540 do-

1715 579 1977 634 ἁνωτάτω
1999 581 2287 652 τετίμηται
2318 582 2524 649 θάκοις,
2552 585 2642 637 καὶ
2667 583 2976 654 συνεδρεύει
3005 583 3083 655 τῷ
3110 585 3304 656 Πατρί,

1715 674 1766 724 εἰ
1795 673 1889 726 καὶ
1919 673 2001 726 ὅτι
2036 673 2274 743 μάλιστα
2320 676 2426 727 τῶν
2461 676 2600 745 ἄγαν
2660 676 3096 748 σφαλερωτάτων
3126 677 3210 749 εἰή
3243 677 3309 730 ἂν

1715 763 1780 816 τὺ
1804 764 2154 834 ἀνακομίζειν
2189 767 2504 838 ἁποτολμᾷν
2537 771 2616 833 είς
2650 769 2925 841 ἰσοτιμίαν
2967 770 3045 841 τῷ
3072 771 3309 842 δεσπότῃ

1715 853 1780 907 τὸ
1823 856 2028 920 δοῦλον,
2080 858 2159 929 τῷ
2200 859 2395 933 κτίστῃ
2427 862 2488 914 τὸ
2529 863 2771 934 ποιηθὲν,
2817 863 2894 934 τῷ
2944 863 3154 934 βασιλεῖ
3201 865 3310 917 τῶν
3351 877 3368 890 ⁸

1717 953 1855 1006 ὅλων
1899 954 1960 1008 τὸ
2005 957 2110 1009 ὑπὸ
2164 956 2348 1026 ζυγὸν,
2404 957 2481 1028 τῷ
2533 959 2752 1013 πάντων
2817 959 3076 1015 ἐπέκεινα
3127 963 3186 1015 τὸ
3251 961 3310 1013 ἐν

1717 1047 1853 1102 πᾶσι
1887 1048 2100 1102 τελοῦν.

1794 1138 1850 1190 Β.
1891 1139 2184 1224 ξαφηνιείς
2215 1135 2308 1194 οὖν
2344 1142 2450 1212 ἄρα
2488 1141 2648 1196 τοῦτο
2687 1145 2818 1214 ἡμῖν
2851 1144 3038 1199 εἰσέτι.

1792 1228 1856 1281 Α.
1901 1227 2116 1295 Καίτοι,
2149 1229 2404 1302 καθάπερ
2449 1226 2685 1304 ἐγῷμαι,
2717 1233 2894 1304 σαφὴς
2927 1234 3022 1287 καὶ
3049 1235 3312 1306 ἀποχρῶν

1717 1318 1749 1370 δ
1792 1319 1879 1371 ἐπ’
1929 1321 2114 1384 αὐτοῖς
2163 1321 2226 1394 δὴ
2278 1322 2486 1387 τούτοις
2519 1326 2653 1394 ἡμῖν
2705 1326 3082 1396 ἐκπεπόνηται
3129 1326 3308 1394 λόγος,

1719 1408 1879 1462 δκνου
1929 1410 1986 1477 δὲ
2033 1409 2156 1480 δίχα
2197 1412 2400 1476 παντὸς
2433 1413 2729 1484 προσθείην
2779 1415 2844 1468 ἂν
2893 1410 2976 1478 οἷς
3023 1415 3161 1487 ἔφην
3215 1417 3310 1469 καὶ

1719 1497 1907 1569 ἕτερα,
1954 1499 2049 1553 καὶ
2095 1500 2194 1554 οὒκ
2242 1501 2443 1572 ἀγεννῆ
2481 1505 2874 1573 συναγόρευσιν
2908 1504 3010 1575 τὴν
3057 1505 3201 1576 ὑπέρ
3246 1521 3310 1573 γε

1719 1588 1832 1643 τῶν
1857 1591 2018 1662 ίερῶν
2047 1592 2334 1663 δογμάτων
2367 1594 2622 1666 καθάπερ
2661 1596 2782 1650 τινὰ
2811 1597 3141 1668 παντευχίαν
3173 1598 3310 1652 ἀνα·-

1719 1680 1925 1745 λαὸὼν,
1977 1685 2371 1756 ἀνταναστήσω
2412 1686 2474 1739 τὸ
2520 1687 2718 1759 ἀληθὲς
2767 1692 2878 1752 τοῖς
2934 1688 3189 1762 φρονοῦσι
3242 1689 3310 1744 τὰ

1719 1773 2147 1846 διεστραμμένα.
2185 1769 2306 1830 ’Ὅτι
2340 1779 2449 1850 γάρ
2484 1780 2512 1832 ὁ
2563 1781 2859 1852 μονογενὴς
2891 1780 2988 1834 τοῦ
3035 1781 3170 1835 Θεοῦ
3204 1783 3308 1836 Λό-

1721 1882 1838 1935 γος,
1885 1867 1944 1919 ού
1997 1867 2422 1937 μεσολαϐοῦντος
2477 1871 2577 1940 τὴν
2631 1873 2944 1942 οἰκονομίαν
2997 1873 3115 1928 υίοῦ
3177 1877 3308 1946 παρ’

1722 1958 1885 2012 αὑτὸν
1923 1960 2134 2032 ὲτέρου,
2161 1961 2647 2031 καισυναφθέντος
2679 1965 2828 2036 αὐτῷ
2860 1967 3146 2038 σχετικῶς,
3181 1985 3312 2023 κατ-

1721 2049 1937 2121 ήργηκε
1971 2051 2064 2103 τοῦ
2097 2050 2330 2106 θανάτου
2359 2053 2418 2106 τὸ
2445 2054 2668 2127 κράτος,
2703 2056 2867 2120 αὐτὸς
2914 2057 2972 2110 δὲ
3017 2057 3310 2128 μᾶλλονδι⁹

1723 2142 1942 2208 ἑαυτοῦ,
1977 2144 2310 2200 πιστώσεται
2344 2146 2537 2216 λέγων’
2576 2167 2594 2200 ι
2637 2147 2794 2202 Οὕτω
2822 2151 2931 2221 γὰρ
2967 2151 3256 2223 ἠγάπησεν
3283 2154 3312 2205 ὁ

1723 2232 1858 2297 Θεὸς
1882 2235 1971 2289 τὸν
2001 2236 2227 2306 κόσμον,
2258 2236 2400 2291 ὥστε
2427 2238 2518 2292 τὸν
2549 2239 2678 2294 Υἰόν
2709 2241 2876 2294 αὑτοῦ
2921 2241 3012 2296 τὸν
3047 2244 3311 2315 μονογενῆ

1723 2325 1946 2391 ἔδωκεν,
1980 2328 2066 2384 ἵνα
2099 2330 2208 2393 πᾶς
2247 2333 2275 2384 ό
2323 2332 2595 2387 πιστεύων
2638 2336 2716 2397 εἰς
2749 2335 2913 2389 αὑτὸν
2973 2337 3046 2408 μὴ
3077 2337 3314 2408 άπόλλη-

1723 2433 1836 2482 ται,
1869 2419 1986 2473 ἀλλ’
2025 2420 2122 2492 ἔχῃ
2152 2420 2298 2493 ζωὴν
2329 2423 2567 2508 αἰώνιον.
2608 2445 2626 2477 ι
2669 2426 2927 2498 Αἴροντος
2955 2429 3013 2482 δὲ
3048 2430 3184 2499 ὑψοῦ
3212 2429 3312 2504 τὴν

1725 2513 1804 2576 εἰς
1834 2513 1923 2566 τὸν
1957 2514 2161 2585 κόσμον
2195 2516 2419 2588 ἀγάπην
2449 2517 2545 2571 τοῦ
2595 2519 2730 2573 Θεοῦ
2771 2522 2865 2574 καὶ
2886 2522 3120 2593 Πατρὸς,
3151 2525 3315 2596 ὑπερ-

1726 2605 1938 2675 μεγέθη
1970 2623 2028 2660 τε
2077 2607 2174 2662 καὶ
2204 2608 2464 2680 ὑπερφυᾶ
2500 2613 2830 2683 γεγενῆσθαι
2883 2614 3151 2684 λέγοντος,
3186 2616 3316 2671 ἀνθ-

1722 2695 1848 2750 ότου
1882 2699 2422 2771 κατασμικρύνουσιν
2459 2702 2848 2773 οἰδιεναντίας,
2882 2705 2941 2759 ού
2971 2707 3064 2761 τὸν
3096 2706 3314 2780 ἀληθῶς

1723 2789 1853 2844 Υἰόν
1880 2791 2021 2864 ὑπὲρ
2043 2793 2203 2865 ἡμῶν
2234 2794 2479 2851 δεδόσθαι
2505 2798 2776 2868 λέγοντες,
2804 2801 2920 2855 ἀλλ’
2951 2801 3046 2856 ἕνα
3060 2803 3168 2857 τῶν
3190 2803 3312 2858 καθ’

1722 2884 1894 2954 ἡμᾶς,
1926 2887 2241 2958 εἰσποίητον
2270 2887 2464 2959 ἔχοντα
2492 2891 2590 2961 τὴν
2621 2891 2722 2963 τῆς
2753 2893 3002 2966 υἰότητος
3026 2895 3206 2967 χάριν,
3233 2898 3314 2962 εἰς

1719 2971 1811 3026 τὸν
1841 2974 1934 3028 τοῦ
1963 2976 2105 3030 κατὰ
2129 2977 2292 3046 φύσιν
2318 2978 2450 3033 Υἰοῦ
2483 2981 2647 3036 τόπον
2685 2983 3128 3052 ἀναϐιϐάζοντες,
3159 2987 3314 3052 δντος

1721 3063 1780 3118 δὲ
1807 3067 2145 3137 Μονογενοῦς
2169 3069 2265 3124 τοῦ
2296 3071 2540 3138 δοθέντος
2571 3075 2711 3148 ὑπὲρ
2739 3077 2771 3147 ἡ
2780 3077 2898 3148 μῶν
2917 3094 2930 3144 ;
2952 3072 3087 3133 Εἶτα
3109 3097 3316 3152 γεγρα-

1721 3159 1886 3262 φότος
1925 3160 2176 3262 Ἰωάννου
2207 3164 2396 3262 σα-φῶς
2417 3183 2431 3196 ι
2480 3185 2500 3219 ι
2556 3167 2614 3220 '0
2646 3169 2943 3240 μονογενὴς
2973 3171 3124 3237 Θεὸς,
3175 3175 3203 3226 ὁ
3235 3171 3312 3227 ὢν
3339 3203 3383 3262 C

1720 3250 1802 3312 είς
1832 3250 1920 3303 τὸν
1955 3251 2155 3306 κόλπον
2197 3253 2293 3307 τοῦ
2338 3255 2554 3326 Πατρός
2576 3273 2588 3288 ·
2625 3277 2644 3309 ι
2679 3257 2799 3322 πῶς
2822 3261 2924 3314 οὐκ
2948 3259 3014 3314 ἂν
3044 3262 3312 3329 ἀγάσαιτό

1719 3356 1807 3405 τις
1841 3342 1938 3412 τῆς
1968 3342 2211 3414 ἀμαθίας
2240 3345 2459 3412 αὐτοὺς,
2489 3347 2826 3415 ὲξωθοῦντας
2855 3353 2957 3423 μὲν
2980 3353 3080 3424 τῆς
3103 3356 3312 3410 οἰκονο-

1723 3430 1854 3500 μίας
1873 3431 1962 3486 τὸν
1987 3437 2254 3508 μονογενῆ
2282 3437 2414 3491 Θεὸν
2435 3438 2631 3507 Λόγον,
2659 3441 3110 3516 άντεισφέροντας
3131 3445 3207 3513 δὲ,
3235 3447 3311 3511 ὡς

1716 3521 1876 3596 ἔφην,
1911 3529 2032 3591 ταῖς
2082 3527 2317 3601 θύραθεν
2361 3531 2540 3597 δόξαις
2572 3531 2973 3605 ὲξωραῐσθέντα
3022 3536 3162 3603 τινὰ,
3216 3540 3312 3593 καὶ

1715 3615 1957 3672 ἐπακτὸν
1990 3619 2183 3690 ἔχοντα
2213 3622 2274 3676 τὸ
2298 3623 2396 3694 τῆς
2437 3624 2692 3698 Θεότητος
2737 3628 2910 3698 ὄνομα
2935 3646 2950 3695 ;
2976 3625 3108 3684 Εἶτα
3151 3631 3206 3685 τί
3251 3633 3313 3686 τὸ

1720 3707 1869 3796 pexa
1895 3710 1990 3764 καὶ
2033 3711 2364 3782 ἁξιάγαστον
2395 3715 2454 3768 ὲν
2497 3718 2563 3788 τῇ
2612 3715 2706 3771 τοῦ
2737 3718 2954 3791 Πατρὸς
2983 3722 3174 3796 ἀγάπῃ
3207 3741 3312 3790 φα-

1717 3801 1892 3855 νεῖται
1927 3801 2132 3870 λοιπὸν,
2169 3807 2217 3859 εί
2251 3805 2417 3879 μέρος
2446 3808 2499 3861 τί
2531 3809 2762 3882 κόσμου,
2790 3812 2884 3864 καὶ
2914 3813 3076 3867 τοῦτο
3111 3813 3309 3887 βραχὺ,

1714 3889 1949 3947 ’δέδωκεν
1970 3895 2108 3966 ὑπὲρ
2135 3898 2336 3967 αὑτοῦ,
2377 3901 2448 3955 Ἢ
2479 3901 2621 3974 τάχα
2655 3920 2756 3957 που
2783 3903 2878 3958 καὶ
2905 3905 3312 3977 ἀνεπίπληκτον

1717 3984 1916 4052 εἰπεῖν,
1940 3986 2017 4051 ὡς
2041 3988 2376 4060 λελύτρωται
2407 3993 2612 4064 κόσμος
2637 3995 2789 4048 οὐδὲν
2808 3996 2948 4067 ἔχων
2977 3999 3130 4069 παρὰ
3152 3998 3310 4067 Θεοῦ,

1717 4071 1857 4127 ἀλλὰ
1889 4079 2004 4139 τοῖς
2048 4078 2214 4133 αὐτοῦ
2255 4080 2447 4152 μέρεσι
2479 4083 2617 4153 πρὸς
2647 4083 2805 4139 τοῦτο
2843 4086 3310 4158 ὑπηρετούμενος.

1790 4344 1854 4397 Β.
1893 4344 2151 4399 Δεδόσθαι
2182 4347 2316 4414 φασί
2345 4347 2436 4402 τὸν
2467 4350 2752 4422 Μονογενῆ
2784 4351 2937 4424 παρά
2957 4351 3051 4406 τοῦ
3075 4355 3310 4426 Πατρὸς,

1718 4429 1790 4485 ἶν’
1818 4433 2156 4506 οἰκονομήσει
2200 4434 2270 4488 τὰ
2319 4437 2440 4491 καθ’
2471 4439 2637 4509 ἡμᾶς,
2671 4441 2770 4510 οὐχ
2812 4442 2901 4494 ἵνα
2931 4459 2982 4495 τι
3021 4443 3170 4517 πάθῃ
3201 4445 3312 4500 τῶν

1718 4523 2079 4597 ἀνθρωπίνων
2114 4527 2278 4592 αὐτὸς
2323 4531 2404 4592 εἰς
2435 4530 2572 4583 ἰδίαν
2609 4529 2774 4600 φύσιν
2795 4549 2810 4564 ’
2842 4533 3125 4606 ἀμήχανον
3175 4537 3308 4609 γάρ.
3343 4578 3387 4633 D

1788 4707 1854 4758 Α.
1896 4704 2068 4760 Πάθοι
2102 4705 2204 4776 μὲν
2238 4706 2304 4761 ἂν
2332 4708 2496 4772 αὐτὸς
2525 4711 2603 4774 εἰς
2635 4711 2772 4766 ἰδίαν
2802 4714 2965 4782 φύσιν
2995 4715 3058 4769 τὸ
3088 4716 3313 4789 σύμπαν

1716 4797 1890 4853 οὐδέν.
1939 4798 2256 4870 Ἀσὼματος
2299 4799 2409 4873 γὰρ
2458 4801 2723 4874 ὑπάρχων
2755 4805 2830 4868 ὡς
2878 4805 3032 4873 Θεὸς,
3072 4807 3177 4876 ἔξω
3207 4825 3312 4864 που

1717 4890 1938 4955 πάντως
1966 4890 2210 4945 κείσεται
2237 4891 2332 4945 τοῦ
2361 4891 2554 4950 παθεῖν
2574 4908 2589 4924 ·
2615 4895 2741 4949 ἐπεὶ
2764 4897 2824 4950 δὲ
2850 4898 2990 4953 κατὰ
3021 4901 3122 4972 τὴν
3143 4901 3310 4956 αὐτοῦ

1717 4981 1927 5054 φωνὴν,
1957 4983 2058 5054 τὴν
2083 4983 2173 5038 διά
2200 5001 2287 5052 γε,
2331 4986 2496 5056 φημὶ,
2526 4986 2627 5056 τῆς
2652 4987 2748 5041 τοῦ
2782 4989 3092 5058 Ψάλλοντος
3115 4993 3307 5068 λύρας,

1718 5073 1884 5143 σῶμα
1899 5073 2049 5144 αὐτῷ
2067 5076 2424 5154 κατήρτισται
2456 5078 2608 5148 παρὰ
2637 5078 2730 5132 τοῦ
2760 5080 2995 5153 Πατρὸς,
3027 5085 3308 5156 παρῆλθεν

1717 5164 2058 5236 ἰνσώματος,
2093 5166 2188 5220 τοῦ
2223 5168 2450 5238 ποιῆσαι
2483 5170 2544 5224 τὸ
2576 5170 2788 5242 θέλημα
2816 5173 3006 5231 αὑτοῦ.
3043 5177 3215 5232 Τοῦτο
3249 5179 3308 5233 δι

1715 5251 1787 5328 ἦν
1823 5259 1857 5328 ἡ
1889 5257 1978 5311 διὰ
2015 5257 2111 5311 τοῦ
2149 5259 2330 5330 τιμίου
2381 5261 2617 5334 σταυροῦ
2664 5263 2934 5336 λύτρωσις
2972 5269 3069 5323 καὶ
3107 5271 3307 5325 ἀνακε-

1715 5349 2024 5418 φαλαίωσις
2054 5349 2164 5405 τῶν
2204 5351 2362 5419 ὅλων,
2399 5351 2465 5405 δι’
2493 5354 2658 5409 αὐτοῦ
2687 5345 2750 5408 τε
2793 5358 2886 5410 καὶ
2914 5361 2995 5423 εἰς
3041 5361 3204 5416 αὑτὸν
3243 5357 3302 5425 εὖ

1719 5443 1868 5511 μάλα
1907 5442 2340 5514 κατορθουμένη.
2387 5445 2727 5519 Συλλήψεται
2754 5449 2812 5504 δὲ
2840 5446 2923 5516 οἷς
2964 5452 3101 5525 ἔφην
3153 5457 3246 5510 καὶ
3279 5460 3308 5511 ὁ

1717 5534 2054 5603 πανάριστος
2075 5535 2306 5599 Παῦλος,
2328 5535 2427 5590 ὡδὶ
2444 5540 2758 5610 γεγραφώς·
2801 5563 2822 5596 ι
2855 5544 3026 5600 Τοῦτο
3057 5552 3304 5619 φρονεῖτε

1717 5627 1949 5690 ἕκαστος
1981 5629 2038 5680 ὲν
2071 5628 2201 5698 ὑμῖν
2228 5629 2440 5710 αὐτοῖς,
2462 5629 2491 5682 ὃ
2513 5634 2614 5685 ’καὶ
2656 5635 2725 5701 ἐν,
2747 5636 2966 5710 Χριστῷ
3009 5639 3208 5710 Ίτησοῦ,
3249 5642 3306 5708 ὃς

1791 5805 1837 5838 ³⁸
1874 5803 2031 5862 Joan.
2071 5821 2154 5873 ut,
2194 5806 2278 5864 16.
2440 5805 2592 5864 Joan.
2638 5825 2676 5875 ι,
2716 5811 2797 5866 18.

2317 5885 2401 5893 ,ις-..μ

3413 591 3572 635 ecaut
3610 582 3713 651 ipsi
3764 582 4015 651 quisnam
4043 581 4095 634 in
4131 593 4447 648 supremum
4487 577 4615 633 illud
4636 577 4828 632 solium
4861 578 5000 632 asci-

3414 685 3496 729 tus
3529 675 3620 734 sil.
3648 673 3905 743 Patrique
3939 672 4192 728 assideat.
4227 671 4506 740 Siquidem
4553 671 4848 727 absurdum
4893 672 4998 726 iut-

3411 767 3603 836 primis
3644 764 3808 821 iuerit
3848 766 4212 835 arqualilatem
4268 765 4492 820 honoris
4549 765 4790 820 tribuere
4843 780 5001 818 servo

3411 874 3533 911 cum
3603 859 3840 922 domino,
3885 867 4148 912 creatura:
4185 871 4307 911 cum
4356 864 4630 920 creatore,
4671 856 4718 910 ei
4767 857 4859 924 qui
4901 857 5005 909 sub

3406 950 3536 1020 jugo
3566 960 3648 1005 est
3685 965 3806 1004 cum
3858 949 4022 1003 totius
4071 949 4309 1004 universi
4361 948 4628 1014 Domino;
4681 957 4734 1000 et
4774 947 4916 1014 quod
4946 945 4998 1000 in

3412 1042 3666 1098 Omnibus
3690 1050 3843 1112 paret
3871 1041 4119 1111 imperio,
4148 1056 4268 1097 cum
4288 1055 4352 1095 eo
4378 1040 4468 1111 qui
4498 1053 4661 1108 supra
4688 1038 4868 1092 omnia
4889 1047 4995 1092 est.

3483 1134 3546 1188 Β.
3586 1133 3809 1204 Explica
3843 1133 3946 1189 hoc
3976 1133 4132 1188 nobis
4160 1131 4408 1187 ulterius.

3482 1226 3548 1280 Α.
3590 1226 3776 1296 Atqui,
3805 1235 3863 1280 ut
3904 1225 4164 1292 arbitror,
4205 1221 4492 1279 manifeste
4525 1221 4658 1277 satis
4692 1229 4746 1277 et
4791 1219 5000 1290 prolixe

3413 1320 3571 1374 nobis
3596 1319 3700 1374 hac
3736 1320 3803 1374 de
3837 1333 3896 1374 re
3936 1325 4323 1387 perlractalum
4369 1327 4486 1383 est;
4531 1330 4706 1386 neque
4747 1328 4876 1369 vero
4912 1327 5000 1367 me

3414 1411 3620 1482 pigebit
3644 1412 3708 1466 iis
3729 1426 3850 1480 qute
3880 1411 3992 1466 dixi
4018 1411 4187 1465 etiam
4225 1409 4327 1464 alia
4365 1408 4608 1478 quaedam
4641 1405 4916 1476 adjicere;
4945 1413 5001 1457 et

3415 1521 3520 1560 non
3553 1505 3772 1578 ignobili
3802 1504 4105 1576 patrocinio
4132 1517 4230 1573 pro
4257 1501 4430 1558 sacris
4461 1498 4801 1570 dogmatibus
4834 1495 4997 1550 veluti

3413 1577 3644 1671 quadam
3680 1601 3860 1655 omnis
3905 1598 4122 1670 generis
4171 1604 4446 1650 armatura
4494 1593 4764 1657 indutum,
4803 1590 5002 1646 verita-
5073 1577 5076 1580 ’

3416 1704 3522 1749 tem
3549 1706 3826 1762 opponere
3863 1691 3929 1747 iis
3949 1691 4040 1761 qui
4073 1688 4346 1744 contraria
4376 1685 4639 1742 sentiunt.
4665 1682 4822 1750 Quod
4852 1680 5000 1734 enim

3414 1785 3748 1855 linigenitum
3787 1781 3884 1838 Dei
3920 1781 4160 1837 Verbum
4185 1823 4201 1850 ,
4235 1796 4339 1836 non
4377 1776 4778 1834 interveniente
4814 1775 4879 1829 ad
4916 1774 5002 1827 iu-

3415 1877 3786 1932 carnationem
3830 1874 3940 1930 lilio
3997 1874 4088 1945 qui
4122 1889 4152 1928 a
4199 1889 4258 1929 se
4299 1873 4546 1928 diversus
4581 1877 4745 1933 esset,
4787 1876 4840 1922 et
4870 1865 5002 1921 stri-

3415 1979 3501 2026 cte
3514 1970 3562 2026 ei
3588 1969 4024 2040 conjungeretur,
4043 1967 4235 2022 mortis
4254 1965 4535 2036 imperium
4557 1961 4885 2026 dissolverit,
4905 1960 5000 2015 sed

3415 2065 3589 2134 ipsum
3621 2061 3799 2133 potius
3822 2061 4058 2116 Verbum
4089 2059 4179 2113 Dei
4213 2073 4308 2126 per
4336 2071 4416 2122 se,
4455 2054 4726 2125 probabit,
4761 2053 4950 2108 dicens
4981 2069 4997 2107 :

3421 2177 3439 2211 ι
3475 2159 3552 2213 ita
3581 2158 3726 2214 enim
3778 2155 3967 2212 dilexit
4011 2153 4151 2208 Deus
4190 2151 4470 2216 tuundum,
4505 2157 4565 2203 ut
4607 2147 4801 2203 Filiqu
4841 2161 4998 2214 suum

3416 2239 3751 2322 unigenitum
3790 2236 4031 2311 dederit,
4070 2257 4128 2301 ut
4166 2245 4343 2300 omnis
4393 2243 4484 2315 qui
4515 2241 4688 2298 credi:
4717 2239 4790 2295 'in
4823 2239 5000 2310 ipsum

3415 2360 3520 2400 nou
3562 2353 3766 2416 pereat,
3803 2345 3896 2398 sed
3939 2341 4135 2396 habeat
4185 2339 4350 2392 vitam
4390 2333 4741 2391 aeternam”.
4781 2351 4803 2388 ι
4861 2332 4998 2388 Cum

3415 2451 3546 2493 vero
3579 2437 3672 2491 Dei
3719 2450 3785 2491 ac
3829 2431 4011 2488 Patris
4055 2429 4402 2486 dilectionem
4446 2441 4574 2496 erga
4623 2423 4880 2479 mundum
4923 2421 5001 2477 ita

3413 2529 3668 2594 extollat,
3721 2536 3776 2584 et
3824 2527 4141 2582 immensam
4189 2533 4351 2592 atque
4405 2519 4784 2575 inexhaustam
4834 2514 5003 2569 fuisse

3416 2622 3582 2688 dicat,
3614 2636 3713 2677 cur
3741 2619 3985 2675 bmretici
4021 2617 4164 2672 hanc
4194 2613 4410 2670 elevant
4437 2621 4600 2681 atque
4648 2609 4999 2671 imminuent,

3415 2716 3658 2771 dicentes
3695 2728 3800 2767 non
3847 2725 4037 2766 verum
4072 2707 4240 2763 lilium
4281 2720 4382 2778 pro
4418 2704 4574 2760 nobis
4607 2703 4793 2757 datum
4838 2714 4999 2781 esse,

3416 2807 3511 2863 sed
3553 2806 3842 2876 quemdam
3898 2818 3968 2857 ex
4003 2801 4157 2856 nobis
4196 2814 4292 2870 per
4331 2797 4562 2875 gratiam
4595 2797 4649 2849 in
4695 2794 4862 2849 lilium
4905 2791 5004 2847 ad-

3417 2908 3686 2970 optatum,
3707 2911 3940 2966 eumque
3967 2895 4020 2949 in
4041 2891 4303 2948 naturalis
4337 2889 4429 2944 lilii
4453 2889 4629 2944 locum
4657 2885 4964 2942 attollentes
4982 2921 5000 2949 ,

3416 3008 3538 3048 cum
3573 2990 3989 3061 sitUnigenitus
4018 2986 4111 3058 qui
4155 2999 4252 3056 pro
4286 2983 4443 3039 nobis
4490 2980 4652 3036 datus
4695 2980 4827 3035 est?
4859 2978 5005 3034 Prat-

3418 3094 3564 3140 terea
3617 3099 3739 3138 cum
3789 3081 4028 3137 Joannes
4071 3084 4260 3148 aperte
4306 3077 4547 3130 scribat:
4609 3091 4628 3124 ι
4685 3071 5004 3141 Unigenitus

3416 3174 3558 3230 Deus
3584 3178 3678 3244 qui
3703 3182 3786 3228 est
3827 3173 3878 3226 in
3909 3171 4030 3225 sinu
4067 3167 4244 3222 Patris
4273 3165 4315 3196 ³⁸
4347 3183 4362 3219 :
4404 3184 4422 3217 ι
4460 3162 4732 3233 quomodo
4771 3177 4876 3215 non
4915 3160 5004 3216 διί-
5052 3175 5061 3184 ·

3418 3267 3646 3321 miretur
3680 3263 3950 3334 quispiam
3983 3259 4201 3314 illorum
4239 3257 4591 3325 imperitiam,
4618 3254 4709 3324 qui
4739 3256 4808 3309 ab
4829 3254 5003 3308 admi-

3417 3358 3740 3414 nistratione
3773 3357 3826 3411 in
3857 3368 4024 3411 carne
4057 3351 4404 3422 Unigeuilum
4434 3348 4529 3405 Dei
4562 3346 4799 3404 Verbum
4823 3348 5004 3403 exclu-

3415 3452 3566 3514 dant,
3602 3448 3768 3520 769
3791 3461 3855 3503 ac
3889 3446 4066 3517 patius
4105 3444 4271 3499 alium
4317 3442 4629 3512 quemdam,
4660 3449 4718 3495 ut
4757 3441 4890 3508 dixi,
4923 3440 5004 3494 iu-

3418 3543 3723 3608 I-roducant,
3755 3540 4064 3596 extrinseca
4100 3547 4262 3606 atque
4292 3534 4526 3592 ascititia
4567 3533 4735 3604 gloria
4764 3531 5004 3602 Splendi-

3416 3634 3585 3700 dunu,
3635 3631 4047 3700 adventitioque
4102 3626 4330 3684 Deitatis
4397 3624 4616 3680 nomine
4667 3621 5006 3693 praeditum?

3417 3721 3622 3776 Deinde
3651 3720 3909 3790 quidnam
3941 3717 4202 3773 eximium
4233 3723 4326 3770 aut
4360 3729 4690 3786 magnopere
4730 3713 5006 3768 admiran-

3417 3816 3543 3870 dum
3579 3814 3632 3867 iu
3666 3812 3957 3867 dilectione
3995 3808 4174 3864 Patris
4205 3822 4328 3864 esse
4362 3817 4688 3872 censeatur,
4715 3808 4760 3860 si
4793 3815 5003 3876 partem

3419 3906 3704 3975 quamdam
3735 3902 3941 3970 mundi,
3979 3909 4142 3971 atque
4177 3898 4323 3954 illam
4347 3899 4564 3970 quidem
4597 3899 4870 3966 exiguam,
4907 3913 5004 3968 pro

3416 3997 3534 4067 ipso
3590 3994 3776 4050 dedit?
3806 3993 4112 4060 Quinetiam
4152 3993 4256 4046 hoc
4293 3991 4526 4047 fortasse
4571 4001 4715 4046 recte
4761 3990 4865 4045 dici
4907 4006 5003 4060 po-

3419 4087 3567 4154 terit,
3613 4088 3949 4152 redemptum
3995 4098 4120 4139 esse
4158 4082 4421 4138 mundum
4465 4081 4598 4138 nihil
4644 4082 4933 4138 habentem
4971 4098 5000 4136 ι

3417 4181 3565 4246 Deo,
3624 4177 3718 4235 sed
3783 4192 3910 4234 suas
3975 4177 4144 4248 ipsius
4198 4187 4384 4248 partes
4433 4177 4795 4246 redet‘nptioui
4857 4176 5002 4232 iuse-

3418 4275 3608 4329 ruisse.

3433 4399 3438 4403 ς
3485 4361 3546 4420 Β.
3583 4364 3750 4418 Aiunt
3783 4363 4000 4434 quidem
4027 4361 4213 4416 datum
4239 4376 4362 4418 esse
4390 4376 4419 4415 a
4446 4359 4609 4414 Patre
4654 4357 4999 4430 Uuigenitum

3418 4469 3478 4513 ut
3514 4473 3603 4513 res
3636 4465 3852 4512 nostras
3882 4454 4246 4520 administret,
4283 4469 4388 4509 non
4426 4462 4605 4507 autem
4655 4451 4710 4505 in
4759 4466 4853 4505 sua
4907 4466 5000 4505 na-

3418 4560 3536 4606 tura
3567 4549 3862 4604 ltumanum
3893 4547 4098 4618 aliquid
4128 4547 4398 4618 patiatur;
4428 4560 4551 4600 nam
4595 4544 4699 4600 hoc
4733 4542 4849 4599 ﬁeri
4892 4558 4998 4597 non

3416 4650 3619 4715 potest.

3486 4732 3551 4786 A.
3595 4731 3714 4802 Ipse
3750 4740 3899 4788 certe
3928 4732 3984 4785 in
4010 4746 4104 4786 sua
4138 4737 4330 4784 natura
4357 4728 4489 4783 nihil
4514 4728 4737 4807 omnino
4765 4727 4993 4798 patitur.

3410 4827 3548 4883 Cum
3580 4827 3724 4881 enim
3757 4827 3827 4882 sit
3869 4826 4244 4894 incorporeus,
4273 4831 4332 4877 ut
4377 4822 4545 4887 Deus,
4581 4822 4849 4890 passionis
4881 4837 4999 4876 om-

3410 4920 3498 4975 nis
3524 4931 3718 4988 expers
3747 4926 3850 4973 est.
3874 4918 4008 4974 Cum
4041 4930 4174 4972 vero
4211 4914 4362 4984 juxta
4391 4914 4558 4985 ipsius
4597 4929 4806 4981 vocem,
4839 4914 4996 4985 juxta

3413 5010 3657 5077 Davidis,
3695 5011 3942 5082 inquam,
3979 5009 4177 5080 lyram,
4210 5023 4407 5078 corpus
4436 5008 4485 5062 ei
4517 5022 4546 5062 a
4577 5006 4739 5062 Patre
4772 5019 4992 5078 coapta-

3413 5111 3525 5159 tum
3559 5111 3663 5169 est,
3689 5117 3981 5172 corporeus
4005 5103 4226 5158 advenit
4253 5111 4311 5156 ut
4335 5111 4727 5171 exsequeretur
4750 5101 4995 5158 volunta-

3417 5205 3525 5249 tem
3556 5194 3752 5249 Patris.
3784 5192 3908 5248 Hznc
3933 5207 4097 5262 porro
4122 5202 4242 5250 erat
4272 5193 4570 5263 redemptio
4601 5209 4696 5262 per
4723 5209 4992 5249 veneran-

3414 5288 3536 5343 dam
3569 5303 3634 5342 ac
3676 5287 3969 5358 pretiosam
4017 5300 4257 5353 crucem,
4301 5297 4465 5358 atque
4508 5287 4834 5341 instauratio
4873 5289 4994 5342 uui-

3415 5392 3694 5434 versorum
3739 5391 3835 5449 per
3892 5378 4066 5447 ipsum
4113 5386 4169 5434 et
4221 5378 4272 5432 in
4324 5378 4439 5447 ipso
4493 5379 4696 5447 optime
4750 5390 4992 5449 peracta.

3413 5467 3693 5523 Couseutit
3724 5483 3852 5523 vero
3881 5469 3948 5524 iis
3975 5483 4095 5538 quae
4135 5469 4271 5524 dixit
4300 5469 4464 5524 etiam
4495 5468 4734 5538 optimus
4766 5465 4993 5536 Paulus,

3415 5553 3488 5606 ita
3521 5554 3767 5610 scribens
3803 5573 3817 5610 :
3848 5573 3866 5606 ι
3902 5555 4013 5610 lloc
4035 5556 4178 5611 enim
4226 5557 4424 5612 sentite
4464 5557 4516 5610 in
4565 5559 4738 5622 vobis,
4771 5560 4911 5630 quod
4943 5569 4996 5615 et

3414 5645 3468 5700 in
3495 5645 3715 5717 Christo
3749 5645 3898 5715 Jcsu,
3927 5651 4016 5719 qui
4045 5666 4166 5705 cum
4197 5650 4263 5723 in
4301 5650 4472 5707 forma
4523 5649 4615 5705 Dei
4665 5637 4831 5708 esset.
4881 5667 4988 5707 non
