6812 6600
1850 362 1985 421 i351

2857 363 2917 419 S.
2958 361 3234 420 CYBILLI
3273 361 3753 418 ALEXANDRINI
3790 361 4117 422 ARCIIIEP.

4979 371 5119 428 I35!

1845 478 2177 537 resuscitare
2197 492 2357 534 omne
2401 478 2543 547 quod
2588 478 2774 533 datum
2820 489 2906 534 est
2932 480 3010 546 ei,
3057 489 3114 535 et
3174 494 3297 535 cum
3337 492 3426 533 res
3454 485 3502 540 Α
3528 462 3828 546 ἀναστῆναι
3866 480 3976 532 πᾶν
4003 479 4064 531 τὸ
4106 477 4261 533 δοθὲν
4305 479 4474 551 αὐτῷ,
4508 498 4535 534 κ

2431 478 2543 546 uod
2588 478 2774 533 datum
2820 489 2906 534 est
2932 480 3010 546 ei,
3057 489 3114 535 et
3174 494 3297 535 cum
3337 492 3426 533 res
3454 485 3502 540 Α
3528 462 3828 546 ἀναστῆναι
3866 480 3976 532 xiv
4003 479 4064 531 τὸ
4106 477 4261 533 δοθὲν
4305 479 4474 551 αὐτῷ,
4508 479 4605 535 καὶ
4633 479 4842 548 ἀγαθοῦ
4884 497 4947 550 γε
4972 481 5121 547 δντος

1845 572 1989 628 bona
2036 570 2129 634 sit,
2167 580 2331 639 atque
2378 570 2511 625 adeo
2557 568 2737 623 divina
2787 569 3067 642 (convenit
3115 571 3260 625 enim
3321 567 3434 627 Deo

1845 664 2107 731 salvare),
2150 662 2268 731 ipse
2299 661 2430 716 dixit
2463 661 2795 716 descendere
2818 677 2898 730 se,
2926 678 3037 717 non
3073 673 3131 717 ut
3157 664 3322 718 faciat
3346 680 3439 719 vos

1849 754 2111 810 Iuntatcm
2162 767 2356 819 suam,
2410 756 2503 807 sed
2561 752 2788 809 Patris?
2850 754 3211 810 Existimetne
3271 756 3439 820 igitur

1847 848 2132 917 quisquam
2170 855 2437 913 nostrum,
2476 860 2504 899 a
2543 844 2634 898 Dei
2662 854 2714 899 et
2749 845 2929 900 Patris
2964 848 3303 916 benignitate
3342 847 3435 903 Fi-

1849 936 1979 991 Iium
2010 936 2100 1006 qui
2132 951 2195 991 ex
2235 936 2350 1005 ipso
2376 935 2593 1005 genitus
2619 946 2721 1001 est,
2763 937 3210 1006 degenerare?et
3233 939 3435 995 bonum

1847 1027 2065 1097 quidem
2094 1028 2407 1095 neutiquam
2432 1041 2595 1093 esse,
2646 1028 2977 1082 resuscitare
3018 1043 3147 1084 vero
3199 1029 3250 1082 id
3293 1029 3436 1097 quod

1846 1120 2031 1172 datum
2058 1126 2143 1173 est
2163 1117 2211 1171 ei
2241 1130 2294 1173 et
2326 1118 2395 1172 ab
2455 1119 2677 1173 interitu
2742 1118 2977 1175 liberare
3003 1120 3106 1201 ipsi
3145 1120 3308 1201 772
3334 1102 3443 1176 disi

1845 1211 2047 1281 plicere
2073 1208 2097 1263 ’Β

1911 1298 1973 1354 Β.
2014 1299 2420 1354 Periclitamur.

1915 1392 1981 1449 A.
2013 1393 2174 1463 Atqui
2196 1390 2389 1446 merito
2407 1390 2625 1461 quidem
2659 1392 2731 1446 ita
2758 1382 3240 1457 st.atuamus,'cum
3271 1389 3434 1447 Pater

1845 1486 2022 1543 bonus
2060 1487 2151 1550 sit,
2190 1484 2388 1538 Filium
2417 1499 2633 1555 quoque
2658 1499 2813 1539 suum
2851 1485 3026 1555 reipsa
3053 1487 3252 1539 bonum
3291 1499 3434 1539 esse.

1846 1574 1981 1629 Nam
2014 1589 2045 1629 a
2078 1575 2255 1627 fructu
2296 1575 2462 1628 arbor
2492 1572 2840 1644 cognoscitur
2864 1573 2931 1640 ”,
2960 1573 3113 1644 juxta
3152 1574 3323 1644 ipsius
3355 1573 3438 1628 di-

1846 1678 2016 1722 ctum.
2047 1665 2187 1722 Vere
2246 1665 2400 1729 dicit,
2433 1680 2560 1717 cum
2613 1664 2692 1718 ait
2724 1678 2740 1715 :
2784 1682 2803 1714 ι
2835 1663 2938 1730 Qui
2976 1665 3105 1719 vidit
3140 1679 3266 1732 me,
3302 1663 3437 1720 vidit

1847 1764 1904 1811 et
1924 1753 2138 1809 Patrem
2168 1752 2237 1808 “.
2267 1751 2381 1822 Ego
2416 1762 2470 1808 et
2507 1753 2668 1808 Pater
2689 1768 2857 1808 unum
2883 1767 3072 1810 sumus
3095 1755 3163 1810 δ’.
3202 1773 3220 1806 ι

1919 2046 1983 2104 B.
2039 2047 2205 2104 ﬂecte
2250 2046 2350 2104 ais.
2408 2045 2637 2103 Declara
2698 2048 2882 2121 itaque
2938 2059 2994 2105 tu
3032 2050 3147 2123 ipse
3201 2050 3254 2106 id
3291 2052 3434 2123 quod

1845 2141 2077 2198 obscure
2109 2143 2312 2196 dictum
2348 2150 2453 2197 est.

1919 2238 1989 2296 A.
2034 2233 2275 2290 Dicimus
2311 2248 2421 2289 non
2469 2232 2639 2291 fuisse
2688 2242 2887 2305 prater
2930 2235 3263 2291 voluntatem
3311 2235 3431 2291 Filii

1847 2325 2065 2382 abolere
2103 2334 2352 2393 mortem,
2381 2337 2435 2382 et
2486 2328 2554 2382 ab
2588 2327 2841 2383 humanis
2891 2328 3215 2397 corporibus
3264 2329 3436 2385 inter-

1846 2420 1983 2475 itum
2025 2417 2351 2488 proﬂigare:
2403 2436 2422 2471 ι
2461 2418 2648 2490 Neque
2682 2419 2826 2473 enim
2875 2419 3177 2475 delectatur
3210 2420 3434 2477 interitu

1845 2509 2163 2565 viventium.
2189 2509 2466 2565 Salutares
2486 2525 2614 2566 vero
2629 2519 2755 2565 sunt
2775 2512 3156 2581 generationes
3188 2513 3427 2580 mundi”

1846 2603 2268 2674 sicutscriptum
2291 2610 2376 2658 est
2389 2602 2455 2656 ⁸³.
2473 2602 2714 2658 «Invidia
2740 2612 2921 2658 autem
2946 2605 3143 2659 diaboli
3174 2621 3319 2661 mors
3349 2606 3436 2660 itt-

1846 2694 2032 2750 tt'oivit
2063 2695 2117 2750 in
2141 2692 2328 2749 urbem
2355 2704 2624 2749 terrarum
2640 2694 2708 2749 ⁸³.
2732 2718 2750 2747 ι
2770 2695 2841 2749 At
2883 2695 3255 2751 tristissimum
3290 2712 3436 2751 mor-

1849 2787 1919 2842 tis
1946 2786 2234 2859 imperium
2269 2802 2374 2841 non
2404 2786 2508 2839 alia
2539 2787 2751 2841 ratione
2790 2788 2970 2841 ext-uti
3001 2799 3238 2856 poterat,
3272 2806 3434 2859 quam

1847 2891 1947 2948 per
1973 2878 2144 2932 solam
2184 2874 2465 2945 Unigcniti
2493 2877 2953 2932 incarnationem.
3009 2877 3219 2934 Idcirco
3247 2881 3298 2933 iu
3336 2899 3438 2934 ns-

1847 2980 1959 3027 stra
1994 2969 2165 3025 forma
2203 2969 2481 3040 apparuit,
2512 2971 2901 3040 propriumque
2933 2973 3036 3026 sibi
3086 2973 3214 3028 fecit
3243 2990 3439 3044 corpus

1847 3064 1993 3136 quod
2025 3062 2268 3117 iuteritui
2297 3062 2599 3117 obnoxium
2648 3071 2809 3128 erat,
2856 3066 3153 3119 secundum
3195 3067 3438 3121 rationes

1848 3170 1970 3226 qua:
2011 3164 2219 3209 naturae
2261 3154 2469 3222 insunt,
2509 3163 2568 3209 ut
2612 3168 2734 3209 cum
2768 3157 2883 3226 ipse
2928 3155 2999 3210 sit
3049 3158 3158 3211 vita
3200 3156 3436 3228 (genitus

1847 3250 1991 3304 enim
2029 3256 2112 3304 est
2158 3263 2223 3305 ex
2265 3248 2379 3303 vita
2435 3247 2639 3313 Patris)
2696 3247 2978 3318 preprium
3033 3260 3190 3304 suum
3234 3250 3433 3304 bonum

1849 3340 1925 3395 illi
1949 3337 2181 3406 inserat,
2216 3339 2318 3394 hoc
2354 3348 2462 3405 est,
2492 3336 2682 3392 vitam.
2714 3336 2851 3393 Cum
2878 3347 3059 3393 autem
3083 3339 3185 3409 ipsi
3216 3340 3439 3393 omnino

1846 3433 2113 3502 placuerit
2145 3431 2482 3502 benignitate
2514 3441 2679 3501 atque
2713 3430 3093 3486 benevolentia
3151 3446 3280 3502 erga
3340 3432 3440 3485 IIII-

1849 3539 2069 3579 manum
2098 3538 2288 3592 genus,
2319 3534 2561 3578 nostram
2590 3523 2999 3577 similitudinem
3026 3523 3237 3591 subire,
3267 3540 3430 3593 opor-

1852 3618 1954 3673 luit
1986 3632 2202 3686 quoque
2229 3631 2353 3670 eum
2391 3617 2501 3686 pati
2564 3616 2759 3687 impias
2804 3614 3116 3670 Iudaeorum
3152 3628 3437 3671 contume-

1851 3707 1978 3762 Iias.
2016 3706 2144 3761 Erat
2173 3720 2306 3760 vero
2361 3705 2440 3759 illi
2475 3707 2654 3777 gravis
2687 3706 2977 3776 conjuncta
3017 3721 3141 3760 cum
3185 3706 3438 3776 passione

1848 3797 2167 3869 ignominia.
2208 3797 2418 3853 Idcirco
2449 3798 2772 3853 imminente
2816 3792 2932 3867 jam
2980 3806 3260 3867 tempore,
3318 3811 3430 3866 quo

1852 3891 2005 3948 illum
2031 3907 2132 3961 pro
2158 3892 2404 3948 omnium
2435 3892 2544 3945 vita
2580 3905 2799 3946 crucem
2836 3891 2992 3945 adire
3026 3890 3333 3960 oportebat,
3378 3899 3440 3944 ut

1851 3982 2158 4053 passionem
2197 3995 2398 4052 praeter
2452 3983 2786 4037 voluntatem
2826 3994 2981 4036 suam
3027 3981 3278 4035 accidere
3331 3979 3435 4034 sibi

1848 4073 2173 4139 declararet,
2215 4077 2450 4128 humano
2484 4087 2636 4128 more
2675 4072 2744 4127 ad
2791 4085 2911 4127 eam
2970 4072 3245 4136 accessit,
3290 4081 3346 4126 et
3382 4071 3435 4126 iu

1850 4165 2070 4219 modum
2100 4165 2436 4233 precationis
2468 4163 2543 4217 ita
2570 4162 2787 4218 Patrem
2821 4161 3090 4218 allocutus
3118 4172 3238 4219 est:
3275 4180 3293 4214 ι
3330 4160 3437 4218 Pa-

1854 4262 1958 4319 ter,
1998 4256 2043 4308 si
2078 4253 2198 4311 ﬁeri
2233 4263 2439 4325 potest;
2488 4265 2731 4309 transeat
2769 4268 2801 4309 a
2839 4266 2926 4309 me
2965 4255 3103 4310 calix
3139 4256 3263 4309 iste.
3316 4253 3437 4310 Ca:-

3542 569 3637 623 τοῦ
3669 571 4013 640 πράγματος,
4042 571 4137 625 καὶ
4163 572 4385 642 προσέτι
4413 572 4753 645 θεοπρεποῦς
4796 572 4995 644 (ἐοικὸς
5015 575 5123 646 γὰρ

3541 661 3664 732 Θεῷ
3693 662 3753 714 τὸ
3772 661 3975 735 σώζειν
4014 662 4206 734 ἐστίν),
4241 664 4403 728 αὐτὸς
4434 665 4539 737 ἔφη
4569 665 4873 729 κατελθεῖν,
4899 666 5124 741 ούχυῖνα

3545 756 3670 823 ποιῇ
3705 754 3765 806 τὸ
3799 754 4010 826 θέλημα
4042 755 4102 810 τὸ
4142 756 4336 810 ἑαυτοῦ
4366 757 4587 827 μᾶλλον,
4613 757 4751 812 ἀλλὰ
4784 759 4844 812 τὸ
4885 757 4979 812 τοῦ
5011 759 5126 812 ηας

3544 844 3703 916 τρός;
3736 840 3863 917 Ἆρ’
3893 842 3986 899 οὖν
4011 848 4242 918 οίήσαιτ’
4272 847 4337 901 ἀν
4368 864 4451 911 τις
4494 847 4600 902 τῶν
4641 849 4698 901 ὲν
4724 851 4878 920 ἡμῖν,
4903 850 5002 921 τῆς
5028 850 5127 903 τοῦ

3543 933 3678 988 Θεοῦ
3711 936 3807 989 καὶ
3853 937 4066 1008 Πατρὸς
4098 936 4435 1009 ἡμερότητος
4481 938 4620 994 ἰέναι
4657 938 4886 993 κατόπιν
4928 940 5021 992 τὸν
5065 940 5127 1007 ἐξ

3544 1025 3710 1080 αὑτοῦ
3741 1026 3914 1096 φύντα
3940 1027 4093 1093 Υἱὸν,
4126 1029 4219 1082 καὶ
4247 1022 4387 1081 εἶναι
4430 1028 4528 1098 μὲν
4557 1028 4760 1098 ἀγαθὸν
4793 1029 4994 1101 ἥκιστά
5038 1046 5126 1097 γε,

3542 1119 3604 1173 ’ῐδ
3645 1119 3702 1172 δὲ
3752 1119 4054 1190 ἀναστῆσαι
4104 1119 4166 1173 τὸ
4222 1102 4376 1177 δοθὲν
4417 1121 4511 1175 καὶ
4552 1120 4854 1188 ἀπαλλάξαι
4896 1122 5127 1193 φθορᾶς,

3544 1194 3816 1286 ἀπᾲδέιμ]
3858 1214 4006 1285 αὑτῷ
4031 1231 4046 1281 ;

3555 1366 3561 1372 _
3619 1306 3677 1359 Β.
3708 1306 4127 1378 Κινδυνεύομεν.

3615 1398 3680 1452 Α.
3716 1397 3907 1451 Καίτοι
3937 1398 4442 1469 καταλογισαίμεθα
4460 1399 4547 1467 ἀν,
4583 1399 4675 1454 καὶ
4709 1398 4854 1470 μάλα
4876 1399 5129 1463 εἰκότως.

3545 1489 3775 1563 ἐπείπερ
3800 1490 3947 1545 ἐστὶν
3973 1490 4178 1559 ἀγαθοῦ
4202 1492 4412 1564 Πατρδς
4434 1496 4656 1564 γνήσιον
4677 1494 4943 1565 γέννημα,
4967 1491 5128 1546 νοοίτ⁹

3545 1580 3659 1654 [ἂν]
3678 1582 3944 1654 ὑπάρχειν
3961 1583 4055 1636 καὶ
4072 1583 4236 1647 αὐτὸς
4251 1583 4476 1653 ἀγαθὸς,
4489 1584 4655 1655 ἤγουν
4676 1584 5023 1657 αὐτόχρημα,
5043 1584 5130 1636 ὅτι

3543 1674 3767 1744 ἀγαθόν.
3807 1674 3937 1729 Ἀπὸ
3990 1675 4098 1746 γάρ
4149 1674 4244 1729 τοῦ
4269 1676 4487 1748 καρποῦ
4516 1678 4577 1730 τὸ
4618 1677 4832 1748 δένδρον
4859 1676 5130 1746 γινώσκε-

3542 1785 3651 1832 ται,
3683 1786 3701 1818 ι
3737 1767 3877 1821 κατά
3906 1766 4002 1840 τὴν
4049 1766 4212 1821 αὑτοῦ
4260 1770 4479 1840 φωνήνο
4510 1768 4800 1840 ἀληθεύσει
4847 1769 4927 1832 δὲ,
4984 1768 5131 1825 οὕτω

3471 1861 3512 1916 Β
3541 1859 3736 1928 λέγων·
3777 1859 3835 1913 Ὀ
3862 1859 4124 1932 ἑωρακὼς
4160 1860 4280 1931 ἐμὲ,
4318 1858 4530 1932 ἑώρακε
4570 1862 4660 1915 τὸν
4702 1861 4940 1933 Πατέρα.
4983 1860 5130 1931 Ἐγὼ

3538 1953 3632 2005 καὶ
3664 1954 3694 2006 ό
3720 1953 3932 2025 Πατὴρ,
3967 1954 4026 2008 ἓν
4051 1954 4237 2024 ἐσμεν.
4272 1972 4291 2005 ι

3609 2044 3670 2099 Β.
3695 2041 3772 2099 Εὖ
3818 2045 3974 2116 ἔφης.
4024 2047 4288 2115 Διασάφει
4314 2044 4379 2118 δὴ
4431 2040 4524 2101 οὖν
4555 2046 4715 2112 αὐτὸς
4745 2047 4805 2102 τὸ
4867 2046 5131 2120 ἀμυδρῶς

3537 2137 3792 2208 εἰρῆσθαι
3816 2136 4025 2192 δοκοῦν.

3609 2231 3673 2283 Α.
3704 2231 3818 2283 Οὐκ
3846 2229 4144 2302 ἀϐούλητον
4172 2233 4271 2302 μὲν
4323 2233 4577 2303 γενέσθαι
4600 2235 4788 2306 φαμὲν
4816 2233 4895 2305 τῷ
4925 2232 5041 2305 Υίῷ
5065 2234 5132 2287 τὸ

3538 2323 3883 2395 καταργῆσαι
3912 2324 4162 2393 θάνατον,
4200 2327 4297 2381 καὶ
4323 2328 4665 2398 ἀποσοϐῆσαι
4695 2329 4807 2383 τῶν
4846 2328 5130 2400 ἀνθρωπί-

3536 2430 3642 2468 νων
3688 2416 3955 2485 σωμάτων
3995 2417 4096 2488 τὴν
4151 2417 4377 2491 φθοράν.
4412 2439 4431 2473 t
4473 2421 4546 2475 Οὔ
4576 2420 4683 2493 γὰρ
4729 2420 4992 2492 τέρπεται
5040 2417 5133 2474 ἐπ’

3536 2506 3784 2580 ἀπωλείᾳ
3816 2507 4033 2574 ζώντων
4061 2526 4076 2541 ο
4119 2514 4373 2584 σωτήριοι
4411 2513 4484 2583 δὲ)
4517 2512 4611 2566 καὶ
4655 2515 4710 2566 αί
4742 2514 4986 2581 γενέσεις
5032 2511 5129 2566 τοῦ

3537 2601 3768 2672 κόσμου,
3813 2620 3832 2654 ι
3873 2601 4016 2656 κατὰ
4054 2603 4113 2657 τὸ
4161 2604 4566 2676 γεγραμμένον.
4607 2623 4624 2654 ι
4663 2604 4847 2675 Φθόνῳ
4875 2604 4929 2656 δὲ
4948 2603 5132 2658 διαϐό-

3536 2690 3630 2746 λου
3685 2692 3914 2758 θάνατος
3948 2695 4194 2766 εἰσῆλθεν
4240 2698 4320 2760 εἰς
4346 2697 4436 2750 τὸν
4464 2699 4686 2768 κόσμον.
4727 2717 4744 2748 ι
4767 2697 4906 2750 Ἀλλ’
4932 2692 5001 2769 ἦν
5027 2697 5129 2767 οὐχ

3537 2786 3740 2858 ἑτέρως
3759 2787 3820 2840 τὸ
3849 2788 4071 2858 ἀμειδὲς
4102 2787 4196 2842 τοῦ
4226 2789 4457 2844 θανάτου
4486 2789 4873 2843 κατασείεσθαι
4904 2789 5129 2860 κράτος,

3537 2876 3677 2948 πλὴν
3706 2878 3789 2930 ὃτι
3817 2876 3904 2932 διὰ
3936 2878 4105 2950 μόνης
4132 2881 4231 2950 τῆς
4260 2879 4724 2951 ὲνανθρωπήσεως
4757 2880 4853 2934 τοῦ
4884 2881 5132 2947 Μονογε-

3536 2968 3679 3034 νοῦς.
3700 2969 3969 3043 Ταύτῃτοι
3991 2972 4200 3043 πέφηνε
4223 2973 4344 3026 καθ’
4362 2974 4529 3045 ἡμᾶς,
4562 2973 4657 3026 καὶ
4682 2972 4811 3026 ἴδιον
4833 2974 5133 3046 ἐποιήσατο

3539 3059 3698 3131 σῶμα
3727 3061 3787 3114 τὸ
3817 3062 3922 3115 ὑπὸ
3950 3061 4177 3134 φθορὰν,
4201 3063 4343 3117 κατά
4375 3079 4439 3133 γε
4469 3064 4597 3128 τοὺς
4624 3063 4849 3128 ἐνόντας
4873 3066 4939 3135 τῇ
4968 3062 5133 3132 φύσει

3536 3152 3749 3222 λόγους,
3796 3153 3864 3207 ἶν’
3895 3154 4126 3226 ἐπείπερ
4161 3155 4310 3210 ἐστὶν
4351 3156 4514 3219 αὐτὸς
4553 3157 4586 3226 ή
4633 3152 4747 3225 ζωὴ
4787 3155 5135 3225 (γεγέννηται

3539 3245 3647 3317 γὰρ
3680 3249 3745 3301 ἐκ
3774 3247 3918 3319 ζωῆς
3947 3247 4039 3301 τοῦ
4069 3249 4329 3319 Πατρὸς),
4361 3248 4679 3322 ὲμφυτεύσῃ
4717 3248 4778 3302 τὸ
4819 3248 4949 3302 ἴδιον
4994 3249 5136 3317 ἀγα-ι

3541 3337 3633 3391 θὸν
3667 3325 3835 3410 αὐτῷ,
3870 3340 4117 3393 τουτέστι
4147 3339 4248 3407 τὴν
4290 3339 4460 3412 ζωήν.
4502 3340 4775 3411 Ἐλομένῳ
4813 3339 4870 3393 δὲ
4901 3336 5051 3404 ἅπαξ
5072 3336 5138 3404 ἐξ

3539 3430 3877 3502 ἡμερότητος
3921 3431 4018 3485 καὶ
4061 3430 4499 3502 φιλανθρωπίας,
4534 3432 4632 3503 τὴν
4679 3431 4812 3502 πρὸς
4850 3430 5133 3503 ἡμετέραν

3538 3523 3799 3592 ὁμοίωσιν
3830 3521 4106 3588 ὑπελθεῖν,
4134 3522 4243 3576 ἔδει
4267 3522 4541 3594 συμϐῆναι
4573 3523 4669 3576 καὶ
4702 3522 4764 3575 τὸ
4786 3509 5002 3587 παθεῖν,
5030 3519 5135 3591 τῆς

3553 3614 3819 3669 Ἰουδαίων
3869 3615 4217 3687 ἀνοσιότητος
4271 3613 4715 3687 ὲμπαροινούσης
4760 3612 4929 3684 αὐτῷ.
4990 3612 5137 3666 Ἀλλ’

3538 3702 3608 3780 ἦν
3660 3704 3811 3777 αὐτῷ
3853 3708 4109 3778 φορτικὸν
4151 3707 4213 3760 τὸ
4240 3710 4297 3762 ὲν
4337 3707 4416 3779 τῷ
4466 3707 4660 3761 παθεῖν
4709 3706 4985 3770 δυσκλεές.
5024 3704 5138 3758 Καὶ

3539 3796 3670 3867 γοῦν
3703 3796 3990 3860 ἐνστάντος
4018 3796 4236 3868 καιροῦ,
4272 3798 4393 3851 καθ’
4422 3797 4481 3851 ὃν
4512 3796 4619 3851 ἔδει
4642 3797 4735 3851 τὸν
4760 3796 4902 3867 ὑπέρ
4936 3811 5001 3865 γε
5027 3794 5135 3865 τῆς

3541 3887 3797 3942 ἁπάντων
3850 3887 3997 3959 ζωῆς
4043 3889 4333 3960 ὑπομεῖναι
4391 3888 4650 3962 σταυρὸν,
4698 3888 4786 3942 ἵνα
4830 3887 4894 3940 τὸ
4938 3885 5139 3940 παθεῖν

3541 3979 3838 4049 ἀϐούλητον
3886 3979 4163 4052 ἀποφήνῃ,
4212 3979 4662 4052 ἀνθρωποπρεπῆ
4729 3979 4827 4051 τὴν
4871 3977 5143 4051 πρόσοδον

3539 4074 3636 4127 καὶ
3665 4073 3740 4136 ὡς
3774 4073 3831 4124 ὲν
3864 4073 4108 4143 σχήματι
4137 4072 4450 4145 προσευχῆς
4480 4074 4716 4126 ὃποιεῖτο
4746 4071 4936 4139 λέγων·
4970 4086 4990 4121 ι
5028 4067 5140 4122 Πά-

3538 4182 3658 4237 τερ,
3693 4166 3741 4216 εἰ
3787 4163 4030 4231 δυνατὸν,
4090 4163 4414 4236 παρελθέτω
4443 4165 4541 4218 ἀπ’
4580 4163 4715 4234 ἐμοῦ
4765 4160 4827 4214 τὸ
4874 4161 5145 4231 ποτήριον,

3538 4256 3721 4310 τοῦτο·
3753 4257 3891 4329 πλὴν
3927 4258 4025 4328 οὐχ
4062 4257 4137 4321 ὡς
4172 4255 4285 4327 ἐγὼ
4331 4255 4491 4322 θέλω,
4520 4256 4639 4311 ἀλλ’
4671 4253 4748 4319 ὡς
4773 4252 4860 4311 ιιίἷι⁴
4896 4272 4914 4306 ι
4943 4254 5136 4308 Κατα-

1855 4356 2029 4401 terum
2053 4360 2158 4402 non
2185 4355 2246 4402 ut
2268 4361 2368 4418 ego
2392 4347 2535 4414 volo,
2564 4348 2658 4402 sed
2691 4345 2996 4401 sicuttu“.
3034 4365 3053 4400 ι
3085 4345 3441 4401 Descendisse
3541 4347 3704 4419 ϐῆναι
3741 4348 3833 4402 τὸν
3864 4347 3924 4414 ἐξ
3950 4347 4180 4421 οὐρανοῦ
4213 4365 4403 4419 φησιν,
4444 4348 4545 4402 οὐκ

2445 4347 2535 4414 tle,
2564 4348 2658 4402 sed
2691 4349 2913 4401 sicuttu
2931 4345 2996 4401 “.
3034 4365 3053 4400 ι
3085 4345 3441 4401 Descendisse
3541 4347 3704 4419 ϐῆναι
3741 4348 3833 4402 τὸν
3864 4347 3924 4414 ἐξ
3950 4347 4180 4421 ούρανοῦ
4213 4365 4403 4419 φησιν,
4444 4348 4546 4402 οὐκ
4571 4345 4869 4418 ἀϐούλητον
4907 4347 5135 4416 ποιησό-

1853 4452 1920 4493 ex
1966 4438 2106 4494 coelo
2133 4438 2228 4504 ait,
2270 4454 2376 4493 non
2417 4436 2592 4493 invite
2628 4437 2900 4493 facturum
2935 4435 2989 4491 id
3018 4436 3161 4505 quod
3197 4434 3438 4489 dolorem
3545 4455 3706 4509 μενον
3734 4439 3798 4491 τὸ
3847 4438 4075 4505 λυποῦν,
4108 4440 4195 4492 ἴνα
4229 4436 4543 4512 κατορθώσῃ

2445 4438 2592 4493 nvite
2628 4437 2900 4493 facturum
2935 4435 2989 4491 id
3018 4436 3161 4505 quod
3197 4434 3438 4489 dolorem
3545 4455 3706 4509 μενον
3734 4439 3798 4491 τὸ
3847 4438 4075 4505 λυποῦν,
4108 4440 4195 4492 ἵνα
4229 4436 4554 4512 κατορθώσῃ
4599 4438 4711 4501 τοῖς
4755 4437 4848 4490 ἐπὶ
4885 4436 4988 4509 γῆς
5032 4436 5135 4506 τὴν

1860 4527 2111 4595 aﬂerrct,
2161 4537 2223 4584 ut
2261 4543 2450 4583 eorum
2480 4528 2574 4597 qui
2626 4527 2680 4582 in
2713 4528 2872 4583 terris
2906 4535 3035 4581 sunt
3075 4523 3441 4579 resurrectio—
3473 4554 3518 4607 ι)
3547 4532 3862 4600 ἀνάστασιν,
3893 4531 3959 4604 ἢν
3993 4529 4058 4605 δὴ
4098 4531 4192 4585 καὶ
4225 4531 4381 4603 μόνος
4411 4530 4550 4584 αὐτὸ.

2444 4545 2450 4582 I
2480 4528 2574 4597 qui
2626 4527 2680 4582 in
2713 4528 2872 4583 terris
2906 4535 3035 4581 sunt
3075 4523 3441 4579 I'BSIII‘I‘CCIIO-
3473 4554 3518 4607 ι)
3547 4532 3862 4600 ἀνάστασιν,
3893 4531 3959 4604 ἢν
3993 4529 4058 4605 δὴ
4098 4531 4192 4585 καὶ
4225 4531 4381 4603 μόνος
4411 4530 4572 4595 αὐτὸς
4598 4529 5030 4601 κεκαινοτόμηκε
5064 4530 5134 4600 τῇ

1856 4632 1979 4674 nem
2006 4617 2384 4684 constitueret,
2416 4618 2572 4688 cujus
2596 4618 2817 4688 quidem
2844 4617 2962 4686 ipse
2999 4612 3150 4670 solus
3179 4614 3435 4670 humanm
3539 4620 3827 4695 ἀνθρώπου
3863 4622 4044 4693 φύσει.
4076 4622 4272 4693 Γέγονε
4299 4622 4408 4693 γάρ
4452 4640 4546 4694 πρι

2444 4618 2572 4688 atjus
2596 4618 2817 4688 quidem
2844 4617 2962 4686 ipse
2999 4612 3150 4670 εοὶιιε
3179 4614 3435 4670 Ιῑυιῐιδῐιω
3539 4620 3827 4695 ἀνθρώπου
3863 4622 4044 4693 φύσει.
4076 4622 4272 4693 Γέγονε
4299 4622 4408 4693 γάρ
4452 4623 4795 4694 πρωτότοκος
4824 4623 4891 4676 ὲκ
4919 4622 5134 4693 νεκρῶν

1856 4721 2066 4767 natura:
2091 4722 2289 4766 auctor
2323 4710 2447 4787 fuit.
2498 4709 2701 4765 Factus
2737 4718 2822 4765 est
2868 4707 3015 4762 enim
3047 4706 3441 4775 primogenitus
3541 4715 3687 4770 κατὰ
3711 4717 3912 4789 σάρκα,
3940 4717 4036 4771 καὶ
4065 4717 4292 4789 ἀπαρχὴ
4336 4715 4449 4769 τῶν
4478 4733 4540 4769 κε

2441 4751 2447 4765 ›
2498 4709 2701 4765 Fam“
2737 4718 2822 4765 εει
2868 4707 3015 4762 θηίῐη
3047 4706 3441 4775 ῐιτῖιιιοεειιίιυε
3541 4715 3687 4770 κατά
3711 4717 3912 4789 σάρκα,
3940 4717 4036 4771 καὶ
4065 4717 4292 4789 ἀπαρχὴ
4336 4715 4449 4769 τῶν
4478 4715 4924 4787 κεκοιμημένων.
4950 4713 5131 4768 Αὐτοῦ

1850 4819 1921 4860 ει
1944 4803 2175 4859 mortuis
2205 4803 2501 4858 secundum
2531 4814 2754 4857 carnem
2772 4798 2825 4831 “
2850 4840 2866 4865 ,
2886 4806 2940 4853 et
2973 4795 3229 4868 primitiae
3250 4811 3438 4852 eorum
3537 4806 3826 4878 τοιγαροῦν
3853 4807 3914 4861 τὸ
3943 4807 4137 4874 πάθος,
4162 4807 4258 4860 καὶ
4276 4806 4376 4878 οὐχ
4395 4806 4540 4876 ἑτέρε

2446 4818 2501 4857 m
2531 4814 2754 4857 carnem
2772 4798 2825 4831 ⁴¹⁸
2850 4840 2866 4865 ,
2886 4806 2940 4853 οι
2973 4795 3229 4868 primum
3250 4811 3438 4852 eorum
3537 4806 3826 4878 τοιγαροῦν
3853 4807 3914 4861 τὸ
3943 4807 4137 4874 πάθος,
4162 4807 4258 4860 καὶ
4276 4806 4376 4878 οὐχ
4395 4806 4610 4876 ἑτέρου,
4645 4806 4859 4877 λέγοιτο
4884 4807 4974 4871 ἂν,
4997 4804 5133 4858 καθὸ

1855 4896 1948 4969 qui
1982 4896 2397 4952 obdormierant
2438 4895 2506 4949 “.
2563 4894 2742 4957 Ipsius
2771 4890 2940 4960 igitur
2979 4900 3033 4945 et
3074 4904 3183 4944 non
3214 4887 3440 4946 alterius
3538 4902 3780 4974 πέφηνεν
3814 4901 4121 4973 ἅνθρωπος,
4147 4902 4196 4955 εἰ
4239 4902 4334 4955 καὶ
4366 4900 4545 4971 μεμέν

2442 4895 2506 4949 ³⁸.
2563 4894 2742 4957 Ipsius
2771 4890 2940 4960 igitur
2979 4900 3033 4945 et
3074 4904 3183 4944 non
3214 4887 3440 4946 alterius
3538 4902 3780 4974 πέφηνεν
3814 4901 4121 4973 ἄνθρωπος,
4147 4902 4196 4955 εἰ
4239 4902 4334 4955 καὶ
4366 4900 4674 4971 μεμένηκεν
4717 4899 4953 4971 ἀπαθὴς,
4994 4898 5132 4952 χαοδ

1854 4989 2037 5058 passio
2065 4988 2187 5052 fuit,
2215 4998 2482 5058 quatenus
2511 4986 2674 5040 homo
2699 4981 2874 5035 Iactus
2901 4989 3008 5047 est,
3043 4981 3257 5035 tametsi
3288 4995 3439 5035 mau-

1856 5082 1986 5137 serit
2008 5082 2275 5152 passionis
2295 5094 2510 5150 expers,
2548 5083 2824 5146 quatenus
2849 5080 2937 5127 est
2967 5073 3136 5129 Deus.

1927 5170 1988 5228 Β.
2027 5172 2105 5228 Ita
2129 5173 2331 5228 sentio.
3009 5216 3017 5225 .

1929 5264 1991 5319 Α.
2019 5266 2203 5320 Sacra:
2230 5276 2360 5317 vero
2403 5259 2703 5329 Scriptura:
2738 5260 2904 5316 etiam
2960 5259 3314 5325 memineris,
3352 5259 3437 5314 di-

1857 5355 2071 5410 centis:
2099 5372 2118 5404 ι
2154 5351 2352 5406 Factus
2384 5359 2468 5404 est
2494 5350 2702 5420 primus
2730 5350 2891 5405 homo
2919 5350 3088 5405 Adam
3123 5349 3176 5404 in
3196 5349 3435 5403 animam

1860 5447 2188 5506 viventem;
2249 5443 2472 5499 ultimus
2527 5444 2701 5500 Adam
2750 5446 2804 5501 in
2846 5445 3096 5515 spiritum
3157 5444 3439 5499 vivificatr

1860 5547 1968 5595 sem
1990 5538 2057 5590 δ’.
2091 5555 2110 5587 ι

1936 5741 1981 5776 δ’
2020 5737 2210 5796 Matth.
2240 5754 2341 5800 ιιι.
2371 5739 2462 5795 '53.
2565 5738 2611 5772 “
2654 5738 2812 5795 Joau.
2843 5751 2956 5799 xw,
2986 5734 3043 5790 9.
3160 5732 3204 5764 “
3241 5732 3401 5789 Joan.
3438 5678 3606 5796 LSD.
3636 5799 3667 5800 η
3714 5728 3759 5761 δ’
3799 5730 3926 5800 Sap.
3953 5727 4110 5798 1,-15,
4140 5725 4226 5784 Η.

1860 5827 2009 5883 xm,
2038 5810 2129 5868 39.
2202 5809 2250 5845 δ’
2287 5799 2498 5869 (ἔοὶοιε.
2533 5810 2691 5878 ι,18.
2772 5807 2819 5842 δ’
2856 5805 2877 5862 I
2913 5805 3042 5865 Cor.
3076 5819 3168 5872 xv,
3200 5803 3292 5861 so.
3346 5803 3414 5880 ,⁸⁷
3456 5803 3587 5860 ibid.
3619 5799 3710 5857 τε.

3544 4996 3745 5049 νοεῖται
3778 4992 3932 5057 Θεός.

3618 5169 3680 5224 Β.
3717 5168 3874 5225 Οῦτω
3908 5169 4069 5242 φημί.

3616 5264 3681 5317 Λ.
3715 5263 4066 5334 Διαμέμνησο
4097 5261 4153 5316 δὲ
4174 5262 4272 5331 τῆς
4301 5258 4656 5315 θεοπνεύστου
4684 5256 4948 5331 λεγούσης
4990 5256 5133 5327 Γρα-

3503 5406 3520 5416 ,
3545 5355 3675 5426 φῆς·
3708 5373 3727 5406 ι
3782 5355 4029 5424 Ἐγένετο
4066 5356 4095 5410 ό
4124 5353 4341 5429 πρῶτος
4389 5351 4677 5424 ἄνθρωπος
4720 5349 4892 5421 ’Δδάμ
4917 5351 4997 5413 εἰς
5023 5349 5131 5429 ψυ-

3544 5447 3645 5521 χὴν
3664 5447 3866 5513 ζῶσαν,
3891 5450 3918 5502 ὀ
3948 5448 4173 5519 ἔσχατος
4203 5444 4395 5516 Ἀδὰμ,
4424 5446 4505 5509 εἰς
4533 5442 4750 5514 πνεῦμα
4775 5441 5127 5508 ζωοποιοῦν.»

4338 5725 4385 5760 ⁸³
4423 5723 4553 5797 Sap.
4586 5740 4648 5797 ll,
4672 5722 4765 5781 24.
4846 5724 4893 5759 ⁵⁸
4931 5674 5125 5781 Matth.
