  <div class='ocr_page' id='page_1' title='image "/cluster/home/n/w/nwhite01/storage/ocr_20150623/75:no.8/coo.31924054869767/684.png"; bbox 0 0 6812 6596; ppageno 0'>
   <div class='ocr_carea' id='block_1_1' title="bbox 1730 381 1888 435">
    <p class='ocr_par' dir='ltr' id='par_1_1' title="bbox 1730 381 1888 435">
     <span class='ocr_line' id='line_1_1' title="bbox 1730 381 1888 435; baseline -0.006 -1"><span class='ocrx_word' id='word_1_1' title='bbox 1730 381 1762 434; x_wconf 76' lang='grc'><strong>1</strong></span> <span class='ocrx_word' id='word_1_2' title='bbox 1778 382 1888 435; x_wconf 77' lang='lat'><strong>333</strong></span> 
     </span>
    </p>
   </div>
   <div class='ocr_carea' id='block_1_2' title="bbox 2877 378 3841 450">
    <p class='ocr_par' dir='ltr' id='par_1_2' title="bbox 2877 378 3841 450">
     <span class='ocr_line' id='line_1_2' title="bbox 2877 378 3841 450; baseline -0.006 -11"><span class='ocrx_word' id='word_1_3' title='bbox 2877 381 3066 450; x_wconf 80' lang='lat' dir='ltr'><strong>QUOD</strong></span> <span class='ocrx_word' id='word_1_4' title='bbox 3107 380 3293 438; x_wconf 83' lang='lat' dir='ltr'><strong>UNUS</strong></span> <span class='ocrx_word' id='word_1_5' title='bbox 3333 379 3439 435; x_wconf 84' lang='lat' dir='ltr'><strong>Sl&#39;l&#39;</strong></span> <span class='ocrx_word' id='word_1_6' title='bbox 3479 378 3841 435; x_wconf 75' lang='lat' dir='ltr'><strong>CHRISTUS.</strong></span> 
     </span>
    </p>
   </div>
   <div class='ocr_carea' id='block_1_3' title="bbox 4874 381 5013 436">
    <p class='ocr_par' dir='ltr' id='par_1_3' title="bbox 4874 381 5013 436">
     <span class='ocr_line' id='line_1_3' title="bbox 4874 381 5013 436; baseline 0 -2"><span class='ocrx_word' id='word_1_7' title='bbox 4874 383 4896 434; x_wconf 85' lang='lat' dir='ltr'><strong>l</strong></span> <span class='ocrx_word' id='word_1_8' title='bbox 4909 381 5013 436; x_wconf 67' lang='grc'><strong>554</strong></span> 
     </span>
    </p>
   </div>
   <div class='ocr_carea' id='block_1_4' title="bbox 1825 488 4515 569">
    <p class='ocr_par' dir='ltr' id='par_1_4' title="bbox 1825 488 4515 569">
     <span class='ocr_line' id='line_1_4' title="bbox 1825 488 4515 569; baseline 0.001 -23"><span class='ocrx_word' id='word_1_9' title='bbox 1825 496 1881 549; x_wconf 88' lang='grc' dir='ltr'><strong>Β.</strong></span> <span class='ocrx_word' id='word_1_10' title='bbox 1922 489 2050 565; x_wconf 79' lang='lat' dir='ltr'><strong>&#39;Ap&#39;</strong></span> <span class='ocrx_word' id='word_1_11' title='bbox 2077 488 2170 549; x_wconf 73' lang='grc' dir='ltr'>οὖν</span> <span class='ocrx_word' id='word_1_12' title='bbox 2209 495 2302 548; x_wconf 86' lang='grc' dir='ltr'><strong>τὸν</strong></span> <span class='ocrx_word' id='word_1_13' title='bbox 2331 495 2560 567; x_wconf 76' lang='grc' dir='ltr'>ἔσχατον</span> <span class='ocrx_word' id='word_1_14' title='bbox 2600 499 2791 569; x_wconf 68' lang='grc' dir='ltr'>Ἀδὰμ,</span> <span class='ocrx_word' id='word_1_15' title='bbox 2827 499 2918 552; x_wconf 75' lang='grc' dir='ltr'><strong>τὸν</strong></span> <span class='ocrx_word' id='word_1_16' title='bbox 2951 502 3014 553; x_wconf 80' lang='grc' dir='ltr'>ἐκ</span> <span class='ocrx_word' id='word_1_17' title='bbox 3059 498 3195 552; x_wconf 86' lang='grc' dir='ltr'><strong>Θεοῦ</strong></span> <span class='ocrx_word' id='word_1_18' title='bbox 3227 514 3329 567; x_wconf 79' lang='grc' dir='ltr'><strong>φα·</strong></span> <span class='ocrx_word' id='word_1_19' title='bbox 3361 504 3403 558; x_wconf 66' lang='grc' dir='ltr'>Α</span> <span class='ocrx_word' id='word_1_20' title='bbox 3506 497 3564 550; x_wconf 87' lang='grc' dir='ltr'><strong>Β.</strong></span> <span class='ocrx_word' id='word_1_21' title='bbox 3597 496 3856 551; x_wconf 91' lang='lat' dir='ltr'><strong>Ultimum</strong></span> <span class='ocrx_word' id='word_1_22' title='bbox 3889 497 4071 566; x_wconf 93' lang='lat' dir='ltr'><strong>itaque</strong></span> <span class='ocrx_word' id='word_1_23' title='bbox 4101 496 4371 552; x_wconf 88' lang='lat' dir='ltr'><strong>Adamnm</strong></span> <span class='ocrx_word' id='word_1_24' title='bbox 4407 511 4515 552; x_wconf 78' lang='lat' dir='ltr'><strong>me:</strong></span> 
     </span>
    </p>
   </div>
   <div class='ocr_carea' id='block_1_5' title="bbox 2320 488 5010 569">
    <p class='ocr_par' dir='ltr' id='par_1_5' title="bbox 2331 495 5010 569">
     <span class='ocr_line' id='line_1_5' title="bbox 2331 495 5010 569; baseline 0.001 -21"><span class='ocrx_word' id='word_1_25' title='bbox 2331 495 2560 567; x_wconf 76' lang='grc' dir='ltr'>ἔσχατον</span> <span class='ocrx_word' id='word_1_26' title='bbox 2600 499 2791 569; x_wconf 68' lang='grc' dir='ltr'>Ἀδὰμ,</span> <span class='ocrx_word' id='word_1_27' title='bbox 2827 499 2918 552; x_wconf 75' lang='grc' dir='ltr'><strong>τὸν</strong></span> <span class='ocrx_word' id='word_1_28' title='bbox 2951 502 3014 553; x_wconf 80' lang='grc' dir='ltr'>ἐκ</span> <span class='ocrx_word' id='word_1_29' title='bbox 3059 498 3195 552; x_wconf 86' lang='grc' dir='ltr'><strong>Θεοῦ</strong></span> <span class='ocrx_word' id='word_1_30' title='bbox 3227 514 3329 567; x_wconf 79' lang='grc' dir='ltr'><strong>φα·</strong></span> <span class='ocrx_word' id='word_1_31' title='bbox 3361 504 3403 558; x_wconf 66' lang='grc' dir='ltr'>Α</span> <span class='ocrx_word' id='word_1_32' title='bbox 3506 497 3564 550; x_wconf 87' lang='grc' dir='ltr'><strong>Β.</strong></span> <span class='ocrx_word' id='word_1_33' title='bbox 3597 496 3856 551; x_wconf 91' lang='lat' dir='ltr'><strong>Ultimum</strong></span> <span class='ocrx_word' id='word_1_34' title='bbox 3889 497 4071 566; x_wconf 85' lang='lat' dir='ltr'><strong>itaque</strong></span> <span class='ocrx_word' id='word_1_35' title='bbox 4101 496 4371 552; x_wconf 88' lang='lat' dir='ltr'><strong>Adamnm</strong></span> <span class='ocrx_word' id='word_1_36' title='bbox 4407 506 4656 552; x_wconf 70' lang='lat' dir='ltr'><strong>vocatum</strong></span> <span class='ocrx_word' id='word_1_37' title='bbox 4713 510 4834 552; x_wconf 70' lang='grc' dir='ltr'>θεοε</span> <span class='ocrx_word' id='word_1_38' title='bbox 4874 499 5010 551; x_wconf 83' lang='lat' dir='ltr'><strong>dici-</strong></span> 
     </span>
    </p>
   </div>
   <div class='ocr_carea' id='block_1_6' title="bbox 1732 587 2432 658">
    <p class='ocr_par' dir='ltr' id='par_1_6' title="bbox 1732 587 2432 658">
     <span class='ocr_line' id='line_1_6' title="bbox 1732 587 2432 658; baseline 0.003 -18"><span class='ocrx_word' id='word_1_39' title='bbox 1732 605 1852 654; x_wconf 71' lang='grc' dir='ltr'><strong>μεν</strong></span> <span class='ocrx_word' id='word_1_40' title='bbox 1881 587 2196 658; x_wconf 78' lang='grc' dir='ltr'><strong>ὠνομάσθαι</strong></span> <span class='ocrx_word' id='word_1_41' title='bbox 2230 589 2400 656; x_wconf 86' lang='grc' dir='ltr'>Λόγον</span> <span class='ocrx_word' id='word_1_42' title='bbox 2416 606 2432 654; x_wconf 85' lang='lat'><strong>;</strong></span> 
     </span>
    </p>
   </div>
   <div class='ocr_carea' id='block_1_7' title="bbox 1817 678 3327 752">
    <p class='ocr_par' dir='ltr' id='par_1_7' title="bbox 1817 678 3327 752">
     <span class='ocr_line' id='line_1_7' title="bbox 1817 678 3327 752; baseline 0.003 -22"><span class='ocrx_word' id='word_1_43' title='bbox 1817 679 1882 732; x_wconf 77' lang='grc' dir='ltr'>Α.</span> <span class='ocrx_word' id='word_1_44' title='bbox 1914 678 1989 730; x_wconf 81' lang='grc' dir='ltr'><strong>Οὐ</strong></span> <span class='ocrx_word' id='word_1_45' title='bbox 2038 678 2265 748; x_wconf 77' lang='grc' dir='ltr'>γυμνὸν,</span> <span class='ocrx_word' id='word_1_46' title='bbox 2315 679 2391 742; x_wconf 78' lang='grc' dir='ltr'>ὡς</span> <span class='ocrx_word' id='word_1_47' title='bbox 2419 680 2576 750; x_wconf 71' lang='grc' dir='ltr'>ἔφην,</span> <span class='ocrx_word' id='word_1_48' title='bbox 2610 685 2874 751; x_wconf 80' lang='grc' dir='ltr'>γεγονότα</span> <span class='ocrx_word' id='word_1_49' title='bbox 2923 683 2979 736; x_wconf 79' lang='grc' dir='ltr'><strong>δὲ</strong></span> <span class='ocrx_word' id='word_1_50' title='bbox 3013 683 3213 752; x_wconf 85' lang='grc' dir='ltr'>μᾶλλον</span> <span class='ocrx_word' id='word_1_51' title='bbox 3269 684 3327 734; x_wconf 79' lang='grc' dir='ltr'><strong>ἐν</strong></span> 
     </span>
    </p>
   </div>
   <div class='ocr_carea' id='block_1_8' title="bbox 1729 770 3328 842">
    <p class='ocr_par' dir='ltr' id='par_1_8' title="bbox 1729 770 3328 842">
     <span class='ocr_line' id='line_1_8' title="bbox 1729 770 3328 842; baseline 0 -16"><span class='ocrx_word' id='word_1_52' title='bbox 1729 770 2003 841; x_wconf 64' lang='grc' dir='ltr'>ὁμοιώσει</span> <span class='ocrx_word' id='word_1_53' title='bbox 2038 774 2105 842; x_wconf 85' lang='grc' dir='ltr'>τῇ</span> <span class='ocrx_word' id='word_1_54' title='bbox 2157 771 2294 842; x_wconf 76' lang='grc' dir='ltr'>πρὸς</span> <span class='ocrx_word' id='word_1_55' title='bbox 2325 774 2492 842; x_wconf 69' lang='grc' dir='ltr'>ἡμᾶς.</span> <span class='ocrx_word' id='word_1_56' title='bbox 2527 773 2699 828; x_wconf 80' lang='grc' dir='ltr'>Αὑτὸν</span> <span class='ocrx_word' id='word_1_57' title='bbox 2727 770 2820 828; x_wconf 78' lang='grc' dir='ltr'>οὖν</span> <span class='ocrx_word' id='word_1_58' title='bbox 2850 771 2987 827; x_wconf 83' lang='grc' dir='ltr'>εἷναί</span> <span class='ocrx_word' id='word_1_59' title='bbox 3028 791 3230 842; x_wconf 81' lang='grc' dir='ltr'>φαμεν,</span> <span class='ocrx_word' id='word_1_60' title='bbox 3254 775 3328 826; x_wconf 80' lang='grc' dir='ltr'>εἴ·</span> 
     </span>
    </p>
   </div>
   <div class='ocr_carea' id='block_1_9' title="bbox 1729 844 3336 936">
    <p class='ocr_par' dir='ltr' id='par_1_9' title="bbox 1729 844 3336 936">
     <span class='ocr_line' id='line_1_9' title="bbox 1729 844 3336 936; baseline 0.002 -22"><span class='ocrx_word' id='word_1_61' title='bbox 1729 877 1856 933; x_wconf 79' lang='grc' dir='ltr'><strong>περ</strong></span> <span class='ocrx_word' id='word_1_62' title='bbox 1899 862 2046 914; x_wconf 72' lang='grc' dir='ltr'>ἐστὶν</span> <span class='ocrx_word' id='word_1_63' title='bbox 2083 862 2186 915; x_wconf 83' lang='grc' dir='ltr'><strong>οὐκ</strong></span> <span class='ocrx_word' id='word_1_64' title='bbox 2220 862 2581 932; x_wconf 81' lang='grc' dir='ltr'>ἀνθρώπινον,</span> <span class='ocrx_word' id='word_1_65' title='bbox 2612 863 2913 936; x_wconf 86' lang='grc' dir='ltr'>θεοπρεπὲς</span> <span class='ocrx_word' id='word_1_66' title='bbox 2938 865 2996 918; x_wconf 77' lang='grc' dir='ltr'><strong>δὲ</strong></span> <span class='ocrx_word' id='word_1_67' title='bbox 3039 864 3239 934; x_wconf 82' lang='grc' dir='ltr'>μᾶλλον</span> <span class='ocrx_word' id='word_1_68' title='bbox 3268 844 3336 917; x_wconf 57' lang='grc' dir='ltr'><strong>τέ</strong></span> 
     </span>
    </p>
   </div>
   <div class='ocr_carea' id='block_1_10' title="bbox 1731 951 3330 1026">
    <p class='ocr_par' dir='ltr' id='par_1_10' title="bbox 1731 951 3330 1026">
     <span class='ocr_line' id='line_1_10' title="bbox 1731 951 3330 1026; baseline 0.001 -22"><span class='ocrx_word' id='word_1_69' title='bbox 1731 951 2047 1015; x_wconf 78' lang='grc' dir='ltr'><strong>ζωοποιεῖν.</strong></span> <span class='ocrx_word' id='word_1_70' title='bbox 2106 952 2500 1022; x_wconf 85' lang='grc' dir='ltr'>Κεχρημάτικε</span> <span class='ocrx_word' id='word_1_71' title='bbox 2539 955 2596 1008; x_wconf 83' lang='grc' dir='ltr'><strong>δὲ</strong></span> <span class='ocrx_word' id='word_1_72' title='bbox 2624 957 2718 1009; x_wconf 76' lang='grc' dir='ltr'>καὶ</span> <span class='ocrx_word' id='word_1_73' title='bbox 2753 955 2978 1026; x_wconf 75' lang='grc' dir='ltr'><strong>ἔσχατος</strong></span> <span class='ocrx_word' id='word_1_74' title='bbox 3033 956 3222 1026; x_wconf 84' lang='grc' dir='ltr'>Ἀδὰμ,</span> <span class='ocrx_word' id='word_1_75' title='bbox 3253 955 3330 1018; x_wconf 83' lang='grc' dir='ltr'>ὡς</span> 
     </span>
    </p>
   </div>
   <div class='ocr_carea' id='block_1_11' title="bbox 1731 1038 3330 1116">
    <p class='ocr_par' dir='ltr' id='par_1_11' title="bbox 1731 1038 3330 1116">
     <span class='ocr_line' id='line_1_11' title="bbox 1731 1038 3330 1116; baseline 0.003 -25"><span class='ocrx_word' id='word_1_76' title='bbox 1731 1038 1809 1103; x_wconf 76' lang='grc' dir='ltr'>ἐξ</span> <span class='ocrx_word' id='word_1_77' title='bbox 1841 1039 2010 1109; x_wconf 82' lang='grc' dir='ltr'><strong>Ἀδὰμ</strong></span> <span class='ocrx_word' id='word_1_78' title='bbox 2029 1040 2268 1109; x_wconf 84' lang='grc' dir='ltr'>γεγονὼς</span> <span class='ocrx_word' id='word_1_79' title='bbox 2292 1042 2432 1095; x_wconf 87' lang='grc' dir='ltr'><strong>κατὰ</strong></span> <span class='ocrx_word' id='word_1_80' title='bbox 2456 1043 2655 1116; x_wconf 81' lang='grc' dir='ltr'><strong>σάρκα,</strong></span> <span class='ocrx_word' id='word_1_81' title='bbox 2679 1046 2771 1098; x_wconf 80' lang='grc' dir='ltr'><strong>καὶ</strong></span> <span class='ocrx_word' id='word_1_82' title='bbox 2795 1046 2937 1116; x_wconf 80' lang='grc' dir='ltr'>ἁρχὴ</span> <span class='ocrx_word' id='word_1_83' title='bbox 2963 1044 3192 1116; x_wconf 85' lang='grc' dir='ltr'>δευτέρα</span> <span class='ocrx_word' id='word_1_84' title='bbox 3220 1044 3330 1098; x_wconf 84' lang='grc' dir='ltr'><strong>τῶν</strong></span> 
     </span>
    </p>
   </div>
   <div class='ocr_carea' id='block_1_12' title="bbox 1731 1128 3328 1207">
    <p class='ocr_par' dir='ltr' id='par_1_12' title="bbox 1731 1128 3328 1207">
     <span class='ocr_line' id='line_1_12' title="bbox 1731 1128 3328 1207; baseline 0.004 -25"><span class='ocrx_word' id='word_1_85' title='bbox 1731 1128 1840 1182; x_wconf 73' lang='grc' dir='ltr'>ἐπὶ</span> <span class='ocrx_word' id='word_1_86' title='bbox 1868 1129 1993 1198; x_wconf 81' lang='grc' dir='ltr'>γῆς,</span> <span class='ocrx_word' id='word_1_87' title='bbox 2024 1131 2570 1204; x_wconf 77' lang='grc' dir='ltr'>ἀναστοιχειουμένης</span> <span class='ocrx_word' id='word_1_88' title='bbox 2617 1137 2676 1189; x_wconf 84' lang='grc' dir='ltr'>ὲν</span> <span class='ocrx_word' id='word_1_89' title='bbox 2710 1136 2861 1207; x_wconf 80' lang='grc' dir='ltr'>αὐτῷ</span> <span class='ocrx_word' id='word_1_90' title='bbox 2898 1137 2996 1207; x_wconf 81' lang='grc' dir='ltr'>τῆς</span> <span class='ocrx_word' id='word_1_91' title='bbox 3038 1134 3328 1207; x_wconf 87' lang='grc' dir='ltr'>ἀνθρώπου</span> 
     </span>
    </p>
   </div>
   <div class='ocr_carea' id='block_1_13' title="bbox 1733 1217 3330 1300">
    <p class='ocr_par' dir='ltr' id='par_1_13' title="bbox 1733 1217 3330 1300">
     <span class='ocr_line' id='line_1_13' title="bbox 1733 1217 3330 1300; baseline 0.008 -30"><span class='ocrx_word' id='word_1_92' title='bbox 1733 1217 1983 1287; x_wconf 81' lang='grc' dir='ltr'>φύσεως,</span> <span class='ocrx_word' id='word_1_93' title='bbox 2009 1222 2090 1284; x_wconf 80' lang='grc' dir='ltr'>εἰς</span> <span class='ocrx_word' id='word_1_94' title='bbox 2125 1223 2420 1295; x_wconf 81' lang='grc' dir='ltr'><strong>καινότητα</strong></span> <span class='ocrx_word' id='word_1_95' title='bbox 2453 1223 2620 1296; x_wconf 78' lang='grc' dir='ltr'>ζωῆς,</span> <span class='ocrx_word' id='word_1_96' title='bbox 2652 1227 2752 1299; x_wconf 84' lang='grc' dir='ltr'><strong>τῆς</strong></span> <span class='ocrx_word' id='word_1_97' title='bbox 2779 1230 2838 1282; x_wconf 84' lang='grc' dir='ltr'>ὲν</span> <span class='ocrx_word' id='word_1_98' title='bbox 2865 1228 3123 1300; x_wconf 82' lang='grc' dir='ltr'>ἁγιασμῷ</span> <span class='ocrx_word' id='word_1_99' title='bbox 3151 1245 3211 1281; x_wconf 87' lang='grc' dir='ltr'><strong>τε</strong></span> <span class='ocrx_word' id='word_1_100' title='bbox 3234 1230 3330 1282; x_wconf 82' lang='grc' dir='ltr'><strong>καὶ</strong></span> 
     </span>
    </p>
   </div>
   <div class='ocr_carea' id='block_1_14' title="bbox 1734 1306 3324 1388">
    <p class='ocr_par' dir='ltr' id='par_1_14' title="bbox 1734 1306 3324 1388">
     <span class='ocr_line' id='line_1_14' title="bbox 1734 1306 3324 1388; baseline 0.003 -24"><span class='ocrx_word' id='word_1_101' title='bbox 1734 1306 2046 1378; x_wconf 74' lang='grc' dir='ltr'><strong>ἀφθαρσίᾳ,</strong></span> <span class='ocrx_word' id='word_1_102' title='bbox 2080 1309 2170 1362; x_wconf 78' lang='grc' dir='ltr'><strong>διὰ</strong></span> <span class='ocrx_word' id='word_1_103' title='bbox 2204 1311 2305 1381; x_wconf 85' lang='grc' dir='ltr'><strong>τῆς</strong></span> <span class='ocrx_word' id='word_1_104' title='bbox 2348 1314 2413 1366; x_wconf 80' lang='grc' dir='ltr'>ἐκ</span> <span class='ocrx_word' id='word_1_105' title='bbox 2459 1313 2668 1384; x_wconf 78' lang='grc' dir='ltr'>νεκρῶν</span> <span class='ocrx_word' id='word_1_106' title='bbox 2709 1316 3084 1379; x_wconf 73' lang='grc' dir='ltr'><strong>ἀναστάσεως·</strong></span> <span class='ocrx_word' id='word_1_107' title='bbox 3116 1333 3324 1388; x_wconf 83' lang='grc' dir='ltr'>κατηρ-</span> 
     </span>
    </p>
   </div>
   <div class='ocr_carea' id='block_1_15' title="bbox 1730 1398 3330 1478">
    <p class='ocr_par' dir='ltr' id='par_1_15' title="bbox 1730 1398 3330 1478">
     <span class='ocr_line' id='line_1_15' title="bbox 1730 1398 3330 1478; baseline 0.007 -27"><span class='ocrx_word' id='word_1_108' title='bbox 1730 1398 1888 1470; x_wconf 86' lang='grc' dir='ltr'>γήθη</span> <span class='ocrx_word' id='word_1_109' title='bbox 1914 1400 2058 1454; x_wconf 77' lang='grc' dir='ltr'>οὕτω</span> <span class='ocrx_word' id='word_1_110' title='bbox 2097 1401 2348 1468; x_wconf 79' lang='grc' dir='ltr'><strong>Θάνατος,</strong></span> <span class='ocrx_word' id='word_1_111' title='bbox 2377 1404 2476 1458; x_wconf 85' lang='grc' dir='ltr'><strong>οὐκ</strong></span> <span class='ocrx_word' id='word_1_112' title='bbox 2509 1405 2886 1478; x_wconf 85' lang='grc' dir='ltr'>ἁνασχομένης</span> <span class='ocrx_word' id='word_1_113' title='bbox 2922 1408 3024 1478; x_wconf 81' lang='grc' dir='ltr'>τῆς</span> <span class='ocrx_word' id='word_1_114' title='bbox 3063 1408 3200 1462; x_wconf 88' lang='grc' dir='ltr'><strong>κατὰ</strong></span> <span class='ocrx_word' id='word_1_115' title='bbox 3228 1408 3330 1478; x_wconf 80' lang='grc' dir='ltr'><strong>φύ-</strong></span> 
     </span>
    </p>
   </div>
   <div class='ocr_carea' id='block_1_16' title="bbox 1735 1491 3328 1572">
    <p class='ocr_par' dir='ltr' id='par_1_16' title="bbox 1735 1491 3328 1572">
     <span class='ocr_line' id='line_1_16' title="bbox 1735 1491 3328 1572; baseline 0.009 -31"><span class='ocrx_word' id='word_1_116' title='bbox 1735 1505 1833 1542; x_wconf 85' lang='grc' dir='ltr'>σιν</span> <span class='ocrx_word' id='word_1_117' title='bbox 1861 1491 2027 1561; x_wconf 77' lang='grc' dir='ltr'>ζωῆς,</span> <span class='ocrx_word' id='word_1_118' title='bbox 2062 1492 2343 1547; x_wconf 86' lang='grc' dir='ltr'>ὑποθεῖναι</span> <span class='ocrx_word' id='word_1_119' title='bbox 2370 1497 2436 1566; x_wconf 77' lang='grc' dir='ltr'>τῇ</span> <span class='ocrx_word' id='word_1_120' title='bbox 2468 1496 2644 1568; x_wconf 80' lang='grc' dir='ltr'>φθορᾷ</span> <span class='ocrx_word' id='word_1_121' title='bbox 2667 1499 2728 1552; x_wconf 88' lang='grc' dir='ltr'><strong>τὸ</strong></span> <span class='ocrx_word' id='word_1_122' title='bbox 2759 1499 2890 1552; x_wconf 84' lang='grc' dir='ltr'>ῐδιον</span> <span class='ocrx_word' id='word_1_123' title='bbox 2919 1501 3100 1572; x_wconf 84' lang='grc' dir='ltr'>σῶμα,</span> <span class='ocrx_word' id='word_1_124' title='bbox 3138 1501 3328 1556; x_wconf 85' lang='grc' dir='ltr'><strong>καθότι</strong></span> 
     </span>
    </p>
   </div>
   <div class='ocr_carea' id='block_1_17' title="bbox 1728 1578 3330 1662">
    <p class='ocr_par' dir='ltr' id='par_1_17' title="bbox 1728 1578 3330 1662">
     <span class='ocr_line' id='line_1_17' title="bbox 1728 1578 3330 1662; baseline 0.007 -27"><span class='ocrx_word' id='word_1_125' title='bbox 1728 1583 1844 1636; x_wconf 74' lang='grc' dir='ltr'><strong>οὐκ</strong></span> <span class='ocrx_word' id='word_1_126' title='bbox 1871 1578 1938 1654; x_wconf 75' lang='grc' dir='ltr'>ἦν</span> <span class='ocrx_word' id='word_1_127' title='bbox 1965 1583 2189 1638; x_wconf 82' lang='grc' dir='ltr'>δυνατὸν</span> <span class='ocrx_word' id='word_1_128' title='bbox 2215 1588 2537 1656; x_wconf 87' lang='grc' dir='ltr'>κρατεῖσθαι</span> <span class='ocrx_word' id='word_1_129' title='bbox 2569 1589 2804 1660; x_wconf 81' lang='grc' dir='ltr'>Χριστὸν</span> <span class='ocrx_word' id='word_1_130' title='bbox 2849 1592 2941 1644; x_wconf 84' lang='grc' dir='ltr'>ὑπ’</span> <span class='ocrx_word' id='word_1_131' title='bbox 2968 1593 3158 1662; x_wconf 78' lang='grc' dir='ltr'>αὐτῆς,</span> <span class='ocrx_word' id='word_1_132' title='bbox 3187 1593 3330 1647; x_wconf 80' lang='grc' dir='ltr'>κατὰ</span> 
     </span>
    </p>
   </div>
   <div class='ocr_carea' id='block_1_18' title="bbox 1729 1675 3329 1754">
    <p class='ocr_par' dir='ltr' id='par_1_18' title="bbox 1729 1675 3329 1754">
     <span class='ocr_line' id='line_1_18' title="bbox 1729 1675 3329 1754; baseline 0.006 -26"><span class='ocrx_word' id='word_1_133' title='bbox 1729 1675 1842 1747; x_wconf 79' lang='grc' dir='ltr'><strong>τὴν</strong></span> <span class='ocrx_word' id='word_1_134' title='bbox 1867 1675 1961 1729; x_wconf 77' lang='grc' dir='ltr'>τοῦ</span> <span class='ocrx_word' id='word_1_135' title='bbox 1997 1677 2286 1730; x_wconf 84' lang='grc' dir='ltr'>θεσπεσίου</span> <span class='ocrx_word' id='word_1_136' title='bbox 2309 1679 2522 1735; x_wconf 80' lang='grc' dir='ltr'>Παύλου</span> <span class='ocrx_word' id='word_1_137' title='bbox 2555 1683 2740 1753; x_wconf 83' lang='grc' dir='ltr'>φωνήν</span> <span class='ocrx_word' id='word_1_138' title='bbox 2760 1699 2774 1712; x_wconf 90' lang='grc'><strong>·</strong></span> <span class='ocrx_word' id='word_1_139' title='bbox 2796 1682 2954 1754; x_wconf 77' lang='grc' dir='ltr'>διέϐη</span> <span class='ocrx_word' id='word_1_140' title='bbox 2981 1683 3039 1737; x_wconf 81' lang='grc' dir='ltr'><strong>δὲ</strong></span> <span class='ocrx_word' id='word_1_141' title='bbox 3061 1683 3204 1738; x_wconf 79' lang='grc' dir='ltr'>οὕτω</span> <span class='ocrx_word' id='word_1_142' title='bbox 3232 1685 3329 1738; x_wconf 75' lang='grc' dir='ltr'>καὶ</span> 
     </span>
    </p>
   </div>
   <div class='ocr_carea' id='block_1_19' title="bbox 1728 1767 3261 1844">
    <p class='ocr_par' dir='ltr' id='par_1_19' title="bbox 1728 1767 3261 1844">
     <span class='ocr_line' id='line_1_19' title="bbox 1728 1767 3261 1844; baseline 0.005 -23"><span class='ocrx_word' id='word_1_143' title='bbox 1728 1767 1822 1832; x_wconf 74' lang='grc' dir='ltr'><strong>είς</strong></span> <span class='ocrx_word' id='word_1_144' title='bbox 1847 1767 1994 1838; x_wconf 69' lang='grc' dir='ltr'>ἡμᾶς</span> <span class='ocrx_word' id='word_1_145' title='bbox 2021 1767 2220 1831; x_wconf 77' lang='grc' dir='ltr'>αὐτοὺς</span> <span class='ocrx_word' id='word_1_146' title='bbox 2262 1768 2322 1822; x_wconf 83' lang='grc' dir='ltr'><strong>τὸ</strong></span> <span class='ocrx_word' id='word_1_147' title='bbox 2350 1772 2416 1823; x_wconf 81' lang='grc' dir='ltr'><strong>εκ</strong></span> <span class='ocrx_word' id='word_1_148' title='bbox 2451 1771 2546 1824; x_wconf 78' lang='grc' dir='ltr'>τοῦ</span> <span class='ocrx_word' id='word_1_149' title='bbox 2579 1771 3000 1844; x_wconf 78' lang='grc' dir='ltr'>κατορθώματος</span> <span class='ocrx_word' id='word_1_150' title='bbox 3038 1773 3261 1842; x_wconf 84' lang='grc' dir='ltr'>ἀγαθόν.</span> 
     </span>
    </p>
   </div>
   <div class='ocr_carea' id='block_1_20' title="bbox 1810 1941 2331 2016">
    <p class='ocr_par' dir='ltr' id='par_1_20' title="bbox 1810 1941 2331 2016">
     <span class='ocr_line' id='line_1_20' title="bbox 1810 1941 2331 2016; baseline 0.004 -20"><span class='ocrx_word' id='word_1_151' title='bbox 1810 1941 1876 1998; x_wconf 88' lang='grc' dir='ltr'><strong>Β.</strong></span> <span class='ocrx_word' id='word_1_152' title='bbox 1911 1945 2145 2014; x_wconf 80' lang='grc' dir='ltr'>’Δριστα</span> <span class='ocrx_word' id='word_1_153' title='bbox 2173 1945 2331 2016; x_wconf 77' lang='grc' dir='ltr'>ἔφης.</span> 
     </span>
    </p>
   </div>
   <div class='ocr_carea' id='block_1_21' title="bbox 1809 2034 3076 2111">
    <p class='ocr_par' dir='ltr' id='par_1_21' title="bbox 1809 2034 3076 2111">
     <span class='ocr_line' id='line_1_21' title="bbox 1809 2034 3076 2111; baseline 0.008 -24"><span class='ocrx_word' id='word_1_154' title='bbox 1809 2036 1876 2088; x_wconf 80' lang='grc' dir='ltr'>Δ.</span> <span class='ocrx_word' id='word_1_155' title='bbox 1906 2034 2099 2103; x_wconf 80' lang='grc' dir='ltr'>Ἀθρει</span> <span class='ocrx_word' id='word_1_156' title='bbox 2124 2036 2181 2088; x_wconf 81' lang='grc' dir='ltr'><strong>δὲ</strong></span> <span class='ocrx_word' id='word_1_157' title='bbox 2215 2037 2278 2106; x_wconf 88' lang='grc' dir='ltr'><strong>δή</strong></span> <span class='ocrx_word' id='word_1_158' title='bbox 2318 2055 2408 2107; x_wconf 84' lang='grc' dir='ltr'><strong>μοι</strong></span> <span class='ocrx_word' id='word_1_159' title='bbox 2442 2038 2666 2092; x_wconf 84' lang='grc' dir='ltr'>κάκεῖνο</span> <span class='ocrx_word' id='word_1_160' title='bbox 2691 2037 2826 2111; x_wconf 81' lang='grc' dir='ltr'>πρὸς</span> <span class='ocrx_word' id='word_1_161' title='bbox 2846 2041 3076 2107; x_wconf 77' lang='grc' dir='ltr'>τούτοις.</span> 
     </span>
    </p>
   </div>
   <div class='ocr_carea' id='block_1_22' title="bbox 1807 2123 2316 2198">
    <p class='ocr_par' dir='ltr' id='par_1_22' title="bbox 1807 2123 2316 2198">
     <span class='ocr_line' id='line_1_22' title="bbox 1807 2123 2316 2198; baseline 0.006 -21"><span class='ocrx_word' id='word_1_162' title='bbox 1807 2123 1873 2178; x_wconf 91' lang='grc' dir='ltr'><strong>Β.</strong></span> <span class='ocrx_word' id='word_1_163' title='bbox 1905 2125 1979 2178; x_wconf 82' lang='grc' dir='ltr'>Τὸ</span> <span class='ocrx_word' id='word_1_164' title='bbox 2004 2125 2056 2179; x_wconf 82' lang='grc' dir='ltr'><strong>τί</strong></span> <span class='ocrx_word' id='word_1_165' title='bbox 2089 2126 2152 2197; x_wconf 82' lang='grc' dir='ltr'>δὴ</span> <span class='ocrx_word' id='word_1_166' title='bbox 2176 2127 2316 2198; x_wconf 80' lang='grc' dir='ltr'><strong>φής;</strong></span> 
     </span>
    </p>
   </div>
   <div class='ocr_carea' id='block_1_23' title="bbox 1806 2214 3324 2291">
    <p class='ocr_par' dir='ltr' id='par_1_23' title="bbox 1806 2214 3324 2291">
     <span class='ocr_line' id='line_1_23' title="bbox 1806 2214 3324 2291; baseline 0.008 -24"><span class='ocrx_word' id='word_1_167' title='bbox 1806 2214 1876 2272; x_wconf 79' lang='grc' dir='ltr'>Δ.</span> <span class='ocrx_word' id='word_1_168' title='bbox 1934 2217 2079 2287; x_wconf 81' lang='grc' dir='ltr'>Ἔφη</span> <span class='ocrx_word' id='word_1_169' title='bbox 2137 2234 2240 2270; x_wconf 82' lang='grc' dir='ltr'><strong>που</strong></span> <span class='ocrx_word' id='word_1_170' title='bbox 2289 2218 2525 2290; x_wconf 83' lang='grc' dir='ltr'>Χριστὸς</span> <span class='ocrx_word' id='word_1_171' title='bbox 2574 2223 2687 2284; x_wconf 87' lang='grc' dir='ltr'>τοῖς</span> <span class='ocrx_word' id='word_1_172' title='bbox 2736 2217 2912 2291; x_wconf 77' lang='grc' dir='ltr'>ἁγίοις</span> <span class='ocrx_word' id='word_1_173' title='bbox 2967 2225 3324 2290; x_wconf 73' lang='grc' dir='ltr'>ἀποστόλοις,</span> 
     </span>
    </p>
   </div>
   <div class='ocr_carea' id='block_1_24' title="bbox 1735 2307 3329 2387">
    <p class='ocr_par' dir='ltr' id='par_1_24' title="bbox 1735 2307 3329 2387">
     <span class='ocr_line' id='line_1_24' title="bbox 1735 2307 3329 2387; baseline 0.005 -25"><span class='ocrx_word' id='word_1_174' title='bbox 1735 2326 1766 2362; x_wconf 73' lang='grc' dir='ltr'><strong>σ</strong></span> <span class='ocrx_word' id='word_1_175' title='bbox 1801 2307 2188 2378; x_wconf 78' lang='grc' dir='ltr'>Πορευθέντες,</span> <span class='ocrx_word' id='word_1_176' title='bbox 2216 2309 2595 2380; x_wconf 82' lang='grc' dir='ltr'>μαθητεύσατε</span> <span class='ocrx_word' id='word_1_177' title='bbox 2624 2313 2803 2366; x_wconf 81' lang='grc' dir='ltr'>πάντα</span> <span class='ocrx_word' id='word_1_178' title='bbox 2836 2314 2904 2367; x_wconf 84' lang='grc' dir='ltr'><strong>τὰ</strong></span> <span class='ocrx_word' id='word_1_179' title='bbox 2947 2315 3098 2387; x_wconf 86' lang='grc' dir='ltr'>ἔθνη,</span> <span class='ocrx_word' id='word_1_180' title='bbox 3136 2316 3329 2386; x_wconf 83' lang='grc' dir='ltr'>βαπτί-</span> 
     </span>
    </p>
   </div>
   <div class='ocr_carea' id='block_1_25' title="bbox 1732 2394 3324 2476">
    <p class='ocr_par' dir='ltr' id='par_1_25' title="bbox 1732 2394 3324 2476">
     <span class='ocr_line' id='line_1_25' title="bbox 1732 2394 3324 2476; baseline 0.006 -24"><span class='ocrx_word' id='word_1_181' title='bbox 1732 2394 1924 2466; x_wconf 73' lang='grc' dir='ltr'>ζοντες</span> <span class='ocrx_word' id='word_1_182' title='bbox 1949 2401 2146 2465; x_wconf 77' lang='grc' dir='ltr'>αὐτοὺς</span> <span class='ocrx_word' id='word_1_183' title='bbox 2169 2403 2246 2464; x_wconf 76' lang='grc' dir='ltr'>εἰς</span> <span class='ocrx_word' id='word_1_184' title='bbox 2272 2403 2334 2456; x_wconf 85' lang='grc' dir='ltr'><strong>τὸ</strong></span> <span class='ocrx_word' id='word_1_185' title='bbox 2357 2402 2529 2474; x_wconf 70' lang='grc' dir='ltr'>ὄνομα</span> <span class='ocrx_word' id='word_1_186' title='bbox 2556 2404 2650 2457; x_wconf 83' lang='grc' dir='ltr'>τοῦ</span> <span class='ocrx_word' id='word_1_187' title='bbox 2672 2405 2907 2476; x_wconf 83' lang='grc' dir='ltr'>Πατρὸς,</span> <span class='ocrx_word' id='word_1_188' title='bbox 2941 2408 3033 2460; x_wconf 76' lang='grc' dir='ltr'><strong>καὶ</strong></span> <span class='ocrx_word' id='word_1_189' title='bbox 3057 2407 3148 2460; x_wconf 84' lang='grc' dir='ltr'>τοῦ</span> <span class='ocrx_word' id='word_1_190' title='bbox 3171 2407 3324 2472; x_wconf 83' lang='grc' dir='ltr'>Υἱοῢ,</span> 
     </span>
    </p>
   </div>
   <div class='ocr_carea' id='block_1_26' title="bbox 1731 2489 3327 2570">
    <p class='ocr_par' dir='ltr' id='par_1_26' title="bbox 1731 2489 3327 2570">
     <span class='ocr_line' id='line_1_26' title="bbox 1731 2489 3327 2570; baseline 0.006 -27"><span class='ocrx_word' id='word_1_191' title='bbox 1731 2489 1952 2544; x_wconf 74' lang='grc' dir='ltr'>καὶτοῦ</span> <span class='ocrx_word' id='word_1_192' title='bbox 1999 2492 2157 2560; x_wconf 85' lang='grc' dir='ltr'>ἁγίου</span> <span class='ocrx_word' id='word_1_193' title='bbox 2205 2493 2542 2564; x_wconf 86' lang='grc' dir='ltr'>Πνεύματος.</span> <span class='ocrx_word' id='word_1_194' title='bbox 2589 2514 2609 2546; x_wconf 71' lang='grc' dir='ltr'><strong>ι</strong></span> <span class='ocrx_word' id='word_1_195' title='bbox 2657 2496 3080 2568; x_wconf 79' lang='grc' dir='ltr'>Βεϐαπτίσμεθα</span> <span class='ocrx_word' id='word_1_196' title='bbox 3116 2498 3182 2570; x_wconf 78' lang='grc' dir='ltr'><strong>δὴ</strong></span> <span class='ocrx_word' id='word_1_197' title='bbox 3232 2494 3327 2552; x_wconf 78' lang='grc' dir='ltr'><strong>οὖν</strong></span> 
     </span>
    </p>
   </div>
   <div class='ocr_carea' id='block_1_27' title="bbox 1731 2581 3328 2663">
    <p class='ocr_par' dir='ltr' id='par_1_27' title="bbox 1731 2581 3328 2663">
     <span class='ocr_line' id='line_1_27' title="bbox 1731 2581 3328 2663; baseline 0.007 -30"><span class='ocrx_word' id='word_1_198' title='bbox 1731 2583 1818 2644; x_wconf 80' lang='grc' dir='ltr'>εἰς</span> <span class='ocrx_word' id='word_1_199' title='bbox 1848 2581 2008 2650; x_wconf 78' lang='grc' dir='ltr'>ἁγίαν</span> <span class='ocrx_word' id='word_1_200' title='bbox 2041 2585 2136 2636; x_wconf 77' lang='grc' dir='ltr'>καὶ</span> <span class='ocrx_word' id='word_1_201' title='bbox 2172 2584 2457 2655; x_wconf 83' lang='grc' dir='ltr'>ὁμοούσιον</span> <span class='ocrx_word' id='word_1_202' title='bbox 2489 2586 2717 2655; x_wconf 79' lang='grc' dir='ltr'>Τριάδα,</span> <span class='ocrx_word' id='word_1_203' title='bbox 2751 2589 2851 2658; x_wconf 79' lang='grc' dir='ltr'>τὴν</span> <span class='ocrx_word' id='word_1_204' title='bbox 2877 2587 2935 2640; x_wconf 79' lang='grc' dir='ltr'>ἐν</span> <span class='ocrx_word' id='word_1_205' title='bbox 2969 2588 3033 2656; x_wconf 91' lang='grc' dir='ltr'><strong>γέ</strong></span> <span class='ocrx_word' id='word_1_206' title='bbox 3076 2607 3218 2660; x_wconf 82' lang='grc' dir='ltr'>φημι</span> <span class='ocrx_word' id='word_1_207' title='bbox 3249 2590 3328 2663; x_wconf 80' lang='grc' dir='ltr'>τῷ</span> 
     </span>
    </p>
   </div>
   <div class='ocr_carea' id='block_1_28' title="bbox 1732 2672 3330 2750">
    <p class='ocr_par' dir='ltr' id='par_1_28' title="bbox 1732 2672 3330 2750">
     <span class='ocr_line' id='line_1_28' title="bbox 1732 2672 3330 2750; baseline 0.008 -26"><span class='ocrx_word' id='word_1_208' title='bbox 1732 2672 1934 2743; x_wconf 75' lang='grc' dir='ltr'>Πατρὶ,</span> <span class='ocrx_word' id='word_1_209' title='bbox 1966 2675 2062 2727; x_wconf 65' lang='grc' dir='ltr'><strong>καὶ⁹</strong></span> <span class='ocrx_word' id='word_1_210' title='bbox 2088 2675 2166 2745; x_wconf 79' lang='grc' dir='ltr'>τῷ</span> <span class='ocrx_word' id='word_1_211' title='bbox 2199 2677 2335 2748; x_wconf 82' lang='grc' dir='ltr'>Υἱῷ,</span> <span class='ocrx_word' id='word_1_212' title='bbox 2372 2677 2470 2732; x_wconf 78' lang='grc' dir='ltr'><strong>καὶ</strong></span> <span class='ocrx_word' id='word_1_213' title='bbox 2492 2677 2571 2748; x_wconf 80' lang='grc' dir='ltr'>τῷ</span> <span class='ocrx_word' id='word_1_214' title='bbox 2609 2678 2751 2749; x_wconf 85' lang='grc' dir='ltr'>ἁγίῳ</span> <span class='ocrx_word' id='word_1_215' title='bbox 2785 2679 3091 2750; x_wconf 84' lang='grc' dir='ltr'>[Ινεύματι.</span> <span class='ocrx_word' id='word_1_216' title='bbox 3121 2680 3194 2736; x_wconf 83' lang='grc' dir='ltr'>Ἦ</span> <span class='ocrx_word' id='word_1_217' title='bbox 3226 2685 3330 2737; x_wconf 84' lang='grc' dir='ltr'><strong>οὐκ</strong></span> 
     </span>
    </p>
   </div>
   <div class='ocr_carea' id='block_1_29' title="bbox 1735 2761 2733 2837">
    <p class='ocr_par' dir='ltr' id='par_1_29' title="bbox 1735 2761 2733 2837">
     <span class='ocr_line' id='line_1_29' title="bbox 1735 2761 2733 2837; baseline 0.011 -23"><span class='ocrx_word' id='word_1_218' title='bbox 1735 2761 1936 2834; x_wconf 80' lang='grc' dir='ltr'>ἀληθὲς</span> <span class='ocrx_word' id='word_1_219' title='bbox 1961 2765 2098 2837; x_wconf 82' lang='grc' dir='ltr'>ὅπερ</span> <span class='ocrx_word' id='word_1_220' title='bbox 2127 2766 2298 2837; x_wconf 78' lang='grc' dir='ltr'>ἔφην;</span> <span class='ocrx_word' id='word_1_221' title='bbox 2411 2817 2416 2822; x_wconf 94' lang='grc'><strong>.</strong></span> <span class='ocrx_word' id='word_1_222' title='bbox 2726 2805 2733 2815; x_wconf 88' lang='grc'><strong>-</strong></span> 
     </span>
    </p>
   </div>
   <div class='ocr_carea' id='block_1_30' title="bbox 1803 2854 2436 2930">
    <p class='ocr_par' dir='ltr' id='par_1_30' title="bbox 1803 2854 2436 2930">
     <span class='ocr_line' id='line_1_30' title="bbox 1803 2854 2436 2930; baseline 0.006 -22"><span class='ocrx_word' id='word_1_223' title='bbox 1803 2854 1870 2910; x_wconf 89' lang='grc' dir='ltr'><strong>Β.</strong></span> <span class='ocrx_word' id='word_1_224' title='bbox 1902 2856 2012 2909; x_wconf 75' lang='grc' dir='ltr'>Καὶ</span> <span class='ocrx_word' id='word_1_225' title='bbox 2046 2859 2164 2922; x_wconf 79' lang='grc' dir='ltr'><strong>πῶς</strong></span> <span class='ocrx_word' id='word_1_226' title='bbox 2206 2859 2315 2930; x_wconf 79' lang='grc' dir='ltr'><strong>γὰρ</strong></span> <span class='ocrx_word' id='word_1_227' title='bbox 2342 2857 2436 2925; x_wconf 76' lang='grc' dir='ltr'>ού;</span> 
     </span>
    </p>
   </div>
   <div class='ocr_carea' id='block_1_31' title="bbox 1795 2948 3328 3030">
    <p class='ocr_par' dir='ltr' id='par_1_31' title="bbox 1795 2948 3328 3030">
     <span class='ocr_line' id='line_1_31' title="bbox 1795 2948 3328 3030; baseline 0.009 -29"><span class='ocrx_word' id='word_1_228' title='bbox 1795 2948 1864 3001; x_wconf 74' lang='grc' dir='ltr'>Α.</span> <span class='ocrx_word' id='word_1_229' title='bbox 1901 2949 1976 3002; x_wconf 84' lang='grc' dir='ltr'><strong>Οὐ</strong></span> <span class='ocrx_word' id='word_1_230' title='bbox 2007 2950 2227 3022; x_wconf 80' lang='grc' dir='ltr'>Πατέρα</span> <span class='ocrx_word' id='word_1_231' title='bbox 2259 2952 2362 3023; x_wconf 88' lang='grc' dir='ltr'>μὲν</span> <span class='ocrx_word' id='word_1_232' title='bbox 2393 2953 2621 3025; x_wconf 78' lang='grc' dir='ltr'>νοοῦμεν</span> <span class='ocrx_word' id='word_1_233' title='bbox 2647 2955 2739 3008; x_wconf 85' lang='grc' dir='ltr'><strong>τὸν</strong></span> <span class='ocrx_word' id='word_1_234' title='bbox 2766 2959 3154 3030; x_wconf 83' lang='grc' dir='ltr'>γεγεννηκότα,</span> <span class='ocrx_word' id='word_1_235' title='bbox 3199 2959 3328 3015; x_wconf 79' lang='grc' dir='ltr'>Υίδν</span> 
     </span>
    </p>
   </div>
   <div class='ocr_carea' id='block_1_32' title="bbox 1731 3035 3329 3125">
    <p class='ocr_par' dir='ltr' id='par_1_32' title="bbox 1731 3035 3329 3125">
     <span class='ocr_line' id='line_1_32' title="bbox 1731 3035 3329 3125; baseline 0.01 -30"><span class='ocrx_word' id='word_1_236' title='bbox 1731 3035 1794 3095; x_wconf 74' lang='grc' dir='ltr'><strong>δὲ</strong></span> <span class='ocrx_word' id='word_1_237' title='bbox 1821 3040 1888 3114; x_wconf 83' lang='grc' dir='ltr'><strong>δὴ</strong></span> <span class='ocrx_word' id='word_1_238' title='bbox 1932 3042 2030 3112; x_wconf 67' lang='grc' dir='ltr'>κα).</span> <span class='ocrx_word' id='word_1_239' title='bbox 2079 3040 2146 3096; x_wconf 78' lang='grc' dir='ltr'>αὖ</span> <span class='ocrx_word' id='word_1_240' title='bbox 2173 3043 2264 3098; x_wconf 78' lang='grc' dir='ltr'><strong>τὸν</strong></span> <span class='ocrx_word' id='word_1_241' title='bbox 2294 3045 2354 3110; x_wconf 79' lang='grc' dir='ltr'>ὲξ</span> <span class='ocrx_word' id='word_1_242' title='bbox 2393 3046 2560 3101; x_wconf 80' lang='grc' dir='ltr'>αὑτοῦ</span> <span class='ocrx_word' id='word_1_243' title='bbox 2591 3048 2734 3103; x_wconf 85' lang='grc' dir='ltr'>κατὰ</span> <span class='ocrx_word' id='word_1_244' title='bbox 2780 3050 2943 3119; x_wconf 80' lang='grc' dir='ltr'>φύσιν</span> <span class='ocrx_word' id='word_1_245' title='bbox 2995 3054 3329 3125; x_wconf 82' lang='grc' dir='ltr'>γεννηθέντα</span> 
     </span>
    </p>
   </div>
   <div class='ocr_carea' id='block_1_33' title="bbox 1734 3131 2391 3203">
    <p class='ocr_par' dir='ltr' id='par_1_33' title="bbox 1734 3131 2391 3203">
     <span class='ocr_line' id='line_1_33' title="bbox 1734 3131 2391 3203; baseline 0.009 -21"><span class='ocrx_word' id='word_1_246' title='bbox 1734 3133 2001 3202; x_wconf 84' lang='grc' dir='ltr'>μονογενῆ</span> <span class='ocrx_word' id='word_1_247' title='bbox 2023 3131 2156 3185; x_wconf 71' lang='grc' dir='ltr'>Θεὸν</span> <span class='ocrx_word' id='word_1_248' title='bbox 2188 3133 2391 3203; x_wconf 74' lang='grc' dir='ltr'>Λόγονς</span> 
     </span>
    </p>
   </div>
   <div class='ocr_carea' id='block_1_34' title="bbox 1805 3224 2204 3295">
    <p class='ocr_par' dir='ltr' id='par_1_34' title="bbox 1805 3224 2204 3295">
     <span class='ocr_line' id='line_1_34' title="bbox 1805 3224 2204 3295; baseline 0.01 -19"><span class='ocrx_word' id='word_1_249' title='bbox 1805 3224 1868 3278; x_wconf 88' lang='grc' dir='ltr'><strong>Β.</strong></span> <span class='ocrx_word' id='word_1_250' title='bbox 1898 3225 2006 3277; x_wconf 71' lang='grc' dir='ltr'><strong>Καὶ</strong></span> <span class='ocrx_word' id='word_1_251' title='bbox 2039 3225 2204 3295; x_wconf 65' lang='grc' dir='ltr'>πάνυ.</span> 
     </span>
    </p>
   </div>
   <div class='ocr_carea' id='block_1_35' title="bbox 1802 3313 3321 3398">
    <p class='ocr_par' dir='ltr' id='par_1_35' title="bbox 1802 3313 3321 3398">
     <span class='ocr_line' id='line_1_35' title="bbox 1802 3313 3321 3398; baseline 0.009 -30"><span class='ocrx_word' id='word_1_252' title='bbox 1802 3315 1871 3370; x_wconf 83' lang='grc' dir='ltr'>Δ.</span> <span class='ocrx_word' id='word_1_253' title='bbox 1909 3315 2036 3378; x_wconf 78' lang='grc' dir='ltr'>Πῶς</span> <span class='ocrx_word' id='word_1_254' title='bbox 2061 3317 2157 3371; x_wconf 79' lang='grc' dir='ltr'><strong>οὖν</strong></span> <span class='ocrx_word' id='word_1_255' title='bbox 2193 3317 2273 3382; x_wconf 84' lang='grc' dir='ltr'><strong>είς</strong></span> <span class='ocrx_word' id='word_1_256' title='bbox 2314 3315 2407 3373; x_wconf 75' lang='grc' dir='ltr'><strong>τὸν</strong></span> <span class='ocrx_word' id='word_1_257' title='bbox 2442 3313 2668 3377; x_wconf 85' lang='grc' dir='ltr'>θάνατον</span> <span class='ocrx_word' id='word_1_258' title='bbox 2698 3322 2862 3377; x_wconf 80' lang='grc' dir='ltr'>αὑτοῦ</span> <span class='ocrx_word' id='word_1_259' title='bbox 2891 3317 3321 3398; x_wconf 77' lang='grc' dir='ltr'>βεϐαπτίσμεθα,</span> 
     </span>
    </p>
   </div>
   <div class='ocr_carea' id='block_1_36' title="bbox 1733 3407 3321 3492">
    <p class='ocr_par' dir='ltr' id='par_1_36' title="bbox 1733 3407 3321 3492">
     <span class='ocr_line' id='line_1_36' title="bbox 1733 3407 3321 3492; baseline 0.006 -29"><span class='ocrx_word' id='word_1_260' title='bbox 1733 3407 1878 3463; x_wconf 80' lang='grc' dir='ltr'>κατὰ</span> <span class='ocrx_word' id='word_1_261' title='bbox 1901 3407 2000 3481; x_wconf 80' lang='grc' dir='ltr'>τὴν</span> <span class='ocrx_word' id='word_1_262' title='bbox 2027 3409 2121 3463; x_wconf 81' lang='grc' dir='ltr'>τοῦ</span> <span class='ocrx_word' id='word_1_263' title='bbox 2155 3411 2428 3481; x_wconf 85' lang='grc' dir='ltr'>μακαρίου</span> <span class='ocrx_word' id='word_1_264' title='bbox 2458 3415 2673 3469; x_wconf 86' lang='grc' dir='ltr'>Παύλου</span> <span class='ocrx_word' id='word_1_265' title='bbox 2703 3418 2925 3488; x_wconf 77' lang='grc' dir='ltr'>φωνήν;</span> <span class='ocrx_word' id='word_1_266' title='bbox 2968 3437 2987 3468; x_wconf 72' lang='grc' dir='ltr'>α</span> <span class='ocrx_word' id='word_1_267' title='bbox 3015 3418 3170 3472; x_wconf 84' lang='grc' dir='ltr'>Ὅσοι</span> <span class='ocrx_word' id='word_1_268' title='bbox 3192 3420 3321 3492; x_wconf 82' lang='grc' dir='ltr'>γὰρ,</span> 
     </span>
    </p>
   </div>
   <div class='ocr_carea' id='block_1_37' title="bbox 1731 3498 3326 3576">
    <p class='ocr_par' dir='ltr' id='par_1_37' title="bbox 1731 3498 3326 3576">
     <span class='ocr_line' id='line_1_37' title="bbox 1731 3498 3326 3576; baseline 0.01 -26"><span class='ocrx_word' id='word_1_269' title='bbox 1731 3498 1922 3569; x_wconf 75' lang='grc' dir='ltr'>φησὶν,</span> <span class='ocrx_word' id='word_1_270' title='bbox 1944 3500 2025 3564; x_wconf 76' lang='grc' dir='ltr'>εἰς</span> <span class='ocrx_word' id='word_1_271' title='bbox 2048 3500 2283 3569; x_wconf 74' lang='grc' dir='ltr'>Χριστὸν</span> <span class='ocrx_word' id='word_1_272' title='bbox 2309 3501 2743 3576; x_wconf 76' lang='grc' dir='ltr'>ἐϐαπτίσθημεν,</span> <span class='ocrx_word' id='word_1_273' title='bbox 2771 3508 2852 3570; x_wconf 84' lang='grc' dir='ltr'><strong>είς</strong></span> <span class='ocrx_word' id='word_1_274' title='bbox 2873 3508 2964 3561; x_wconf 86' lang='grc' dir='ltr'><strong>τὸν</strong></span> <span class='ocrx_word' id='word_1_275' title='bbox 2980 3507 3210 3564; x_wconf 83' lang='grc' dir='ltr'>θάνατον</span> <span class='ocrx_word' id='word_1_276' title='bbox 3233 3511 3326 3565; x_wconf 79' lang='grc' dir='ltr'><strong>αὖ·</strong></span> 
     </span>
    </p>
   </div>
   <div class='ocr_carea' id='block_1_38' title="bbox 1731 3588 3326 3672">
    <p class='ocr_par' dir='ltr' id='par_1_38' title="bbox 1731 3588 3326 3672">
     <span class='ocr_line' id='line_1_38' title="bbox 1731 3588 3326 3672; baseline 0.014 -37"><span class='ocrx_word' id='word_1_277' title='bbox 1731 3588 1829 3642; x_wconf 82' lang='grc' dir='ltr'>τοῦ</span> <span class='ocrx_word' id='word_1_278' title='bbox 1862 3589 2340 3662; x_wconf 56' lang='grc' dir='ltr'>ἐϐαπτίσθημεν.)</span> <span class='ocrx_word' id='word_1_279' title='bbox 2379 3595 2521 3649; x_wconf 86' lang='grc' dir='ltr'>Ἀλλ’</span> <span class='ocrx_word' id='word_1_280' title='bbox 2559 3590 2641 3661; x_wconf 76' lang='grc' dir='ltr'>εἷς</span> <span class='ocrx_word' id='word_1_281' title='bbox 2667 3593 2893 3670; x_wconf 83' lang='grc' dir='ltr'>Κύριος,</span> <span class='ocrx_word' id='word_1_282' title='bbox 2912 3601 3012 3672; x_wconf 86' lang='grc' dir='ltr'><strong>μία</strong></span> <span class='ocrx_word' id='word_1_283' title='bbox 3037 3601 3238 3670; x_wconf 78' lang='grc' dir='ltr'>πίστις,</span> <span class='ocrx_word' id='word_1_284' title='bbox 3266 3603 3326 3658; x_wconf 77' lang='grc' dir='ltr'>ἓν</span> 
     </span>
    </p>
   </div>
   <div class='ocr_carea' id='block_1_39' title="bbox 1733 3680 3327 3766">
    <p class='ocr_par' dir='ltr' id='par_1_39' title="bbox 1733 3680 3327 3766">
     <span class='ocr_line' id='line_1_39' title="bbox 1733 3680 3327 3766; baseline 0.012 -33"><span class='ocrx_word' id='word_1_285' title='bbox 1733 3680 2038 3752; x_wconf 75' lang='grc' dir='ltr'>βάπτισμα,</span> <span class='ocrx_word' id='word_1_286' title='bbox 2074 3684 2170 3736; x_wconf 62' lang='grc' dir='ltr'><strong>καί⁸</strong></span> <span class='ocrx_word' id='word_1_287' title='bbox 2201 3685 2262 3738; x_wconf 84' lang='grc' dir='ltr'>οὐ</span> <span class='ocrx_word' id='word_1_288' title='bbox 2288 3685 2460 3758; x_wconf 78' lang='grc' dir='ltr'>δήπου</span> <span class='ocrx_word' id='word_1_289' title='bbox 2491 3690 2652 3757; x_wconf 83' lang='grc' dir='ltr'>φαῖεν</span> <span class='ocrx_word' id='word_1_290' title='bbox 2677 3689 2764 3758; x_wconf 86' lang='grc' dir='ltr'><strong>ἂν,</strong></span> <span class='ocrx_word' id='word_1_291' title='bbox 2789 3685 2866 3756; x_wconf 81' lang='grc' dir='ltr'>ὡς</span> <span class='ocrx_word' id='word_1_292' title='bbox 2886 3695 2967 3757; x_wconf 81' lang='grc' dir='ltr'><strong>είς</strong></span> <span class='ocrx_word' id='word_1_293' title='bbox 2993 3689 3176 3766; x_wconf 75' lang='grc' dir='ltr'>ἕτερον</span> <span class='ocrx_word' id='word_1_294' title='bbox 3197 3697 3327 3752; x_wconf 72' lang='grc' dir='ltr'>ὄντα</span> 
     </span>
    </p>
   </div>
   <div class='ocr_carea' id='block_1_40' title="bbox 1731 3773 3327 3856">
    <p class='ocr_par' dir='ltr' id='par_1_40' title="bbox 1731 3773 3327 3856">
     <span class='ocr_line' id='line_1_40' title="bbox 1731 3773 3327 3856; baseline 0.011 -31"><span class='ocrx_word' id='word_1_295' title='bbox 1731 3773 1829 3826; x_wconf 80' lang='grc' dir='ltr'>καὶ</span> <span class='ocrx_word' id='word_1_296' title='bbox 1870 3774 2053 3838; x_wconf 82' lang='grc' dir='ltr'>ξδικῶς</span> <span class='ocrx_word' id='word_1_297' title='bbox 2097 3777 2226 3830; x_wconf 81' lang='grc' dir='ltr'>Υίδν</span> <span class='ocrx_word' id='word_1_298' title='bbox 2254 3777 2346 3832; x_wconf 80' lang='grc' dir='ltr'><strong>τὸν</strong></span> <span class='ocrx_word' id='word_1_299' title='bbox 2372 3781 2438 3832; x_wconf 79' lang='grc' dir='ltr'>ὲκ</span> <span class='ocrx_word' id='word_1_300' title='bbox 2481 3783 2797 3854; x_wconf 84' lang='grc' dir='ltr'>σπέρματος</span> <span class='ocrx_word' id='word_1_301' title='bbox 2821 3785 2916 3838; x_wconf 81' lang='grc' dir='ltr'>τοῦ</span> <span class='ocrx_word' id='word_1_302' title='bbox 2953 3786 3120 3841; x_wconf 73' lang='grc' dir='ltr'>Δαϐὶδ</span> <span class='ocrx_word' id='word_1_303' title='bbox 3165 3787 3327 3856; x_wconf 75' lang='grc' dir='ltr'>βεϐα-</span> 
     </span>
    </p>
   </div>
   <div class='ocr_carea' id='block_1_41' title="bbox 1731 3861 3333 3945">
    <p class='ocr_par' dir='ltr' id='par_1_41' title="bbox 1731 3861 3333 3945">
     <span class='ocr_line' id='line_1_41' title="bbox 1731 3861 3333 3945; baseline 0.007 -29"><span class='ocrx_word' id='word_1_304' title='bbox 1731 3861 2028 3935; x_wconf 83' lang='grc' dir='ltr'>πτίσμεθα.</span> <span class='ocrx_word' id='word_1_305' title='bbox 2079 3864 2300 3938; x_wconf 82' lang='grc' dir='ltr'>Ἐπειδὴ</span> <span class='ocrx_word' id='word_1_306' title='bbox 2353 3867 2409 3921; x_wconf 81' lang='grc' dir='ltr'><strong>δὲ</strong></span> <span class='ocrx_word' id='word_1_307' title='bbox 2440 3867 2574 3932; x_wconf 83' lang='grc' dir='ltr'>Θεὸς</span> <span class='ocrx_word' id='word_1_308' title='bbox 2621 3869 2696 3924; x_wconf 87' lang='grc' dir='ltr'>ὣν</span> <span class='ocrx_word' id='word_1_309' title='bbox 2741 3870 2899 3940; x_wconf 86' lang='grc' dir='ltr'>φύσει</span> <span class='ocrx_word' id='word_1_310' title='bbox 2944 3871 3086 3945; x_wconf 82' lang='grc' dir='ltr'>πέρα</span> <span class='ocrx_word' id='word_1_311' title='bbox 3124 3877 3333 3927; x_wconf 86' lang='grc' dir='ltr'>νοεῖται-</span> 
     </span>
    </p>
   </div>
   <div class='ocr_carea' id='block_1_42' title="bbox 1731 3951 3325 4034">
    <p class='ocr_par' dir='ltr' id='par_1_42' title="bbox 1731 3951 3325 4034">
     <span class='ocr_line' id='line_1_42' title="bbox 1731 3951 3325 4034; baseline 0.007 -28"><span class='ocrx_word' id='word_1_312' title='bbox 1731 3953 1963 4019; x_wconf 85' lang='grc' dir='ltr'>πάθους,</span> <span class='ocrx_word' id='word_1_313' title='bbox 1998 3951 2116 4008; x_wconf 79' lang='grc' dir='ltr'>εἶτα</span> <span class='ocrx_word' id='word_1_314' title='bbox 2163 3955 2358 4011; x_wconf 86' lang='grc' dir='ltr'>παθεῖν</span> <span class='ocrx_word' id='word_1_315' title='bbox 2401 3959 2690 4031; x_wconf 72' lang='grc' dir='ltr'>ἠθέλησεν,</span> <span class='ocrx_word' id='word_1_316' title='bbox 2733 3963 2821 4016; x_wconf 85' lang='grc' dir='ltr'><strong>ἴνα</strong></span> <span class='ocrx_word' id='word_1_317' title='bbox 2868 3962 3016 4034; x_wconf 80' lang='grc' dir='ltr'>σώσῃ</span> <span class='ocrx_word' id='word_1_318' title='bbox 3062 3965 3189 4026; x_wconf 79' lang='grc' dir='ltr'>τοὺς</span> <span class='ocrx_word' id='word_1_319' title='bbox 3219 3964 3325 4018; x_wconf 84' lang='grc' dir='ltr'>ὑπὸ</span> 
     </span>
    </p>
   </div>
   <div class='ocr_carea' id='block_1_43' title="bbox 1730 4043 3325 4119">
    <p class='ocr_par' dir='ltr' id='par_1_43' title="bbox 1730 4043 3325 4119">
     <span class='ocr_line' id='line_1_43' title="bbox 1730 4043 3325 4119; baseline 0.005 -23"><span class='ocrx_word' id='word_1_320' title='bbox 1730 4043 1961 4115; x_wconf 76' lang='grc' dir='ltr'>φθορὰν,</span> <span class='ocrx_word' id='word_1_321' title='bbox 1993 4045 2253 4116; x_wconf 83' lang='grc' dir='ltr'>ὡμοιώθη</span> <span class='ocrx_word' id='word_1_322' title='bbox 2282 4046 2427 4100; x_wconf 84' lang='grc' dir='ltr'><strong>κατὰ</strong></span> <span class='ocrx_word' id='word_1_323' title='bbox 2456 4048 2634 4101; x_wconf 80' lang='grc' dir='ltr'>πάντα</span> <span class='ocrx_word' id='word_1_324' title='bbox 2659 4052 2771 4112; x_wconf 83' lang='grc' dir='ltr'>τοῖς</span> <span class='ocrx_word' id='word_1_325' title='bbox 2795 4051 2888 4103; x_wconf 78' lang='grc' dir='ltr'><strong>ἐπὶ</strong></span> <span class='ocrx_word' id='word_1_326' title='bbox 2919 4051 3042 4119; x_wconf 73' lang='grc' dir='ltr'>γῆς,</span> <span class='ocrx_word' id='word_1_327' title='bbox 3066 4052 3164 4103; x_wconf 75' lang='grc' dir='ltr'><strong>καὶ</strong></span> <span class='ocrx_word' id='word_1_328' title='bbox 3189 4051 3325 4104; x_wconf 82' lang='grc' dir='ltr'><strong>ἀπό·</strong></span> 
     </span>
    </p>
   </div>
   <div class='ocr_carea' id='block_1_44' title="bbox 1729 4130 3324 4210">
    <p class='ocr_par' dir='ltr' id='par_1_44' title="bbox 1729 4130 3324 4210">
     <span class='ocr_line' id='line_1_44' title="bbox 1729 4130 3324 4210; baseline 0.004 -21"><span class='ocrx_word' id='word_1_329' title='bbox 1729 4130 1877 4201; x_wconf 80' lang='grc' dir='ltr'>τεξιν</span> <span class='ocrx_word' id='word_1_330' title='bbox 1923 4131 2190 4205; x_wconf 86' lang='grc' dir='ltr'>ὑπέμεινε</span> <span class='ocrx_word' id='word_1_331' title='bbox 2233 4131 2334 4206; x_wconf 82' lang='grc' dir='ltr'>τὴν</span> <span class='ocrx_word' id='word_1_332' title='bbox 2371 4137 2515 4191; x_wconf 84' lang='grc' dir='ltr'><strong>κατὰ</strong></span> <span class='ocrx_word' id='word_1_333' title='bbox 2568 4137 2748 4210; x_wconf 83' lang='grc' dir='ltr'>σάρκα</span> <span class='ocrx_word' id='word_1_334' title='bbox 2797 4139 2863 4192; x_wconf 84' lang='grc' dir='ltr'>ὲκ</span> <span class='ocrx_word' id='word_1_335' title='bbox 2909 4140 3188 4207; x_wconf 81' lang='grc' dir='ltr'>γυναικὸς,</span> <span class='ocrx_word' id='word_1_336' title='bbox 3229 4142 3324 4195; x_wconf 77' lang='grc' dir='ltr'>καὶ</span> 
     </span>
    </p>
   </div>
   <div class='ocr_carea' id='block_1_45' title="bbox 1732 4223 3321 4299">
    <p class='ocr_par' dir='ltr' id='par_1_45' title="bbox 1732 4223 3321 4299">
     <span class='ocr_line' id='line_1_45' title="bbox 1732 4223 3321 4299; baseline 0.004 -20"><span class='ocrx_word' id='word_1_337' title='bbox 1732 4226 1866 4280; x_wconf 76' lang='grc' dir='ltr'>ἴδιον</span> <span class='ocrx_word' id='word_1_338' title='bbox 1907 4229 2224 4298; x_wconf 74' lang='grc' dir='ltr'>ἐποιήσατο,</span> <span class='ocrx_word' id='word_1_339' title='bbox 2254 4228 2329 4292; x_wconf 84' lang='grc' dir='ltr'>ὡς</span> <span class='ocrx_word' id='word_1_340' title='bbox 2372 4224 2530 4298; x_wconf 76' lang='grc' dir='ltr'>ἔφην,</span> <span class='ocrx_word' id='word_1_341' title='bbox 2575 4223 2759 4299; x_wconf 81' lang='grc' dir='ltr'>σῶμα,</span> <span class='ocrx_word' id='word_1_342' title='bbox 2796 4231 2858 4283; x_wconf 84' lang='grc' dir='ltr'><strong>τὸ</strong></span> <span class='ocrx_word' id='word_1_343' title='bbox 2896 4229 3194 4298; x_wconf 86' lang='grc' dir='ltr'>γεύσασθαι</span> <span class='ocrx_word' id='word_1_344' title='bbox 3226 4233 3321 4287; x_wconf 81' lang='grc' dir='ltr'>τοῦ</span> 
     </span>
    </p>
   </div>
   <div class='ocr_carea' id='block_1_46' title="bbox 1730 4312 3322 4392">
    <p class='ocr_par' dir='ltr' id='par_1_46' title="bbox 1730 4312 3322 4392">
     <span class='ocr_line' id='line_1_46' title="bbox 1730 4312 3322 4392; baseline 0.003 -20"><span class='ocrx_word' id='word_1_345' title='bbox 1730 4314 1968 4373; x_wconf 83' lang='grc' dir='ltr'>θανάτου</span> <span class='ocrx_word' id='word_1_346' title='bbox 2018 4316 2334 4390; x_wconf 78' lang='grc' dir='ltr'>δυνάμενον,</span> <span class='ocrx_word' id='word_1_347' title='bbox 2383 4317 2684 4373; x_wconf 78' lang='grc' dir='ltr'>ἁναόιῶναί</span> <span class='ocrx_word' id='word_1_348' title='bbox 2727 4338 2786 4374; x_wconf 86' lang='grc' dir='ltr'><strong>τε</strong></span> <span class='ocrx_word' id='word_1_349' title='bbox 2824 4322 2918 4375; x_wconf 83' lang='grc' dir='ltr'><strong>καὶ</strong></span> <span class='ocrx_word' id='word_1_350' title='bbox 2965 4312 3055 4388; x_wconf 75' lang='grc' dir='ltr'>αὗ,</span> <span class='ocrx_word' id='word_1_351' title='bbox 3093 4322 3181 4375; x_wconf 83' lang='grc' dir='ltr'><strong>ἵνα</strong></span> <span class='ocrx_word' id='word_1_352' title='bbox 3228 4324 3322 4392; x_wconf 88' lang='grc' dir='ltr'>μέ-</span> 
     </span>
    </p>
   </div>
   <div class='ocr_carea' id='block_1_47' title="bbox 1729 4409 3320 4484">
    <p class='ocr_par' dir='ltr' id='par_1_47' title="bbox 1729 4409 3320 4484">
     <span class='ocr_line' id='line_1_47' title="bbox 1729 4409 3320 4484; baseline 0.004 -21"><span class='ocrx_word' id='word_1_353' title='bbox 1729 4427 1840 4463; x_wconf 85' lang='grc' dir='ltr'>νων</span> <span class='ocrx_word' id='word_1_354' title='bbox 1887 4409 2049 4472; x_wconf 76' lang='grc' dir='ltr'>αὑτὸς</span> <span class='ocrx_word' id='word_1_355' title='bbox 2102 4410 2337 4480; x_wconf 80' lang='grc' dir='ltr'>ἀπαθὴς,</span> <span class='ocrx_word' id='word_1_356' title='bbox 2376 4411 2545 4482; x_wconf 76' lang='grc' dir='ltr'>σαρκὶ</span> <span class='ocrx_word' id='word_1_357' title='bbox 2577 4413 2645 4481; x_wconf 80' lang='grc' dir='ltr'>τῇ</span> <span class='ocrx_word' id='word_1_358' title='bbox 2705 4412 2811 4484; x_wconf 76' lang='grc' dir='ltr'>ἰδία</span> <span class='ocrx_word' id='word_1_359' title='bbox 2855 4411 3068 4481; x_wconf 84' lang='grc' dir='ltr'>λέγοιτο</span> <span class='ocrx_word' id='word_1_360' title='bbox 3105 4413 3320 4471; x_wconf 87' lang='grc' dir='ltr'>παθεῖν.</span> 
     </span>
    </p>
   </div>
   <div class='ocr_carea' id='block_1_48' title="bbox 3435 588 4292 644">
    <p class='ocr_par' dir='ltr' id='par_1_48' title="bbox 3435 588 4292 644">
     <span class='ocr_line' id='line_1_48' title="bbox 3435 588 4292 644; baseline -0.001 -1"><span class='ocrx_word' id='word_1_361' title='bbox 3435 605 3556 644; x_wconf 86' lang='lat' dir='ltr'><strong>inus</strong></span> <span class='ocrx_word' id='word_1_362' title='bbox 3585 588 3816 644; x_wconf 77' lang='lat' dir='ltr'><strong>Verbum</strong></span> <span class='ocrx_word' id='word_1_363' title='bbox 3850 606 3917 643; x_wconf 78' lang='lat' dir='ltr'><strong>ex</strong></span> <span class='ocrx_word' id='word_1_364' title='bbox 3950 590 4061 644; x_wconf 81' lang='lat' dir='ltr'><strong>Deo</strong></span> <span class='ocrx_word' id='word_1_365' title='bbox 4087 589 4292 644; x_wconf 87' lang='lat' dir='ltr'><strong>Patre?</strong></span> 
     </span>
    </p>
   </div>
   <div class='ocr_carea' id='block_1_49' title="bbox 3504 675 5013 754">
    <p class='ocr_par' dir='ltr' id='par_1_49' title="bbox 3504 675 5013 754">
     <span class='ocr_line' id='line_1_49' title="bbox 3504 675 5013 754; baseline 0.004 -21"><span class='ocrx_word' id='word_1_366' title='bbox 3504 681 3570 737; x_wconf 85' lang='lat' dir='ltr'><strong>A.</strong></span> <span class='ocrx_word' id='word_1_367' title='bbox 3617 681 3729 734; x_wconf 83' lang='lat' dir='ltr'><strong>Non</strong></span> <span class='ocrx_word' id='word_1_368' title='bbox 3781 685 4003 748; x_wconf 86' lang='lat' dir='ltr'><strong>nudum,</strong></span> <span class='ocrx_word' id='word_1_369' title='bbox 4037 695 4094 737; x_wconf 92' lang='lat' dir='ltr'><strong>ut</strong></span> <span class='ocrx_word' id='word_1_370' title='bbox 4132 684 4267 748; x_wconf 79' lang='lat' dir='ltr'><strong>dixi,</strong></span> <span class='ocrx_word' id='word_1_371' title='bbox 4306 675 4469 754; x_wconf 80' lang='lat'><strong>773</strong></span> <span class='ocrx_word' id='word_1_372' title='bbox 4499 684 4592 738; x_wconf 84' lang='lat' dir='ltr'><strong>sed</strong></span> <span class='ocrx_word' id='word_1_373' title='bbox 4633 684 4811 750; x_wconf 85' lang='lat' dir='ltr'><strong>potius</strong></span> <span class='ocrx_word' id='word_1_374' title='bbox 4839 685 5013 739; x_wconf 86' lang='lat' dir='ltr'><strong>nostri</strong></span> 
     </span>
    </p>
   </div>
   <div class='ocr_carea' id='block_1_50' title="bbox 3435 771 5012 842">
    <p class='ocr_par' dir='ltr' id='par_1_50' title="bbox 3435 771 5012 842">
     <span class='ocr_line' id='line_1_50' title="bbox 3435 771 5012 842; baseline 0.001 -17"><span class='ocrx_word' id='word_1_375' title='bbox 3435 771 3614 826; x_wconf 84' lang='lat' dir='ltr'><strong>simile</strong></span> <span class='ocrx_word' id='word_1_376' title='bbox 3649 771 3869 826; x_wconf 81' lang='lat' dir='ltr'><strong>factum.</strong></span> <span class='ocrx_word' id='word_1_377' title='bbox 3914 772 4094 842; x_wconf 88' lang='lat' dir='ltr'><strong>ipsum</strong></span> <span class='ocrx_word' id='word_1_378' title='bbox 4134 774 4300 842; x_wconf 81' lang='lat' dir='ltr'><strong>igitur</strong></span> <span class='ocrx_word' id='word_1_379' title='bbox 4360 789 4482 827; x_wconf 88' lang='lat' dir='ltr'><strong>esse</strong></span> <span class='ocrx_word' id='word_1_380' title='bbox 4529 774 4797 839; x_wconf 82' lang='lat' dir='ltr'><strong>dicimus;</strong></span> <span class='ocrx_word' id='word_1_381' title='bbox 4840 773 5012 840; x_wconf 84' lang='lat' dir='ltr'><strong>siqui—</strong></span> 
     </span>
    </p>
   </div>
   <div class='ocr_carea' id='block_1_51' title="bbox 3435 863 5015 934">
    <p class='ocr_par' dir='ltr' id='par_1_51' title="bbox 3435 863 5015 934">
     <span class='ocr_line' id='line_1_51' title="bbox 3435 863 5015 934; baseline 0.001 -19"><span class='ocrx_word' id='word_1_382' title='bbox 3435 863 3556 916; x_wconf 89' lang='lat' dir='ltr'><strong>dem</strong></span> <span class='ocrx_word' id='word_1_383' title='bbox 3587 875 3802 918; x_wconf 86' lang='lat' dir='ltr'><strong>nonest</strong></span> <span class='ocrx_word' id='word_1_384' title='bbox 3834 865 4152 930; x_wconf 83' lang='lat' dir='ltr'><strong>humanum,</strong></span> <span class='ocrx_word' id='word_1_385' title='bbox 4211 865 4308 919; x_wconf 90' lang='lat' dir='ltr'><strong>sed</strong></span> <span class='ocrx_word' id='word_1_386' title='bbox 4355 865 4536 934; x_wconf 87' lang='lat' dir='ltr'><strong>potius</strong></span> <span class='ocrx_word' id='word_1_387' title='bbox 4582 865 4826 918; x_wconf 83' lang='lat' dir='ltr'><strong>divinum</strong></span> <span class='ocrx_word' id='word_1_388' title='bbox 4878 864 5015 917; x_wconf 73' lang='lat' dir='ltr'><strong>vivi-</strong></span> 
     </span>
    </p>
   </div>
   <div class='ocr_carea' id='block_1_52' title="bbox 3435 951 5012 1018">
    <p class='ocr_par' dir='ltr' id='par_1_52' title="bbox 3435 951 5012 1018">
     <span class='ocr_line' id='line_1_52' title="bbox 3435 951 5012 1018; baseline 0.001 -14"><span class='ocrx_word' id='word_1_389' title='bbox 3435 953 3621 1006; x_wconf 88' lang='lat' dir='ltr'><strong>licare.</strong></span> <span class='ocrx_word' id='word_1_390' title='bbox 3670 952 3910 1008; x_wconf 80' lang='lat' dir='ltr'><strong>Vocatus</strong></span> <span class='ocrx_word' id='word_1_391' title='bbox 3961 965 4141 1009; x_wconf 86' lang='lat' dir='ltr'><strong>autem</strong></span> <span class='ocrx_word' id='word_1_392' title='bbox 4187 965 4273 1009; x_wconf 89' lang='lat' dir='ltr'><strong>est</strong></span> <span class='ocrx_word' id='word_1_393' title='bbox 4321 956 4484 1009; x_wconf 88' lang='lat' dir='ltr'><strong>etiam</strong></span> <span class='ocrx_word' id='word_1_394' title='bbox 4533 951 4752 1008; x_wconf 86' lang='lat' dir='ltr'><strong>ultimus</strong></span> <span class='ocrx_word' id='word_1_395' title='bbox 4793 953 4963 1008; x_wconf 78' lang='lat' dir='ltr'><strong>Adam</strong></span> <span class='ocrx_word' id='word_1_396' title='bbox 4996 994 5012 1018; x_wconf 93' lang='lat'><strong>,</strong></span> 
     </span>
    </p>
   </div>
   <div class='ocr_carea' id='block_1_53' title="bbox 3437 1039 5015 1113">
    <p class='ocr_par' dir='ltr' id='par_1_53' title="bbox 3437 1039 5015 1113">
     <span class='ocr_line' id='line_1_53' title="bbox 3437 1039 5015 1113; baseline 0.004 -17"><span class='ocrx_word' id='word_1_397' title='bbox 3437 1051 3690 1113; x_wconf 88' lang='lat' dir='ltr'><strong>tanquam</strong></span> <span class='ocrx_word' id='word_1_398' title='bbox 3721 1061 3786 1099; x_wconf 79' lang='lat' dir='ltr'><strong>ex</strong></span> <span class='ocrx_word' id='word_1_399' title='bbox 3819 1045 3992 1099; x_wconf 82' lang='lat' dir='ltr'><strong>Adam</strong></span> <span class='ocrx_word' id='word_1_400' title='bbox 4033 1046 4208 1101; x_wconf 81' lang='lat' dir='ltr'><strong>factus</strong></span> <span class='ocrx_word' id='word_1_401' title='bbox 4237 1039 4532 1102; x_wconf 90' lang='lat' dir='ltr'><strong>secundum</strong></span> <span class='ocrx_word' id='word_1_402' title='bbox 4589 1061 4804 1101; x_wconf 89' lang='lat' dir='ltr'><strong>carnem</strong></span> <span class='ocrx_word' id='word_1_403' title='bbox 4841 1057 4894 1100; x_wconf 90' lang='lat' dir='ltr'><strong>et</strong></span> <span class='ocrx_word' id='word_1_404' title='bbox 4927 1063 5015 1101; x_wconf 81' lang='lat' dir='ltr'><strong>se-</strong></span> 
     </span>
    </p>
   </div>
   <div class='ocr_carea' id='block_1_54' title="bbox 3436 1130 5010 1207">
    <p class='ocr_par' dir='ltr' id='par_1_54' title="bbox 3436 1130 5010 1207">
     <span class='ocr_line' id='line_1_54' title="bbox 3436 1130 5010 1207; baseline 0.003 -21"><span class='ocrx_word' id='word_1_405' title='bbox 3436 1135 3670 1187; x_wconf 89' lang='lat' dir='ltr'><strong>cundum</strong></span> <span class='ocrx_word' id='word_1_406' title='bbox 3699 1136 4021 1206; x_wconf 83' lang='lat' dir='ltr'><strong>principium</strong></span> <span class='ocrx_word' id='word_1_407' title='bbox 4073 1153 4261 1192; x_wconf 91' lang='lat' dir='ltr'><strong>eorum</strong></span> <span class='ocrx_word' id='word_1_408' title='bbox 4311 1139 4403 1206; x_wconf 87' lang='lat' dir='ltr'><strong>qui</strong></span> <span class='ocrx_word' id='word_1_409' title='bbox 4457 1130 4510 1191; x_wconf 88' lang='lat' dir='ltr'><strong>in</strong></span> <span class='ocrx_word' id='word_1_410' title='bbox 4555 1138 4716 1191; x_wconf 89' lang='lat' dir='ltr'><strong>terris</strong></span> <span class='ocrx_word' id='word_1_411' title='bbox 4756 1137 5010 1207; x_wconf 73' lang='lat' dir='ltr'><strong>degunt:</strong></span> 
     </span>
    </p>
   </div>
   <div class='ocr_carea' id='block_1_55' title="bbox 3435 1223 5010 1295">
    <p class='ocr_par' dir='ltr' id='par_1_55' title="bbox 3435 1223 5010 1295">
     <span class='ocr_line' id='line_1_55' title="bbox 3435 1223 5010 1295; baseline 0.002 -17"><span class='ocrx_word' id='word_1_412' title='bbox 3435 1223 3735 1279; x_wconf 85' lang='lat' dir='ltr'><strong>instaurata</strong></span> <span class='ocrx_word' id='word_1_413' title='bbox 3758 1227 3809 1280; x_wconf 91' lang='lat' dir='ltr'><strong>in</strong></span> <span class='ocrx_word' id='word_1_414' title='bbox 3843 1229 3957 1295; x_wconf 85' lang='lat' dir='ltr'><strong>ipso</strong></span> <span class='ocrx_word' id='word_1_415' title='bbox 3983 1229 4212 1282; x_wconf 87' lang='lat' dir='ltr'><strong>humana</strong></span> <span class='ocrx_word' id='word_1_416' title='bbox 4241 1239 4429 1281; x_wconf 78' lang='lat' dir='ltr'><strong>natura</strong></span> <span class='ocrx_word' id='word_1_417' title='bbox 4461 1229 4513 1280; x_wconf 87' lang='lat' dir='ltr'><strong>in</strong></span> <span class='ocrx_word' id='word_1_418' title='bbox 4551 1229 4844 1281; x_wconf 74' lang='lat' dir='ltr'><strong>novitatem</strong></span> <span class='ocrx_word' id='word_1_419' title='bbox 4885 1231 5010 1281; x_wconf 74' lang='lat' dir='ltr'><strong>vita:</strong></span> 
     </span>
    </p>
   </div>
   <div class='ocr_carea' id='block_1_56' title="bbox 3436 1308 5004 1387">
    <p class='ocr_par' dir='ltr' id='par_1_56' title="bbox 3436 1308 5004 1387">
     <span class='ocr_line' id='line_1_56' title="bbox 3436 1308 5004 1387; baseline 0.001 -19"><span class='ocrx_word' id='word_1_420' title='bbox 3436 1314 3490 1368; x_wconf 89' lang='lat' dir='ltr'><strong>iu</strong></span> <span class='ocrx_word' id='word_1_421' title='bbox 3526 1317 3958 1372; x_wconf 78' lang='lat' dir='ltr'><strong>sanetiiiCatione</strong></span> <span class='ocrx_word' id='word_1_422' title='bbox 4005 1328 4169 1387; x_wconf 87' lang='lat' dir='ltr'><strong>atque</strong></span> <span class='ocrx_word' id='word_1_423' title='bbox 4193 1308 4601 1371; x_wconf 79' lang='lat' dir='ltr'><strong>immortalitate</strong></span> <span class='ocrx_word' id='word_1_424' title='bbox 4626 1357 4640 1381; x_wconf 90' lang='lat'><strong>,</strong></span> <span class='ocrx_word' id='word_1_425' title='bbox 4695 1333 4790 1385; x_wconf 83' lang='lat' dir='ltr'><strong>per</strong></span> <span class='ocrx_word' id='word_1_426' title='bbox 4816 1328 5004 1371; x_wconf 81' lang='lat' dir='ltr'><strong>resur-</strong></span> 
     </span>
    </p>
   </div>
   <div class='ocr_carea' id='block_1_57' title="bbox 3436 1398 5008 1462">
    <p class='ocr_par' dir='ltr' id='par_1_57' title="bbox 3436 1398 5008 1462">
     <span class='ocr_line' id='line_1_57' title="bbox 3436 1398 5008 1462; baseline -0.001 -3"><span class='ocrx_word' id='word_1_427' title='bbox 3436 1406 4059 1462; x_wconf 86' lang='lat' dir='ltr'><strong>rectionememorluis.</strong></span> <span class='ocrx_word' id='word_1_428' title='bbox 4121 1406 4193 1460; x_wconf 90' lang='lat' dir='ltr'><strong>lta</strong></span> <span class='ocrx_word' id='word_1_429' title='bbox 4247 1398 4391 1460; x_wconf 87' lang='lat' dir='ltr'><strong>enim</strong></span> <span class='ocrx_word' id='word_1_430' title='bbox 4453 1405 4651 1460; x_wconf 90' lang='lat' dir='ltr'><strong>abolita</strong></span> <span class='ocrx_word' id='word_1_431' title='bbox 4693 1409 4775 1460; x_wconf 78' lang='lat' dir='ltr'><strong>est</strong></span> <span class='ocrx_word' id='word_1_432' title='bbox 4828 1409 5008 1459; x_wconf 87' lang='lat' dir='ltr'><strong>irrita-</strong></span> 
     </span>
    </p>
   </div>
   <div class='ocr_carea' id='block_1_58' title="bbox 3435 1491 5014 1566">
    <p class='ocr_par' dir='ltr' id='par_1_58' title="bbox 3435 1491 5014 1566">
     <span class='ocr_line' id='line_1_58' title="bbox 3435 1491 5014 1566; baseline 0.001 -16"><span class='ocrx_word' id='word_1_433' title='bbox 3435 1511 3544 1566; x_wconf 90' lang='lat' dir='ltr'><strong>que</strong></span> <span class='ocrx_word' id='word_1_434' title='bbox 3571 1491 3900 1564; x_wconf 78' lang='lat' dir='ltr'><strong>lactatnors,</strong></span> <span class='ocrx_word' id='word_1_435' title='bbox 3937 1513 4059 1552; x_wconf 91' lang='lat' dir='ltr'><strong>cum</strong></span> <span class='ocrx_word' id='word_1_436' title='bbox 4096 1498 4360 1552; x_wconf 80' lang='lat' dir='ltr'><strong>naturalis</strong></span> <span class='ocrx_word' id='word_1_437' title='bbox 4414 1499 4521 1551; x_wconf 74' lang='lat' dir='ltr'><strong>vita</strong></span> <span class='ocrx_word' id='word_1_438' title='bbox 4579 1511 4686 1551; x_wconf 91' lang='lat' dir='ltr'><strong>nou</strong></span> <span class='ocrx_word' id='word_1_439' title='bbox 4747 1498 5014 1552; x_wconf 62' lang='grc' dir='ltr'>ευδιίιιιιὶι</span> 
     </span>
    </p>
   </div>
   <div class='ocr_carea' id='block_1_59' title="bbox 3436 1587 5014 1656">
    <p class='ocr_par' dir='ltr' id='par_1_59' title="bbox 3436 1587 5014 1656">
     <span class='ocr_line' id='line_1_59' title="bbox 3436 1587 5014 1656; baseline 0.003 -18"><span class='ocrx_word' id='word_1_440' title='bbox 3436 1587 3713 1655; x_wconf 90' lang='lat' dir='ltr'><strong>proprium</strong></span> <span class='ocrx_word' id='word_1_441' title='bbox 3762 1602 3917 1642; x_wconf 90' lang='lat' dir='ltr'><strong>suum</strong></span> <span class='ocrx_word' id='word_1_442' title='bbox 3950 1604 4147 1656; x_wconf 88' lang='lat' dir='ltr'><strong>corpus</strong></span> <span class='ocrx_word' id='word_1_443' title='bbox 4194 1587 4437 1641; x_wconf 84' lang='lat' dir='ltr'><strong>interitui</strong></span> <span class='ocrx_word' id='word_1_444' title='bbox 4485 1587 4700 1653; x_wconf 75' lang='lat' dir='ltr'><strong>sulijiCi,</strong></span> <span class='ocrx_word' id='word_1_445' title='bbox 4747 1598 5014 1656; x_wconf 76' lang='lat' dir='ltr'><strong>quatenus</strong></span> 
     </span>
    </p>
   </div>
   <div class='ocr_carea' id='block_1_60' title="bbox 3435 1673 5011 1744">
    <p class='ocr_par' dir='ltr' id='par_1_60' title="bbox 3435 1673 5011 1744">
     <span class='ocr_line' id='line_1_60' title="bbox 3435 1673 5011 1744; baseline 0.001 -17"><span class='ocrx_word' id='word_1_446' title='bbox 3435 1673 3550 1728; x_wconf 81' lang='lat' dir='ltr'><strong>ﬁeri</strong></span> <span class='ocrx_word' id='word_1_447' title='bbox 3600 1690 3708 1729; x_wconf 87' lang='lat' dir='ltr'><strong>non</strong></span> <span class='ocrx_word' id='word_1_448' title='bbox 3755 1684 3970 1744; x_wconf 88' lang='lat' dir='ltr'><strong>poterat</strong></span> <span class='ocrx_word' id='word_1_449' title='bbox 4039 1685 4097 1729; x_wconf 92' lang='lat' dir='ltr'><strong>ut</strong></span> <span class='ocrx_word' id='word_1_450' title='bbox 4135 1675 4389 1730; x_wconf 81' lang='lat' dir='ltr'><strong>Christus</strong></span> <span class='ocrx_word' id='word_1_451' title='bbox 4435 1677 4504 1730; x_wconf 83' lang='lat' dir='ltr'><strong>&#39;ah</strong></span> <span class='ocrx_word' id='word_1_452' title='bbox 4557 1693 4619 1729; x_wconf 88' lang='lat' dir='ltr'><strong>ea</strong></span> <span class='ocrx_word' id='word_1_453' title='bbox 4675 1676 5011 1738; x_wconf 84' lang='lat' dir='ltr'><strong>vinceretur,</strong></span> 
     </span>
    </p>
   </div>
   <div class='ocr_carea' id='block_1_61' title="bbox 3431 1765 5014 1830">
    <p class='ocr_par' dir='ltr' id='par_1_61' title="bbox 3431 1765 5014 1830">
     <span class='ocr_line' id='line_1_61' title="bbox 3431 1765 5014 1830; baseline 0.004 -12"><span class='ocrx_word' id='word_1_454' title='bbox 3431 1765 3585 1830; x_wconf 83' lang='lat' dir='ltr'><strong>juxta</strong></span> <span class='ocrx_word' id='word_1_455' title='bbox 3636 1765 3805 1820; x_wconf 89' lang='lat' dir='ltr'><strong>divini</strong></span> <span class='ocrx_word' id='word_1_456' title='bbox 3865 1767 4016 1822; x_wconf 86' lang='lat' dir='ltr'><strong>Pauli</strong></span> <span class='ocrx_word' id='word_1_457' title='bbox 4062 1783 4250 1823; x_wconf 84' lang='lat' dir='ltr'><strong>vocem</strong></span> <span class='ocrx_word' id='word_1_458' title='bbox 4306 1767 4375 1821; x_wconf 74' lang='grc'><strong>⁸⁸.</strong></span> <span class='ocrx_word' id='word_1_459' title='bbox 4432 1767 4679 1820; x_wconf 79' lang='lat' dir='ltr'><strong>Transiit</strong></span> <span class='ocrx_word' id='word_1_460' title='bbox 4730 1782 4864 1820; x_wconf 84' lang='lat' dir='ltr'><strong>vero</strong></span> <span class='ocrx_word' id='word_1_461' title='bbox 4913 1770 5014 1824; x_wconf 92' lang='lat' dir='ltr'><strong>hoc</strong></span> 
     </span>
    </p>
   </div>
   <div class='ocr_carea' id='block_1_62' title="bbox 3358 1856 4888 1931">
    <p class='ocr_par' dir='ltr' id='par_1_62' title="bbox 3358 1856 4888 1931">
     <span class='ocr_line' id='line_1_62' title="bbox 3358 1856 4888 1931; baseline 0.001 -19"><span class='ocrx_word' id='word_1_462' title='bbox 3358 1857 3403 1912; x_wconf 89' lang='lat' dir='ltr'><strong>B</strong></span> <span class='ocrx_word' id='word_1_463' title='bbox 3433 1866 3593 1929; x_wconf 87' lang='lat' dir='ltr'><strong>pacto</strong></span> <span class='ocrx_word' id='word_1_464' title='bbox 3617 1858 3781 1913; x_wconf 90' lang='lat' dir='ltr'><strong>etiam</strong></span> <span class='ocrx_word' id='word_1_465' title='bbox 3812 1860 3866 1913; x_wconf 90' lang='lat' dir='ltr'><strong>in</strong></span> <span class='ocrx_word' id='word_1_466' title='bbox 3892 1876 3992 1916; x_wconf 86' lang='lat' dir='ltr'><strong>nos</strong></span> <span class='ocrx_word' id='word_1_467' title='bbox 4019 1856 4163 1916; x_wconf 86' lang='lat' dir='ltr'><strong>illius</strong></span> <span class='ocrx_word' id='word_1_468' title='bbox 4196 1861 4443 1931; x_wconf 68' lang='lat' dir='ltr'><strong>prteclari</strong></span> <span class='ocrx_word' id='word_1_469' title='bbox 4485 1859 4611 1913; x_wconf 86' lang='lat' dir='ltr'><strong>l&#39;acti</strong></span> <span class='ocrx_word' id='word_1_470' title='bbox 4646 1857 4888 1914; x_wconf 77' lang='lat' dir='ltr'><strong>fructus.</strong></span> 
     </span>
    </p>
   </div>
   <div class='ocr_carea' id='block_1_63' title="bbox 3501 1948 3892 2005">
    <p class='ocr_par' dir='ltr' id='par_1_63' title="bbox 3501 1948 3892 2005">
     <span class='ocr_line' id='line_1_63' title="bbox 3501 1948 3892 2005; baseline 0.008 -3"><span class='ocrx_word' id='word_1_471' title='bbox 3501 1948 3562 2003; x_wconf 85' lang='grc' dir='ltr'><strong>Β.</strong></span> <span class='ocrx_word' id='word_1_472' title='bbox 3605 1949 3768 2005; x_wconf 77' lang='lat' dir='ltr'><strong>llecte</strong></span> <span class='ocrx_word' id='word_1_473' title='bbox 3791 1951 3892 2005; x_wconf 92' lang='lat' dir='ltr'><strong>ais.</strong></span> 
     </span>
    </p>
   </div>
   <div class='ocr_carea' id='block_1_64' title="bbox 3496 2035 4794 2101">
    <p class='ocr_par' dir='ltr' id='par_1_64' title="bbox 3496 2035 4794 2101">
     <span class='ocr_line' id='line_1_64' title="bbox 3496 2035 4794 2101; baseline 0.007 -9"><span class='ocrx_word' id='word_1_474' title='bbox 3496 2040 3562 2092; x_wconf 80' lang='grc' dir='ltr'>Α.</span> <span class='ocrx_word' id='word_1_475' title='bbox 3593 2037 3856 2094; x_wconf 70' lang='lat' dir='ltr'><strong>Cancrum</strong></span> <span class='ocrx_word' id='word_1_476' title='bbox 3892 2041 4017 2095; x_wconf 89' lang='lat' dir='ltr'><strong>illud</strong></span> <span class='ocrx_word' id='word_1_477' title='bbox 4045 2035 4207 2096; x_wconf 86' lang='lat' dir='ltr'><strong>etiam</strong></span> <span class='ocrx_word' id='word_1_478' title='bbox 4238 2039 4370 2096; x_wconf 89' lang='lat' dir='ltr'><strong>tuihi</strong></span> <span class='ocrx_word' id='word_1_479' title='bbox 4401 2039 4794 2101; x_wconf 80' lang='lat' dir='ltr'><strong>animadverte.</strong></span> 
     </span>
    </p>
   </div>
   <div class='ocr_carea' id='block_1_65' title="bbox 3499 2115 4430 2195">
    <p class='ocr_par' dir='ltr' id='par_1_65' title="bbox 3499 2115 4430 2195">
     <span class='ocr_line' id='line_1_65' title="bbox 3499 2115 4430 2195; baseline -0.013 -12"><span class='ocrx_word' id='word_1_480' title='bbox 3499 2120 3562 2185; x_wconf 80' lang='grc' dir='ltr'><strong>Β.</strong></span> <span class='ocrx_word' id='word_1_481' title='bbox 3595 2129 3863 2195; x_wconf 84' lang='lat' dir='ltr'><strong>Quidnam</strong></span> <span class='ocrx_word' id='word_1_482' title='bbox 3886 2133 3910 2185; x_wconf 86' lang='lat'><strong>?</strong></span> <span class='ocrx_word' id='word_1_483' title='bbox 4055 2169 4057 2172; x_wconf 49' lang='grc'>‹</span> <span class='ocrx_word' id='word_1_484' title='bbox 4397 2115 4430 2131; x_wconf 80' lang='grc'><em>”</em></span> 
     </span>
    </p>
   </div>
   <div class='ocr_carea' id='block_1_66' title="bbox 3502 2217 5006 2294">
    <p class='ocr_par' dir='ltr' id='par_1_66' title="bbox 3502 2217 5006 2294">
     <span class='ocr_line' id='line_1_66' title="bbox 3502 2217 5006 2294; baseline 0.004 -21"><span class='ocrx_word' id='word_1_485' title='bbox 3502 2223 3569 2274; x_wconf 84' lang='grc' dir='ltr'>Α.</span> <span class='ocrx_word' id='word_1_486' title='bbox 3598 2221 3848 2276; x_wconf 77' lang='lat' dir='ltr'><strong>Christus</strong></span> <span class='ocrx_word' id='word_1_487' title='bbox 3874 2217 4070 2276; x_wconf 91' lang='lat' dir='ltr'><strong>alicubi</strong></span> <span class='ocrx_word' id='word_1_488' title='bbox 4099 2225 4303 2278; x_wconf 84' lang='lat' dir='ltr'><strong>sanctis</strong></span> <span class='ocrx_word' id='word_1_489' title='bbox 4332 2225 4594 2294; x_wconf 85' lang='lat' dir='ltr'><strong>apostolis</strong></span> <span class='ocrx_word' id='word_1_490' title='bbox 4623 2227 4743 2283; x_wconf 84' lang='lat' dir='ltr'><strong>suis</strong></span> <span class='ocrx_word' id='word_1_491' title='bbox 4778 2226 4952 2294; x_wconf 81' lang='lat' dir='ltr'><strong>inquit</strong></span> <span class='ocrx_word' id='word_1_492' title='bbox 4990 2243 5006 2279; x_wconf 88' lang='lat'><strong>:</strong></span> 
     </span>
    </p>
   </div>
   <div class='ocr_carea' id='block_1_67' title="bbox 3435 2309 5012 2388">
    <p class='ocr_par' dir='ltr' id='par_1_67' title="bbox 3435 2309 5012 2388">
     <span class='ocr_line' id='line_1_67' title="bbox 3435 2309 5012 2388; baseline 0.006 -24"><span class='ocrx_word' id='word_1_493' title='bbox 3435 2328 3452 2363; x_wconf 79' lang='grc' dir='ltr'>ι</span> <span class='ocrx_word' id='word_1_494' title='bbox 3489 2313 3724 2380; x_wconf 79' lang='lat' dir='ltr'><strong>Euutes,</strong></span> <span class='ocrx_word' id='word_1_495' title='bbox 3777 2309 3964 2370; x_wconf 84' lang='lat' dir='ltr'><strong>docete</strong></span> <span class='ocrx_word' id='word_1_496' title='bbox 4010 2331 4200 2372; x_wconf 87' lang='lat' dir='ltr'><strong>omnes</strong></span> <span class='ocrx_word' id='word_1_497' title='bbox 4260 2328 4448 2386; x_wconf 73' lang='lat' dir='ltr'><strong>gentes</strong></span> <span class='ocrx_word' id='word_1_498' title='bbox 4476 2359 4491 2382; x_wconf 92' lang='lat'><strong>,</strong></span> <span class='ocrx_word' id='word_1_499' title='bbox 4547 2319 4886 2388; x_wconf 89' lang='lat' dir='ltr'><strong>baptizantes</strong></span> <span class='ocrx_word' id='word_1_500' title='bbox 4914 2335 5012 2375; x_wconf 85' lang='lat' dir='ltr'><strong>eos</strong></span> 
     </span>
    </p>
   </div>
   <div class='ocr_carea' id='block_1_68' title="bbox 3431 2404 5012 2479">
    <p class='ocr_par' dir='ltr' id='par_1_68' title="bbox 3431 2404 5012 2479">
     <span class='ocr_line' id='line_1_68' title="bbox 3431 2404 5012 2479; baseline 0.003 -21"><span class='ocrx_word' id='word_1_501' title='bbox 3431 2404 3483 2458; x_wconf 94' lang='lat' dir='ltr'><strong>in</strong></span> <span class='ocrx_word' id='word_1_502' title='bbox 3522 2406 3737 2459; x_wconf 89' lang='lat' dir='ltr'><strong>nomine</strong></span> <span class='ocrx_word' id='word_1_503' title='bbox 3763 2405 3957 2473; x_wconf 83' lang='lat' dir='ltr'><strong>Patris,</strong></span> <span class='ocrx_word' id='word_1_504' title='bbox 3986 2417 4038 2461; x_wconf 76' lang='lat' dir='ltr'><strong>ct</strong></span> <span class='ocrx_word' id='word_1_505' title='bbox 4059 2407 4203 2474; x_wconf 87' lang='lat' dir='ltr'><strong>Filii,</strong></span> <span class='ocrx_word' id='word_1_506' title='bbox 4225 2417 4282 2462; x_wconf 88' lang='lat' dir='ltr'><strong>et</strong></span> <span class='ocrx_word' id='word_1_507' title='bbox 4316 2405 4552 2479; x_wconf 75' lang='lat' dir='ltr'><strong>Spit-itas</strong></span> <span class='ocrx_word' id='word_1_508' title='bbox 4576 2411 4830 2465; x_wconf 77' lang='lat' dir='ltr'><strong>sancti“.</strong></span> <span class='ocrx_word' id='word_1_509' title='bbox 4865 2430 4884 2463; x_wconf 70' lang='grc' dir='ltr'>ι</span> <span class='ocrx_word' id='word_1_510' title='bbox 4911 2411 5012 2463; x_wconf 86' lang='lat' dir='ltr'><strong>Ba-</strong></span> 
     </span>
    </p>
   </div>
   <div class='ocr_carea' id='block_1_69' title="bbox 3431 2496 5009 2568">
    <p class='ocr_par' dir='ltr' id='par_1_69' title="bbox 3431 2496 5009 2568">
     <span class='ocr_line' id='line_1_69' title="bbox 3431 2496 5009 2568; baseline 0.004 -20"><span class='ocrx_word' id='word_1_511' title='bbox 3431 2496 3626 2564; x_wconf 81' lang='lat' dir='ltr'><strong>ptizati</strong></span> <span class='ocrx_word' id='word_1_512' title='bbox 3667 2511 3796 2568; x_wconf 81' lang='lat' dir='ltr'><strong>ergo</strong></span> <span class='ocrx_word' id='word_1_513' title='bbox 3833 2513 4020 2554; x_wconf 87' lang='lat' dir='ltr'><strong>sumus</strong></span> <span class='ocrx_word' id='word_1_514' title='bbox 4047 2499 4103 2554; x_wconf 92' lang='lat' dir='ltr'><strong>in</strong></span> <span class='ocrx_word' id='word_1_515' title='bbox 4139 2509 4382 2556; x_wconf 86' lang='lat' dir='ltr'><strong>sanctam</strong></span> <span class='ocrx_word' id='word_1_516' title='bbox 4416 2511 4468 2556; x_wconf 92' lang='lat' dir='ltr'><strong>et</strong></span> <span class='ocrx_word' id='word_1_517' title='bbox 4491 2501 5009 2556; x_wconf 82' lang='lat' dir='ltr'><strong>consubstantialem</strong></span> 
     </span>
    </p>
   </div>
   <div class='ocr_carea' id='block_1_70' title="bbox 3429 2580 5012 2663">
    <p class='ocr_par' dir='ltr' id='par_1_70' title="bbox 3429 2580 5012 2663">
     <span class='ocr_line' id='line_1_70' title="bbox 3429 2580 5012 2663; baseline 0.003 -21"><span class='ocrx_word' id='word_1_518' title='bbox 3429 2580 3751 2644; x_wconf 86' lang='lat' dir='ltr'><strong>Trinitatem</strong></span> <span class='ocrx_word' id='word_1_519' title='bbox 3807 2600 3823 2645; x_wconf 69' lang='grc' dir='ltr'>ι</span> <span class='ocrx_word' id='word_1_520' title='bbox 3875 2590 4114 2656; x_wconf 85' lang='lat' dir='ltr'><strong>Patrem,</strong></span> <span class='ocrx_word' id='word_1_521' title='bbox 4154 2592 4412 2662; x_wconf 88' lang='lat' dir='ltr'><strong>inquam,</strong></span> <span class='ocrx_word' id='word_1_522' title='bbox 4456 2601 4511 2647; x_wconf 88' lang='lat' dir='ltr'><strong>et</strong></span> <span class='ocrx_word' id='word_1_523' title='bbox 4553 2591 4746 2647; x_wconf 79' lang='lat' dir='ltr'><strong>Filium</strong></span> <span class='ocrx_word' id='word_1_524' title='bbox 4797 2599 4852 2648; x_wconf 83' lang='lat' dir='ltr'><strong>et</strong></span> <span class='ocrx_word' id='word_1_525' title='bbox 4889 2593 5012 2663; x_wconf 85' lang='lat' dir='ltr'><strong>Spi-</strong></span> 
     </span>
    </p>
   </div>
   <div class='ocr_carea' id='block_1_71' title="bbox 3429 2681 4846 2755">
    <p class='ocr_par' dir='ltr' id='par_1_71' title="bbox 3429 2681 4846 2755">
     <span class='ocr_line' id='line_1_71' title="bbox 3429 2681 4846 2755; baseline 0.001 -20"><span class='ocrx_word' id='word_1_526' title='bbox 3429 2681 3590 2736; x_wconf 86' lang='lat' dir='ltr'><strong>ritum</strong></span> <span class='ocrx_word' id='word_1_527' title='bbox 3621 2691 3890 2738; x_wconf 86' lang='lat' dir='ltr'><strong>sanctum.</strong></span> <span class='ocrx_word' id='word_1_528' title='bbox 3926 2681 4112 2738; x_wconf 75' lang='lat' dir='ltr'><strong>Nonne</strong></span> <span class='ocrx_word' id='word_1_529' title='bbox 4155 2698 4340 2739; x_wconf 81' lang='lat' dir='ltr'><strong>verum</strong></span> <span class='ocrx_word' id='word_1_530' title='bbox 4373 2695 4458 2740; x_wconf 90' lang='lat' dir='ltr'><strong>est</strong></span> <span class='ocrx_word' id='word_1_531' title='bbox 4491 2684 4638 2755; x_wconf 86' lang='lat' dir='ltr'><strong>quod</strong></span> <span class='ocrx_word' id='word_1_532' title='bbox 4672 2685 4794 2738; x_wconf 87' lang='lat' dir='ltr'><strong>dico</strong></span> <span class='ocrx_word' id='word_1_533' title='bbox 4820 2683 4846 2737; x_wconf 84' lang='lat'><strong>?</strong></span> 
     </span>
    </p>
   </div>
   <div class='ocr_carea' id='block_1_72' title="bbox 3501 2851 4209 2931">
    <p class='ocr_par' dir='ltr' id='par_1_72' title="bbox 3501 2851 4209 2931">
     <span class='ocr_line' id='line_1_72' title="bbox 3501 2851 4209 2931; baseline -0.001 -18"><span class='ocrx_word' id='word_1_534' title='bbox 3501 2851 3562 2914; x_wconf 86' lang='grc' dir='ltr'><strong>Β.</strong></span> <span class='ocrx_word' id='word_1_535' title='bbox 3597 2857 3728 2926; x_wconf 86' lang='lat' dir='ltr'><strong>Quis</strong></span> <span class='ocrx_word' id='word_1_536' title='bbox 3758 2860 3858 2914; x_wconf 92' lang='lat' dir='ltr'><strong>hoc</strong></span> <span class='ocrx_word' id='word_1_537' title='bbox 3892 2858 4209 2931; x_wconf 66' lang='lat' dir='ltr'><strong>negaverit?</strong></span> 
     </span>
    </p>
   </div>
   <div class='ocr_carea' id='block_1_73' title="bbox 3499 2949 5015 3020">
    <p class='ocr_par' dir='ltr' id='par_1_73' title="bbox 3499 2949 5015 3020">
     <span class='ocr_line' id='line_1_73' title="bbox 3499 2949 5015 3020; baseline 0.001 -15"><span class='ocrx_word' id='word_1_538' title='bbox 3499 2953 3565 3005; x_wconf 81' lang='grc' dir='ltr'>Δ.</span> <span class='ocrx_word' id='word_1_539' title='bbox 3597 2953 3675 3004; x_wconf 89' lang='lat' dir='ltr'><strong>An</strong></span> <span class='ocrx_word' id='word_1_540' title='bbox 3703 2966 3806 3005; x_wconf 93' lang='lat' dir='ltr'><strong>non</strong></span> <span class='ocrx_word' id='word_1_541' title='bbox 3858 2951 4020 3020; x_wconf 79' lang='lat' dir='ltr'><strong>igitur</strong></span> <span class='ocrx_word' id='word_1_542' title='bbox 4070 2949 4283 3003; x_wconf 76' lang='lat' dir='ltr'><strong>Patrem</strong></span> <span class='ocrx_word' id='word_1_543' title='bbox 4327 2960 4582 3004; x_wconf 86' lang='lat' dir='ltr'><strong>vocamus</strong></span> <span class='ocrx_word' id='word_1_544' title='bbox 4628 2960 4750 3005; x_wconf 83' lang='lat' dir='ltr'><strong>eum</strong></span> <span class='ocrx_word' id='word_1_545' title='bbox 4791 2951 4884 3020; x_wconf 87' lang='lat' dir='ltr'><strong>qui</strong></span> <span class='ocrx_word' id='word_1_546' title='bbox 4925 2965 5015 3019; x_wconf 81' lang='lat' dir='ltr'><strong>ge-</strong></span> 
     </span>
    </p>
   </div>
   <div class='ocr_carea' id='block_1_74' title="bbox 3430 3039 5010 3112">
    <p class='ocr_par' dir='ltr' id='par_1_74' title="bbox 3430 3039 5010 3112">
     <span class='ocr_line' id='line_1_74' title="bbox 3430 3039 5010 3112; baseline 0 -12"><span class='ocrx_word' id='word_1_547' title='bbox 3430 3046 3585 3111; x_wconf 79' lang='lat' dir='ltr'><strong>nuit;</strong></span> <span class='ocrx_word' id='word_1_548' title='bbox 3617 3039 3808 3098; x_wconf 80' lang='lat' dir='ltr'><strong>Filium</strong></span> <span class='ocrx_word' id='word_1_549' title='bbox 3845 3058 3973 3097; x_wconf 83' lang='lat' dir='ltr'><strong>vero</strong></span> <span class='ocrx_word' id='word_1_550' title='bbox 4024 3043 4114 3112; x_wconf 91' lang='lat' dir='ltr'><strong>qui</strong></span> <span class='ocrx_word' id='word_1_551' title='bbox 4147 3058 4214 3097; x_wconf 78' lang='lat' dir='ltr'><strong>ex</strong></span> <span class='ocrx_word' id='word_1_552' title='bbox 4261 3043 4379 3111; x_wconf 90' lang='lat' dir='ltr'><strong>ipso</strong></span> <span class='ocrx_word' id='word_1_553' title='bbox 4433 3042 4752 3097; x_wconf 81' lang='lat' dir='ltr'><strong>naturaliter</strong></span> <span class='ocrx_word' id='word_1_554' title='bbox 4793 3045 5010 3112; x_wconf 79' lang='lat' dir='ltr'><strong>genitus</strong></span> 
     </span>
    </p>
   </div>
   <div class='ocr_carea' id='block_1_75' title="bbox 3429 3131 4432 3206">
    <p class='ocr_par' dir='ltr' id='par_1_75' title="bbox 3429 3131 4432 3206">
     <span class='ocr_line' id='line_1_75' title="bbox 3429 3131 4432 3206; baseline -0.006 -14"><span class='ocrx_word' id='word_1_555' title='bbox 3429 3145 3534 3200; x_wconf 80' lang='lat' dir='ltr'><strong>est,</strong></span> <span class='ocrx_word' id='word_1_556' title='bbox 3563 3135 3898 3206; x_wconf 82' lang='lat' dir='ltr'><strong>unigenitum</strong></span> <span class='ocrx_word' id='word_1_557' title='bbox 3941 3132 4110 3186; x_wconf 91' lang='lat' dir='ltr'><strong>Deum</strong></span> <span class='ocrx_word' id='word_1_558' title='bbox 4147 3132 4379 3187; x_wconf 73' lang='lat' dir='ltr'><strong>Verbum</strong></span> <span class='ocrx_word' id='word_1_559' title='bbox 4407 3131 4432 3186; x_wconf 85' lang='lat'><strong>?</strong></span> 
     </span>
    </p>
   </div>
   <div class='ocr_carea' id='block_1_76' title="bbox 3353 3202 3844 3283">
    <p class='ocr_par' dir='ltr' id='par_1_76' title="bbox 3353 3202 3844 3283">
     <span class='ocr_line' id='line_1_76' title="bbox 3353 3202 3844 3283; baseline -0.008 1"><span class='ocrx_word' id='word_1_560' title='bbox 3353 3202 3397 3266; x_wconf 60' lang='grc' dir='ltr'><strong>Β</strong></span> <span class='ocrx_word' id='word_1_561' title='bbox 3501 3228 3562 3283; x_wconf 88' lang='grc' dir='ltr'><strong>Β.</strong></span> <span class='ocrx_word' id='word_1_562' title='bbox 3592 3202 3844 3282; x_wconf 73' lang='lat' dir='ltr'><strong>Otnniuo.</strong></span> 
     </span>
    </p>
   </div>
   <div class='ocr_carea' id='block_1_77' title="bbox 3497 3312 5003 3387">
    <p class='ocr_par' dir='ltr' id='par_1_77' title="bbox 3497 3312 5003 3387">
     <span class='ocr_line' id='line_1_77' title="bbox 3497 3312 5003 3387; baseline -0.002 -13"><span class='ocrx_word' id='word_1_563' title='bbox 3497 3317 3563 3374; x_wconf 76' lang='grc' dir='ltr'>Α.</span> <span class='ocrx_word' id='word_1_564' title='bbox 3597 3319 3715 3385; x_wconf 85' lang='lat' dir='ltr'><strong>Quo</strong></span> <span class='ocrx_word' id='word_1_565' title='bbox 3744 3327 3900 3387; x_wconf 88' lang='lat' dir='ltr'><strong>pacto</strong></span> <span class='ocrx_word' id='word_1_566' title='bbox 3935 3317 4098 3386; x_wconf 83' lang='lat' dir='ltr'><strong>igitur</strong></span> <span class='ocrx_word' id='word_1_567' title='bbox 4145 3312 4198 3370; x_wconf 92' lang='lat' dir='ltr'><strong>in</strong></span> <span class='ocrx_word' id='word_1_568' title='bbox 4245 3326 4476 3370; x_wconf 88' lang='lat' dir='ltr'><strong>mortem</strong></span> <span class='ocrx_word' id='word_1_569' title='bbox 4514 3313 4684 3385; x_wconf 85' lang='lat' dir='ltr'><strong>ipsius</strong></span> <span class='ocrx_word' id='word_1_570' title='bbox 4735 3315 5003 3386; x_wconf 71' lang='lat' dir='ltr'><strong>baptizati</strong></span> 
     </span>
    </p>
   </div>
   <div class='ocr_carea' id='block_1_78' title="bbox 3427 3409 5008 3482">
    <p class='ocr_par' dir='ltr' id='par_1_78' title="bbox 3427 3409 5008 3482">
     <span class='ocr_line' id='line_1_78' title="bbox 3427 3409 5008 3482; baseline -0.001 -14"><span class='ocrx_word' id='word_1_571' title='bbox 3427 3427 3639 3478; x_wconf 79' lang='lat' dir='ltr'><strong>sumus,</strong></span> <span class='ocrx_word' id='word_1_572' title='bbox 3663 3411 3820 3482; x_wconf 81' lang='lat' dir='ltr'><strong>juxta</strong></span> <span class='ocrx_word' id='word_1_573' title='bbox 3855 3410 3998 3466; x_wconf 89' lang='lat' dir='ltr'><strong>beati</strong></span> <span class='ocrx_word' id='word_1_574' title='bbox 4032 3409 4184 3464; x_wconf 90' lang='lat' dir='ltr'><strong>Pauli</strong></span> <span class='ocrx_word' id='word_1_575' title='bbox 4212 3410 4444 3466; x_wconf 77' lang='lat' dir='ltr'><strong>vocem?</strong></span> <span class='ocrx_word' id='word_1_576' title='bbox 4472 3430 4491 3462; x_wconf 72' lang='grc' dir='ltr'>ι</span> <span class='ocrx_word' id='word_1_577' title='bbox 4529 3409 4806 3482; x_wconf 81' lang='lat' dir='ltr'><strong>Quatquot</strong></span> <span class='ocrx_word' id='word_1_578' title='bbox 4835 3414 5008 3478; x_wconf 81' lang='lat' dir='ltr'><strong>enim,</strong></span> 
     </span>
    </p>
   </div>
   <div class='ocr_carea' id='block_1_79' title="bbox 3428 3504 5010 3576">
    <p class='ocr_par' dir='ltr' id='par_1_79' title="bbox 3428 3504 5010 3576">
     <span class='ocr_line' id='line_1_79' title="bbox 3428 3504 5010 3576; baseline 0 -15"><span class='ocrx_word' id='word_1_579' title='bbox 3428 3507 3625 3576; x_wconf 87' lang='lat' dir='ltr'><strong>inquit,</strong></span> <span class='ocrx_word' id='word_1_580' title='bbox 3659 3506 3714 3560; x_wconf 92' lang='lat' dir='ltr'><strong>in</strong></span> <span class='ocrx_word' id='word_1_581' title='bbox 3745 3504 4018 3560; x_wconf 88' lang='lat' dir='ltr'><strong>Christum</strong></span> <span class='ocrx_word' id='word_1_582' title='bbox 4048 3505 4310 3574; x_wconf 85' lang='lat' dir='ltr'><strong>baptizati</strong></span> <span class='ocrx_word' id='word_1_583' title='bbox 4345 3521 4554 3571; x_wconf 89' lang='lat' dir='ltr'><strong>sumus,</strong></span> <span class='ocrx_word' id='word_1_584' title='bbox 4593 3507 4645 3558; x_wconf 93' lang='lat' dir='ltr'><strong>in</strong></span> <span class='ocrx_word' id='word_1_585' title='bbox 4684 3515 4862 3559; x_wconf 90' lang='lat' dir='ltr'><strong>morte</strong></span> <span class='ocrx_word' id='word_1_586' title='bbox 4889 3506 5010 3576; x_wconf 85' lang='lat' dir='ltr'><strong>ejus</strong></span> 
     </span>
    </p>
   </div>
   <div class='ocr_carea' id='block_1_80' title="bbox 3427 3587 5012 3668">
    <p class='ocr_par' dir='ltr' id='par_1_80' title="bbox 3427 3587 5012 3668">
     <span class='ocr_line' id='line_1_80' title="bbox 3427 3587 5012 3668; baseline 0 -16"><span class='ocrx_word' id='word_1_587' title='bbox 3427 3596 3687 3668; x_wconf 84' lang='lat' dir='ltr'><strong>baptizati</strong></span> <span class='ocrx_word' id='word_1_588' title='bbox 3717 3611 3904 3650; x_wconf 92' lang='lat' dir='ltr'><strong>sumus</strong></span> <span class='ocrx_word' id='word_1_589' title='bbox 3933 3587 4004 3653; x_wconf 73' lang='grc' dir='ltr'><strong>⁸ο.</strong></span> <span class='ocrx_word' id='word_1_590' title='bbox 4047 3614 4066 3646; x_wconf 73' lang='grc' dir='ltr'><strong>ι</strong></span> <span class='ocrx_word' id='word_1_591' title='bbox 4103 3594 4208 3650; x_wconf 81' lang='lat' dir='ltr'><strong>Sed</strong></span> <span class='ocrx_word' id='word_1_592' title='bbox 4251 3601 4392 3648; x_wconf 83' lang='lat' dir='ltr'><strong>unus</strong></span> <span class='ocrx_word' id='word_1_593' title='bbox 4435 3603 4519 3650; x_wconf 92' lang='lat' dir='ltr'><strong>est</strong></span> <span class='ocrx_word' id='word_1_594' title='bbox 4573 3596 4853 3661; x_wconf 83' lang='lat' dir='ltr'><strong>Dominus,</strong></span> <span class='ocrx_word' id='word_1_595' title='bbox 4905 3613 5012 3652; x_wconf 82' lang='lat' dir='ltr'><strong>una</strong></span> 
     </span>
    </p>
   </div>
   <div class='ocr_carea' id='block_1_81' title="bbox 3427 3683 5006 3754">
    <p class='ocr_par' dir='ltr' id='par_1_81' title="bbox 3427 3683 5006 3754">
     <span class='ocr_line' id='line_1_81' title="bbox 3427 3683 5006 3754; baseline -0.003 -13"><span class='ocrx_word' id='word_1_596' title='bbox 3427 3686 3585 3750; x_wconf 81' lang='lat' dir='ltr'><strong>ﬁdes,</strong></span> <span class='ocrx_word' id='word_1_597' title='bbox 3621 3701 3787 3740; x_wconf 90' lang='lat' dir='ltr'><strong>unum</strong></span> <span class='ocrx_word' id='word_1_598' title='bbox 3829 3683 4099 3754; x_wconf 87' lang='lat' dir='ltr'><strong>baptisma</strong></span> <span class='ocrx_word' id='word_1_599' title='bbox 4139 3683 4209 3749; x_wconf 83' lang='grc'>⁸⁸,</span> <span class='ocrx_word' id='word_1_600' title='bbox 4265 3695 4321 3740; x_wconf 91' lang='lat' dir='ltr'><strong>et</strong></span> <span class='ocrx_word' id='word_1_601' title='bbox 4374 3698 4716 3754; x_wconf 84' lang='lat' dir='ltr'><strong>nequaquam</strong></span> <span class='ocrx_word' id='word_1_602' title='bbox 4759 3689 4954 3741; x_wconf 76' lang='lat' dir='ltr'><strong>dixerit</strong></span> <span class='ocrx_word' id='word_1_603' title='bbox 4989 3725 5006 3752; x_wconf 91' lang='lat'><strong>,</strong></span> 
     </span>
    </p>
   </div>
   <div class='ocr_carea' id='block_1_82' title="bbox 3427 3773 5008 3848">
    <p class='ocr_par' dir='ltr' id='par_1_82' title="bbox 3427 3773 5008 3848">
     <span class='ocr_line' id='line_1_82' title="bbox 3427 3773 5008 3848; baseline 0.001 -18"><span class='ocrx_word' id='word_1_604' title='bbox 3427 3778 3569 3848; x_wconf 91' lang='lat' dir='ltr'><strong>quod</strong></span> <span class='ocrx_word' id='word_1_605' title='bbox 3607 3779 3660 3832; x_wconf 91' lang='lat' dir='ltr'><strong>in</strong></span> <span class='ocrx_word' id='word_1_606' title='bbox 3707 3773 3868 3830; x_wconf 88' lang='lat' dir='ltr'><strong>alium</strong></span> <span class='ocrx_word' id='word_1_607' title='bbox 3913 3776 4202 3846; x_wconf 89' lang='lat' dir='ltr'><strong>quemdam</strong></span> <span class='ocrx_word' id='word_1_608' title='bbox 4254 3777 4531 3832; x_wconf 87' lang='lat' dir='ltr'><strong>diversum</strong></span> <span class='ocrx_word' id='word_1_609' title='bbox 4563 3779 4632 3830; x_wconf 87' lang='lat' dir='ltr'><strong>ab</strong></span> <span class='ocrx_word' id='word_1_610' title='bbox 4676 3779 4778 3831; x_wconf 91' lang='lat' dir='ltr'><strong>hoc</strong></span> <span class='ocrx_word' id='word_1_611' title='bbox 4809 3777 5008 3831; x_wconf 80' lang='lat' dir='ltr'><strong>Filium</strong></span> 
     </span>
    </p>
   </div>
   <div class='ocr_carea' id='block_1_83' title="bbox 3427 3867 5010 3937">
    <p class='ocr_par' dir='ltr' id='par_1_83' title="bbox 3427 3867 5010 3937">
     <span class='ocr_line' id='line_1_83' title="bbox 3427 3867 5010 3937; baseline 0.003 -15"><span class='ocrx_word' id='word_1_612' title='bbox 3427 3879 3495 3922; x_wconf 75' lang='lat' dir='ltr'><strong>ex</strong></span> <span class='ocrx_word' id='word_1_613' title='bbox 3525 3869 3732 3923; x_wconf 87' lang='lat' dir='ltr'><strong>semine</strong></span> <span class='ocrx_word' id='word_1_614' title='bbox 3763 3867 3930 3921; x_wconf 86' lang='lat' dir='ltr'><strong>David</strong></span> <span class='ocrx_word' id='word_1_615' title='bbox 3962 3867 4218 3937; x_wconf 81' lang='lat' dir='ltr'><strong>baptizati</strong></span> <span class='ocrx_word' id='word_1_616' title='bbox 4275 3868 4470 3922; x_wconf 88' lang='lat' dir='ltr'><strong>simus.</strong></span> <span class='ocrx_word' id='word_1_617' title='bbox 4525 3868 4659 3922; x_wconf 88' lang='lat' dir='ltr'><strong>Cum</strong></span> <span class='ocrx_word' id='word_1_618' title='bbox 4701 3885 4834 3924; x_wconf 82' lang='lat' dir='ltr'><strong>vero</strong></span> <span class='ocrx_word' id='word_1_619' title='bbox 4865 3870 5010 3926; x_wconf 75' lang='lat' dir='ltr'><strong>Deus</strong></span> 
     </span>
    </p>
   </div>
   <div class='ocr_carea' id='block_1_84' title="bbox 3428 3955 5008 4024">
    <p class='ocr_par' dir='ltr' id='par_1_84' title="bbox 3428 3955 5008 4024">
     <span class='ocr_line' id='line_1_84' title="bbox 3428 3955 5008 4024; baseline 0.003 -16"><span class='ocrx_word' id='word_1_620' title='bbox 3428 3959 3619 4009; x_wconf 84' lang='lat' dir='ltr'><strong>natura</strong></span> <span class='ocrx_word' id='word_1_621' title='bbox 3655 3955 4166 4022; x_wconf 78' lang='lat' dir='ltr'><strong>exsistens-expers</strong></span> <span class='ocrx_word' id='word_1_622' title='bbox 4210 3956 4482 4024; x_wconf 86' lang='lat' dir='ltr'><strong>passionis</strong></span> <span class='ocrx_word' id='word_1_623' title='bbox 4535 3969 4827 4010; x_wconf 85' lang='lat' dir='ltr'><strong>censeatur</strong></span> <span class='ocrx_word' id='word_1_624' title='bbox 4858 3977 4872 4012; x_wconf 64' lang='grc' dir='ltr'><strong>ι</strong></span> <span class='ocrx_word' id='word_1_625' title='bbox 4907 3960 5008 4012; x_wconf 84' lang='lat' dir='ltr'><strong>de-</strong></span> 
     </span>
    </p>
   </div>
   <div class='ocr_carea' id='block_1_85' title="bbox 3427 4040 5004 4116">
    <p class='ocr_par' dir='ltr' id='par_1_85' title="bbox 3427 4040 5004 4116">
     <span class='ocr_line' id='line_1_85' title="bbox 3427 4040 5004 4116; baseline 0.001 -15"><span class='ocrx_word' id='word_1_626' title='bbox 3427 4040 3552 4102; x_wconf 88' lang='lat' dir='ltr'><strong>inde</strong></span> <span class='ocrx_word' id='word_1_627' title='bbox 3577 4047 3684 4116; x_wconf 88' lang='lat' dir='ltr'><strong>pati</strong></span> <span class='ocrx_word' id='word_1_628' title='bbox 3713 4041 3899 4110; x_wconf 82' lang='lat' dir='ltr'><strong>voluit,</strong></span> <span class='ocrx_word' id='word_1_629' title='bbox 3935 4055 3996 4100; x_wconf 90' lang='lat' dir='ltr'><strong>ut</strong></span> <span class='ocrx_word' id='word_1_630' title='bbox 4027 4045 4200 4100; x_wconf 70' lang='lat' dir='ltr'><strong>SaIVet</strong></span> <span class='ocrx_word' id='word_1_631' title='bbox 4237 4060 4331 4102; x_wconf 89' lang='lat' dir='ltr'><strong>eos</strong></span> <span class='ocrx_word' id='word_1_632' title='bbox 4363 4047 4453 4115; x_wconf 89' lang='lat' dir='ltr'><strong>qui</strong></span> <span class='ocrx_word' id='word_1_633' title='bbox 4497 4048 4742 4102; x_wconf 76' lang='lat' dir='ltr'><strong>interimi</strong></span> <span class='ocrx_word' id='word_1_634' title='bbox 4771 4049 5004 4104; x_wconf 75' lang='lat' dir='ltr'><strong>obnoxii</strong></span> 
     </span>
    </p>
   </div>
   <div class='ocr_carea' id='block_1_86' title="bbox 3426 4133 5010 4210">
    <p class='ocr_par' dir='ltr' id='par_1_86' title="bbox 3426 4133 5010 4210">
     <span class='ocr_line' id='line_1_86' title="bbox 3426 4133 5010 4210; baseline 0.003 -20"><span class='ocrx_word' id='word_1_635' title='bbox 3426 4141 3573 4200; x_wconf 83' lang='lat' dir='ltr'><strong>sunt,</strong></span> <span class='ocrx_word' id='word_1_636' title='bbox 3601 4137 3794 4210; x_wconf 82' lang='lat' dir='ltr'><strong>similis</strong></span> <span class='ocrx_word' id='word_1_637' title='bbox 3817 4133 3992 4190; x_wconf 80' lang='lat' dir='ltr'><strong>factus</strong></span> <span class='ocrx_word' id='word_1_638' title='bbox 4020 4146 4105 4190; x_wconf 85' lang='lat' dir='ltr'><strong>est</strong></span> <span class='ocrx_word' id='word_1_639' title='bbox 4134 4152 4228 4205; x_wconf 90' lang='lat' dir='ltr'><strong>per</strong></span> <span class='ocrx_word' id='word_1_640' title='bbox 4249 4139 4431 4191; x_wconf 84' lang='lat' dir='ltr'><strong>omnia</strong></span> <span class='ocrx_word' id='word_1_641' title='bbox 4458 4138 4773 4194; x_wconf 89' lang='lat' dir='ltr'><strong>hominibus</strong></span> <span class='ocrx_word' id='word_1_642' title='bbox 4791 4181 4807 4206; x_wconf 95' lang='lat'><strong>,</strong></span> <span class='ocrx_word' id='word_1_643' title='bbox 4831 4142 5010 4194; x_wconf 82' lang='lat' dir='ltr'><strong>nasci-</strong></span> 
     </span>
    </p>
   </div>
   <div class='ocr_carea' id='block_1_87' title="bbox 3426 4227 5010 4301">
    <p class='ocr_par' dir='ltr' id='par_1_87' title="bbox 3426 4227 5010 4301">
     <span class='ocr_line' id='line_1_87' title="bbox 3426 4227 5010 4301; baseline 0.004 -19"><span class='ocrx_word' id='word_1_644' title='bbox 3426 4243 3530 4298; x_wconf 87' lang='lat' dir='ltr'><strong>que</strong></span> <span class='ocrx_word' id='word_1_645' title='bbox 3563 4243 3628 4284; x_wconf 82' lang='lat' dir='ltr'><strong>ex</strong></span> <span class='ocrx_word' id='word_1_646' title='bbox 3663 4227 3887 4282; x_wconf 84' lang='lat' dir='ltr'><strong>muliere</strong></span> <span class='ocrx_word' id='word_1_647' title='bbox 3915 4229 4212 4283; x_wconf 84' lang='lat' dir='ltr'><strong>secundum</strong></span> <span class='ocrx_word' id='word_1_648' title='bbox 4248 4241 4470 4284; x_wconf 82' lang='lat' dir='ltr'><strong>carnem</strong></span> <span class='ocrx_word' id='word_1_649' title='bbox 4516 4231 4684 4286; x_wconf 73' lang='lat' dir='ltr'><strong>voluit</strong></span> <span class='ocrx_word' id='word_1_650' title='bbox 4716 4271 4732 4295; x_wconf 84' lang='lat'><strong>,</strong></span> <span class='ocrx_word' id='word_1_651' title='bbox 4791 4241 4846 4286; x_wconf 90' lang='lat' dir='ltr'><strong>et</strong></span> <span class='ocrx_word' id='word_1_652' title='bbox 4880 4248 5010 4301; x_wconf 85' lang='lat' dir='ltr'><strong>pro-</strong></span> 
     </span>
    </p>
   </div>
   <div class='ocr_carea' id='block_1_88' title="bbox 3427 4318 5010 4391">
    <p class='ocr_par' dir='ltr' id='par_1_88' title="bbox 3427 4318 5010 4391">
     <span class='ocr_line' id='line_1_88' title="bbox 3427 4318 5010 4391; baseline 0.004 -19"><span class='ocrx_word' id='word_1_653' title='bbox 3427 4321 3604 4390; x_wconf 80' lang='lat' dir='ltr'><strong>prium</strong></span> <span class='ocrx_word' id='word_1_654' title='bbox 3637 4318 3736 4374; x_wconf 89' lang='lat' dir='ltr'><strong>sibi</strong></span> <span class='ocrx_word' id='word_1_655' title='bbox 3770 4319 3918 4385; x_wconf 78' lang='lat' dir='ltr'><strong>fecit,</strong></span> <span class='ocrx_word' id='word_1_656' title='bbox 3945 4329 4001 4374; x_wconf 92' lang='lat' dir='ltr'><strong>ut</strong></span> <span class='ocrx_word' id='word_1_657' title='bbox 4032 4319 4163 4386; x_wconf 74' lang='lat' dir='ltr'><strong>dixi,</strong></span> <span class='ocrx_word' id='word_1_658' title='bbox 4195 4332 4393 4388; x_wconf 76' lang='lat' dir='ltr'><strong>corpus</strong></span> <span class='ocrx_word' id='word_1_659' title='bbox 4423 4321 4568 4391; x_wconf 86' lang='lat' dir='ltr'><strong>quod</strong></span> <span class='ocrx_word' id='word_1_660' title='bbox 4604 4337 4835 4376; x_wconf 88' lang='lat' dir='ltr'><strong>mortem</strong></span> <span class='ocrx_word' id='word_1_661' title='bbox 4856 4325 5010 4378; x_wconf 83' lang='lat' dir='ltr'><strong>obire</strong></span> 
     </span>
    </p>
   </div>
   <div class='ocr_carea' id='block_1_89' title="bbox 3428 4413 5010 4483">
    <p class='ocr_par' dir='ltr' id='par_1_89' title="bbox 3428 4413 5010 4483">
     <span class='ocr_line' id='line_1_89' title="bbox 3428 4413 5010 4483; baseline 0.004 -19"><span class='ocrx_word' id='word_1_662' title='bbox 3428 4421 3632 4483; x_wconf 82' lang='lat' dir='ltr'><strong>posset,</strong></span> <span class='ocrx_word' id='word_1_663' title='bbox 3668 4427 3962 4482; x_wconf 88' lang='lat' dir='ltr'><strong>rursusque</strong></span> <span class='ocrx_word' id='word_1_664' title='bbox 4000 4413 4340 4474; x_wconf 85' lang='lat' dir='ltr'><strong>resuscitari,</strong></span> <span class='ocrx_word' id='word_1_665' title='bbox 4378 4422 4430 4466; x_wconf 90' lang='lat' dir='ltr'><strong>ut</strong></span> <span class='ocrx_word' id='word_1_666' title='bbox 4477 4429 4598 4466; x_wconf 89' lang='lat' dir='ltr'><strong>cum</strong></span> <span class='ocrx_word' id='word_1_667' title='bbox 4638 4415 4751 4482; x_wconf 85' lang='lat' dir='ltr'><strong>ipse</strong></span> <span class='ocrx_word' id='word_1_668' title='bbox 4793 4431 5010 4482; x_wconf 88' lang='lat' dir='ltr'><strong>perma-</strong></span> 
     </span>
    </p>
   </div>
   <div class='ocr_carea' id='block_1_90' title="bbox 1730 4492 4420 4597">
    <p class='ocr_par' dir='ltr' id='par_1_90' title="bbox 1730 4492 4416 4597">
     <span class='ocr_line' id='line_1_90' title="bbox 1730 4492 4416 4597; baseline 0.003 -47"><span class='ocrx_word' id='word_1_669' title='bbox 1730 4494 1951 4552; x_wconf 85' lang='grc' dir='ltr'>Σέσωκε</span> <span class='ocrx_word' id='word_1_670' title='bbox 1983 4498 2092 4568; x_wconf 77' lang='grc' dir='ltr'>γὰρ</span> <span class='ocrx_word' id='word_1_671' title='bbox 2129 4492 2284 4562; x_wconf 71' lang='grc' dir='ltr'>οὗτος</span> <span class='ocrx_word' id='word_1_672' title='bbox 2326 4497 2385 4552; x_wconf 84' lang='grc' dir='ltr'><strong>τὸ</strong></span> <span class='ocrx_word' id='word_1_673' title='bbox 2437 4499 2738 4564; x_wconf 81' lang='grc' dir='ltr'>ἀπολωλός.</span> <span class='ocrx_word' id='word_1_674' title='bbox 2766 4503 2876 4556; x_wconf 80' lang='grc' dir='ltr'><strong>Καὶ</strong></span> <span class='ocrx_word' id='word_1_675' title='bbox 2924 4502 3056 4572; x_wconf 76' lang='grc' dir='ltr'>γοῦν</span> <span class='ocrx_word' id='word_1_676' title='bbox 3084 4495 3323 4570; x_wconf 76' lang='grc' dir='ltr'>ἔφασκεν</span> <span class='ocrx_word' id='word_1_677' title='bbox 3354 4538 3402 4597; x_wconf 82' lang='lat' dir='ltr'><strong>D</strong></span> <span class='ocrx_word' id='word_1_678' title='bbox 3430 4514 3581 4558; x_wconf 91' lang='lat' dir='ltr'><strong>neret</strong></span> <span class='ocrx_word' id='word_1_679' title='bbox 3613 4505 3881 4573; x_wconf 84' lang='lat' dir='ltr'><strong>passionis</strong></span> <span class='ocrx_word' id='word_1_680' title='bbox 3925 4514 4142 4574; x_wconf 70' lang='lat' dir='ltr'><strong>eXpers,</strong></span> <span class='ocrx_word' id='word_1_681' title='bbox 4199 4503 4416 4574; x_wconf 86' lang='lat' dir='ltr'><strong>propria</strong></span> 
     </span>
    </p>
   </div>
   <div class='ocr_carea' id='block_1_91' title="bbox 2323 4492 5013 4597">
    <p class='ocr_par' dir='ltr' id='par_1_91' title="bbox 2326 4495 5013 4597">
     <span class='ocr_line' id='line_1_91' title="bbox 2326 4495 5013 4597; baseline 0.004 -45"><span class='ocrx_word' id='word_1_682' title='bbox 2326 4497 2385 4552; x_wconf 85' lang='grc' dir='ltr'><strong>τὸ</strong></span> <span class='ocrx_word' id='word_1_683' title='bbox 2437 4499 2738 4564; x_wconf 81' lang='grc' dir='ltr'>ἀπολωλός.</span> <span class='ocrx_word' id='word_1_684' title='bbox 2766 4503 2876 4556; x_wconf 80' lang='grc' dir='ltr'><strong>Καὶ</strong></span> <span class='ocrx_word' id='word_1_685' title='bbox 2924 4502 3056 4572; x_wconf 76' lang='grc' dir='ltr'>γοῦν</span> <span class='ocrx_word' id='word_1_686' title='bbox 3084 4495 3323 4570; x_wconf 76' lang='grc' dir='ltr'>ἔφασκεν</span> <span class='ocrx_word' id='word_1_687' title='bbox 3354 4538 3402 4597; x_wconf 82' lang='lat' dir='ltr'><strong>D</strong></span> <span class='ocrx_word' id='word_1_688' title='bbox 3430 4514 3581 4558; x_wconf 91' lang='lat' dir='ltr'><strong>neret</strong></span> <span class='ocrx_word' id='word_1_689' title='bbox 3613 4505 3881 4573; x_wconf 84' lang='lat' dir='ltr'><strong>passionis</strong></span> <span class='ocrx_word' id='word_1_690' title='bbox 3925 4514 4142 4574; x_wconf 70' lang='lat' dir='ltr'><strong>eXpers,</strong></span> <span class='ocrx_word' id='word_1_691' title='bbox 4199 4503 4416 4574; x_wconf 86' lang='lat' dir='ltr'><strong>propria</strong></span> <span class='ocrx_word' id='word_1_692' title='bbox 4465 4521 4559 4559; x_wconf 90' lang='lat' dir='ltr'><strong>sua</strong></span> <span class='ocrx_word' id='word_1_693' title='bbox 4607 4519 4775 4560; x_wconf 86' lang='lat' dir='ltr'><strong>Carne</strong></span> <span class='ocrx_word' id='word_1_694' title='bbox 4822 4523 5013 4576; x_wconf 76' lang='lat' dir='ltr'><strong>passus</strong></span> 
     </span>
    </p>
   </div>
   <div class='ocr_carea' id='block_1_92' title="bbox 1732 4587 3321 4670">
    <p class='ocr_par' dir='ltr' id='par_1_92' title="bbox 1732 4587 3321 4670">
     <span class='ocr_line' id='line_1_92' title="bbox 1732 4587 3321 4670; baseline 0.007 -28"><span class='ocrx_word' id='word_1_695' title='bbox 1732 4587 2000 4661; x_wconf 76' lang='grc' dir='ltr'>ἐναργῶς,</span> <span class='ocrx_word' id='word_1_696' title='bbox 2037 4611 2055 4642; x_wconf 73' lang='grc' dir='ltr'>ι</span> <span class='ocrx_word' id='word_1_697' title='bbox 2091 4587 2231 4660; x_wconf 85' lang='grc' dir='ltr'>Ἐγώ</span> <span class='ocrx_word' id='word_1_698' title='bbox 2265 4589 2382 4663; x_wconf 80' lang='grc' dir='ltr'>εἰμι</span> <span class='ocrx_word' id='word_1_699' title='bbox 2409 4594 2438 4644; x_wconf 86' lang='grc' dir='ltr'>ὁ</span> <span class='ocrx_word' id='word_1_700' title='bbox 2461 4594 2667 4666; x_wconf 76' lang='grc' dir='ltr'>ποιμὴν</span> <span class='ocrx_word' id='word_1_701' title='bbox 2698 4595 2726 4648; x_wconf 88' lang='grc' dir='ltr'><strong>ὁ</strong></span> <span class='ocrx_word' id='word_1_702' title='bbox 2748 4596 2930 4660; x_wconf 78' lang='grc' dir='ltr'>καλός.</span> <span class='ocrx_word' id='word_1_703' title='bbox 2972 4596 3030 4650; x_wconf 87' lang='lat'><strong>&#39;0</strong></span> <span class='ocrx_word' id='word_1_704' title='bbox 3058 4597 3262 4670; x_wconf 81' lang='grc' dir='ltr'>ποιμὴν</span> <span class='ocrx_word' id='word_1_705' title='bbox 3291 4593 3321 4653; x_wconf 80' lang='grc' dir='ltr'>ὁ</span> 
     </span>
    </p>
   </div>
   <div class='ocr_carea' id='block_1_93' title="bbox 1731 4680 3320 4761">
    <p class='ocr_par' dir='ltr' id='par_1_93' title="bbox 1731 4680 3320 4761">
     <span class='ocr_line' id='line_1_93' title="bbox 1731 4680 3320 4761; baseline 0.004 -24"><span class='ocrx_word' id='word_1_706' title='bbox 1731 4681 1918 4747; x_wconf 80' lang='grc' dir='ltr'>καλὸς,</span> <span class='ocrx_word' id='word_1_707' title='bbox 1949 4680 2050 4754; x_wconf 79' lang='grc' dir='ltr'>τὴν</span> <span class='ocrx_word' id='word_1_708' title='bbox 2097 4680 2278 4754; x_wconf 72' lang='grc' dir='ltr'>ψυχὴν</span> <span class='ocrx_word' id='word_1_709' title='bbox 2311 4687 2506 4740; x_wconf 77' lang='grc' dir='ltr'>ἑαυτοῦ</span> <span class='ocrx_word' id='word_1_710' title='bbox 2547 4682 2760 4756; x_wconf 82' lang='grc' dir='ltr'>τίθησιν</span> <span class='ocrx_word' id='word_1_711' title='bbox 2787 4689 2927 4761; x_wconf 81' lang='grc' dir='ltr'>ὑπὲρ</span> <span class='ocrx_word' id='word_1_712' title='bbox 2960 4690 3068 4744; x_wconf 85' lang='grc' dir='ltr'><strong>τῶν</strong></span> <span class='ocrx_word' id='word_1_713' title='bbox 3117 4689 3320 4761; x_wconf 70' lang='grc' dir='ltr'>προβά-</span> 
     </span>
    </p>
   </div>
   <div class='ocr_carea' id='block_1_94' title="bbox 1730 4776 3319 4853">
    <p class='ocr_par' dir='ltr' id='par_1_94' title="bbox 1730 4776 3319 4853">
     <span class='ocr_line' id='line_1_94' title="bbox 1730 4776 3319 4853; baseline 0.005 -26"><span class='ocrx_word' id='word_1_714' title='bbox 1730 4794 1862 4832; x_wconf 75' lang='grc' dir='ltr'>των.</span> <span class='ocrx_word' id='word_1_715' title='bbox 1901 4795 1920 4828; x_wconf 71' lang='grc' dir='ltr'><strong>ι</strong></span> <span class='ocrx_word' id='word_1_716' title='bbox 1944 4777 2054 4830; x_wconf 69' lang='grc' dir='ltr'>Καὶ</span> <span class='ocrx_word' id='word_1_717' title='bbox 2082 4776 2246 4830; x_wconf 83' lang='grc' dir='ltr'>πάλιν</span> <span class='ocrx_word' id='word_1_718' title='bbox 2270 4793 2283 4807; x_wconf 93' lang='grc'><strong>·</strong></span> <span class='ocrx_word' id='word_1_719' title='bbox 2322 4795 2340 4828; x_wconf 73' lang='grc' dir='ltr'><strong>ι</strong></span> <span class='ocrx_word' id='word_1_720' title='bbox 2371 4778 2560 4842; x_wconf 75' lang='grc' dir='ltr'>Οὐδεὶς</span> <span class='ocrx_word' id='word_1_721' title='bbox 2583 4779 2730 4850; x_wconf 79' lang='grc' dir='ltr'>αἴρει</span> <span class='ocrx_word' id='word_1_722' title='bbox 2762 4781 2861 4852; x_wconf 75' lang='grc' dir='ltr'><strong>τὴν</strong></span> <span class='ocrx_word' id='word_1_723' title='bbox 2882 4780 3061 4852; x_wconf 74' lang='grc' dir='ltr'>ψυχήν</span> <span class='ocrx_word' id='word_1_724' title='bbox 3092 4798 3195 4853; x_wconf 85' lang='grc' dir='ltr'><strong>μου</strong></span> <span class='ocrx_word' id='word_1_725' title='bbox 3223 4781 3319 4835; x_wconf 81' lang='grc' dir='ltr'><strong>ἀπ’</strong></span> 
     </span>
    </p>
   </div>
   <div class='ocr_carea' id='block_1_95' title="bbox 1734 4866 3322 4941">
    <p class='ocr_par' dir='ltr' id='par_1_95' title="bbox 1734 4866 3322 4941">
     <span class='ocr_line' id='line_1_95' title="bbox 1734 4866 3322 4941; baseline 0.004 -21"><span class='ocrx_word' id='word_1_726' title='bbox 1734 4866 1892 4938; x_wconf 75' lang='grc' dir='ltr'>ἐμοῦ,</span> <span class='ocrx_word' id='word_1_727' title='bbox 1923 4866 2036 4923; x_wconf 84' lang='grc' dir='ltr'>ἁλλ’</span> <span class='ocrx_word' id='word_1_728' title='bbox 2072 4867 2184 4938; x_wconf 78' lang='grc' dir='ltr'>ἐγὼ</span> <span class='ocrx_word' id='word_1_729' title='bbox 2240 4870 2431 4939; x_wconf 84' lang='grc' dir='ltr'>τίθημι</span> <span class='ocrx_word' id='word_1_730' title='bbox 2482 4869 2651 4941; x_wconf 74' lang='grc' dir='ltr'>αὐτὴν</span> <span class='ocrx_word' id='word_1_731' title='bbox 2689 4871 2784 4924; x_wconf 76' lang='grc' dir='ltr'><strong>ἀπ’</strong></span> <span class='ocrx_word' id='word_1_732' title='bbox 2824 4870 3086 4940; x_wconf 76' lang='grc' dir='ltr'>ἐμαυτοῦ.</span> <span class='ocrx_word' id='word_1_733' title='bbox 3141 4871 3322 4937; x_wconf 72' lang='grc' dir='ltr'>Ἐξού-</span> 
     </span>
    </p>
   </div>
   <div class='ocr_carea' id='block_1_96' title="bbox 1737 4954 3323 5034">
    <p class='ocr_par' dir='ltr' id='par_1_96' title="bbox 1737 4954 3323 5034">
     <span class='ocr_line' id='line_1_96' title="bbox 1737 4954 3323 5034; baseline 0.002 -20"><span class='ocrx_word' id='word_1_734' title='bbox 1737 4960 1859 5015; x_wconf 78' lang='grc' dir='ltr'>σίαν</span> <span class='ocrx_word' id='word_1_735' title='bbox 1887 4962 1994 5034; x_wconf 71' lang='grc' dir='ltr'><strong>ἔχω</strong></span> <span class='ocrx_word' id='word_1_736' title='bbox 2023 4958 2195 5016; x_wconf 88' lang='grc' dir='ltr'>θεῖναι</span> <span class='ocrx_word' id='word_1_737' title='bbox 2241 4963 2432 5032; x_wconf 70' lang='grc' dir='ltr'>αὐτὴν,</span> <span class='ocrx_word' id='word_1_738' title='bbox 2479 4957 2575 5016; x_wconf 70' lang='grc' dir='ltr'>καὶ</span> <span class='ocrx_word' id='word_1_739' title='bbox 2619 4954 2865 5027; x_wconf 78' lang='grc' dir='ltr'>ἐξουσίαν</span> <span class='ocrx_word' id='word_1_740' title='bbox 2891 4963 3000 5034; x_wconf 76' lang='grc' dir='ltr'><strong>ἔχω</strong></span> <span class='ocrx_word' id='word_1_741' title='bbox 3034 4963 3198 5018; x_wconf 78' lang='grc' dir='ltr'>πάλιν</span> <span class='ocrx_word' id='word_1_742' title='bbox 3229 4963 3323 5017; x_wconf 71' lang='grc' dir='ltr'>λα-</span> 
     </span>
    </p>
   </div>
   <div class='ocr_carea' id='block_1_97' title="bbox 1736 5051 3321 5126">
    <p class='ocr_par' dir='ltr' id='par_1_97' title="bbox 1736 5051 3321 5126">
     <span class='ocr_line' id='line_1_97' title="bbox 1736 5051 3321 5126; baseline 0.002 -22"><span class='ocrx_word' id='word_1_743' title='bbox 1736 5053 1850 5106; x_wconf 76' lang='grc' dir='ltr'>ϐεῖν</span> <span class='ocrx_word' id='word_1_744' title='bbox 1897 5055 2085 5125; x_wconf 82' lang='grc' dir='ltr'>αὑτήν.</span> <span class='ocrx_word' id='word_1_745' title='bbox 2131 5074 2151 5106; x_wconf 73' lang='grc' dir='ltr'>ι</span> <span class='ocrx_word' id='word_1_746' title='bbox 2201 5051 2338 5108; x_wconf 77' lang='grc' dir='ltr'>Ἀλλ’</span> <span class='ocrx_word' id='word_1_747' title='bbox 2393 5051 2462 5126; x_wconf 82' lang='grc' dir='ltr'>ἦν</span> <span class='ocrx_word' id='word_1_748' title='bbox 2507 5055 2606 5124; x_wconf 75' lang='grc' dir='ltr'>οὐχ</span> <span class='ocrx_word' id='word_1_749' title='bbox 2661 5054 2780 5118; x_wconf 59' lang='lat' dir='ltr'><strong>eve;</strong></span> <span class='ocrx_word' id='word_1_750' title='bbox 2807 5054 2916 5107; x_wconf 81' lang='grc' dir='ltr'><strong>τῶν</strong></span> <span class='ocrx_word' id='word_1_751' title='bbox 2973 5055 3096 5108; x_wconf 85' lang='grc' dir='ltr'>καθ’</span> <span class='ocrx_word' id='word_1_752' title='bbox 3151 5057 3321 5126; x_wconf 82' lang='grc' dir='ltr'>ἡμᾶς,</span> 
     </span>
    </p>
   </div>
   <div class='ocr_carea' id='block_1_98' title="bbox 1735 5137 3324 5218">
    <p class='ocr_par' dir='ltr' id='par_1_98' title="bbox 1735 5137 3324 5218">
     <span class='ocr_line' id='line_1_98' title="bbox 1735 5137 3324 5218; baseline 0.003 -22"><span class='ocrx_word' id='word_1_753' title='bbox 1735 5137 1862 5196; x_wconf 74' lang='grc' dir='ltr'>οὔτε</span> <span class='ocrx_word' id='word_1_754' title='bbox 1890 5139 1994 5216; x_wconf 82' lang='grc' dir='ltr'>μὴν</span> <span class='ocrx_word' id='word_1_755' title='bbox 2037 5145 2324 5218; x_wconf 87' lang='grc' dir='ltr'>ἀνθρώπου</span> <span class='ocrx_word' id='word_1_756' title='bbox 2356 5147 2560 5212; x_wconf 81' lang='grc' dir='ltr'>κοινοῦ,</span> <span class='ocrx_word' id='word_1_757' title='bbox 2591 5145 2652 5198; x_wconf 79' lang='grc' dir='ltr'>τὸ</span> <span class='ocrx_word' id='word_1_758' title='bbox 2681 5139 2931 5211; x_wconf 76' lang='grc' dir='ltr'>ἐξουσίαν</span> <span class='ocrx_word' id='word_1_759' title='bbox 2971 5146 3116 5217; x_wconf 82' lang='grc' dir='ltr'>ἔχειν</span> <span class='ocrx_word' id='word_1_760' title='bbox 3149 5142 3324 5200; x_wconf 71' lang='grc' dir='ltr'>θεῖναί</span> 
     </span>
    </p>
   </div>
   <div class='ocr_carea' id='block_1_99' title="bbox 1735 5230 3325 5309">
    <p class='ocr_par' dir='ltr' id='par_1_99' title="bbox 1735 5230 3325 5309">
     <span class='ocr_line' id='line_1_99' title="bbox 1735 5230 3325 5309; baseline 0.003 -23"><span class='ocrx_word' id='word_1_761' title='bbox 1735 5247 1796 5286; x_wconf 85' lang='grc' dir='ltr'><strong>τε</strong></span> <span class='ocrx_word' id='word_1_762' title='bbox 1824 5230 2004 5306; x_wconf 76' lang='grc' dir='ltr'>ψυχὴν</span> <span class='ocrx_word' id='word_1_763' title='bbox 2049 5237 2144 5289; x_wconf 72' lang='grc' dir='ltr'>καὶ</span> <span class='ocrx_word' id='word_1_764' title='bbox 2175 5237 2466 5291; x_wconf 73' lang='grc' dir='ltr'>ἀναλαϐεῖν</span> <span class='ocrx_word' id='word_1_765' title='bbox 2511 5237 2700 5309; x_wconf 74' lang='grc' dir='ltr'>αὐτὴν.</span> <span class='ocrx_word' id='word_1_766' title='bbox 2739 5230 2964 5290; x_wconf 81' lang='grc' dir='ltr'>Τέθεικε</span> <span class='ocrx_word' id='word_1_767' title='bbox 3009 5235 3065 5290; x_wconf 76' lang='grc' dir='ltr'><strong>δὲ</strong></span> <span class='ocrx_word' id='word_1_768' title='bbox 3094 5239 3189 5290; x_wconf 78' lang='grc' dir='ltr'><strong>καὶ</strong></span> <span class='ocrx_word' id='word_1_769' title='bbox 3230 5240 3325 5291; x_wconf 90' lang='grc' dir='ltr'><strong>ἀν-</strong></span> 
     </span>
    </p>
   </div>
   <div class='ocr_carea' id='block_1_100' title="bbox 1739 5318 3326 5398">
    <p class='ocr_par' dir='ltr' id='par_1_100' title="bbox 1739 5318 3326 5398">
     <span class='ocr_line' id='line_1_100' title="bbox 1739 5318 3326 5398; baseline 0.006 -25"><span class='ocrx_word' id='word_1_770' title='bbox 1739 5318 1932 5376; x_wconf 75' lang='grc' dir='ltr'>έλαϐεν</span> <span class='ocrx_word' id='word_1_771' title='bbox 1952 5324 1981 5376; x_wconf 78' lang='grc' dir='ltr'>ὁ</span> <span class='ocrx_word' id='word_1_772' title='bbox 2007 5324 2322 5398; x_wconf 82' lang='grc' dir='ltr'>Μονογενὴς</span> <span class='ocrx_word' id='word_1_773' title='bbox 2349 5329 2445 5381; x_wconf 76' lang='grc' dir='ltr'><strong>καὶ</strong></span> <span class='ocrx_word' id='word_1_774' title='bbox 2471 5325 2685 5398; x_wconf 83' lang='grc' dir='ltr'>άληθῶς</span> <span class='ocrx_word' id='word_1_775' title='bbox 2711 5327 2860 5391; x_wconf 79' lang='grc' dir='ltr'>Υἱὸς,</span> <span class='ocrx_word' id='word_1_776' title='bbox 2893 5328 3002 5380; x_wconf 86' lang='grc' dir='ltr'><strong>τῶν</strong></span> <span class='ocrx_word' id='word_1_777' title='bbox 3032 5328 3123 5382; x_wconf 78' lang='grc' dir='ltr'>τοῦ</span> <span class='ocrx_word' id='word_1_778' title='bbox 3159 5323 3326 5383; x_wconf 73' lang='grc' dir='ltr'>Θανά-</span> 
     </span>
    </p>
   </div>
   <div class='ocr_carea' id='block_1_101' title="bbox 1737 5413 3326 5490">
    <p class='ocr_par' dir='ltr' id='par_1_101' title="bbox 1737 5413 3326 5490">
     <span class='ocr_line' id='line_1_101' title="bbox 1737 5413 3326 5490; baseline 0.004 -25"><span class='ocrx_word' id='word_1_779' title='bbox 1737 5431 1832 5466; x_wconf 85' lang='grc' dir='ltr'><strong>του</strong></span> <span class='ocrx_word' id='word_1_780' title='bbox 1862 5415 2072 5486; x_wconf 76' lang='grc' dir='ltr'>βρύχιον</span> <span class='ocrx_word' id='word_1_781' title='bbox 2097 5413 2246 5488; x_wconf 80' lang='grc' dir='ltr'><strong>ήμᾶς</strong></span> <span class='ocrx_word' id='word_1_782' title='bbox 2276 5414 2380 5482; x_wconf 76' lang='grc' dir='ltr'>ἔξω</span> <span class='ocrx_word' id='word_1_783' title='bbox 2405 5419 2594 5483; x_wconf 87' lang='grc' dir='ltr'>τιθείς.</span> <span class='ocrx_word' id='word_1_784' title='bbox 2632 5419 2761 5472; x_wconf 85' lang='grc' dir='ltr'>Ἴδοι</span> <span class='ocrx_word' id='word_1_785' title='bbox 2794 5413 2838 5473; x_wconf 78' lang='grc' dir='ltr'>δ’</span> <span class='ocrx_word' id='word_1_786' title='bbox 2867 5419 2933 5473; x_wconf 84' lang='grc' dir='ltr'>ἄν</span> <span class='ocrx_word' id='word_1_787' title='bbox 2966 5437 3050 5483; x_wconf 89' lang='grc' dir='ltr'><strong>τις</strong></span> <span class='ocrx_word' id='word_1_788' title='bbox 3087 5414 3146 5474; x_wconf 82' lang='grc' dir='ltr'>εὗ</span> <span class='ocrx_word' id='word_1_789' title='bbox 3181 5421 3326 5490; x_wconf 82' lang='grc' dir='ltr'>μάλα</span> 
     </span>
    </p>
   </div>
   <div class='ocr_carea' id='block_1_102' title="bbox 1743 5508 3324 5581">
    <p class='ocr_par' dir='ltr' id='par_1_102' title="bbox 1743 5508 3324 5581">
     <span class='ocr_line' id='line_1_102' title="bbox 1743 5508 3324 5581; baseline 0.009 -29"><span class='ocrx_word' id='word_1_790' title='bbox 1743 5508 1911 5566; x_wconf 70' lang='grc' dir='ltr'>τουτὶ,</span> <span class='ocrx_word' id='word_1_791' title='bbox 1940 5508 2035 5560; x_wconf 78' lang='grc' dir='ltr'><strong>καὶ</strong></span> <span class='ocrx_word' id='word_1_792' title='bbox 2057 5511 2114 5560; x_wconf 85' lang='grc' dir='ltr'>ὲν</span> <span class='ocrx_word' id='word_1_793' title='bbox 2144 5511 2264 5574; x_wconf 86' lang='grc' dir='ltr'>ταῖς</span> <span class='ocrx_word' id='word_1_794' title='bbox 2293 5511 2538 5574; x_wconf 83' lang='grc' dir='ltr'>Μωσέως</span> <span class='ocrx_word' id='word_1_795' title='bbox 2575 5508 2902 5581; x_wconf 9' lang='grc' dir='ltr'>βίϐλοις,ὶώς</span> <span class='ocrx_word' id='word_1_796' title='bbox 2937 5513 2994 5565; x_wconf 82' lang='grc' dir='ltr'><strong>ἐν</strong></span> <span class='ocrx_word' id='word_1_797' title='bbox 3030 5514 3208 5574; x_wconf 83' lang='grc' dir='ltr'>σκιαῖς</span> <span class='ocrx_word' id='word_1_798' title='bbox 3231 5513 3324 5567; x_wconf 78' lang='grc' dir='ltr'>ἐπὶ</span> 
     </span>
    </p>
   </div>
   <div class='ocr_carea' id='block_1_103' title="bbox 1743 5594 3318 5676">
    <p class='ocr_par' dir='ltr' id='par_1_103' title="bbox 1743 5594 3318 5676">
     <span class='ocr_line' id='line_1_103' title="bbox 1743 5594 3318 5676; baseline 0.004 -23"><span class='ocrx_word' id='word_1_799' title='bbox 1743 5595 1854 5654; x_wconf 70' lang='grc' dir='ltr'>τοῖς</span> <span class='ocrx_word' id='word_1_800' title='bbox 1900 5594 2063 5646; x_wconf 77' lang='grc' dir='ltr'>πάλαι</span> <span class='ocrx_word' id='word_1_801' title='bbox 2098 5599 2601 5671; x_wconf 79' lang='grc' dir='ltr'>διαμορφούμενον·</span> <span class='ocrx_word' id='word_1_802' title='bbox 2645 5603 2879 5670; x_wconf 77' lang='grc' dir='ltr'>ἐξείλετο</span> <span class='ocrx_word' id='word_1_803' title='bbox 2925 5605 3032 5676; x_wconf 76' lang='grc' dir='ltr'>γὰρ</span> <span class='ocrx_word' id='word_1_804' title='bbox 3083 5604 3318 5660; x_wconf 84' lang='grc' dir='ltr'>θανάτου</span> 
     </span>
    </p>
   </div>
   <div class='ocr_carea' id='block_1_104' title="bbox 3429 4593 5014 4665">
    <p class='ocr_par' dir='ltr' id='par_1_104' title="bbox 3429 4593 5014 4665">
     <span class='ocr_line' id='line_1_104' title="bbox 3429 4593 5014 4665; baseline 0.001 -15"><span class='ocrx_word' id='word_1_805' title='bbox 3429 4611 3549 4652; x_wconf 90' lang='lat' dir='ltr'><strong>esse</strong></span> <span class='ocrx_word' id='word_1_806' title='bbox 3577 4597 3869 4651; x_wconf 83' lang='lat' dir='ltr'><strong>diceretur.</strong></span> <span class='ocrx_word' id='word_1_807' title='bbox 3906 4593 4018 4651; x_wconf 85' lang='lat' dir='ltr'><strong>Hac</strong></span> <span class='ocrx_word' id='word_1_808' title='bbox 4060 4598 4202 4651; x_wconf 81' lang='lat' dir='ltr'><strong>enim</strong></span> <span class='ocrx_word' id='word_1_809' title='bbox 4240 4598 4446 4652; x_wconf 87' lang='lat' dir='ltr'><strong>ratione</strong></span> <span class='ocrx_word' id='word_1_810' title='bbox 4481 4596 4535 4650; x_wconf 91' lang='lat' dir='ltr'><strong>id</strong></span> <span class='ocrx_word' id='word_1_811' title='bbox 4588 4597 4729 4665; x_wconf 82' lang='lat' dir='ltr'><strong>quod</strong></span> <span class='ocrx_word' id='word_1_812' title='bbox 4781 4597 5014 4664; x_wconf 86' lang='lat' dir='ltr'><strong>perierat</strong></span> 
     </span>
    </p>
   </div>
   <div class='ocr_carea' id='block_1_105' title="bbox 3429 4688 5010 4759">
    <p class='ocr_par' dir='ltr' id='par_1_105' title="bbox 3429 4688 5010 4759">
     <span class='ocr_line' id='line_1_105' title="bbox 3429 4688 5010 4759; baseline -0.001 -16"><span class='ocrx_word' id='word_1_813' title='bbox 3429 4689 3676 4743; x_wconf 82' lang='lat' dir='ltr'><strong>salvavit.</strong></span> <span class='ocrx_word' id='word_1_814' title='bbox 3710 4689 3774 4744; x_wconf 83' lang='lat' dir='ltr'><strong>Et</strong></span> <span class='ocrx_word' id='word_1_815' title='bbox 3804 4689 4019 4758; x_wconf 78' lang='lat' dir='ltr'><strong>quidem</strong></span> <span class='ocrx_word' id='word_1_816' title='bbox 4046 4690 4332 4744; x_wconf 78' lang='lat' dir='ltr'><strong>manifeste</strong></span> <span class='ocrx_word' id='word_1_817' title='bbox 4357 4690 4530 4744; x_wconf 74' lang='lat' dir='ltr'><strong>dixit:</strong></span> <span class='ocrx_word' id='word_1_818' title='bbox 4571 4706 4589 4739; x_wconf 78' lang='grc' dir='ltr'>ι</span> <span class='ocrx_word' id='word_1_819' title='bbox 4621 4688 4735 4758; x_wconf 78' lang='lat' dir='ltr'><strong>Ego</strong></span> <span class='ocrx_word' id='word_1_820' title='bbox 4771 4704 4887 4742; x_wconf 90' lang='lat' dir='ltr'><strong>sum</strong></span> <span class='ocrx_word' id='word_1_821' title='bbox 4919 4706 5010 4759; x_wconf 87' lang='lat' dir='ltr'><strong>pa-</strong></span> 
     </span>
    </p>
   </div>
   <div class='ocr_carea' id='block_1_106' title="bbox 3431 4779 5014 4848">
    <p class='ocr_par' dir='ltr' id='par_1_106' title="bbox 3431 4779 5014 4848">
     <span class='ocr_line' id='line_1_106' title="bbox 3431 4779 5014 4848; baseline -0.005 -10"><span class='ocrx_word' id='word_1_822' title='bbox 3431 4793 3547 4838; x_wconf 86' lang='lat' dir='ltr'><strong>stor</strong></span> <span class='ocrx_word' id='word_1_823' title='bbox 3566 4782 3761 4837; x_wconf 89' lang='lat' dir='ltr'><strong>bonus.</strong></span> <span class='ocrx_word' id='word_1_824' title='bbox 3786 4779 3978 4834; x_wconf 88' lang='lat' dir='ltr'><strong>Pastor</strong></span> <span class='ocrx_word' id='word_1_825' title='bbox 3996 4780 4166 4834; x_wconf 91' lang='lat' dir='ltr'><strong>bonus</strong></span> <span class='ocrx_word' id='word_1_826' title='bbox 4184 4780 4421 4832; x_wconf 81' lang='lat' dir='ltr'><strong>anitmur.</strong></span> <span class='ocrx_word' id='word_1_827' title='bbox 4442 4794 4596 4832; x_wconf 84' lang='lat' dir='ltr'><strong>suam</strong></span> <span class='ocrx_word' id='word_1_828' title='bbox 4619 4780 4769 4848; x_wconf 86' lang='lat' dir='ltr'><strong>ponit</strong></span> <span class='ocrx_word' id='word_1_829' title='bbox 4784 4794 4878 4845; x_wconf 87' lang='lat' dir='ltr'><strong>pro</strong></span> <span class='ocrx_word' id='word_1_830' title='bbox 4899 4780 5014 4832; x_wconf 79' lang='lat' dir='ltr'><strong>ovi-</strong></span> 
     </span>
    </p>
   </div>
   <div class='ocr_carea' id='block_1_107' title="bbox 3432 4869 5010 4929">
    <p class='ocr_par' dir='ltr' id='par_1_107' title="bbox 3432 4869 5010 4929">
     <span class='ocr_line' id='line_1_107' title="bbox 3432 4869 5010 4929; baseline -0.004 0"><span class='ocrx_word' id='word_1_831' title='bbox 3432 4872 3552 4929; x_wconf 75' lang='lat' dir='ltr'><strong>bus.</strong></span> <span class='ocrx_word' id='word_1_832' title='bbox 3588 4892 3606 4925; x_wconf 73' lang='grc' dir='ltr'>ι</span> <span class='ocrx_word' id='word_1_833' title='bbox 3647 4873 3711 4927; x_wconf 85' lang='lat' dir='ltr'><strong>Et</strong></span> <span class='ocrx_word' id='word_1_834' title='bbox 3742 4884 3956 4926; x_wconf 83' lang='lat' dir='ltr'><strong>rursum</strong></span> <span class='ocrx_word' id='word_1_835' title='bbox 3995 4889 4007 4924; x_wconf 91' lang='lat'><strong>:</strong></span> <span class='ocrx_word' id='word_1_836' title='bbox 4042 4888 4060 4920; x_wconf 79' lang='grc' dir='ltr'><strong>ι</strong></span> <span class='ocrx_word' id='word_1_837' title='bbox 4093 4870 4262 4924; x_wconf 80' lang='lat' dir='ltr'><strong>Nemo</strong></span> <span class='ocrx_word' id='word_1_838' title='bbox 4315 4869 4453 4924; x_wconf 90' lang='lat' dir='ltr'><strong>tollit</strong></span> <span class='ocrx_word' id='word_1_839' title='bbox 4483 4871 4722 4923; x_wconf 88' lang='lat' dir='ltr'><strong>animam</strong></span> <span class='ocrx_word' id='word_1_840' title='bbox 4771 4885 4945 4922; x_wconf 81' lang='lat' dir='ltr'><strong>meant</strong></span> <span class='ocrx_word' id='word_1_841' title='bbox 4983 4885 5010 4922; x_wconf 85' lang='lat' dir='ltr'><strong>a</strong></span> 
     </span>
    </p>
   </div>
   <div class='ocr_carea' id='block_1_108' title="bbox 3431 4960 5010 5034">
    <p class='ocr_par' dir='ltr' id='par_1_108' title="bbox 3431 4960 5010 5034">
     <span class='ocr_line' id='line_1_108' title="bbox 3431 4960 5010 5034; baseline -0.004 -14"><span class='ocrx_word' id='word_1_842' title='bbox 3431 4979 3518 5020; x_wconf 86' lang='lat' dir='ltr'><strong>me</strong></span> <span class='ocrx_word' id='word_1_843' title='bbox 3563 4983 3577 5017; x_wconf 89' lang='lat'><strong>:</strong></span> <span class='ocrx_word' id='word_1_844' title='bbox 3615 4969 3708 5019; x_wconf 86' lang='lat' dir='ltr'><strong>sed</strong></span> <span class='ocrx_word' id='word_1_845' title='bbox 3759 4979 3858 5034; x_wconf 71' lang='lat' dir='ltr'><strong>ego</strong></span> <span class='ocrx_word' id='word_1_846' title='bbox 3916 4977 4058 5032; x_wconf 91' lang='lat' dir='ltr'><strong>pono</strong></span> <span class='ocrx_word' id='word_1_847' title='bbox 4107 4977 4228 5015; x_wconf 87' lang='lat' dir='ltr'><strong>eam</strong></span> <span class='ocrx_word' id='word_1_848' title='bbox 4269 4976 4300 5014; x_wconf 89' lang='lat' dir='ltr'><strong>a</strong></span> <span class='ocrx_word' id='word_1_849' title='bbox 4350 4976 4433 5014; x_wconf 85' lang='lat' dir='ltr'><strong>me</strong></span> <span class='ocrx_word' id='word_1_850' title='bbox 4489 4962 4624 5030; x_wconf 81' lang='lat' dir='ltr'><strong>ipso.</strong></span> <span class='ocrx_word' id='word_1_851' title='bbox 4677 4960 5010 5016; x_wconf 87' lang='lat' dir='ltr'><strong>Potestatem</strong></span> 
     </span>
    </p>
   </div>
   <div class='ocr_carea' id='block_1_109' title="bbox 3433 5053 5007 5126">
    <p class='ocr_par' dir='ltr' id='par_1_109' title="bbox 3433 5053 5007 5126">
     <span class='ocr_line' id='line_1_109' title="bbox 3433 5053 5007 5126; baseline -0.004 -14"><span class='ocrx_word' id='word_1_852' title='bbox 3433 5060 3607 5114; x_wconf 88' lang='lat' dir='ltr'><strong>habeo</strong></span> <span class='ocrx_word' id='word_1_853' title='bbox 3653 5057 3884 5126; x_wconf 83' lang='lat' dir='ltr'><strong>ponendi</strong></span> <span class='ocrx_word' id='word_1_854' title='bbox 3935 5071 4079 5119; x_wconf 74' lang='lat' dir='ltr'><strong>eam,</strong></span> <span class='ocrx_word' id='word_1_855' title='bbox 4116 5065 4170 5109; x_wconf 88' lang='lat' dir='ltr'><strong>et</strong></span> <span class='ocrx_word' id='word_1_856' title='bbox 4216 5063 4535 5124; x_wconf 83' lang='lat' dir='ltr'><strong>potestatem</strong></span> <span class='ocrx_word' id='word_1_857' title='bbox 4579 5053 4753 5107; x_wconf 84' lang='lat' dir='ltr'><strong>habeo</strong></span> <span class='ocrx_word' id='word_1_858' title='bbox 4811 5053 5007 5106; x_wconf 88' lang='lat' dir='ltr'><strong>iterum</strong></span> 
     </span>
    </p>
   </div>
   <div class='ocr_carea' id='block_1_110' title="bbox 3431 5142 5008 5216">
    <p class='ocr_par' dir='ltr' id='par_1_110' title="bbox 3431 5142 5008 5216">
     <span class='ocr_line' id='line_1_110' title="bbox 3431 5142 5008 5216; baseline -0.003 -14"><span class='ocrx_word' id='word_1_859' title='bbox 3431 5142 3678 5204; x_wconf 90' lang='lat' dir='ltr'><strong>sumendi</strong></span> <span class='ocrx_word' id='word_1_860' title='bbox 3705 5165 3824 5202; x_wconf 85' lang='lat' dir='ltr'><strong>eam</strong></span> <span class='ocrx_word' id='word_1_861' title='bbox 3841 5142 3907 5201; x_wconf 80' lang='grc'><strong>⁸¹.</strong></span> <span class='ocrx_word' id='word_1_862' title='bbox 3947 5167 3964 5196; x_wconf 77' lang='grc' dir='ltr'>ι</span> <span class='ocrx_word' id='word_1_863' title='bbox 4001 5147 4157 5216; x_wconf 77' lang='lat' dir='ltr'><strong>Atqui</strong></span> <span class='ocrx_word' id='word_1_864' title='bbox 4177 5147 4279 5201; x_wconf 88' lang='lat' dir='ltr'><strong>hoc</strong></span> <span class='ocrx_word' id='word_1_865' title='bbox 4321 5161 4426 5201; x_wconf 88' lang='lat' dir='ltr'><strong>non</strong></span> <span class='ocrx_word' id='word_1_866' title='bbox 4466 5144 4626 5199; x_wconf 74' lang='lat' dir='ltr'><strong>fuerit</strong></span> <span class='ocrx_word' id='word_1_867' title='bbox 4661 5143 4891 5212; x_wconf 86' lang='lat' dir='ltr'><strong>alicujus</strong></span> <span class='ocrx_word' id='word_1_868' title='bbox 4915 5159 5008 5198; x_wconf 86' lang='lat' dir='ltr'><strong>no-</strong></span> 
     </span>
    </p>
   </div>
   <div class='ocr_carea' id='block_1_111' title="bbox 3429 5235 5011 5310">
    <p class='ocr_par' dir='ltr' id='par_1_111' title="bbox 3429 5235 5011 5310">
     <span class='ocr_line' id='line_1_111' title="bbox 3429 5235 5011 5310; baseline -0.005 -13"><span class='ocrx_word' id='word_1_869' title='bbox 3429 5252 3626 5304; x_wconf 88' lang='lat' dir='ltr'><strong>strum,</strong></span> <span class='ocrx_word' id='word_1_870' title='bbox 3675 5254 3850 5308; x_wconf 77' lang='lat' dir='ltr'><strong>neque</strong></span> <span class='ocrx_word' id='word_1_871' title='bbox 3885 5239 4123 5310; x_wconf 80' lang='lat' dir='ltr'><strong>vulgaris</strong></span> <span class='ocrx_word' id='word_1_872' title='bbox 4161 5237 4398 5291; x_wconf 86' lang='lat' dir='ltr'><strong>hominis</strong></span> <span class='ocrx_word' id='word_1_873' title='bbox 4452 5237 4651 5291; x_wconf 90' lang='lat' dir='ltr'><strong>habere</strong></span> <span class='ocrx_word' id='word_1_874' title='bbox 4699 5235 5011 5290; x_wconf 80' lang='lat' dir='ltr'><strong>facultatem</strong></span> 
     </span>
    </p>
   </div>
   <div class='ocr_carea' id='block_1_112' title="bbox 3432 5327 5010 5402">
    <p class='ocr_par' dir='ltr' id='par_1_112' title="bbox 3432 5327 5010 5402">
     <span class='ocr_line' id='line_1_112' title="bbox 3432 5327 5010 5402; baseline -0.002 -17"><span class='ocrx_word' id='word_1_875' title='bbox 3432 5332 3664 5402; x_wconf 79' lang='lat' dir='ltr'><strong>ponendi</strong></span> <span class='ocrx_word' id='word_1_876' title='bbox 3707 5333 3943 5384; x_wconf 82' lang='lat' dir='ltr'><strong>animam</strong></span> <span class='ocrx_word' id='word_1_877' title='bbox 3992 5345 4172 5393; x_wconf 81' lang='lat' dir='ltr'><strong>suam,</strong></span> <span class='ocrx_word' id='word_1_878' title='bbox 4219 5336 4274 5383; x_wconf 86' lang='lat' dir='ltr'><strong>et</strong></span> <span class='ocrx_word' id='word_1_879' title='bbox 4322 5329 4570 5384; x_wconf 85' lang='lat' dir='ltr'><strong>sumendi</strong></span> <span class='ocrx_word' id='word_1_880' title='bbox 4613 5328 4781 5382; x_wconf 85' lang='lat' dir='ltr'><strong>illam.</strong></span> <span class='ocrx_word' id='word_1_881' title='bbox 4833 5327 5010 5397; x_wconf 85' lang='lat' dir='ltr'><strong>Depo-</strong></span> 
     </span>
    </p>
   </div>
   <div class='ocr_carea' id='block_1_113' title="bbox 3431 5419 5011 5492">
    <p class='ocr_par' dir='ltr' id='par_1_113' title="bbox 3431 5419 5011 5492">
     <span class='ocr_line' id='line_1_113' title="bbox 3431 5419 5011 5492; baseline -0.003 -14"><span class='ocrx_word' id='word_1_882' title='bbox 3431 5425 3537 5478; x_wconf 89' lang='lat' dir='ltr'><strong>suit</strong></span> <span class='ocrx_word' id='word_1_883' title='bbox 3573 5439 3699 5479; x_wconf 76' lang='lat' dir='ltr'><strong>vero</strong></span> <span class='ocrx_word' id='word_1_884' title='bbox 3729 5436 3784 5478; x_wconf 84' lang='lat' dir='ltr'><strong>et</strong></span> <span class='ocrx_word' id='word_1_885' title='bbox 3817 5423 4016 5492; x_wconf 81' lang='lat' dir='ltr'><strong>recepit</strong></span> <span class='ocrx_word' id='word_1_886' title='bbox 4054 5437 4172 5476; x_wconf 89' lang='lat' dir='ltr'><strong>eam</strong></span> <span class='ocrx_word' id='word_1_887' title='bbox 4211 5419 4533 5490; x_wconf 81' lang='lat' dir='ltr'><strong>Uuigenitus</strong></span> <span class='ocrx_word' id='word_1_888' title='bbox 4556 5461 4570 5484; x_wconf 91' lang='lat'><strong>,</strong></span> <span class='ocrx_word' id='word_1_889' title='bbox 4596 5419 4761 5492; x_wconf 67' lang='grc'><strong>774</strong></span> <span class='ocrx_word' id='word_1_890' title='bbox 4786 5436 4850 5475; x_wconf 88' lang='lat' dir='ltr'><strong>ac</strong></span> <span class='ocrx_word' id='word_1_891' title='bbox 4881 5435 5011 5474; x_wconf 86' lang='lat' dir='ltr'><strong>vere</strong></span> 
     </span>
    </p>
   </div>
   <div class='ocr_carea' id='block_1_114' title="bbox 3433 5511 5011 5583">
    <p class='ocr_par' dir='ltr' id='par_1_114' title="bbox 3433 5511 5011 5583">
     <span class='ocr_line' id='line_1_114' title="bbox 3433 5511 5011 5583; baseline -0.003 -14"><span class='ocrx_word' id='word_1_892' title='bbox 3433 5515 3623 5580; x_wconf 78' lang='lat' dir='ltr'><strong>Filius,</strong></span> <span class='ocrx_word' id='word_1_893' title='bbox 3663 5515 3856 5569; x_wconf 85' lang='lat' dir='ltr'><strong>mortis</strong></span> <span class='ocrx_word' id='word_1_894' title='bbox 3890 5513 4096 5583; x_wconf 80' lang='lat' dir='ltr'><strong>laqueis</strong></span> <span class='ocrx_word' id='word_1_895' title='bbox 4152 5528 4250 5567; x_wconf 90' lang='lat' dir='ltr'><strong>nos</strong></span> <span class='ocrx_word' id='word_1_896' title='bbox 4302 5512 4567 5582; x_wconf 85' lang='lat' dir='ltr'><strong>eripiens.</strong></span> <span class='ocrx_word' id='word_1_897' title='bbox 4613 5511 4766 5575; x_wconf 81' lang='lat' dir='ltr'><strong>Quod</strong></span> <span class='ocrx_word' id='word_1_898' title='bbox 4796 5512 5011 5580; x_wconf 83' lang='lat' dir='ltr'><strong>quidem</strong></span> 
     </span>
    </p>
   </div>
   <div class='ocr_carea' id='block_1_115' title="bbox 3429 5599 5008 5673">
    <p class='ocr_par' dir='ltr' id='par_1_115' title="bbox 3429 5599 5008 5673">
     <span class='ocr_line' id='line_1_115' title="bbox 3429 5599 5008 5673; baseline -0.004 -13"><span class='ocrx_word' id='word_1_899' title='bbox 3429 5607 3595 5661; x_wconf 89' lang='lat' dir='ltr'><strong>etiam</strong></span> <span class='ocrx_word' id='word_1_900' title='bbox 3630 5606 3682 5659; x_wconf 92' lang='lat' dir='ltr'><strong>in</strong></span> <span class='ocrx_word' id='word_1_901' title='bbox 3722 5603 3976 5659; x_wconf 82' lang='lat' dir='ltr'><strong>Musaicis</strong></span> <span class='ocrx_word' id='word_1_902' title='bbox 4011 5603 4166 5659; x_wconf 82' lang='lat' dir='ltr'><strong>libris</strong></span> <span class='ocrx_word' id='word_1_903' title='bbox 4195 5602 4422 5673; x_wconf 91' lang='lat' dir='ltr'><strong>optime,</strong></span> <span class='ocrx_word' id='word_1_904' title='bbox 4457 5601 4622 5656; x_wconf 85' lang='lat' dir='ltr'><strong>veluti</strong></span> <span class='ocrx_word' id='word_1_905' title='bbox 4677 5601 4730 5654; x_wconf 91' lang='lat' dir='ltr'><strong>in</strong></span> <span class='ocrx_word' id='word_1_906' title='bbox 4761 5599 4967 5654; x_wconf 84' lang='lat' dir='ltr'><strong>umbris</strong></span> <span class='ocrx_word' id='word_1_907' title='bbox 4993 5639 5008 5662; x_wconf 89' lang='lat'><strong>,</strong></span> 
     </span>
    </p>
   </div>
   <div class='ocr_carea' id='block_1_116' title="bbox 1826 5767 4830 5852">
    <p class='ocr_par' dir='ltr' id='par_1_116' title="bbox 1826 5767 4830 5852">
     <span class='ocr_line' id='line_1_116' title="bbox 1826 5767 4830 5852; baseline 0.006 -30"><span class='ocrx_word' id='word_1_908' title='bbox 1826 5775 1869 5806; x_wconf 68' lang='grc' dir='ltr'>ιθ</span> <span class='ocrx_word' id='word_1_909' title='bbox 1896 5767 2057 5824; x_wconf 64' lang='grc' dir='ltr'>Βοῦν.</span> <span class='ocrx_word' id='word_1_910' title='bbox 2093 5786 2154 5833; x_wconf 86' lang='lat' dir='ltr'><strong>tt,</strong></span> <span class='ocrx_word' id='word_1_911' title='bbox 2193 5771 2370 5828; x_wconf 84' lang='lat' dir='ltr'><strong>lO-I5.</strong></span> <span class='ocrx_word' id='word_1_912' title='bbox 2450 5775 2495 5806; x_wconf 78' lang='lat'><strong>&quot;</strong></span> <span class='ocrx_word' id='word_1_913' title='bbox 2535 5777 2725 5834; x_wconf 78' lang='lat' dir='ltr'><strong>Matth.</strong></span> <span class='ocrx_word' id='word_1_914' title='bbox 2753 5797 2942 5850; x_wconf 77' lang='lat' dir='ltr'><strong>xxvm,</strong></span> <span class='ocrx_word' id='word_1_915' title='bbox 2977 5781 3065 5840; x_wconf 81' lang='lat' dir='ltr'><strong>l9.</strong></span> <span class='ocrx_word' id='word_1_916' title='bbox 3142 5782 3189 5814; x_wconf 82' lang='lat'><strong>&#39;°</strong></span> <span class='ocrx_word' id='word_1_917' title='bbox 3230 5783 3387 5840; x_wconf 78' lang='lat' dir='ltr'><strong>Rom.</strong></span> <span class='ocrx_word' id='word_1_918' title='bbox 3421 5798 3494 5852; x_wconf 65' lang='grc' dir='ltr'><strong>τι,</strong></span> <span class='ocrx_word' id='word_1_919' title='bbox 3530 5781 3582 5836; x_wconf 79' lang='grc'>5.</span> <span class='ocrx_word' id='word_1_920' title='bbox 3660 5781 3703 5814; x_wconf 81' lang='grc'>⁸¹</span> <span class='ocrx_word' id='word_1_921' title='bbox 3747 5780 3968 5852; x_wconf 58' lang='lat' dir='ltr'><strong>Epiros,</strong></span> <span class='ocrx_word' id='word_1_922' title='bbox 4002 5797 4077 5848; x_wconf 82' lang='lat' dir='ltr'><strong>tv,</strong></span> <span class='ocrx_word' id='word_1_923' title='bbox 4111 5781 4162 5836; x_wconf 88' lang='lat'><strong>5.</strong></span> <span class='ocrx_word' id='word_1_924' title='bbox 4216 5779 4287 5821; x_wconf 82' lang='lat'><strong>-&quot;</strong></span> <span class='ocrx_word' id='word_1_925' title='bbox 4321 5777 4479 5834; x_wconf 83' lang='lat' dir='ltr'><strong>Joau.</strong></span> <span class='ocrx_word' id='word_1_926' title='bbox 4521 5794 4573 5843; x_wconf 72' lang='grc' dir='ltr'><strong>κ,</strong></span> <span class='ocrx_word' id='word_1_927' title='bbox 4607 5777 4696 5839; x_wconf 80' lang='grc' dir='ltr'>Η.</span> <span class='ocrx_word' id='word_1_928' title='bbox 4746 5776 4830 5830; x_wconf 62' lang='lat'><strong>13-</strong></span> 
     </span>
    </p>
   </div>
   <div class='ocr_carea' id='block_1_117' title="bbox 2069 5863 2778 5934">
    <p class='ocr_par' dir='ltr' id='par_1_117' title="bbox 2069 5863 2778 5934">
     <span class='ocr_line' id='line_1_117' title="bbox 2069 5863 2778 5934; baseline 0.018 -13"><span class='ocrx_word' id='word_1_929' title='bbox 2069 5863 2339 5926; x_wconf 72' lang='grc' dir='ltr'><strong>Ρηιιοῐ..</strong></span> <span class='ocrx_word' id='word_1_930' title='bbox 2369 5865 2492 5927; x_wconf 82' lang='lat' dir='ltr'><strong>Gn.</strong></span> <span class='ocrx_word' id='word_1_931' title='bbox 2534 5867 2778 5934; x_wconf 75' lang='lat' dir='ltr'><strong>LXXV.</strong></span> 
     </span>
    </p>
   </div>
   <div class='ocr_carea' id='block_1_118' title="bbox 4613 5868 4688 5927">
    <p class='ocr_par' dir='ltr' id='par_1_118' title="bbox 4613 5868 4688 5927">
     <span class='ocr_line' id='line_1_118' title="bbox 4613 5868 4688 5927; baseline -0.013 0"><span class='ocrx_word' id='word_1_932' title='bbox 4613 5868 4688 5927; x_wconf 79' lang='grc'><strong>43</strong></span> 
     </span>
    </p>
   </div>
  </div>
