6812 6580
1908 384 2050 439 1335

2935 374 2993 428 S.
3035 369 3309 427 CYRILIJ
3347 365 3820 425 ALEXANDBINI
3860 367 4182 426 ARCHIEP.

5038 369 5182 428 1556

1908 475 2233 558 delinealum
2263 499 2430 554 fuisse
2464 496 2736 551 veteribus
2783 492 3109 560 comperias.
3159 491 3290 546 Ovis
3337 491 3482 545 enim
3515 495 3558 553 Α
3589 489 3682 542 καὶ
3709 488 3917 561 φθορᾶς
3947 491 3980 561 ή
4007 489 4102 542 τοῦ
4135 488 4410 561 προϐάτου
4473 505 4598 558 σφαπ

2497 496 2736 551 cterinns
2783 492 3109 560 comperias.
3159 491 3290 546 Ovis
3337 491 3482 545 enim
3515 495 3558 553 Α
3589 489 3682 542 καὶ
3709 488 3917 561 φθορᾶς
3947 491 3980 561 ή
4007 489 4102 542 τοῦ
4135 488 4410 561 προϐάτου
4473 487 4654 559 σφαγὴ
4685 487 4810 550 τοὺς
4838 485 4897 553 ἐξ
4941 487 5183 558 Ἰσραὶπλ,

1909 594 2166 650 mactatio
2193 591 2468 645 Israelitas
2489 604 2517 641 a
2542 595 2718 640 morte
2739 594 2901 652 atque
2919 583 3141 637 interitu
3165 591 3446 636 exemerat
3469 619 3486 646 ,

3593 583 3686 636 καὶ
3735 582 4085 652 δεδυσώπηκε
4116 583 4209 634 τὸν
4257 581 4607 652 ὀλοθρευτήν.
4649 580 4834 642 Τύπος
4885 580 4942 632 δὲ
4976 577 5044 651 ἦν
5075 581 5193 651 ἄμ

1911 696 1967 741 et
1994 678 2400 749 interfectorem
2461 677 2718 748 placavit.
2774 675 2937 745 Atqui
2993 686 3083 727 res
3135 673 3247 727 htcc
3290 671 3490 726 Christi
3590 675 3654 727 τὸ
3685 675 3874 745 χρῆμα
3898 671 4159 742 Χριστοῦ.
4190 671 4263 725 Ἰὺ
4287 671 4396 742 γὰρ
4424 672 4601 742 Πάσχα

2499 677 2718 731 lacavit.
2774 675 2937 745 Atqui
2993 686 3083 727 res
3135 673 3247 727 htcc
3290 671 3490 726 Christi
3590 675 3654 727 τὸ
3685 675 3874 745 χρῆμα
3898 671 4159 742 Χριστοῦ.
4190 671 4263 725 Ἰὺ
4287 671 4396 742 γὰρ
4424 672 4616 742 Πάσχα
4651 671 4808 743 ήμῶν
4834 670 4979 741 ὑπὲρ
5025 669 5189 740 ἡμῶν

1912 789 2073 850 typus
2102 791 2164 830 ac
2187 775 2352 846 ﬁgura
2384 781 2522 826 erat.
2554 768 2762 824 Pascha
2785 768 2931 822 enim
2974 774 3222 819 nostrum
3249 777 3346 830 pro
3397 778 3493 816 no-

1913 869 1996 922 bis
2025 866 2336 921 immolatus
2369 873 2451 918 est
2483 861 2756 925 Christus,
2813 867 2872 912 ut
2895 856 3273 911 tristissimum
3306 854 3493 907 mortis

1873 1026 1876 1030 ,
1915 959 2201 1029 imperium
2245 956 2566 1010 dissolveret
2598 953 2672 1020 ⁸³,
2723 961 2778 1006 et
2829 951 3047 1021 proprio
3094 964 3193 1003 suo
3233 945 3496 1016 sanguine

1881 1053 1890 1064 '
1914 1054 2224 1106 universum
2260 1059 2528 1102 terrarum
2551 1035 2738 1100 orbem
2763 1043 2865 1097 sibi
2889 1041 3198 1110 acquirerct
3221 1038 3290 1092 “.
3315 1037 3492 1106 Empti

1911 1144 2054 1196 enim
2095 1156 2284 1194 sumus
2336 1139 2512 1208 pretio
2545 1137 2630 1200 ⁸⁵,
2684 1141 2739 1189 et
2789 1149 2898 1188 non
2945 1147 3134 1188 sumus
3191 1131 3366 1186 nostri
3423 1130 3491 1185 “.

1915 1232 2065 1288 Unus
2097 1232 2241 1285 enim
2290 1245 2386 1298 pro
2437 1226 2689 1281 onmibns
2724 1233 2969 1278 mortuus
3020 1231 3124 1287 est,
3179 1221 3272 1292 qui
3323 1219 3496 1290 pretio

1912 1339 2102 1379 omnes
2143 1319 2458 1391 superabat,
2511 1324 2572 1370 ut
2625 1317 2872 1370 viventes
2926 1328 3033 1368 non
3094 1311 3330 1382 amplius
3391 1311 3494 1364 sibi

1915 1417 2046 1485 ipsis
2091 1415 2295 1474 vivant,
2342 1410 2434 1464 sed
2475 1407 2525 1462 ei
2584 1407 2674 1476 qui
2723 1421 2822 1477 pro
2858 1405 2994 1474 ipsis
3041 1412 3288 1458 mortuus
3329 1411 3414 1455 est
3445 1409 3500 1455 et

1917 1506 2217 1564 resurrexit
2274 1505 2341 1557 ³⁷.
2395 1500 2685 1557 Consentit
2735 1512 2865 1551 vero
2910 1496 2996 1550 his
3047 1495 3209 1549 etiam
3255 1492 3495 1557 Paulus,

1915 1604 2100 1655 dicens
2131 1617 2143 1653 :
2186 1617 2205 1649 ‹
2245 1597 2354 1666 Ego
2387 1595 2546 1649 enim
2581 1607 2674 1662 per
2714 1589 2884 1659 legem
2921 1588 3024 1659 legi
3065 1598 3314 1641 mortuus
3347 1600 3492 1649 sum,

1916 1703 1976 1747 ut
2022 1690 2130 1744 Deo
2172 1688 2348 1742 vivam
2382 1703 2396 1738 :
2432 1683 2654 1740 Christo
2704 1681 2952 1736 conﬁxus
2991 1695 3110 1734 sum
3142 1678 3314 1732 cruci.
3361 1675 3498 1729 Vivo

1915 1794 2118 1846 autem,
2158 1781 2266 1849 jam
2298 1794 2401 1831 non
2447 1790 2585 1844 ego,
2625 1771 2757 1826 vivit
2816 1785 2947 1825 vero
2991 1772 3044 1824 in
3099 1784 3185 1823 me
3221 1766 3494 1822 Christus.

1914 1876 2071 1942 Quod
2101 1882 2278 1926 autem
2321 1884 2463 1924 nunc
2497 1867 2620 1921 vivo
2662 1865 2716 1919 in
2757 1879 2947 1928 carne,
2989 1862 3042 1915 in
3075 1860 3177 1914 lide
3212 1861 3335 1913 vivo
3377 1856 3497 1911 Filii

1916 1967 2031 2030 Dei,
2075 1966 2165 2033 qui
2219 1963 2407 2018 dilexit
2447 1974 2554 2026 me,
2612 1967 2670 2010 et
2725 1955 2948 2010 tradidit
3001 1954 3352 2021 semetipsum
3401 1965 3499 2020 pro

1917 2073 2002 2112 me
2035 2058 2102 2111 ⁵⁸.
2140 2075 2159 2109 ι
2193 2051 2394 2110 Christi
2453 2065 2584 2120 ergo
2620 2063 2812 2104 omnes
2859 2061 3050 2102 sumus
3089 2053 3144 2099 et
3189 2058 3285 2114 per
3321 2041 3498 2113 ipsum

1913 2149 2189 2204 conciliati
2221 2146 2392 2210 Patri,
2425 2144 2515 2215 qui
2552 2156 2724 2197 carne
2759 2153 2950 2209 passus
2977 2147 3062 2192 est
3095 2151 3196 2206 pro
3237 2135 3413 2201 nobis,
3443 2143 3502 2188 ut

1916 2242 2147 2296 mundos
2181 2237 2439 2292 clliceret.
2482 2233 2758 2301 Scriptum
2799 2238 2885 2284 est
2929 2229 3075 2283 enim
3131 2243 3144 2278 :
3197 2243 3215 2276 ι
3272 2223 3502 2294 Propter

1913 2335 2056 2404 quod
2085 2342 2137 2387 ct
2170 2331 2349 2394 Jesus,
2377 2337 2436 2384 ut
2460 2327 2833 2382 sanctiﬁcaret
2859 2337 2957 2392 per
2991 2335 3146 2374 suum
3181 2318 3498 2388 sanguinem

1915 2427 2194 2499 populum,
2224 2431 2377 2478 extra
2413 2429 2620 2491 portam
2658 2431 2849 2486 passus
2890 2423 2974 2468 est
3003 2412 3072 2466 “.
3131 2430 3148 2462 ι
3188 2409 3254 2464 Ει
3286 2427 3299 2464 :
3331 2427 3349 2460 ‹
3392 2407 3500 2463 Nos

1912 2535 2036 2575 cum
2080 2531 2330 2573 essemus
2372 2513 2662 2586 aliquando
2715 2507 2937 2564 alienati
2983 2515 3039 2561 et
3087 2505 3297 2559 inimici
3333 2517 3500 2558 sensu

1917 2611 1969 2662 iu
2021 2605 2279 2676 cperibus
2322 2602 2482 2657 malis
2536 2617 2548 2653 :
2590 2612 2733 2652 nunc
2781 2605 2961 2650 autem
3017 2591 3388 2647 reconciliavit
3447 2591 3500 2643 in

1915 2713 2146 2768 corpore
2172 2695 2354 2751 carnis
2383 2693 2502 2762 eius
2533 2705 2629 2762 per
2660 2697 2912 2752 mortem,
2947 2685 3209 2740 exhibere
3237 2698 3335 2738 vos
3375 2697 3501 2735 san—

1914 2802 2036 2847 ctos
2084 2800 2139 2842 et
2197 2786 2613 2848 immaculatos,
2657 2791 2715 2836 et
2755 2776 3267 2849 irreprehcnsibiles
3319 2788 3500 2830 coram

1915 2883 2038 2950 ipso
2075 2879 2140 2932 ‘°.
2177 2897 2196 2930 ι
2224 2874 2485 2944 lntelligis
2516 2874 2697 2942 itaque
2724 2884 2831 2940 quo
2863 2878 3024 2936 pacto
3046 2867 3324 2937 proprium
3364 2879 3502 2918 san-

1915 2975 2132 3044 guinem
2165 2979 2219 3025 et
2251 2967 2529 3038 propriam
2557 2978 2775 3018 carnem
2803 2962 2973 3032 ipsius
3005 2969 3200 3025 vocet,
3233 2972 3353 3014 eam
3379 2970 3503 3025 qua:

1915 3079 2017 3134 pro
2042 3061 2200 3117 nobis
2248 3060 2372 3114 data
2419 3066 2541 3124 est;
2585 3067 2760 3125 neque
2801 3052 3026 3108 alterius
3074 3049 3358 3118 cujusdam
3409 3046 3503 3102 lilii

1915 3131 2119 3213 diversi
2156 3154 2224 3208 ab
2246 3155 2363 3222 ipso
2391 3165 2510 3206 esse
2545 3149 2811 3211 dicamus,
2841 3146 2933 3214 qui
2967 3144 3264 3199 distinctus
3286 3141 3354 3197 ab
3382 3131 3502 3211 ipso

1916 3250 2008 3314 sit,
2059 3257 2115 3303 ct
2160 3245 2274 3300 sola
2328 3240 2712 3312 conjunctione
2764 3252 2888 3293 cum
2924 3237 3041 3305 ipso
3073 3237 3404 3298 decoratus,
3449 3241 3503 3288 et

1916 3338 2150 3410 ascititia
2182 3334 2352 3406 gloria
2391 3332 2651 3402 praeditus
2682 3331 2776 3395 sit,
2803 3326 3084 3384 cssentiali
3112 3326 3380 3395 dignitate
3415 3331 3506 3377 at-

1916 3447 2023 3500 que
2051 3425 2347 3484 eminentia
2397 3437 2640 3485 carens;
2669 3423 2789 3486 sed,
2839 3420 3018 3473 instar
3043 3417 3210 3471 vestis
3247 3425 3301 3470 et
3341 3406 3503 3468 larva:

1917 3520 2199 3589 cujusdam
2235 3557 2250 3580 ,
2300 3514 2424 3569 Filii
2457 3528 2523 3568 ac
2574 3511 2672 3566 Dei
2729 3511 2974 3565 omnium
3019 3508 3262 3578 supremi
3307 3497 3504 3576 nomen

1917 3622 2090 3684 gerat.
2125 3609 2259 3662 Nam
2289 3609 2333 3662 si
2357 3607 2431 3661 ita
2459 3621 2521 3660 se
2563 3603 2886 3659 naturaliter
2922 3600 3142 3664 habeat,
3201 3609 3267 3653 ut
3308 3601 3508 3653 adver-

1919 3707 2052 3762 sarii
2095 3703 2360 3766 sentiunt,
2413 3700 2560 3754 nulla
2607 3699 2818 3752 ratione
2850 3697 2926 3750 illi
2964 3692 3255 3750 conveniat
3283 3692 3507 3747 dicere:

1922 3817 1944 3850 ι
1986 3796 2098 3867 Ego
2116 3811 2234 3850 sum
2269 3794 2472 3847 veritas
2504 3793 2570 3844 ⁶¹.
2607 3809 2626 3842 ι
2667 3788 2952 3855 Quomodo
3003 3787 3149 3840 enim
3195 3799 3384 3839 verum
3439 3782 3512 3836 sit

1913 3891 2061 3958 quod
2093 3903 2198 3942 non
2229 3887 2300 3939 ita
2335 3899 2395 3938 se
2430 3883 2593 3937 habet
2624 3896 2688 3936 ac
2721 3878 2877 3943 dicit,
2910 3867 3003 3932 sed
3035 3876 3278 3948 spnrium
3309 3887 3364 3929 et
3389 3871 3508 3929 falsi
3573 3881 3575 3883 ’

1921 3979 2202 4035 nominis?
2255 3979 2327 4031 At
2359 3989 2492 4030 vero
2542 3973 2797 4028 Christus
2847 3971 3055 4024 veritas
3111 3978 3214 4031 est,
3259 3976 3314 4022 et
3349 3981 3512 4036 super

1919 4088 2132 4135 omnes,
2161 4081 2220 4124 ut
2255 4071 2416 4124 Deus.
2447 4066 2646 4121 Mansit
2677 4065 2824 4119 enim
2849 4059 3087 4118 Verbum
3123 4061 3172 4114 id
3201 4061 3345 4132 quod
3369 4049 3508 4124 erat,

1923 4165 2136 4217 tametsi
2175 4163 2373 4216 factum
2400 4161 2471 4215 sit
2515 4167 2666 4222 card,
2733 4165 2793 4210 ut
2827 4155 2918 4226 qui
2971 4167 3136 4224 supra
3169 4167 3363 4206 omnes
3400 4159 3510 4216 est,

3594 765 3758 835 ἐτύθη
3781 765 4036 835 Χριστὸς,
4066 764 4154 817 ἵνα
4181 765 4243 817 τὸ
4267 764 4491 834 ἀμειδὲς
4518 763 4612 817 τοῦ
4645 763 4876 818 θανάτου
4905 761 5190 833 καταλύσῃ

3594 856 3818 926 κράτος,
3838 854 4034 925 αἵματί
4062 871 4122 907 τε
4141 854 4221 925 τῷ
4253 855 4370 923 ίδίῳ
4402 856 4820 926 κατακτήοηται
4852 855 4953 925 τὴν
4975 853 5068 906 ὑπ’
5103 853 5192 906 οὺ-

3597 949 3778 1018 ρανόν.
3827 945 4211 1017 Ἥγοράσμεθα
4246 944 4356 1019 γὰρ
4389 947 4576 1016 τιμῆς,
4603 945 4699 998 καὶ
4742 946 4842 998 οὐκ
4867 944 5036 1015 ἐσμὲν
5061 945 5188 997 cau-

3594 1037 3725 1091 τῶν.
3781 1033 3876 1099 Εἷς
3925 1036 4035 1108 γὰρ
4080 1037 4221 1108 ὑπὲρ
4261 1038 4482 1103 πάντων
4535 1034 4827 1101 ἀπέθανεν,
4881 1038 4910 1088 ό
4965 1037 5192 1089 πάντων

3597 1128 3911 1200 ἀξιώτερος,
3941 1129 4008 1182 ἵν’
4037 1131 4088 1182 οἱ
4121 1127 4324 1193 ζῶντες
4358 1128 4554 1198 μηκέτι
4589 1127 4806 1189 ἑαυτοῖς
4835 1123 5026 1189 ζῶσιν,
5053 1123 5196 1179 ἀλλὰ

3595 1221 3674 1292 τῷ
3713 1221 3855 1292 ὑπὲρ
3889 1220 4070 1274 αὐτῶν
4101 1219 4428 1275 ἀποθανόντι
4465 1219 4560 1276 καὶ
4581 1218 4885 1290 ἐγερθέντι.
4920 1217 5197 1289 Συλλήψε-

3597 1332 3688 1368 ται
3721 1314 3779 1368 δέ
3821 1315 3915 1368 καὶ
3939 1315 3969 1367 ὁ
3993 1313 4226 1378 Παῦλος,
4265 1313 4463 1382 λέγων,
4503 1331 4524 1365 ι
4579 1310 4725 1380 Ἐγὼ
4758 1312 4871 1382 γὰρ
4906 1311 4995 1364 διὰ
5017 1309 5194 1381 νόμου

3598 1409 3749 1476 νόμῳ
3787 1405 4076 1473 ἀπέθανον,
4111 1406 4203 1458 ῖνα·
4220 1403 4340 1475 Θεῷ
4367 1404 4536 1477 ζήσω,
4566 1403 4789 1475 Χριστῷ
4817 1405 4874 1458 δὲ
4905 1401 5198 1456 συνεσταύ-

3604 1515 3807 1569 ρωμαι,
3835 1497 3913 1563 ζῶ
3945 1498 4002 1551 δὲ
4050 1498 4152 1551 οῦκ
4183 1497 4264 1551 ἔτι
4301 1496 4432 1567 ἐγὼ,
4474 1496 4540 1568 ζῇ
4577 1497 4634 1550 δὲ
4664 1499 4724 1550 ἐν
4768 1495 4895 1568 ἐμοὶ
4932 1491 5191 1567 Χριστός.

3605 1593 3671 1644 Ὀ
3717 1591 3772 1644 δὲ
3800 1592 3896 1645 νῦν
3927 1590 4005 1657 ζῶ
4054 1594 4112 1645 ἐν
4147 1592 4333 1664 σαρκὶ,
4365 1593 4424 1645 ἐν
4473 1590 4653 1644 πίστει
4683 1589 4778 1654 ζῶ,
4807 1591 4874 1660 τῇ
4915 1587 5012 1641 τοῦ
5059 1584 5196 1641 Υἱοῦ

3599 1683 3692 1738 τοῦ
3722 1683 3878 1751 Θεοῦ,
3907 1684 4002 1738 τοῦ
4033 1685 4419 1755 ἀγαπήσαντός
4455 1701 4544 1754 με,
4575 1684 4672 1737 καὶ
4695 1684 5035 1755 παραδόντος
5061 1682 5193 1735 ἐαυ-

3599 1772 3690 1825 τὸν
3707 1772 3846 1842 ὑπὲρ
3875 1771 4029 1840 ἐμοῦ.
4072 1793 4090 1824 ι
4117 1771 4354 1844 Χριστοῦ
4385 1772 4677 1844 τοιγαροῦν
4706 1774 4754 1825 οἱ
4772 1772 4976 1835 πάντες
4999 1772 5192 1840 ἐσμὲν,

3604 1863 3696 1916 καὶ
3733 1862 3800 1914 δι’
3830 1863 3993 1917 αὑτοῦ
4023 1864 4450 1934 κατηλλάγμεθα
4469 1865 4550 1935 τῷ
4579 1864 4776 1936 Πατρὶ,
4804 1865 4970 1935 σαρκὶ
5001 1863 5199 1917 παθόν-

3601 1970 3693 2016 τος
3725 1953 3866 2024 ὑπὲρ
3899 1954 4077 2025 ήμῶν,
4121 1956 4187 2008 ἵν’
4223 1957 4370 2027 ἡμᾶς
4416 1957 4671 2027 ἀποφήνῃ
4723 1955 5193 2026 κεκαθαρμένους.

3603 2047 3914 2117 Γέγραπται
3959 2047 4069 2119 γὰρ
4093 2089 4108 2114 ,
4141 2049 4224 2102 ὅτι
4259 2069 4277 2101 ι
4318 2048 4410 2103 Διὸ
4454 2050 4551 2103 καὶ
4584 2048 4816 2117 Ἰησοῦς,
4857 2049 4948 2103 ἵνα
4987 2049 5200 2122 ἁγιάσῃ

3601 2139 3690 2194 διὰ
3719 2139 3814 2194 τοῦ
3851 2140 3981 2193 ίδίου
4016 2141 4250 2213 αἵματος
4278 2141 4370 2196 τὸν
4403 2142 4552 2208 λαὸν,
4583 2141 4690 2210 ἔξω
4718 2143 4816 2214 τῆς
4847 2141 5024 2212 πύλης
5056 2141 5200 2195 ἔπαο

3604 2230 3718 2285 θεν.
3757 2249 3775 2283 ι
3805 2232 3915 2285 Καὶ
3963 2232 4126 2285 πάλιν
4149 2249 4164 2263 ο
4197 2251 4216 2284 ι
4251 2233 4365 2287 Καὶ
4401 2235 4554 2305 ἡμᾶς
4597 2250 4728 2287 ποτε
4762 2233 4924 2296 όντας
4953 2230 5198 2302 ἀπηλλο-

3602 2323 3940 2394 τριωμένους
3974 2323 4069 2377 καὶ
4116 2324 4348 2395 ἐχθροὺς
4385 2328 4449 2396 τῇ
4499 2324 4708 2395 διανοίᾳ
4748 2325 4806 2376 ἐν
4850 2327 4963 2388 τοῖς
5014 2323 5201 2395 ἔργοις

3602 2414 3716 2474 τοῖς
3755 2415 4011 2482 πονηροῖς
4032 2427 4044 2440 ·
4072 2414 4188 2465 νυνὶ
4220 2413 4276 2466 δὲ
4309 2413 4757 2484 ἀποκατήλλαξεν
4785 2416 4843 2466 ἐν
4872 2413 4952 2484 τῷ
4983 2413 5200 2483 σώματι

3603 2505 3702 2576 τῆς
3727 2505 3930 2576 σαρκὸς
3955 2505 4118 2558 αὑτοῦ
4150 2505 4238 2559 διὰ
4261 2505 4353 2559 τοῦ
4386 2505 4641 2571 θανάτου,
4672 2507 5027 2578 παραστῆσαι
5051 2506 5199 2577 ὑμᾶς

3606 2595 3796 2664 ἁγίους
3820 2595 3914 2650 καὶ
3939 2595 4206 2668 ἀμώμους
4237 2595 4582 2652 κατενώπιον
4611 2598 4800 2652 αὑτοῦ.
4843 2616 4862 2650 ι
4908 2596 5074 2662 Σύνες
5103 2593 5201 2652 οῦν

3603 2687 3754 2751 ὅπως
3789 2687 3920 2741 ἴδιον
3949 2681 4087 2758 αἷμα
4121 2689 4215 2741 καὶ
4258 2689 4396 2743 ίδίαν
4445 2690 4624 2760 σάρκα
4660 2690 4825 2760 φησιν
4876 2689 5063 2755 αὐτοῦ,
5099 2689 5202 2760 τὴν

3608 2777 3858 2832 δοθεῖσαν
3887 2777 4029 2848 ὑπὲρ
4054 2780 4086 2849 ή
4097 2778 4235 2848 μῶν,
4260 2779 4348 2832 ἵνα
4381 2777 4457 2850 μὴ
4495 2779 4684 2850 ἐτέρου
4727 2777 4860 2850 παρ’
4894 2777 5054 2830 αὐτὸν
5079 2776 5202 2830 υἱοῦ

3604 2869 3858 2942 λέγωμεν
3903 2869 4095 2940 αὐτὴν,
4141 2869 4434 2941 νοουμένου
4485 2887 4544 2923 τε
4592 2871 4888 2941 ἁναμέρος,
4924 2869 5020 2922 καὶ
5069 2861 5200 2939 ψιλῇ

3608 2961 3874 3034 συναφείᾳ
3923 2963 4315 3033 τετιμημένου,
4347 2963 4443 3016 καὶ
4485 2962 4727 3034 ἐπακτήν
4770 2963 4988 3033 ἔχοντος
5018 2961 5200 3027 δόξαν,

3607 3056 3703 3110 καὶ
3757 3055 3860 3110 οὐκ
3891 3055 4127 3127 οὑσιώδη
4183 3054 4284 3127 τὴν
4330 3055 4626 3128 ὑπεροχήν,
4671 3056 4952 3128 ἐπίϐλημα
4998 3055 5057 3109 δὲ
5108 3056 5205 3109 καὶ⁵

3607 3148 3797 3222 ὥσπερ
3826 3167 3877 3203 τι
3919 3151 4264 3220 προσωπεῖον
4287 3150 4696 3223 ἐπερριμμένον
4726 3149 4896 3221 αὐτῷ,
4930 3149 4990 3202 τό
5012 3165 5070 3202 τε
5104 3149 5205 3219 τῆς

3617 3241 3866 3311 υίότητος
3907 3240 4125 3312 καὶτῆς
4155 3242 4297 3313 ὑπὲρ
4339 3244 4517 3297 πάντα
4547 3241 4802 3314 θεότητος
4824 3241 5016 3312 ὄνομα.
5047 3240 5207 3295 Οῦτω

3611 3327 3721 3401 γὰρ
3753 3329 3926 3401 ἔχοντι
3957 3329 4099 3383 κατὰ
4141 3330 4325 3400 φύσιν,
4358 3331 4500 3386 καθὰ
4547 3336 4764 3404 φρονεῖν
4808 3334 5114 3402 ἐγνώκασιν
5155 3332 5206 3384 οἱ

3611 3423 3682 3476 δι’
3717 3424 3964 3487 ἐναντίας
3983 3465 3997 3489 ,
4028 3425 4323 3496 ἁρμόσειεν
4359 3425 4424 3478 ἂν
4461 3425 4611 3497 αὐτῷ
4637 3428 4757 3480 κατ’
4783 3425 4974 3478 οὐδένα
5002 3423 5210 3495 τρόπον

3614 3514 3676 3568 τὸ
3713 3516 3908 3586 χρῆναι
3937 3516 4142 3586 λέγειν,
4171 3537 4190 3568 ι
4213 3517 4356 3586 Ἐγώ
4388 3520 4504 3590 ειμι
4530 3520 4562 3588 ή
4602 3518 4853 3588 ἀλήθεια.
4881 3535 4898 3568 ι
4937 3517 5063 3580 Πῶς
5098 3517 5210 3588 γὰρ

3612 3608 3832 3679 ἀληθὲς,
3863 3611 3924 3661 τδ
3942 3612 4043 3682 οὐχ
4077 3609 4222 3665 οῦτω
4257 3612 4405 3682 ἕχον,
4435 3600 4512 3676 ὡς
4550 3611 4792 3679 λέγεται,
4836 3611 4988 3664 νόθον
5015 3611 5072 3664 δὲ
5101 3611 5209 3664 ὥσ·
5314 3650 5322 3656 ο

3613 3717 3720 3772 περ
3745 3719 3798 3754 τι
3850 3702 3945 3755 καὶ
3975 3699 4332 3776 ψευδώνυμον
4361 3711 4400 3773 ;”
4429 3703 4589 3759 Ἀλλὰ
4642 3704 4750 3776 μὴν
4783 3704 5031 3778 ἀλήθεια,
5075 3705 5209 3776 Χρι-

3615 3791 3762 3855 στὸς,
3817 3793 3910 3846 καὶ
3950 3794 4136 3848 ἐπάνω
4186 3795 4406 3850 πάντων
4439 3796 4514 3860 ὡς
4557 3795 4723 3860 Θεόςο
4769 3798 5048 3868 μεμένηκε
5099 3798 5210 3866 γὰρ

3615 3883 3751 3956 ὅπερ
3779 3879 3846 3956 ἦν
3879 3884 3908 3936 ό
3952 3886 4144 3955 Λόγος,
4179 3877 4228 3940 ει
4266 3888 4361 3942 καὶ
4399 3887 4590 3958 γέγονε
4634 3891 4790 3962 σάρξσ
4822 3890 4887 3943 ἵν’
4917 3892 4946 3943 ό
4992 3891 5213 3943 πάντων

3617 3974 3876 4036 ἐπέκεινα
3901 3978 3994 4032 καὶ⁵
4023 3979 4082 4034 ἐν
4110 3981 4224 4043 τοῖς
4250 3980 4386 4034 πᾶσι
4425 3979 4688 4050 γεγονὼς,
4721 3981 4810 4035 διὰ
4845 3981 4905 4034 τὸ
4931 3980 5213 4052 ἀνθρώπι-

3618 4083 3710 4119 νον
3735 4067 4069 4138 σωζόμενον,
4119 4069 4233 4142 ἔχοι
4263 4069 4324 4124 τὸ
4363 4066 4505 4126 εἶναι
4527 4073 4674 4145 πέρα
4705 4072 4928 4140 παντὸς,
4965 4072 5057 4126 καὶ
5101 4071 5213 4125 τῶν

3617 4155 3720 4226 τῆς
3748 4156 3981 4222 κτίσεως
4011 4159 4267 4214 ἐπέκεινα
4296 4163 4532 4234 μέτρων.

1921 4266 1975 4310 et
2012 4257 2065 4309 in
2107 4255 2360 4309 omnibus
2410 4253 2606 4316 factus,
2649 4259 2870 4322 propter
2917 4249 3210 4303 humanam
3255 4254 3508 4302 naturam
3547 4247 3814 4306 salvatam
3877 4253 3950 4307 sit
3981 4268 4148 4324 supra
4174 4269 4388 4323 omnes,
4420 4265 4476 4313 et
4541 4267 4810 4313 creatura:
4839 4256 5211 4313 conditionem

1919 4351 2172 4407 excedat.

1915 4459 1928 4510 ι
2000 4445 2059 4498 Β.
2094 4446 2161 4497 At
2194 4444 2458 4507 inuratur,
2488 4435 2651 4511 775
2679 4437 2956 4508 inquiunt,
2981 4436 3090 4492 Deo
3111 4435 3291 4490 Verbo
3319 4445 3514 4502 magna
3545 4435 3590 4491 ι)
3689 4431 3752 4486 Β.
3807 4433 3948 4486 Ἀλλ’
3982 4436 4406 4507 ἐναπομάξεται,
4438 4438 4592 4512 φησι,

2521 4435 2651 4510 [75
2679 4437 2956 4508 inquiunt,
2981 4436 3090 4492 Deo
3111 4435 3291 4490 Verbo
3319 4445 3514 4502 magna
3545 4435 3590 4491 D
3689 4431 3752 4486 B.
3807 4433 3948 4486 Ἀλλ’
3982 4436 4406 4507 ἐναπομάξεται,
4438 4438 4592 4512 φησι,
4629 4437 4708 4510 τῷ
4727 4439 4847 4512 Θεῷ
4876 4441 5038 4513 Λόγῳ
5077 4442 5211 4496 πολύ

1927 4533 2246 4604 ignominia.
2281 4533 2326 4585 si
2366 4533 2580 4586 dicatur
2616 4546 2810 4601 passus
2843 4543 3007 4595 esse;
3045 4535 3101 4582 et
3138 4525 3513 4582 venerandum

1920 4638 2169 4681 nostrum
2205 4625 2525 4695 mysterium
2556 4623 2759 4678 infame
2785 4619 3064 4677 reddetur.

1996 4804 2060 4853 A.
2102 4799 2229 4866 Sed,
2259 4809 2567 4870 contempta
2600 4796 2917 4871 ignominia,
2945 4793 3055 4864 pati
3091 4807 3258 4847 carne
3286 4806 3385 4862 pro
3417 4805 3516 4848 no-

1925 4894 2010 4948 bis
2053 4892 2254 4956 voluit,
2297 4893 2594 4948 secundum
2641 4885 3048 4958 Scripturas".
3095 4883 3206 4953 Ego
3247 4899 3378 4938 vero
3420 4881 3516 4939 Ju-

1925 4985 2063 5039 daici
2098 4986 2296 5055 ingenii
2328 4985 2601 5046 morbum,
2632 4991 2688 5035 et
2718 4977 2938 5048 gentilis
2970 4977 3294 5048 ignorantiae
3322 4976 3514 5031 vitium

1926 5091 2048 5130 esse
2089 5075 2394 5132 censuerim
2443 5073 2648 5136 dicere,
2693 5067 3002 5140 passionem
3044 5067 3221 5122 crucis
3263 5067 3515 5123 dedecori

1927 5180 2069 5220 esse.
2109 5163 2312 5218 Scribit
2351 5175 2483 5231 ergo
2523 5159 2595 5212 ita
2637 5159 2854 5214 divinus
2894 5157 3092 5212 Paulus
3129 5173 3144 5210 :
3189 5176 3206 5209 ι
3246 5157 3514 5225 Quoniam

1928 5264 1982 5312 et
2023 5254 2192 5310 Judaei
2237 5254 2389 5320 signa
2435 5261 2649 5321 petunt,
2684 5261 2739 5306 et
2781 5250 2958 5309 Grazci
3003 5250 3324 5322 sapientiam
3368 5264 3518 5320 quae-

1931 5357 2056 5399 runt
2088 5366 2101 5402 :
2135 5360 2235 5399 nos
2262 5354 2448 5398 autem
2485 5345 2844 5412 przedicantus
2865 5345 3140 5399 Christum
3173 5343 3516 5408 crucilixum,

1929 5434 2130 5488 δη.ίᾶίῆ
2169 5434 2388 5504 quidem
2434 5435 2776 5502 scandalum,
2823 5435 3076 5505 gentibus
3115 5442 3296 5489 autem
3338 5433 3522 5487 stulti-

1933 5528 2061 5580 tiam
2109 5545 2122 5580 :
2171 5527 2300 5595 ipsis
2349 5535 2528 5583 autem
2572 5529 2781 5584 vocatis
2824 5526 3028 5584 Judzcis
3078 5536 3240 5597 atque
3291 5524 3518 5591 Gracia,

3623 4540 3673 4576 τι
3704 4523 3764 4577 τὸ
3785 4524 4061 4594 δυσκλεὲς,
4091 4528 4152 4580 τὸ
4181 4528 4438 4598 λέγεσθαι
4468 4530 4682 4586 παθεῖν’
4711 4531 5129 4605 διαϐεϐλήσεται
5157 4534 5215 4588 δὲ

3625 4615 3761 4687 πρὸς
3809 4615 3984 4688 τούτῳ
4035 4616 4130 4672 καὶ
4174 4619 4308 4674 αὑτό
4368 4639 4473 4675 που
4514 4624 4659 4695 τάχα
4703 4624 4767 4677 τὸ
4811 4626 5008 4679 σεπτὸν
5054 4625 5218 4696 ήμῶν

3624 4708 3923 4780 μυστήριον
3932 4751 3944 4763 .

3691 4798 3757 4854 Α.
3809 4800 3949 4853 Ἀλλ’
3979 4801 4244 4875 αἰσχύνης
4299 4807 4724 4878 καταφρονήσας
4790 4807 4968 4861 εἵλετο
5021 4807 5217 4862 παθεῖν

3627 4889 3790 4959 σαρκὶ
3813 4888 3881 4943 δι’
3915 4891 4086 4961 ἡμᾶς,
4136 4891 4280 4948 κατὰ
4319 4893 4419 4957 τὰς
4461 4895 4705 4966 Γραφάς.
4742 4895 5114 4966 Ἀρῤώστημα
5157 4895 5214 4948 δέ

3625 4980 3822 5052 φρενὸς
3882 4981 4214 5054 Ἰουδαϊκῆς,
4261 4983 4356 5037 καὶ
4402 4985 4504 5056 τῆς
4559 4986 4830 5056 Ἑλλήνων
4885 4985 5218 5057 ἀϐελτηρίας

3624 5071 3882 5143 ἔγκλημα
3932 5073 4104 5128 δεινὸν
4150 5075 4609 5148 καταλογίσαιμεν
4645 5078 4733 5141 ἂν,
4769 5078 4830 5132 τὸ
4864 5077 5216 5150 αἰσχύνεσθαι

3621 5161 3801 5215 δοκεῖν
3831 5161 3892 5215 τδ
3917 5162 4011 5215 ἐπὶ
4037 5162 4116 5234 τῷ
4158 5166 4378 5237 σταυρῷ
4423 5167 4615 5231 πάθος.
4653 5168 4860 5239 Γράφει
4887 5168 5018 5237 γοῦν
5057 5171 5086 5222 ό
5135 5169 5215 5221 θε-

3627 5249 3850 5313 σπέσιος
3875 5250 4127 5320 Παῦλος,
4168 5272 4187 5305 ι
4230 5254 4449 5324 Ἐπειδὴ
4484 5257 4580 5309 καί⁵
4617 5257 4863 5312 Ἰουδαῖοι
4899 5261 5100 5330 σημεῖα
5127 5262 5210 5312 αἰ-

3623 5340 3798 5408 τοῦσι,
3847 5344 3942 5397 καὶ
3970 5343 4238 5413 Ἕλληνες
4273 5346 4464 5416 σοφίαν
4508 5347 4766 5420 ζητοῦσιν
4787 5393 4803 5418 ,
4834 5353 4998 5421 ἡμεῖς
5031 5351 5087 5406 δέ
5117 5371 5212 5418 κη-

3629 5433 3902 5504 ρύσσομεν
3951 5435 4188 5506 Χριστὸν
4240 5436 4694 5509 ἐσταυρωμένον,
4763 5440 5043 5499 Ἰουδαίοις
5117 5439 5217 5508 μὲν

3631 5525 3946 5592 σκάνδαλον,
3979 5526 4159 5579 ἔθνεσι
4189 5525 4247 5580 δὲ
4279 5529 4522 5600 μωρίαν,
4552 5531 4734 5595 αὐτοῖς
4764 5532 4819 5585 δὲ
4861 5532 4970 5592 τοῖς
4997 5529 5222 5598 κλητοῖς

2001 5724 2048 5756 ⁸³
2089 5724 2106 5778 I
2146 5726 2267 5780 Cor.
2297 5742 2349 5792 v,
2387 5726 2449 5794 7;
2481 5725 2647 5781 llebr.
2678 5682 2879 5791 ιμ’-14.
2961 5725 3007 5757 ³⁵
3045 5725 3168 5779 Act.
3208 5738 3299 5787 ax,
3330 5723 3422 5778 28.
3493 5720 3602 5794 ξιι
3644 5720 3772 5776 Cor.
3813 5722 4038 5794 vn,_23.
4124 5723 4171 5754 "
4198 5724 4229 5794 Vl
4267 5724 4394 5780 Cor.
4429 5739 4502 5789 νι,
4537 5725 4621 5781 l9.

2519 5725 2647 5781 lebr.
2678 5743 2741 5791 ιι,
2792 5727 2879 5780 14.
2961 5725 3007 5757 ³⁵
3045 5725 3168 5779 Act.
3208 5738 3299 5787 ax,
3330 5723 3422 5778 28.
3493 5720 3602 5794 ξιι
3644 5720 3772 5776 Cor.
3813 5722 4038 5794 vn,_23.
4124 5723 4171 5754 "
4198 5724 4229 5794 Vl
4267 5724 4394 5780 Cor.
4429 5739 4502 5789 νι,
4537 5725 4621 5781 l9.
4701 5725 4746 5757 ⁵⁷
4789 5722 4829 5779 ΙΙ
4869 5723 4994 5782 ουτ.
5036 5738 5086 5782 ν.
5118 5721 5209 5788 15,

1935 5791 2020 5851 16.
2096 5797 2141 5828 ⁸⁸
2179 5791 2351 5852 Galat.
2389 5791 2448 5865 ιι,
2492 5797 2692 5864 19,20.
2769 5797 2816 5828 ³’
2858 5795 3021 5853 llebr.
3050 5810 3194 5867 .xm,
3229 5795 3316 5849 12.
3394 5795 3439 5826 ⁶⁰
3479 5792 3689 5850 Coloss.
3726 5809 3763 5858 ι,
3800 5793 3891 5861 21,
3924 5792 4016 5848 22.
4097 5795 4136 5825 ⁶¹
4178 5793 4337 5851 Joau.
4373 5810 4486 5864 xrv,
4531 5797 4585 5852 6.

4699 5797 4743 5827 "
4809 5794 4974 5849 llehr.
5012 5809 5111 5858 xu,
5153 5795 5214 5849 2.
