6812 6624
2944 433 3007 488 S.
3050 431 3324 490 CYRlLLl
3364 429 3837 489 ALEXANDRINI
3879 429 4200 488 ARCHIEP.

3544 551 3591 607 Α
3692 544 3752 596 Β.
3794 541 3868 596 E6
3903 543 4103 614 λέγεις.

3689 635 3754 688 Λ.
3800 634 3862 686 El
3890 633 3999 704 γὰρ
4035 634 4137 686 06x
4169 631 4392 703 ἀμέσως
4421 631 4527 686 ίδία
4557 630 4653 685 τοῦ
4699 631 4873 700 Λόγου
4906 629 5136 699 γέγονεν
5172 632 5208 700 ἡ

3618 724 3956 795 ἀπορρήτους
3991 722 4139 794 αὑτῷ
4173 724 4267 777 καὶ
4297 724 4436 796 ὑπὲρ
4485 722 4610 777 νοῦν
4635 724 4731 776 καὶ
4759 723 4918 792 λόγον
4945 721 5214 776 ὲνωθεῖσα

3621 817 3800 889 σὰρξ,
3835 815 3955 880 πῶς
4000 816 4069 870 ἂν
4113 818 4287 870 νοοῖτο
4333 815 4626 881 ζωοποιός;
4664 835 4682 867 ι
4725 814 4868 884 Ἐγὼ
4911 815 5020 886 γάρ
5071 817 5213 884 εἰμι,

3618 910 3815 980 φησὶν,
3861 908 3890 961 6
3938 907 4104 978 ἄρτος
4141 909 4170 960 6
4197 905 4328 974 ζῶν,
4361 907 4390 960 6
4419 907 4484 960 ἐκ
4511 905 4610 960 τοῦ
4655 905 4884 977 οὐρανοῦ
4927 905 5211 968 καταϐὰς,

3619 1001 3715 1054 καὶ
3758 999 3908 1070 ζωὴν
3956 999 4132 1063 διδοὺς
4163 998 4244 1070 τῷ
4276 1000 4488 1069 κόσμῳ.
4534 997 4661 1052 Ἐάν
4706 1016 4792 1062 τις
4821 999 4973 1070 φάγῃ
5014 999 5079 1049 ἐκ
5115 997 5214 1050 τοῦ

3618 1091 3789 1161 ἄρτου
3829 1091 4041 1157 τούτου,
4080 1090 4309 1162 ζήσεται
4337 1093 4419 1155 είς
4445 1090 4538 1144 τὸν
4566 1091 4761 1156 αἰῶνα,
4792 1091 4886 1144 καὶ
4918 1093 4946 1143 6
4969 1092 5134 1162 ἄρτος
5155 1093 5215 1144 δὲ

1929 435 2071 494 1359
2944 433 3007 488 S.
3050 433 3324 490 CYRlLLl
3364 433 3837 489 ALEXANDRINI
3879 433 4200 488 ARCHIEP.
5059 433 5199 487 I360

2000 555 2062 610 Β.
2107 553 2277 607 Recte
2307 550 2465 604 dicis.

2002 650 2068 702 Α.
2115 643 2226 697 Nisi
2271 644 2415 698 enim
2463 639 2772 695 immediate
2812 636 3032 708 propria
3065 636 3226 692 Verbi
3269 635 3408 691 facta
3448 635 3519 690 sit

1929 751 2060 793 caro
2088 750 2208 804 quae
2241 734 2340 803 ipsi
2374 730 2721 786 ineﬂ'abiliter
2749 743 3022 798 supraque
3051 744 3270 784 omnem
3302 728 3516 783 intelle-

1931 841 2079 886 ctum
2116 828 2264 881 unita
2301 834 2406 888 est,
2437 822 2709 891 quomodo
2743 820 2954 874 censeri
2993 820 3164 888 possit
3194 819 3519 874 vivillcans?

1890 906 1956 990 ἐξ(
1996 919 2327 990 ‘Egoenim,
2373 914 2570 984 inquit,
2617 926 2737 966 sum
2786 911 2940 982 panis
2986 911 3266 966 viviﬁcaris
3311 911 3404 980 qui
3451 911 3519 967 de

1903 985 2075 1097 fama;
2107 1004 2380 1061 descendi.
2416 1002 2474 1058 Si
2515 1002 2639 1070 quis
2677 1001 3078 1055 manducaverit
3113 1015 3178 1055 ex
3215 1001 3316 1055 hoc
3351 1015 3515 1071 pane,

1898 1091 2072 1174 {vivet
2115 1097 2168 1151 in
2202 1105 2496 1150 veternum.
2533 1093 2602 1147 Et
2647 1091 2800 1163 panis
2837 1106 3002 1160 quem
3043 1105 3145 1161 ego
3189 1091 3350 1158 dabo,
3387 1107 3517 1147 caro

1917 1188 2050 1244 ‘mea
2083 1196 2168 1241 est
2197 1201 2292 1255 pro
2326 1184 2512 1258 mundi
2547 1183 2652 1238 vita
2674 1184 2741 1238 ⁶⁸.
2783 1203 2801 1236 ι
2837 1183 2905 1236 At
2934 1182 2980 1237 si
3011 1192 3097 1236 εει
3127 1197 3258 1237 caro
3293 1182 3413 1237 Filii
3448 1184 3517 1239 ab

1917 1281 2050 1349 ipso
2095 1277 2331 1341 diversi,
2377 1275 2469 1344 qui
2513 1284 2662 1329 arcta
2708 1273 2940 1343 quadam
2990 1271 3372 1342 conjunctione
3417 1272 3518 1342 ipsi

1931 1370 2139 1426 ascitus
2165 1375 2305 1432 erat,
2336 1376 2390 1422 et
2414 1365 2727 1437 aequalitate
2759 1365 2983 1420 honoris
3011 1380 3138 1420 cum
3165 1379 3230 1419 eo
3259 1367 3518 1432 donatus,

1932 1476 2041 1530 quo
2067 1468 2227 1529 pacto
2251 1472 2405 1512 suam
2431 1465 2619 1523 vocat,
2647 1471 2768 1510 cum
2797 1455 2995 1525 alioqui
3026 1455 3244 1510 mentiri
3275 1456 3520 1510 nesciat?

1920 1551 2226 1618 ‘QllOmOdO
2257 1558 2438 1603 autem
2484 1547 2708 1602 alterius
2749 1546 3048 1616 cuiuspiam
3090 1561 3221 1602 caro
3261 1547 3520 1602 mundum

1932 1642 2214 1696 viviﬁcare
2246 1647 2440 1709 queat,
2474 1638 2581 1693 nisi
2621 1638 2763 1705 facta
2799 1639 2870 1694 sit
2908 1628 3126 1709 prépria
3161 1639 3317 1707 vitae,
3358 1639 3519 1694 nimi-

1929 1747 2056 1786 rum
2098 1729 2261 1785 'Verbi
2295 1745 2377 1785 ex
2428 1729 2536 1784 Deo
2579 1729 2743 1785 Patre
2786 1731 2994 1800 geniti,
3045 1732 3112 1787 de
3155 1745 3265 1802 quo
3308 1730 3521 1788 divinus

1882 1849 1884 1851 >
1933 1823 2174 1878 doannes
2205 1821 2288 1876 ita
2329 1822 2410 1875 ait
2445 1839 2460 1874 :
2507 1839 2524 1872 ι
2566 1820 2640 1876 Et
2677 1822 2881 1878 scimus
2919 1823 3176 1892 quoniam
3217 1822 3388 1878 Filius
3428 1823 3520 1879 Dei

3617 1183 3678 1236 ὃν
3729 1183 3842 1251 ἐγὼ
3890 1181 4070 1248 δώσω,
4121 1184 4155 1253 ἡ
4203 1182 4340 1254 σάρξ
4401 1183 4504 1254 μού
4549 1184 4720 1248 ἐστιν,
4777 1184 4919 1254 ὑπὲρ
4961 1183 5064 1247 τῆς
5115 1184 5214 1238 τοῦ

3619 1275 3828 1345 κόσμου
3861 1274 4028 1346 ζωῆς.
4053 1293 4073 1328 ι
4121 1273 4264 1327 Ἀλλ’
4295 1276 4455 1348 εῖπερ
4481 1274 4630 1328 ἐστὶν
4654 1277 4688 1344 ή
4714 1272 4880 1345 σὰρξ,
4922 1273 5055 1327 Υίοῦ
5081 1277 5215 1344 παρ’

3620 1364 3785 1419 αὑτὸν
3827 1363 4196 1434 ὲτέρου,κατὰ
4224 1365 4523 1434 συνάφειαν
4550 1365 4810 1437 σχετικὴν
4831 1364 5218 1427 οίκειωθέντος

3621 1452 3791 1524 αὐτῷ,
3836 1453 3932 1506 καὶ
3963 1453 4148 1525 χάριτι
4184 1453 4526 1525 κεκλημένου
4575 1455 4713 1527 πρὸς
4748 1456 5054 1525 ἰσοτιμίαν,
5094 1456 5216 1518 πῶς

3624 1545 3761 1600 ἰδίαν
3803 1545 3975 1617 αὐτὴν
4019 1546 4300 1618 ὀνομάζει,
4350 1547 4530 1601 καίτοι
4570 1547 4864 1618 ψεύδεσθαι
4901 1548 4977 1620 μὴ
5018 1546 5212 1613 εἰδώςς

3620 1633 3746 1698 Πῶς
3770 1635 3815 1688 δ’
3844 1635 3910 1690 ἂν
3941 1636 4035 1689 καὶ
4068 1634 4398 1707 ζωοποιήσει
4424 1635 4516 1689 τὸν
4547 1637 4750 1707 κόσμον
4785 1639 4820 1709 ἡ
4849 1637 5041 1708 ἑτέρου
5064 1637 5216 1700 τινὸς

3623 1723 3780 1792 σὰρξ,
3816 1726 3864 1778 εἰ
3897 1724 3971 1796 μὴ
4000 1725 4230 1794 γέγονεν
4272 1725 4380 1781 ἰδία
4416 1724 4516 1796 τῆς
4541 1725 4708 1797 ζωῆς,
4735 1725 4892 1799 δῆλον
4916 1726 4974 1780 δὲ
4996 1727 5098 1792 ὃτι,
5116 1725 5214 1779 τοῦ

3621 1817 3687 1868 ὲκ
3715 1815 3848 1868 Θεοῦ
3876 1816 4090 1888 Πατρδς
4116 1816 4271 1882 δντος
4293 1817 4490 1887 Λόγου,
4519 1819 4650 1888 περί
4683 1812 4744 1872 οὗ
4773 1834 4938 1889 φησιν
4963 1821 4992 1872 6
5019 1817 5216 1872 θεσπέ-

1937 1915 2108 1978 venit,
2136 1923 2192 1969 et
2217 1913 2364 1967 dedit
2389 1912 2547 1968 nobis
2575 1927 2795 1968 sensum
2823 1922 2882 1967 ut
2903 1928 3302 1986 cognoscamus
3331 1929 3518 1970 verum
3551 1903 3593 1958 Β
3624 1923 3738 1971 σιος
3762 1899 4019 1978 ’Ῑωάνύης
4037 1925 4052 1941 ⁸
4109 1927 4128 1961 ι
4158 1909 4270 1962 Καὶ
4314 1909 4558 1981 οἴδαμεν,
4587 1909 4627 1963 δ’

2525 1927 2547 1968 s
2575 1927 2795 1968 sensum
2823 1922 2882 1967 ut
2903 1928 3302 1986 cognoscamus
3331 1929 3518 1970 verum
3551 1903 3593 1958 Β
3624 1923 3738 1971 σιος
3762 1899 4019 1978 Ἰωάννης
4037 1925 4052 1941 ο
4109 1927 4128 1961 ι
4158 1909 4270 1962 Καὶ
4314 1909 4558 1981 οἴδαμεν,
4587 1909 4669 1963 ὅτι
4707 1909 4736 1962 6
4764 1909 4894 1974 Υἱὸς
4941 1908 5035 1963 τοῦ
5074 1908 5215 1963 Θεοῦ

1939 2005 2140 2069 Deum,
2175 2013 2230 2058 et
2263 2017 2450 2057 sumus
2485 2003 2540 2056 in
2577 2017 2706 2058 vero
2737 2002 2877 2058 Filio
2910 2004 3081 2072 ipsius
3113 2003 3239 2060 Jesu
3279 2003 3518 2061 Christo.

1939 2094 2039 2150 Hic
2067 2104 2150 2151 est
2171 2109 2335 2149 verus
2359 2092 2525 2159 Deus,
2555 2102 2611 2148 et
2637 2093 2748 2148 vita
2778 2103 2983 2150 aeterna
3007 2095 3082 2149 “?
3114 2113 3134 2148 ι

2009 2266 2070 2320 Β.
2111 2266 2377 2322 Caeterum
2421 2265 2526 2321 hoc
2557 2264 2760 2331 etiam,
2802 2274 2863 2320 ut
2923 2267 3182 2334 arbitror,
3241 2267 3518 2337 objicient,

1943 2359 2147 2413 dictant
2177 2371 2297 2412 esse
2325 2357 2392 2412 ab
2422 2357 2559 2424 ipso,
2587 2365 2641 2410 et
2671 2357 2890 2426 quidem
2925 2357 3211 2412 manifeste
3237 2374 3249 2410 :
3282 2378 3300 2410 ι
3324 2358 3518 2424 Amen,

1937 2462 2096 2503 amen
2135 2447 2256 2502 dico
2293 2447 2471 2512 vobis,
2508 2446 2611 2500 nisi
2648 2447 3107 2504 manducaveritis
3142 2464 3362 2506 carnem
3399 2449 3521 2506 Filii

1938 2539 2204 2604 hominis,
2235 2547 2292 2592 et
2321 2537 2567 2592 hiberitis
2595 2538 2915 2608 sanguinem
2947 2539 3144 2610 ipsius,
3174 2555 3280 2595 non
3312 2541 3524 2611 habetis

1939 2631 2102 2701 777
2132 2631 2296 2684 vitam
2331 2631 2381 2684 in
2412 2629 2563 2683 vobis
2585 2628 2652 2683 ⁵⁷.
2689 2649 2709 2682 ι
2747 2629 2852 2686 Nos
2883 2631 3069 2702 itaque
3098 2617 3404 2697 censemus,
3437 2634 3520 2687 in—

1939 2723 2152 2790 quiunt,
2188 2736 2292 2775 non
2326 2735 2447 2775 esse
2481 2721 2574 2777 Dei
2596 2720 2781 2788 Verbi,
2813 2711 2908 2778 sed
2944 2722 3124 2789 potius
3157 2723 3398 2779 hominis
3427 2723 3522 2794 qni

1940 2811 2042 2881 ipsi
2078 2809 2397 2878 coniunctus
2425 2820 2507 2864 est
2535 2812 2829 2882 pretiosum
2861 2826 3056 2880 corpus
3091 2820 3146 2866 et
3181 2813 3520 2882 sanguinem.

2012 2901 2080 2954 Α.
2120 2901 2187 2952 At
2217 2915 2343 2954 vero
2373 2900 2502 2969 quid
2535 2901 2746 2955 tandem
2780 2901 2848 2956 de
2881 2917 3074 2972 magno
3108 2903 3388 2975 religionis
3423 2920 3520 2960 no-

1939 2997 2066 3044 stra:
2101 2989 2360 3057 mysterio
2392 2991 2667 3045 statuent?
2692 2991 2933 3046 Tolletnr
2967 2993 3137 3060 enim,
3181 3005 3241 3048 ut
3264 3003 3520 3064 apparet,

1941 3078 2036 3134 Dei
2067 3077 2222 3133 Verbi
2255 3079 2583 3145 exinanitio,
2616 3081 2709 3149 qui
2740 3097 2863 3136 cum
2894 3093 3042 3137 esset
3068 3084 3120 3137 in
3153 3083 3328 3139 forma
3358 3098 3524 3156 atque

1922 3167 2249 3239 aequalitate
2280 3167 2493 3233 Patris,
2525 3169 2695 3224 voluit
2731 3179 2951 3241 propter
2981 3187 3082 3229 nos
3115 3171 3346 3230 formam
3379 3175 3520 3230 servi

3627 1998 3773 2070 ἥκει,
3797 1997 3892 2052 καὶ
3917 1998 4119 2053 ἔδωκεν
4159 2001 4293 2071 ἡμῖν
4319 1999 4582 2067 διάνοιαν,
4608 2000 4695 2055 ἵνα
4728 2000 5088 2071 γινώσκωμεν
5119 2000 5219 2054 0.6-

3625 2087 3741 2152 τὸν,
3759 2087 3854 2140 καὶ
3876 2087 4042 2157 ἐσμὲν
4064 2089 4123 2140 ὲν
4151 2085 4230 2158 τῷ
4253 2086 4494 2158 ἀληθινῷ
4519 2087 4634 2158 Υίῷ
4664 2086 4830 2142 αὐτοῦ
4870 2087 5046 2157 Ἰησοῦ
5073 2087 5217 2154 Χρι-

3629 2173 3759 2246 στῷ.
3794 2194 3812 2227 ι
3841 2168 4010 2239 Οὗτός
4039 2178 4188 2229 ἐστιν
4208 2174 4461 2245 ἀληθινὸς
4483 2174 4636 2240 Θεὸς,
4669 2174 4764 2228 καὶ
4787 2171 4902 2242 ζωὴ
4926 2169 5181 2235 αἰώνιοςς

3697 2269 3760 2322 Β.
3815 2268 3979 2331 Ἀλλ’,
4006 2263 4184 2338 οἶμαι,
4222 2267 4362 2338 πρὸς
4401 2266 4579 2337 τούτῳ
4612 2269 4769 2334 φαῖεν
4820 2265 4908 2329 ἂν,
4953 2261 5217 2334 εἰρῆσθαι

3627 2356 3758 2426 παρ’
3805 2354 3972 2408 αὑτοῦ
4011 2355 4108 2409 καὶ
4154 2355 4302 2426 μάλα
4337 2356 4546 2425 σαφῶς,
4579 2374 4599 2408 ι
4646 2353 4840 2425 Ἀμὴν,
4876 2354 5027 2424 ἀμὴν
5065 2353 5215 2421 λέγω

3629 2445 3781 2516 ὑμῖν,
3815 2445 3910 2498 ἐὰν
3942 2445 4018 2517 μὴ
4047 2445 4260 2517 φάγητε
4303 2446 4405 2518 τὴν
4457 2446 4638 2515 σάρκα
4675 2444 4770 2498 τοῦ
4819 2445 4953 2497 Υίοῦ
4981 2443 5078 2497 τοῦ
5115 2445 5214 2498 ἁν-

3629 2535 3872 2608 θρώπου,
3900 2537 3996 2590 καὶ
4023 2537 4184 2608 πίητε
4209 2536 4375 2590 αὑτοῦ
4401 2537 4462 2589 τὸ
4487 2531 4646 2606 αἷμα,
4673 2537 4776 2588 06x
4807 2534 4961 2604 ἔχετε
4991 2533 5136 2604 ζωὴν
5157 2536 5218 2586 εν

3627 2626 3864 2693 ἑαυτοῖς.
3902 2649 3921 2680 ι
3971 2629 4235 2697 Συνίεμεν
4277 2629 4458 2682 τοίνυν
4507 2629 4688 2698 ἡμεῖς,
4735 2627 4919 2696 φασὶν,
4969 2625 5045 2690 ὡς
5099 2625 5217 2678 ἐστι

3633 2720 3834 2791 μᾶλλον
3880 2721 3940 2773 o6
3981 2719 4074 2774 τοῦ
4117 2718 4253 2772 Θεοῦ
4282 2721 4480 2788 Λόγου,
4529 2718 4665 2773 ἀλλὰ
4705 2718 4801 2772 τοῦ
4852 2719 5218 2788 συναφθέντος

3629 2811 3779 2882 αὐτῷ
3808 2811 4119 2885 ἀνθρώπου,
4153 2811 4216 2866 τὺ
4246 2812 4614 2883 τετιμημένον
4646 2809 4807 2881 σῶμα
4834 2811 4930 2864 καί
4961 2809 5024 2863 τὸ
5052 2805 5214 2880 αἷμα.

3698 2902 3764 2956 Α.
3787 2897 3919 2956 Εἶτα
3945 2903 4066 2955 ὅποι
4093 2903 4222 2955 ποτὲ
4251 2902 4394 2955 θεῖεν
4435 2902 4500 2955 ἃν
4532 2902 4593 2954 τὸ
4622 2902 4766 2972 μέγα
4797 2901 4895 2970 τῆς
4921 2901 5215 2965 εὐσεϐείας

3633 2992 3959 3064 μυστήριον;
3993 2992 4324 3060 Ἀναιρεῖται
4368 2990 4500 3062 γὰρ,
4551 2991 4626 3053 ὼς
4657 2991 4855 3054 ἔοικεν,
4889 2991 4922 3058 ἡ
4953 2988 5047 3042 τοῦ
5078 2988 5216 3042 Θεοῦ

3628 3083 3811 3153 Λόγου
3843 3083 4094 3149 κένωσις,
4123 3082 4275 3146 ὄντος
4310 3082 4411 3153 μὲν
4444 3084 4502 3135 ἐν
4533 3085 4715 3154 μορφῇ
4748 3082 4845 3134 καὶ
4887 3081 5096 3151 ἰσότητι
5120 3079 5214 3134 τοῦ

3629 3173 3866 3244 Πατρδς,
3895 3172 4151 3242 ἑλομένου
4177 3172 4235 3226 δὲ
4257 3173 4326 3226 δι’
4353 3174 4524 3243 ἡμᾶς,
4553 3173 4768 3244 μορφὴν
4791 3171 4980 3224 δούλου
5004 3170 5214 3236 λαϐεῖν,

1921 3261 2210 3329 accipere,
2245 3259 2544 3330 similisque
2575 3260 2731 3317 nobis
2766 3261 2882 3318 ﬁeri
2909 3263 2990 3329 “,
3028 3270 3082 3319 et
3112 3265 3384 3336 particeps
3415 3265 3532 3322 ﬁeri
3559 3266 3603 3325 C
3636 3265 3732 3318 καὶ
3763 3265 3821 3317 ὲν
3853 3264 4110 3335 ὁμοιώσει
4137 3263 4391 3333 γενέσθαι
4425 3266 4491 3335 τῇ
4527 3280 4611 3333 arpi

2527 3275 2544 3315 ε
2575 3260 2731 3317 nobis
2766 3261 2882 3318 ﬁeri
2909 3263 2955 3295 “
2974 3302 2990 3329 ,
3028 3270 3082 3319 et
3112 3265 3384 3336 particeps
3415 3265 3532 3322 fieri
3559 3266 3603 3325 C
3636 3265 3732 3318 καὶ
3763 3265 3821 3317 ὲν
3853 3264 4110 3335 ὁμοιώσει
4137 3263 4391 3333 γενέσθαι
4425 3266 4491 3335 τῇ
4527 3262 4664 3333 πρὸς
4693 3263 4874 3334 ἡμᾶς,
4913 3261 5010 3315 καὶ
5048 3279 5217 3332 μετα-

1923 3349 2120 3402 .carnis
2141 3357 2195 3403 et
2213 3347 2486 3418 sanguinis
2507 3349 2575 3417 ",
2600 3361 2652 3404 et
2677 3350 3068 3408 incarnationis
3102 3355 3529 3412 administratio-

1921 3452 2064 3494 .nem
2099 3439 2353 3493 universo
2384 3438 2503 3493 orbi
2542 3447 2809 3493 terrarum
2847 3439 3054 3511 largiri.
3087 3439 3341 3498 Salvatus
3380 3445 3527 3499 enim

1919 3535 2024 3580 -est
2047 3540 2150 3594 per
2180 3525 2374 3595 ipsam,
2407 3526 2744 3584 instaurante
2772 3529 2932 3586 Patre
2963 3533 3017 3586 in
3053 3532 3169 3604 ipso
3197 3535 3380 3590 omnia
3407 3551 3529 3607 quze

1921 3616 1996 3669 .in
2032 3615 2188 3669 caelis
2223 3624 2279 3670 et
2314 3630 2435 3684 quae
2471 3617 2523 3670 in
2561 3625 2737 3686 terra,
2773 3620 2916 3676 sicut
2953 3622 3216 3691 scriptum
3253 3633 3336 3679 est
3359 3625 3429 3680 ’°.
3467 3625 3527 3682 Si

1918 3721 2071 3772 ergo
2104 3720 2211 3760 non
2245 3707 2420 3776 ipsum
2452 3710 2642 3764 dicunt
2670 3725 2794 3766 esse
2821 3711 3194 3782 Unigenitum,
3224 3715 3406 3770 divina
3435 3731 3530 3786 pa-

1917 3797 2076 3852 :riter
2096 3806 2152 3851 et
2176 3799 2408 3853 humana
2461 3801 2670 3856 ratione
2723 3802 3025 3858 dicentem:
3055 3820 3074 3854 ι
3103 3803 3170 3859 Ει
3191 3806 3346 3874 panis
3365 3821 3526 3878 quem

1933 3903 2039 3958 ego
2075 3889 2232 3956 dabo,
2271 3905 2403 3945 caro
2469 3906 2588 3946 mea
2651 3900 2736 3947 est
2792 3907 2894 3964 pro
2955 3897 3138 3949 mundi
3182 3896 3324 3963 vita;
3367 3915 3387 3949 ι
3431 3898 3527 3953 sed

1917 3981 2103 4034 .alium
2146 3983 2432 4051 quemdam
2478 3983 2749 4038 diversum
2789 3987 2858 4039 ab
2899 3984 3015 4054 ipso
3061 3984 3257 4042 Filium
3291 3987 3528 4046 hominis

1941 4087 2038 4126 nos
2069 4072 2340 4139 salvasse,,
2373 4083 2520 4129 certe
2550 4075 2666 4142 ipse
2697 4091 2802 4131 non
2834 4086 2919 4132 est
2948 4075 3241 4146 Dominus,
3273 4088 3334 4134 ut
3360 4079 3526 4135 Scri-

1921 4169 2112 4229 ptura:
2138 4162 2204 4215 de
2231 4161 2322 4216 illo
2348 4162 2665 4231 pradicant,
2695 4165 2790 4219 sed
2823 4179 2962 4221 unus
2990 4178 3057 4220 ex
3087 4167 3264 4233 nobis,
3294 4176 3350 4224 et
3374 4168 3526 4223 vivi-

1945 4253 2071 4307 ticat
2099 4254 2350 4323 deinceps
2376 4269 2439 4308 ea
2467 4270 2587 4324 quae
2614 4257 2952 4327 corruptioni
2978 4259 3211 4314 obnoxia
3240 4267 3386 4326 sunt,
3416 4276 3523 4316 non

1924 4357 2040 4407 ,μυι-
2074 4342 2253 4398 .Dcunt
2305 4345 2611 4400 viviﬁcandi
2664 4347 2863 4403 virtute
2909 4349 3236 4416 praeditum,
3282 4350 3379 4404 sed
3429 4364 3528 4420 per

1939 4437 2230 4502 quemdam
2275 4437 2610 4506 corruptioni
2661 4439 2994 4506 obnoxium,
3044 4443 3136 4510 qui
3184 4442 3413 4511 perinde
3461 4457 3528 4497 ac

1941 4539 2043 4578 nos
2079 4526 2243 4579 vitam
2273 4541 2382 4595 per
2415 4529 2649 4597 gratiam
2691 4530 2988 4598 acceperit.
3023 4532 3092 4585 At
3129 4534 3174 4586 si
3212 4547 3399 4587 verum
3442 4543 3527 4588 est

3631 3359 3779 3428 σχεῖν
3805 3357 4037 3429 αῖματος
4065 3359 4160 3410 καὶ
4191 3357 4394 3428 σαρκὸς
4412 3397 4426 3422 ,
4455 3356 4552 3410 καὶ
4578 3355 4676 3427 τὴν
4716 3355 4816 3425 τῆς
4855 3355 5218 3426 ὲνανθρωπή-

3632 3463 3771 3510 σεως
3814 3447 4130 3517 οἰκονομίαν
4185 3445 4282 3527 ὅλῃ
4333 3445 4662 3517 χαρίσασθαι
4703 3447 4771 3515 τῇ
4829 3445 4920 3497 ὑπ’
4963 3443 5216 3515 οὐρανόν.

3629 3537 3905 3591 Σέσωσται
3974 3536 4084 3608 γὰρ
4132 3537 4200 3590 δι’
4252 3537 4456 3608 αὐτῆς,
4505 3535 5083 3606 ἁνακεφαλαιουμένου
5149 3535 5218 3587 τὰ

3629 3628 3808 3682 πάντα
3849 3627 3942 3682 τοῦ
3985 3629 4199 3700 Πατρός
4240 3629 4299 3682 ὲν
4329 3627 4501 3698 αὐτῷ,
4535 3627 4606 3681 τά
4644 3644 4703 3680 τε
4733 3628 4792 3680 ὲν
4827 3629 4942 3690 τοῖς
4963 3626 5218 3696 οὐρανοῖς

3628 3719 3725 3772 καί
3766 3719 3836 3772 τὰ
3875 3719 3970 3771 ἐπὶ
3999 3719 4104 3789 τῆς
4147 3720 4272 3790 γῆς,
4312 3719 4457 3773 καθὰ
4512 3719 4846 3789 γέγραπται.
4889 3716 4952 3770 Εἰ
4996 3716 5097 3786 μὲν
5124 3711 5218 3769 οὖν

3627 3811 3727 3865 οὐκ
3761 3811 3922 3865 αὐτὸν
3957 3806 4096 3864 εἷναί
4141 3828 4274 3881 φασι
4317 3811 4409 3864 τὸν
4451 3811 4755 3881 Μονογενῆ,
4805 3807 5130 3880 θεοπρεπῶς
5156 3823 5218 3861 τε

3626 3898 3764 3970 ὁμοῦ
3803 3900 3898 3952 καὶ
3943 3899 4301 3971 ἀνθρωπίνως
4331 3899 4582 3968 λέγοντα,
4619 3918 4639 3952 ι
4664 3899 4775 3953 Καὶ
4803 3900 4830 3952 6
4856 3899 5019 3969 ἄρτος
5039 3897 5120 3960 δὲ,
5159 3896 5222 3949 δν

3628 3987 3738 4057 ἐγὼ
3765 3987 3941 4054 δώσω,
3984 3990 4018 4060 ἡ
4051 3988 4190 4061 σάρξ
4240 3988 4340 4060 μού
4373 3989 4522 4043 ἐστιν
4552 3988 4693 4058 ὑπὲρ
4723 3988 4823 4058 τῆς
4873 3987 4968 4040 τοῦ
5005 3987 5221 4057 κόσμου

3629 4077 3806 4149 ζωῆςο
3838 4098 3857 4131 ι
3894 4078 4083 4151 ἕτερον
4111 4079 4170 4132 δέ
4217 4095 4338 4132 τινα
4367 4079 4499 4149 παρ’
4527 4077 4691 4132 αὑτὸν
4718 4076 4900 4139 ἰδικῶς
4924 4074 5224 4145 νοούμενον

3630 4169 3767 4222 Υἱδν
3803 4167 4102 4240 ἀνθρώπου
4153 4170 4450 4224 σεσωκέναι
4493 4169 4642 4240 ἡμᾶς
4667 4211 4683 4234 ,
4725 4169 4826 4222 οὐκ
4877 4167 5043 4230 αὑτός
5099 4167 5221 4220 ἐστι

3627 4259 3853 4331 Κύριος,
3883 4259 4030 4315 κατὰ
4051 4260 4113 4313 τὸ
4135 4259 4552 4332 γεγραμμένον,
4577 4259 4694 4313 ἀλλ’
4721 4252 4802 4323 εἷς
4831 4257 4892 4322 ἐξ
4923 4256 5103 4328 ἡμῶν,
5122 4257 5223 4310 καὶ

3628 4350 3975 4416 ζωοποιεῖται
4009 4351 4195 4404 λοιπὸν
4222 4350 4292 4403 τὰ
4321 4350 4429 4403 ὑπὸ
4455 4349 4686 4420 φθορὰν,
4730 4348 4792 4402 06
4840 4347 4930 4401 διά
4975 4363 5040 4414 γε
5076 4344 5220 4398 Θεοῦ

3631 4442 3831 4512 μᾶλλον
3862 4443 4144 4507 ζωοποιεῖν
4197 4441 4496 4512 ἰσχύοντος,
4525 4439 4642 4494 ἀλλ’
4679 4438 4768 4508 ὑφ’
4793 4438 4913 4502 ἐνὸς
4959 4437 5070 4490 τῶν
5111 4436 5223 4489 ὑπὸ

3628 4532 3856 4606 φθορὰν,
3898 4533 4084 4606 χάριτι
4118 4533 4239 4605 μεθ’
4278 4532 4436 4604 ἡμῶν
4469 4531 4733 4594 λαϐόντος
4765 4529 4827 4583 τὺ
4870 4530 4990 4600 ζῇν.
5047 4527 5112 4580 Εἰ
5157 4527 5221 4580 δὲ

1941 4615 2084 4682 Quod
2117 4614 2348 4670 Verbum
2385 4617 2588 4673 factum
2627 4629 2709 4673 est
2744 4633 2902 4684 caro,
2937 4621 3232 4675 secundum
3271 4622 3523 4692 Scriptu-
3555 4613 3600 4668 D
3628 4623 3845 4694 ἀληθὲς,
3875 4625 3958 4678 ὅτι
3982 4624 4122 4695 σὰρξ
4146 4624 4372 4692 γέγονεν
4399 4627 4428 4677 ό
4448 4624 4631 4691 Λόγος]

2537 4633 2588 4671 ιιι
2627 4629 2709 4673 est
2744 4633 2902 4684 caro,
2937 4621 3232 4675 secundum
3271 4622 3523 4692 Scriptu-
3555 4613 3600 4668 D
3628 4623 3845 4694 ἀληθὲς,
3875 4625 3958 4678 ὅτι
3982 4624 4122 4695 σὰρξ
4146 4624 4372 4692 γέγονεν
4399 4627 4428 4677 ό
4448 4624 4643 4691 Λόγος,
4676 4622 4818 4676 κατὰ
4849 4621 4948 4683 τὰς
4965 4619 5219 4690 Γραφάςο

1944 4707 2122 4772 ras‘“,
2155 4719 2209 4761 et
2241 4707 2291 4761 in
2327 4718 2470 4765 terra
2490 4712 2774 4781 apparuit,
2796 4718 2985 4765 etcum
3011 4712 3323 4768 hominibus
3340 4728 3528 4770 versa-

1935 4805 2027 4851 tns
2049 4799 2197 4853 est"
2219 4840 2234 4865 ,
2265 4800 2492 4856 formam
2526 4802 2667 4856 servi
2702 4813 2761 4856 ut
2792 4801 3063 4870 propriam
3096 4815 3325 4871 gerens,
3357 4818 3524 4860 voca-

1942 4888 2086 4942 bitur
2113 4889 2276 4944 etiam
2300 4889 2475 4945 ‘Filins
2508 4890 2762 4956 hominis,
2797 4889 2940 4959 quod
2971 4891 3208 4959 quidem,
3229 4892 3273 4946 si
3307 4893 3526 4962 indigne

1941 4977 2126 5032 ferunt
2156 4980 2426 5044 ιιοιιιιιιιιί,
2463 4979 2703 5050 graviter
2733 4994 2991 5049 peccasse
3020 4982 3518 5051 deprchendemur.

1940 5068 2128 5140 Neque
2164 5071 2310 5124 enim
2349 5071 2456 5126 alia
2496 5070 2707 5147 ratione
2740 5086 2870 5127 caro
2900 5073 3112 5129 vivitica
3147 5075 3284 5132 silici
3317 5087 3520 5148 potest,

1942 5177 2103 5232 quam
2141 5161 2434 5215 secundum
2467 5163 2742 5231 propriam
2775 5179 2930 5218 suam
2961 5176 3211 5222 naturam
3248 5173 3524 5242 corrumpi

1941 5261 2104 5323 atque
2133 5251 2357 5306 interire
2386 5267 2610 5308 necesse
2637 5264 2788 5320 erat,
2822 5257 2922 5312 nisi
2956 5259 3174 5328 propria
3208 5258 3349 5316 facta
3375 5271 3524 5318 esset

1943 5342 2105 5396 Verbi
2150 5341 2332 5396 omnia
2373 5342 2718 5401 viviﬁcantis.
2761 5346 2877 5402 lloc
2921 5348 3065 5404 enim
3106 5359 3266 5418 pacto
3303 5362 3522 5421 operata

1941 5439 2102 5483 estet
2137 5431 2385 5498 praestitit
2415 5447 2534 5500 quae
2563 5433 2662 5502 ipsi
2691 5433 2871 5490 Verbo
2901 5451 3028 5492 sunt
3059 5441 3312 5510 propria,
3342 5440 3522 5496 viviti-

1941 5520 2083 5574 canti
2129 5519 2298 5591 ipsius
2338 5524 2522 5580 virtuti
2566 5537 2907 5585 convcrsata.
2946 5527 3016 5584 Et
3055 5532 3274 5599 quidem
3321 5533 3523 5589 mirum

3629 4716 3723 4768 καὶ
3756 4715 3849 4768 ἐπὶ
3872 4715 3976 4785 γῆς
4009 4713 4191 4786 ὤφθη,
4239 4715 4347 4791 καὶ.
4369 4718 4482 4778 τοῖς
4513 4713 4823 4784 ἀνθρώποις
4853 4714 5224 4780 συνανεστρὰ-

3628 4821 3738 4876 φη,
3773 4805 3874 4876 τὴν
3904 4805 4000 4860 τοῦ
4041 4805 4228 4859 δούλου
4282 4804 4494 4877 μορφὴν
4539 4805 4616 4868 ὡς
4649 4804 4787 4858 ἰδίαν
4818 4803 4978 4872 ἔχων,
5009 4801 5223 4871 κεκλή-

3627 4914 3782 4951 σεται
3809 4898 3905 4951 καὶ
3935 4898 4062 4962 Υἰὸς
4091 4896 4381 4968 ἀνθρώπου
4401 4937 4416 4963 ,
4447 4897 4553 4956 κᾶν
4591 4893 4906 4966 ἀσχάλλωσί
4943 4909 5089 4956 τινες
5122 4893 5224 4946 ἐπὶ

3624 4991 3822 5062 τούτῳ,
3866 4994 3980 5054 τοῖς
4026 4991 4126 5062 τῆς
4167 4989 4443 5062 ἁμαρτίας
4489 4989 4802 5058 ἐγκλήμασι
4837 4986 4975 5054 σφᾶς
5014 4984 5222 5048 αὐτοὺς

3629 5083 3867 5146 ἐνιέντες
3893 5083 4072 5137 ἁλοῖεν
4103 5083 4190 5138 ἄν.
4221 5083 4297 5136 06
4326 5081 4435 5153 γὰρ
4464 5077 4558 5137 οὖν
4591 5083 4798 5152 ἑτέρως
4829 5077 5098 5144 ζωοποιδν
5132 5094 5226 5145 γε-

3631 5169 3820 5226 νέσθαι
3847 5173 3944 5244 τὴν
3974 5173 4174 5244 σάρκα,
4203 5173 4296 5226 καὶ
4325 5173 4448 5225 κατ’
4491 5171 4627 5226 ἰδίαν
4654 5171 4817 5240 φύσιν
4847 5167 5220 5240 ὑπενηνεγμέο

3627 5259 3726 5336 νην
3759 5263 3836 5335 τῷ
3863 5265 4184 5337 φθείρεσθαι
4212 5266 4346 5332 δεῖν,
4374 5267 4423 5319 εἰ
4456 5265 4533 5336 μὴ
4567 5265 4792 5335 γέγονεν
4823 5264 4931 5317 ίδία
4955 5263 5052 5316 τοῦ
5077 5262 5213 5326 ζωο-

3626 5354 3906 5419 ποιοῦντος
3932 5357 4002 5410 τὰ
4029 5357 4209 5410 πάντα
4235 5356 4430 5425 Λόγου.
4478 5357 4794 5426 Ἐνηργεῖτο
4815 5354 4926 5424 γὰρ
4946 5352 5120 5414 οὕτως
5144 5349 5219 5402 τὰ

3623 5443 3813 5514 αὐτοῦ,
3853 5447 3918 5515 τῇ
3955 5445 4202 5515 ζωοποιῷ
4252 5445 4418 5500 αὑτοῦ
4449 5445 4682 5516 δυνάμει
4731 5445 5061 5516 ὀμιλήσασα.
5105 5440 5220 5496 Καὶ

3625 5533 3936 5606 θαυμαστὸν
3979 5536 4154 5591 οὐδέν.
4205 5536 4268 5591 Εἰ
4317 5538 4427 5611 γάρ
4474 5540 4624 5593 ἐστιν
4671 5536 4908 5608 ἀληθὲς,
4963 5537 5046 5588 ὅτι
5093 5533 5222 5593 ταῖς

2011 5723 2246 5806 '_"_Joa_n.
2273 5741 2346 5806 γι,
2384 5727 2472 5792 3|,
2503 5724 2606 5806 59....
2667 5724 2971 5806 'f_l__Joan.
3001 5740 3054 5790 ν,
3085 5725 3208 5806 Ξίξλ
3261 5729 3305 5760 ⁸⁷
3342 5727 3499 5789 Joan.
3535 5747 3610 5802 v1,
3633 5733 3724 5790 ει.
3784 5735 3846 5800 ,⁸⁸
3881 5732 4110 5806 Philipp.
4139 5749 4200 5800 ll,
4231 5734 4285 5792 6.
4367 5735 4413 5770 “
4451 5736 4617 5791 Hebr.
4653 5748 4691 5788 ιι

2563 5728 2606 5806 β’.
2667 5724 2971 5806 ⁶ἶ-¹..³⁰³”ῖ
3001 5740 3054 5790 ν’
3085 5725 3208 5806 20:,
3261 5729 3305 5760 ⁸⁷
3342 5727 3499 5789 ³0³11.
3535 5733 3724 5802 V1.55.
3784 5735 3846 5800 ,⁸⁸
3881 5732 4110 5806 Philipp.
4139 5749 4200 5800 ll,
4231 5734 4285 5792 6.
4367 5735 4413 5770 ⁸⁸
4451 5736 4617 5791 Hebr.
4653 5748 4716 5798 ιι,
4749 5707 4838 5787 i4.
4915 5729 4964 5762 "
5009 5697 5253 5800 Ephcs.”

1946 5807 1983 5854 I,
2019 5797 2102 5849 lt).
2180 5795 2224 5827 ⁷¹
2263 5796 2422 5855 Joan.
2461 5811 2500 5862 ι,
2545 5795 2629 5848 l-i.
2699 5795 2746 5826 τ’
2774 5796 2988 5852 Baruch
3025 5811 3109 5865 ιιι,
3142 5797 3235 5854 58.
