6812 6590
1651 477 1785 531 1561

2787 476 2975 543 QUOD
3016 476 3205 534 UNUS
3244 479 3353 535 Sl'l‘
3392 479 3764 540 CHRISTUS.

4779 483 4913 539 i369

1649 589 1811 651 ὕλαις
1841 585 2109 657 ὀμιλῆσαν
2130 584 2191 638 τὸ
2217 584 2348 655 πῦρ,
2381 586 2560 641 καίτοι
2585 586 2792 658 θερμάς
2814 589 2915 642 οὐκ
2939 588 3105 653 οὔσας
3133 590 3233 641 αύ-
3261 600 3308 658 Α
3338 607 3443 647 non
3478 603 3581 648 est.
3614 593 3747 649 Nam
3785 596 3830 650 si
3864 610 4050 651 verum
4089 605 4172 651 est
4208 594 4339 665 quoc‘

2226 584 2348 655 πῧρι
2381 586 2560 641 καίτοι
2585 586 2792 658 θερμὰς
2814 589 2915 642 οὐκ
2939 588 3105 653 οὔσας
3133 590 3233 641 αὖ·
3261 600 3308 658 Α
3338 607 3443 647 non
3478 603 3581 648 est.
3614 593 3747 649 Nam
3785 596 3830 650 si
3864 610 4050 651 verum
4089 605 4172 651 est
4208 594 4351 665 quod
4392 593 4532 665 ignis
4563 594 4707 649 circa
4747 606 4916 650 mate-

1640 680 1753 741 τὰς
1782 679 1901 732 κατ’
1935 679 2071 731 ἰδίαν
2098 678 2282 746 φύσιν,
2312 678 2603 747 ἀποφαίνει
2632 678 2843 749 θερμάς
2863 695 2876 711 ·
2912 680 3093 750 ἐνίησι
3124 680 3232 753 γὰρ

1644 771 1749 823 καὶ
1793 770 1938 841 μάλα
1991 769 2264 831 πλουσίως
2296 770 2487 834 αὐταῖς
2516 770 2616 840 τῆς
2640 770 2867 841 ἐνούσης
2895 770 3043 841 αὐτῷ
3070 771 3233 826 δυνά-

1646 878 1802 930 μεως
1832 861 1930 932 τὴν
1954 861 2238 932 ἐνέργειαν
2259 877 2272 890 ·
2298 861 2417 926 πῶς
2442 862 2503 916 οὐ
2555 862 2756 933 μᾶλλον
2784 863 2960 933 ἐνίησι
2996 862 3128 929 Θεὸς
3158 863 3235 918 ὢν

1640 954 1678 1005 ὁ
1706 952 1882 1021 Λόγος
1908 955 1974 1023 τῇ
2005 952 2117 1023 ἰδίᾳ
2152 953 2341 1025 σαρκὶ,
2366 952 2463 1024 τὴν
2495 953 2760 1018 {coortova
2786 954 2983 1009 ἑαυτοῦ
3004 955 3235 1026 δύναμιν

1643 1044 1748 1097 καὶ
1798 1043 2078 1114 ἐνέργειαν
2102 1081 2119 1108 ,
2184 1044 2477 1097 ὲνωθεῖσαν
2528 1045 2667 1117 αὐτῇ
2717 1045 2815 1099 καὶ
2875 1046 3010 1101 ίδίαν
3061 1046 3234 1116 αὐτὴν

1635 1137 1958 1208 ἀποφήνας,
2002 1135 2348 1208 άσυγχύτως,
2379 1137 2686 1210 ἀτρέπτως,
2722 1138 2817 1193 καὶ
2852 1139 2978 1193 καθ’
3016 1140 3077 1194 ὃν
3122 1138 3233 1193 οἶδε

1636 1229 1848 1300 τρόπον
1877 1228 2039 1292 αὑτός
2059 1245 2075 1295 ;

1650 1474 1653 1477 _
1715 1402 1780 1454 Β.
1835 1402 2155 1471 Ἀναγκαῖον
2214 1398 2309 1457 οῦν
2359 1402 2469 1475 ἄρα
2538 1406 2951 1475 συνομολογεῖν,
3011 1404 3230 1471 οὐδενὸς

1634 1491 1837 1563 ἑτέρου
1873 1494 2322 1564 μεσολαόοῦντος,
2370 1496 2652 1559 παντελῶς
2702 1496 2834 1550 ῐδιον
2878 1496 3131 1563 γενέσθαι
3168 1496 3230 1550 τὸ

1636 1584 1811 1654 σῶμα
1853 1585 1949 1639 τοῦ
1982 1587 2047 1639 ὲκ
2083 1586 2177 1640 τοῦ
2208 1588 2420 1659 Harpe;
2445 1588 2597 1652 ὄντος
2626 1588 2831 1657 Λόγου,
2871 1586 2976 1645 κᾶν
3010 1586 3227 1657 ἐψυχω-

1635 1676 1808 1746 μένον
1838 1677 2007 1731 νοοῖτο
2035 1679 2181 1749 ψυχῇ
2208 1681 2391 1750 νοερᾷ.

1708 1771 1778 1820 A.
1808 1768 1957 1821 Πάνυ
1987 1769 2086 1839 μὲν
2111 1768 2227 1834 οὖν,
2255 1773 2303 1823 εί
2324 1770 2414 1823 τὸν
2441 1770 2657 1841 ἀπλανῆ
2683 1773 2783 1842 τῆς
2811 1770 3047 1834 πίστεως
3075 1770 3228 1841 ὀρθοί

3334 684 3471 737 riam
3502 684 3739 754 aliquam
3772 702 4023 753 versans,
4058 701 4179 741 eam
4210 701 4333 756 qua:
4362 685 4562 754 alioqui
4594 701 4660 740 ex
4691 700 4788 741 sua
4821 702 4917 741 na-

3332 784 3453 830 tura
3487 777 3661 831 calida
3695 793 3802 833 non
3837 786 3918 834 est
3940 818 3955 843 .
3991 778 4222 833 calidam
4259 776 4422 832 eﬂicit
4458 776 4741 847 (immittit
4771 779 4915 832 enim

3331 865 3382 920 ei
3422 865 3634 921 abunde
3677 866 3948 922 facultatis
3987 881 4092 936 qua
4134 865 4391 936 praeditus
4429 872 4512 918 est
4547 864 4840 919 efﬁcaciam
4859 866 4912 934 )1,

3330 970 3438 1027 quo
3462 966 3621 1027 pacto
3646 972 3750 1012 non
3780 957 3961 1025 potius
3987 955 4233 1011 immittit
4260 955 4401 1009 Deus
4418 953 4656 1008 Verbum
4683 952 4916 1023 propriae
4944 997 4961 1052 ί

3330 1049 3484 1104 carni
3521 1048 3884 1104 vivificantem
3920 1063 4073 1103 suam
4108 1047 4361 1101 virtutem
4410 1053 4573 1115 atque
4628 1044 4957 1120 operatio—1;

3329 1154 3478 1206 nem,
3505 1155 3628 1197 cum
3659 1140 3803 1196 illam
3834 1140 3934 1197 sibi
3967 1140 4173 1194 unitam
4202 1148 4254 1195 et
4270 1137 4568 1209 pr0priam,
4604 1136 4741 1190 citra
4772 1149 4906 1187 con-
4945 1137 4952 1151 '

3327 1230 3596 1287 fusionem
3633 1240 3726 1287 aut
3759 1231 4117 1287 mutationem
4149 1239 4205 1287 et
4241 1243 4348 1301 quo
4384 1228 4499 1299 ipse
4533 1228 4683 1284 novit
4718 1226 4902 1291 modo,

3326 1322 3620 1378 declararit
3634 1323 3660 1375 τ
4136 1316 4147 1323 “

3398 1416 3459 1471 Β.
3504 1415 3878 1472 Necessarium
3909 1416 4090 1485 itaque
4116 1424 4200 1471 est
4229 1414 4417 1481 fateri,
4451 1413 4664 1468 nemine
4692 1410 4797 1465 alio
4825 1410 4911 1465 in-

3327 1509 3691 1576 terveniente,
3728 1510 3969 1579 perfecte
4003 1507 4284 1577 proprium
4324 1508 4524 1563 factum
4561 1518 4682 1560 esse
4714 1517 4909 1573 corpus

3325 1601 3505 1657 Verbo
3537 1616 3600 1655 ex
3638 1600 3821 1666 Patre,
3856 1601 4074 1655 tametsi
4111 1600 4292 1655 anima
4334 1597 4667 1669 intelligente
4698 1595 4907 1649 anima-

3324 1702 3436 1748 tum
3467 1694 3793 1750 censeatur?

3390 1782 3456 1838 A.
3498 1781 3754 1849 Omnino,
3790 1783 3835 1838 si
3878 1792 4084 1839 rectum
4127 1790 4182 1838 et
4219 1781 4491 1837 sincerum
4534 1777 4655 1833 fidei
4698 1790 4909 1832 sermo-

1630 1858 1914 1928 τομοῦμεν
1963 1859 2138 1928 λόγον,
2179 1861 2273 1913 καὶ
2318 1861 2428 1914 τῶν
2475 1862 2577 1932 τῆς
2624 1861 2881 1932 ἀληθείας
2932 1862 3221 1934 δογμάτων
3322 1889 3445 1929 nem
3481 1883 3667 1930 tenere
3696 1873 3957 1941 velimus,
3989 1883 4047 1929 et
4076 1873 4245 1944 778
4279 1872 4320 1927 dt

2216 1861 2273 1913 αὶ
2318 1861 2428 1914 τῶν
2475 1862 2577 1932 τῆς
2624 1861 2881 1932 ἀληθείας
2932 1862 3221 1934 δογμάτων
3322 1889 3445 1929 nem
3481 1883 3667 1930 tenere
3696 1873 3957 1941 velimus,
3989 1883 4047 1929 et
4076 1873 4245 1944 778
4279 1872 4588 1943 dogmatum
4620 1868 4906 1922 veritatem

1630 1946 1808 2015 ἐσμὲν
1855 1947 2086 2020 ἐρασταὶ
2108 1991 2122 2016 ,
2158 1951 2265 2004 οιαὶ
2294 1951 2405 2005 τῶν
2444 1952 2615 2020 ἁγίων
2644 1952 2906 2023 Πατέρων
2950 1954 3052 2007 οὐκ
3088 1955 3227 2008 άπο-
3256 1949 3604 2031 Βλθηιξηηυε,
3633 1974 3799 2035 atque
3828 1980 3857 2019 a
3888 1965 4093 2020 sanctis
4124 1964 4320 2019 Palribl

2215 1951 2265 2004 πὶ
2294 1951 2405 2005 τῶν
2444 1952 2615 2020 ἁγίων
2644 1952 2906 2023 Πατέρων
2950 1954 3052 2007 οὐκ
3088 1955 3227 2008 ἀπο-
3256 1949 3604 2031 Βοωοιιιιιε,
3633 1974 3799 2035 atque
3828 1980 3857 2019 a
3888 1965 4093 2020 sanctis
4124 1964 4380 2019 Patribus
4403 1977 4507 2017 non
4537 1959 4905 2022 deﬂectimus,

1630 2039 1934 2110 φερόμενοι
1982 2042 2084 2112 τῆς
2142 2043 2392 2107 εὐθείας.
2445 2043 2570 2097 οὔτε
2626 2044 2736 2116 μὴν
2785 2044 2886 2116 τὴν
2937 2044 3223 2117 βασιλικὴν
3326 2070 3503 2125 neque
3534 2058 3748 2112 deserta
3776 2057 3861 2112 via
3893 2057 4073 2129 regia,
4103 2054 4320 2112 aliorum

2210 2043 2392 2107 θείας,
2445 2043 2570 2097 οὔτε
2626 2044 2736 2116 μὴν
2785 2044 2886 2116 τὴν
2937 2044 3223 2117 βασιλικὴν
3326 2070 3503 2125 neque
3534 2058 3748 2112 deserta
3776 2057 3861 2112 via
3893 2057 4073 2129 regia,
4103 2054 4331 2112 aliorum
4360 2068 4501 2111 vana
4532 2062 4692 2123 atque
4720 2050 4900 2105 inania

1628 2131 1875 2199 ἀφέντες
1920 2133 2129 2204 τρίϐον,
2180 2135 2277 2187 καὶ
2324 2138 2445 2199 ταῖς
2497 2153 2659 2191 τινων
2703 2137 3108 2207 είκαιομυθίαις
3143 2141 3226 2203 είς

1628 2221 1891 2294 κίϐδηλον
1922 2224 2047 2278 νοῦν
2078 2226 2578 2299 άποκομιζόμενοι,
2613 2228 3128 2300 ἐποικοδομούμενοι
3165 2230 3222 2283 δὲ

1629 2316 1844 2386 μᾶλλον
1889 2319 1980 2370 ἐπ’
2024 2319 2183 2390 αὐτῷ.
2221 2319 2299 2390 τῷ
2342 2320 2577 2392 θεμελίῳ
2602 2361 2619 2387 ,
2678 2320 2926 2375 τουτέστι
2977 2321 3219 2393 Χριστῷ.

1634 2429 1652 2459 ι
1693 2409 1962 2479 Θεμέλιον
1988 2411 2099 2484 γάρ
2123 2413 2281 2467 ἄλλον
2301 2414 2476 2477 οὐδεὶς
2500 2412 2727 2469 δύναται
2753 2415 2926 2468 θεῖναι
2954 2413 3105 2486 παρὰ
3126 2412 3221 2469 τὸν

1624 2501 1908 2571 κείμενον,
1948 2523 1968 2555 ι
2008 2504 2152 2558 καθὰ
2199 2504 2479 2576 γέγραφεν
2502 2506 2718 2575 άληθῶς
2766 2508 2804 2561 ἁ
2841 2506 3006 2578 σοφὸς
3062 2507 3223 2577 άρχιι-

1622 2594 1859 2661 τέκτων,
1888 2596 1982 2649 καὶ
2009 2596 2119 2649 τῶν
2146 2597 2311 2651 αὐτοῦ
2351 2599 2665 2669 μυστηρίων
2722 2598 3026 2671 ίερουργός.
3080 2598 3223 2653 Ἕνα

1621 2686 1926 2757 τοιγαροῦν
1965 2689 2056 2742 τὸν
2102 2690 2231 2742 Υἱὺν
2274 2688 2372 2743 τοῦ
2403 2689 2541 2747 Θεοῦ
2587 2690 2927 2762 καὶΠατρὸς
2954 2685 3096 2744 εῖναι
3134 2705 3219 2743 πι-

1623 2776 1922 2847 στεύομεν,
1949 2781 2044 2833 καὶ
2073 2781 2133 2833 ἐν
2155 2780 2235 2833 ἐνὶ
2264 2780 2540 2853 προσώπῳ
2568 2781 2858 2851 νοούμενον
2888 2780 2981 2835 τὸν
3008 2780 3218 2852 Κύριον

1618 2871 1653 2938 ἡ
1665 2869 1791 2938 μῶν
1827 2870 2033 2940 Ἰησοῦν
2068 2874 2325 2943 Χριστὸν,
2361 2874 2691 2945 γεννηθέντα
2732 2874 2830 2945 μὲν
2860 2876 2927 2928 ἐκ
2952 2872 3047 2927 τοῦ
3073 2870 3210 2927 Θεοῦ

1621 2963 1730 3015 καὶ
1757 2962 1991 3034 Πατρὸς,
2037 2963 2234 3029 θεϊκῶς
2257 3005 2274 3030 ,
2318 2965 2395 3029 ὡς
2416 2966 2612 3035 Λόγον,
2644 2965 2753 3036 πρὸ
2783 2968 2985 3032 παντὸς
3016 2966 3216 3031 αἰῶνος

1582 3064 1589 3069 ’
1620 3052 1729 3105 καὶ
1754 3054 1951 3124 χρόνου
1975 3071 1990 3086 ο
2026 3058 2085 3109 ὲν
2114 3056 2368 3127 ἐσχάτοις
2397 3057 2454 3111 δὲ
2483 3055 2587 3113 τοῦ,
2606 3057 2805 3123 αἰῶνος
2848 3058 3083 3131 καιροῖς,
3122 3055 3217 3111 τὸν

3323 2156 3630 2202 commenta
3659 2156 3954 2213 sectamur,
3983 2147 4037 2200 in
4065 2147 4353 2216 reprobam
4379 2154 4615 2200 mentem
4641 2142 4855 2197 abducti
4883 2159 4898 2195 :

3322 2235 3420 2291 sed
3467 2238 3649 2305 potius
3697 2251 3862 2306 super
3932 2236 4108 2306 ipsum
4161 2234 4603 2298 fundamentum,
4670 2233 4773 2288 hoc
4819 2240 4906 2284 est

3321 2325 3619 2392 Christum,
3654 2327 4011 2383 aedificamus.
4050 2345 4070 2378 ι
4107 2324 4543 2380 Fundamentum
4578 2324 4721 2379 enim
4757 2321 4901 2375 aliud

3320 2432 3482 2473 nemo
3504 2426 3681 2489 potest
3702 2433 3924 2489 ponere,
3951 2425 4146 2487 praeter
4169 2417 4222 2473 id
4243 2416 4388 2487 quod
4412 2416 4649 2486 positum
4673 2413 4844 2473 est";
4876 2429 4897 2465 ι

3321 2519 3383 2567 nt-
3403 2525 3534 2567 vere
3563 2511 3784 2580 scripsit
3808 2515 4028 2582 sapiens
4056 2510 4146 2565 ille
4169 2508 4505 2563 architectus
4520 2507 4595 2574 ⁷⁵,
4618 2515 4674 2562 et
4703 2514 4902 2575 myste-

3316 2602 3535 2658 riorum.
3568 2603 3671 2659 Dei
3708 2603 4124 2659 administrator
4144 2603 4213 2658 ".
4259 2602 4437 2658 Unum
4482 2600 4664 2670 itaque
4700 2597 4908 2653 Filium.

3315 2693 3412 2750 Dei
3449 2709 3515 2749 ac
3547 2694 3726 2750 Patris
3757 2709 3878 2750 esse
3913 2694 4212 2761 credimus,
4239 2700 4294 2747 et
4322 2691 4378 2747 in
4409 2706 4517 2747 una
4549 2704 4779 2759 persona
4815 2689 4905 2742 in—

3316 2784 3594 2842 tellectum
3623 2786 3910 2841 Dominum
3941 2794 4187 2841 nostrum
4215 2783 4400 2840 Iesum
4428 2781 4727 2846 Christum,
4752 2780 4901 2850 geni-

3314 2886 3432 2933 tum
3459 2878 3677 2947 quidem
3708 2892 3773 2934 ex
3806 2877 3919 2933 Deo
3944 2887 4001 2932 et
4027 2876 4192 2932 Patre
4221 2876 4522 2939 divinitus,
4545 2884 4603 2929 ut
4623 2872 4861 2929 Verbum
4882 2913 4898 2938 ,

3314 2979 3442 3027 ante
3483 2970 3667 3026 omnia
3706 2968 3901 3025 saecula
3942 2976 3998 3024 et
4042 2976 4317 3039 tempora,
4359 2964 4670 3022 novissimis
4713 2972 4897 3018 autem

3312 3061 3501 3116 saeculi
3538 3060 3870 3130 temporibus
3903 3058 4153 3113 eumdem
4186 3057 4387 3112 factum
4419 3070 4640 3112 carnem
4676 3069 4745 3109 ex
4781 3069 4899 3108 mu-

1618 3146 1796 3199 αὐτὸν
1824 3147 2090 3215 γεγονότα
2120 3148 2264 3202 κατὰ
2308 3149 2490 3221 σάρκα
2533 3151 2599 3204 ἐκ
2629 3150 2929 3219 γυναικὸς,
2964 3148 3115 3219 αὐτῷ
3151 3166 3214 3203 τε
3309 3150 3468 3217 liere,
3496 3152 3710 3223 ipsique
3745 3151 4033 3207 tribuimus
4054 3161 4110 3204 et
4144 3148 4308 3205 divin:

2207 3148 2264 3202 τὰ
2308 3149 2490 3221 σάρκα
2533 3151 2599 3204 ἐκ
2629 3150 2929 3219 γυναικὸς,
2964 3148 3115 3219 αὐτῷ
3151 3166 3214 3203 τε
3309 3150 3468 3217 liere,
3496 3152 3710 3223 ipsique
3745 3151 4033 3207 tribuimus
4054 3161 4110 3204 et
4144 3148 4355 3205 divinas
4385 3157 4441 3203 et
4475 3150 4739 3202 humanas
4775 3161 4897 3213 pro-

1620 3236 2053 3308 προσνεμοῦμεν
2099 3239 2170 3293 τά
2209 3256 2269 3291 τε
2302 3239 2582 3311 θεοπρεπῆ
2617 3240 2715 3293 καὶ
2756 3240 2827 3295 τά
2866 3239 3206 3311 ἀνθρώπινα,

3314 3245 3580 3314 prietates
3612 3263 3626 3299 :
3658 3253 3715 3301 et
3744 3244 3886 3299 illius
3923 3244 4122 3298 factam
4150 3255 4273 3297 esse
4300 3241 4530 3297 dicimus
4561 3240 4896 3294 nativitatem

1620 3329 1727 3382 καὶ
1749 3327 1912 3381 αὐτοῦ
1941 3329 2195 3398 γενέσθαι
2224 3307 2527 3402 φαμὲντὴν
2549 3307 2693 3387 κατὰ
2724 3331 2904 3402 σάρκα
2931 3307 3209 3403 γέννησιν,
3237 3307 3281 3368 C
3314 3307 3612 3392 secundum
3646 3349 3896 3400 carnem,
3932 3342 3989 3388 et
4024 3333 4310 3403 passionen

2224 3307 2527 3402 φαμὲντὴν
2549 3307 2693 3387 κατὰ
2724 3331 2904 3402 σάρκα
2931 3307 3209 3403 γέννησιν,
3237 3307 3281 3368 C
3314 3307 3612 3392 secundum
3646 3349 3896 3400 carnem,
3932 3342 3989 3388 et
4024 3333 4333 3403 passionem
4373 3330 4429 3387 in
4467 3344 4662 3395 cruce,
4699 3329 4894 3400 quippe

1616 3423 1727 3475 καὶ
1767 3420 1829 3473 τὸ
1866 3422 1960 3474 ἐπὶ
2000 3422 2094 3474 τοῦ
2139 3421 2374 3495 σταυροῦ
2424 3423 2597 3487 πάθος
2622 3466 2638 3491 ,
2685 3421 3059 3495 οἰκειουμένου
3110 3423 3212 3495 μὲν

1616 3511 1849 3566 ἅπαντα
1891 3514 1960 3566 τὰ
2004 3513 2103 3585 τῆς
2144 3514 2282 3578 ίδίας
2316 3515 2518 3587 σαρκὸς
2541 3557 2559 3582 ,
2595 3513 2972 3587 μεμενηκότος
3008 3531 3073 3583 γε
3105 3513 3212 3586 μὴν

1617 3602 1878 3667 ἀπαθοῦς
1914 3605 2015 3675 τῆς
2062 3604 2316 3676 θεότητος
2363 3605 2543 3675 φύσει.
2585 3607 2845 3678 Κάμπτει
2890 3606 2999 3677 γὰρ
3036 3604 3212 3669 οὕτως

1616 3695 1784 3764 αὐτῷ
1826 3696 1935 3749 πᾶν
1965 3696 2128 3767 γόνυ,
2177 3699 2269 3751 καὶ
2311 3700 2460 3752 πᾶσα
2507 3697 2731 3767 γλῶσσα
2770 3697 3205 3768 ὲξομολογεῖταιν

1618 3788 1714 3841 ὅτι
1754 3786 1957 3854 Κύριος
2000 3789 2207 3861 Ἰησοῦς
2260 3792 2495 3864 Χριστὸς
2536 3792 2616 3859 εἰς
2656 3791 2813 3857 δόξαν
2843 3790 2937 3846 τοῦ
2970 3789 3205 3862 Πατρός.

1631 3879 1835 3949 ’Λμήν.

3316 3425 3409 3495 qui
3447 3424 3629 3481 omnia
3669 3423 3773 3479 sibi
3812 3422 4082 3491 adaptarit
4115 3434 4235 3492 qua:
4272 3420 4423 3476 carni
4462 3434 4574 3474 sua:
4608 3427 4736 3473 sunt
4773 3432 4898 3487 pro-

3317 3517 3467 3587 pria;
3498 3524 3750 3572 manente
3784 3515 4000 3571 interim
4038 3523 4230 3568 natura
4278 3512 4493 3568 deitatis
4524 3520 4743 3581 experte
4777 3525 4896 3579 pas-

3317 3607 3512 3665 sionis.
3542 3606 3656 3661 Hac
3684 3605 3829 3661 enim
3861 3605 4073 3659 ratione
4104 3602 4178 3658 illi
4208 3601 4441 3657 ﬂectitur
4467 3616 4626 3657 omne
4652 3615 4814 3671 genu,
4845 3609 4899 3653 et

3315 3698 3495 3759 omnis
3519 3698 3700 3769 lingua
3725 3697 4014 3753 conﬁtetur
4037 3696 4161 3769 quia
4187 3695 4443 3752 Dominus
4465 3693 4623 3751 Jesus
4648 3693 4903 3751 Christus

3316 3793 3370 3851 in
3398 3793 3566 3866 gloria
3597 3791 3773 3847 Patris
3795 3791 3861 3846 ⁷⁸.
3891 3791 4085 3847 Amen.

1701 4058 1749 4089 τι
1787 4020 1967 4115 ιὀοτ.
1996 4072 2080 4125 ιιι,
2116 4056 2204 4115 ιι.
2278 4056 2326 4091 τι
2366 4056 2501 4115 Ibid.
2540 4057 2626 4114 to.
2706 4057 2751 4091 τε
2790 4056 2810 4112 ι
2848 4056 2976 4114 Cor.
3024 4073 3098 4127 rv,
3135 4061 3184 4114 ι.
3263 4058 3310 4093 το
3352 4058 3585 4129 Philipp.
3625 4071 3685 4123 ιι,
3724 4056 3809 4125 ιο,
3848 4057 3937 4113 ιι.

3034 5008 3527 5039 αρ’-ιν
