6812 6596
1929 523 2069 580 1565
2957 535 3013 589 s.
3057 535 3333 592 CYRILLI
3373 521 3841 600 ALEXARDRINI
3879 547 4200 606 ARCHIEP.

2957 535 3013 589 s.
3057 535 3333 592 CYRILLI
3373 521 3841 600 anaxaaomm
3879 547 4200 606 ARCHIEP.
5059 556 5198 615 ιδδι

2899 875 3496 1022 ΞΑΝΟΤΓ
3567 887 4234 1072 (ΖῩΗΙἙΕΙ

2289 1338 2804 1432 SCHOLIA
2893 1346 3043 1436 DE
3125 1324 4037 1445 INCARNATIONE
4114 1357 4818 1449 UNIGENITI.

1975 1529 2086 1615 (lix-
2105 1524 2236 1604 edit:
2259 1555 2314 1608 P.
2346 1529 2592 1620 Garneril,
2777 1524 2917 1616 Harii
2940 1529 3247 1625 Mercatoris,
3281 1525 3778 1692 addiithaﬁtrgilfittis
3804 1548 3989 1622 Graecis
4012 1543 4126 1636 quas
4151 1541 4370 1624 Joannes
4387 1527 4667 1629 Anthert‘us
4698 1584 4763 1624 ex
4785 1551 4956 1654 codice
4979 1552 5148 1635 Regio

3538 1804 3610 1820 ον’·

3169 1897 3626 2051 ΑΒΜοΝ
3636 1907 3759 2047 1T?
3772 1909 3934 2049 1‘0.

1993 2315 2284 2373 Tractatus
2316 2319 2439 2385 iste,
2475 2335 2581 2377 non
2611 2323 2960 2393 prmstantior
2986 2329 3152 2393 quam
3179 2323 3392 2390 utilior,
3418 2323 3736 2383 inscribitur
3784 2326 4006 2384 S'cholia‘
4033 2330 4098 2384 de
4124 2329 4494 2392 incarnatione
4530 2329 4802 2408 Unigenjti
4833 2349 4850 2386 :
4902 2329 5202 2406 propterea

1914 2410 2058 2479 quod
2085 2411 2330 2468 continet
2357 2427 2462 2472 non
2500 2421 2712 2469 tantum
2739 2415 3160 2485 explicationem
3203 2415 3369 2471 trium
3413 2431 3610 2473 vocum
3645 2417 3944 2480 dilllcilium
3989 2420 4600 2488 intellectu,’Christus,
4645 2421 4984 2490 Emmanuel,
5014 2424 5200 2491 Iesus,

1912 2516 2144 2575 (piarum
2179 2505 2516 2572 praenotione
2547 2521 2687 2578 opus
2719 2515 2806 2563 est
2835 2509 2903 2564 ad
2935 2508 3254 2579 mysterium
3298 2508 3694 2569 incarnationis
3743 2508 4048 2570 Dom'inieaa‘
4091 2512 4466 2581 tractandum;
4518 2517 4614 2572 sed
4649 2517 4818 2572 etiam
4868 2517 5198 2575 solutionem

1913 2595 2205 2666 implicatae
2238 2602 2576 2670 quaestionis,
2622 2600 2898 2672 quomodo
2941 2606 3063 2661 duae
3112 2617 3352 2674 natura,
3388 2603 3510 2662 sine
3548 2603 3868 2666 confusione
3912 2620 3972 2666 et
4003 2607 4384 2677 conversione,
4425 2606 4781 2670 convenerint
4825 2612 4881 2669 in
4927 2617 5199 2672 unitatem

1913 2706 2161 2760 personae
2202 2697 2420 2766 divinae,
2455 2687 2685 2770 eamque
2728 2717 2837 2760 non
2893 2705 3153 2775 σχετικὴν
3209 2709 3267 2756 et
3314 2696 3618 2772 moralem,
3653 2705 3750 2761 sed
3799 2691 4038 2778 ςρυσιᾷεὴν
4086 2697 4575 2763 et'substantivam

2509 2714 2685 2770 imque
2728 2717 2837 2760 non
2893 2705 3153 2775 σχετικὴν
3209 2709 3267 2756 et
3314 2696 3618 2772 moralem,
3653 2705 3750 2761 sed
3799 2691 4038 2778 ςρυσιᾷεὴν
4086 2697 4575 2763 et'substantivam
4624 2727 4639 2762 :
4680 2701 4774 2780 qui
4813 2710 4985 2769 cardo
5033 2711 5199 2767 totius

1911 2789 2232 2870 quaestionis
2268 2801 2417 2848 tanta
2450 2795 2818 2850 commotione
2847 2797 3013 2852 totius
3039 2787 3194 2852 orbis
3219 2799 3458 2868 agitatae.
3616 2810 3621 2815 ‘
3712 2843 3716 2847 .
4304 2847 4310 2854 .
4488 2794 4508 2806 ’
5107 2803 5118 2814 “’

1984 2880 2103 2951 Quo
2127 2875 2351 2962 auctore
2374 2872 2613 2956 scriptus
2642 2888 2737 2954 sit,
2756 2872 3012 2944 dubitare
3043 2903 3153 2944 non
3182 2890 3331 2958 licet,
3357 2906 3480 2948 cum
3498 2873 3970 2945 'Tbéodbretus'in
3994 2879 4236 2947 secundo
4262 2885 4478 2963 dialogo
4500 2881 4592 2961 qui
4622 2893 4827 2949 dicitur
4851 2893 5199 2964 Inconfuals.

1912 2973 2024 3032 Leo
2050 2976 2274 3048 Magnus
2299 2979 2528 3049 epistola
2557 2967 2968 3047 97,,concilium'
2990 2979 3441 3040 Chalcedonense
3467 2982 3685 3038 actione
3706 2970 3823 3038 2'i‘n
3853 2972 3984 3048 line,
4012 2971 4304 3038 Fa'cund‘us
4332 2977 4741 3042 Hermianensis
4763 2979 4918 3042 libris
4935 3001 5008 3042 vn
5039 2979 5198 3054 etin,

1913 3068 2182 3126 Leontius
2215 3071 2580 3154 scholasticus
2598 3073 2772 3146 libro:
2799 3083 2986 3129 contra
3011 3060 3368 3133 Nestorianos
3389 3084 3444 3132 et
3469 3063 4118 3157 Eutycliia‘nos,;aliiqhe,'
4139 3063 5197 3150 non'ta'ntum'hujus'Operis,'tanqtiam

1912 3180 1944 3220 a
1981 3165 2184 3235 Cyrillo
2213 3153 2365 3234 editi,
2403 3169 2785 3238 meminerint,
2823 3171 2919 3228 sed
2956 3187 3024 3226 ex
3060 3186 3127 3228 eo
3156 3184 3374 3243 quoque
3409 3170 3477 3225 ad
3514 3153 3946 3248 conﬁrmandam
3987 3170 4165 3248 lidem'
4188 3157 4504 3227 testimonia
4543 3171 5001 3243 deprompserint'.
5043 3163 5197 3228 Adde

1912 3258 2056 3323 quod
2101 3259 2153 3312 in
2195 3258 2522 3344 bibliotheca
2576 3261 2741 3334 Regia
2786 3263 3020 3348 Parisiis
3061 3277 3168 3318 non
3218 3263 3432 3318 modica
3471 3262 3601 3348 pars
3647 3244 3840 3318 Graece
3889 3244 4157 3346 habetur,"
4185 3251 4379 3334 Ciri'lli
4421 3248 4662 3346 nomine
4696 3264 4982 3348 inscripta,
5033 3280 5199 3337 quam

1909 3349 2152 3430 Joannes
2178 3341 2475 3408 Autbertus
2505 3346 2859 3438 transtulit'in
2894 3370 3047 3410 suam
3074 3351 3312 3424 operum
3334 3353 3522 3426 Cyrilli
3552 3339 4371 3438 GraecoLatinameditiOnem,
4398 3340 4546 3436 tonio
4575 3353 4659 3421 V,‘
4685 3339 4842 3436 parte
4871 3371 4911 3412 ι.

1984 3445 2103 3513 Quo
2160 3457 2406 3518 tempore
2461 3432 2795 3520 compositus
2852 3449 3053 3518 fuerit,
3083 3443 3355 3521 conjicere
3399 3446 3572 3506 exeo
3619 3444 3786 3520 licet,
3824 3432 3986 3524 quod
4026 3432 4132 3507 etsi
4181 3449 4390 3506 contra‘
4433 3432 4764 3506 Nestorium
4799 3435 5024 3507 sanctus
5069 3450 5196 3508 ﬁdei

1913 3541 2167 3595 defensor
2215 3539 2639 3621 disputetLeum
2675 3529 2857 3599 tamen
2900 3545 3120 3600 nomine
3149 3561 3256 3600 non
3304 3535 3566 3615 appellet,
3610 3535 3807 3600 solitus
3844 3538 4048 3622 alioqui
4090 3541 4458 3624 non’tacere,
4495 3542 4619 3617 pust
4654 3528 5197 3624 condemnationem,

1915 3634 2024 3688 imo
2055 3645 2108 3690 et
2142 3649 2269 3691 ante
2301 3627 2847 3708 condemnationem,
2879 3639 3064 3694 statim
3107 3623 3270 3710 atque
3316 3639 3385 3694 lis
3431 3631 3591 3713 quasi
3632 3627 3920 3696 intentata
3937 3649 4022 3694 est
4045 3632 4070 3708 ,⁵
4104 3632 4454 3711 ereptumque
4495 3637 4580 3709 agi
4625 3623 4780 3706 iure,
4825 3633 5046 3704 idest,
5075 3651 5200 3709 post

1914 3731 2138 3785 missam
2185 3745 2308 3786 cum
2361 3733 2559 3786 summi
2604 3733 2878 3801 pontiﬁcis
2951 3733 3144 3788 litteris
3190 3733 3546 3806 depositionis
3587 3735 3917 3790 sententiam
3956 3723 4368 3788 continentibus
4413 3734 4730 3816 synodicam
4768 3748 4835 3789 ex
4869 3731 5197 3804 Egyptiaca

1914 3827 2121 3897 synodo
2150 3826 2464 3894 epistolam,
2497 3823 2786 3898 capitaque
2827 3827 3134 3894 duodecim,
3167 3830 3261 3899 q‘ui
3311 3827 3758 3884 anathematismi
3793 3827 4076 3884 dicuntur.
4120 3827 4468 3898 Compositus
4513 3829 4678 3900 igitur
4720 3829 4828 3885 dici
4871 3828 5035 3884 debet
5072 3836 5202 3888 ante

1913 3917 2207 3972 concilium
2235 3918 2589 3988 Ephesinum.

1987 4013 2094 4070 Sed
2128 4031 2236 4086 quo
2274 4017 2326 4071 in
2373 4015 2516 4086 loco,
2547 4032 2722 4087 quove
2762 4018 3072 4075 distinctius
3111 4018 3395 4089 tempore?
3433 4017 3656 4087 Ephesi,
3705 4016 4018 4089 opinabitur
4058 4016 4543 4087 l'orteqnispiam,
4584 4026 4712 4092 tunc
4758 4032 4882 4092 cum
4925 4017 5197 4089 Cyrillus,

1913 4113 2045 4183 ipsis
2081 4115 2424 4184 exigentibus
2475 4115 2796 4181 catholicis,
2843 4099 3119 4186 exponere
3171 4124 3397 4172 coactus
3446 4123 3532 4171 est
3575 4101 3861 4181 nonnulla,
3911 4099 4034 4185 quae
4079 4114 4241 4186 paulo
4298 4114 4383 4169 vel
4439 4109 4700 4180 duriora,
4748 4103 4832 4169 vel
4877 4114 5198 4174 obscuriora

1913 4208 2238 4262 videbantur
2286 4209 2338 4262 in
2385 4209 2890 4279 anathematismis,
2927 4210 3229 4281 praesertim
3267 4221 3328 4266 ut
3363 4207 3707 4280 propulsaret
3749 4208 4008 4264 invidiam
4043 4209 4148 4263 sibi
4189 4209 4256 4263 ab
4304 4206 4638 4262 adversariis
4675 4205 4996 4271 conﬂatam,
5039 4209 5198 4274 quasi

1915 4314 2039 4352 cum
2066 4299 2471 4369 Apollinaristis
2499 4304 2750 4372 sentiret,
2782 4305 2994 4358 unicam
3026 4317 3147 4359 esse
3184 4303 3238 4357 in
3271 4303 3494 4357 Christo
3527 4311 3804 4367 naturam,
3839 4317 4166 4371 versumque
4191 4301 4244 4354 in
4271 4315 4491 4355 carnem
4524 4297 4759 4355 Verbum
4784 4300 5050 4355 divinum.

1981 4392 2093 4464 Ego
2125 4409 2256 4449 vero
2288 4393 2635 4450 Alexandriae
2663 4396 2925 4464 scriptum
2953 4405 3106 4464 puto,
3133 4395 3290 4465 longe
3313 4402 3474 4449 antea
3503 4409 3516 4448 :
3553 4394 3788 4465 Cyrillus
3837 4407 4073 4464 namque
4106 4402 4397 4462 antequam
4435 4395 4808 4462 responderet,
4845 4393 4928 4449 vel
4961 4392 5200 4450 Andreae

1914 4491 2310 4556 Samosateno,
2367 4491 2451 4546 vel
2493 4489 2868 4557 Theodoreto,
2917 4490 3412 4546 anathematismos
3457 4490 4024 4566 reprehendentibus,
4080 4490 4134 4544 id
4185 4489 4367 4558 operis
4415 4490 4682 4558 suscepit,
4739 4504 4847 4560 quo
4899 4490 5198 4545 instrueret

1915 4585 2292 4652 disputaturos
2321 4598 2422 4652 pro
2450 4583 2579 4646 ﬁde,
2606 4581 2674 4638 de
2701 4581 2894 4652 primis
2923 4581 3077 4649 quasi
3109 4580 3427 4636 nationibus
3455 4593 3646 4635 vocum
3666 4619 3683 4646 ,
3716 4589 3880 4649 atque
3914 4579 4036 4634 aliis
4063 4579 4360 4644 nonnullis,
4390 4580 4588 4647 quibus
4623 4580 4765 4634 inter
4804 4579 5197 4648 disputandum

1913 4693 2044 4732 usus
2073 4676 2234 4731 foret.
2259 4675 2530 4731 Instruxit
2561 4688 2712 4737 vero,
2751 4671 2855 4728 nisi
2898 4685 2985 4726 me
3025 4671 3165 4729 fallit
3196 4670 3414 4740 Opinio,
3451 4685 3574 4726 cum
3610 4671 3845 4741 primum
3886 4669 4126 4726 ferveret
4162 4670 4399 4748 quaesuo
4433 4669 4573 4738 apud
4619 4670 5054 4732 Alexandrinos,
5091 4687 5200 4729 nee

1913 4772 2050 4828 satis
2071 4772 2247 4826 adhuc
2278 4771 2446 4826 animi
2485 4769 2874 4826 exercitatione
2906 4767 3106 4820 eruditi
3133 4774 3348 4832 essent;
3381 4781 3618 4838 cumque
3661 4767 3777 4836 ipse
3815 4767 3982 4821 etiam
4020 4765 4255 4834 primum
4289 4763 4524 4835 Cyrillus
4569 4780 4668 4835 pro
4707 4766 4929 4820 Christo
4957 4780 5197 4836 pugnam

1913 4882 2036 4920 cum
2065 4865 2320 4921 Nestorio
2356 4865 2541 4926 iniret,
2579 4860 2722 4916 datis
2757 4858 3034 4928 prioribus
3073 4856 3270 4912 litteris
3299 4857 3459 4913 olIicii
3496 4857 3894 4915 monitricibus.
3926 4854 4187 4926 Scriptus
4218 4867 4303 4911 est
4341 4857 4505 4925 igitur
4548 4865 4814 4912 tractatus
4854 4856 4958 4911 iste
4997 4857 5194 4912 eodem

1913 4959 2032 5016 fere
2063 4970 2305 5030 tempore
2336 4969 2446 5026 quo
2468 4953 2698 5023 epistola
2747 4953 2815 5005 ad
2853 4935 3156 5007 monachos
3200 4947 3442 5023 Egypti,
3506 4951 3558 5006 id
3599 4963 3706 5021 est,
3749 4952 3850 5007 sub
3893 4950 4132 5005 medium
4173 4957 4265 5004 aut
4309 4951 4502 5004 saltem
4544 4948 4646 5004 sub
4693 4950 4855 5005 ﬁnem
4891 4966 5021 5005 ann.
5062 4949 5193 5005 429.

1912 5055 2061 5112 ldem
2089 5057 2234 5110 enim
2255 5064 2340 5109 est
2364 5052 2651 5120 utriusque
2675 5058 3080 5121 argumentum,
3105 5065 3206 5106 nec
3230 5051 3377 5108 aliud
3401 5052 3613 5107 videtur
3643 5054 3940 5108 discrimen
3969 5065 4135 5121 quam
4163 5051 4428 5118 methodi,
4458 5066 4580 5122 quae
4606 5050 4661 5106 in
4685 5047 4914 5120 epistola
4949 5049 5195 5105 oratoria

1913 5149 2088 5218 magis
2117 5156 2222 5212 est,
2259 5147 2313 5200 in
2347 5142 2585 5198 Scholiis
2619 5141 2734 5198 lere
2767 5142 3111 5203 scholastica.

1987 5243 2044 5296 In
2068 5257 2189 5296 eam
2218 5252 2307 5294 me
2336 5237 2662 5294 sententiam
2691 5237 2972 5308 impellunt
3006 5239 3130 5294 tria.
3161 5239 3427 5308 Primum,
3452 5241 3597 5311 quod
3621 5239 3844 5296 Scholia
3880 5251 4010 5300 ante
4043 5241 4336 5298 concilium
4371 5240 4705 5311 Ephesinum
4735 5239 4938 5310 scripta
4969 5238 5104 5302 sint,
5132 5244 5189 5289 ut

1911 5345 2070 5390 antea
2103 5330 2409 5388 coniectum
2434 5338 2558 5384 est:
2599 5345 2698 5385 nec
2727 5346 2894 5399 parvo
2931 5343 3110 5388 tamen
3146 5341 3408 5402 tempore,
3444 5350 3567 5389 cum
3611 5333 3858 5390 Andreas
3901 5333 4297 5392 Samosatenus
4343 5335 4484 5402 apud
4525 5333 4879 5390 Anastasium
4921 5330 5187 5385 Sinaitam

1915 5425 2143 5492 lmjnsce
2183 5423 2363 5491 operis
2407 5431 2662 5492 tanquam
2704 5424 3001 5493 pervulgati
3051 5425 3383 5481 meminerit.
3437 5424 3704 5493 Alterum,
3745 5428 3889 5497 quod
3938 5428 4187 5483 videatur
4219 5427 4571 5484 elementaria
4611 5425 4860 5490 qrttedam
4905 5422 5189 5484 doctrina,

1916 5517 2140 5575 rudibus
2199 5517 2587 5573 controversiae
2647 5518 2878 5588 ingeniis
2929 5520 3180 5574 tradita:
3234 5521 3545 5576 continetur
3598 5521 3745 5577 enim
3805 5525 4150 5594 expositione
4228 5539 4460 5590 vocum,
4511 5521 5066 5588 distinctionibusque
5120 5518 5190 5572 ad

1915 5602 2244 5679 rbjectiones
2276 5612 2560 5667 solvendas
2594 5611 2946 5676 necessariis,
2971 5622 3024 5666 et
3065 5613 3330 5682 exemplis
3363 5614 3428 5668 ad
3473 5630 3588 5670 rem
3620 5616 3996 5684 explicandam
4045 5616 4224 5672 factis.
4277 5616 4544 5680 Tertium,
4577 5615 4721 5684 quod
4763 5613 4817 5668 in
4857 5623 5023 5679 opere
5073 5616 5190 5662 toto

1913 5703 2054 5760 nulla
2083 5719 2176 5773 per
2203 5718 2262 5758 se
2289 5704 2380 5757 liat
2409 5703 2615 5757 mentio
2643 5703 2734 5758 Dei
2764 5702 3072 5770 pontiﬁcis;
3116 5705 3210 5759 sed
3255 5720 3442 5760 eorum
3491 5715 3704 5761 tantum
3741 5722 3862 5777 qua:
3897 5707 3948 5760 in
3977 5708 4155 5776 primo
4187 5707 4421 5762 Nestorii
4461 5717 4712 5762 sermone
4745 5700 5096 5769 secundoque
5133 5710 5191 5754 et

1910 5797 2072 5852 tertio
2102 5807 2290 5851 contra
2333 5796 2454 5850 ﬁdei
2489 5793 2736 5865 regulam
2770 5794 3042 5863 leguntur,
3075 5810 3196 5848 cum
3228 5805 3406 5851 tamen
3444 5799 3606 5869 digna
3647 5798 3788 5854 foret
3829 5800 3927 5853 ista
3959 5800 4215 5867 quaestio,
4252 5814 4372 5868 quae
4407 5803 4738 5852 tractaretur
4774 5800 4995 5864 propter
5028 5805 5186 5845 suam

1913 5891 2025 5945 sive
2054 5886 2430 5949 subtilitatem,
2465 5885 2578 5940 sive
2607 5885 3007 5940 necessitatem.
3042 5884 3170 5938 Orta
3215 5904 3344 5942 vero
3369 5901 3451 5946 cst
3488 5907 3554 5944 ex
3590 5889 3808 5943 homilia
3852 5889 4028 5943 Procli
4069 5905 4099 5943 a
4137 5888 4384 5948 Nestorio
4429 5886 4679 5946 acerbius
4729 5884 5082 5957 reprehensa.
5123 5883 5194 5940 de

1913 6000 2018 6056 qua
2046 5980 2178 6040 nihil
2214 5980 2392 6036 alieni
2429 5977 2600 6048 potuit
2626 5977 2795 6032 nuntii
2828 5977 3212 6035 AleXandrinm
3251 5993 3374 6037 ante
3402 5983 3687 6038 delinitum
3721 5984 3984 6039 hactenus
4012 5994 4242 6053 tempus.
