6812 6588
1688 484 1828 543 sses
2618 491 2910 569 senem
2952 495 3051 571 ne,
3080 493 3611 573 INCARNATIONE,
3635 499 4027 577 UNlGENlTl-
4835 505 4970 561 1566

1747 600 1829 656 De
1858 602 2156 674 interprete
2185 607 2346 677 paulo
2372 605 2643 664 difﬁcilior
2670 620 2756 665 est
2777 612 3031 680 quaestio.
3069 612 3328 687 Quisquis
3367 616 3463 691 ille
3499 616 3684 685 fuerit,
3713 620 3890 689 ipsum
3930 627 4157 690 oportet
4180 618 4377 689 quinto
4420 618 4622 674 saeculo
4659 618 4981 689 scripsisse;

1683 693 1797 751 lino
1828 701 2160 767 temporibus
2190 702 2377 773 Cyrilli
2410 721 2425 757 :
2472 704 2737 774 siquidem
2772 721 2838 761 es
2876 707 2978 762 hac
3011 709 3124 777 ipsa
3166 712 3436 776 versione,
3478 727 3599 781 quae
3647 730 3789 770 nunc
3829 715 4085 778 habetur,
4118 722 4175 769 et
4205 713 4314 769 Leo
4348 711 4791 784 Magnus-statim
4846 724 4969 779 p03t

1679 785 1891 843 obitum
1917 789 2105 861 Cyrilli
2135 800 2389 863 tanquam
2420 811 2489 850 et
2520 796 2759 867 vulgata,
2787 807 2841 854 et
2868 800 3156 856 concilium
3188 801 3654 870 Chalcedonense,
3697 815 3753 860 et
3796 804 4080 861 Facundus
4111 805 4517 861 Hermianensis
4578 804 4971 873 decerpserint,
4998 786 5005 855 ἶ

1678 893 1808 969 qua:
1833 878 1968 935 locis
1993 894 2153 939 antea
2176 885 2361 942 citatis
2378 888 2641 946 referunt.
2660 891 2969 947 Crediderit
2990 907 3095 948 non
3121 893 3392 950 immerito
3414 896 3706 966 quispiam,
3723 898 4069 953 tribuendum
4091 898 4195 953 hoc
4217 911 4352 969 opus
4370 896 4463 951 uni
4486 909 4553 949 ex
4583 893 5004 969 Alexandrinis?

1680 964 1799 1081 i‘llis
1827 986 2059 1040 quorum
2091 975 2442 1034 Latinitatem
2467 981 2607 1049 apud
2634 992 2886 1037 sanctum
2916 982 3271 1039 Caelestinum
3293 961 3876 1054 Cyrillus-excusabat,
3903 1001 4027 1041 cum
4055 961 4276 1042 chartas
4299 985 4545 1039 mitteret
4566 982 4633 1038 ab
4656 983 4724 1038 iis
4752 961 4999 1081 versas-.t

1680 1055 1891 1116 Verum
1920 1065 2255 1139 opinabilius
2287 1064 2524 1139 videtur,
2561 1073 2914 1144 interpretem
2956 1078 3141 1133 dicere
3187 1075 3419 1132 Marium
3459 1079 3861 1147 Mercatorem,
3902 1080 4079 1134 virum
4123 1077 4332 1147 alioqui
4378 1076 4618 1131 melioris
4655 1055 5005 1159 Latinitatis",

1675 1150 1992 1210 scientem:
2025 1172 2150 1211 nam
2185 1167 2241 1213 et
2269 1158 2411 1215 inter
2430 1160 2549 1229 ejus
2574 1177 2738 1232 opera
2767 1166 3039 1236 reperitur
3079 1166 3133 1221 in
3167 1175 3398 1237 utroque
3430 1167 3800 1236 manuscripto
3837 1166 4047 1231 codice,
4082 1182 4193 1237 quo
4235 1166 4320 1221 nsi
4360 1179 4586 1228 sumus;
4619 1171 4674 1218 et
4709 1178 4771 1218 ea
4810 1173 4971 1219 aetate

1677 1243 1841 1309 νίκη»
1868 1260 1973 1317 qua
2006 1250 2451 1329 scribebatur,et
2484 1256 2680 1312 ardore
2708 1258 2831 1312 tidei
2861 1259 3111 1317 incensus
3134 1257 3328 1314 Latina
3370 1258 3496 1313 fecit
3558 1274 3679 1329 quae
3721 1258 3898 1314 Graeci
3929 1259 4246 1314 defensores
4278 1256 4404 1312 lidei
4448 1256 4788 1318 scriberent;
4830 1263 4883 1308 et
4913 1254 4966 1308 in

1674 1335 2005 1402 prml’atione
2050 1340 2119 1395 ad
2172 1357 2451 1402 sermones
2496 1346 2736 1405 Nestorii
2771 1357 3109 1406 contestatus
3156 1360 3270 1417 est,
3324 1367 3386 1406 se
3436 1350 3745 1407 Latinitatis
3795 1352 3939 1423 leges
3992 1350 4267 1421 sprevisse
4308 1349 4363 1402 in
4413 1346 4673 1416 operibus
4729 1343 4969 1400 Nestorii

1672 1427 1981 1499 Cyrillique
2006 1436 2300 1491 vertendis.
2332 1436 2402 1491 In
2437 1440 2645 1509 quibus,
2682 1440 2877 1513 inquit,
2918 1442 3132 1495 verbum
3183 1442 3249 1496 de
3289 1443 3462 1510 verbo,
3495 1446 3550 1498 in
3591 1455 3847 1513 quantum
3875 1443 3994 1511 ﬁeri
4036 1442 4210 1509 potuit
4250 1446 4477 1493 conatus
4519 1453 4635 1490 sum
4677 1434 4970 1489 translator

1670 1520 1992 1590 exprimere,
2027 1541 2091 1578 ne
2117 1527 2269 1595 prius
2293 1528 2550 1597 falsarius
2586 1534 2753 1604 magis
2798 1550 2958 1604 quam
2989 1552 3139 1590 verus
3173 1546 3356 1606 postea
3394 1536 3650 1604 probarer
3692 1539 3975 1605 interpres.
4014 1535 4097 1589 Da
4144 1532 4314 1604 igitur
4343 1533 4582 1596 veniam,
4610 1524 4693 1600 pie
4719 1529 4899 1593 lector,
4922 1528 4969 1582 si

1671 1623 1773 1668 aut
1806 1616 1982 1671 minus
2012 1620 2183 1675 oratio
2238 1622 2529 1690 luculenta,
2568 1636 2661 1681 aut
2696 1631 2971 1684 uerborum
3008 1631 3306 1702 ubicunque
3338 1644 3779 1702 prwsumptorum
3826 1633 4028 1686 novitas
4071 1646 4255 1684 aurem
4292 1629 4431 1698 forte
4475 1625 4777 1695 perculerit.
4818 1623 4969 1691 Elogi

1673 1704 2097 1762 obtrectatorum
2158 1712 2354 1784 linguis
2405 1720 2574 1788 magis
2611 1722 2830 1790 exponi,
2875 1738 3034 1794 quant
3087 1741 3121 1779 a
3171 1726 3390 1782 ueritate
3433 1742 3681 1781 sensuum
3714 1725 4084 1795 exprimenda,
4146 1724 4232 1777 ubi
4289 1736 4441 1775 omne
4487 1728 4565 1774 est
4616 1718 4681 1771 de
4739 1714 4970 1793 falsitate

1671 1798 1997 1869 periculum,
2022 1803 2230 1874 longius
2260 1808 2530 1869 aberrare.
3147 1801 3157 1810 ’

1756 1888 1875 1947 Non
1915 1894 2051 1952 levis
2084 1912 2251 1969 opera
2282 1905 2533 1972 ponenda
2574 1908 2731 1964 nobis
2761 1908 2861 1965 fuit
2899 1909 2953 1964 in
2984 1910 3321 1966 emendanda
3346 1910 3600 1964 versione
3639 1915 3748 1961 tam
3781 1906 4027 1976 antiqua,
4052 1906 4281 1975 ideoque
4308 1904 4378 1959 ab
4404 1900 4887 1965 exscribentibus,
4908 1908 4970 1955 ut

1674 1982 1764 2048 lit,
1794 1998 2050 2059 corrupta
2079 2009 2093 2045 :
2123 1990 2384 2061 juverunt
2417 1999 2636 2068 quidem
2662 2004 3015 2076 manuscripti
3046 2005 3263 2069 codices
3286 2011 3343 2058 et
3374 2002 3497 2057 libri
3525 2001 3666 2073 typis
3688 2000 3900 2057 excusi.
3931 2001 4001 2055 At
4035 2014 4159 2053 cum
4201 2013 4306 2053 una
4353 1996 4425 2052 sit
4465 1993 4709 2050 omnium
4758 1992 4964 2049 versio.

1670 2093 1853 2149 caque
1896 2100 2003 2140 non
2052 2089 2233 2146 minus
2265 2108 2294 2147 a
2337 2096 2567 2152 notariis
2598 2098 2912 2167 depravata,
2943 2117 3104 2171 quam
3158 2102 3227 2156 ab
3280 2101 3577 2170 interprete
3628 2098 3893 2169 neglecta,
3936 2097 4154 2167 quoties
4194 2111 4303 2150 non
4352 2090 4967 2165 prmluxeruntGrteca,

1670 2176 2051 2244 praeluxerant
2081 2200 2210 2240 vero
2243 2203 2349 2243 non
2394 2203 2558 2260 saepe,
2599 2192 2950 2249 divinandum
2994 2196 3117 2261 luit,
3158 2206 3217 2252 ut
3257 2212 3393 2267 quas
3441 2195 3784 2251 adhibuisset
3823 2209 3984 2250 voces
4030 2194 4336 2260 interpres,
4396 2187 4814 2245 restitueremus
4866 2199 4963 2255 pro

1669 2272 1821 2335 Virili
1847 2288 1861 2324 :
1901 2276 2145 2347 religioni
2168 2280 2312 2334 enim
2340 2281 2442 2337 fuit
2472 2284 2615 2338 ullas
2648 2297 2883 2353 mutare,
2919 2303 3019 2344 nec
3052 2289 3098 2344 si
3126 2288 3349 2344 aliunde
3378 2288 3647 2352 licuisset,
3676 2287 4045 2358 potuissemus
4082 2294 4283 2349 tamen,
4312 2295 4436 2337 cum
4483 2278 4704 2333 dellciat
4741 2277 4967 2332 Graecus

1673 2378 1859 2423 textus
1918 2371 1970 2424 in
2027 2371 2304 2442 pluribus;
2348 2392 2512 2447 quem
2558 2380 2702 2437 enim
2759 2382 3057 2453 habemus,
3101 2385 3187 2440 vel
3234 2401 3300 2442 ex
3354 2385 3720 2451 Tlteodoreto,
3752 2385 3839 2440 vel
3883 2399 3949 2439 ex
3980 2375 4411 2438 Chalcedonensi
4470 2375 4702 2445 synodo,
4760 2374 4845 2427 vel
4897 2389 4965 2427 cx

1668 2454 2007 2512 bibliotheca
2036 2458 2201 2530 Regia
2236 2473 2493 2533 acceptus
2522 2476 2625 2523 est.
2884 2480 2887 2481 '
3282 2494 3285 2495 '

1746 2547 1936 2606 Prodit
1964 2568 2094 2609 vero
2122 2558 2381 2613 eximium
2412 2576 2572 2630 opus,
2603 2570 2658 2618 et
2698 2577 2729 2617 a
2769 2561 2974 2617 sanctis
3007 2560 3260 2616 Patribus
3295 2561 3523 2617 summis
3565 2560 3815 2637 laudibus
3858 2570 4143 2627 ornatum,
4174 2577 4280 2616 non
4326 2567 4533 2615 tantum
4588 2556 4966 2618 emendatius.

1671 2641 1819 2709 quod
1847 2650 1993 2699 certe
2016 2644 2137 2701 leve
2169 2664 2276 2703 non
2304 2659 2388 2706 est
2412 2668 2427 2718 ;
2451 2653 2544 2706 sed
2569 2663 2763 2723 quarta
2791 2652 2905 2708 fere
2942 2661 3093 2723 parte
3131 2653 3364 2718 auctius,
3397 2636 3562 2722 quam
3603 2652 3832 2723 legatur,
3871 2653 3953 2707 vel
3999 2654 4140 2723 apud
4187 2653 4375 2724 Cyrilli
4420 2666 4649 2720 operum
4681 2648 4922 2704 editores
4947 2687 4963 2712 ,

1673 2732 1761 2786 vel
1793 2736 1934 2803 apud
1960 2739 2318 2796 conciliorum
2343 2744 2687 2803 collectores.
2721 2744 2863 2812 Quid
2891 2754 3071 2801 autem
3098 2746 3236 2800 desit
3264 2746 3317 2801 in
3350 2746 3582 2816 vulgatis
3610 2732 4185 2817 liblris'indicabimus,
4218 2745 4308 2800 ubi
4337 2744 4443 2801 erit
4469 2757 4630 2811 Opus.

1755 2826 1969 2900 Vulgati
2007 2836 2224 2891 codices
2264 2839 2429 2894 totius
2459 2841 2641 2911 operis
2679 2841 3082 2910 habentcapita
3124 2841 3313 2921 viginti
3351 2838 3410 2897 'et
3446 2851 3605 2907 octo;
3643 2843 4044 2911 manuscriptus
4083 2841 4361 2895 Marianus
4407 2837 4628 2908 triginta
4679 2835 4967 2906 quinque;

1672 2919 1903 2980 Pbotius
1939 2942 2046 3002 non
2072 2928 2225 2997 plura
2260 2933 2630 2989 novemdecitn
2665 2944 2937 2999 numerat,
2962 2936 3199 2992 redactis
3235 2934 3445 2990 scilicet
3471 2936 3536 2989 ad
3583 2928 4045 2989 huncnumerum
4087 2933 4319 2997 cunctis,
4345 2946 4467 3003 qua:
4502 2929 4643 2999 apud
4685 2928 4823 2982 alios
4858 2941 4964 2981 non

1671 3017 1879 3083 optima
1907 3032 2038 3075 sane
2066 3022 2135 3076 de
2171 3039 2334 3079 causa
2363 3038 2707 3097 separantur.
2738 3029 2931 3099 Operae
2959 3032 3195 3100 pretium
3227 3040 3315 3087 est
3352 3030 3529 3087 Photii
3555 3032 3719 3085 verba
3753 3016 4107 3101 exscribere:
4142 3027 4334 3082 Lectus
4380 3035 4458 3081 est
4490 3026 4615 3079 item
4652 3024 4789 3077 alter
4835 3022 4969 3075 liber

1671 3110 1755 3163 sic
1800 3110 2132 3182 inscriptus:
2175 3114 2445 3175 Scuouon
2492 3136 2561 3175 ne
2615 3120 2899 3178 UNIGENI'I'I
2939 3137 3362 3178 INCABNLTIONE.
3409 3121 3527 3187 Quo
3562 3121 3675 3175 hinc
3710 3120 3822 3189 fere
3858 3128 4216 3189 exponuntur,
4262 3115 4391 3186 quid
4431 3124 4508 3168 est
4555 3113 4829 3175 Christus;
4861 3126 4967 3179 qua

1673 3202 1881 3258 ratione
1908 3206 2279 3278 intelligendus
2316 3210 2671 3279 Emmanuel;
2704 3213 2834 3285 quid
2859 3222 2934 3269 est
2966 3213 3127 3269 Jes‘us
3163 3215 3439 3280 Christus;
3466 3215 3631 3283 juxta
3665 3214 3794 3284 quid
3830 3213 3929 3283 Dei
3975 3210 4204 3266 Verbum
4244 3211 4444 3262 dictum
4481 3217 4558 3262 est
4597 3208 4785 3268 homo;
4802 3204 4968 3273 juxta

1667 3296 1804 3365 quid
1850 3309 2162 3353 evacuatum
2201 3317 2313 3357 esse
2354 3301 2454 3357 Dei
2511 3302 2741 3361 Verbum
2780 3305 3018 3371 dicitur;
3076 3306 3340 3375 quomodo
3375 3306 3502 3360 item
3545 3305 3786 3360 Christus
3833 3320 3971 3358 unus
4011 3312 4121 3366 est;
4170 3299 4435 3372 quomodo
4488 3297 4653 3353 etiam
4708 3311 4842 3350 unus
4888 3304 4966 3385 est

1671 3390 1996 3449 Emmanuel
2012 3411 2339 3464 ;quamnam
2364 3400 2591 3455 dicimus
2614 3418 2725 3457 esse
2750 3403 3202 3458 exinanitiouem?
3229 3402 3369 3458 Item
3404 3405 3469 3459 de
3506 3404 3675 3474 ignito
3709 3404 3939 3457 carbone
3976 3402 4088 3455 viso
4135 3401 4201 3453 ab
4232 3397 4408 3462 Isaia,
4448 3395 4664 3465 aliaque
4683 3402 4964 3462 prtcterea,

1672 3482 1759 3536 his
1792 3492 1968 3540 tamen
1991 3489 2191 3558 omnia,
2221 3491 2397 3556 capita
2421 3496 2631 3546 decem-
2650 3492 3007 3565 Permagnam
3031 3511 3151 3551 vero
3177 3493 3468 3565 legentibus
3495 3496 3784 3550 utilitatem
3812 3495 3946 3550 liber
3970 3495 4056 3547 hic
4083 3493 4278 3563 a/ferre
4297 3500 4489 3560 potest.

1748 3575 1927 3632 Aliam
1964 3580 2136 3635 videri
2169 3591 2347 3649 potest
2385 3581 2672 3647 Facundns
2708 3583 3120 3642 Hertnianensis
3150 3587 3204 3641 in
3230 3589 3418 3643 codice
3455 3601 3564 3658 quo
3590 3601 3722 3643 usus
3759 3594 3848 3641 est
3886 3584 4233 3655 partitionem
4288 3583 4564 3638 invenisse
4594 3599 4607 3635 :
4661 3596 4785 3635 nam
4820 3579 4967 3651 quod
5001 3660 5010 3671 '

1673 3670 1910 3735 Photius
1942 3683 2196 3730 octavum
2227 3688 2391 3747 caput
2413 3693 2537 3734 esse
2563 3680 2792 3745 indicat,
2815 3682 3106 3751 septimum
3142 3683 3256 3753 ipse
3287 3691 3482 3750 vocat;
3515 3682 3786 3738 decimum
3817 3694 3966 3743 vero,
3992 3680 4139 3750 quod
4167 3678 4308 3748 apud
4337 3676 4594 3731 Photium
4618 3674 4963 3730 undecimum

1675 3764 1921 3831 ponitur.
1954 3764 2047 3822 Sic
2071 3769 2218 3822 enim
2244 3769 2437 3825 scribit
2464 3788 2478 3827 :
2510 3770 2743 3842 Cyrill’us
2772 3774 2829 3828 in
2857 3773 2992 3830 libro
3029 3791 3183 3846 quem
3223 3773 3461 3841 Scholia,
3490 3775 3836 3845 nuncupavit,
3889 3772 4044 3827 titulo
4083 3774 4338 3840 septimo,
4374 3783 4539 3837 quam
4570 3781 4691 3822 esse
4725 3766 4965 3820 dicimus

1673 3856 2088 3925 atlunationem,
2117 3861 2321 3927 anima,
2355 3862 2550 3933 inquit,
2585 3867 2764 3920 omnia
2801 3884 2920 3933 qua:
2943 3876 3069 3923 sunt
3094 3870 3349 3938 corporis,
3379 3876 3486 3924 etc.
3521 3867 3662 3940 (Lib.
3699 3884 3775 3929 χι,
3811 3882 3862 3923 c.
3891 3867 3972 3935 7.)
4002 3866 4066 3920 Et
4089 3872 4276 3932 postea
4303 3877 4316 3912 :
4345 3860 4552 3914 Rursus
4575 3868 4750 3913 autent
4781 3860 4963 3913 eodem

1674 3952 1840 4008 libros
1867 3953 2025 4008 titulo
2050 3954 2274 4021 decimo,
2298 3958 2425 4027 quid
2462 3959 2682 4024 dixerit,
2705 3961 2785 4015 uel
2815 3964 2944 4031 quid
2990 3963 3165 4030 prima
3197 3963 3372 4031 fronte
3405 3966 3549 4018 solus
3584 3965 3693 4030 ipse
3728 3960 3924 4015 ‘titulus
3964 3958 4250 4035 praeferat,
4289 3956 4662 4019 adven-tamus;
4702 3958 4825 4008 nam
4864 3957 4965 4008 hoe

1672 4044 1735 4097 in
1763 4043 1861 4099 illo
1886 4061 1943 4100 se
1967 4057 2301 4103 ostensurum
2326 4066 2437 4104 esse
2464 4052 2706 4119 promisit
2741 4052 2923 4106 dicens
2951 4052 3165 4124 (lbid.),
3211 4054 3356 4123 quod
3388 4064 3444 4111 et
3470 4055 3709 4109 adunato
3741 4053 3851 4106 Deo
3892 4050 4067 4105 Verbo
4111 4060 4235 4103 vere
4276 4046 4625 4110 humanitati,
4663 4045 4963 4101 inconfusze

1676 4150 1863 4194 tamen
1884 4130 2203 4197 substantia:
2231 4144 2653 4211 permanserint.
2690 4143 2863 4215 thue
2905 4145 3003 4201 hoc
3028 4150 3276 4217 probaret
3309 4149 3527 4220 subjecit
3555 4148 3662 4203 ista
3688 4162 3707 4201 :
3732 4146 3987 4201 Erectum
4020 4153 4103 4199 est
4155 4141 4456 4199 secundum
4495 4138 4589 4194 Dei
4626 4138 4958 4194 voluntatem

1675 4235 1936 4286 sanctum
1965 4228 2380 4285 tabernaculum
2414 4246 2512 4300 per
2542 4234 2843 4300 desertum,
2870 4244 2978 4291 etc.
3998 4250 4001 4251 ⁷

1749 4316 2077 4393 Quanquam
2111 4325 2172 4379 in
2203 4334 2492 4396 utrumque
2530 4327 2709 4383 locum
2747 4328 2906 4386 facile
2934 4329 3112 4400 potuit
3141 4330 3394 4386 mendum
3442 4330 3702 4400 irrepere,
3748 4328 3792 4383 si
3829 4327 3989 4381 modo
4039 4324 4235 4381 litteris
4285 4324 4572 4390 Romanis,
4601 4334 4661 4380 ut
4701 4325 4962 4382 credibile

1672 4424 1786 4477 est,
1812 4429 1909 4481 vn,
1939 4429 2023 4480 st,
2050 4431 2312 4471 numerus
2339 4418 2581 4487 scriptus
2606 4418 2676 4473 sit
2704 4432 2720 4472 :
2752 4420 2930 4489 potuit
2959 4420 3104 4475 enim
3136 4419 3296 4475 facile
3329 4421 3543 4475 detrahi
3580 4420 3634 4474 in
3680 4434 3789 4474 uno
3829 4417 3969 4482 loco,
4001 4425 4055 4471 et
4096 4416 4150 4470 in
4193 4414 4364 4469 altero
4398 4414 4520 4468 addi
4550 4414 4621 4469 ab
4666 4414 4960 4469 incuriosis

1676 4506 1920 4562 librariis
1954 4508 2115 4564 tertia
2149 4510 2375 4566 vocalis.
2409 4512 2591 4578 Quare
2614 4512 2859 4570 Facundi
2891 4516 3055 4572 lectio
3088 4515 3413 4587 corrigenda
3445 4514 3578 4569 mihi
3608 4513 3845 4580 videtur,
3877 4510 4164 4567 retinenda
4195 4508 4399 4575 Pbotii,
4435 4507 4734 4563 contractis
4768 4519 4953 4563 tamen

1676 4605 1734 4660 in
1784 4619 1950 4658 unum
1985 4604 2258 4675 capitibus
2305 4604 2519 4662 duobus
2567 4609 2640 4665 de
2676 4612 2915 4667 carbone
2962 4612 3050 4667 vel
3098 4612 3254 4669 lilio:
3288 4627 3412 4683 quae
3468 4610 3717 4680 exempla
3762 4609 3832 4665 ad
3877 4609 3952 4675 id,
3982 4606 4126 4677 quod
4173 4605 4231 4660 in
4283 4602 4440 4661 titulo
4474 4602 4810 4673 propositum
4855 4612 4956 4667 est,

1679 4696 2021 4766 probandum
2049 4698 2255 4768 pariter
2285 4701 2620 4755 conducunt.
4740 4778 4741 4781 η

1756 4784 1821 4842 Et
1844 4802 1974 4844 vero
2002 4804 2101 4858 par
2120 4799 2207 4845 est
2234 4792 2478 4859 credere,
2510 4809 2669 4849 suum
2697 4794 2929 4863 singulis
2957 4796 3235 4866 capitibus
3261 4795 3587 4867 inscriptum
3617 4795 3786 4850 fuisse
3812 4800 4201 4862 argumentum
4228 4790 4371 4860 quod
4408 4788 4748 4844 tractandum
4778 4787 4956 4855 foret;

1683 4898 1793 4936 non
1840 4876 1969 4940 item
2003 4878 2061 4940 id
2104 4886 2423 4957 contigisse,
2467 4886 2612 4957 quod
2663 4886 2717 4941 in
2756 4886 2912 4943 libris
2955 4889 3118 4943 editis
3170 4889 3385 4960 legitur,
3432 4899 3496 4945 ut
3541 4888 3751 4958 singula
3800 4886 3979 4955 capita
4029 4886 4280 4956 singulis,
4305 4885 4420 4939 sive
4455 4884 4805 4947 testimoniis,
4841 4884 4957 4938 sive

1677 4977 1947 5046 exemplis
1978 4978 2302 5035 inconcinne
2325 4987 2382 5034 et
2411 4978 2695 5050 ἀμεθόδως
2730 4980 3120 5036 tribuerentur.
3156 4980 3476 5038 Mercatoris
3509 4996 3673 5049 porro
3699 4981 3869 5035 codex
3902 4977 4049 5032 nihil
4079 4976 4374 5048 adiumenti
4416 4972 4667 5032 conferre
4692 4973 4861 5028 valuit
4887 4970 4959 5026 ad

1681 5064 2007 5122 alterutram
2043 5069 2358 5138 opinionem
2388 5070 2838 5136 cenlirmamlam,
2871 5072 3136 5144 siquidem
3179 5073 3361 5129 titulos
3384 5072 3550 5129 habet
3583 5072 3704 5129 sine
3733 5071 3858 5127 ullis
3886 5070 4155 5125 minueris.

1763 5157 1934 5226 igitur
1966 5162 2181 5215 tametsi
2212 5157 2525 5217 distributio
2549 5163 2811 5232 capitum,
2837 5180 2958 5234 qua:
3000 5180 3099 5220 usu
3130 5176 3346 5232 recepta
3382 5175 3488 5232 est,
3523 5164 3773 5235 religiose
3797 5163 4061 5219 servanda
4093 5162 4189 5229 sit,
4216 5163 4392 5219 visum
4437 5170 4521 5218 est
4557 5171 4735 5217 tamen
4779 5176 4958 5231 Operae

1686 5249 1924 5316 pretium
1957 5249 2098 5316 fore,
2131 5251 2176 5306 si
2202 5253 2433 5325 singulis
2461 5255 2735 5325 capitibus
2767 5255 3110 5312 Scholiorum
3144 5257 3322 5313 Photii
3346 5258 3558 5312 numeri
3583 5272 3708 5312 cum
3733 5254 3965 5326 vulgatis
3990 5263 4420 5325 apponerentur,
4445 5264 4502 5311 et
4536 5253 4644 5323 hic,
4668 5254 4959 5326 prepositis

1683 5342 2024 5412 singulorum
2054 5343 2295 5413 capitum
2318 5361 2388 5401 ex
2435 5345 2738 5404 Mercatore
2770 5349 2962 5416 titulis,
3000 5365 3098 5418 per
3127 5351 3403 5421 synopsim
3438 5358 3613 5406 totum
3651 5362 3791 5419 opus
3820 5347 4192 5403 exhiberetur.

2498 5488 2686 5559 Cyrilli
2715 5490 2943 5561 episcopi
2980 5491 3319 5548 Alexandria:
3353 5493 3416 5547 de
3456 5490 3819 5546 incarnatione
3849 5486 4133 5558 Unigeniti.

1652 5598 1666 5645 ⁵
1757 5623 1943 5680 (ἶλνυτ
1976 5622 2018 5676 l.
2051 5624 2187 5688 Quid
2209 5633 2293 5678 est
2323 5621 2586 5695 Christus.

1755 5719 1887 5773 CAP.
1931 5716 1992 5772 ll.
2036 5717 2276 5783 Qualiter
2302 5715 2523 5786 intelligi
2559 5718 2753 5774 debeat
2787 5718 3121 5774 Emmanuel.

1761 5804 1892 5865 Car.
1938 5807 2023 5861 Ill.
2056 5805 2193 5872 Quid
2223 5816 2305 5861 est
2336 5804 2513 5860 Iesus.

1767 5903 1896 5956 Car.
1942 5900 2031 5955 ιν.
2074 5900 2246 5964 Quam
2272 5898 2340 5953 ob
2371 5915 2585 5954 causam
2620 5900 2779 5954 homo
2812 5899 3014 5955 dictum
3044 5898 3113 5953 sit
3141 5898 3236 5954 Ι)ρί
3269 5895 3525 5952 Verbum.
