  <div class='ocr_page' id='page_1' title='image "/cluster/home/n/w/nwhite01/storage/ocr_20150623/75:no.8/coo.31924054869767/691.png"; bbox 0 0 6812 6600; ppageno 0'>
   <div class='ocr_carea' id='block_1_1' title="bbox 1891 495 5221 596">
    <p class='ocr_par' dir='ltr' id='par_1_1' title="bbox 1891 495 5221 596">
     <span class='ocr_line' id='line_1_1' title="bbox 1891 495 5221 596; baseline 0.002 -25"><span class='ocrx_word' id='word_1_1' title='bbox 1891 517 2028 573; x_wconf 81' lang='lat' dir='ltr'><strong>i567</strong></span> <span class='ocrx_word' id='word_1_2' title='bbox 2879 518 2940 574; x_wconf 88' lang='lat' dir='ltr'><strong>s.</strong></span> <span class='ocrx_word' id='word_1_3' title='bbox 2981 519 3254 577; x_wconf 74' lang='lat' dir='ltr'><strong>CYlilLLl</strong></span> <span class='ocrx_word' id='word_1_4' title='bbox 3292 495 3764 576; x_wconf 78' lang='lat' dir='ltr'><strong>ALEXANDRINI</strong></span> <span class='ocrx_word' id='word_1_5' title='bbox 3799 521 4120 579; x_wconf 78' lang='lat' dir='ltr'><strong>ARCHIEP.</strong></span> <span class='ocrx_word' id='word_1_6' title='bbox 4632 556 4635 559; x_wconf 67' lang='lat'><strong>.</strong></span> <span class='ocrx_word' id='word_1_7' title='bbox 5006 511 5154 576; x_wconf 63' lang='grc' dir='ltr'><strong>ηδε</strong></span> <span class='ocrx_word' id='word_1_8' title='bbox 5209 588 5221 596; x_wconf 89' lang='lat'><strong><em>_</em></strong></span> 
     </span>
    </p>
   </div>
   <div class='ocr_carea' id='block_1_2' title="bbox 1957 632 3769 704">
    <p class='ocr_par' dir='ltr' id='par_1_2' title="bbox 1957 632 3769 704">
     <span class='ocr_line' id='line_1_2' title="bbox 1957 632 3769 704; baseline 0.004 -17"><span class='ocrx_word' id='word_1_9' title='bbox 1957 632 2090 688; x_wconf 68' lang='lat' dir='ltr'><strong>Car.</strong></span> <span class='ocrx_word' id='word_1_10' title='bbox 2133 634 2196 689; x_wconf 74' lang='grc' dir='ltr'><strong>ν.</strong></span> <span class='ocrx_word' id='word_1_11' title='bbox 2233 636 2403 704; x_wconf 84' lang='lat' dir='ltr'><strong>Quam</strong></span> <span class='ocrx_word' id='word_1_12' title='bbox 2435 637 2504 692; x_wconf 91' lang='lat' dir='ltr'><strong>ob</strong></span> <span class='ocrx_word' id='word_1_13' title='bbox 2525 650 2743 692; x_wconf 81' lang='lat' dir='ltr'><strong>causam</strong></span> <span class='ocrx_word' id='word_1_14' title='bbox 2770 637 3107 693; x_wconf 71' lang='lat' dir='ltr'><strong>exinanitum</strong></span> <span class='ocrx_word' id='word_1_15' title='bbox 3136 637 3354 695; x_wconf 76' lang='lat' dir='ltr'><strong>dicatur</strong></span> <span class='ocrx_word' id='word_1_16' title='bbox 3382 637 3476 695; x_wconf 86' lang='lat' dir='ltr'><strong>Dei</strong></span> <span class='ocrx_word' id='word_1_17' title='bbox 3514 639 3769 696; x_wconf 79' lang='lat' dir='ltr'><strong>Verbum.</strong></span> 
     </span>
    </p>
   </div>
   <div class='ocr_carea' id='block_1_3' title="bbox 1957 724 3033 799">
    <p class='ocr_par' dir='ltr' id='par_1_3' title="bbox 1957 724 3033 799">
     <span class='ocr_line' id='line_1_3' title="bbox 1957 724 3033 799; baseline 0.008 -20"><span class='ocrx_word' id='word_1_18' title='bbox 1957 724 2087 782; x_wconf 68' lang='lat' dir='ltr'><strong>Car.</strong></span> <span class='ocrx_word' id='word_1_19' title='bbox 2133 727 2217 781; x_wconf 92' lang='lat' dir='ltr'><strong>VI.</strong></span> <span class='ocrx_word' id='word_1_20' title='bbox 2259 729 2538 799; x_wconf 84' lang='lat' dir='ltr'><strong>Quomodo</strong></span> <span class='ocrx_word' id='word_1_21' title='bbox 2574 744 2714 784; x_wconf 92' lang='lat' dir='ltr'><strong>unus</strong></span> <span class='ocrx_word' id='word_1_22' title='bbox 2758 727 3033 788; x_wconf 78' lang='lat' dir='ltr'><strong>Christus.</strong></span> 
     </span>
    </p>
   </div>
   <div class='ocr_carea' id='block_1_4' title="bbox 1955 817 3082 886">
    <p class='ocr_par' dir='ltr' id='par_1_4' title="bbox 1955 817 3082 886">
     <span class='ocr_line' id='line_1_4' title="bbox 1955 817 3082 886; baseline 0.004 -15"><span class='ocrx_word' id='word_1_23' title='bbox 1955 817 2085 872; x_wconf 80' lang='lat' dir='ltr'><strong>CAP.</strong></span> <span class='ocrx_word' id='word_1_24' title='bbox 2128 819 2231 875; x_wconf 89' lang='lat' dir='ltr'><strong>VII.</strong></span> <span class='ocrx_word' id='word_1_25' title='bbox 2267 820 2544 886; x_wconf 88' lang='lat' dir='ltr'><strong>Quomodo</strong></span> <span class='ocrx_word' id='word_1_26' title='bbox 2567 837 2708 876; x_wconf 91' lang='lat' dir='ltr'><strong>unus</strong></span> <span class='ocrx_word' id='word_1_27' title='bbox 2744 821 3082 876; x_wconf 84' lang='lat' dir='ltr'><strong>Emmanuel.</strong></span> 
     </span>
    </p>
   </div>
   <div class='ocr_carea' id='block_1_5' title="bbox 1959 908 3305 980">
    <p class='ocr_par' dir='ltr' id='par_1_5' title="bbox 1959 908 3305 980">
     <span class='ocr_line' id='line_1_5' title="bbox 1959 908 3305 980; baseline 0.001 -18"><span class='ocrx_word' id='word_1_28' title='bbox 1959 908 2087 963; x_wconf 63' lang='lat' dir='ltr'><strong>Car.</strong></span> <span class='ocrx_word' id='word_1_29' title='bbox 2125 908 2258 966; x_wconf 90' lang='lat' dir='ltr'><strong>Vlll.</strong></span> <span class='ocrx_word' id='word_1_30' title='bbox 2291 916 2459 980; x_wconf 88' lang='lat' dir='ltr'><strong>Quam</strong></span> <span class='ocrx_word' id='word_1_31' title='bbox 2495 929 2615 969; x_wconf 91' lang='lat' dir='ltr'><strong>esse</strong></span> <span class='ocrx_word' id='word_1_32' title='bbox 2640 915 2871 970; x_wconf 89' lang='lat' dir='ltr'><strong>dicimus</strong></span> <span class='ocrx_word' id='word_1_33' title='bbox 2901 913 3305 969; x_wconf 86' lang='lat' dir='ltr'><strong>adunationem.</strong></span> 
     </span>
    </p>
   </div>
   <div class='ocr_carea' id='block_1_6' title="bbox 1956 990 5144 1076">
    <p class='ocr_par' dir='ltr' id='par_1_6' title="bbox 1956 990 5144 1076">
     <span class='ocr_line' id='line_1_6' title="bbox 1956 990 5144 1076; baseline -0.001 -23"><span class='ocrx_word' id='word_1_34' title='bbox 1956 998 2085 1056; x_wconf 74' lang='lat' dir='ltr'><strong>CAP.</strong></span> <span class='ocrx_word' id='word_1_35' title='bbox 2129 999 2219 1055; x_wconf 85' lang='lat' dir='ltr'><strong>IX.</strong></span> <span class='ocrx_word' id='word_1_36' title='bbox 2255 1003 2406 1070; x_wconf 83' lang='lat' dir='ltr'><strong>Quod</strong></span> <span class='ocrx_word' id='word_1_37' title='bbox 2455 1006 2814 1076; x_wconf 84' lang='lat' dir='ltr'><strong>incorporalis</strong></span> <span class='ocrx_word' id='word_1_38' title='bbox 2847 1004 3151 1059; x_wconf 83' lang='lat' dir='ltr'><strong>divinitatis</strong></span> <span class='ocrx_word' id='word_1_39' title='bbox 3194 1015 3394 1071; x_wconf 92' lang='lat' dir='ltr'><strong>corpus</strong></span> <span class='ocrx_word' id='word_1_40' title='bbox 3427 997 3566 1053; x_wconf 81' lang='lat' dir='ltr'><strong>facta</strong></span> <span class='ocrx_word' id='word_1_41' title='bbox 3594 995 3756 1052; x_wconf 80' lang='lat' dir='ltr'><strong>fuerit</strong></span> <span class='ocrx_word' id='word_1_42' title='bbox 3785 997 3900 1066; x_wconf 88' lang='lat' dir='ltr'><strong>ipsa</strong></span> <span class='ocrx_word' id='word_1_43' title='bbox 3939 1007 4068 1049; x_wconf 86' lang='lat' dir='ltr'><strong>caro</strong></span> <span class='ocrx_word' id='word_1_44' title='bbox 4112 992 4319 1048; x_wconf 85' lang='lat' dir='ltr'><strong>habens</strong></span> <span class='ocrx_word' id='word_1_45' title='bbox 4364 990 4600 1076; x_wconf 58' lang='lat' dir='ltr'><strong>animam</strong></span> <span class='ocrx_word' id='word_1_46' title='bbox 4637 991 5053 1063; x_wconf 71' lang='lat' dir='ltr'><strong>rationabilem;</strong></span> <span class='ocrx_word' id='word_1_47' title='bbox 5088 1009 5144 1054; x_wconf 85' lang='lat' dir='ltr'><strong>et</strong></span> 
     </span>
    </p>
   </div>
   <div class='ocr_carea' id='block_1_7' title="bbox 1885 1067 5144 1162">
    <p class='ocr_par' dir='ltr' id='par_1_7' title="bbox 1885 1067 5144 1162">
     <span class='ocr_line' id='line_1_7' title="bbox 1885 1067 5144 1162; baseline 0.002 -20"><span class='ocrx_word' id='word_1_48' title='bbox 1885 1092 2028 1159; x_wconf 87' lang='lat' dir='ltr'><strong>quod</strong></span> <span class='ocrx_word' id='word_1_49' title='bbox 2080 1092 2125 1145; x_wconf 93' lang='lat' dir='ltr'><strong>si</strong></span> <span class='ocrx_word' id='word_1_50' title='bbox 2161 1107 2221 1146; x_wconf 88' lang='lat' dir='ltr'><strong>ea</strong></span> <span class='ocrx_word' id='word_1_51' title='bbox 2274 1067 2302 1147; x_wconf 62' lang='grc' dir='ltr'>ξι</span> <span class='ocrx_word' id='word_1_52' title='bbox 2355 1113 2414 1151; x_wconf 89' lang='lat' dir='ltr'><strong>se</strong></span> <span class='ocrx_word' id='word_1_53' title='bbox 2465 1067 2706 1153; x_wconf 65' lang='lat' dir='ltr'><strong>dividere</strong></span> <span class='ocrx_word' id='word_1_54' title='bbox 2758 1096 3107 1158; x_wconf 71' lang='lat' dir='ltr'><strong>voluerimus,</strong></span> <span class='ocrx_word' id='word_1_55' title='bbox 3163 1067 3347 1162; x_wconf 75' lang='lat' dir='ltr'><strong>procul</strong></span> <span class='ocrx_word' id='word_1_56' title='bbox 3393 1091 3558 1146; x_wconf 90' lang='lat' dir='ltr'><strong>dubio</strong></span> <span class='ocrx_word' id='word_1_57' title='bbox 3607 1088 4052 1144; x_wconf 80' lang='lat' dir='ltr'><strong>labefactabimus</strong></span> <span class='ocrx_word' id='word_1_58' title='bbox 4095 1067 4595 1159; x_wconf 56' lang='lat' dir='ltr'><strong>dispensationgm,</strong></span> <span class='ocrx_word' id='word_1_59' title='bbox 4650 1099 4772 1155; x_wconf 75' lang='lat' dir='ltr'><strong>qua:</strong></span> <span class='ocrx_word' id='word_1_60' title='bbox 4819 1088 4871 1143; x_wconf 92' lang='lat' dir='ltr'><strong>in</strong></span> <span class='ocrx_word' id='word_1_61' title='bbox 4921 1093 5144 1151; x_wconf 79' lang='lat' dir='ltr'><strong>Christo</strong></span> 
     </span>
    </p>
   </div>
   <div class='ocr_carea' id='block_1_8' title="bbox 1885 1181 2224 1252">
    <p class='ocr_par' dir='ltr' id='par_1_8' title="bbox 1885 1181 2224 1252">
     <span class='ocr_line' id='line_1_8' title="bbox 1885 1181 2224 1252; baseline 0.006 -16"><span class='ocrx_word' id='word_1_62' title='bbox 1885 1181 2224 1252; x_wconf 72' lang='lat' dir='ltr'><strong>intelligitur.</strong></span> 
     </span>
    </p>
   </div>
   <div class='ocr_carea' id='block_1_9' title="bbox 1954 1272 4882 1344">
    <p class='ocr_par' dir='ltr' id='par_1_9' title="bbox 1954 1272 4882 1344">
     <span class='ocr_line' id='line_1_9' title="bbox 1954 1272 4882 1344; baseline 0.002 -17"><span class='ocrx_word' id='word_1_63' title='bbox 1954 1274 2084 1335; x_wconf 60' lang='lat' dir='ltr'><strong>Cap.</strong></span> <span class='ocrx_word' id='word_1_64' title='bbox 2126 1275 2194 1330; x_wconf 83' lang='lat' dir='ltr'><strong>X.</strong></span> <span class='ocrx_word' id='word_1_65' title='bbox 2236 1275 2387 1344; x_wconf 91' lang='lat' dir='ltr'><strong>Quod</strong></span> <span class='ocrx_word' id='word_1_66' title='bbox 2417 1277 2654 1330; x_wconf 92' lang='lat' dir='ltr'><strong>adunato</strong></span> <span class='ocrx_word' id='word_1_67' title='bbox 2688 1277 2796 1332; x_wconf 93' lang='lat' dir='ltr'><strong>Deo</strong></span> <span class='ocrx_word' id='word_1_68' title='bbox 2825 1277 3002 1332; x_wconf 89' lang='lat' dir='ltr'><strong>Verbo</strong></span> <span class='ocrx_word' id='word_1_69' title='bbox 3035 1290 3160 1331; x_wconf 82' lang='lat' dir='ltr'><strong>vere</strong></span> <span class='ocrx_word' id='word_1_70' title='bbox 3191 1272 3540 1338; x_wconf 83' lang='lat' dir='ltr'><strong>humanitati,</strong></span> <span class='ocrx_word' id='word_1_71' title='bbox 3569 1272 3867 1328; x_wconf 71' lang='lat' dir='ltr'><strong>inconfusas</strong></span> <span class='ocrx_word' id='word_1_72' title='bbox 3909 1283 4087 1327; x_wconf 89' lang='lat' dir='ltr'><strong>tamen</strong></span> <span class='ocrx_word' id='word_1_73' title='bbox 4117 1272 4436 1329; x_wconf 67' lang='lat' dir='ltr'><strong>substantia!</strong></span> <span class='ocrx_word' id='word_1_74' title='bbox 4463 1278 4882 1342; x_wconf 86' lang='lat' dir='ltr'><strong>permanserint.</strong></span> 
     </span>
    </p>
   </div>
   <div class='ocr_carea' id='block_1_10' title="bbox 1954 1365 5144 1444">
    <p class='ocr_par' dir='ltr' id='par_1_10' title="bbox 1954 1365 5144 1444">
     <span class='ocr_line' id='line_1_10' title="bbox 1954 1365 5144 1444; baseline 0.001 -21"><span class='ocrx_word' id='word_1_75' title='bbox 1954 1368 2085 1423; x_wconf 66' lang='lat' dir='ltr'><strong>Car.</strong></span> <span class='ocrx_word' id='word_1_76' title='bbox 2126 1367 2221 1425; x_wconf 75' lang='lat' dir='ltr'><strong>XI.</strong></span> <span class='ocrx_word' id='word_1_77' title='bbox 2259 1371 2433 1444; x_wconf 87' lang='lat' dir='ltr'><strong>Quod,</strong></span> <span class='ocrx_word' id='word_1_78' title='bbox 2467 1386 2588 1425; x_wconf 91' lang='lat' dir='ltr'><strong>cum</strong></span> <span class='ocrx_word' id='word_1_79' title='bbox 2620 1381 2766 1426; x_wconf 90' lang='lat' dir='ltr'><strong>esset</strong></span> <span class='ocrx_word' id='word_1_80' title='bbox 2807 1370 2949 1426; x_wconf 92' lang='lat' dir='ltr'><strong>Deus</strong></span> <span class='ocrx_word' id='word_1_81' title='bbox 3002 1369 3259 1433; x_wconf 80' lang='lat' dir='ltr'><strong>Verbum,</strong></span> <span class='ocrx_word' id='word_1_82' title='bbox 3298 1367 3470 1422; x_wconf 79' lang='lat' dir='ltr'><strong>lactus</strong></span> <span class='ocrx_word' id='word_1_83' title='bbox 3513 1367 3583 1422; x_wconf 87' lang='lat' dir='ltr'><strong>sit</strong></span> <span class='ocrx_word' id='word_1_84' title='bbox 3618 1367 3798 1430; x_wconf 92' lang='lat' dir='ltr'><strong>homo,</strong></span> <span class='ocrx_word' id='word_1_85' title='bbox 3848 1381 3949 1421; x_wconf 90' lang='lat' dir='ltr'><strong>nec</strong></span> <span class='ocrx_word' id='word_1_86' title='bbox 4000 1367 4159 1420; x_wconf 91' lang='lat' dir='ltr'><strong>homo</strong></span> <span class='ocrx_word' id='word_1_87' title='bbox 4201 1365 4542 1434; x_wconf 86' lang='lat' dir='ltr'><strong>simpliciter,</strong></span> <span class='ocrx_word' id='word_1_88' title='bbox 4583 1369 4724 1422; x_wconf 90' lang='lat' dir='ltr'><strong>nuda</strong></span> <span class='ocrx_word' id='word_1_89' title='bbox 4757 1369 5144 1439; x_wconf 82' lang='lat' dir='ltr'><strong>conjunctione</strong></span> 
     </span>
    </p>
   </div>
   <div class='ocr_carea' id='block_1_11' title="bbox 1887 1457 4923 1535">
    <p class='ocr_par' dir='ltr' id='par_1_11' title="bbox 1887 1457 4923 1535">
     <span class='ocr_line' id='line_1_11' title="bbox 1887 1457 4923 1535; baseline -0.001 -19"><span class='ocrx_word' id='word_1_90' title='bbox 1887 1462 2203 1526; x_wconf 86' lang='lat' dir='ltr'><strong>honoratus,</strong></span> <span class='ocrx_word' id='word_1_91' title='bbox 2235 1473 2461 1524; x_wconf 84' lang='lat' dir='ltr'><strong>vocatus</strong></span> <span class='ocrx_word' id='word_1_92' title='bbox 2488 1465 2558 1519; x_wconf 89' lang='lat' dir='ltr'><strong>sit</strong></span> <span class='ocrx_word' id='word_1_93' title='bbox 2585 1465 2652 1519; x_wconf 91' lang='lat' dir='ltr'><strong>ad</strong></span> <span class='ocrx_word' id='word_1_94' title='bbox 2684 1479 2864 1534; x_wconf 89' lang='lat' dir='ltr'><strong>parem</strong></span> <span class='ocrx_word' id='word_1_95' title='bbox 2892 1464 3208 1535; x_wconf 85' lang='lat' dir='ltr'><strong>dignitatem</strong></span> <span class='ocrx_word' id='word_1_96' title='bbox 3237 1462 3328 1516; x_wconf 83' lang='lat' dir='ltr'><strong>Dei</strong></span> <span class='ocrx_word' id='word_1_97' title='bbox 3362 1460 3546 1523; x_wconf 89' lang='lat' dir='ltr'><strong>Verbi,</strong></span> <span class='ocrx_word' id='word_1_98' title='bbox 3581 1461 3694 1515; x_wconf 88' lang='lat' dir='ltr'><strong>sive</strong></span> <span class='ocrx_word' id='word_1_99' title='bbox 3727 1459 4128 1525; x_wconf 85' lang='lat' dir='ltr'><strong>auctoritatem,</strong></span> <span class='ocrx_word' id='word_1_100' title='bbox 4165 1460 4307 1516; x_wconf 89' lang='lat' dir='ltr'><strong>sicut</strong></span> <span class='ocrx_word' id='word_1_101' title='bbox 4336 1457 4657 1528; x_wconf 87' lang='lat' dir='ltr'><strong>quibusdam</strong></span> <span class='ocrx_word' id='word_1_102' title='bbox 4691 1460 4923 1516; x_wconf 86' lang='lat' dir='ltr'><strong>videtur.</strong></span> 
     </span>
    </p>
   </div>
   <div class='ocr_carea' id='block_1_12' title="bbox 1954 1554 3999 1624">
    <p class='ocr_par' dir='ltr' id='par_1_12' title="bbox 1954 1554 3999 1624">
     <span class='ocr_line' id='line_1_12' title="bbox 1954 1554 3999 1624; baseline 0 -16"><span class='ocrx_word' id='word_1_103' title='bbox 1954 1555 2084 1608; x_wconf 60' lang='lat' dir='ltr'><strong>Car.</strong></span> <span class='ocrx_word' id='word_1_104' title='bbox 2128 1555 2244 1610; x_wconf 83' lang='lat' dir='ltr'><strong>XII.</strong></span> <span class='ocrx_word' id='word_1_105' title='bbox 2278 1557 2430 1624; x_wconf 91' lang='lat' dir='ltr'><strong>Quod</strong></span> <span class='ocrx_word' id='word_1_106' title='bbox 2456 1559 2704 1614; x_wconf 89' lang='lat' dir='ltr'><strong>Christus</strong></span> <span class='ocrx_word' id='word_1_107' title='bbox 2739 1557 2896 1614; x_wconf 87' lang='lat' dir='ltr'><strong>Jesus</strong></span> <span class='ocrx_word' id='word_1_108' title='bbox 2919 1567 3138 1613; x_wconf 76' lang='lat' dir='ltr'><strong>vocetur</strong></span> <span class='ocrx_word' id='word_1_109' title='bbox 3162 1559 3324 1612; x_wconf 90' lang='lat' dir='ltr'><strong>homo</strong></span> <span class='ocrx_word' id='word_1_110' title='bbox 3355 1556 3530 1611; x_wconf 80' lang='lat' dir='ltr'><strong>factus</strong></span> <span class='ocrx_word' id='word_1_111' title='bbox 3559 1555 3702 1611; x_wconf 89' lang='lat' dir='ltr'><strong>Deus</strong></span> <span class='ocrx_word' id='word_1_112' title='bbox 3737 1554 3999 1610; x_wconf 83' lang='lat' dir='ltr'><strong>Verbum.</strong></span> 
     </span>
    </p>
   </div>
   <div class='ocr_carea' id='block_1_13' title="bbox 1951 1645 5136 1718">
    <p class='ocr_par' dir='ltr' id='par_1_13' title="bbox 1951 1645 5136 1718">
     <span class='ocr_line' id='line_1_13' title="bbox 1951 1645 5136 1718; baseline 0 -18"><span class='ocrx_word' id='word_1_113' title='bbox 1951 1645 2080 1700; x_wconf 82' lang='lat' dir='ltr'><strong>CAP.</strong></span> <span class='ocrx_word' id='word_1_114' title='bbox 2123 1647 2264 1704; x_wconf 80' lang='lat' dir='ltr'><strong>XIII.</strong></span> <span class='ocrx_word' id='word_1_115' title='bbox 2300 1649 2452 1716; x_wconf 92' lang='lat' dir='ltr'><strong>Quod</strong></span> <span class='ocrx_word' id='word_1_116' title='bbox 2478 1649 2728 1706; x_wconf 86' lang='lat' dir='ltr'><strong>Christus</strong></span> <span class='ocrx_word' id='word_1_117' title='bbox 2750 1666 2854 1704; x_wconf 91' lang='lat' dir='ltr'><strong>non</strong></span> <span class='ocrx_word' id='word_1_118' title='bbox 2895 1651 2966 1705; x_wconf 91' lang='lat' dir='ltr'><strong>sit</strong></span> <span class='ocrx_word' id='word_1_119' title='bbox 2989 1650 3151 1705; x_wconf 91' lang='lat' dir='ltr'><strong>homo</strong></span> <span class='ocrx_word' id='word_1_120' title='bbox 3177 1648 3480 1718; x_wconf 83' lang='grc' dir='ltr'><strong>Θεοφόρος,</strong></span> <span class='ocrx_word' id='word_1_121' title='bbox 3516 1662 3616 1703; x_wconf 91' lang='lat' dir='ltr'><strong>nec</strong></span> <span class='ocrx_word' id='word_1_122' title='bbox 3647 1646 3966 1715; x_wconf 84' lang='lat' dir='ltr'><strong>simpliciter</strong></span> <span class='ocrx_word' id='word_1_123' title='bbox 4004 1648 4058 1702; x_wconf 92' lang='lat' dir='ltr'><strong>in</strong></span> <span class='ocrx_word' id='word_1_124' title='bbox 4106 1647 4324 1703; x_wconf 86' lang='lat' dir='ltr'><strong>homine</strong></span> <span class='ocrx_word' id='word_1_125' title='bbox 4369 1646 4690 1703; x_wconf 86' lang='lat' dir='ltr'><strong>inhabitarit</strong></span> <span class='ocrx_word' id='word_1_126' title='bbox 4723 1647 4819 1702; x_wconf 87' lang='lat' dir='ltr'><strong>Dei</strong></span> <span class='ocrx_word' id='word_1_127' title='bbox 4868 1645 5136 1714; x_wconf 87' lang='lat' dir='ltr'><strong>Verbum;</strong></span> 
     </span>
    </p>
   </div>
   <div class='ocr_carea' id='block_1_14' title="bbox 1885 1737 4030 1811">
    <p class='ocr_par' dir='ltr' id='par_1_14' title="bbox 1885 1737 4030 1811">
     <span class='ocr_line' id='line_1_14' title="bbox 1885 1737 4030 1811; baseline 0.002 -23"><span class='ocrx_word' id='word_1_128' title='bbox 1885 1737 1979 1789; x_wconf 89' lang='lat' dir='ltr'><strong>sed</strong></span> <span class='ocrx_word' id='word_1_129' title='bbox 2003 1739 2171 1807; x_wconf 89' lang='lat' dir='ltr'><strong>magis</strong></span> <span class='ocrx_word' id='word_1_130' title='bbox 2201 1756 2330 1796; x_wconf 90' lang='lat' dir='ltr'><strong>caro</strong></span> <span class='ocrx_word' id='word_1_131' title='bbox 2360 1743 2430 1795; x_wconf 84' lang='lat' dir='ltr'><strong>sit</strong></span> <span class='ocrx_word' id='word_1_132' title='bbox 2453 1743 2682 1808; x_wconf 81' lang='lat' dir='ltr'><strong>factum,</strong></span> <span class='ocrx_word' id='word_1_133' title='bbox 2709 1742 2824 1796; x_wconf 87' lang='lat' dir='ltr'><strong>sive</strong></span> <span class='ocrx_word' id='word_1_134' title='bbox 2851 1743 3014 1796; x_wconf 91' lang='lat' dir='ltr'><strong>homo</strong></span> <span class='ocrx_word' id='word_1_135' title='bbox 3045 1742 3336 1811; x_wconf 79' lang='lat' dir='ltr'><strong>perfectus,</strong></span> <span class='ocrx_word' id='word_1_136' title='bbox 3361 1739 3659 1794; x_wconf 90' lang='lat' dir='ltr'><strong>secundum</strong></span> <span class='ocrx_word' id='word_1_137' title='bbox 3695 1738 4030 1808; x_wconf 82' lang='lat' dir='ltr'><strong>St-ripturas.</strong></span> 
     </span>
    </p>
   </div>
   <div class='ocr_carea' id='block_1_15' title="bbox 1951 1827 4036 1901">
    <p class='ocr_par' dir='ltr' id='par_1_15' title="bbox 1951 1827 4036 1901">
     <span class='ocr_line' id='line_1_15' title="bbox 1951 1827 4036 1901; baseline -0.001 -18"><span class='ocrx_word' id='word_1_138' title='bbox 1951 1828 2082 1884; x_wconf 70' lang='lat' dir='ltr'><strong>Car.</strong></span> <span class='ocrx_word' id='word_1_139' title='bbox 2125 1828 2262 1884; x_wconf 80' lang='lat' dir='ltr'><strong>XIV.</strong></span> <span class='ocrx_word' id='word_1_140' title='bbox 2302 1830 2450 1884; x_wconf 83' lang='lat' dir='ltr'><strong>Dicta</strong></span> <span class='ocrx_word' id='word_1_141' title='bbox 2485 1831 2799 1900; x_wconf 87' lang='lat' dir='ltr'><strong>apostolica,</strong></span> <span class='ocrx_word' id='word_1_142' title='bbox 2827 1831 2880 1885; x_wconf 92' lang='lat' dir='ltr'><strong>in</strong></span> <span class='ocrx_word' id='word_1_143' title='bbox 2916 1831 3116 1901; x_wconf 88' lang='lat' dir='ltr'><strong>quibus</strong></span> <span class='ocrx_word' id='word_1_144' title='bbox 3148 1829 3290 1883; x_wconf 91' lang='lat' dir='ltr'><strong>Deus</strong></span> <span class='ocrx_word' id='word_1_145' title='bbox 3322 1829 3630 1883; x_wconf 89' lang='lat' dir='ltr'><strong>nominatus</strong></span> <span class='ocrx_word' id='word_1_146' title='bbox 3660 1827 3731 1882; x_wconf 87' lang='lat' dir='ltr'><strong>sit</strong></span> <span class='ocrx_word' id='word_1_147' title='bbox 3766 1827 4036 1882; x_wconf 81' lang='lat' dir='ltr'><strong>Christus.</strong></span> 
     </span>
    </p>
   </div>
   <div class='ocr_carea' id='block_1_16' title="bbox 1951 1918 5138 1995">
    <p class='ocr_par' dir='ltr' id='par_1_16' title="bbox 1951 1918 5138 1995">
     <span class='ocr_line' id='line_1_16' title="bbox 1951 1918 5138 1995; baseline -0 -20"><span class='ocrx_word' id='word_1_148' title='bbox 1951 1921 2081 1975; x_wconf 62' lang='lat' dir='ltr'><strong>Car.</strong></span> <span class='ocrx_word' id='word_1_149' title='bbox 2125 1918 2239 1975; x_wconf 75' lang='lat' dir='ltr'><strong>XV.</strong></span> <span class='ocrx_word' id='word_1_150' title='bbox 2275 1921 2556 1987; x_wconf 88' lang='lat' dir='ltr'><strong>Quomodo</strong></span> <span class='ocrx_word' id='word_1_151' title='bbox 2585 1932 2837 1993; x_wconf 89' lang='lat' dir='ltr'><strong>oporteat</strong></span> <span class='ocrx_word' id='word_1_152' title='bbox 2865 1923 3202 1995; x_wconf 77' lang='lat' dir='ltr'><strong>intelligere:</strong></span> <span class='ocrx_word' id='word_1_153' title='bbox 3241 1920 3462 1976; x_wconf 82' lang='lat' dir='ltr'><strong>Verbum</strong></span> <span class='ocrx_word' id='word_1_154' title='bbox 3501 1935 3626 1975; x_wconf 82' lang='lat' dir='ltr'><strong>caro</strong></span> <span class='ocrx_word' id='word_1_155' title='bbox 3674 1921 3874 1989; x_wconf 82' lang='lat' dir='ltr'><strong>factum</strong></span> <span class='ocrx_word' id='word_1_156' title='bbox 3918 1930 4016 1986; x_wconf 82' lang='lat' dir='ltr'><strong>est,</strong></span> <span class='ocrx_word' id='word_1_157' title='bbox 4053 1931 4103 1975; x_wconf 85' lang='lat' dir='ltr'><strong>et</strong></span> <span class='ocrx_word' id='word_1_158' title='bbox 4136 1922 4384 1978; x_wconf 79' lang='lat' dir='ltr'><strong>habitarit</strong></span> <span class='ocrx_word' id='word_1_159' title='bbox 4428 1923 4482 1978; x_wconf 79' lang='lat' dir='ltr'><strong>in</strong></span> <span class='ocrx_word' id='word_1_160' title='bbox 4529 1923 4675 1978; x_wconf 84' lang='lat' dir='ltr'><strong>nobis</strong></span> <span class='ocrx_word' id='word_1_161' title='bbox 4708 1938 4728 1977; x_wconf 91' lang='lat'><strong><em>:</em></strong></span> <span class='ocrx_word' id='word_1_162' title='bbox 4773 1931 4828 1976; x_wconf 90' lang='lat' dir='ltr'><strong>et</strong></span> <span class='ocrx_word' id='word_1_163' title='bbox 4869 1919 5138 1991; x_wconf 86' lang='lat' dir='ltr'><strong>quomodo</strong></span> 
     </span>
    </p>
   </div>
   <div class='ocr_carea' id='block_1_17' title="bbox 1882 2011 4180 2086">
    <p class='ocr_par' dir='ltr' id='par_1_17' title="bbox 1882 2011 4180 2086">
     <span class='ocr_line' id='line_1_17' title="bbox 1882 2011 4180 2086; baseline 0 -19"><span class='ocrx_word' id='word_1_164' title='bbox 1882 2011 2114 2067; x_wconf 85' lang='lat' dir='ltr'><strong>mittitur</strong></span> <span class='ocrx_word' id='word_1_165' title='bbox 2147 2011 2381 2068; x_wconf 91' lang='lat' dir='ltr'><strong>Verbum</strong></span> <span class='ocrx_word' id='word_1_166' title='bbox 2413 2017 2556 2084; x_wconf 93' lang='lat' dir='ltr'><strong>quod</strong></span> <span class='ocrx_word' id='word_1_167' title='bbox 2587 2016 2728 2071; x_wconf 88' lang='lat' dir='ltr'><strong>Deus</strong></span> <span class='ocrx_word' id='word_1_168' title='bbox 2761 2025 2884 2082; x_wconf 91' lang='lat' dir='ltr'><strong>est;</strong></span> <span class='ocrx_word' id='word_1_169' title='bbox 2913 2015 3180 2086; x_wconf 91' lang='lat' dir='ltr'><strong>quomodo</strong></span> <span class='ocrx_word' id='word_1_170' title='bbox 3216 2015 3490 2083; x_wconf 86' lang='lat' dir='ltr'><strong>proprium</strong></span> <span class='ocrx_word' id='word_1_171' title='bbox 3527 2012 3694 2080; x_wconf 85' lang='lat' dir='ltr'><strong>ipsius</strong></span> <span class='ocrx_word' id='word_1_172' title='bbox 3733 2012 3930 2067; x_wconf 89' lang='lat' dir='ltr'><strong>dicitur</strong></span> <span class='ocrx_word' id='word_1_173' title='bbox 3961 2028 4180 2083; x_wconf 88' lang='lat' dir='ltr'><strong>corpus.</strong></span> 
     </span>
    </p>
   </div>
   <div class='ocr_carea' id='block_1_18' title="bbox 1949 2102 3685 2178">
    <p class='ocr_par' dir='ltr' id='par_1_18' title="bbox 1949 2102 3685 2178">
     <span class='ocr_line' id='line_1_18' title="bbox 1949 2102 3685 2178; baseline 0 -20"><span class='ocrx_word' id='word_1_174' title='bbox 1949 2102 2079 2158; x_wconf 62' lang='lat' dir='ltr'><strong>Car.</strong></span> <span class='ocrx_word' id='word_1_175' title='bbox 2124 2104 2264 2159; x_wconf 82' lang='lat' dir='ltr'><strong>XVI.</strong></span> <span class='ocrx_word' id='word_1_176' title='bbox 2300 2106 2587 2172; x_wconf 90' lang='lat' dir='ltr'><strong>Quomodo</strong></span> <span class='ocrx_word' id='word_1_177' title='bbox 2623 2107 2956 2178; x_wconf 88' lang='lat' dir='ltr'><strong>intelligatur</strong></span> <span class='ocrx_word' id='word_1_178' title='bbox 2988 2107 3249 2171; x_wconf 81' lang='grc' dir='ltr'><strong>Θεοτόκος</strong></span> <span class='ocrx_word' id='word_1_179' title='bbox 3285 2107 3445 2178; x_wconf 84' lang='lat' dir='ltr'><strong>Virgo</strong></span> <span class='ocrx_word' id='word_1_180' title='bbox 3477 2115 3685 2160; x_wconf 87' lang='lat' dir='ltr'><strong>sancta.</strong></span> 
     </span>
    </p>
   </div>
   <div class='ocr_carea' id='block_1_19' title="bbox 1947 2195 3963 2268">
    <p class='ocr_par' dir='ltr' id='par_1_19' title="bbox 1947 2195 3963 2268">
     <span class='ocr_line' id='line_1_19' title="bbox 1947 2195 3963 2268; baseline -0.001 -18"><span class='ocrx_word' id='word_1_181' title='bbox 1947 2196 2076 2250; x_wconf 66' lang='lat' dir='ltr'><strong>Car.</strong></span> <span class='ocrx_word' id='word_1_182' title='bbox 2118 2195 2284 2252; x_wconf 82' lang='lat' dir='ltr'><strong>XVII.</strong></span> <span class='ocrx_word' id='word_1_183' title='bbox 2323 2198 2476 2266; x_wconf 88' lang='lat' dir='ltr'><strong>Quod</strong></span> <span class='ocrx_word' id='word_1_184' title='bbox 2504 2200 2644 2254; x_wconf 92' lang='lat' dir='ltr'><strong>Deus</strong></span> <span class='ocrx_word' id='word_1_185' title='bbox 2674 2200 2987 2254; x_wconf 88' lang='lat' dir='ltr'><strong>nominetur</strong></span> <span class='ocrx_word' id='word_1_186' title='bbox 3009 2210 3063 2254; x_wconf 92' lang='lat' dir='ltr'><strong>et</strong></span> <span class='ocrx_word' id='word_1_187' title='bbox 3097 2202 3279 2263; x_wconf 89' lang='lat' dir='ltr'><strong>homo,</strong></span> <span class='ocrx_word' id='word_1_188' title='bbox 3318 2213 3588 2268; x_wconf 84' lang='lat' dir='ltr'><strong>apparens</strong></span> <span class='ocrx_word' id='word_1_189' title='bbox 3621 2196 3963 2268; x_wconf 86' lang='lat' dir='ltr'><strong>Unigenitus.</strong></span> 
     </span>
    </p>
   </div>
   <div class='ocr_carea' id='block_1_20' title="bbox 1947 2288 5135 2362">
    <p class='ocr_par' dir='ltr' id='par_1_20' title="bbox 1947 2288 5135 2362">
     <span class='ocr_line' id='line_1_20' title="bbox 1947 2288 5135 2362; baseline 0.001 -19"><span class='ocrx_word' id='word_1_190' title='bbox 1947 2288 2077 2344; x_wconf 67' lang='lat' dir='ltr'><strong>Car.</strong></span> <span class='ocrx_word' id='word_1_191' title='bbox 2121 2290 2309 2346; x_wconf 78' lang='lat' dir='ltr'><strong>XVIII.</strong></span> <span class='ocrx_word' id='word_1_192' title='bbox 2349 2291 2422 2347; x_wconf 91' lang='lat' dir='ltr'><strong>De</strong></span> <span class='ocrx_word' id='word_1_193' title='bbox 2457 2292 2658 2347; x_wconf 90' lang='lat' dir='ltr'><strong>Christi</strong></span> <span class='ocrx_word' id='word_1_194' title='bbox 2687 2293 2961 2362; x_wconf 87' lang='lat' dir='ltr'><strong>passione,</strong></span> <span class='ocrx_word' id='word_1_195' title='bbox 2994 2291 3139 2362; x_wconf 93' lang='lat' dir='ltr'><strong>quod</strong></span> <span class='ocrx_word' id='word_1_196' title='bbox 3167 2291 3294 2347; x_wconf 90' lang='lat' dir='ltr'><strong>utile</strong></span> <span class='ocrx_word' id='word_1_197' title='bbox 3329 2292 3419 2347; x_wconf 92' lang='lat' dir='ltr'><strong>sit.</strong></span> <span class='ocrx_word' id='word_1_198' title='bbox 3459 2291 3610 2359; x_wconf 88' lang='lat' dir='ltr'><strong>Quod</strong></span> <span class='ocrx_word' id='word_1_199' title='bbox 3651 2292 3947 2346; x_wconf 90' lang='lat' dir='ltr'><strong>secundum</strong></span> <span class='ocrx_word' id='word_1_200' title='bbox 3983 2289 4127 2345; x_wconf 88' lang='lat' dir='ltr'><strong>aliud</strong></span> <span class='ocrx_word' id='word_1_201' title='bbox 4163 2298 4220 2345; x_wconf 92' lang='lat' dir='ltr'><strong>et</strong></span> <span class='ocrx_word' id='word_1_202' title='bbox 4251 2289 4398 2344; x_wconf 89' lang='lat' dir='ltr'><strong>aliud</strong></span> <span class='ocrx_word' id='word_1_203' title='bbox 4446 2289 4515 2345; x_wconf 89' lang='lat' dir='ltr'><strong>de</strong></span> <span class='ocrx_word' id='word_1_204' title='bbox 4558 2303 4666 2344; x_wconf 88' lang='lat' dir='ltr'><strong>uno</strong></span> <span class='ocrx_word' id='word_1_205' title='bbox 4697 2290 4886 2346; x_wconf 86' lang='lat' dir='ltr'><strong>eodem</strong></span> <span class='ocrx_word' id='word_1_206' title='bbox 4915 2289 5135 2360; x_wconf 88' lang='lat' dir='ltr'><strong>dicitur,</strong></span> 
     </span>
    </p>
   </div>
   <div class='ocr_carea' id='block_1_21' title="bbox 1878 2384 2541 2444">
    <p class='ocr_par' dir='ltr' id='par_1_21' title="bbox 1878 2384 2541 2444">
     <span class='ocr_line' id='line_1_21' title="bbox 1878 2384 2541 2444; baseline 0.006 -9"><span class='ocrx_word' id='word_1_207' title='bbox 1878 2397 1979 2437; x_wconf 86' lang='lat' dir='ltr'><strong>nec</strong></span> <span class='ocrx_word' id='word_1_208' title='bbox 2007 2384 2296 2441; x_wconf 84' lang='lat' dir='ltr'><strong>dividimus</strong></span> <span class='ocrx_word' id='word_1_209' title='bbox 2333 2386 2383 2440; x_wconf 91' lang='lat' dir='ltr'><strong>in</strong></span> <span class='ocrx_word' id='word_1_210' title='bbox 2415 2384 2541 2444; x_wconf 90' lang='lat' dir='ltr'><strong>duo.</strong></span> 
     </span>
    </p>
   </div>
   <div class='ocr_carea' id='block_1_22' title="bbox 1947 2475 4696 2550">
    <p class='ocr_par' dir='ltr' id='par_1_22' title="bbox 1947 2475 4696 2550">
     <span class='ocr_line' id='line_1_22' title="bbox 1947 2475 4696 2550; baseline 0 -21"><span class='ocrx_word' id='word_1_211' title='bbox 1947 2476 2077 2529; x_wconf 79' lang='lat' dir='ltr'><strong>CAP.</strong></span> <span class='ocrx_word' id='word_1_212' title='bbox 2119 2475 2263 2532; x_wconf 80' lang='lat' dir='ltr'><strong>XIX.</strong></span> <span class='ocrx_word' id='word_1_213' title='bbox 2307 2478 2580 2534; x_wconf 80' lang='lat' dir='ltr'><strong>Adversus</strong></span> <span class='ocrx_word' id='word_1_214' title='bbox 2613 2477 2735 2536; x_wconf 91' lang='lat' dir='ltr'><strong>illos</strong></span> <span class='ocrx_word' id='word_1_215' title='bbox 2766 2480 2861 2550; x_wconf 90' lang='lat' dir='ltr'><strong>qui</strong></span> <span class='ocrx_word' id='word_1_216' title='bbox 2898 2479 3072 2542; x_wconf 91' lang='lat' dir='ltr'><strong>aiunt,</strong></span> <span class='ocrx_word' id='word_1_217' title='bbox 3103 2478 3246 2548; x_wconf 83' lang='lat' dir='ltr'><strong>quod</strong></span> <span class='ocrx_word' id='word_1_218' title='bbox 3284 2476 3397 2532; x_wconf 89' lang='lat' dir='ltr'><strong>sola</strong></span> <span class='ocrx_word' id='word_1_219' title='bbox 3432 2475 3692 2532; x_wconf 87' lang='lat' dir='ltr'><strong>relatione</strong></span> <span class='ocrx_word' id='word_1_220' title='bbox 3724 2475 3892 2529; x_wconf 89' lang='lat' dir='ltr'><strong>Deum</strong></span> <span class='ocrx_word' id='word_1_221' title='bbox 3916 2475 4152 2530; x_wconf 86' lang='lat' dir='ltr'><strong>Verbum</strong></span> <span class='ocrx_word' id='word_1_222' title='bbox 4177 2475 4404 2531; x_wconf 88' lang='lat' dir='ltr'><strong>deceant</strong></span> <span class='ocrx_word' id='word_1_223' title='bbox 4437 2475 4696 2531; x_wconf 89' lang='lat' dir='ltr'><strong>humana.</strong></span> 
     </span>
    </p>
   </div>
   <div class='ocr_carea' id='block_1_23' title="bbox 1947 2565 5136 2641">
    <p class='ocr_par' dir='ltr' id='par_1_23' title="bbox 1947 2565 5136 2641">
     <span class='ocr_line' id='line_1_23' title="bbox 1947 2565 5136 2641; baseline 0.001 -18"><span class='ocrx_word' id='word_1_224' title='bbox 1947 2569 2059 2624; x_wconf 87' lang='lat' dir='ltr'><strong>Etsi</strong></span> <span class='ocrx_word' id='word_1_225' title='bbox 2093 2584 2254 2639; x_wconf 92' lang='lat' dir='ltr'><strong>porro</strong></span> <span class='ocrx_word' id='word_1_226' title='bbox 2283 2570 2523 2639; x_wconf 90' lang='lat' dir='ltr'><strong>quinque</strong></span> <span class='ocrx_word' id='word_1_227' title='bbox 2561 2573 2763 2640; x_wconf 88' lang='lat' dir='ltr'><strong>capita,</strong></span> <span class='ocrx_word' id='word_1_228' title='bbox 2800 2585 2971 2641; x_wconf 89' lang='lat' dir='ltr'><strong>eaque</strong></span> <span class='ocrx_word' id='word_1_229' title='bbox 3012 2569 3245 2640; x_wconf 88' lang='lat' dir='ltr'><strong>prolixa,</strong></span> <span class='ocrx_word' id='word_1_230' title='bbox 3270 2583 3391 2640; x_wconf 73' lang='lat' dir='ltr'><strong>quae</strong></span> <span class='ocrx_word' id='word_1_231' title='bbox 3423 2567 3584 2638; x_wconf 91' lang='lat' dir='ltr'><strong>vulgo</strong></span> <span class='ocrx_word' id='word_1_232' title='bbox 3623 2569 3900 2635; x_wconf 82' lang='lat' dir='ltr'><strong>deﬁciunt,</strong></span> <span class='ocrx_word' id='word_1_233' title='bbox 3939 2565 4214 2623; x_wconf 75' lang='lat' dir='ltr'><strong>Mariauus</strong></span> <span class='ocrx_word' id='word_1_234' title='bbox 4256 2566 4426 2623; x_wconf 78' lang='lat' dir='ltr'><strong>codex</strong></span> <span class='ocrx_word' id='word_1_235' title='bbox 4468 2567 4793 2638; x_wconf 85' lang='lat' dir='ltr'><strong>suppeditet.</strong></span> <span class='ocrx_word' id='word_1_236' title='bbox 4825 2568 4908 2620; x_wconf 82' lang='lat' dir='ltr'><strong>vix</strong></span> <span class='ocrx_word' id='word_1_237' title='bbox 4961 2571 5136 2626; x_wconf 88' lang='lat' dir='ltr'><strong>ausim</strong></span> 
     </span>
    </p>
   </div>
   <div class='ocr_carea' id='block_1_24' title="bbox 1877 2660 5139 2736">
    <p class='ocr_par' dir='ltr' id='par_1_24' title="bbox 1877 2660 5139 2736">
     <span class='ocr_line' id='line_1_24' title="bbox 1877 2660 5139 2736; baseline 0.002 -23"><span class='ocrx_word' id='word_1_238' title='bbox 1877 2671 2056 2715; x_wconf 88' lang='lat' dir='ltr'><strong>tamen</strong></span> <span class='ocrx_word' id='word_1_239' title='bbox 2080 2665 2364 2731; x_wconf 91' lang='lat' dir='ltr'><strong>spondere,</strong></span> <span class='ocrx_word' id='word_1_240' title='bbox 2390 2666 2689 2719; x_wconf 90' lang='lat' dir='ltr'><strong>etiamnum</strong></span> <span class='ocrx_word' id='word_1_241' title='bbox 2715 2666 2986 2734; x_wconf 80' lang='lat' dir='ltr'><strong>integrum</strong></span> <span class='ocrx_word' id='word_1_242' title='bbox 3009 2681 3145 2736; x_wconf 87' lang='lat' dir='ltr'><strong>opus</strong></span> <span class='ocrx_word' id='word_1_243' title='bbox 3173 2665 3282 2731; x_wconf 91' lang='lat' dir='ltr'><strong>edi,</strong></span> <span class='ocrx_word' id='word_1_244' title='bbox 3309 2665 3353 2720; x_wconf 89' lang='lat' dir='ltr'><strong>si</strong></span> <span class='ocrx_word' id='word_1_245' title='bbox 3383 2680 3486 2735; x_wconf 91' lang='lat' dir='ltr'><strong>qua</strong></span> <span class='ocrx_word' id='word_1_246' title='bbox 3514 2665 3647 2720; x_wconf 73' lang='lat' dir='ltr'><strong>ﬁdes</strong></span> <span class='ocrx_word' id='word_1_247' title='bbox 3673 2663 3961 2718; x_wconf 82' lang='lat' dir='ltr'><strong>Anastasio</strong></span> <span class='ocrx_word' id='word_1_248' title='bbox 3997 2661 4222 2718; x_wconf 71' lang='lat' dir='ltr'><strong>Sinaitte</strong></span> <span class='ocrx_word' id='word_1_249' title='bbox 4254 2678 4272 2715; x_wconf 87' lang='lat'><strong>:</strong></span> <span class='ocrx_word' id='word_1_250' title='bbox 4302 2663 4434 2717; x_wconf 85' lang='lat' dir='ltr'><strong>citat</strong></span> <span class='ocrx_word' id='word_1_251' title='bbox 4457 2663 4602 2717; x_wconf 89' lang='lat' dir='ltr'><strong>enim</strong></span> <span class='ocrx_word' id='word_1_252' title='bbox 4635 2660 4814 2717; x_wconf 90' lang='lat' dir='ltr'><strong>locum</strong></span> <span class='ocrx_word' id='word_1_253' title='bbox 4838 2663 4905 2718; x_wconf 86' lang='lat' dir='ltr'><strong>de</strong></span> <span class='ocrx_word' id='word_1_254' title='bbox 4934 2672 5139 2719; x_wconf 83' lang='lat' dir='ltr'><strong>statere</strong></span> 
     </span>
    </p>
   </div>
   <div class='ocr_carea' id='block_1_25' title="bbox 1877 2757 5136 2833">
    <p class='ocr_par' dir='ltr' id='par_1_25' title="bbox 1877 2757 5136 2833">
     <span class='ocr_line' id='line_1_25' title="bbox 1877 2757 5136 2833; baseline 0.001 -22"><span class='ocrx_word' id='word_1_255' title='bbox 1877 2769 2092 2825; x_wconf 87' lang='lat' dir='ltr'><strong>reperto</strong></span> <span class='ocrx_word' id='word_1_256' title='bbox 2144 2759 2198 2813; x_wconf 93' lang='lat' dir='ltr'><strong>in</strong></span> <span class='ocrx_word' id='word_1_257' title='bbox 2247 2773 2346 2815; x_wconf 85' lang='lat' dir='ltr'><strong>ore</strong></span> <span class='ocrx_word' id='word_1_258' title='bbox 2389 2762 2577 2829; x_wconf 90' lang='lat' dir='ltr'><strong>piscis,</strong></span> <span class='ocrx_word' id='word_1_259' title='bbox 2605 2762 2695 2832; x_wconf 89' lang='lat' dir='ltr'><strong>qui</strong></span> <span class='ocrx_word' id='word_1_260' title='bbox 2739 2778 2846 2819; x_wconf 93' lang='lat' dir='ltr'><strong>non</strong></span> <span class='ocrx_word' id='word_1_261' title='bbox 2891 2763 3165 2833; x_wconf 91' lang='lat' dir='ltr'><strong>reperitur</strong></span> <span class='ocrx_word' id='word_1_262' title='bbox 3211 2764 3264 2819; x_wconf 90' lang='lat' dir='ltr'><strong>in</strong></span> <span class='ocrx_word' id='word_1_263' title='bbox 3323 2761 3582 2828; x_wconf 89' lang='lat' dir='ltr'><strong>Scholiis,</strong></span> <span class='ocrx_word' id='word_1_264' title='bbox 3627 2761 3926 2829; x_wconf 90' lang='lat' dir='ltr'><strong>cuiusmodi</strong></span> <span class='ocrx_word' id='word_1_265' title='bbox 3974 2774 4117 2815; x_wconf 89' lang='lat' dir='ltr'><strong>nunc</strong></span> <span class='ocrx_word' id='word_1_266' title='bbox 4168 2759 4456 2815; x_wconf 81' lang='lat' dir='ltr'><strong>habentur.-</strong></span> <span class='ocrx_word' id='word_1_267' title='bbox 4525 2757 4631 2814; x_wconf 87' lang='lat' dir='ltr'><strong>Sed</strong></span> <span class='ocrx_word' id='word_1_268' title='bbox 4665 2758 4822 2815; x_wconf 88' lang='lat' dir='ltr'><strong>valde</strong></span> <span class='ocrx_word' id='word_1_269' title='bbox 4861 2760 5136 2830; x_wconf 88' lang='lat' dir='ltr'><strong>suspicor,</strong></span> 
     </span>
    </p>
   </div>
   <div class='ocr_carea' id='block_1_26' title="bbox 1875 2850 5136 2927">
    <p class='ocr_par' dir='ltr' id='par_1_26' title="bbox 1875 2850 5136 2927">
     <span class='ocr_line' id='line_1_26' title="bbox 1875 2850 5136 2927; baseline 0.002 -26"><span class='ocrx_word' id='word_1_270' title='bbox 1875 2850 2223 2906; x_wconf 82' lang='lat' dir='ltr'><strong>Anastasinm</strong></span> <span class='ocrx_word' id='word_1_271' title='bbox 2253 2855 2514 2909; x_wconf 85' lang='lat' dir='ltr'><strong>memoria</strong></span> <span class='ocrx_word' id='word_1_272' title='bbox 2542 2855 2751 2923; x_wconf 90' lang='lat' dir='ltr'><strong>lapsum</strong></span> <span class='ocrx_word' id='word_1_273' title='bbox 2784 2870 2884 2926; x_wconf 91' lang='lat' dir='ltr'><strong>pro</strong></span> <span class='ocrx_word' id='word_1_274' title='bbox 2907 2857 3014 2912; x_wconf 90' lang='lat' dir='ltr'><strong>alio</strong></span> <span class='ocrx_word' id='word_1_275' title='bbox 3041 2870 3206 2927; x_wconf 78' lang='lat' dir='ltr'><strong>apere</strong></span> <span class='ocrx_word' id='word_1_276' title='bbox 3253 2855 3470 2912; x_wconf 88' lang='lat' dir='ltr'><strong>Scholia</strong></span> <span class='ocrx_word' id='word_1_277' title='bbox 3518 2857 3804 2925; x_wconf 84' lang='lat' dir='ltr'><strong>posuisse:</strong></span> <span class='ocrx_word' id='word_1_278' title='bbox 3849 2869 4024 2925; x_wconf 88' lang='lat' dir='ltr'><strong>eoque</strong></span> <span class='ocrx_word' id='word_1_279' title='bbox 4071 2852 4406 2924; x_wconf 84' lang='lat' dir='ltr'><strong>probabilior</strong></span> <span class='ocrx_word' id='word_1_280' title='bbox 4452 2853 4690 2922; x_wconf 87' lang='lat' dir='ltr'><strong>suspicio</strong></span> <span class='ocrx_word' id='word_1_281' title='bbox 4720 2854 4956 2917; x_wconf 88' lang='lat' dir='ltr'><strong>videtur,</strong></span> <span class='ocrx_word' id='word_1_282' title='bbox 4988 2854 5136 2923; x_wconf 91' lang='lat' dir='ltr'><strong>quod</strong></span> 
     </span>
    </p>
   </div>
   <div class='ocr_carea' id='block_1_27' title="bbox 1875 2939 5136 3018">
    <p class='ocr_par' dir='ltr' id='par_1_27' title="bbox 1875 2939 5136 3018">
     <span class='ocr_line' id='line_1_27' title="bbox 1875 2939 5136 3018; baseline 0.002 -26"><span class='ocrx_word' id='word_1_283' title='bbox 1875 2939 2072 2995; x_wconf 90' lang='lat' dir='ltr'><strong>librum</strong></span> <span class='ocrx_word' id='word_1_284' title='bbox 2098 2943 2295 3014; x_wconf 78' lang='grc' dir='ltr'><strong>ὁδηγοῦ</strong></span> <span class='ocrx_word' id='word_1_285' title='bbox 2327 2946 2705 3002; x_wconf 89' lang='lat' dir='ltr'><strong>recordatione</strong></span> <span class='ocrx_word' id='word_1_286' title='bbox 2731 2947 2913 3016; x_wconf 89' lang='lat' dir='ltr'><strong>potius</strong></span> <span class='ocrx_word' id='word_1_287' title='bbox 2941 2962 3103 3018; x_wconf 92' lang='lat' dir='ltr'><strong>quam</strong></span> <span class='ocrx_word' id='word_1_288' title='bbox 3130 2948 3361 3003; x_wconf 91' lang='lat' dir='ltr'><strong>lectione</strong></span> <span class='ocrx_word' id='word_1_289' title='bbox 3387 2956 3669 3002; x_wconf 87' lang='lat' dir='ltr'><strong>auctorum</strong></span> <span class='ocrx_word' id='word_1_290' title='bbox 3707 2962 3766 3002; x_wconf 90' lang='lat' dir='ltr'><strong>se</strong></span> <span class='ocrx_word' id='word_1_291' title='bbox 3793 2946 4166 3016; x_wconf 87' lang='lat' dir='ltr'><strong>composuisse</strong></span> <span class='ocrx_word' id='word_1_292' title='bbox 4195 2941 4423 3002; x_wconf 82' lang='lat' dir='ltr'><strong>testatus</strong></span> <span class='ocrx_word' id='word_1_293' title='bbox 4448 2944 4541 3008; x_wconf 91' lang='lat' dir='ltr'><strong>sit,</strong></span> <span class='ocrx_word' id='word_1_294' title='bbox 4573 2955 4899 3015; x_wconf 89' lang='lat' dir='ltr'><strong>moneatque</strong></span> <span class='ocrx_word' id='word_1_295' title='bbox 4930 2945 5136 3000; x_wconf 90' lang='lat' dir='ltr'><strong>idcirco</strong></span> 
     </span>
    </p>
   </div>
   <div class='ocr_carea' id='block_1_28' title="bbox 1875 3033 3784 3111">
    <p class='ocr_par' dir='ltr' id='par_1_28' title="bbox 1875 3033 3784 3111">
     <span class='ocr_line' id='line_1_28' title="bbox 1875 3033 3784 3111; baseline 0.004 -24"><span class='ocrx_word' id='word_1_296' title='bbox 1875 3033 2133 3090; x_wconf 86' lang='lat' dir='ltr'><strong>lectorem</strong></span> <span class='ocrx_word' id='word_1_297' title='bbox 2161 3041 2228 3092; x_wconf 89' lang='lat' dir='ltr'><strong>de</strong></span> <span class='ocrx_word' id='word_1_298' title='bbox 2250 3040 2706 3111; x_wconf 79' lang='lat' dir='ltr'><strong>recognoscendis</strong></span> <span class='ocrx_word' id='word_1_299' title='bbox 2735 3041 2820 3096; x_wconf 88' lang='lat' dir='ltr'><strong>vel</strong></span> <span class='ocrx_word' id='word_1_300' title='bbox 2855 3042 3018 3098; x_wconf 88' lang='lat' dir='ltr'><strong>etiam</strong></span> <span class='ocrx_word' id='word_1_301' title='bbox 3052 3041 3404 3097; x_wconf 89' lang='lat' dir='ltr'><strong>restituendis</strong></span> <span class='ocrx_word' id='word_1_302' title='bbox 3438 3042 3784 3098; x_wconf 89' lang='lat' dir='ltr'><strong>testimoniis.</strong></span> 
     </span>
    </p>
   </div>
   <div class='ocr_carea' id='block_1_29' title="bbox 1945 3125 5136 3203">
    <p class='ocr_par' dir='ltr' id='par_1_29' title="bbox 1945 3125 5136 3203">
     <span class='ocr_line' id='line_1_29' title="bbox 1945 3125 5136 3203; baseline 0.001 -22"><span class='ocrx_word' id='word_1_303' title='bbox 1945 3125 2244 3186; x_wconf 81' lang='lat' dir='ltr'><strong>Occasione</strong></span> <span class='ocrx_word' id='word_1_304' title='bbox 2293 3147 2454 3202; x_wconf 88' lang='lat' dir='ltr'><strong>porro</strong></span> <span class='ocrx_word' id='word_1_305' title='bbox 2488 3132 2853 3202; x_wconf 87' lang='lat' dir='ltr'><strong>Scholiorum,</strong></span> <span class='ocrx_word' id='word_1_306' title='bbox 2888 3149 2955 3189; x_wconf 87' lang='lat' dir='ltr'><strong>ex</strong></span> <span class='ocrx_word' id='word_1_307' title='bbox 3011 3134 3204 3203; x_wconf 89' lang='lat' dir='ltr'><strong>quibus</strong></span> <span class='ocrx_word' id='word_1_308' title='bbox 3257 3135 3355 3188; x_wconf 89' lang='lat' dir='ltr'><strong>tria</strong></span> <span class='ocrx_word' id='word_1_309' title='bbox 3417 3135 3725 3190; x_wconf 91' lang='lat' dir='ltr'><strong>testimonia</strong></span> <span class='ocrx_word' id='word_1_310' title='bbox 3770 3133 4148 3191; x_wconf 87' lang='lat' dir='ltr'><strong>Theodoretus</strong></span> <span class='ocrx_word' id='word_1_311' title='bbox 4192 3132 4415 3189; x_wconf 84' lang='lat' dir='ltr'><strong>adduxit</strong></span> <span class='ocrx_word' id='word_1_312' title='bbox 4463 3148 4517 3188; x_wconf 89' lang='lat' dir='ltr'><strong>tn</strong></span> <span class='ocrx_word' id='word_1_313' title='bbox 4567 3131 4808 3188; x_wconf 84' lang='lat' dir='ltr'><strong>secundo</strong></span> <span class='ocrx_word' id='word_1_314' title='bbox 4871 3130 5136 3186; x_wconf 68' lang='lat' dir='ltr'><strong>Eranistaa</strong></span> 
     </span>
    </p>
   </div>
   <div class='ocr_carea' id='block_1_30' title="bbox 1874 3215 5133 3293">
    <p class='ocr_par' dir='ltr' id='par_1_30' title="bbox 1874 3215 5133 3293">
     <span class='ocr_line' id='line_1_30' title="bbox 1874 3215 5133 3293; baseline 0.002 -23"><span class='ocrx_word' id='word_1_315' title='bbox 1874 3215 2107 3287; x_wconf 84' lang='lat' dir='ltr'><strong>dialogo,</strong></span> <span class='ocrx_word' id='word_1_316' title='bbox 2135 3220 2547 3288; x_wconf 71' lang='lat' dir='ltr'><strong>prmtermittere</strong></span> <span class='ocrx_word' id='word_1_317' title='bbox 2577 3237 2682 3276; x_wconf 91' lang='lat' dir='ltr'><strong>non</strong></span> <span class='ocrx_word' id='word_1_318' title='bbox 2712 3236 2960 3292; x_wconf 90' lang='lat' dir='ltr'><strong>possum,</strong></span> <span class='ocrx_word' id='word_1_319' title='bbox 2997 3222 3124 3290; x_wconf 91' lang='lat' dir='ltr'><strong>quid</strong></span> <span class='ocrx_word' id='word_1_320' title='bbox 3167 3221 3491 3290; x_wconf 89' lang='lat' dir='ltr'><strong>coniecerim</strong></span> <span class='ocrx_word' id='word_1_321' title='bbox 3525 3222 3594 3277; x_wconf 88' lang='lat' dir='ltr'><strong>de</strong></span> <span class='ocrx_word' id='word_1_322' title='bbox 3643 3223 3969 3279; x_wconf 90' lang='lat' dir='ltr'><strong>testimoniis</strong></span> <span class='ocrx_word' id='word_1_323' title='bbox 4001 3223 4136 3291; x_wconf 91' lang='lat' dir='ltr'><strong>illis,</strong></span> <span class='ocrx_word' id='word_1_324' title='bbox 4163 3237 4283 3293; x_wconf 65' lang='lat' dir='ltr'><strong>qua:</strong></span> <span class='ocrx_word' id='word_1_325' title='bbox 4323 3222 4377 3277; x_wconf 92' lang='lat' dir='ltr'><strong>in</strong></span> <span class='ocrx_word' id='word_1_326' title='bbox 4417 3221 4649 3278; x_wconf 87' lang='lat' dir='ltr'><strong>concilio</strong></span> <span class='ocrx_word' id='word_1_327' title='bbox 4699 3221 5133 3277; x_wconf 86' lang='lat' dir='ltr'><strong>Chalcedonensi</strong></span> 
     </span>
    </p>
   </div>
   <div class='ocr_carea' id='block_1_31' title="bbox 1872 3309 5136 3388">
    <p class='ocr_par' dir='ltr' id='par_1_31' title="bbox 1872 3309 5136 3388">
     <span class='ocr_line' id='line_1_31' title="bbox 1872 3309 5136 3388; baseline 0.002 -27"><span class='ocrx_word' id='word_1_328' title='bbox 1872 3309 2045 3363; x_wconf 88' lang='lat' dir='ltr'><strong>sancti</strong></span> <span class='ocrx_word' id='word_1_329' title='bbox 2083 3309 2278 3365; x_wconf 88' lang='lat' dir='ltr'><strong>Leonis</strong></span> <span class='ocrx_word' id='word_1_330' title='bbox 2303 3311 2542 3380; x_wconf 71' lang='lat' dir='ltr'><strong>epistolae</strong></span> <span class='ocrx_word' id='word_1_331' title='bbox 2567 3313 2851 3382; x_wconf 87' lang='lat' dir='ltr'><strong>subiuncta</strong></span> <span class='ocrx_word' id='word_1_332' title='bbox 2888 3321 3016 3368; x_wconf 86' lang='lat' dir='ltr'><strong>sunt</strong></span> <span class='ocrx_word' id='word_1_333' title='bbox 3044 3330 3060 3368; x_wconf 74' lang='grc' dir='ltr'><strong><em>τ</em></strong></span> <span class='ocrx_word' id='word_1_334' title='bbox 3093 3328 3157 3368; x_wconf 90' lang='lat' dir='ltr'><strong>ea</strong></span> <span class='ocrx_word' id='word_1_335' title='bbox 3183 3329 3380 3382; x_wconf 88' lang='lat' dir='ltr'><strong>nempe</strong></span> <span class='ocrx_word' id='word_1_336' title='bbox 3401 3329 3430 3368; x_wconf 90' lang='lat' dir='ltr'><strong>a</strong></span> <span class='ocrx_word' id='word_1_337' title='bbox 3466 3313 3811 3370; x_wconf 89' lang='lat' dir='ltr'><strong>Theodoreto</strong></span> <span class='ocrx_word' id='word_1_338' title='bbox 3850 3315 4104 3384; x_wconf 88' lang='lat' dir='ltr'><strong>adjuncta</strong></span> <span class='ocrx_word' id='word_1_339' title='bbox 4139 3329 4297 3380; x_wconf 85' lang='lat' dir='ltr'><strong>esse;</strong></span> <span class='ocrx_word' id='word_1_340' title='bbox 4335 3329 4460 3369; x_wconf 85' lang='lat' dir='ltr'><strong>nam</strong></span> <span class='ocrx_word' id='word_1_341' title='bbox 4488 3315 4670 3369; x_wconf 88' lang='lat' dir='ltr'><strong>omnia</strong></span> <span class='ocrx_word' id='word_1_342' title='bbox 4703 3314 4923 3369; x_wconf 89' lang='lat' dir='ltr'><strong>totidem</strong></span> <span class='ocrx_word' id='word_1_343' title='bbox 4950 3314 5136 3388; x_wconf 81' lang='lat' dir='ltr'><strong>verbis</strong></span> 
     </span>
    </p>
   </div>
   <div class='ocr_carea' id='block_1_32' title="bbox 1872 3396 5136 3474">
    <p class='ocr_par' dir='ltr' id='par_1_32' title="bbox 1872 3396 5136 3474">
     <span class='ocr_line' id='line_1_32' title="bbox 1872 3396 5136 3474; baseline 0.002 -25"><span class='ocrx_word' id='word_1_344' title='bbox 1872 3396 1928 3451; x_wconf 90' lang='lat' dir='ltr'><strong>in</strong></span> <span class='ocrx_word' id='word_1_345' title='bbox 1951 3397 2163 3467; x_wconf 80' lang='lat' dir='ltr'><strong>dialogo</strong></span> <span class='ocrx_word' id='word_1_346' title='bbox 2185 3414 2344 3468; x_wconf 90' lang='lat' dir='ltr'><strong>quem</strong></span> <span class='ocrx_word' id='word_1_347' title='bbox 2368 3401 2505 3466; x_wconf 86' lang='lat' dir='ltr'><strong>dixi,</strong></span> <span class='ocrx_word' id='word_1_348' title='bbox 2538 3402 2812 3471; x_wconf 84' lang='lat' dir='ltr'><strong>leguntur,</strong></span> <span class='ocrx_word' id='word_1_349' title='bbox 2842 3402 3097 3471; x_wconf 88' lang='lat' dir='ltr'><strong>nullaque</strong></span> <span class='ocrx_word' id='word_1_350' title='bbox 3119 3405 3180 3456; x_wconf 82' lang='grc' dir='ltr'><strong>ιιι</strong></span> <span class='ocrx_word' id='word_1_351' title='bbox 3209 3404 3261 3456; x_wconf 90' lang='lat' dir='ltr'><strong>in</strong></span> <span class='ocrx_word' id='word_1_352' title='bbox 3289 3413 3398 3458; x_wconf 85' lang='lat' dir='ltr'><strong>tota</strong></span> <span class='ocrx_word' id='word_1_353' title='bbox 3425 3403 3654 3472; x_wconf 87' lang='lat' dir='ltr'><strong>epistola</strong></span> <span class='ocrx_word' id='word_1_354' title='bbox 3679 3403 3796 3459; x_wconf 86' lang='lat' dir='ltr'><strong>sive</strong></span> <span class='ocrx_word' id='word_1_355' title='bbox 3820 3407 4044 3471; x_wconf 91' lang='lat' dir='ltr'><strong>mentio,</strong></span> <span class='ocrx_word' id='word_1_356' title='bbox 4072 3403 4190 3460; x_wconf 88' lang='lat' dir='ltr'><strong>sive</strong></span> <span class='ocrx_word' id='word_1_357' title='bbox 4215 3404 4504 3474; x_wconf 86' lang='lat' dir='ltr'><strong>promissio</strong></span> <span class='ocrx_word' id='word_1_358' title='bbox 4534 3401 4953 3458; x_wconf 82' lang='lat' dir='ltr'><strong>all&#39;erendorum.</strong></span> <span class='ocrx_word' id='word_1_359' title='bbox 4980 3403 5136 3457; x_wconf 83' lang='lat' dir='ltr'><strong>Adde</strong></span> 
     </span>
    </p>
   </div>
   <div class='ocr_carea' id='block_1_33' title="bbox 1871 3490 5134 3567">
    <p class='ocr_par' dir='ltr' id='par_1_33' title="bbox 1871 3490 5134 3567">
     <span class='ocr_line' id='line_1_33' title="bbox 1871 3490 5134 3567; baseline 0.002 -28"><span class='ocrx_word' id='word_1_360' title='bbox 1871 3490 2016 3557; x_wconf 85' lang='lat' dir='ltr'><strong>quod</strong></span> <span class='ocrx_word' id='word_1_361' title='bbox 2048 3490 2423 3546; x_wconf 86' lang='lat' dir='ltr'><strong>Theodoretus</strong></span> <span class='ocrx_word' id='word_1_362' title='bbox 2450 3509 2480 3546; x_wconf 91' lang='lat' dir='ltr'><strong>a</strong></span> <span class='ocrx_word' id='word_1_363' title='bbox 2508 3493 2766 3548; x_wconf 84' lang='lat' dir='ltr'><strong>Facundo</strong></span> <span class='ocrx_word' id='word_1_364' title='bbox 2798 3493 3002 3549; x_wconf 91' lang='lat' dir='ltr'><strong>dicitur</strong></span> <span class='ocrx_word' id='word_1_365' title='bbox 3032 3493 3334 3549; x_wconf 85' lang='lat' dir='ltr'><strong>asseruisse</strong></span> <span class='ocrx_word' id='word_1_366' title='bbox 3358 3497 3619 3550; x_wconf 85' lang='lat' dir='ltr'><strong>adversus</strong></span> <span class='ocrx_word' id='word_1_367' title='bbox 3654 3495 3971 3551; x_wconf 79' lang='lat' dir='ltr'><strong>Palaestinos</strong></span> <span class='ocrx_word' id='word_1_368' title='bbox 4011 3506 4066 3551; x_wconf 91' lang='lat' dir='ltr'><strong>et</strong></span> <span class='ocrx_word' id='word_1_369' title='bbox 4095 3495 4432 3567; x_wconf 85' lang='lat' dir='ltr'><strong>Illyricianos</strong></span> <span class='ocrx_word' id='word_1_370' title='bbox 4459 3495 4818 3551; x_wconf 85' lang='lat' dir='ltr'><strong>reclamantes</strong></span> <span class='ocrx_word' id='word_1_371' title='bbox 4847 3493 5134 3563; x_wconf 87' lang='lat' dir='ltr'><strong>epistolam</strong></span> 
     </span>
    </p>
   </div>
   <div class='ocr_carea' id='block_1_34' title="bbox 1871 3581 5132 3663">
    <p class='ocr_par' dir='ltr' id='par_1_34' title="bbox 1871 3581 5132 3663">
     <span class='ocr_line' id='line_1_34' title="bbox 1871 3581 5132 3663; baseline 0.002 -26"><span class='ocrx_word' id='word_1_372' title='bbox 1871 3581 2090 3650; x_wconf 89' lang='lat' dir='ltr'><strong>Leonis,</strong></span> <span class='ocrx_word' id='word_1_373' title='bbox 2118 3587 2353 3641; x_wconf 87' lang='lat' dir='ltr'><strong>adducto</strong></span> <span class='ocrx_word' id='word_1_374' title='bbox 2381 3587 2610 3653; x_wconf 87' lang='lat' dir='ltr'><strong>scilicet,</strong></span> <span class='ocrx_word' id='word_1_375' title='bbox 2651 3595 2710 3640; x_wconf 91' lang='lat' dir='ltr'><strong>ut</strong></span> <span class='ocrx_word' id='word_1_376' title='bbox 2732 3588 2934 3643; x_wconf 90' lang='lat' dir='ltr'><strong>habent</strong></span> <span class='ocrx_word' id='word_1_377' title='bbox 2956 3597 3077 3663; x_wconf 75' lang='lat' dir='ltr'><strong>aeta</strong></span> <span class='ocrx_word' id='word_1_378' title='bbox 3104 3588 3323 3643; x_wconf 85' lang='lat' dir='ltr'><strong>concilii</strong></span> <span class='ocrx_word' id='word_1_379' title='bbox 3350 3589 3813 3646; x_wconf 87' lang='lat' dir='ltr'><strong>Chalcedonensis</strong></span> <span class='ocrx_word' id='word_1_380' title='bbox 3835 3629 3850 3656; x_wconf 93' lang='lat'><strong>,</strong></span> <span class='ocrx_word' id='word_1_381' title='bbox 3877 3591 4222 3655; x_wconf 89' lang='lat' dir='ltr'><strong>testimonio,</strong></span> <span class='ocrx_word' id='word_1_382' title='bbox 4258 3589 4399 3658; x_wconf 88' lang='lat' dir='ltr'><strong>quod</strong></span> <span class='ocrx_word' id='word_1_383' title='bbox 4429 3590 4576 3644; x_wconf 87' lang='lat' dir='ltr'><strong>inter</strong></span> <span class='ocrx_word' id='word_1_384' title='bbox 4599 3589 4884 3659; x_wconf 87' lang='lat' dir='ltr'><strong>subiuncta</strong></span> <span class='ocrx_word' id='word_1_385' title='bbox 4914 3587 5132 3659; x_wconf 78' lang='lat' dir='ltr'><strong>legitur.</strong></span> 
     </span>
    </p>
   </div>
   <div class='ocr_carea' id='block_1_35' title="bbox 1871 3675 5134 3751">
    <p class='ocr_par' dir='ltr' id='par_1_35' title="bbox 1871 3675 5134 3751">
     <span class='ocr_line' id='line_1_35' title="bbox 1871 3675 5134 3751; baseline 0.002 -22"><span class='ocrx_word' id='word_1_386' title='bbox 1871 3675 1989 3729; x_wconf 79' lang='lat' dir='ltr'><strong>Non</strong></span> <span class='ocrx_word' id='word_1_387' title='bbox 2022 3676 2211 3730; x_wconf 83' lang='lat' dir='ltr'><strong>fuisset</strong></span> <span class='ocrx_word' id='word_1_388' title='bbox 2234 3692 2362 3732; x_wconf 87' lang='lat' dir='ltr'><strong>vero</strong></span> <span class='ocrx_word' id='word_1_389' title='bbox 2387 3680 2620 3734; x_wconf 88' lang='lat' dir='ltr'><strong>adducto</strong></span> <span class='ocrx_word' id='word_1_390' title='bbox 2651 3695 2808 3749; x_wconf 89' lang='lat' dir='ltr'><strong>opus,</strong></span> <span class='ocrx_word' id='word_1_391' title='bbox 2833 3681 2877 3735; x_wconf 90' lang='lat' dir='ltr'><strong>si</strong></span> <span class='ocrx_word' id='word_1_392' title='bbox 2905 3680 3017 3750; x_wconf 89' lang='lat' dir='ltr'><strong>iam</strong></span> <span class='ocrx_word' id='word_1_393' title='bbox 3039 3681 3281 3751; x_wconf 73' lang='lat' dir='ltr'><strong>epistola:</strong></span> <span class='ocrx_word' id='word_1_394' title='bbox 3306 3681 3650 3749; x_wconf 89' lang='lat' dir='ltr'><strong>subiunctum</strong></span> <span class='ocrx_word' id='word_1_395' title='bbox 3675 3690 3819 3736; x_wconf 91' lang='lat' dir='ltr'><strong>esset</strong></span> <span class='ocrx_word' id='word_1_396' title='bbox 3851 3697 3867 3734; x_wconf 90' lang='lat'><strong>:</strong></span> <span class='ocrx_word' id='word_1_397' title='bbox 3897 3683 4088 3736; x_wconf 80' lang='lat' dir='ltr'><strong>fuisset</strong></span> <span class='ocrx_word' id='word_1_398' title='bbox 4117 3682 4261 3736; x_wconf 89' lang='lat' dir='ltr'><strong>enim</strong></span> <span class='ocrx_word' id='word_1_399' title='bbox 4301 3681 4487 3751; x_wconf 92' lang='lat' dir='ltr'><strong>procul</strong></span> <span class='ocrx_word' id='word_1_400' title='bbox 4513 3681 4676 3737; x_wconf 87' lang='lat' dir='ltr'><strong>dubio</strong></span> <span class='ocrx_word' id='word_1_401' title='bbox 4716 3681 4878 3736; x_wconf 85' lang='lat' dir='ltr'><strong>simul</strong></span> <span class='ocrx_word' id='word_1_402' title='bbox 4908 3680 5134 3750; x_wconf 85' lang='lat' dir='ltr'><strong>lectum,</strong></span> 
     </span>
    </p>
   </div>
   <div class='ocr_carea' id='block_1_36' title="bbox 1870 3769 5136 3845">
    <p class='ocr_par' dir='ltr' id='par_1_36' title="bbox 1870 3769 5136 3845">
     <span class='ocr_line' id='line_1_36' title="bbox 1870 3769 5136 3845; baseline 0.002 -25"><span class='ocrx_word' id='word_1_403' title='bbox 1870 3769 2086 3839; x_wconf 88' lang='lat' dir='ltr'><strong>aliaque</strong></span> <span class='ocrx_word' id='word_1_404' title='bbox 2129 3772 2368 3839; x_wconf 78' lang='lat' dir='ltr'><strong>pariter,</strong></span> <span class='ocrx_word' id='word_1_405' title='bbox 2420 3774 2465 3827; x_wconf 88' lang='lat' dir='ltr'><strong>si</strong></span> <span class='ocrx_word' id='word_1_406' title='bbox 2510 3775 2671 3828; x_wconf 88' lang='lat' dir='ltr'><strong>modo</strong></span> <span class='ocrx_word' id='word_1_407' title='bbox 2725 3775 2904 3844; x_wconf 90' lang='lat' dir='ltr'><strong>aliqua</strong></span> <span class='ocrx_word' id='word_1_408' title='bbox 2933 3785 3117 3831; x_wconf 84' lang='lat' dir='ltr'><strong>essent</strong></span> <span class='ocrx_word' id='word_1_409' title='bbox 3165 3784 3294 3829; x_wconf 91' lang='lat' dir='ltr'><strong>tunc</strong></span> <span class='ocrx_word' id='word_1_410' title='bbox 3342 3776 3620 3845; x_wconf 84' lang='lat' dir='ltr'><strong>temporis.</strong></span> <span class='ocrx_word' id='word_1_411' title='bbox 3675 3775 3813 3841; x_wconf 88' lang='lat' dir='ltr'><strong>Quid</strong></span> <span class='ocrx_word' id='word_1_412' title='bbox 3855 3776 3997 3845; x_wconf 90' lang='lat' dir='ltr'><strong>quod</strong></span> <span class='ocrx_word' id='word_1_413' title='bbox 4049 3791 4078 3828; x_wconf 90' lang='lat' dir='ltr'><strong>a</strong></span> <span class='ocrx_word' id='word_1_414' title='bbox 4128 3773 4474 3831; x_wconf 88' lang='lat' dir='ltr'><strong>Theodoreto</strong></span> <span class='ocrx_word' id='word_1_415' title='bbox 4520 3783 4615 3828; x_wconf 88' lang='lat' dir='ltr'><strong>aut</strong></span> <span class='ocrx_word' id='word_1_416' title='bbox 4644 3784 4795 3830; x_wconf 87' lang='lat' dir='ltr'><strong>certe</strong></span> <span class='ocrx_word' id='word_1_417' title='bbox 4832 3773 4901 3829; x_wconf 85' lang='lat' dir='ltr'><strong>ab</strong></span> <span class='ocrx_word' id='word_1_418' title='bbox 4936 3773 5003 3829; x_wconf 88' lang='lat' dir='ltr'><strong>iis</strong></span> <span class='ocrx_word' id='word_1_419' title='bbox 5039 3774 5136 3842; x_wconf 86' lang='lat' dir='ltr'><strong>qui</strong></span> 
     </span>
    </p>
   </div>
   <div class='ocr_carea' id='block_1_37' title="bbox 1869 3861 5136 3936">
    <p class='ocr_par' dir='ltr' id='par_1_37' title="bbox 1869 3861 5136 3936">
     <span class='ocr_line' id='line_1_37' title="bbox 1869 3861 5136 3936; baseline 0.002 -22"><span class='ocrx_word' id='word_1_420' title='bbox 1869 3861 2194 3918; x_wconf 81' lang='lat' dir='ltr'><strong>Theodoreti</strong></span> <span class='ocrx_word' id='word_1_421' title='bbox 2249 3866 2491 3934; x_wconf 87' lang='lat' dir='ltr'><strong>partibus</strong></span> <span class='ocrx_word' id='word_1_422' title='bbox 2543 3865 2864 3932; x_wconf 89' lang='lat' dir='ltr'><strong>studebant,</strong></span> <span class='ocrx_word' id='word_1_423' title='bbox 2917 3881 3127 3921; x_wconf 86' lang='lat' dir='ltr'><strong>versam</strong></span> <span class='ocrx_word' id='word_1_424' title='bbox 3184 3865 3237 3920; x_wconf 92' lang='lat' dir='ltr'><strong>in</strong></span> <span class='ocrx_word' id='word_1_425' title='bbox 3294 3880 3601 3921; x_wconf 90' lang='lat' dir='ltr'><strong>sermonem</strong></span> <span class='ocrx_word' id='word_1_426' title='bbox 3669 3865 3918 3921; x_wconf 65' lang='lat' dir='ltr'><strong>Grateum</strong></span> <span class='ocrx_word' id='word_1_427' title='bbox 3988 3865 4273 3934; x_wconf 88' lang='lat' dir='ltr'><strong>epistolam</strong></span> <span class='ocrx_word' id='word_1_428' title='bbox 4329 3866 4602 3936; x_wconf 91' lang='lat' dir='ltr'><strong>proditum</strong></span> <span class='ocrx_word' id='word_1_429' title='bbox 4656 3874 4784 3931; x_wconf 87' lang='lat' dir='ltr'><strong>est,</strong></span> <span class='ocrx_word' id='word_1_430' title='bbox 4834 3865 4942 3921; x_wconf 87' lang='lat' dir='ltr'><strong>imo</strong></span> <span class='ocrx_word' id='word_1_431' title='bbox 4995 3875 5052 3920; x_wconf 90' lang='lat' dir='ltr'><strong>et</strong></span> <span class='ocrx_word' id='word_1_432' title='bbox 5099 3879 5136 3920; x_wconf 70' lang='grc' dir='ltr'>ξι</span> 
     </span>
    </p>
   </div>
   <div class='ocr_carea' id='block_1_38' title="bbox 1869 3957 5132 4032">
    <p class='ocr_par' dir='ltr' id='par_1_38' title="bbox 1869 3957 5132 4032">
     <span class='ocr_line' id='line_1_38' title="bbox 1869 3957 5132 4032; baseline 0.002 -22"><span class='ocrx_word' id='word_1_433' title='bbox 1869 3957 2203 4012; x_wconf 84' lang='lat' dir='ltr'><strong>vertentibus</strong></span> <span class='ocrx_word' id='word_1_434' title='bbox 2236 3959 2502 4025; x_wconf 88' lang='lat' dir='ltr'><strong>vitiatam,</strong></span> <span class='ocrx_word' id='word_1_435' title='bbox 2533 3964 2675 4031; x_wconf 88' lang='lat' dir='ltr'><strong>quod</strong></span> <span class='ocrx_word' id='word_1_436' title='bbox 2705 3972 3040 4032; x_wconf 89' lang='lat' dir='ltr'><strong>postremum</strong></span> <span class='ocrx_word' id='word_1_437' title='bbox 3076 3961 3187 4016; x_wconf 88' lang='lat' dir='ltr'><strong>Leo</strong></span> <span class='ocrx_word' id='word_1_438' title='bbox 3216 3962 3330 4032; x_wconf 89' lang='lat' dir='ltr'><strong>ipse</strong></span> <span class='ocrx_word' id='word_1_439' title='bbox 3363 3963 3611 4030; x_wconf 88' lang='lat' dir='ltr'><strong>queritur</strong></span> <span class='ocrx_word' id='word_1_440' title='bbox 3650 3962 3790 4032; x_wconf 89' lang='lat' dir='ltr'><strong>apud</strong></span> <span class='ocrx_word' id='word_1_441' title='bbox 3820 3960 4156 4017; x_wconf 83' lang='lat' dir='ltr'><strong>Marcianum</strong></span> <span class='ocrx_word' id='word_1_442' title='bbox 4202 3963 4609 4032; x_wconf 88' lang='lat' dir='ltr'><strong>imperatorem.</strong></span> <span class='ocrx_word' id='word_1_443' title='bbox 4642 3962 4882 4018; x_wconf 84' lang='lat' dir='ltr'><strong>Accedat</strong></span> <span class='ocrx_word' id='word_1_444' title='bbox 4921 3961 5086 4018; x_wconf 87' lang='lat' dir='ltr'><strong>etiam</strong></span> <span class='ocrx_word' id='word_1_445' title='bbox 5111 4002 5132 4029; x_wconf 89' lang='lat'><strong>,</strong></span> 
     </span>
    </p>
   </div>
   <div class='ocr_carea' id='block_1_39' title="bbox 1871 4049 5134 4127">
    <p class='ocr_par' dir='ltr' id='par_1_39' title="bbox 1871 4049 5134 4127">
     <span class='ocr_line' id='line_1_39' title="bbox 1871 4049 5134 4127; baseline 0.002 -24"><span class='ocrx_word' id='word_1_446' title='bbox 1871 4049 2011 4127; x_wconf 90' lang='lat' dir='ltr'><strong>quod</strong></span> <span class='ocrx_word' id='word_1_447' title='bbox 2047 4050 2097 4103; x_wconf 91' lang='lat' dir='ltr'><strong>in</strong></span> <span class='ocrx_word' id='word_1_448' title='bbox 2131 4049 2354 4118; x_wconf 88' lang='lat' dir='ltr'><strong>epistola</strong></span> <span class='ocrx_word' id='word_1_449' title='bbox 2386 4052 2629 4121; x_wconf 80' lang='lat' dir='ltr'><strong>pontifex</strong></span> <span class='ocrx_word' id='word_1_450' title='bbox 2661 4051 2811 4122; x_wconf 88' lang='lat' dir='ltr'><strong>plura</strong></span> <span class='ocrx_word' id='word_1_451' title='bbox 2847 4054 2966 4108; x_wconf 87' lang='lat' dir='ltr'><strong>lidei</strong></span> <span class='ocrx_word' id='word_1_452' title='bbox 3002 4053 3201 4121; x_wconf 85' lang='lat' dir='ltr'><strong>capita,</strong></span> <span class='ocrx_word' id='word_1_453' title='bbox 3236 4065 3344 4106; x_wconf 90' lang='lat' dir='ltr'><strong>non</strong></span> <span class='ocrx_word' id='word_1_454' title='bbox 3381 4059 3589 4106; x_wconf 87' lang='lat' dir='ltr'><strong>tantum</strong></span> <span class='ocrx_word' id='word_1_455' title='bbox 3621 4053 3884 4107; x_wconf 84' lang='lat' dir='ltr'><strong>adversus</strong></span> <span class='ocrx_word' id='word_1_456' title='bbox 3919 4049 4240 4123; x_wconf 88' lang='lat' dir='ltr'><strong>Eutychem,</strong></span> <span class='ocrx_word' id='word_1_457' title='bbox 4270 4054 4363 4108; x_wconf 88' lang='lat' dir='ltr'><strong>sed</strong></span> <span class='ocrx_word' id='word_1_458' title='bbox 4391 4054 4553 4109; x_wconf 89' lang='lat' dir='ltr'><strong>etiam</strong></span> <span class='ocrx_word' id='word_1_459' title='bbox 4585 4062 4775 4109; x_wconf 88' lang='lat' dir='ltr'><strong>contra</strong></span> <span class='ocrx_word' id='word_1_460' title='bbox 4817 4051 5134 4110; x_wconf 84' lang='lat' dir='ltr'><strong>Nestorium</strong></span> 
     </span>
    </p>
   </div>
   <div class='ocr_carea' id='block_1_40' title="bbox 1869 4145 5133 4221">
    <p class='ocr_par' dir='ltr' id='par_1_40' title="bbox 1869 4145 5133 4221">
     <span class='ocr_line' id='line_1_40' title="bbox 1869 4145 5133 4221; baseline 0.001 -21"><span class='ocrx_word' id='word_1_461' title='bbox 1869 4156 2144 4212; x_wconf 69' lang='lat' dir='ltr'><strong>exponat;</strong></span> <span class='ocrx_word' id='word_1_462' title='bbox 2178 4161 2275 4199; x_wconf 91' lang='lat' dir='ltr'><strong>nec</strong></span> <span class='ocrx_word' id='word_1_463' title='bbox 2301 4145 2404 4199; x_wconf 90' lang='lat' dir='ltr'><strong>alia</strong></span> <span class='ocrx_word' id='word_1_464' title='bbox 2436 4155 2613 4200; x_wconf 87' lang='lat' dir='ltr'><strong>tamen</strong></span> <span class='ocrx_word' id='word_1_465' title='bbox 2648 4149 2950 4204; x_wconf 87' lang='lat' dir='ltr'><strong>testimonia</strong></span> <span class='ocrx_word' id='word_1_466' title='bbox 2975 4150 3302 4215; x_wconf 90' lang='lat' dir='ltr'><strong>subdantur,</strong></span> <span class='ocrx_word' id='word_1_467' title='bbox 3325 4167 3486 4221; x_wconf 87' lang='lat' dir='ltr'><strong>quam</strong></span> <span class='ocrx_word' id='word_1_468' title='bbox 3513 4165 3636 4219; x_wconf 72' lang='lat' dir='ltr'><strong>quae</strong></span> <span class='ocrx_word' id='word_1_469' title='bbox 3668 4149 3736 4203; x_wconf 90' lang='lat' dir='ltr'><strong>ad</strong></span> <span class='ocrx_word' id='word_1_470' title='bbox 3767 4147 4171 4203; x_wconf 86' lang='lat' dir='ltr'><strong>distinctionem</strong></span> <span class='ocrx_word' id='word_1_471' title='bbox 4201 4156 4516 4208; x_wconf 88' lang='lat' dir='ltr'><strong>naturarum</strong></span> <span class='ocrx_word' id='word_1_472' title='bbox 4543 4149 4898 4204; x_wconf 87' lang='lat' dir='ltr'><strong>asserendam</strong></span> <span class='ocrx_word' id='word_1_473' title='bbox 4926 4148 5133 4214; x_wconf 85' lang='lat' dir='ltr'><strong>valent,</strong></span> 
     </span>
    </p>
   </div>
   <div class='ocr_carea' id='block_1_41' title="bbox 1873 4235 5137 4311">
    <p class='ocr_par' dir='ltr' id='par_1_41' title="bbox 1873 4235 5137 4311">
     <span class='ocr_line' id='line_1_41' title="bbox 1873 4235 5137 4311; baseline 0.003 -27"><span class='ocrx_word' id='word_1_474' title='bbox 1873 4247 2101 4302; x_wconf 70' lang='lat' dir='ltr'><strong>qumque</strong></span> <span class='ocrx_word' id='word_1_475' title='bbox 2125 4235 2176 4288; x_wconf 91' lang='lat' dir='ltr'><strong>in</strong></span> <span class='ocrx_word' id='word_1_476' title='bbox 2204 4236 2415 4306; x_wconf 86' lang='lat' dir='ltr'><strong>dialogo</strong></span> <span class='ocrx_word' id='word_1_477' title='bbox 2448 4238 2537 4307; x_wconf 89' lang='lat' dir='ltr'><strong>qui</strong></span> <span class='ocrx_word' id='word_1_478' title='bbox 2574 4239 2772 4293; x_wconf 92' lang='lat' dir='ltr'><strong>dicitur</strong></span> <span class='ocrx_word' id='word_1_479' title='bbox 2798 4239 3142 4311; x_wconf 82' lang='lat' dir='ltr'><strong>Inconfusus,</strong></span> <span class='ocrx_word' id='word_1_480' title='bbox 3175 4242 3417 4296; x_wconf 90' lang='lat' dir='ltr'><strong>adhibita</strong></span> <span class='ocrx_word' id='word_1_481' title='bbox 3448 4243 3662 4296; x_wconf 85' lang='lat' dir='ltr'><strong>fuerant</strong></span> <span class='ocrx_word' id='word_1_482' title='bbox 3703 4240 3771 4294; x_wconf 90' lang='lat' dir='ltr'><strong>ad</strong></span> <span class='ocrx_word' id='word_1_483' title='bbox 3806 4253 3921 4306; x_wconf 90' lang='lat' dir='ltr'><strong>eos,</strong></span> <span class='ocrx_word' id='word_1_484' title='bbox 3948 4239 4042 4310; x_wconf 87' lang='lat' dir='ltr'><strong>qui</strong></span> <span class='ocrx_word' id='word_1_485' title='bbox 4089 4237 4431 4295; x_wconf 84' lang='lat' dir='ltr'><strong>Theodoreto</strong></span> <span class='ocrx_word' id='word_1_486' title='bbox 4472 4239 4878 4310; x_wconf 86' lang='lat' dir='ltr'><strong>Apollinarismi</strong></span> <span class='ocrx_word' id='word_1_487' title='bbox 4912 4241 5137 4296; x_wconf 86' lang='lat' dir='ltr'><strong>nomine</strong></span> 
     </span>
    </p>
   </div>
   <div class='ocr_carea' id='block_1_42' title="bbox 1872 4329 5136 4404">
    <p class='ocr_par' dir='ltr' id='par_1_42' title="bbox 1872 4329 5136 4404">
     <span class='ocr_line' id='line_1_42' title="bbox 1872 4329 5136 4404; baseline 0.002 -24"><span class='ocrx_word' id='word_1_488' title='bbox 1872 4329 2107 4395; x_wconf 73' lang='lat' dir='ltr'><strong>suspecti</strong></span> <span class='ocrx_word' id='word_1_489' title='bbox 2143 4340 2319 4394; x_wconf 86' lang='lat' dir='ltr'><strong>erant,</strong></span> <span class='ocrx_word' id='word_1_490' title='bbox 2361 4331 2756 4398; x_wconf 83' lang='lat' dir='ltr'><strong>conl‘utandos;</strong></span> <span class='ocrx_word' id='word_1_491' title='bbox 2795 4347 2903 4387; x_wconf 90' lang='lat' dir='ltr'><strong>non</strong></span> <span class='ocrx_word' id='word_1_492' title='bbox 2936 4331 3235 4388; x_wconf 76' lang='lat' dir='ltr'><strong>aﬂ‘erantur</strong></span> <span class='ocrx_word' id='word_1_493' title='bbox 3260 4349 3381 4404; x_wconf 63' lang='lat' dir='ltr'><strong>qua:</strong></span> <span class='ocrx_word' id='word_1_494' title='bbox 3409 4349 3475 4388; x_wconf 85' lang='lat' dir='ltr'><strong>ex</strong></span> <span class='ocrx_word' id='word_1_495' title='bbox 3511 4333 3664 4389; x_wconf 88' lang='lat' dir='ltr'><strong>libris</strong></span> <span class='ocrx_word' id='word_1_496' title='bbox 3693 4341 3882 4388; x_wconf 88' lang='lat' dir='ltr'><strong>contra</strong></span> <span class='ocrx_word' id='word_1_497' title='bbox 3911 4331 4218 4386; x_wconf 81' lang='lat' dir='ltr'><strong>Nestorium</strong></span> <span class='ocrx_word' id='word_1_498' title='bbox 4263 4331 4503 4402; x_wconf 85' lang='lat' dir='ltr'><strong>scriptis,</strong></span> <span class='ocrx_word' id='word_1_499' title='bbox 4541 4331 4593 4385; x_wconf 92' lang='lat' dir='ltr'><strong>in</strong></span> <span class='ocrx_word' id='word_1_500' title='bbox 4630 4331 4746 4402; x_wconf 92' lang='lat' dir='ltr'><strong>ipso</strong></span> <span class='ocrx_word' id='word_1_501' title='bbox 4772 4332 4935 4387; x_wconf 85' lang='lat' dir='ltr'><strong>etiam</strong></span> <span class='ocrx_word' id='word_1_502' title='bbox 4962 4331 5136 4388; x_wconf 90' lang='lat' dir='ltr'><strong>citato</strong></span> 
     </span>
    </p>
   </div>
   <div class='ocr_carea' id='block_1_43' title="bbox 1873 4417 2382 4489">
    <p class='ocr_par' dir='ltr' id='par_1_43' title="bbox 1873 4417 2382 4489">
     <span class='ocr_line' id='line_1_43' title="bbox 1873 4417 2382 4489; baseline 0.006 -17"><span class='ocrx_word' id='word_1_503' title='bbox 1873 4417 2084 4488; x_wconf 78' lang='lat' dir='ltr'><strong>dialogo</strong></span> <span class='ocrx_word' id='word_1_504' title='bbox 2115 4421 2382 4489; x_wconf 73' lang='lat' dir='ltr'><strong>leguntur.</strong></span> 
     </span>
    </p>
   </div>
   <div class='ocr_carea' id='block_1_44' title="bbox 1945 4509 5136 4595">
    <p class='ocr_par' dir='ltr' id='par_1_44' title="bbox 1945 4509 5136 4595">
     <span class='ocr_line' id='line_1_44' title="bbox 1945 4509 5136 4595; baseline 0.002 -33"><span class='ocrx_word' id='word_1_505' title='bbox 1945 4509 2141 4575; x_wconf 76' lang='lat' dir='ltr'><strong>Quanti</strong></span> <span class='ocrx_word' id='word_1_506' title='bbox 2176 4526 2304 4566; x_wconf 87' lang='lat' dir='ltr'><strong>vero</strong></span> <span class='ocrx_word' id='word_1_507' title='bbox 2335 4511 2492 4580; x_wconf 89' lang='lat' dir='ltr'><strong>pretii</strong></span> <span class='ocrx_word' id='word_1_508' title='bbox 2527 4511 2601 4568; x_wconf 89' lang='lat' dir='ltr'><strong>sit</strong></span> <span class='ocrx_word' id='word_1_509' title='bbox 2621 4511 2936 4581; x_wconf 86' lang='lat' dir='ltr'><strong>opusculum</strong></span> <span class='ocrx_word' id='word_1_510' title='bbox 2967 4512 3134 4579; x_wconf 90' lang='lat' dir='ltr'><strong>istud,</strong></span> <span class='ocrx_word' id='word_1_511' title='bbox 3161 4513 3435 4569; x_wconf 64' lang='lat' dir='ltr'><strong>aestimare</strong></span> <span class='ocrx_word' id='word_1_512' title='bbox 3472 4511 3598 4595; x_wconf 80' lang='lat' dir='ltr'><strong>licet</strong></span> <span class='ocrx_word' id='word_1_513' title='bbox 3629 4512 3712 4568; x_wconf 85' lang='lat' dir='ltr'><strong>vel</strong></span> <span class='ocrx_word' id='word_1_514' title='bbox 3742 4514 3869 4569; x_wconf 90' lang='lat' dir='ltr'><strong>inde</strong></span> <span class='ocrx_word' id='word_1_515' title='bbox 3891 4515 4150 4581; x_wconf 89' lang='lat' dir='ltr'><strong>maxime,</strong></span> <span class='ocrx_word' id='word_1_516' title='bbox 4173 4513 4315 4584; x_wconf 90' lang='lat' dir='ltr'><strong>quod</strong></span> <span class='ocrx_word' id='word_1_517' title='bbox 4344 4527 4502 4568; x_wconf 91' lang='lat' dir='ltr'><strong>nemo</strong></span> <span class='ocrx_word' id='word_1_518' title='bbox 4542 4512 4654 4568; x_wconf 77' lang='lat' dir='ltr'><strong>fere</strong></span> <span class='ocrx_word' id='word_1_519' title='bbox 4681 4511 5136 4582; x_wconf 84' lang='lat' dir='ltr'><strong>consequentium</strong></span> 
     </span>
    </p>
   </div>
   <div class='ocr_carea' id='block_1_45' title="bbox 1872 4605 5131 4678">
    <p class='ocr_par' dir='ltr' id='par_1_45' title="bbox 1872 4605 5131 4678">
     <span class='ocr_line' id='line_1_45' title="bbox 1872 4605 5131 4678; baseline 0 -21"><span class='ocrx_word' id='word_1_520' title='bbox 1872 4612 2246 4671; x_wconf 88' lang='lat' dir='ltr'><strong>tractatorum,</strong></span> <span class='ocrx_word' id='word_1_521' title='bbox 2278 4609 2367 4676; x_wconf 78' lang='lat' dir='ltr'><strong>qui</strong></span> <span class='ocrx_word' id='word_1_522' title='bbox 2399 4608 2720 4663; x_wconf 89' lang='lat' dir='ltr'><strong>auctoritate</strong></span> <span class='ocrx_word' id='word_1_523' title='bbox 2751 4607 2936 4678; x_wconf 81' lang='lat' dir='ltr'><strong>Cyrilli</strong></span> <span class='ocrx_word' id='word_1_524' title='bbox 2971 4608 3024 4660; x_wconf 91' lang='lat' dir='ltr'><strong>in</strong></span> <span class='ocrx_word' id='word_1_525' title='bbox 3065 4609 3322 4677; x_wconf 87' lang='lat' dir='ltr'><strong>mysterio</strong></span> <span class='ocrx_word' id='word_1_526' title='bbox 3350 4607 3742 4662; x_wconf 88' lang='lat' dir='ltr'><strong>lncarnationis</strong></span> <span class='ocrx_word' id='word_1_527' title='bbox 3765 4609 4085 4678; x_wconf 84' lang='lat' dir='ltr'><strong>exponendo</strong></span> <span class='ocrx_word' id='word_1_528' title='bbox 4117 4608 4194 4662; x_wconf 89' lang='lat' dir='ltr'><strong>uti</strong></span> <span class='ocrx_word' id='word_1_529' title='bbox 4233 4608 4482 4673; x_wconf 88' lang='lat' dir='ltr'><strong>voluerit,</strong></span> <span class='ocrx_word' id='word_1_530' title='bbox 4505 4605 4870 4662; x_wconf 88' lang='lat' dir='ltr'><strong>testimonium</strong></span> <span class='ocrx_word' id='word_1_531' title='bbox 4904 4605 5131 4674; x_wconf 88' lang='lat' dir='ltr'><strong>aliquod</strong></span> 
     </span>
    </p>
   </div>
   <div class='ocr_carea' id='block_1_46' title="bbox 1869 4695 5134 4770">
    <p class='ocr_par' dir='ltr' id='par_1_46' title="bbox 1869 4695 5134 4770">
     <span class='ocr_line' id='line_1_46' title="bbox 1869 4695 5134 4770; baseline 0.001 -22"><span class='ocrx_word' id='word_1_532' title='bbox 1869 4707 1935 4748; x_wconf 77' lang='lat' dir='ltr'><strong>ex</strong></span> <span class='ocrx_word' id='word_1_533' title='bbox 1962 4695 2193 4750; x_wconf 73' lang='lat' dir='ltr'><strong>Seboliis</strong></span> <span class='ocrx_word' id='word_1_534' title='bbox 2219 4713 2321 4752; x_wconf 91' lang='lat' dir='ltr'><strong>non</strong></span> <span class='ocrx_word' id='word_1_535' title='bbox 2345 4700 2656 4770; x_wconf 88' lang='lat' dir='ltr'><strong>sumpserit.</strong></span> <span class='ocrx_word' id='word_1_536' title='bbox 2689 4699 2841 4754; x_wconf 88' lang='lat' dir='ltr'><strong>Adde</strong></span> <span class='ocrx_word' id='word_1_537' title='bbox 2869 4699 3012 4767; x_wconf 92' lang='lat' dir='ltr'><strong>quod</strong></span> <span class='ocrx_word' id='word_1_538' title='bbox 3047 4698 3284 4768; x_wconf 86' lang='lat' dir='ltr'><strong>Cyrillus</strong></span> <span class='ocrx_word' id='word_1_539' title='bbox 3307 4698 3425 4765; x_wconf 91' lang='lat' dir='ltr'><strong>ipse</strong></span> <span class='ocrx_word' id='word_1_540' title='bbox 3448 4697 3614 4751; x_wconf 88' lang='lat' dir='ltr'><strong>videri</strong></span> <span class='ocrx_word' id='word_1_541' title='bbox 3642 4699 3810 4766; x_wconf 89' lang='lat' dir='ltr'><strong>possit</strong></span> <span class='ocrx_word' id='word_1_542' title='bbox 3843 4701 3983 4754; x_wconf 90' lang='lat' dir='ltr'><strong>hanc</strong></span> <span class='ocrx_word' id='word_1_543' title='bbox 4007 4713 4160 4754; x_wconf 91' lang='lat' dir='ltr'><strong>suam</strong></span> <span class='ocrx_word' id='word_1_544' title='bbox 4183 4697 4647 4754; x_wconf 89' lang='lat' dir='ltr'><strong>elucubrationem</strong></span> <span class='ocrx_word' id='word_1_545' title='bbox 4691 4697 5134 4764; x_wconf 78' lang='lat' dir='ltr'><strong>commendasse,</strong></span> 
     </span>
    </p>
   </div>
   <div class='ocr_carea' id='block_1_47' title="bbox 1869 4788 5133 4862">
    <p class='ocr_par' dir='ltr' id='par_1_47' title="bbox 1869 4788 5133 4862">
     <span class='ocr_line' id='line_1_47' title="bbox 1869 4788 5133 4862; baseline 0.001 -23"><span class='ocrx_word' id='word_1_546' title='bbox 1869 4801 1992 4841; x_wconf 88' lang='lat' dir='ltr'><strong>cum</strong></span> <span class='ocrx_word' id='word_1_547' title='bbox 2026 4790 2288 4846; x_wconf 89' lang='lat' dir='ltr'><strong>scriberet</strong></span> <span class='ocrx_word' id='word_1_548' title='bbox 2321 4793 2540 4862; x_wconf 79' lang='lat' dir='ltr'><strong>Eulogio</strong></span> <span class='ocrx_word' id='word_1_549' title='bbox 2568 4809 2582 4843; x_wconf 91' lang='lat'><strong>:</strong></span> <span class='ocrx_word' id='word_1_550' title='bbox 2609 4790 3008 4859; x_wconf 84' lang='lat' dir='ltr'><strong>Complectitur,</strong></span> <span class='ocrx_word' id='word_1_551' title='bbox 3028 4789 3226 4858; x_wconf 88' lang='lat' dir='ltr'><strong>inquit,</strong></span> <span class='ocrx_word' id='word_1_552' title='bbox 3254 4789 3390 4842; x_wconf 79' lang='lat' dir='ltr'><strong>idem</strong></span> <span class='ocrx_word' id='word_1_553' title='bbox 3417 4789 3550 4842; x_wconf 82' lang='lat' dir='ltr'><strong>liber</strong></span> <span class='ocrx_word' id='word_1_554' title='bbox 3575 4790 3670 4844; x_wconf 86' lang='lat' dir='ltr'><strong>sub</strong></span> <span class='ocrx_word' id='word_1_555' title='bbox 3705 4790 3866 4859; x_wconf 80' lang='lat' dir='ltr'><strong>ﬁnem</strong></span> <span class='ocrx_word' id='word_1_556' title='bbox 3908 4790 4082 4844; x_wconf 80' lang='lat' dir='ltr'><strong>breves</strong></span> <span class='ocrx_word' id='word_1_557' title='bbox 4109 4791 4367 4860; x_wconf 84' lang='lat' dir='ltr'><strong>quasdam</strong></span> <span class='ocrx_word' id='word_1_558' title='bbox 4401 4791 4466 4843; x_wconf 75' lang='lat' dir='ltr'><strong>de</strong></span> <span class='ocrx_word' id='word_1_559' title='bbox 4501 4788 4698 4843; x_wconf 83' lang='lat' dir='ltr'><strong>Christi</strong></span> <span class='ocrx_word' id='word_1_560' title='bbox 4741 4789 5133 4857; x_wconf 78' lang='lat' dir='ltr'><strong>dispensatione</strong></span> 
     </span>
    </p>
   </div>
   <div class='ocr_carea' id='block_1_48' title="bbox 1871 4878 5134 4954">
    <p class='ocr_par' dir='ltr' id='par_1_48' title="bbox 1871 4878 5134 4954">
     <span class='ocr_line' id='line_1_48' title="bbox 1871 4878 5134 4954; baseline 0 -22"><span class='ocrx_word' id='word_1_561' title='bbox 1871 4884 2241 4949; x_wconf 67' lang='lat' dir='ltr'><strong>expositiones,</strong></span> <span class='ocrx_word' id='word_1_562' title='bbox 2263 4899 2451 4954; x_wconf 80' lang='lat' dir='ltr'><strong>easque</strong></span> <span class='ocrx_word' id='word_1_563' title='bbox 2476 4883 2720 4947; x_wconf 81' lang='lat' dir='ltr'><strong>pulchras</strong></span> <span class='ocrx_word' id='word_1_564' title='bbox 2741 4883 3027 4934; x_wconf 71' lang='lat' dir='ltr'><strong>admodum</strong></span> <span class='ocrx_word' id='word_1_565' title='bbox 3049 4892 3096 4934; x_wconf 83' lang='lat' dir='ltr'><strong>et</strong></span> <span class='ocrx_word' id='word_1_566' title='bbox 3121 4880 3296 4934; x_wconf 82' lang='lat' dir='ltr'><strong>utiles.</strong></span> <span class='ocrx_word' id='word_1_567' title='bbox 3326 4879 3552 4949; x_wconf 86' lang='lat' dir='ltr'><strong>Oportet</strong></span> <span class='ocrx_word' id='word_1_568' title='bbox 3585 4882 3730 4936; x_wconf 91' lang='lat' dir='ltr'><strong>enim</strong></span> <span class='ocrx_word' id='word_1_569' title='bbox 3772 4881 4143 4950; x_wconf 86' lang='lat' dir='ltr'><strong>expositiones</strong></span> <span class='ocrx_word' id='word_1_570' title='bbox 4172 4895 4308 4949; x_wconf 86' lang='lat' dir='ltr'><strong>quas</strong></span> <span class='ocrx_word' id='word_1_571' title='bbox 4343 4888 4632 4945; x_wconf 88' lang='lat' dir='ltr'><strong>memorat,</strong></span> <span class='ocrx_word' id='word_1_572' title='bbox 4677 4879 4760 4935; x_wconf 90' lang='lat' dir='ltr'><strong>vel</strong></span> <span class='ocrx_word' id='word_1_573' title='bbox 4806 4896 4833 4934; x_wconf 96' lang='lat' dir='ltr'><strong>a</strong></span> <span class='ocrx_word' id='word_1_574' title='bbox 4868 4878 5134 4945; x_wconf 82' lang='lat' dir='ltr'><strong>Scholiis,</strong></span> 
     </span>
    </p>
   </div>
   <div class='ocr_carea' id='block_1_49' title="bbox 1873 4971 5135 5044">
    <p class='ocr_par' dir='ltr' id='par_1_49' title="bbox 1873 4971 5135 5044">
     <span class='ocr_line' id='line_1_49' title="bbox 1873 4971 5135 5044; baseline 0.002 -23"><span class='ocrx_word' id='word_1_575' title='bbox 1873 4973 1954 5024; x_wconf 86' lang='lat' dir='ltr'><strong>vel</strong></span> <span class='ocrx_word' id='word_1_576' title='bbox 1987 4988 2015 5025; x_wconf 90' lang='lat' dir='ltr'><strong>a</strong></span> <span class='ocrx_word' id='word_1_577' title='bbox 2051 4986 2422 5042; x_wconf 83' lang='lat' dir='ltr'><strong>consequente</strong></span> <span class='ocrx_word' id='word_1_578' title='bbox 2457 4982 2694 5028; x_wconf 87' lang='lat' dir='ltr'><strong>tractatu</strong></span> <span class='ocrx_word' id='word_1_579' title='bbox 2725 4975 2792 5027; x_wconf 89' lang='lat' dir='ltr'><strong>de</strong></span> <span class='ocrx_word' id='word_1_580' title='bbox 2821 4973 3200 5028; x_wconf 86' lang='lat' dir='ltr'><strong>Inearnatione</strong></span> <span class='ocrx_word' id='word_1_581' title='bbox 3233 4971 3420 5039; x_wconf 84' lang='lat' dir='ltr'><strong>Verbi,</strong></span> <span class='ocrx_word' id='word_1_582' title='bbox 3446 4974 3529 5028; x_wconf 89' lang='lat' dir='ltr'><strong>vel</strong></span> <span class='ocrx_word' id='word_1_583' title='bbox 3560 4989 3590 5027; x_wconf 91' lang='lat' dir='ltr'><strong>a</strong></span> <span class='ocrx_word' id='word_1_584' title='bbox 3625 4974 3837 5044; x_wconf 87' lang='lat' dir='ltr'><strong>dialogo</strong></span> <span class='ocrx_word' id='word_1_585' title='bbox 3867 4974 4155 5042; x_wconf 81' lang='lat' dir='ltr'><strong>subiuncta</strong></span> <span class='ocrx_word' id='word_1_586' title='bbox 4187 4989 4294 5028; x_wconf 93' lang='lat' dir='ltr'><strong>non</strong></span> <span class='ocrx_word' id='word_1_587' title='bbox 4328 4973 4546 5028; x_wconf 81' lang='lat' dir='ltr'><strong>diﬂ&#39;erre</strong></span> <span class='ocrx_word' id='word_1_588' title='bbox 4573 4990 4587 5027; x_wconf 88' lang='lat'><strong>:</strong></span> <span class='ocrx_word' id='word_1_589' title='bbox 4611 4986 4789 5042; x_wconf 89' lang='lat' dir='ltr'><strong>neque</strong></span> <span class='ocrx_word' id='word_1_590' title='bbox 4813 4972 4957 5028; x_wconf 89' lang='lat' dir='ltr'><strong>enim</strong></span> <span class='ocrx_word' id='word_1_591' title='bbox 4983 4971 5135 5026; x_wconf 86' lang='lat' dir='ltr'><strong>aliud</strong></span> 
     </span>
    </p>
   </div>
   <div class='ocr_carea' id='block_1_50' title="bbox 1871 5064 5138 5136">
    <p class='ocr_par' dir='ltr' id='par_1_50' title="bbox 1871 5064 5138 5136">
     <span class='ocr_line' id='line_1_50' title="bbox 1871 5064 5138 5136; baseline -0 -19"><span class='ocrx_word' id='word_1_592' title='bbox 1871 5066 2144 5132; x_wconf 83' lang='lat' dir='ltr'><strong>quidpiam</strong></span> <span class='ocrx_word' id='word_1_593' title='bbox 2177 5068 2417 5132; x_wconf 86' lang='lat' dir='ltr'><strong>scripsit,</strong></span> <span class='ocrx_word' id='word_1_594' title='bbox 2449 5067 2516 5120; x_wconf 91' lang='lat' dir='ltr'><strong>de</strong></span> <span class='ocrx_word' id='word_1_595' title='bbox 2543 5081 2652 5134; x_wconf 89' lang='lat' dir='ltr'><strong>quo</strong></span> <span class='ocrx_word' id='word_1_596' title='bbox 2687 5065 2907 5119; x_wconf 90' lang='lat' dir='ltr'><strong>dubium</strong></span> <span class='ocrx_word' id='word_1_597' title='bbox 2937 5079 3058 5120; x_wconf 90' lang='lat' dir='ltr'><strong>esse</strong></span> <span class='ocrx_word' id='word_1_598' title='bbox 3089 5065 3279 5133; x_wconf 89' lang='lat' dir='ltr'><strong>possit.</strong></span> <span class='ocrx_word' id='word_1_599' title='bbox 3313 5065 3382 5119; x_wconf 86' lang='lat' dir='ltr'><strong>At</strong></span> <span class='ocrx_word' id='word_1_600' title='bbox 3425 5064 3606 5120; x_wconf 82' lang='lat' dir='ltr'><strong>dili&#39;ert</strong></span> <span class='ocrx_word' id='word_1_601' title='bbox 3632 5065 3874 5136; x_wconf 81' lang='lat' dir='ltr'><strong>profecto</strong></span> <span class='ocrx_word' id='word_1_602' title='bbox 3903 5079 3933 5118; x_wconf 88' lang='lat' dir='ltr'><strong>a</strong></span> <span class='ocrx_word' id='word_1_603' title='bbox 3964 5074 4332 5134; x_wconf 89' lang='lat' dir='ltr'><strong>consequente</strong></span> <span class='ocrx_word' id='word_1_604' title='bbox 4368 5072 4599 5120; x_wconf 89' lang='lat' dir='ltr'><strong>tractatu</strong></span> <span class='ocrx_word' id='word_1_605' title='bbox 4639 5065 4731 5133; x_wconf 91' lang='lat' dir='ltr'><strong>qui</strong></span> <span class='ocrx_word' id='word_1_606' title='bbox 4776 5077 4962 5119; x_wconf 89' lang='lat' dir='ltr'><strong>revera</strong></span> <span class='ocrx_word' id='word_1_607' title='bbox 4991 5076 5138 5124; x_wconf 78' lang='lat' dir='ltr'><strong>unus</strong></span> 
     </span>
    </p>
   </div>
   <div class='ocr_carea' id='block_1_51' title="bbox 1873 5156 5134 5231">
    <p class='ocr_par' dir='ltr' id='par_1_51' title="bbox 1873 5156 5134 5231">
     <span class='ocr_line' id='line_1_51' title="bbox 1873 5156 5134 5231; baseline 0 -19"><span class='ocrx_word' id='word_1_608' title='bbox 1873 5161 2089 5227; x_wconf 82' lang='lat' dir='ltr'><strong>quidam</strong></span> <span class='ocrx_word' id='word_1_609' title='bbox 2137 5175 2317 5213; x_wconf 89' lang='lat' dir='ltr'><strong>sermo</strong></span> <span class='ocrx_word' id='word_1_610' title='bbox 2349 5170 2466 5225; x_wconf 85' lang='lat' dir='ltr'><strong>est;</strong></span> <span class='ocrx_word' id='word_1_611' title='bbox 2517 5159 2700 5214; x_wconf 80' lang='lat' dir='ltr'><strong>dill‘ert</strong></span> <span class='ocrx_word' id='word_1_612' title='bbox 2733 5160 2894 5213; x_wconf 89' lang='lat' dir='ltr'><strong>etiam</strong></span> <span class='ocrx_word' id='word_1_613' title='bbox 2942 5175 2972 5213; x_wconf 88' lang='lat' dir='ltr'><strong>a</strong></span> <span class='ocrx_word' id='word_1_614' title='bbox 3017 5159 3227 5229; x_wconf 83' lang='lat' dir='ltr'><strong>dialogo</strong></span> <span class='ocrx_word' id='word_1_615' title='bbox 3268 5175 3389 5213; x_wconf 81' lang='lat' dir='ltr'><strong>mox</strong></span> <span class='ocrx_word' id='word_1_616' title='bbox 3428 5161 3614 5214; x_wconf 88' lang='lat' dir='ltr'><strong>dicto:</strong></span> <span class='ocrx_word' id='word_1_617' title='bbox 3656 5160 3780 5229; x_wconf 85' lang='lat' dir='ltr'><strong>quis</strong></span> <span class='ocrx_word' id='word_1_618' title='bbox 3821 5160 3984 5214; x_wconf 82' lang='lat' dir='ltr'><strong>enim‘</strong></span> <span class='ocrx_word' id='word_1_619' title='bbox 4009 5161 4277 5231; x_wconf 88' lang='lat' dir='ltr'><strong>dialogum</strong></span> <span class='ocrx_word' id='word_1_620' title='bbox 4329 5158 4598 5224; x_wconf 74' lang='grc' dir='ltr'><strong>ἐκθέσεως</strong></span> <span class='ocrx_word' id='word_1_621' title='bbox 4644 5159 4866 5215; x_wconf 87' lang='lat' dir='ltr'><strong>nomine</strong></span> <span class='ocrx_word' id='word_1_622' title='bbox 4910 5156 5134 5228; x_wconf 86' lang='lat' dir='ltr'><strong>proprio</strong></span> 
     </span>
    </p>
   </div>
   <div class='ocr_carea' id='block_1_52' title="bbox 1874 5249 4781 5322">
    <p class='ocr_par' dir='ltr' id='par_1_52' title="bbox 1874 5249 4781 5322">
     <span class='ocr_line' id='line_1_52' title="bbox 1874 5249 4781 5322; baseline -0 -19"><span class='ocrx_word' id='word_1_623' title='bbox 1874 5251 2145 5319; x_wconf 72' lang='lat' dir='ltr'><strong>appellet?</strong></span> <span class='ocrx_word' id='word_1_624' title='bbox 2169 5250 2490 5318; x_wconf 85' lang='lat' dir='ltr'><strong>Quanquam</strong></span> <span class='ocrx_word' id='word_1_625' title='bbox 2530 5252 2702 5320; x_wconf 88' lang='lat' dir='ltr'><strong>potuit</strong></span> <span class='ocrx_word' id='word_1_626' title='bbox 2728 5253 2974 5322; x_wconf 88' lang='lat' dir='ltr'><strong>dialogus</strong></span> <span class='ocrx_word' id='word_1_627' title='bbox 3008 5251 3259 5319; x_wconf 86' lang='lat' dir='ltr'><strong>subiungi</strong></span> <span class='ocrx_word' id='word_1_628' title='bbox 3292 5251 3546 5316; x_wconf 89' lang='lat' dir='ltr'><strong>Scholiis,</strong></span> <span class='ocrx_word' id='word_1_629' title='bbox 3567 5262 3627 5306; x_wconf 92' lang='lat' dir='ltr'><strong>ut</strong></span> <span class='ocrx_word' id='word_1_630' title='bbox 3655 5253 3891 5320; x_wconf 88' lang='lat' dir='ltr'><strong>epitome</strong></span> <span class='ocrx_word' id='word_1_631' title='bbox 3929 5252 4176 5321; x_wconf 70' lang='lat' dir='ltr'><strong>quredam</strong></span> <span class='ocrx_word' id='word_1_632' title='bbox 4205 5261 4260 5306; x_wconf 92' lang='lat' dir='ltr'><strong>et</strong></span> <span class='ocrx_word' id='word_1_633' title='bbox 4289 5251 4436 5305; x_wconf 90' lang='lat' dir='ltr'><strong>velut</strong></span> <span class='ocrx_word' id='word_1_634' title='bbox 4458 5249 4781 5320; x_wconf 74' lang='grc' dir='ltr'><strong>ὑπόμνημα.</strong></span> 
     </span>
    </p>
   </div>
   <div class='ocr_carea' id='block_1_53' title="bbox 1945 5345 5130 5417">
    <p class='ocr_par' dir='ltr' id='par_1_53' title="bbox 1945 5345 5130 5417">
     <span class='ocr_line' id='line_1_53' title="bbox 1945 5345 5130 5417; baseline 0.002 -25"><span class='ocrx_word' id='word_1_635' title='bbox 1945 5346 2118 5411; x_wconf 86' lang='lat' dir='ltr'><strong>Quam</strong></span> <span class='ocrx_word' id='word_1_636' title='bbox 2179 5356 2431 5398; x_wconf 80' lang='lat' dir='ltr'><strong>accurata</strong></span> <span class='ocrx_word' id='word_1_637' title='bbox 2479 5345 2733 5400; x_wconf 87' lang='lat' dir='ltr'><strong>methodo</strong></span> <span class='ocrx_word' id='word_1_638' title='bbox 2795 5347 2868 5412; x_wconf 78' lang='lat' dir='ltr'><strong>sit</strong></span> <span class='ocrx_word' id='word_1_639' title='bbox 2913 5347 3323 5413; x_wconf 89' lang='lat' dir='ltr'><strong>conscriptum,</strong></span> <span class='ocrx_word' id='word_1_640' title='bbox 3379 5361 3443 5401; x_wconf 81' lang='lat' dir='ltr'><strong>ex</strong></span> <span class='ocrx_word' id='word_1_641' title='bbox 3498 5346 3642 5400; x_wconf 88' lang='lat' dir='ltr'><strong>serie</strong></span> <span class='ocrx_word' id='word_1_642' title='bbox 3697 5354 3945 5415; x_wconf 88' lang='lat' dir='ltr'><strong>apertum</strong></span> <span class='ocrx_word' id='word_1_643' title='bbox 4009 5355 4112 5402; x_wconf 90' lang='lat' dir='ltr'><strong>est.</strong></span> <span class='ocrx_word' id='word_1_644' title='bbox 4174 5345 4408 5417; x_wconf 88' lang='lat' dir='ltr'><strong>Cyrillus</strong></span> <span class='ocrx_word' id='word_1_645' title='bbox 4463 5360 4494 5399; x_wconf 88' lang='lat' dir='ltr'><strong>a</strong></span> <span class='ocrx_word' id='word_1_646' title='bbox 4547 5345 4875 5415; x_wconf 87' lang='lat' dir='ltr'><strong>simplicium</strong></span> <span class='ocrx_word' id='word_1_647' title='bbox 4935 5356 5130 5399; x_wconf 87' lang='lat' dir='ltr'><strong>vocum</strong></span> 
     </span>
    </p>
   </div>
   <div class='ocr_carea' id='block_1_54' title="bbox 1875 5438 5129 5516">
    <p class='ocr_par' dir='ltr' id='par_1_54' title="bbox 1875 5438 5129 5516">
     <span class='ocr_line' id='line_1_54' title="bbox 1875 5438 5129 5516; baseline 0.001 -26"><span class='ocrx_word' id='word_1_648' title='bbox 1875 5439 2327 5504; x_wconf 86' lang='lat' dir='ltr'><strong>interpretatione</strong></span> <span class='ocrx_word' id='word_1_649' title='bbox 2361 5455 2588 5496; x_wconf 79' lang='lat' dir='ltr'><strong>exorsus</strong></span> <span class='ocrx_word' id='word_1_650' title='bbox 2622 5442 2878 5516; x_wconf 75' lang='lat' dir='ltr'><strong>exponit,</strong></span> <span class='ocrx_word' id='word_1_651' title='bbox 2911 5442 3038 5511; x_wconf 90' lang='lat' dir='ltr'><strong>quid</strong></span> <span class='ocrx_word' id='word_1_652' title='bbox 3080 5442 3151 5495; x_wconf 90' lang='lat' dir='ltr'><strong>sit</strong></span> <span class='ocrx_word' id='word_1_653' title='bbox 3192 5440 3478 5508; x_wconf 89' lang='lat' dir='ltr'><strong>Christus,</strong></span> <span class='ocrx_word' id='word_1_654' title='bbox 3515 5442 3644 5511; x_wconf 91' lang='lat' dir='ltr'><strong>quid</strong></span> <span class='ocrx_word' id='word_1_655' title='bbox 3691 5442 4026 5507; x_wconf 87' lang='lat' dir='ltr'><strong>Emmanuel,</strong></span> <span class='ocrx_word' id='word_1_656' title='bbox 4069 5442 4195 5511; x_wconf 85' lang='lat' dir='ltr'><strong>quid</strong></span> <span class='ocrx_word' id='word_1_657' title='bbox 4226 5441 4414 5507; x_wconf 83' lang='lat' dir='ltr'><strong>Jesus,</strong></span> <span class='ocrx_word' id='word_1_658' title='bbox 4444 5441 4574 5511; x_wconf 90' lang='lat' dir='ltr'><strong>quid</strong></span> <span class='ocrx_word' id='word_1_659' title='bbox 4611 5454 4770 5508; x_wconf 91' lang='lat' dir='ltr'><strong>unus,</strong></span> <span class='ocrx_word' id='word_1_660' title='bbox 4812 5439 4943 5510; x_wconf 90' lang='lat' dir='ltr'><strong>quid</strong></span> <span class='ocrx_word' id='word_1_661' title='bbox 4974 5438 5129 5494; x_wconf 88' lang='lat' dir='ltr'><strong>unio.</strong></span> 
     </span>
    </p>
   </div>
   <div class='ocr_carea' id='block_1_55' title="bbox 1876 5530 5134 5603">
    <p class='ocr_par' dir='ltr' id='par_1_55' title="bbox 1876 5530 5134 5603">
     <span class='ocr_line' id='line_1_55' title="bbox 1876 5530 5134 5603; baseline 0.001 -21"><span class='ocrx_word' id='word_1_662' title='bbox 1876 5530 1997 5582; x_wconf 83' lang='lat' dir='ltr'><strong>Mox</strong></span> <span class='ocrx_word' id='word_1_663' title='bbox 2037 5534 2102 5582; x_wconf 86' lang='lat' dir='ltr'><strong>ad</strong></span> <span class='ocrx_word' id='word_1_664' title='bbox 2137 5532 2554 5601; x_wconf 87' lang='lat' dir='ltr'><strong>propositiones,</strong></span> <span class='ocrx_word' id='word_1_665' title='bbox 2587 5549 2706 5603; x_wconf 69' lang='lat' dir='ltr'><strong>qua:</strong></span> <span class='ocrx_word' id='word_1_666' title='bbox 2749 5536 2799 5589; x_wconf 93' lang='lat' dir='ltr'><strong>in</strong></span> <span class='ocrx_word' id='word_1_667' title='bbox 2833 5537 2935 5589; x_wconf 90' lang='lat' dir='ltr'><strong>hac</strong></span> <span class='ocrx_word' id='word_1_668' title='bbox 2970 5535 3196 5587; x_wconf 88' lang='lat' dir='ltr'><strong>materia</strong></span> <span class='ocrx_word' id='word_1_669' title='bbox 3242 5534 3492 5603; x_wconf 87' lang='lat' dir='ltr'><strong>usurpari</strong></span> <span class='ocrx_word' id='word_1_670' title='bbox 3528 5536 3723 5599; x_wconf 90' lang='lat' dir='ltr'><strong>solent,</strong></span> <span class='ocrx_word' id='word_1_671' title='bbox 3772 5535 4072 5589; x_wconf 89' lang='lat' dir='ltr'><strong>orationem</strong></span> <span class='ocrx_word' id='word_1_672' title='bbox 4127 5533 4421 5587; x_wconf 84' lang='lat' dir='ltr'><strong>deﬂectens</strong></span> <span class='ocrx_word' id='word_1_673' title='bbox 4474 5533 4749 5598; x_wconf 88' lang='lat' dir='ltr'><strong>edisserit,</strong></span> <span class='ocrx_word' id='word_1_674' title='bbox 4780 5545 4884 5601; x_wconf 92' lang='lat' dir='ltr'><strong>qua</strong></span> <span class='ocrx_word' id='word_1_675' title='bbox 4922 5531 5134 5585; x_wconf 90' lang='lat' dir='ltr'><strong>ratione</strong></span> 
     </span>
    </p>
   </div>
   <div class='ocr_carea' id='block_1_56' title="bbox 1872 5621 5132 5706">
    <p class='ocr_par' dir='ltr' id='par_1_56' title="bbox 1872 5621 5132 5706">
     <span class='ocr_line' id='line_1_56' title="bbox 1872 5621 5132 5706; baseline 0.001 -29"><span class='ocrx_word' id='word_1_676' title='bbox 1872 5621 2122 5679; x_wconf 84' lang='lat' dir='ltr'><strong>Christus</strong></span> <span class='ocrx_word' id='word_1_677' title='bbox 2158 5621 2226 5674; x_wconf 90' lang='lat' dir='ltr'><strong>sit</strong></span> <span class='ocrx_word' id='word_1_678' title='bbox 2276 5639 2435 5689; x_wconf 82' lang='lat' dir='ltr'><strong>unus,</strong></span> <span class='ocrx_word' id='word_1_679' title='bbox 2490 5640 2627 5679; x_wconf 87' lang='lat' dir='ltr'><strong>unus</strong></span> <span class='ocrx_word' id='word_1_680' title='bbox 2667 5625 3008 5689; x_wconf 88' lang='lat' dir='ltr'><strong>Emmanuel,</strong></span> <span class='ocrx_word' id='word_1_681' title='bbox 3053 5639 3193 5678; x_wconf 91' lang='lat' dir='ltr'><strong>unus</strong></span> <span class='ocrx_word' id='word_1_682' title='bbox 3225 5623 3406 5689; x_wconf 72' lang='lat' dir='ltr'><strong>Iesus,</strong></span> <span class='ocrx_word' id='word_1_683' title='bbox 3456 5627 3507 5680; x_wconf 91' lang='lat' dir='ltr'><strong>id</strong></span> <span class='ocrx_word' id='word_1_684' title='bbox 3563 5635 3669 5691; x_wconf 88' lang='lat' dir='ltr'><strong>est,</strong></span> <span class='ocrx_word' id='word_1_685' title='bbox 3707 5641 3846 5680; x_wconf 89' lang='lat' dir='ltr'><strong>unus</strong></span> <span class='ocrx_word' id='word_1_686' title='bbox 3901 5625 4184 5690; x_wconf 88' lang='lat' dir='ltr'><strong>Dominus,</strong></span> <span class='ocrx_word' id='word_1_687' title='bbox 4231 5635 4354 5706; x_wconf 40' lang='lat' dir='ltr'><strong>etc;</strong></span> <span class='ocrx_word' id='word_1_688' title='bbox 4383 5625 4519 5680; x_wconf 92' lang='lat' dir='ltr'><strong>Tum</strong></span> <span class='ocrx_word' id='word_1_689' title='bbox 4573 5626 4846 5696; x_wconf 90' lang='lat' dir='ltr'><strong>quomodo</strong></span> <span class='ocrx_word' id='word_1_690' title='bbox 4888 5624 5132 5680; x_wconf 79' lang='lat' dir='ltr'><strong>Verbum</strong></span> 
     </span>
    </p>
   </div>
   <div class='ocr_carea' id='block_1_57' title="bbox 1874 5713 5134 5783">
    <p class='ocr_par' dir='ltr' id='par_1_57' title="bbox 1874 5713 5134 5783">
     <span class='ocr_line' id='line_1_57' title="bbox 1874 5713 5134 5783; baseline 0.002 -19"><span class='ocrx_word' id='word_1_691' title='bbox 1874 5715 2086 5767; x_wconf 83' lang='lat' dir='ltr'><strong>dicatur</strong></span> <span class='ocrx_word' id='word_1_692' title='bbox 2105 5713 2465 5776; x_wconf 79' lang='lat' dir='ltr'><strong>exinanitum,</strong></span> <span class='ocrx_word' id='word_1_693' title='bbox 2500 5714 2648 5767; x_wconf 88' lang='lat' dir='ltr'><strong>carni</strong></span> <span class='ocrx_word' id='word_1_694' title='bbox 2682 5716 2917 5781; x_wconf 89' lang='lat' dir='ltr'><strong>unitum,</strong></span> <span class='ocrx_word' id='word_1_695' title='bbox 2950 5714 3151 5768; x_wconf 81' lang='lat' dir='ltr'><strong>factum</strong></span> <span class='ocrx_word' id='word_1_696' title='bbox 3183 5714 3381 5780; x_wconf 88' lang='lat' dir='ltr'><strong>homo,</strong></span> <span class='ocrx_word' id='word_1_697' title='bbox 3420 5731 3520 5771; x_wconf 82' lang='lat' dir='ltr'><strong>nec</strong></span> <span class='ocrx_word' id='word_1_698' title='bbox 3554 5718 3676 5773; x_wconf 92' lang='lat' dir='ltr'><strong>ideo</strong></span> <span class='ocrx_word' id='word_1_699' title='bbox 3714 5727 3891 5771; x_wconf 89' lang='lat' dir='ltr'><strong>tamen</strong></span> <span class='ocrx_word' id='word_1_700' title='bbox 3926 5727 4190 5772; x_wconf 89' lang='lat' dir='ltr'><strong>mutatum</strong></span> <span class='ocrx_word' id='word_1_701' title='bbox 4214 5758 4229 5783; x_wconf 92' lang='lat'><strong>,</strong></span> <span class='ocrx_word' id='word_1_702' title='bbox 4266 5727 4359 5770; x_wconf 89' lang='lat' dir='ltr'><strong>aut</strong></span> <span class='ocrx_word' id='word_1_703' title='bbox 4391 5716 4673 5772; x_wconf 85' lang='lat' dir='ltr'><strong>divinitate</strong></span> <span class='ocrx_word' id='word_1_704' title='bbox 4703 5726 4952 5772; x_wconf 75' lang='lat' dir='ltr'><strong>exutum.</strong></span> <span class='ocrx_word' id='word_1_705' title='bbox 4988 5715 5134 5774; x_wconf 84' lang='lat' dir='ltr'><strong>Hinc</strong></span> 
     </span>
    </p>
   </div>
   <div class='ocr_carea' id='block_1_58' title="bbox 1872 5805 5134 5879">
    <p class='ocr_par' dir='ltr' id='par_1_58' title="bbox 1872 5805 5134 5879">
     <span class='ocr_line' id='line_1_58' title="bbox 1872 5805 5134 5879; baseline 0.003 -26"><span class='ocrx_word' id='word_1_706' title='bbox 1872 5822 1976 5871; x_wconf 76' lang='lat' dir='ltr'><strong>quo</strong></span> <span class='ocrx_word' id='word_1_707' title='bbox 2007 5815 2162 5874; x_wconf 83' lang='lat' dir='ltr'><strong>pacto</strong></span> <span class='ocrx_word' id='word_1_708' title='bbox 2194 5805 2443 5861; x_wconf 85' lang='lat' dir='ltr'><strong>Christus</strong></span> <span class='ocrx_word' id='word_1_709' title='bbox 2479 5822 2582 5860; x_wconf 84' lang='lat' dir='ltr'><strong>non</strong></span> <span class='ocrx_word' id='word_1_710' title='bbox 2617 5807 2685 5859; x_wconf 88' lang='lat' dir='ltr'><strong>sit</strong></span> <span class='ocrx_word' id='word_1_711' title='bbox 2713 5809 2875 5861; x_wconf 90' lang='lat' dir='ltr'><strong>homo</strong></span> <span class='ocrx_word' id='word_1_712' title='bbox 2909 5807 3191 5877; x_wconf 71' lang='grc' dir='ltr'>θεοφόρος,</span> <span class='ocrx_word' id='word_1_713' title='bbox 3221 5819 3314 5861; x_wconf 88' lang='lat' dir='ltr'><strong>aut</strong></span> <span class='ocrx_word' id='word_1_714' title='bbox 3349 5810 3568 5866; x_wconf 83' lang='lat' dir='ltr'><strong>nomine</strong></span> <span class='ocrx_word' id='word_1_715' title='bbox 3600 5810 3833 5874; x_wconf 83' lang='lat' dir='ltr'><strong>aIIIatus,</strong></span> <span class='ocrx_word' id='word_1_716' title='bbox 3865 5811 3959 5865; x_wconf 88' lang='lat' dir='ltr'><strong>sed</strong></span> <span class='ocrx_word' id='word_1_717' title='bbox 3989 5827 4114 5865; x_wconf 87' lang='lat' dir='ltr'><strong>vere</strong></span> <span class='ocrx_word' id='word_1_718' title='bbox 4151 5812 4311 5867; x_wconf 87' lang='lat' dir='ltr'><strong>homo</strong></span> <span class='ocrx_word' id='word_1_719' title='bbox 4343 5812 4505 5875; x_wconf 86' lang='lat' dir='ltr'><strong>Deus,</strong></span> <span class='ocrx_word' id='word_1_720' title='bbox 4541 5811 4737 5865; x_wconf 87' lang='lat' dir='ltr'><strong>deinde</strong></span> <span class='ocrx_word' id='word_1_721' title='bbox 4783 5826 4886 5879; x_wconf 85' lang='lat' dir='ltr'><strong>qua</strong></span> <span class='ocrx_word' id='word_1_722' title='bbox 4919 5811 5134 5864; x_wconf 82' lang='lat' dir='ltr'><strong>ratione</strong></span> 
     </span>
    </p>
   </div>
   <div class='ocr_carea' id='block_1_59' title="bbox 1876 5896 5131 5976">
    <p class='ocr_par' dir='ltr' id='par_1_59' title="bbox 1876 5896 5131 5976">
     <span class='ocr_line' id='line_1_59' title="bbox 1876 5896 5131 5976; baseline 0.002 -25"><span class='ocrx_word' id='word_1_723' title='bbox 1876 5896 2109 5958; x_wconf 74' lang='lat' dir='ltr'><strong>Verbum</strong></span> <span class='ocrx_word' id='word_1_724' title='bbox 2143 5900 2490 5971; x_wconf 84' lang='lat' dir='ltr'><strong>perhibeatur</strong></span> <span class='ocrx_word' id='word_1_725' title='bbox 2523 5899 2574 5960; x_wconf 87' lang='lat' dir='ltr'><strong>in</strong></span> <span class='ocrx_word' id='word_1_726' title='bbox 2621 5899 2774 5955; x_wconf 90' lang='lat' dir='ltr'><strong>nobis</strong></span> <span class='ocrx_word' id='word_1_727' title='bbox 2803 5900 3068 5968; x_wconf 84' lang='lat' dir='ltr'><strong>habitare,</strong></span> <span class='ocrx_word' id='word_1_728' title='bbox 3102 5905 3166 5958; x_wconf 85' lang='lat' dir='ltr'><strong>ad</strong></span> <span class='ocrx_word' id='word_1_729' title='bbox 3209 5917 3306 5956; x_wconf 83' lang='lat' dir='ltr'><strong>nos</strong></span> <span class='ocrx_word' id='word_1_730' title='bbox 3348 5904 3507 5973; x_wconf 75' lang='lat' dir='ltr'><strong>mitti,</strong></span> <span class='ocrx_word' id='word_1_731' title='bbox 3536 5921 3734 5976; x_wconf 81' lang='lat' dir='ltr'><strong>corpus</strong></span> <span class='ocrx_word' id='word_1_732' title='bbox 3775 5905 3975 5960; x_wconf 83' lang='lat' dir='ltr'><strong>habere</strong></span> <span class='ocrx_word' id='word_1_733' title='bbox 4027 5904 4321 5974; x_wconf 77' lang='lat' dir='ltr'><strong>proprium,</strong></span> <span class='ocrx_word' id='word_1_734' title='bbox 4373 5916 4426 5959; x_wconf 91' lang='lat' dir='ltr'><strong>et</strong></span> <span class='ocrx_word' id='word_1_735' title='bbox 4471 5903 4742 5975; x_wconf 85' lang='lat' dir='ltr'><strong>quomodo</strong></span> <span class='ocrx_word' id='word_1_736' title='bbox 4795 5901 5131 5972; x_wconf 79' lang='lat' dir='ltr'><strong>intelligatur</strong></span> 
     </span>
    </p>
   </div>
  </div>
