6812 6578
1689 468 1836 525 I369
2619 471 2908 528 SCHOLIA
2947 473 3037 530 DE
3075 474 3596 537 INCABNATIONE
3633 483 4006 543 UNIGENITI.

4821 496 4960 553 1370

1687 583 1960 647 Θεοτόκος
1985 582 2147 653 Virgo
2178 588 2387 637 sancta.
2433 582 2674 639 Tandem
2719 586 2864 654 quod
2909 585 3229 660 Unigenitus
3262 592 3315 644 in
3357 608 3526 651 carne
3572 597 3766 652 visibili
3801 614 4071 668 apparens
4118 600 4428 656 nominetur
4463 602 4604 658 Deus
4643 611 4699 659 et
4751 606 4952 662 homo:

1687 677 1968 745 quomodo
2009 691 2221 747 passus,
2249 686 2304 732 et
2333 679 2386 732 in
2410 693 2518 747 quo
2547 687 2822 747 postremo
2849 679 3046 736 refellit
3071 698 3166 740 eos
3197 685 3288 752 qui
3320 687 3551 744 humana
3577 705 3684 745 non
3733 691 3836 745 alia
3873 693 4079 749 ratione
4121 695 4284 749 Deum
4319 695 4511 749 decere
4539 705 4748 764 putant,
4787 714 4949 767 quam

1690 771 1962 827 relatione
1992 771 2126 860 sola,
2171 771 2461 860 Caeterum,
2499 775 2642 842 quod
2685 773 2800 842 jam
2845 778 3053 845 monui,
3097 779 3535 840 distinctionibus
3586 786 3654 840 ad
3716 787 4061 845 declinandas
4121 790 4575 845 heterodoxorum
4627 792 4962 860 obiectiones

1691 861 1921 917 utilibus
1949 859 2159 931 singula
2193 858 2307 916 fere
2339 862 2515 932 capita
2543 861 2705 932 plena
2738 869 2893 918 sunt.

1705 1081 4903 1126 —_——'T—'_-——_————-———-—-—————_

2481 1246 2784 1363 ΤΟΥ
2855 1245 3318 1362 ΑΓΙΟΥ
3389 1241 4159 1366 ΚΥΡΙΛΛΟΥ

3259 1486 3420 1542 ΠΕΡΙ

1908 1677 2151 1761 ΤΗΣ
2225 1672 3402 1766 ΕΝΑΝΘΡΩΠΗΣΕΩΣ
3476 1679 3738 1766 ΤΟΥ
3811 1681 4752 1771 ΜΟΝΟΓΕΝΟΥΣ.

2669 2031 3238 2163 SANCTI
3359 2035 4009 2162 CYRILLI

2078 2284 2586 2380 SCHOLIA
2660 2284 2808 2374 DE
2884 2283 3796 2378 INCARNATIONE
3879 2289 4569 2381 UNIGENITI.

2302 2643 2553 2696 ΚΕΦΑΛ.
2592 2643 2673 2696 Δ’.
3300 2648 3350 2706 Δ
4043 2648 4201 2706 CAP.
4240 2652 4282 2706 Ι.

2165 2756 2228 2810 Τί
2261 2755 2436 2810 ἐστιν
2475 2759 2509 2810 ό
2547 2759 2824 2825 Χριστόςέ
2885 2727 2902 2735 ”

1773 2867 1850 2922 Τὸ
1883 2867 2116 2939 Χριστὸς
2156 2867 2329 2938 ὄνομα
2362 2867 2489 2921 οὔτε
2525 2870 2654 2940 ὅρου
2705 2867 2936 2941 δύναμιν
2959 2869 3112 2941 ἔχει,
3157 2869 3284 2924 οὔτε

1705 2961 1811 3029 μὴν
1847 2961 1944 3029 τήν
1971 2976 2116 3022 τινος
2146 2958 2352 3023 οὐσίαν,
2387 2960 2417 3012 ὅ
2454 2959 2507 3012 τί
2525 2959 2654 3014 ποτέ
2677 2961 2791 3013 ἐστι
2826 2961 3113 3031 σημαίνει·
3148 2961 3285 3016 καθ-

1675 3051 1852 3123 ’ἀπερ
1891 3051 2084 3121 ἀμέλει
2134 3051 2228 3104 καὶ
2277 3051 2337 3103 τὸ
2383 3049 2706 3123 ἄνθρωπος,
2741 3051 2775 3123 ἢ
2824 3052 3028 3117 ἵππος,
3061 3053 3095 3125 ἢ
3133 3052 3280 3124 βοῦς.

1704 3143 2036 3213 ηρᾶγματος
2062 3143 2118 3196 δὲ
2156 3142 2357 3213 μᾶλλον
2386 3143 2778 3214 ὲνεργουμένου
2805 3144 2933 3214 περί
2968 3161 3090 3197 τινα
3117 3147 3287 3198 ποιεῖ-

1699 3251 1791 3288 ται
1835 3235 2087 3306 δήλωσιν.
2126 3233 2323 3304 Ἑλαίῳ
2355 3233 2456 3304 μὲν
2489 3235 2734 3305 ἐχρίοντο
2771 3235 2881 3288 τῶν
2914 3236 3285 3306 ἀρχαιοτέρων

1699 3328 1863 3391 τινὲς,
1899 3326 2042 3380 κατά
2071 3343 2135 3395 γε
2170 3325 2250 3397 τῷ
2275 3325 2396 3394 Θεῷ
2417 3326 2478 3380 τὸ
2507 3327 2760 3396 τηνικάδε
2782 3327 2993 3382 δοκοῦν.
3028 3328 3138 3382 Καὶ
3160 3327 3284 3381 σύν-

1701 3421 1767 3490 θη
1778 3438 1854 3491 μα
1885 3419 2158 3490 βασιλείας
2185 3415 2254 3491 ἦν
2279 3421 2312 3489 ὴ
2338 3420 2520 3490 χρίσις
2555 3419 2757 3483 αὐτοῖς.
2791 3418 3068 3490 Ἐχρίοντο
3104 3419 3160 3474 δὲ
3189 3420 3284 3474 καὶ

1700 3516 1749 3566 οἱ
1797 3512 2074 3583 προφῆται
2131 3509 2338 3580 νοητῶς
2380 3509 2460 3582 τῷ
2499 3511 2640 3581 ἁγίῳ
2665 3509 2969 3581 Πνεύματι,
3002 3510 3143 3564 ὥστε
3190 3513 3286 3566 καὶ

1700 3601 1949 3655 ἐντεῦθεν
1988 3600 2348 3672 ὀνομάζεσθαι
2387 3601 2663 3672 χριστούς.
2690 3600 2897 3655 Ψάλλει
2936 3602 3066 3670 γοῦν
3105 3604 3134 3656 ὁ
3178 3619 3286 3672 μα-

1701 3693 1891 3763 κάριος
1927 3691 2089 3745 Δαϐὶδ
2115 3694 2179 3745 ὲκ
2206 3689 2502 3761 προσώπου
2525 3690 2619 3744 τοῦ
2641 3691 2800 3755 Θεοῦ,
2823 3693 2915 3746 καί
2941 3710 3073 3763 φησι
3096 3709 3111 3724 ο
3145 3710 3165 3744 ι
3194 3693 3286 3764 Μὴ

1702 3785 1939 3838 ἅπτεσθε
1971 3783 2080 3836 τῶν
2110 3783 2346 3854 χριστῶν
2378 3801 2502 3852 μου,
2523 3783 2619 3837 καὶ
2649 3785 2707 3838 ὲν
2728 3786 2842 3848 τοῖς
2873 3785 3175 3856 προφήταις
3211 3784 3288 3855 μὴ

1702 3877 2089 3947 πονηρεύεσθε.
2121 3895 2138 3928 ι
2172 3876 2308 3948 Φησὶ
2339 3877 2400 3935 δὲ.
2420 3877 2512 3930 καὶ
2543 3880 2571 3931 ὁ
2608 3880 2896 3950 προφήτης
2940 3878 3286 3958 Ἀ66ακούμο

3907 2762 4048 2830 Quid
4075 2774 4151 2820 est
4180 2764 4444 2822 Christus.

3459 2872 3625 2944 779
3645 2873 3846 2930 Christi
3880 2891 4074 2932 nomen
4102 2893 4202 2933 nec
4218 2878 4544 2936 deﬁnitionis
4580 2882 4686 2937 vim
4725 2884 4963 2953 obtinet,

3386 2979 3488 3021 nec
3514 2965 3817 3036 cuiuspiam
3859 2969 4244 3038 substantiam,
4296 2973 4470 3041 qualis
4509 2974 4618 3039 sit,
4662 2975 4966 3044 signiﬁcat.

3386 3055 3530 3110 sicut
3562 3056 3701 3110 forte
3731 3057 3914 3122 homo,
3937 3071 4032 3112 aut
4063 3076 4257 3128 equus,
4283 3071 4376 3115 aut
4403 3064 4498 3116 hos
4523 3079 4537 3127 ;
4564 3064 4657 3118 sed
4697 3065 4770 3119 rei
4798 3065 4967 3132 magis

3386 3159 3506 3214 quae
3536 3143 3590 3198 in
3629 3145 3812 3215 aliquo
3844 3156 4058 3215 agatur,
4107 3149 4270 3203 habet
4304 3150 4753 3219 signiﬁcationem
4784 3171 4796 3204 :
4848 3154 4968 3208 oleo

3387 3251 3624 3306 namque
3649 3237 3988 3306 ungebantur
4007 3238 4224 3306 quidam
4251 3241 4615 3307 superiorum,
4644 3242 4796 3310 juxta
4821 3247 4965 3312 quod

3385 3328 3498 3382 Deo
3541 3336 3668 3382 tunc
3711 3329 3971 3397 temporis
4005 3328 4271 3398 placebat,
4318 3339 4370 3384 et
4419 3333 4628 3402 signum
4667 3333 4815 3402 regni
4863 3334 4969 3389 illis

3387 3425 3506 3472 erat
3532 3417 3739 3472 unctio.
3785 3417 4143 3486 Ungebantur
4181 3433 4360 3474 autem
4402 3431 4454 3475 et
4483 3423 4757 3491 prophetm
4791 3425 4969 3479 sensi-

3387 3510 3569 3565 biliter
3600 3508 3805 3580 Spiritu
3841 3520 4056 3575 sancto,
4088 3522 4150 3566 ut
4175 3511 4298 3566 inde
4320 3527 4534 3581 quoque
4561 3514 4974 3570 nominarentur

3389 3600 3604 3655 christi.
3653 3601 3894 3670 Denique
3939 3600 4130 3656 beatus
4178 3601 4344 3656 David
4391 3602 4572 3672 psallit
4620 3619 4684 3657 ex
4741 3619 4970 3673 persona

3393 3700 3508 3767 Dei,
3539 3708 3591 3755 et
3623 3701 3698 3754 ait
3732 3717 3746 3752 :
3791 3718 3810 3752 ι
3839 3698 4020 3755 Nolite
4053 3711 4278 3768 tangere
4319 3701 4552 3755 christos
4602 3715 4750 3755 meos
4771 3741 4786 3764 ,
4822 3709 4874 3754 et
4918 3701 4969 3752 in

3391 3791 3670 3861 prophetis
3715 3790 3849 3845 meis
3895 3791 4058 3845 nolite
4103 3791 4386 3861 malignari
4417 3791 4453 3845 ⁸.
4507 3809 4524 3841 ι
4571 3791 4661 3844 Ait
4702 3801 4879 3845 autem
4919 3800 4976 3846 et

3391 3882 3652 3949 propheta
3685 3878 3936 3934 Hahaeuc
3973 3897 3987 3934 :
4027 3885 4048 3931 κ
4090 3879 4257 3934 Existi
4288 3881 4354 3934 ad
4388 3881 4614 3935 salutem
4647 3881 4829 3949 pepuli
4864 3882 4971 3945 tui,

1707 3988 1727 4022 ι
1759 3969 2012 4040 Ἐξῆλοες
2059 3971 2140 4033 εἰς
2183 3969 2456 4039 σωτηρίαν
2497 3969 2630 4024 λαοῦ
2676 3987 2792 4034 σου,
2823 3969 2919 4022 τοῦ
2965 3969 3136 4022 σῶσαι
3162 3971 3290 4033 τοὺς
3321 3995 3366 4050 Β
3393 3983 3451 4026 ιιι
3477 3971 3718 4026 salvares
3749 3972 3985 4027 christos
4009 3980 4129 4026 tuos
4154 3972 4194 4024 ’.
4222 3989 4242 4023 ι

1702 4079 1736 4129 χ
1743 4060 1958 4129 ριστούς
1999 4077 2114 4114 σου.
2149 4077 2168 4111 ι

1785 4151 1911 4204 Ἐπὶ
1947 4151 2003 4204 δέ
2036 4168 2098 4219 γε
2142 4148 2236 4204 τοῦ
2277 4148 2494 4204 πάντων
2526 4147 2685 4220 ἡμῶν
2719 4149 2975 4218 Σωτῆρος
3016 4148 3286 4219 Χριστοῦ,

1702 4244 1884 4319 χρίσιν
1927 4244 2025 4314 μὲν
2057 4242 2310 4313 γενέσθαι
2341 4243 2542 4311 φαμέν.
2589 4241 2734 4312 Πλὴν
2767 4241 2891 4294 οῦτε
2935 4241 3291 4311 συμϐολικὴν,

1701 4336 1780 4398 ὡς
1812 4335 1998 4406 ἐλαίῳ,
2024 4334 2331 4407 δρωμένην,
2359 4333 2483 4386 οὕτε
2508 4333 2614 4405 μὴν
2659 4333 2758 4403 τὴν
2788 4333 2864 4396 ὡς
2898 4334 2957 4386 ἐν
3009 4333 3194 4406 χάριτι
3225 4337 3292 4407 τῇ

1704 4429 2019 4498 προφητικῇ
2039 4444 2052 4456 ·
2080 4427 2194 4480 ἀλλ’
2220 4426 2342 4480 οὐδὲ
2364 4426 2603 4498 ἐκείνην,
2620 4425 2719 4498 τὴν
2751 4426 2826 4490 ὡς
2863 4426 2923 4480 ἐν
2949 4444 3013 4496 γε
3052 4427 3130 4498 τῷ
3157 4444 3292 4500 προ-

1704 4518 2044 4588 χειρίζεσθαι
2079 4517 2390 4589 νοουμένην,
2403 4517 2539 4590 πρὸς
2561 4517 2912 4590 κατόρθωσιν
2937 4519 3032 4573 τοῦ
3052 4519 3293 4573 τοιούτου

1703 4612 1794 4664 διά
1814 4627 1956 4674 τινος
1993 4609 2347 4681 πράγματος·
2379 4609 2560 4663 ὁποῖόν
2586 4627 2640 4662 τι
2683 4610 2938 4678 γενέσθαι
2969 4611 3169 4681 φαμὲν,
3200 4611 3296 4664 καὶ

1665 4705 1680 4719 ⁸
1707 4702 1800 4753 ἐπὶ
1825 4701 2008 4773 Κύρου
2033 4701 2124 4754 τοῦ
2147 4700 2374 4772 Περσῶν
2397 4718 2456 4754 τε
2489 4701 2584 4754 καὶ
2612 4701 2810 4773 Μήδων
2829 4700 3294 4772 βεϐασιλευκότος,

1706 4793 1766 4857 ὃς
1822 4793 2262 4865 κατεστράτευσε
2305 4797 2404 4864 τῆς
2446 4793 2827 4859 Βαϐυλωνίων,
2887 4793 3298 4864 παραθήγοντος

1708 4887 1786 4948 εἰς
1810 4886 1968 4939 τοῦτο
2000 4885 2164 4940 αὑτὸν
2215 4885 2311 4937 τοῦ
2357 4885 2536 4938 πάντα
2577 4886 2852 4956 ἰσχύοντος
2876 4885 3033 4939 θεοῦ.
3070 4885 3298 4956 Εἴρηται

1708 4978 1838 5050 γὰρ,
1878 4997 1896 5029 ι
1943 4977 2101 5032 Οὕτω
2138 4978 2286 5047 λέγει
2335 4977 2542 5047 Κύριος
2571 4977 2650 5047 τῷ
2685 4977 2894 5050 χριστῷ
2950 4996 3051 5048 μου
3093 4979 3295 5049 Κύρῳ,

1709 5064 1770 5122 οῦ
1807 5068 2084 5138 ἐκράτησα
2119 5068 2220 5136 τῆς
2265 5067 2464 5132 δεξιᾶς.
2502 5085 2520 5118 ι
2563 5069 2758 5121 Καίτοι
2795 5084 2860 5136 γε
2909 5068 3299 5140 εἰδωλολάτρης

1714 5159 1974 5230 ὑπάρχων
1996 5159 2155 5229 ἀνὴρ,
2191 5158 2504 5230 ὠνόμασται
2540 5158 2780 5228 χριστὸς,
2816 5158 2904 5212 διὰ
2926 5160 2986 5212 τὸ
3008 5160 3172 5211 οἱονεὶ
3203 5176 3289 5212 κε-

1711 5250 1933 5319 χρῖςοαι
1995 5249 2130 5320 πρὸς
2175 5249 2398 5318 βασιλέα
2424 5250 2488 5320 τῇ
2526 5248 2733 5302 ἄνωθεν
2774 5248 2972 5320 ψήφῳο
3006 5251 3298 5320 προκεχεξ-

3463 4152 3519 4206 In
3555 4152 3771 4208 Christo
3801 4159 3985 4207 autem
4035 4150 4278 4205 omuinm
4331 4150 4613 4207 Salvatore
4661 4151 4971 4205 unctionem

3393 4242 3612 4314 quidem
3641 4243 3836 4297 factam
3867 4255 3988 4296 esse
4018 4240 4247 4296 dicimus
4273 4259 4286 4295 :
4321 4250 4575 4296 caeterum
4621 4257 4796 4312 neque
4828 4256 4977 4310 synt-

3394 4335 3648 4400 holicam,
3674 4333 3827 4403 quasi
3851 4333 3971 4388 oleo
4002 4333 4224 4399 factam,
4253 4347 4353 4388 nec
4380 4333 4537 4402 quasi
4570 4332 4624 4386 in
4654 4333 4823 4400 gratia
4855 4347 4980 4400 pro-

3395 4429 3648 4498 phetica;
3676 4428 3770 4481 sed
3805 4440 3904 4480 nec
3937 4425 4107 4492 illam,
4136 4440 4254 4495 qua:
4277 4425 4597 4495 intelligitur
4623 4425 4736 4478 ﬁeri
4763 4426 4829 4477 ad
4856 4441 4976 4492 per-

3397 4521 3684 4576 fectionem
3720 4518 3948 4588 alicujus
3981 4519 4288 4587 ltujusmodi
4337 4517 4568 4589 negotii,
4629 4518 4840 4587 qualem
4894 4517 4976 4569 1⁵η-

3398 4625 3545 4669 ctam
3583 4627 3703 4669 esse
3723 4613 3956 4668 dicimus
3995 4612 4049 4666 in
4097 4611 4238 4683 Cyro
4269 4611 4556 4667 Persarum
4608 4618 4663 4664 et
4703 4607 4976 4662 Medorum

3399 4719 3544 4774 rege.
3575 4704 3775 4759 Contra
3809 4702 4138 4772 Babylonios
4168 4702 4313 4757 enim
4352 4701 4440 4754 ille
4479 4701 4631 4754 duxit
4657 4698 4979 4759 exercitum,

3399 4795 3694 4865 instigante
3718 4795 3896 4864 ipsum
3921 4793 3974 4846 in
4003 4791 4053 4846 id
4082 4791 4191 4846 Deo
4217 4793 4611 4861 omnipotente.
4652 4789 4860 4844 Dictum
4899 4797 4984 4841 est

3399 4887 3587 4940 enim:
3643 4903 3661 4937 ι
3702 4883 3827 4938 Haec
3878 4883 4012 4938 dicit
4063 4881 4324 4936 Dominus
4373 4881 4582 4936 christo
4635 4895 4753 4936 meo
4803 4879 4979 4948 Cyro,

3402 4977 3560 5046 cujus
3585 4976 3913 5046 apprehendi
3941 4976 4218 5030 dexteram
4245 4975 4286 5028 ⁸.
4328 4993 4347 5026 ›
4391 4973 4557 5044 Atqui
4596 4973 4685 5028 ille
4724 4974 4822 5033 vir,
4858 4989 4980 5025 cum

3402 5078 3549 5125 esset
3584 5070 3848 5124 idolorum
3883 5069 4078 5131 cultor,
4109 5067 4423 5122 nominatus
4451 5076 4534 5120 est
4569 5065 4828 5128 cltristus,
4863 5064 4982 5118 idco

3403 5164 3544 5231 quod
3583 5161 3736 5230 quasi
3775 5170 3971 5215 unctus
4001 5167 4087 5214 est
4113 5159 4164 5212 in
4191 5174 4436 5228 regnum,
4467 5159 4675 5212 caelesti
4705 5155 4980 5222 δυσνομίη,

3406 5265 3460 5309 et
3496 5253 3779 5308 ordinatus
3824 5261 3906 5309 est
3943 5267 3973 5306 a
4019 5250 4129 5307 Deo
4167 5258 4225 5304 ut
4265 5250 4590 5306 Babvlonem
4641 5247 4983 5302 vehementer

1714 5343 1892 5412 ρισταί
1920 5359 1980 5395 τε
2011 5341 2160 5412 παρὰ
2181 5341 2315 5395 Θεοῦ
2340 5342 2481 5396 κατὰ
2510 5341 2710 5414 κράτος
2743 5341 3091 5412 αἱρῆσαίτὴν
3125 5343 3301 5395 Βασυ-
3330 5330 3373 5387 C
3407 5354 3765 5416 expugnaret.

1712 5452 1818 5485 Λων
1827 5451 1941 5487 ξων.

1790 5523 2004 5575 Ἐκεῖνο
2052 5521 2110 5574 δὲ
2173 5520 2431 5590 μᾶλλον..
2461 5562 2474 5574 .
2520 5522 2738 5592 Ἐπειδὴ
2787 5522 2924 5592 γὰρ.
2963 5523 3051 5577 διὰ
3106 5522 3200 5594 τὴν
3236 5525 3293 5576 ἐν

1728 5612 1902 5681 Ἀδὰμ
1947 5608 2300 5683 παρὰϐασιν.
2380 5613 2736 5681 βεϐασίλευκε
2797 5615 2937 5668 κατὰ
3001 5614 3293 5684 πάντωνή

1716 5705 1983 5775 ἁμαρτία,
2017 5704 2236 5775 ἁπέπτη
2266 5705 2320 5757 δὲ
2341 5704 2397 5757 τὸ
2421 5704 2642 5774 Πνεῦμα
2675 5706 2735 5758 τὸ
2767 5706 2947 5774 ἅγιον·
2977 5709 3068 5760 καὶ
3104 5708 3294 5775 γέγονε

1792 5881 1954 5936 Ῥδίιι
1999 5897 2104 5948 CIV,
2137 5882 2218 5938 l3.
2297 5886 2314 5914 ²
2347 5881 2540 5937 llabat'.
2570 5897 2654 5950 ιιι,
2681 5884 2926 5954 15.ju.\tn
2953 5883 3112 5940 L\X.

3476 5519 3612 5575 Illud
3636 5531 3815 5575 autem
3841 5519 4011 5588 magis
4045 5517 4112 5573 de
4137 5516 4377 5573 Christo.
4411 5517 4670 5585 Quoniam
4695 5516 4836 5571 enim
4865 5531 4982 5584 pro-

3407 5622 3526 5679 pter
3555 5612 3686 5666 Adze
3723 5610 4223 5681 prmvaricationcm
4254 5609 4274 5640 ⁸
4309 5617 4634 5679 regnaverat
4667 5623 4826 5677 supra
4860 5623 4981 5661 om-

3405 5719 3501 5760 nes
3539 5713 3845 5773 peccatum,
3879 5711 3935 5757 et
3960 5701 4195 5773 Spiritus
4231 5703 4298 5758 ab
4341 5699 4671 5756 humanitate
4714 5699 4979 5754 discesse-

3194 5883 3210 5910 ³
3235 5881 3338 5940 lszt.
3374 5898 3493 5949 XLV,
3526 5881 3572 5936 Ι.
3649 5881 3664 5911 ³
3703 5878 3858 5936 Rom.
3887 5895 3937 5947 ν,
3970 5879 4051 5935 Η.
