6812 6580
1706 408 1711 413 ’
1796 454 1936 506 ιδτο
2037 439 2040 442 ’

1791 569 1997 632 absque
2037 580 2104 621 eo
2146 563 2352 621 factum
2382 573 2469 622 est
2498 565 2632 622 nihil
2662 566 2730 621 "'.
2761 585 2780 620 ι
2817 567 3243 639 Evangelizabat
3280 587 3378 627 au-
3405 576 3454 634 Α

1791 665 1902 711 tem
1943 657 2135 712 beatus
2169 657 2392 713 Gabriel
2431 665 2634 713 sancta:
2669 658 2876 731 Virgini
2918 661 3151 717 dicens:
3189 682 3208 715 ι
3233 663 3377 719 Ecce

1790 749 2069 817 concipies
2103 750 2155 802 in
2186 759 2363 814 utero,
2397 759 2450 804 et
2481 751 2662 818 paries
2690 751 2913 819 Filium,
2943 761 2999 808 et
3031 754 3254 810 vocabis
3280 771 3377 812 no-

1791 854 1915 894 men
1953 843 2070 909 ejus
2111 838 2294 894 Issum
2319 841 2385 894 ".
2415 860 2434 893 ι
2463 840 2599 896 Cum
2646 841 2807 912 igitur
2841 857 2940 912 per
2969 843 3246 901 Christum
3285 845 3376 902 Je-

1791 949 1911 986 sum
1938 932 2117 988 omnia
2151 932 2370 988 divinus
2398 932 2600 988 Paulus
2628 933 2769 990 facta
2786 950 2910 992 esse
2941 945 3370 1006 commemoret;

1793 1023 2080 1077 confirmet
2106 1032 2286 1078 autem
2314 1024 2421 1077 vim
2447 1025 2756 1090 sententia,
2783 1034 2839 1082 et
2859 1026 3108 1097 opiﬁcem
3129 1028 3374 1084 omnium

1789 1115 1961 1172 fuisse
1999 1115 2168 1168 Deum
2197 1115 2560 1185 evangelizet,
2596 1131 2715 1172 rem
2747 1132 2932 1173 veram
2979 1119 3170 1175 dicens
3199 1134 3371 1175 evan—

1789 1205 1981 1276 gelista
2029 1206 2281 1275 divinus;
2317 1208 2563 1280 designet
2593 1219 2774 1265 autem
2821 1211 2984 1267 etiam
3033 1211 3212 1280 angeli
3244 1227 3368 1279 vox,

1788 1310 1918 1351 vere
1940 1312 2006 1352 ex
2033 1306 2221 1352 sancta
2251 1295 2470 1367 Virgine
2496 1308 2682 1353 natum
2713 1314 2835 1356 esse
2864 1299 3048 1357 Jesum
3071 1302 3371 1368 Christum,

1789 1401 1894 1440 nec
1927 1387 2137 1456 absque
2165 1387 2507 1443 humanitate
2535 1389 2887 1461 intelligimus
2909 1390 3076 1446 Deum
3099 1391 3372 1460 Verbum;

1788 1477 1883 1532 sed
1919 1494 2088 1533 unum
2121 1479 2348 1534 dicimus
2379 1496 2446 1536 ex
2486 1482 2752 1538 ambobus
2795 1481 3072 1550 effectum,
3121 1493 3176 1540 et
3205 1485 3372 1541 Deum

1789 1571 2065 1626 hominem
2112 1571 2336 1638 factum,
2382 1573 2634 1636 eumdem
2668 1589 2736 1630 ex
2784 1573 2968 1642 Patre,
3012 1583 3072 1631 ut
3113 1576 3372 1644 Verbum,

1787 1671 1983 1716 natum
2013 1662 2221 1728 divine,
2249 1672 2306 1719 et
2325 1677 2392 1718 ex
2421 1646 2652 1720 muliere
2678 1665 2940 1732 humane,
2967 1675 3026 1722 ut
3046 1667 3325 1724 hominem
3355 1687 3370 1725 :

1787 1767 1896 1806 non
1943 1761 2199 1821 tanquam
2245 1762 2304 1808 ut
2338 1754 2637 1810 secundum
2665 1756 2990 1812 substantia:
3027 1757 3238 1812 initium
3274 1773 3372 1814 vo-

1790 1853 1975 1898 catum
2009 1852 2138 1900 tunc
2171 1859 2296 1900 cum
2343 1849 2637 1902 secundum
2675 1861 2896 1903 carnem
2937 1849 3136 1904 dicitur
3172 1859 3366 1918 natus;

1791 1935 1887 1990 sed
1919 1944 2104 1990 natum
2139 1937 2357 2006 quidem
2393 1945 2520 1994 ante
2541 1939 2727 1994 omnia
2757 1939 2979 2006 sacula,
3021 1941 3260 1997 instante
3289 1949 3376 1997 ta-
3406 1924 3450 1980 Β

1788 2039 1912 2079 men
1960 2033 2229 2095 tempore,
2272 2042 2382 2097 quo
2424 2027 2689 2084 debuerat
2736 2031 2964 2102 implere
3012 2032 3377 2102 dispensatio-

1788 2129 1936 2180 nem,
1972 2124 2157 2172 natum
2206 2119 2373 2173 etiam
2410 2134 2478 2174 ex
2519 2120 2752 2176 muliere
2786 2122 3085 2178 secundum
3129 2140 3375 2182 carnem.

1791 2204 1982 2276 [Ergo,
2006 2207 2110 2261 etsi
2147 2207 2239 2261 alii
2271 2208 2436 2263 simili
2469 2210 2837 2280 appellatione
2879 2215 3055 2269 vocati
3084 2225 3210 2271 sunt
3238 2218 3380 2272 chri-

1787 2298 1883 2360 sti,
1913 2313 2053 2353 unus
2085 2305 2268 2353 tamen
2317 2308 2403 2354 est
2440 2315 2540 2370 per
2569 2316 2732 2371 quem
2781 2305 2987 2370 omnia,
3013 2305 3178 2362 Jesus
3209 2307 3375 2363 Chri-

1787 2396 1944 2454 stus;
1995 2404 2101 2443 non
2136 2391 2281 2458 quod
2322 2393 2489 2447 homo
2520 2391 2596 2446 sit
2643 2393 2820 2450 factus
2863 2395 3045 2465 Opifex
3084 2398 3375 2471 omnium,j

1785 2479 1880 2533 sed
1929 2481 2072 2550 quod
2109 2480 2252 2538 Deus
2295 2481 2571 2540 Verbum:
2611 2505 2630 2538 ι
2660 2487 2763 2541 Per
2797 2503 2956 2558 quem
3004 2492 3187 2546 omnia
3231 2490 3376 2548 facta

1786 2580 1934 2632 sunt,
1989 2571 2241 2626 similiter
2290 2587 2355 2627 ac
2406 2588 2509 2630 nos
2557 2576 2903 2647 participarit
2951 2581 3102 2635 carni
3148 2589 3203 2636 et
3251 2597 3378 2638 san-

1787 2661 1934 2730 guini
1958 2664 2024 2727 '9,
2061 2681 2078 2712 ι
2111 2673 2168 2718 et
2195 2677 2538 2734 nuncupatus
2563 2670 2637 2724 sit
2671 2671 2856 2735 homo.
2901 2687 3006 2727 non
3039 2682 3220 2729 tamen
3252 2689 3379 2744 per-

1787 2749 1990 2804 diderit
2016 2766 2160 2817 esse,
2195 2756 2338 2822 quod
2364 2765 2485 2809 erat
2515 2773 2530 2809 :
2564 2759 2640 2813 ita
2667 2761 2814 2814 enim
2848 2771 2902 2816 ct
2933 2762 2984 2816 iu
3014 2777 3181 2818 carne
3204 2763 3380 2821 lactus

1793 2841 2118 2915 intelligitur
2173 2849 2371 2903 merito
2403 2851 2586 2920 opifex
2613 2853 2880 2908 omnium.

2311 3183 2476 3254 732
2505 3182 2661 3240 CAP.
2704 3184 2845 3241 vm.

2071 3295 2248 3362 Quam
2281 3313 2394 3352 esse
2432 3299 2660 3353 dicimus
2689 3298 3092 3354 adunationem.

1855 3430 1941 3502 .(l)
1980 3429 2251 3485 Adunatio
2275 3431 2458 3486 multis
2477 3432 2653 3502 modis
2673 3431 2928 3503 impletur
2949 3453 2960 3489 :
2979 3433 3211 3502 sejuncti
3232 3433 3377 3488 enim

1789 3522 2036 3576 nonnulli
2070 3523 2270 3578 allectu
2307 3524 2395 3578 vel
2421 3524 2722 3590 voluntate,
2748 3534 2803 3580 et
2837 3526 3212 3582 discordantes
3238 3526 3381 3581 inter

1790 3627 1872 3676 se.
1913 3614 2144 3668 adunari
2189 3613 2469 3682 dicuntur,
2509 3630 2610 3684 per
2661 3617 3160 3673 reconciliationem
3203 3619 3382 3674 socia-

1791 3703 1929 3769 lem,
1963 3707 2209 3774 deposita
2245 3705 2543 3762 simultate.
2596 3707 2838 3763 Adunari
2877 3709 3005 3765 item
3053 3709 3286 3765 dicimus
3315 3724 3380 3765 ea

1790 3808 1914 3863 qua:
1946 3794 2050 3849 sibi
2088 3795 2557 3866 conglutinantur,
2584 3796 2702 3852 sive
2729 3797 2906 3853 modis
2937 3797 3060 3853 aliis
3086 3797 3379 3854 conferuno

1793 3895 1905 3950 tur,
1933 3895 2028 3938 aut
2058 3902 2155 3957 per
2177 3888 2657 3957 compositionem,
2683 3899 2775 3944 aut
2800 3903 2896 3959 per
2925 3889 3256 3958 mistionem,
3285 3899 3381 3946 aut

1789 3993 1890 4047 per
1923 3979 2389 4049 temperationem.
2419 3980 2652 4047 2Quotics
2690 3991 2872 4036 autem
2917 3980 3216 4036 adunatum
3256 3995 3381 4039 esse

1791 4079 1993 4125 nostrae
2021 4081 2227 4126 naturae
2262 4070 2356 4126 Dei
2387 4072 2626 4128 Verbum
2660 4073 2912 4143 dicimus,
2941 4075 3093 4128 omni
3134 4073 3378 4131 humana

1791 4162 2120 4232 cogitatione
2143 4164 2490 4220 adunationis
2515 4161 2634 4234 ejus
2668 4164 2860 4221 modus
2885 4164 3104 4222 videtur
3126 4179 3252 4222 esse
3282 4181 3380 4222 su-

1789 4254 1995 4322 perior.
2031 4253 2218 4325 Neque
2249 4256 2395 4311 enim
2427 4272 2526 4326 per
2551 4271 2716 4326 supra
2744 4258 2985 4329 scriptos
3020 4257 3214 4314 modos
3236 4257 3378 4314 facta

1790 4350 1877 4395 est
1919 4355 2119 4396 arcana
2169 4343 2279 4409 illa,
2319 4353 2376 4398 et
2418 4344 2552 4399 nulli
2589 4343 2807 4414 penitus
2849 4355 3002 4414 nota,
3051 4346 3156 4403 nisi
3203 4349 3253 4402 el
3290 4347 3380 4403 cui

1790 4431 1974 4486 omnia
2002 4441 2128 4488 nota
2156 4442 2306 4500 sunt,
2337 4433 2489 4489 unio.
3291 4439 3294 4441 λ

2824 450 2884 508 S.
2924 450 3198 508 CYRILLI
3237 450 3712 510 ALEXANDBINI
3750 453 4069 512 ARCHIEP.
4155 487 4162 492 -

4931 452 5073 509 1376

4115 569 4277 627 CAP.
4311 569 4426 626 Vll.

3799 664 4077 730 Quomodo
4121 678 4258 717 unus
4293 672 4368 716 ut
4409 659 4743 716 Emmanuel.

3536 753 3856 812 Novissimis
3905 754 4120 810 saeculis
4177 753 4321 809 Deus
4371 752 4606 807 Verbum
4658 754 4823 810 homo
4867 753 5076 809 dicitur

3475 843 3679 912 factus,
3728 852 3803 914 et,
3853 845 3996 901 sicut
4039 845 4116 900 ait
4151 843 4371 899 divinus
4409 843 4632 908 Paulus,
4673 863 4693 895 ‹
4723 859 4822 914 per
4856 843 5075 900 sacrifi-

3475 938 3618 994 cium
3668 951 3825 992 suum
3860 934 4245 992 manifestatur.
4288 945 4374 989 est
4393 932 4463 986 ⁸⁸.
4495 951 4516 984 ι
4556 933 4624 988 Ει
4665 936 4940 1003 quodnam
4986 939 5074 988 est

3475 1026 3809 1081 sacriﬁcium
3831 1026 3857 1080 τ
3890 1045 3910 1080 ‹
3943 1025 4116 1081 Suum
4147 1024 4291 1080 enim
4316 1038 4520 1092 corpus
4542 1022 4744 1078 obtulit
4780 1039 4880 1093 pro
4911 1023 5073 1078 nobis

3475 1113 3531 1169 in
3565 1117 3789 1172 odorem
3833 1115 4125 1170 suavitatis
4168 1113 4281 1169 Deo
4330 1121 4385 1169 et
4423 1111 4599 1177 Patri,
4645 1121 4700 1167 et
4734 1112 4962 1168 intravit
5014 1113 5072 1168 in

3475 1215 3665 1262 sancta
3714 1205 3906 1272 semel,
3956 1220 4063 1260 non
4113 1219 4212 1276 per
4259 1205 4582 1274 sanguinem
4631 1203 4932 1272 hircorum,
4977 1212 5072 1258 aut

3475 1306 3778 1365 taurorum,
3809 1298 3905 1353 sed
3941 1311 4038 1367 per
4067 1312 4228 1352 suum
4270 1296 4618 1368 sanguinem.
4648 1295 4742 1351 Sic
4768 1294 4915 1350 enim
4945 1309 5073 1350 cre-

3476 1387 3729 1445 dentibus
3763 1389 3816 1443 iu
3861 1404 3921 1445 se
3965 1389 4344 1445 remissionem
4386 1392 4440 1444 in
4485 1398 4752 1444 aeternum
4793 1402 5074 1457 compara-

3477 1479 3647 1534 vit“.
3684 1497 3703 1530 ι
3755 1479 3903 1549 Ergo
3945 1479 4167 1549 plurimi
4204 1479 4426 1550 quidem
4482 1489 4609 1535 ante
4663 1480 4840 1550 ipsum
4889 1481 5069 1537 sancti

3475 1572 3665 1638 fuere;
3715 1572 3810 1626 sed
3847 1585 4011 1627 nemo
4037 1584 4224 1626 eorum
4256 1570 4579 1626 Emmanuel
4623 1570 4934 1627 nominatus
4962 1557 5090 1626 est.‘

3476 1663 3650 1732 Quam
3695 1663 3767 1719 ob
3811 1663 4081 1719 causam?
4117 1661 4369 1718 Nondum
4413 1664 4560 1720 enim
4589 1671 4816 1718 venerat
4859 1672 5079 1746 tempus

3475 1770 3583 1826 quo
3612 1754 3833 1811 deberet
3862 1769 3987 1810 esse
4027 1754 4335 1821 nobiscum,
4384 1755 4437 1810 id
4465 1765 4570 1821 est,
4603 1754 4658 1809 in
4701 1764 4943 1810 nostram
4977 1770 5074 1810 ve~

3476 1848 3596 1902 nire
3623 1858 3877 1902 naturam
3905 1860 4002 1916 per
4036 1861 4287 1912 carnem,
4317 1847 4364 1903 is
4402 1847 4494 1916 qui
4523 1855 4607 1902 est
4638 1847 4784 1901 omni
4818 1846 5074 1916 superior

3480 1947 3752 1994 creatura.
3803 1935 3954 1993 Unus
3987 1936 4152 2006 igitur
4195 1936 4539 2004 Emmanuel,
4587 1936 4754 1992 semel
4797 1938 4944 1993 enim
4994 1937 5076 1992 l'a—

3479 2036 3601 2083 ctus
3632 2038 3717 2084 est
3759 2029 3922 2084 homo
3971 2026 4320 2100 Unigenitus,
4363 2037 4494 2083 tunc
4522 2043 4647 2085 cum
4680 2044 4778 2099 per
4822 2039 5072 2085 sanctam

3480 2118 3762 2190 Virginem
3823 2121 4232 2190 generationem
4287 2121 4564 2176 carnalem
4629 2137 4921 2192 perpessus
4967 2134 5074 2179 est.

3480 2211 3698 2268 Dictum
3725 2221 3810 2268 est
3838 2210 3985 2268 enim
4021 2221 4078 2267 et
4125 2211 4193 2266 ad
4223 2210 4407 2267 Jesum
4441 2211 4609 2267 ﬁlium
4639 2213 4830 2290 Nave:
4866 2233 4884 2266 ‹
4918 2213 5075 2282 Quod

3479 2317 3578 2360 ero
3627 2313 3804 2358 tecum
3828 2303 3893 2357 ”.
3929 2321 3949 2354 ι
3984 2302 4056 2357 At
4096 2318 4201 2358 non
4247 2313 4370 2358 erat
4417 2303 4510 2358 ille
4558 2303 4900 2360 Emmanuel.
4949 2305 5080 2359 Fuit

3480 2396 3648 2452 etiam
3681 2411 3805 2450 cum
3837 2394 4061 2467 Moyse;
4093 2396 4188 2451 sed
4219 2411 4321 2452 nec
4358 2395 4446 2451 ille
4477 2395 4798 2450 Emmanuel
4827 2396 5076 2451 nomina-

3483 2496 3570 2544 tus
3599 2496 3705 2544 est.
3743 2487 3915 2559 Igitur
3947 2487 4164 2558 quoties
4194 2487 4446 2544 audimus
4477 2501 4674 2542 nomen
4719 2486 4858 2541 Filio
4885 2487 5076 2542 datum

3481 2595 3626 2650 esse,
3684 2599 3704 2634 ι
3736 2582 4024 2636 nobiscum
4073 2581 4240 2646 Deus,
4273 2598 4292 2632 ι
4348 2578 4628 2648 sapienter
4679 2579 5076 2648 intelligamus,

3481 2687 3589 2727 non
3631 2671 3706 2727 ita
3746 2672 3920 2741 ipsum
3951 2671 4123 2728 fuisse
4151 2671 4438 2726 nobiscum
4472 2671 4791 2726 novissimis
4818 2671 5080 2741 tempori-

3477 2763 3609 2832 bus,
3641 2765 3786 2819 sicut
3815 2763 4015 2818 dicitur
4041 2763 4337 2832 aliquando
4360 2761 4530 2819 fuisse
4551 2771 4674 2818 cum
4705 2763 4941 2818 sanctis:
4969 2763 5081 2819 illis

3483 2855 3629 2908 enim
3680 2863 3800 2909 erat
3845 2863 4056 2908 tantum
4099 2853 4352 2924 adjutor;
4395 2853 4679 2910 nobiscum
4731 2863 4912 2907 autem
4953 2851 5077 2917 fuit,

3484 2944 3540 3001 id
3566 2953 3670 3010 est,
3699 2945 3877 3000 lactus
3896 2952 3982 3000 est
4011 2943 4212 3000 similis
4241 2945 4440 3011 nostri,
4473 2959 4596 2999 cum
4620 2959 4775 3000 suam
4810 2960 4915 2998 non
4943 2943 5084 2998 ami-

3485 3037 3648 3094 sisset
3686 3046 3979 3092 naturam:
4007 3045 4091 3092 est
4125 3037 4271 3092 enim
4318 3036 4775 3104 inconvertibilis,
4821 3046 4882 3091 ut
4912 3036 5079 3093 Deus.

4089 3171 4346 3226 ΚΕΦΔΛ.
4387 3172 4471 3228 H'.

3644 3285 3804 3351 Τίνα,
3839 3285 4016 3356 φησι,
4038 3285 4299 3358 λέγομεν
4325 3281 4481 3341 εἶναι
4511 3285 4629 3355 τὴν
4659 3286 4906 3341 ἕνωσιν.

3551 3420 3627 3476 Τδ
3663 3422 3763 3492 τῆς
3808 3421 4057 3487 ἐνώσεως
4086 3423 4279 3495 χρῆμα
4312 3423 4457 3478 κατὰ
4487 3423 4718 3486 πολλοὺς
4747 3421 5083 3477 ἐπιτελεῖται

3481 3510 3746 3582 τρόπους·
3791 3511 4113 3586 διῃρημένοι
4157 3513 4269 3586 γᾶρ
4309 3531 4458 3578 τινες
4497 3512 4643 3566 κατὰ
4686 3513 4921 3570 διάθεσιν
4985 3515 5084 3568 καὶ

3482 3601 3732 3675 γνώμην,
3767 3604 3862 3673 καὶ
3895 3604 4260 3674 διχονοοῦντες
4313 3605 4452 3676 ’πρὸς
4486 3605 4786 3676 ἀλλήλους,
4828 3604 5082 3659 ἐνοῦσθαι

3483 3693 3732 3762 λέγονται
3759 3694 3904 3749 κατὰ
3933 3695 4209 3766 σύμϐασιν
4229 3695 4474 3767 φιλικὴν,
4506 3697 4572 3750 ἐκ
4601 3696 4772 3767 μέσου
4798 3695 5083 3759 ποιοῦντες

3481 3786 3583 3850 τὰς
3619 3785 3918 3856 διαφοράς’
3966 3785 4221 3839 ἐνοῦσθαι
4270 3786 4330 3840 δέ
4373 3803 4554 3859 φαμεν
4587 3789 4683 3842 καὶ
4729 3787 4796 3841 τὰ
4827 3787 5081 3857 ἀλλήλοις

3483 3879 3824 3950 κολλώμενα,
3856 3878 4027 3950 ἦγουν
4094 3877 4473 3948 συνηνεγμένα
4525 3877 4649 3934 καθ’
4701 3879 4922 3950 ἐτέρους
4955 3877 5082 3946 τρό-

3483 3986 3641 4034 τιους,
3685 3969 3720 4041 ἢ
3769 3966 3912 4021 κατὰ
3947 3965 4341 4038 παράθεσιν,ἢ
4384 3965 4620 4038 μίξιν,ἢ
4665 3966 4865 4038 κρᾶσιν
4890 3981 4904 3996 ·
4949 3963 5082 4017 ὅταν

3482 4055 3580 4114 οῦν
3609 4058 3865 4114 ἐνοῦσθαι
3901 4057 4140 4128 λέγομεν
4170 4059 4238 4128 τῇ
4283 4055 4406 4110 καθ’
4451 4058 4603 4128 ἡμᾶς
4651 4056 4813 4126 φύσει
4855 4053 4947 4109 τὸν
4979 4052 5080 4107 τοῦ
5161 4065 5166 4068 ·

3483 4149 3621 4206 Θεοῦ
3646 4151 3843 4220 Λόγον,
3873 4147 4142 4220 κρείττων
4167 4147 4366 4219 ὁρᾶται
4394 4147 4497 4218 τῆς
4515 4146 4806 4219 ἀνθρώπου
4837 4145 5080 4210 διανοίας

3481 4243 3511 4295 ό
3531 4244 3632 4314 τῆς
3655 4240 3903 4304 ἐνὼσεως
3925 4238 4124 4311 τρόπος
4149 4253 4163 4268 ·
4192 4237 4254 4290 οὐ
4283 4238 4392 4311 γάρ
4416 4255 4499 4292 τοι
4521 4239 4644 4293 καθ’
4671 4239 4768 4293 ἕνα
4794 4237 4905 4292 τῶν
4934 4240 5080 4310 εἰρη-

3487 4333 3664 4405 μένων
3721 4333 3903 4388 ἐστίν’
3953 4332 4274 4403 ἀπόρρητος
4304 4330 4361 4383 δέ
4407 4332 4710 4400 παντελῶς,
4757 4332 4853 4386 καὶ
4896 4331 5079 4384 οὐδενὶ

3481 4427 3627 4497 τάχα
3653 4426 3765 4480 τῶν
3821 4426 3994 4480 ὅντων
4034 4423 4435 4494 διεγνωσμένος
4454 4465 4470 4492 ,
4501 4425 4643 4497 πλὴν
4682 4425 4764 4480 ὅτι
4797 4423 4944 4496 μόνῳ
4995 4423 5078 4495 τῷ

3484 4517 3664 4572 πάντα
3702 4517 3865 4571 εἰδότι
3892 4516 4032 4587 Θεῷ.

1895 4607 1965 4662 Ει
2012 4608 2148 4663 nihil
2210 4609 2440 4678 mirum,
2479 4610 2524 4667 si
2570 4609 2623 4666 in
2686 4611 2997 4680 huiusmodi
3050 4607 3460 4682 cogitatione!)
3557 4605 3670 4660 Καὶ
3705 4605 4016 4678 θαυμαστὸν
4066 4608 4252 4674 οὐδὲν,
4290 4608 4340 4662 εἰ
4377 4606 4488 4660 τῶν
4545 4622 4585 4658 τε

2388 4624 2440 4678 ι,
2479 4610 2524 4667 si
2570 4609 2623 4666 in
2686 4611 2997 4680 hujusmodi
3050 4607 3382 4682 cogitatione
3409 4609 3460 4668 Ι)
3557 4605 3670 4660 Καὶ
3705 4605 4016 4678 θαυμαστὸν
4066 4608 4252 4674 οὐδὲν,
4290 4608 4340 4662 εἰ
4377 4606 4488 4660 τῶν
4545 4605 4803 4660 τοιούτων
4856 4603 5078 4657 ἐννοιῶν

1787 4699 2099 4767 vincamur,
2145 4715 2266 4756 cum
2303 4717 2391 4758 res
2423 4713 2666 4770 nostras,
2713 4705 2987 4776 quomodo
3031 4718 3091 4759 se
3119 4704 3374 4768 habeant,

1789 4790 2155 4860 inquirentes,
2200 4792 2340 4848 ultra
2376 4797 2596 4850 modum
2628 4804 2830 4849 nostra;
2875 4793 3075 4848 mentis
3109 4791 3375 4848 inventio-

1789 4898 1913 4936 nem
1957 4898 2078 4939 esse
2119 4885 2516 4953 conllteamur;
2551 4896 2905 4956 quonamque
2950 4883 3111 4939 modo
3137 4883 3378 4938 animam

1789 4973 2029 5032 hominis
2073 4991 2172 5030 suo
2203 4977 2424 5046 corpori
2459 4978 2751 5031 adunatam
2779 4989 2903 5030 esse
2933 4975 3222 5046 putemus?
3244 4975 3376 5042 Quis

1788 5074 1874 5119 est
1906 5067 1998 5135 qui
2031 5065 2082 5119 id
2108 5067 2281 5133 possit
2309 5064 2660 5133 exprimere?
2685 5063 2789 5119 Sed
2823 5066 2868 5119 si
2898 5075 3114 5134 oportet
3142 5080 3257 5134 eos,
3281 5067 3373 5136 qui

1789 5171 1954 5226 parva
1987 5171 2051 5211 ea
2100 5156 2190 5210 vix
2243 5155 2548 5224 intelligere
2599 5155 2841 5224 soleant;
2892 5159 3000 5213 imo
3048 5168 3101 5214 et
3149 5173 3243 5215 eos
3282 5161 3373 5229 qui

1791 5249 2003 5303 valeant
2037 5246 2362 5315 intelligere,
2410 5257 2520 5302 tam
2551 5247 2778 5304 subtiles
2813 5265 2898 5306 res
2935 5261 2992 5307 et
3016 5266 3232 5307 omnem
3281 5267 3372 5306 ra-

1789 5341 1993 5393 tionem
2042 5339 2498 5415 transcendentes
2546 5339 2855 5408 conjeCtare
2893 5365 2907 5399 :
2941 5346 3175 5401 dicimus
3227 5347 3370 5416 quod

1789 5428 1984 5484 deceat
2015 5429 2260 5496 cogitare
2289 5431 2563 5500 (quamvis
2611 5435 2789 5491 minor
2820 5436 2892 5492 sit
2919 5437 3094 5492 oratio
3125 5435 3192 5492 ad
3227 5436 3369 5492 veri-

1859 5658 1903 5689 "
1934 5655 2088 5713 Joau.
2138 5677 2174 5726 ι,
2228 5661 2283 5716 ’5.

2378 5665 2422 5696 ⁸⁸
2453 5663 2581 5721 Luc.
2637 5665 2789 5731 I,5l.
2895 5668 2940 5699 ”
2977 5667 3138 5722 l-lchr.
3193 5683 3250 5732 ιι,
3307 5666 3392 5722 M.

3485 4695 3806 4769 ἡττώμεθα’
3841 4699 3932 4753 ὅτε
3963 4700 4034 4755 τὰ
4068 4700 4191 4754 καθ’
4228 4701 4378 4772 ἡμᾶς
4407 4698 4606 4761 αὐτοὺς
4659 4697 4810 4761 ὅπως
4851 4695 4919 4749 ἂν
4961 4694 5077 4765 ἔχοι

3484 4789 3927 4862 διερευνώμενοι,
3955 4794 4056 4864 τῆς
4106 4791 4340 4863 ἐνούσης
4381 4792 4514 4863 ἡμῖν
4545 4787 4784 4852 διανοίας
4815 4786 5078 4840 ἐπέκεινα

3483 4881 3585 4952 τὴν
3615 4881 3923 4953 κατάληψιν
3947 4883 4323 4956 ὁμολογοῦμεν
4350 4879 4790 4954 ὑπάρχειν.Τίνα
4815 4878 4923 4948 γὰρ
4954 4877 5076 4948 τρό-

3485 4990 3588 5028 πον
3619 4973 3864 5045 ἡνῶσθαι
3903 4975 4138 5045 νοοῦμεν
4181 4975 4282 5047 τὴν
4313 4974 4410 5030 τοῦ
4459 4974 4751 5048 ἀνθρώπου
4793 4971 4971 5042 ψυχὴν
4999 4970 5078 5041 τῷ

3487 5064 3605 5136 ἰδίῳ
3630 5067 3881 5138 σώματι;
3915 5067 4013 5132 Τίς
4062 5069 4091 5121 ὁ
4128 5067 4337 5140 φράσαι
4379 5066 4713 5137 δυνάμενος;
4741 5065 4805 5117 Ei
4839 5063 4897 5116 δὲ
4947 5063 5076 5132 χρὴ,

3484 5158 3660 5231 μικρὰ
3694 5159 3790 5213 καὶ
3809 5159 3964 5230 μόλις
3993 5161 4198 5215 ἐννοεῖν
4235 5160 4519 5223 εἰωθότας,
4543 5158 4639 5213 καὶ
4656 5157 4839 5210 λαλεῖν
4869 5153 5080 5224 ἰσχύον-

3478 5269 3610 5319 τας,
3645 5251 3754 5306 τῶν
3788 5251 3963 5315 οὕτως
4016 5253 4214 5322 ἰσχνῶν
4238 5293 4253 5319 ,
4292 5252 4388 5306 καὶ
4435 5249 4576 5322 ὑπὲρ
4627 5247 4754 5303 νοῦν
4789 5246 4886 5301 καὶ
4919 5245 5080 5311 λόγον

3479 5343 3828 5415 πραγμάτων
3850 5345 4400 5417 κατατεκμήρασθαι,
4428 5342 4634 5414 φαμὲν,
4657 5342 4738 5394 ὅτι
4773 5337 4975 5409 πρέποι
5010 5335 5080 5389 ἂν

3480 5440 3710 5493 ἐννοεῖν*
3743 5437 3912 5511 μείων
3931 5442 3991 5496 δὲ
4022 5439 4244 5503 πάντως
4267 5437 4369 5508 τῆς
4399 5435 4659 5509 ἀληθείας
4683 5435 4712 5488 ό
4738 5433 4895 5502 λόγος
4915 5446 4927 5459 ·
4959 5443 5080 5482 τοι-

3497 5665 3543 5698 ³⁸
3577 5665 3742 5723 chr.
3774 5684 3849 5731 Ix,
3882 5667 3970 5722 19..
4086 5665 4126 5696 ³¹
4161 5663 4296 5721 Ibid;
4378 5666 4420 5698 ³⁴¹
4453 5665 4618 5723 losue
4645 5680 4680 5731 ι,
4710 5678 4764 5718 v.

1859 5864 1931 5930 ll)
1995 5869 2288 5931 Autbcrtus
2339 5875 2644 5931 versionem
2710 5873 3026 5930 Mcrcatoris
3086 5873 3584 5948 cmcndarekvoluit
3625 5889 3692 5930 ex
3719 5872 3929 5930 Grmco.
