6812 6596
1754 391 1900 449 1577

2679 385 2974 443 SCIIOLIA
3018 385 3104 442 DE
3143 381 3660 439 INCARNA'I'IONE
3701 381 4082 442 UNIGENITI.

3737 280 3840 297 σλ--Αδ

4896 396 5030 455 1578

1757 505 1934 575 αὐτην
1962 499 2102 558 εἶναι
2131 502 2230 575 τὴν
2257 502 2455 556 ἕνωσιν
2491 499 2588 556 τοῦ
2643 499 3016 572 Ἐμμανουὴλ,
3057 499 3358 568 όποίανπερ
3387 500 3436 555 A
3463 495 3652 566 tatem)
3687 495 3848 552 talem
3880 513 4002 553 esse
4044 498 4434 556 adunationem

2343 519 2455 556 υσιν
2491 499 2588 556 τοῦ
2643 499 3016 572 Ἐμμανουὴλ,
3057 499 3358 568 όποίανπερ
3387 495 3652 566 Atatem)
3687 495 3848 552 talem
3880 513 4002 553 esse
4044 498 4434 556 adunationem
4483 501 4653 570 Ipsius
4684 501 5033 568 Emmanuel,

1755 596 1828 650 ἂν
1861 595 2140 664 λογίσαιτό
2171 612 2256 658 τις
2286 595 2383 646 καὶ
2405 593 2505 663 τὴν
2533 593 2657 664 [τον.
2687 593 2790 663 τῆς
2814 591 2910 646 τοῦ
2937 591 3097 661 ἀνθρ.
3125 587 3342 661 ψυχῆς]

1755 687 1854 741 τοῦ
1878 687 2172 757 ἀνθρώπου
2204 687 2382 757 ψυχὴν
2413 685 2548 757 πρὸς
2568 686 2631 738 τὸ
2651 685 2787 738 ίδιον
2819 684 3002 755 σῶμα.
3037 681 3345 736 Οίκειοῦται

1751 777 1868 849 γὰρ
1892 780 1926 849 ἡ
1953 777 2101 849 ψυχὴ
2121 777 2190 830 τὰ
2219 777 2313 830 τοῦ
2347 776 2618 847 σώματος,
2647 773 2824 829 καίτοι
2855 774 2998 829 κατά
3026 774 3187 843 φύσιν
3212 771 3346 826 ἰδίαν

1753 870 2027 940 ἀμέτοχος
2052 865 2191 922 οὖσα
2229 867 2338 920 τῶν
2373 866 2538 920 αὐτοῦ
2570 865 2765 920 παθῶν
2811 864 3060 934 φυσικῶν
3105 880 3164 916 τε
3204 862 3344 932 ἃμα,

1745 961 1853 1013 καὶ
1883 959 1994 1014 τῶν
2023 959 2226 1024 ἔξωθεν
2266 958 2648 1028 ἐπαγομένων.
2681 958 2931 1010 Κινεῖται
2985 954 3082 1025 μὲν
3125 954 3236 1026 γάρ
3266 955 3346 1017 είς

1749 1047 1967 1118 ὀρέξεις
1995 1047 2057 1100 τὸ
2094 1047 2259 1117 σῶμα
2289 1047 2548 1116 φυσικὰς,
2569 1047 2666 1100 καὶ
2688 1044 3111 1118 συναισθάνεται
3137 1043 3224 1097 διὰ
3246 1043 3346 1114 τὴν

1749 1139 1950 1191 ἕνωσιν
1981 1139 2016 1208 ἡ
2058 1137 2256 1190 ὲνοῦσα
2289 1137 2465 1208 ψυχή·
2499 1136 2863 1207 συμμετίσχει
2899 1135 2958 1189 δὲ
3000 1135 3122 1189 κατ’
3155 1133 3345 1188 οὐδένα

1745 1230 1989 1301 τρόπον’
2019 1227 2192 1282 οἴεταί
2222 1244 2286 1298 γε
2320 1228 2428 1298 μὴν
2462 1226 2599 1281 ἰδίαν
2647 1225 2948 1280 ἀπόλαυσιν
2979 1219 3120 1277 εἶναι
3156 1223 3218 1276 τὸ
3245 1223 3346 1292 τῆς

1741 1322 1984 1393 ὀρέξεως
2015 1322 2390 1392 ἀποτέλεσμα·
2421 1320 2526 1373 κᾶν
2555 1321 2605 1372 εἰ
2644 1317 3028 1383 καταξαίνοιτο
3074 1315 3238 1386 τυχὸν
3282 1313 3344 1367 τὸ

1751 1411 1940 1483 σῶμα,
1988 1413 2083 1465 καὶ
2122 1412 2328 1482 σιδήρῳ
2386 1409 2772 1476 καταξαίνοιτο
2800 1408 3058 1476 συναλγεῖ
3109 1407 3229 1478 μὲν,
3269 1406 3346 1471 ὡς

1742 1504 1888 1557 ἰδίου
1913 1504 2217 1575 πάσχοντος
2245 1503 2529 1574 σώματος’
2567 1502 2704 1573 αὐτή
2735 1519 2799 1570 γε
2831 1502 2938 1572 μὴν
2971 1503 3053 1564 εἰς
3084 1499 3218 1554 ἰδίαν
3244 1499 3345 1569 φύ-

1747 1614 1838 1650 σιν
1871 1597 1971 1650 οὑκ
2001 1597 2068 1650 ἀν
2092 1613 2147 1649 τι
2182 1594 2347 1650 πάθοι
2372 1596 2482 1648 τῶν
2513 1594 2988 1666 ἐπενηνεγμένων.

1822 1688 1973 1758 Πλὴν
1997 1689 2092 1741 καὶ
2131 1687 2274 1758 ὑπὲρ
2303 1686 2463 1740 τοῦτό
2505 1702 2688 1757 φαμεν
2721 1686 2816 1739 ἐπὶ
2843 1684 2942 1738 τοῦ
2989 1683 3345 1756 Ἑμμανουὴλ

1741 1765 1848 1850 τῆν
1881 1774 2224 1833 ἓνωσιν.Ἦν
2254 1779 2353 1849 μὲν
2387 1779 2497 1849 γὰρ
2527 1780 2849 1846 ἀναγκαῖον,
2878 1778 2958 1848 τῷ
2983 1778 3095 1848 ἰδίῳ
3126 1778 3342 1848 σώματι

3452 589 3668 658 qualem
3717 592 3839 659 quis
3889 590 4153 661 intelligat
4193 597 4432 647 animam
4482 595 4718 649 hominis
4761 597 4826 649 ad
4875 612 5034 652 suum

3452 694 3651 750 corpus
3687 681 3908 736 habere.
3944 681 4050 753 [(l)
4094 683 4290 738 Anima
4330 684 4473 738 enim
4516 685 4698 739 oumia
4746 700 4866 755 qua:
4907 694 5036 742 sunt

3452 772 3720 840 corporis,
3750 786 3871 827 esse
3913 781 4127 841 reputat
4160 789 4280 839 sua,
4321 775 4448 830 licet
4477 790 4574 844 per
4607 787 4861 832 naturam
4905 794 5033 848 pro-

3453 863 3627 933 priam
3657 877 3852 933 expers
3884 864 3953 918 sit
3985 863 4064 935 (2)
4097 866 4439 932 passionibus
4481 867 4752 937 corporis,
4779 879 4835 924 et
4872 878 5034 924 uatu-

3453 955 3682 1019 ralibus,
3710 963 3906 1023 etquae
3931 958 4271 1010 extrinsecus
4297 958 4592 1013 accedunt:
4613 970 4863 1014 movetur
4883 962 5034 1016 enim

3454 1061 3650 1116 corpus
3696 1045 3750 1100 in
3799 1047 4273 1116 concupiscentias
4313 1049 4609 1115 naturales,
4648 1059 4704 1105 et
4752 1053 5031 1108 consentit

3453 1139 3652 1203 anima,
3701 1147 3756 1192 et
3807 1138 3957 1193 nullo
4002 1139 4126 1194 licet
4172 1140 4332 1193 modo
4373 1141 4724 1210 participans,
4765 1145 5031 1214 concupi-

3451 1226 3673 1280 scentiae
3710 1235 3892 1281 tamen
3936 1228 4142 1281 exitum
4177 1228 4592 1284 delectationem
4623 1235 4896 1303 propriam
4931 1235 5037 1295 du—

3453 1317 3547 1371 cit.
3588 1317 3732 1373 Etsi
3783 1316 3925 1373 forte
3953 1318 4100 1372 ferro
4143 1332 4340 1388 corpus
4381 1322 4740 1388 percutiatur,
4777 1332 4870 1377 aut
4918 1333 5035 1380 tor-

3451 1420 3706 1479 queatur,
3748 1410 4001 1466 condolet
4040 1410 4131 1464 illa
4164 1410 4407 1480 quidem,
4440 1413 4584 1480 quod
4631 1428 4785 1467 suum
4833 1429 5032 1483 corpus

3450 1505 3694 1571 patiatur
3723 1520 3738 1558 :
3768 1503 3883 1572 ipsa
3933 1516 4060 1557 vero
4093 1502 4147 1556 in
4196 1517 4294 1558 sua
4344 1514 4538 1557 natura
4590 1505 4795 1558 nullum
4828 1505 5032 1574 patitur

3449 1594 3672 1648 omnino
3701 1602 4052 1649 tormentum.

3521 1685 3730 1741 Tamen
3773 1701 3938 1756 super
3985 1686 4091 1741 hoc
4139 1700 4360 1756 quoque
4397 1686 4627 1744 dicimus
4675 1703 4797 1744 esse
4829 1691 5033 1744 aduna-

3451 1777 3676 1844 tionem,
3728 1792 3848 1847 quae
3899 1777 4068 1832 estin
4120 1777 4476 1834 Emmanuele
4503 1780 4647 1834 facta
4677 1799 4690 1834 :
4723 1791 4843 1836 erat
4888 1782 5033 1836 enim

1749 1870 2042 1939 συναλγεῖν
2068 1871 2169 1942 τὴν
2203 1869 2501 1923 ἑνωθείσαν
2546 1869 2729 1940 ψυχήν
2749 1886 2763 1898 ·
2802 1869 2890 1922 ἵνα
2925 1867 3204 1936 φεύγουσα
3239 1867 3342 1932 τὰς
3373 1857 3418 1918 Β
3453 1881 3676 1922 necesse
3718 1883 3840 1922 cum
3874 1883 3972 1923 suo
4001 1883 4233 1937 corpore
4259 1870 4437 1924 aduna

2347 1871 2501 1922 εἷσαν
2546 1869 2729 1940 ψυχήν
2749 1886 2763 1898 ·
2802 1869 2890 1922 ἵνα
2925 1867 3204 1936 φεύγουσα
3239 1867 3342 1932 τὰς
3373 1857 3418 1918 Β
3453 1881 3676 1922 necesse
3718 1883 3840 1922 cum
3874 1883 3972 1923 suo
4001 1883 4233 1937 corpore
4259 1870 4552 1924 adunatam
4585 1870 4633 1924 ei
4667 1871 4906 1926 animam
4935 1873 5032 1925 do-

1749 1961 1958 2024 αἱκίας,
1995 1962 2211 2032 εὐήνιον
2255 1961 2523 2032 ὑποφέροι
2569 1962 2648 2033 τῷ
2687 1960 2807 2032 Θεῷ
2827 1961 2920 2014 τὸν
2951 1961 3176 2030 αὐχένα.
3214 1961 3340 2013 Ἐπὶ

1745 2053 1810 2108 δέ
1843 2069 1906 2122 γε
1937 2053 2033 2106 τοῦ
2051 2053 2188 2107 Θεοῦ
2223 2053 2405 2121 Λόγου
2435 2053 2495 2106 τὸ
2529 2053 2986 2108 συναισθάνεσθαι
3015 2052 3123 2106 τῶν
3148 2052 3342 2106 αἰκιῶν

1746 2144 1954 2199 ἄτοπον
1980 2145 2158 2198 εἰπεῖν
2181 2161 2195 2175 ·
2229 2144 2445 2209 ἀπαθὲς
2469 2145 2578 2217 γάρ
2605 2146 2667 2200 τὸ
2713 2145 2890 2208 Θεῖον,
2933 2145 3026 2199 καὶ
3051 2145 3152 2199 οὐκ
3182 2144 3240 2199 ἐν
3277 2162 3343 2214 γε

1746 2238 1865 2300 τοῖς
1884 2237 2006 2290 καθ’
2038 2239 2071 2308 ὴ
2081 2237 2189 2308 μᾶς
2209 2252 2222 2265 ⁸
2247 2236 2362 2290 ἀλλ’
2389 2237 2570 2308 ήνωτο
2599 2238 2698 2309 μὲν
2728 2237 2914 2309 σαρκὶ,
2939 2236 3116 2308 ψυχὴν
3140 2237 3343 2311 ἐχούσῃ

1747 2327 1850 2397 τὴν
1875 2327 2102 2400 λογικήν
2121 2342 2135 2357 ⁸
2171 2328 2490 2399 πασχούσης
2513 2329 2573 2383 δὲ
2602 2330 2794 2400 αὐτῆς,
2825 2328 3055 2393 ἀπαθῶς
3077 2325 3146 2400 ἦν
3175 2331 3234 2382 ὲν
3262 2331 3342 2382 εἰ·

1747 2420 1904 2491 δήσει
1937 2421 2046 2474 τῶν
2078 2422 2161 2483 είς
2189 2421 2362 2491 αὐτὴν
2385 2421 2690 2492 γινομένων
2713 2436 2728 2452 ⁶
2758 2422 2853 2475 καὶ
2875 2421 3106 2491 ἠφάνιζε
3139 2421 3240 2492 μὲν
3266 2420 3344 2485 ὡς

1746 2511 1882 2576 Θεὸς
1925 2513 2026 2576 τὰς
2063 2514 2164 2583 τῆς
2197 2511 2401 2583 σαρκὸς
2447 2513 2768 2577 ἀσθενείας,
2821 2511 3084 2586 ᾠκειοῦτο
3124 2529 3188 2582 γε
3234 2513 3341 2584 μὴν

1747 2605 1919 2668 αὐτὰς
1955 2604 2031 2668 ὼς
2059 2605 2190 2658 ἰδίου
2223 2604 2478 2676 σώματος
2498 2621 2513 2636 ο
2542 2604 2686 2658 οῦτω
2717 2605 2812 2659 καὶ
2838 2605 3096 2676 πεινῆσαι
3123 2605 3342 2675 λέγεται

1738 2697 1844 2752 καὶ
1876 2700 2098 2770 καμεῖν,
2136 2698 2232 2754 καὶ
2269 2698 2462 2754 παθεῖν
2497 2698 2639 2770 ὑπὲρ
2666 2696 2851 2770 ἡμῶν.

1819 2963 2038 3016 Οὐκοῦν
2054 2951 2452 3035 ’παρεικάζοιτο
2487 2962 2553 3018 ἂν
2578 2964 2612 3035 ὴ
2645 2963 2840 3028 ἒνωσις
2876 2962 2972 3017 τοῦ
3000 2964 3178 3033 Λόγου
3206 2963 3341 3034 πρὸς

1743 3058 1808 3108 τὸ
1827 3055 2171 3128 ἀνθρώπινον
2200 3058 2302 3109 οὐκ
2327 3056 2438 3111 ἀπὸ
2475 3054 2682 3110 σκοποῦ
2711 3060 2827 3120 τοῖς
2857 3055 2982 3111 καθ’
3017 3058 3185 3129 ἡμᾶς.
3212 3057 3344 3110 Ὠσ-

1744 3165 1856 3218 περ
1877 3149 1988 3220 γάρ
2018 3151 2105 3202 έτε
2116 3148 2315 3219 ροφυὶς
2349 3149 2534 3220 μὲν-τὸ
2566 3150 2728 3220 σῶμα
2753 3149 2891 3221 πρὸς
2909 3149 3008 3220 τὴν
3035 3149 3233 3220 ψυχὴν,
3259 3143 3342 3212 εἷς

1743 3257 1812 3310 γε
1846 3239 1954 3310 μὴν
1997 3239 2057 3304 ἐξ
2089 3240 2297 3309 ἀμφοῖν
2337 3239 2628 3310 ἄνθρωπος
2654 3239 3002 3292 ἀποτελεῖται
3037 3240 3136 3293 καὶ
3183 3238 3340 3306 λέγε-

1743 3348 1839 3384 ται
1858 3347 1873 3362 ο
1905 3329 2050 3384 οὕτω
2082 3330 2178 3382 καὶ
2200 3332 2266 3383 ὲκ
2295 3329 2511 3392 τελείας
2541 3329 2897 3392 ὑποστάσεως
2942 3326 3038 3381 τοῦ
3071 3326 3208 3381 Θεοῦ
3236 3327 3340 3381 Λό-
3381 3354 3386 3358 -

1738 3439 1870 3492 γου,
1903 3421 2000 3475 καί
2037 3420 2144 3492 μὴν
2184 3421 2284 3475 καὶ
2313 3419 2375 3485 ἐξ
2400 3419 2823 3492 ἀνθρωπότητος
2853 3419 3077 3484 τελείως
3105 3417 3340 3491 ἐχούσης

1745 3515 1891 3570 κατά
1910 3513 2006 3568 τὸν
2033 3514 2167 3568 ἴδιον
2187 3513 2369 3582 λόγον,
2397 3507 2481 3577 εἷς
2505 3515 2534 3566 ό
2562 3512 2821 3583 Χριστὸς,
2839 3514 2868 3566 ὁ
2891 3512 3054 3576 αὐτὸς
3078 3513 3340 3584 ὑπάρχων

1743 3610 1808 3662 ὲν
1824 3603 2008 3677 ταυτῷ
2037 3605 2169 3669 Θεὸς
2192 3622 2255 3659 τε
2277 3605 2416 3676 όμοῦ
2447 3606 2543 3658 καὶ
2571 3604 2881 3677 ἄνθρωπος.
2907 3605 3020 3658 Καὶ
3043 3605 3340 3659 οἰκειοῦται

1750 3701 1852 3772 μὲν
1877 3701 1908 3754 ό
1935 3697 2130 3768 Λόγος,
2163 3698 2241 3762 ὡς
2270 3697 2430 3770 ἔφην,
2469 3697 2540 3752 τὰ
2567 3699 2668 3769 τῆς
2707 3698 2844 3761 ἰδίας
2875 3697 3101 3770 σαρκὸς,
3131 3697 3214 3751 ὅτι
3251 3697 3343 3752 καὶ

1742 3795 1916 3848 αὑτοῦ
1945 3795 2006 3848 τὸ
2037 3793 2219 3865 σῶμα,
2274 3793 2371 3846 καὶ
2413 3793 2512 3862 οὐχ
2565 3791 2756 3863 ἑτέρου
2777 3805 2792 3820 ·
2846 3792 3235 3847 κοινοποιιῖται
3285 3790 3344 3845 δὲ

1748 3887 1938 3959 ὥσπερ
1973 3890 2041 3958 τῇ
2081 3887 2189 3958 ἰδίᾳ
2221 3885 2390 3957 σαρκί
2415 3885 2518 3955 τῆς
2553 3885 2783 3956 ἐνούσης
2821 3883 2974 3956 αὐτῷ
3005 3883 3344 3956 θεοπρεποῦς

1743 3977 2031 4048 δυνάμεως
2070 3976 2171 4048 τὴν
2222 3976 2539 4045 ἐνέργειαν·
2583 3974 2727 4028 ὥστε
2773 3973 3034 4028 δύνασθαι
3064 3975 3158 4028 καὶ
3207 3975 3345 4039 Cum

1749 4073 1926 4123 ποιεῖν
1967 4069 2097 4132 τοὺς
2155 4067 2385 4137 νεκροὺς
2407 4104 2420 4129 ,
2478 4066 2573 4118 καί
2623 4050 2807 4118 ἰᾶσθαι
2862 4064 2992 4128 τοὺς
3042 4065 3101 4118 ὲν
3151 4065 3338 4138 appiu-

1745 4157 1952 4223 στίαις.

2358 4291 2613 4346 ΚΕΦΑΛ.
2654 4291 2732 4345 Θ¹.

2229 4403 2372 4473 Περί
2401 4403 2510 4458 τοῦ
2551 4403 2872 4474 ἄνθρακος.

3447 1955 3584 2023 lere,
3619 1955 3699 2028 (3)
3732 1965 3790 2012 ut
3833 1958 3961 2012 dum
3994 1959 4219 2014 timebat
4253 1960 4560 2030 passiones,
4606 1963 4882 2017 subditam
4909 1978 5036 2018 cer-

3445 2047 3620 2103 vicem
3649 2049 3760 2103 Deo
3782 2049 4176 2124 submitteret].
4212 2051 4289 2107 De
4319 2051 4431 2108 Deo
4465 2061 4648 2106 autem
4675 2053 4850 2108 Verbo
4903 2070 5035 2110 con-

3446 2139 3631 2195 dolere
3659 2143 4005 2210 passionibus
4033 2143 4187 2199 nefas
4213 2154 4296 2200 est
4321 2144 4508 2200 dicere
4534 2161 4548 2197 :
4580 2145 4749 2215 783
4783 2145 5034 2214 impassi-

3446 2224 3740 2288 bilisenim
3770 2235 3914 2291 Deus
3939 2246 4044 2303 est,
4079 2247 4136 2292 et
4166 2248 4477 2292 nostrarum
4506 2253 4686 2293 rerum
4731 2238 4889 2308 longe
4916 2239 5034 2293 dis-

3444 2325 3677 2394 similis;
3731 2329 3827 2383 sed
3868 2329 4138 2384 adunatus
4173 2330 4391 2398 quidem
4437 2339 4558 2386 erat
4604 2330 4756 2385 carni
4803 2331 5033 2386 habenti

3444 2418 3684 2473 animam
3727 2420 4125 2485 rationabilem,
4154 2435 4260 2491 qua
4288 2423 4532 2490 patiente
4563 2421 4680 2491 ipse
4722 2421 5036 2489 impassibi-

3445 2508 3534 2576 lis,
3575 2525 3641 2565 ea
3675 2525 3796 2579 qua:
3842 2511 4036 2565 animae
4081 2512 4486 2581 contingerent,
4533 2511 4924 2582 cognoscebat,
4979 2520 5036 2566 et

3443 2602 3810 2658 contundebat
3854 2603 4096 2672 quidem,
4126 2613 4182 2657 ut
4223 2602 4386 2667 Deus,
4423 2606 4609 2659 carnis
4651 2603 5031 2671 inﬁrmitates;

3442 2707 3573 2749 suas
3609 2701 3790 2747 tamen
3830 2707 3945 2757 eas,
3979 2702 4236 2762 tanquam
4279 2693 4360 2746 sui
4399 2692 4669 2761 corporis,
4700 2706 4822 2746 esse
4863 2690 5032 2746 duce-

3445 2787 3560 2842 bat.
3594 2784 3782 2855 Itaque
3804 2788 4068 2842 esuriisse
4103 2786 4322 2854 dicitur,
4361 2785 4622 2857 fatigatus
4655 2802 4798 2855 esse,
4837 2801 5036 2856 passus

3446 2877 3619 2934 fuisse
3648 2895 3746 2948 pro
3789 2879 3963 2934 nobis.

3519 2967 3664 3037 Ergo
3710 2967 3877 3023 Verbi
3927 2968 4208 3034 adunatio,
4241 2984 4362 3039 quae
4405 2978 4490 3025 est
4524 2985 4645 3025 cum
4697 2970 5036 3026 humanitate

3446 3059 3618 3125 facta,
3666 3075 3773 3115 non
3817 3061 4272 3116 irrationabiliter
4304 3063 4464 3116 rebus
4509 3061 4710 3117 nostris
4747 3077 5036 3132 compare-

3449 3161 3558 3207 tur.
3594 3150 3728 3206 Nam
3766 3153 3909 3207 sicut
3940 3167 4138 3222 corpus
4182 3153 4410 3207 alterius
4451 3163 4538 3207 est
4589 3161 4798 3207 naturae
4835 3165 5036 3222 praeter

3450 3245 3717 3310 animam,
3749 3255 3806 3300 et
3834 3260 3974 3299 unus
4007 3253 4187 3297 tamen
4217 3257 4285 3298 ex
4337 3252 4568 3312 utroque
4613 3245 4775 3298 homo
4804 3243 5035 3298 edicitur

3446 3344 3505 3392 et
3533 3345 3798 3400 vocatur;
3829 3335 3906 3390 ita
3949 3335 4114 3391 etiam
4145 3348 4214 3390 ex
4249 3333 4491 3404 perfecta
4519 3334 4616 3390 Dei
4650 3335 4812 3390 Verbi
4857 3336 5035 3390 subsi-

3441 3425 3639 3483 stentia
3682 3435 3738 3480 et
3784 3441 3852 3482 ex
3900 3424 4245 3480 humanitate
4273 3421 4517 3493 perfecta
4573 3438 4714 3479 unus
4763 3433 4844 3479 est
4875 3423 5034 3478 Chri-

3443 3530 3582 3585 stus,
3620 3519 3766 3574 idem
3798 3519 3852 3573 in
3895 3519 4086 3573 eodem
4121 3517 4267 3573 Deus
4297 3519 4459 3573 simul
4504 3526 4560 3572 et
4602 3519 4800 3582 homo;
4833 3526 4888 3571 et
4936 3531 5032 3571 sua

3443 3612 3662 3684 quidem
3710 3611 3861 3667 ducit
3893 3611 4038 3666 Deus
4076 3609 4342 3675 Verbum,
4382 3615 4450 3665 'ut
4482 3619 4612 3664 ante
4646 3609 4781 3676 dixi,
4823 3624 4886 3664 ea
4917 3625 5035 3679 qua:

3445 3714 3574 3760 sunt
3629 3704 3815 3760 carnis
3850 3705 4093 3774 propria,
4134 3704 4261 3774 quia
4314 3702 4486 3773 ipsius
4531 3711 4617 3758 est
4662 3717 4881 3772 corpus,
4929 3719 5034 3756 ttntt

3445 3795 3696 3852 alterius.
3733 3794 4065 3852 Communes
4098 3803 4282 3849 autem
4322 3791 4458 3850 facit
4490 3802 4752 3863 tanquam
4786 3807 4910 3848 cum
4936 3807 5034 3847 sua

3445 3901 3617 3943 carne
3648 3887 3845 3941 divinae
3873 3899 3988 3940 suae
4043 3883 4350 3954 majestatis
4391 3887 4764 3954 operationes,
4817 3891 4879 3939 ut
4909 3899 5038 3954 pos-

3444 3988 3530 4035 set
3561 3978 3727 4034 etiam
3757 3976 4038 4035 viviﬁcare
4067 3986 4333 4045 mortuos,
4359 3986 4415 4034 et
4443 3991 4640 4034 sanare
4669 3976 4936 4034 infirmos.

4103 4282 4259 4340 CAP.
4294 4283 4388 4340 IX.

4056 4394 4135 4450 De
4169 4396 4416 4452 carbone.

1821 4517 1886 4571 Εἰ
1915 4517 1974 4571 δὲ
2020 4515 2148 4588 χρὴ,
2193 4517 2292 4570 καὶ
2327 4518 2441 4581 τοῖς
2479 4517 2548 4570 ὲκ
2577 4517 2675 4587 τῆς
2709 4516 3072 4572 θεοπνεύστου
3115 4519 3342 4594 Γραφῆς
3373 4549 3419 4606 D
3521 4509 3601 4584 (4)
3638 4511 3714 4567 Al
3759 4510 3804 4566 Si
3842 4511 4100 4606 Pomenil
4141 4511 4511 4606 οιειιιριίε-ει

2343 4518 2441 4581 tot;
2479 4517 2548 4570 ὲκ
2577 4517 2675 4587 τῆς
2709 4516 3072 4572 θεοπνεύστου
3115 4519 3342 4594 Γραφῆς
3373 4549 3419 4606 D
3521 4509 3601 4584 (4)
3638 4511 3714 4567 At
3759 4510 3804 4566 si
3842 4511 4100 4606 convenit
4141 4509 4617 4606 exemplisetiam
4651 4510 4849 4606 divinae
4884 4511 5033 4569 Scri-

1749 4606 2165 4679 παραδείγμασι
2197 4607 2596 4678 κεχρημένους,
2622 4607 2878 4680 καθάπερ
2913 4609 2973 4664 ἐν
3005 4609 3198 4675 τύποις
3251 4611 3344 4666 τὸν
3373 4602 3406 4606 —
3449 4613 3661 4676 Pium.
3703 4603 3858 4675 quasi
3916 4618 4015 4674 Per
4059 4603 4288 4675 ﬁguram
4313 4644 4329 4670 ,
4374 4603 4439 4658 ad

2343 4607 2596 4677 ημένους,
2622 4607 2878 4680 καθάπερ
2913 4609 2973 4664 ἐν
3005 4609 3198 4675 τύποις
3251 4611 3344 4666 τὸν
3373 4602 3406 4606 ⁷
3449 4613 3661 4676 ptum,
3703 4603 3858 4675 quasi
3916 4618 4015 4674 per
4059 4603 4288 4675 ﬁguram
4313 4644 4329 4670 ,
4374 4602 4768 4659 adunationem
4813 4604 5033 4660 demon-

1751 4701 1850 4772 τῆς
1880 4698 2125 4762 ἐνώσεως
2158 4698 2476 4763 καταδεῖξαι
2520 4699 2741 4771 τρόπον,
2779 4702 2913 4773 φέρε
2959 4701 3236 4774 λέγωμεν.
3283 4703 3343 4758 Ὁ
3450 4709 3667 4762 strare,
3705 4711 3826 4765 age,
3854 4695 4120 4761 dicamus,
4163 4705 4224 4749 ut
4255 4709 4441 4764 possm

2343 4698 2476 4763 εἶξαι
2520 4699 2741 4771 τρόπον,
2779 4702 2913 4773 φέρε
2959 4701 3236 4774 λέγωμεν.
3283 4703 3343 4758 Ὀ
3450 4709 3667 4762 strare,
3705 4711 3826 4765 age,
3854 4695 4120 4761 dicamus,
4163 4705 4224 4749 ut
4255 4709 4567 4764 possumus.
4599 4694 4797 4750 Beatus
4827 4695 5033 4750 Isaias:

1756 4792 2025 4862 μακάριος
2053 4790 2300 4856 Ἡσαΐας,
2345 4791 2702 4863 Ἀπεστάλη,ι
2733 4794 2888 4864 φησὶ,
2909 4793 3044 4866 πρός
3066 4811 3134 4864 με
3151 4794 3210 4850 ἓν
3227 4794 3341 4849 τῶν
3457 4807 3476 4841 ι
3504 4786 3702 4843 Missus
3730 4795 3833 4854 est,
3866 4786 4064 4856 inquit,
4101 4786 4169 4839 ad
4214 4800 4301 4840 me
4345 4801 4446 4840 unu

2345 4791 2702 4863 Ἀπεστὰλη,‹
2733 4794 2888 4864 φησὶ,
2909 4793 3044 4866 πρός
3066 4811 3134 4864 με
3151 4794 3210 4850 ἓν
3227 4794 3341 4849 τῶν
3457 4807 3476 4841 ι
3504 4786 3702 4843 Missus
3730 4795 3833 4854 est,
3866 4786 4064 4856 inquit,
4101 4786 4169 4839 ad
4214 4800 4301 4840 me
4345 4801 4486 4842 unus
4529 4800 4595 4841 ex
4627 4785 4936 4855 Seraphim,
4983 4797 5033 4839 et

1757 4883 2012 4955 Σεραφίμ
2034 4897 2048 4911 °
2079 4882 2173 4936 καὶ
2205 4878 2265 4935 ὲν
2287 4884 2355 4954 τῇ
2397 4885 2545 4955 χειρὶ
2573 4879 2719 4954 εἶχεν
2760 4883 3028 4957 ἄνθρακα,
3053 4885 3112 4940 ὃν
3154 4889 3220 4958 τῇ
3247 4886 3342 4940 λα-
3453 4882 3506 4938 in
3544 4896 3708 4936 manu
3751 4879 3990 4935 habebat
4035 4877 4350 4945 carbonem,
4385 4893 4447 4949 qu

2345 4884 2355 4954 ἱ
2397 4885 2545 4955 χειρί
2573 4879 2719 4954 εῖχεν
2760 4883 3028 4957 ἄνθρακα,
3053 4885 3112 4940 ὃν
3154 4889 3220 4958 τῇ
3247 4886 3342 4940 λαο
3453 4882 3506 4938 in
3544 4896 3708 4936 manu
3751 4879 3990 4935 habebat
4035 4877 4350 4945 carbonem,
4385 4893 4547 4949 quem
4581 4878 4787 4949 forcipe
4830 4880 5035 4949 accepit

1753 4974 1862 5027 6i6t
1891 4974 2081 5028 ἔλασεν
2105 4973 2212 5027 ἀπὸ
2243 4973 2339 5026 τοῦ
2364 4973 2758 5045 θυσιαστηρίου
2780 4991 2794 5006 ’
2815 4977 2910 5028 καὶ
2929 4971 3062 5047 ἦλθε
3085 4976 3223 5045 πρός
3252 4993 3344 5048 με,
3453 4975 3522 5029 ab
3561 4972 3744 5038 altari,
3775 4982 3831 5027 et
3875 4971 4026 5026 venit
4065 4971 4133 5026 ad
4177 4985 4285 5036 me,
4318 4981 4374 5026 et
4413 4982 4443 5025 lt

2364 4973 2758 5045 θυσιαστηρίου
2780 4977 2910 5028 ’καὶ
2929 4971 3062 5047 ἦλθε
3085 4976 3223 5045 πρός
3252 4993 3344 5048 με,
3453 4975 3522 5029 ab
3561 4972 3744 5038 altari,
3775 4982 3831 5027 et
3875 4971 4026 5026 venit
4065 4971 4133 5026 ad
4177 4985 4285 5036 me,
4318 4981 4374 5026 et
4413 4972 4588 5042 tetigit
4623 4972 4766 5027 labia
4813 4986 4952 5037 mea,
4983 4979 5033 5025 et

1753 5068 1847 5120 καὶ
1870 5067 2050 5137 ἥψατο
2075 5066 2185 5120 τῶν
2216 5065 2441 5138 χειλέων
2483 5084 2610 5137 μου,
2652 5067 2750 5121 καὶ
2781 5062 2962 5122 εἶπεν·
2999 5069 3138 5122 ’ἰδοὺ
3167 5069 3348 5139 ἥψατο
3450 5065 3591 5119 dixit
3628 5064 3696 5119 ad
3733 5078 3862 5119 me:
3898 5063 4038 5118 Ecce
4071 5062 4248 5133 tetigit
4297 5063 4400 5118 hoc
4430 5063 4443 5117 1

2343 5065 2441 5120 έων
2483 5084 2610 5137 μου,
2652 5067 2750 5121 καὶ
2781 5062 2962 5122 εἶπεν·
2999 5069 3138 5122 ’ἰδοὺ
3167 5069 3348 5139 ἥψατο
3450 5065 3591 5119 dixit
3628 5064 3696 5119 ad
3733 5078 3862 5119 me:
3898 5063 4038 5118 Ecce
4071 5062 4248 5133 tetigit
4297 5063 4400 5118 hoc
4430 5063 4572 5118 labia
4617 5073 4729 5128 tua,
4754 5073 4808 5118 et
4837 5063 5033 5117 adimet

1754 5157 1912 5212 τοῦτο
1945 5159 2056 5211 τῶν
2085 5159 2312 5230 χειλέων
2338 5175 2456 5225 σου,
2489 5161 2586 5213 καὶ
2621 5159 2815 5229 ἀφελεῖ
2839 5159 2938 5224 τὰς
2963 5159 3195 5232 ἀνομίας
3224 5177 3345 5226 σου,
3447 5159 3765 5230 iniquitates
3821 5164 3980 5224 tuas,
4028 5166 4086 5212 et
4153 5167 4377 5227 peccata
4431 5166 4444 5210 ι

2339 5175 2456 5225 σου,
2489 5161 2586 5213 καὶ
2621 5159 2815 5229 ἀφελεῖ
2839 5159 2938 5224 τὰς
2963 5159 3195 5232 ἀνομίας
3224 5177 3345 5226 σου,
3447 5159 3765 5230 iniquitates
3821 5164 3980 5224 tuas,
4028 5166 4086 5212 et
4153 5167 4377 5227 peccata
4431 5166 4522 5211 tua
4575 5155 4979 5226 repurgahit".
5012 5173 5029 5206 ι

1755 5251 1852 5305 καὶ
1887 5251 1986 5315 τὰς
2012 5252 2292 5322 ἁμαρτίας
2321 5269 2415 5306 σου
2445 5250 2853 5324 περικαθαριεῖ.
2880 5271 2900 5305 ι
2932 5252 3120 5324 Φαμὲν
3159 5251 3218 5305 δὲ
3245 5252 3340 5305 τὸν
3447 5249 3754 5308 Carbonem
3786 5259 3970 5305 autem
4001 5247 4242 5304 dicimus
4280 5246 4445 5320 ﬁgura

2343 5269 2415 5306 που
2445 5250 2853 5324 περικαθαριεῖ.
2880 5271 2900 5305 ι
2932 5252 3120 5324 Φαμὲν
3159 5251 3218 5305 δὲ
3245 5252 3340 5305 τὸν
3447 5249 3754 5308 Carbonem
3786 5259 3970 5305 autem
4001 5247 4242 5304 dicimus
4280 5246 4509 5320 ﬁguram
4541 5256 4597 5302 et
4623 5247 4912 5318 imaginem
4944 5260 5033 5301 n0-

1831 5428 1876 5460 ³⁷
1909 5427 2014 5484 lsa.
2039 5442 2115 5494 vt,
2138 5428 2192 5497 6,
2218 5428 2274 5482 7.

1839 5606 1916 5678 (1)
1958 5605 2703 5686 lloc__fragmentum_iisdem
2749 5608 2921 5666 ferme
2948 5607 3130 5663 verbis
3172 5605 3340 5661 refert
3522 5609 3601 5686 (7?)
3640 5609 3956 5686 facundus,
3997 5622 4052 5686 ut
4091 5611 4347 5686 timeudo.
4389 5681 4400 5686 _
4488 5683 4499 5686 _
4706 5677 4755 5686 __
4895 5683 4902 5686 Α
4983 5672 4995 5686 ο

1757 5676 2048 5751 Facundus
2080 5677 2175 5751 lib_.
2209 5676 2290 5744 'xt,
2317 5691 2436 5751 cap.
2470 5679 2521 5733 7.
2848 5749 2856 5751 ξ
3095 5727 3118 5738 ρ
3215 5747 3245 5751 Α
3517 5676 3597 5751 (4)
3640 5680 3739 5736 Hie
3771 5683 3968 5734 iterum
3997 5683 4346 5751 interpolavit
4375 5681 4680 5734 Autbertus
4706 5676 5028 5734 Mercatoris

1833 5747 1908 5819 (2)
1948 5747 2252 5823 Facuudus,
2297 5748 2601 5823 passionum
2649 5749 2884 5823 corporis
2923 5758 2972 5823 et
3011 5747 3335 5804 naturalium
3443 5747 3774 5823 versionem,
3801 5758 3888 5823 _ut_
3925 5759 3982 5806 et
4027 5752 4079 5807 in
4125 5747 4504 5823 sequentibus,
4548 5765 4778 5821 quorum
4820 5755 5029 5804 textum

1759 5827 1807 5875 et
1833 5818 1950 5888 qua:
1975 5819 2296 5876 extrinsecus
2335 5818 2621 5885 accidunt;
2655 5819 2798 5891 quod
2831 5819 3028 5878 melius
3057 5831 3164 5875 est.
3443 5818 3692 5877 Graecum
3727 5819 3939 5877 habuit.
