6812 6580
1917 351 2057 404 1585

2907 341 2967 395 S.
3005 337 3275 396 CYRILLI
3314 335 3790 394 ALEXANDRINI
3827 336 4154 394 ARCHIEP.

5048 338 5196 393 1384

1853 490 1865 499 -
1917 463 2324 533 apprehendere
2369 462 2536 517 Deum
2587 459 2710 531 [pro
2741 457 3043 529 deitatem].
3082 457 3216 524 Quis
3269 468 3356 512 est
3403 457 3495 526 qui
3524 463 3569 520 Α
3600 457 3852 512 deitatis?
3889 456 3982 514 Vel
4022 455 4296 528 quomodo
4320 470 4427 512 non
4452 455 4525 512 sit
4547 454 4724 513 factus
4747 454 5070 522 altissimus,
5098 457 5197 526 qui

1917 555 2202 609 docuerit?
2250 551 2578 619 «Quomodo
2635 548 2780 604 enim
2836 547 3102 609 credent,
3155 547 3257 601 nisi
3311 547 3503 601 audie-

1921 644 2124 699 rint“?
2151 663 2170 696 ι
2206 642 2471 698 Caeterum
2513 653 2618 693 non
2672 637 2724 692 id
2770 647 2855 691 est
2887 635 3297 706 apprchendere
3327 634 3516 703 deita;

1922 748 2052 796 tein.
2082 745 2136 788 ct
2163 732 2574 790 convenientem
2613 730 2662 784 ei
2693 728 2920 798 gloriam
2953 742 3169 795 capere.

1992 826 2136 894 Ergo
2169 823 2452 878 decentius
2495 821 2587 885 sit,
2615 828 2674 873 et
2711 828 2861 872 recte
2887 817 3127 885 quidem,
3160 817 3233 870 ita
3277 814 3504 881 sentire,

1921 919 2062 988 quod
2093 930 2310 970 servare
2335 912 2523 967 volens
2549 911 2601 965 id
2625 909 2768 980 quod
2794 908 3053 978 perierat,
3080 894 3506 962 descendens-ad

1923 1026 2018 1064 nos
2065 1009 2204 1062 Deus
2243 1005 2502 1068 Verbum,
2552 1018 2648 1071 per
2685 1002 2832 1072 quod
2877 1001 3086 1063 omnia,
3123 1006 3180 1052 et
3225 998 3278 1052 in
3327 997 3380 1052 id
3422 1011 3504 1061 se,

1919 1100 2063 1170 quod
2109 1113 2216 1152 non
2261 1103 2402 1160 erat,
2445 1093 2691 1160 innnisit,
2725 1101 2782 1146 ut
2823 1102 2880 1147 et
2927 1090 3164 1145 hominis
3212 1099 3423 1153 natura,
3454 1088 3508 1143 id

1917 1190 2063 1260 quod
2108 1205 2214 1243 non
2237 1196 2375 1254 erat,
2411 1187 2594 1252 ﬁeret;
2625 1193 2681 1240 et
2720 1181 2918 1236 divina:
2948 1180 3250 1251 maiestatis
3276 1179 3510 1250 dignita-

1921 1283 2066 1337 tibus
2097 1296 2194 1350 per
2219 1279 2600 1333 adunationem
2635 1284 2941 1345 patescens,
2972 1287 3094 1341 quae
3123 1270 3402 1326 sublevata
3427 1278 3512 1326 est

1922 1373 2098 1442 magis
2140 1371 2278 1424 ultra
2323 1378 2596 1432 naturam,
2640 1381 2803 1435 quam
2845 1364 3031 1432 dejicit
3072 1361 3211 1417 infra
3259 1371 3510 1418 naturam

1924 1463 2288 1519 invertibilem
2319 1461 2513 1515 Deum.
2547 1457 2890 1513 Conveniens
2921 1466 3060 1521 erat,
3095 1464 3154 1508 ut
3181 1452 3512 1522 incorrupti-

1924 1556 2050 1610 bilis
2081 1565 2276 1608 natura
2311 1549 2744 1621 apprehenderet
2775 1545 3203 1615 corruptibilem,
3236 1552 3297 1598 ut
3329 1557 3450 1598 eam
3479 1557 3512 1597 a

1926 1646 2276 1714 corruptione
2327 1642 2607 1697 liberaret.
2657 1637 3001 1694 Conveniens
3053 1645 3176 1692 erat
3225 1649 3371 1701 eum,
3419 1633 3512 1704 qui

3605 548 3660 603 in
3689 549 3916 620 gloriam
3943 563 4234 619 supernam
4262 549 4606 604 ascenderit?

3676 639 3842 710 Igitur
3871 639 4102 694 dicimus
4131 653 4237 694 non
4270 639 4546 693 hominem
4593 638 4764 693 Deum
4813 651 4935 692 esse
4965 636 5199 703 factum,

3605 731 3701 786 sed
3726 731 3909 801 potius
3937 730 4138 786 factum
4159 745 4280 788 esse
4301 729 4356 784 in
4380 729 4731 796 exinanitate,
4751 738 4974 800 propter
4999 729 5204 782 huma-

3607 822 3852 889 nitatem,
3875 822 4045 878 Deum
4066 822 4326 890 Verbum,
4351 822 4442 892 qui
4470 822 4667 876 eratin
4686 821 4996 891 aequalitate
5018 821 5204 878 Patris

3606 922 3660 970 et
3691 915 3864 969 forma
3901 933 3916 969 :
3962 914 4275 970 exinanitus
4304 924 4389 971 est
4432 915 4579 970 enim
4611 913 4716 968 hoc
4759 912 4944 979 modo,
4977 923 5206 983 propter

3607 1005 4020 1060 similitudinem
4063 1014 4329 1071 nostram,
4356 1021 4484 1061 curn
4516 1012 4664 1060 esset
4689 1003 4901 1073 plenus,
4935 1013 4996 1058 ιιι
5035 1006 5242 1073 Deus._a

3607 1094 3933 1152 Humiliatus
3959 1103 4043 1151 est
4071 1105 4294 1167 propter
4323 1110 4571 1164 carnem,
4599 1096 4676 1150 ita
4711 1103 4822 1150 uta
4857 1097 5053 1150 divinae
5083 1111 5209 1149 ma-

5218 1068 5241 1116 ι

5223 1157 5244 1186 ἱ

3604 1188 3821 1258 jestatis
3868 1187 4088 1259 fastigio
4133 1204 4240 1244 non
4285 1189 4617 1254 descendat;
4648 1191 4836 1244 sedem
4861 1187 5005 1242 enim
5037 1189 5244 1242 habet.

3609 1278 3954 1335 altissimam.
3998 1279 4200 1335 Factus
4251 1288 4336 1336 est
4386 1280 4442 1334 in
4487 1278 4847 1335 similitudine
4896 1279 5207 1344 hominum,

3609 1383 3734 1425 cum
3767 1369 3844 1425 sit
3868 1369 4109 1440 ejusdem
4143 1370 4331 1426 forma
4355 1385 4481 1426 cum
4506 1369 4692 1433 Patre,
4715 1369 5090 1439 utpote-cujus
5118 1379 5212 1422 est

3612 1459 3785 1530 ﬁgura
3813 1461 4161 1517 substantiae.
4186 1461 4386 1518 Verum
4422 1462 4678 1531 quoniam
4706 1460 4875 1516 semel
4913 1461 5089 1516 factus
5121 1471 5211 1515 est

3605 1551 3760 1621 juxta
3797 1567 3919 1618 nos,
3947 1552 4264 1608 ascendisse
4309 1553 4509 1609 dicitur
4539 1568 4662 1608 cum
4695 1564 4863 1607 carne
4893 1552 4947 1604 in
4977 1549 5208 1620 gloriam

3613 1643 3852 1709 deitatis,
3883 1658 4044 1713 quam
4078 1652 4356 1713 patentem
4385 1642 4605 1713 quidem
4653 1640 4819 1697 habet
4867 1640 5024 1709 quasi
5075 1656 5212 1710 pro-

1926 1752 2154 1809 peccare
2186 1753 2290 1791 non
2327 1743 2574 1800 noverat,
2594 1748 2716 1787 cum
2748 1730 3126 1800 peccatoribus
3153 1727 3509 1794 conformari,
3541 1801 3584 1809 .-
3614 1737 3812 1807 ριιίθιῃ,
3849 1735 3956 1791 alio
3987 1744 4168 1791 tamen
4195 1745 4356 1806 pacto
4381 1736 4435 1790 in
4461 1749 4526 1790 ea
4554 1735 4609 1789 fu

2523 1743 2574 1800 ιιι
2594 1748 2716 1787 cum
2748 1730 3126 1800 Ρθοωίοΐίδαε
3153 1727 3509 1794 conformari.
3541 1801 3584 1809 __
3614 1737 3812 1807 priam,
3849 1735 3956 1791 alio
3987 1744 4168 1791 tamen
4195 1745 4356 1806 pacto
4381 1736 4435 1790 in
4461 1749 4526 1790 ea
4554 1734 4676 1801 fuit,
4704 1743 4929 1803 propter
4958 1733 5213 1786 Immani-

1928 1801 1986 1883 ιιι
2024 1837 2243 1898 peccata
2285 1831 2676 1894 compesceret.
2705 1815 3177 1889 Quemadmodum"
3203 1818 3348 1874 enim
3386 1817 3513 1873 ubi-
3541 1801 3591 1862 Β
3616 1801 3823 1885 ἱειιθιῃγε
3853 1827 4115 1884 Dominus
4138 1801 4286 1884 enim
4318 1827 4564 1884 omnium
4601 1841 4618 1882 ε

2522 1831 2676 1879 κεῖθι·
2705 1815 3177 1889 Ουθιηεάωοάιιιῐί
3203 1818 3348 1874 enim
3386 1817 3513 1873 “bi'
3541 1801 3591 1862 Β
3616 1801 3823 1885 tatem:
3853 1827 4115 1884 Dominus
4138 1801 4286 1884 enim
4318 1827 4564 1884 omnium
4601 1801 4724 1883 esse
4752 1801 5013 1892 creditur,
5042 1825 5212 1879 etiam

1935 1935 2151 1988 cunque
2189 1919 2275 1972 lux
2331 1916 2524 1983 fuerit,
2564 1915 2738 1986 caligo
2783 1914 2972 1969 interit
3010 1911 3392 1978 tenebrarum;
3441 1909 3516 1964 ita

1928 2015 2091 2067 etiam
2151 2010 2564 2065 immortalitate
2612 2017 2882 2078 praesente
2907 2048 2923 2074 ,
2954 2005 3134 2062 omnis
3166 2011 3317 2060 certe
3349 2004 3518 2072 pestis

1929 2105 2149 2174 [ugitiva
2183 2103 2456 2167 discedet;
2489 2111 2544 2156 et
2573 2109 2842 2171 praesente
2867 2114 2933 2154 eo
2982 2098 3074 2168 qui
3103 2105 3383 2168 peceatum
3408 2109 3516 2150 non

1929 2195 2077 2249 novit
2117 2193 2436 2263 (quietiam
2469 2189 2753 2260 proprium
2787 2189 2894 2245 sibi
2919 2202 3116 2258 corpus
3145 2185 3345 2252 effecit,
3371 2185 3517 2257 quod

1925 2296 2015 2341 est
2044 2287 2164 2340 sine
2191 2285 2268 2356 (l)
2296 2282 2562 2354 peccato),
2589 2283 2744 2336 cedet
2774 2295 2937 2335 omne
2966 2288 3268 2349 peccatum.

1999 2377 2154 2445 Quod
2203 2391 2333 2432 vero
2372 2373 2626 2439 Verbum,
2655 2387 2778 2427 cum
2830 2381 2976 2427 esset
3005 2369 3170 2438 Deus,
3209 2371 3414 2426 factum
3447 2369 3521 2426 sit

1928 2469 2115 2531 homo,
2145 2477 2201 2521 et
2231 2479 2337 2520 non
2369 2465 2546 2535 magis
2573 2464 2735 2518 homo
2763 2461 3218 2533 τεθεοποιημένος
3247 2460 3518 2532 intelliga-
3544 2456 3549 2458 ’

1930 2572 2018 2616 ιιιι·
2045 2561 2312 2626 Christus,
2343 2559 2508 2613 etiam
2551 2572 2619 2611 ex
2653 2556 2826 2610 sacris
2871 2555 3094 2609 Litteris
3121 2554 3302 2610 enitar
3330 2562 3518 2609 osten-

1931 2657 2080 2709 dere.
2127 2653 2216 2708 Ait
2247 2653 2412 2723 igitur
2439 2653 2630 2706 beatus
2659 2648 2860 2704 Paulus
2889 2649 2956 2702 de
2991 2647 3284 2717 Unigenito
3316 2666 3331 2701 :
3366 2664 3386 2698 ι
3413 2645 3519 2713 Qui

1930 2762 2054 2800 cum
2102 2745 2158 2798 in
2203 2743 2376 2797 forma
2426 2742 2520 2797 Dei
2564 2750 2732 2806 esset,
2773 2755 2878 2794 non
2930 2741 3177 2809 rapinam
3223 2738 3520 2793 arbitratus

1930 2851 2038 2906 εει,
2065 2846 2122 2892 ιιι
2152 2845 2298 2890 esset
2327 2834 2550 2902 aequalis
2575 2835 2714 2899 Deo;
2741 2831 2835 2886 sed
2861 2832 3160 2886 exinanivit
3184 2845 3264 2896 se,
3289 2831 3521 2886 formam

1931 2930 2074 2985 servi
2125 2927 2422 2996 accipiens,
2457 2926 2512 2980 in
2560 2923 2969 2978 similitudinem
3015 2921 3294 2976 hominum
3323 2920 3519 2987 factus,

1931 3032 1990 3076 et
2022 3019 2207 3075 habitu
2243 3019 2496 3072 inventus
2527 3027 2586 3070 ut
2621 3016 2804 3070 homo.
2840 3013 3153 3068 Humiliavit
3181 3027 3302 3069 sese
3346 3012 3521 3070 factus

3617 1934 3742 1978 cum
3781 1934 3968 1977 carne.

3689 2010 3955 2068 Flectitur
3979 2019 4160 2066 autem
4193 2009 4296 2082 ipsi
4324 2023 4489 2066 omne
4518 2023 4684 2080 genu,
4713 2015 4769 2064 et
4801 2009 4853 2064 id
4886 2024 4992 2065 non
5021 2009 5088 2062 ad
5115 2009 5218 2063 do-

3617 2104 3790 2159 lorem
3811 2112 3867 2161 et
3891 2101 4275 2160 contumeliam
4299 2101 4500 2166 Patris,
4527 2100 4623 2156 sed
4648 2101 4824 2171 magis
4846 2101 4913 2155 ad
4937 2099 5165 2169 gloriam
5198 2117 5215 2153 :

3617 2196 3821 2268 gaudet
3861 2195 4030 2264 enim,
4053 2203 4108 2251 et
4127 2193 4488 2267 gloriﬁcatur,
4507 2192 4634 2248 dum
4680 2191 4750 2246 ab
4778 2191 5092 2246 hominibus
5123 2191 5220 2245 Fi-

3619 2288 3725 2344 lius
3746 2287 4028 2352 adorator,
4047 2286 4178 2342 licet
4207 2285 4385 2341 factus
4407 2285 4480 2340 sit
4500 2283 4694 2340 similis
4717 2284 4910 2338 nostri.
4937 2282 5218 2352 Scriptum

3618 2394 3750 2437 vero
3783 2388 3866 2436 est
3895 2393 4090 2435 rursus
4117 2396 4132 2434 :
4169 2396 4189 2431 t
4219 2375 4337 2434 Non
4369 2377 4517 2432 enim
4563 2374 4787 2446 angelos
4831 2374 5216 2445 apprehendit,

3619 2472 3716 2528 sed
3738 2486 3924 2528 semen
3949 2470 4219 2538 Abrahas;
4245 2470 4391 2526 unde
4413 2467 4601 2524 debuit
4624 2483 4720 2536 per
4742 2467 4925 2521 omnia
4957 2465 5220 2520 fratribus

3624 2563 4004 2621 assimilari“.
4044 2581 4064 2615 ι
4129 2562 4272 2619 Ecce
4324 2575 4510 2618 semen
4565 2559 4800 2614 Abrahae
4856 2558 5224 2629 apprehendit

3621 2655 3859 2714 Verbum
3892 2656 4061 2726 Deus,
4089 2664 4146 2711 et
4185 2669 4295 2710 non
4336 2655 4523 2719 homo,
4568 2652 4754 2708 nescio
4785 2650 4910 2720 quis
4941 2651 5111 2705 nostri
5139 2649 5222 2704 si-

3621 2750 3769 2807 milis
3798 2750 4056 2806 deitatem
4084 2747 4462 2818 apprehendit,
4492 2753 4548 2802 et
4591 2745 4707 2815 ipse
4753 2743 4910 2798 nobis
4948 2742 5223 2796 assimila-

3623 2849 3730 2907 tur,
3775 2851 3832 2896 et
3877 2847 4221 2910 nuncupatur
4268 2837 4439 2894 frater
4488 2845 4702 2903 noster,
4748 2846 4807 2889 ut
4851 2835 5056 2898 homo,
5111 2849 5224 2889 non

3622 2941 3888 3003 quantum
3913 2943 4000 2988 est
4032 2932 4098 2987 ad
4131 2931 4347 2987 deitatis
4385 2938 4660 2984 naturam.
4707 2947 4727 2981 ι
4762 2928 5029 2995 Quoniam
5065 2927 5222 2995 pueri

3621 3023 4168 3082 communicaverunt
4193 3022 4350 3078 carni
4381 3029 4436 3076 et
4455 3020 4732 3091 sanguini.
4752 3028 4808 3074 et
4829 3020 4946 3088 ipse
4967 3017 5224 3073 similiter

1929 3110 2194 3166 obediens
2223 3122 2396 3177 usque
2422 3107 2490 3161 ad
2525 3115 2778 3170 mortem,
2811 3113 3044 3158 mortem
3091 3114 3272 3159 autem
3311 3103 3516 3160 crucis.
3549 3141 3593 3200 ϐ
3623 3115 3973 3187 participaui;
4004 3115 4106 3181 eis,
4135 3124 4196 3170 ιιι
4223 3128 4322 3185 ροι-
4355 3123 4587 3169 mortem

2533 3115 2778 3170 mortem,
2811 3113 3044 3200 mortem
3091 3114 3272 3200 autem
3311 3103 3516 3200 crucis.
3549 3141 3593 3200 ο
3623 3115 3973 3187 participavit
4004 3115 4106 3181 eis,
4135 3124 4196 3170 ut
4223 3128 4322 3185 per
4355 3123 4587 3169 mortem
4619 3112 4932 3168 destrueret
4968 3125 5094 3164 eum
5126 3108 5223 3178 qui

1932 3205 2230 3273 Propterea
2256 3195 2312 3256 et
2341 3201 2484 3256 Deus
2531 3200 2708 3270 ipsum
2737 3197 3193 3267 superexaltavit,
3222 3206 3277 3253 et
3301 3197 3525 3253 donavit

1931 3294 2006 3348 illi
2033 3307 2229 3347 nomen
2255 3291 2398 3360 quod
2419 3297 2504 3345 est
2533 3304 2697 3359 super
2722 3303 2886 3343 omne
2917 3296 3211 3354 nomen,nt
3230 3288 3284 3341 in
3305 3288 3526 3344 nomine
3572 3317 3578 3325 ι

1931 3385 2059 3441 Jesu
2088 3383 2291 3439 Christi
2323 3397 2484 3438 omne
2514 3397 2653 3452 genu
2694 3380 2945 3435 ﬂectatur
2973 3380 3301 3445 caelestium,
3329 3389 3386 3435 et
3415 3389 3528 3434 ter-

1936 3493 2216 3539 renorum,
2245 3485 2302 3529 et
2329 3475 2689 3537 infernarum,
2713 3483 2770 3526 et
2794 3472 2974 3526 omnis
2996 3471 3177 3542 lingua
3202 3472 3526 3527 conﬁteatur

1934 3569 2081 3639 quod
2114 3567 2374 3623 Dominus
2399 3564 2559 3619 Jesus
2592 3563 2847 3619 Christus
2877 3563 2931 3618 in
2959 3565 3132 3633 gloria
3170 3573 3256 3621 est
3299 3564 3390 3619 Dei
3416 3563 3524 3618 Pa-

1936 3661 2036 3716 tris
2053 3659 2118 3712 ³⁷.
2729 3658 2735 3663 ’

2009 3751 2180 3818 Quem
2231 3749 2398 3820 igitur
2444 3747 2716 3813 dicemus,
2748 3745 2803 3800 in
2850 3743 3029 3799 forma
3077 3741 3172 3798 Dei
3215 3755 3356 3810 esse,
3389 3750 3441 3797 et
3470 3741 3527 3796 in

1935 3841 2246 3912 aequalitate
2280 3839 2479 3902 Patris,
2510 3846 2565 3892 et
2596 3838 2710 3891 haec
2739 3850 2842 3891 non
2873 3835 3121 3905 rapinam
3157 3832 3481 3888 arbitrathm
3507 3849 3524 3901 ;

1936 3934 2031 3989 sed
2063 3930 2411 3986 descendisse
2435 3929 2607 4000 magis
2629 3929 2681 3984 in
2708 3927 3121 3992 exinanitatem,
3145 3935 3201 3980 et
3219 3924 3274 3979 in
3295 3923 3527 3980 formam

1935 4025 2105 4089 servi,
2123 4035 2174 4079 et
2195 4038 2254 4079 se
2273 4022 2678 4085 humiliantem,
2697 4031 2752 4074 et
2775 4022 2824 4074 in
2851 4018 3261 4076 similitudinem
3286 4027 3528 4074 nostram

1935 4120 2104 4172 fuisse
2129 4115 2364 4170 factum?
2416 4112 2473 4169 Si
2524 4115 2800 4169 hominem
2830 4111 3032 4167 factum
3067 4127 3136 4166 ex
3169 4111 3401 4167 muliere
3427 4125 3529 4165 nu-

1938 4211 2064 4262 dum
2107 4217 2163 4260 et
2198 4206 2372 4261 solum
2406 4223 2418 4259 :
2451 4205 2724 4274 quomodo
2755 4203 2991 4259 habebat
3020 4201 3438 4273 plenitudinem,
3471 4209 3530 4255 ut

1937 4297 2271 4367 intelligatur
2319 4296 2664 4352 exinanitus?
2714 4294 2811 4350 Vel
2861 4295 2915 4350 in
2969 4309 3072 4364 qua
3125 4304 3286 4350 antea
3317 4294 3530 4364 positus

1935 4389 2278 4454 celsitudine,
2310 4399 2483 4444 semet
2516 4385 2838 4443 humiliasse
2867 4384 3100 4440 dicitur?
3135 4383 3229 4440 Vel
3260 4385 3530 4455 quomodo

3627 3209 3914 3279 imperium
3954 3206 4168 3263 obtinet
4198 3205 4414 3272 mortis,
4445 3204 4501 3259 id
4527 3211 4633 3270 est,
4663 3203 4963 3268 diabolum,
4994 3210 5050 3257 et
5090 3200 5226 3254 libe-

3627 3308 3778 3357 raret
3803 3313 3898 3355 eos
3917 3297 4014 3369 qui
4036 3298 4230 3353 timore
4258 3295 4455 3352 mortis
4483 3310 4581 3374 per
4603 3308 4820 3349 omnem
4846 3293 5011 3346 vitam
5037 3292 5225 3345 nativa

3627 3391 4051 3446 continebantur
4079 3387 4344 3444 servitute
4359 3386 4428 3440 ”.
4449 3403 4469 3438 ι
4506 3383 4647 3439 Ecce
4681 3384 4880 3437 iterum
4911 3382 5046 3451 ipse,
5073 3378 5228 3434 simi-

3627 3479 3754 3536 liter
3787 3495 3853 3536 ae
3887 3494 4009 3543 nos,
4035 3476 4378 3549 participavit
4403 3474 4654 3548 sanguini
4684 3484 4736 3530 et
4762 3473 4934 3536 carni,
4959 3483 5012 3526 et
5040 3485 5104 3525 ea
5133 3485 5225 3523 res

3627 3584 3853 3627 causam
3907 3570 4074 3625 habet
4135 3568 4486 3638 coniunctam
4533 3566 4717 3621 statim
4764 3579 4828 3618 ac
4875 3563 5225 3633 proximam;

3629 3661 3892 3730 scriptum
3937 3669 4025 3715 est
4069 3659 4216 3715 enim
4249 3675 4266 3716 :
4305 3677 4325 3711 ‹
4352 3656 4487 3713 Nam
4539 3659 4685 3728 quod
4739 3650 5075 3724 impossibile
5104 3662 5229 3706 erat

3631 3753 3758 3822 legi,
3795 3751 3852 3806 in
3895 3765 4004 3820 quo
4056 3749 4435 3805 inﬁrmabatur
4481 3749 4539 3804 in
4587 3763 4777 3813 carne,
4833 3747 4974 3800 Deus
5023 3743 5227 3798 Filium

3631 3856 3788 3898 suum
3839 3840 3990 3896 misit
4039 3839 4095 3895 in
4139 3838 4495 3896 similitudine
4539 3839 4722 3895 carnis
4773 3836 5000 3907 peccati,
5053 3846 5110 3889 et
5157 3834 5230 3889 de

3630 3942 3858 4006 peccato
3909 3933 4195 3988 damnavit
4243 3941 4530 4004 peccatum
4566 3933 4620 3986 in
4657 3945 4824 3986 carne
4837 3930 4905 3983 “.
4937 3947 4956 3981 ι
4989 3928 5230 3983 Attende

3633 4027 3858 4091 iterum,
3887 4024 4032 4093 quod
4065 4038 4171 4079 non
4205 4024 4368 4080 homo
4395 4021 4660 4078 aﬂ'ectans
4700 4030 4948 4076 naturam
4983 4021 5225 4074 divinam

3633 4118 3968 4184 ostenditur,
4007 4125 4064 4172 et
4112 4116 4181 4170 ad
4227 4115 4351 4186 ejus
4389 4114 4710 4185 dignitatem
4752 4113 5086 4179 ascendens;
5129 4114 5226 4166 sed

3631 4209 3857 4265 mittens
3889 4207 4062 4278 magis
4089 4205 4290 4261 Filium
4320 4205 4656 4273 suumDeus
4683 4213 4740 4260 et
4773 4202 4958 4270 Pater,
4985 4204 5042 4258 in
5079 4203 5230 4258 simi-

3633 4301 3868 4357 litudine
3923 4299 4106 4357 carnis
4154 4300 4390 4371 peccati,
4449 4305 4510 4353 ut
4559 4299 4868 4354 destrueret
4914 4307 5224 4366 peccatum.

3633 4394 3798 4466 787
3827 4393 3969 4464 Ergo
4003 4392 4256 4458 verbum,
4280 4406 4402 4446 cum
4433 4390 4578 4447 Deus
4605 4390 4698 4454 sit,
4735 4404 4798 4445 se
4827 4389 4881 4444 in
4915 4388 5232 4443 exinanita-

1937 4483 1991 4536 ill
2027 4480 2440 4537 similitudinem
2470 4480 2748 4533 hominum
2783 4477 2958 4550 factus
2980 4486 3086 4540 est,
3115 4476 3207 4545 qui
3245 4475 3298 4530 id
3329 4485 3452 4531 erat
3473 4485 3531 4532 et
3556 4493 3608 4552 D
3635 4495 3741 4540 [em
3775 4487 3940 4541 homo
3973 4475 4150 4539 ﬁctus
4177 4482 4422 4546 immisit,
4459 4491 4516 4538 οι
4547 4495 4653 4537 non
4691 4480 4857 4537 homo
4878 4479 5229 4549 simpliciter,

1937 4587 2096 4630 antea
2115 4588 2213 4644 per
2232 4583 2507 4636 naturam,
2525 4572 2626 4626 etsi
2653 4571 2704 4626 id
2730 4569 2906 4624 factus
2929 4569 3070 4623 forte
3086 4583 3192 4624 non
3214 4567 3526 4623 diceretur?

1938 4667 2041 4725 Ubi
2075 4676 2255 4720 autem
2300 4664 2616 4719 exinanitus
2663 4671 2768 4729 est,
2807 4672 3097 4716 assumens
3130 4657 3523 4730 plenitudinem

2553 4796 2704 4854 CAP.
2747 4792 2887 4850 Xlll.

2037 4913 2192 4978 Quod
2215 4911 2457 4966 Christus
2480 4909 2639 4965 Iesus
2660 4920 2874 4964 vocetur
2891 4907 3050 4961 homo
3072 4905 3246 4976 {actus
3267 4903 3410 4962 Deus

2607 4979 2852 5033 Verbum.

2005 5095 2440 5164 Dispensationis
2459 5093 2724 5147 incarnati
2745 5090 3023 5161 Unigeniti
3049 5092 3365 5162 mysterium
3386 5093 3515 5148 sub-

1931 5187 2078 5240 tilius
2128 5185 2571 5246 considerantes,
2626 5183 2676 5236 id
2725 5182 3037 5246 asserimus,
3099 5182 3257 5238 [idem
3313 5194 3514 5239 rectam

1930 5286 2215 5329 servantes
2247 5285 2302 5328 et
2322 5289 2510 5328 veram
2537 5291 2550 5328 :
2579 5275 2721 5341 quod
2748 5275 2920 5344 ipsum
2941 5271 3118 5329 Patris
3141 5274 3234 5330 Dei
3259 5273 3514 5343 Verbum,

1934 5366 2073 5421 Deus
2106 5381 2265 5456 verus
2286 5380 2352 5420 ex
2383 5364 2494 5420 Deo
2526 5381 2676 5430 vero,
2712 5377 2766 5422 et
2795 5366 2978 5420 lumen
3041 5367 3109 5420 de
3167 5365 3394 5434 lumine,
3427 5367 3512 5421 in-

2005 5567 2053 5598 “
2089 5565 2244 5619 Rom.
2277 5581 2327 5628 Χ,
2366 5567 2449 5620 14.
2528 5567 2571 5598 ³¹’
2610 5565 2841 5636 Philipp.
2877 5583 2935 5630 ιι,
2964 5565 3124 5621 6-H.

3629 4573 3872 4634 divinam
3911 4575 4141 4648 gloriam
4177 4573 4462 4642 aﬂectans,
4499 4573 4755 4631 Christus
4793 4572 5032 4628 videtur.

4190 4793 4440 4850 ΚΕΦΑΛ.
4471 4793 4580 4860 Ην.

3629 4910 3760 4966 Ὀτι
3785 4911 4042 4982 Χριστὸς
4069 4909 4311 4982 Ἰησοῦς
4330 4909 4597 4982 καλξῖται
4627 4906 4889 4980 γεγονὼς
4908 4905 5228 4974 ἅνθρωπος

4121 4985 4154 5034 ὀ
4185 4981 4294 5035 τοῦ
4333 4979 4482 5034 Θεοῦ
4505 4983 4717 5049 Λόγος.

3696 5095 3810 5167 Τῆς
3878 5095 4020 5166 μετά
4076 5094 4282 5167 σαρκὸς
4348 5095 4666 5163 οἰκονομίας
4728 5091 4825 5146 τοῦ
4879 5086 5226 5158 Μονογενοῦς

3622 5186 4108 5259 πολυπραγμονεῖν
4182 5185 4466 5248 ἐθέλοντες
4519 5185 4580 5237 τὸ
4637 5183 4981 5254 μυστήριον,
5041 5177 5223 5231 ἐκεῖνό

3625 5295 3827 5350 φαμεν,
3863 5278 4021 5344 δόξαν
4048 5279 4262 5350 ἔχοντες
4299 5277 4508 5350 ἀληθῆ,ι
4539 5273 4636 5332 καὶ
4669 5276 4854 5328 πίστιν
4885 5269 5077 5344 ὀρθὴν,
5107 5273 5223 5324 ὃτι-

3622 5387 3732 5442 περ
3779 5370 3944 5436 αὐτὸς
3986 5372 4015 5424 ὁ
4064 5373 4129 5424 ἐκ
4179 5370 4316 5423 Θεοῦ
4369 5370 4585 5441 Πατρὸς
4621 5368 4815 5438 Λόγος,
4866 5369 4898 5420 ὁ
4962 5364 5224 5438 ἀληθινὸς

3205 5567 3248 5598 ’⁸
3289 5566 3452 5622 llebr.
3484 5583 3545 5633 ιι,
3580 5567 3666 5633 16,
3703 5569 3790 5625 l7.
3871 5572 3915 5604 ³⁸
3951 5571 4084 5628 lbid.
4116 5571 4316 5640 14,15.
4395 5572 4442 5606 ιθ
4477 5570 4634 5627 Rom.
4661 5584 4778 5636 vni,
4805 5567 4856 5622 5.

2001 5752 2082 5825 (l)
2124 5751 2306 5809 Baluz.
2350 5752 2477 5824 lcgit
2515 5753 2570 5805 in
2617 5767 2713 5822 pro
2751 5752 2884 5822 sine,
2926 5751 3152 5820 rectius,
3195 5761 3250 5805 ut
3288 5752 3522 5810 videtur.
3565 5753 3720 5810 EDIT.
