6812 6616
1674 399 1818 455 I385

2602 393 2893 452 SCllOUA
2938 390 3026 444 DE
3065 383 3580 443 lNCARNATlONE
3619 381 3994 440 UNlGENlTI.

4797 375 4939 432 £336

1666 513 1825 577 θεὸς,
1859 514 1888 566 ὁ
1909 514 1971 566 ὲκ
1998 512 2130 567 Θεοῦ
2157 512 2436 585 ἀληθινοῦ,
2480 514 2539 567 τὸ
2579 513 2695 582 φῶς
2721 512 2782 564 τὸ
2814 511 2879 564 ὲκ
2916 508 3010 563 τοῦ
3051 506 3250 575 φωτὸς,
3286 515 3331 569 Α
3360 511 3641 558 carnalum
3674 501 3766 565 sil,
3803 509 3858 554 et
3882 500 4041 555 homo
4090 496 4315 561 factum,

2264 512 2436 579 θινοῦ,
2480 514 2539 567 τὸ
2579 513 2695 582 φῶς
2721 512 2782 564 τὸ
2814 511 2879 564 ὲκ
2916 508 3010 563 τοῦ
3051 506 3250 575 φωτὸς,
3286 515 3331 569 Α
3360 511 3641 558 carnatum
3674 501 3766 565 sit,
3803 509 3858 554 et
3882 500 4041 555 homo
4090 496 4315 561 factum,
4362 504 4416 552 et
4462 491 4834 575 descenderit.
4892 505 4948 548 et

1668 603 1965 675 ἐσαρκώθη
2004 620 2065 656 τε
2106 605 2202 657 καὶ
2237 602 2629 675 ὲνηνθρώπησε
2652 620 2666 633 ε
2702 600 2997 670 κατῆλθεν,
3030 597 3252 659 ἔπαθεν,

1665 699 1972 767 ἐγήγερται
2011 695 2069 748 δὲ
2109 698 2174 749 ἐκ
2201 695 2427 766 νεκρῶν.
2471 695 2718 765 Ὡρίσατο
2759 692 2869 762 γὰρ
2895 690 3038 745 οὕτω
3068 688 3130 742 τὸ
3159 688 3258 756 τῆς

1666 788 1912 850 πίστεως
1932 787 2263 859 Σύμϐολονὴ
2291 789 2422 856 ἁγία
2450 805 2509 841 τε
2541 787 2637 840 καὶ
2658 787 2870 857 μεγάλη
2901 783 3124 846 Σύνοδος
3157 781 3255 853 (l).

1736 878 2164 949 Διερευνώμενοι
2212 878 2269 933 δὲ
2316 880 2410 932 καὶ
2444 878 2636 949 μαθεῖν
2671 878 2947 939 ἐθέλοντες
2991 877 3019 928 ὃ
3043 875 3095 928 τί
3131 872 3260 927 ποτέ

1664 975 1785 1026 ἐστι
1809 974 1932 1025 κατ’
1962 970 2243 1042 ἀλήθειαν,
2274 973 2336 1026 τὸ
2364 973 2718 1044 σαρκωθῆναί
2761 989 2819 1024 τε
2851 972 2942 1023 καὶ
2978 967 3258 1039 ἐνανθρω-

1667 1066 1844 1135 πῆσαι
1874 1064 1964 1117 τὸν
1986 1064 2182 1133 Λόγον,
2215 1064 2677 1136 καταθρήσωμεν,
2720 1065 2802 1117 ὅτι
2835 1064 2934 1115 οὐκ
2972 1060 3259 1130 ἄνθρωπόν

1669 1159 1785 1210 ἐστι
1819 1156 2150 1228 προσλαϐεῖν
2173 1157 2249 1220 ὡς
2282 1158 2338 1210 ὲν
2367 1158 2633 1228 συναφείᾳ
2655 1160 2721 1228 τῇ
2755 1156 2897 1209 κατά
2926 1172 2988 1223 γε
3024 1155 3119 1226 τὴν
3150 1154 3259 1207 ἰσό-
3288 1174 3293 1177 ’

1674 1265 1810 1318 τητα
1842 1249 1940 1317 τῆς
1963 1248 2139 1315 ἀξίας,
2168 1249 2336 1320 ἤγουν
2362 1249 2671 1314 αὑθεντίας,
2714 1249 2746 1319 ἢ
2776 1248 2867 1301 καὶ
2912 1247 3054 1299 κατὰ
3091 1246 3260 1316 μόνην

1668 1342 1766 1411 τῆς
1792 1342 2041 1411 υίότητος
2072 1342 2652 1412 ὁμωνυμίαν,’μᾶλλον
2673 1343 2729 1395 δὲ
2762 1341 2821 1395 τὸ
2846 1340 3103 1408 γενέσθαι
3136 1338 3258 1392 καθ’

1668 1434 1820 1502 ἡμᾶς
1848 1433 2157 1506 ἄνθρωπον,
2191 1434 2329 1505 μετά
2359 1433 2453 1487 τοῦ
2498 1435 2785 1506 ἀτρέπτως
2825 1436 2919 1487 καὶ
2963 1430 3258 1486 ἀναλλοιώ-

1667 1541 1776 1588 τως
1806 1525 1951 1596 ἔχειν
1979 1526 2368 1580 ἀνασώσασθαι
2392 1530 2476 1598 ’τῇ
2527 1526 2636 1599 ἰδίᾳ
2675 1526 2835 1596 φύσει
2874 1528 2963 1577 ττιν
2997 1527 3055 1577 ἐν
3088 1541 3259 1595 προσ-

1670 1616 1834 1687 λήψει
1862 1618 2061 1689 σαρκὸς
2100 1620 2192 1672 καὶ¹
2228 1620 2460 1690 αἵματος
2486 1619 2848 1689 οἰκονομικῶς
2880 1617 3157 1686 γεγονότα.

1742 1786 1841 1854 Εἷς
1874 1791 1972 1860 μὲν
2003 1786 2095 1846 οὖν
2118 1794 2264 1845 ἐστιν
2285 1793 2391 1864 ἄρα
2415 1794 2522 1865 πρὸ
2551 1794 2647 1865 μὲν
2667 1796 2765 1865 τῆς
2786 1794 3257 1867 ἐνανθρωπήσεως

3358 610 3575 665 passum
3606 594 3698 652 sit,
3724 604 3779 646 et
3802 590 4106 646 surrexerit
4135 606 4200 645 ex
4250 588 4499 644 mortuis.
4527 587 4601 641 Ita
4631 587 4775 641 enim
4803 586 4938 640 deﬁ-

3361 686 3494 742 nivit
3532 686 3655 742 ﬁdei
3696 683 4010 756 Symbolum
4042 682 4295 754 Synodus
4332 696 4530 751 magna
4568 690 4624 734 et
4662 689 4870 733 sancta.

3432 864 3814 935 Perquireutes
3842 871 4018 917 autem
4053 870 4106 916 et
4152 875 4271 928 nos,
4300 870 4356 914 et
4380 859 4694 914 discernere
4716 857 4948 925 cupien-

3363 967 3465 1021 tes,
3497 957 3624 1027 quid
3655 957 3726 1010 sit
3755 959 3991 1021 tandem,
4025 955 4363 1008 incarnatum
4397 965 4539 1015 esse,
4569 960 4625 1004 et
4667 949 4945 1002 hominem

3361 1050 3563 1104 factum
3602 1049 3692 1104 Dei
3725 1047 3958 1102 Verbum
3992 1065 4004 1100 :
4035 1048 4328 1108 cernimus,
4358 1045 4498 1113 quod
4542 1058 4646 1097 non
4697 1043 4800 1096 hoc
4839 1051 4943 1105 est,

3362 1141 3634 1194 hominem
3683 1152 3959 1193 assumere
3991 1147 4244 1205 tanquam
4293 1137 4347 1189 in
4384 1133 4788 1203 conjunctione,
4823 1147 4945 1200 qua:

3364 1231 3457 1284 ﬁat
3505 1247 3601 1300 per
3645 1229 4009 1299 mqualitalem
4056 1228 4355 1297 dignitatis,
4407 1226 4524 1281 sive
4575 1223 4942 1284 auctoritatis,

3362 1321 3443 1376 rei
3470 1338 3563 1392 per
3582 1324 3751 1378 solam
3780 1323 4018 1377 ﬁlietatis
4044 1319 4396 1391 ὀμωνυμίαν;
4427 1317 4596 1387 magis
4621 1328 4798 1370 autem
4825 1313 4942 1368 ﬁeri

3357 1413 3511 1481 juxta
3546 1430 3644 1469 nos
3679 1415 3951 1468 hominem
3987 1414 4103 1482 (ita
4148 1422 4323 1465 tamen
4374 1421 4431 1461 ut
4479 1408 4621 1461 nulla
4663 1406 4944 1461 conversio

3297 1503 3308 1514 ’
3361 1508 3445 1573 νει
3477 1509 3831 1562 commulatio
3869 1506 4276 1575 subsequatur),
4306 1512 4360 1557 et
4402 1501 4687 1556 sublevare
4738 1498 4945 1569 pariter

3361 1615 3483 1654 cum
3514 1616 3607 1653 sua
3647 1593 3840 1652 natura
3864 1613 3985 1650 eum
4034 1598 4124 1666 qui
4159 1599 4211 1651 in
4245 1594 4615 1664 assumptione
4646 1589 4946 1645 iuitcarnis

3360 1700 3413 1746 et
3451 1692 3733 1763 sanguinis
3768 1691 4190 1760 diapeusatorie.

3433 1783 3585 1838 Unus
3621 1784 3784 1854 igitur
3820 1795 3926 1849 est,
3956 1783 4050 1854 qui
4082 1793 4209 1837 ante
4236 1780 4665 1836 incarnationem
4702 1795 4731 1830 a
4767 1777 4945 1834 divina

1670 1881 2081 1953 ὀνομαζόμενος
2131 1884 2220 1938 διὰ
2271 1885 2371 1955 τῆς
2412 1885 2770 1939 θεοπνεύστου
2818 1886 3040 1958 Γραφῆς
3088 1890 3263 1941 Μονο-
3296 1881 3341 1951 Β
3366 1878 3650 1947 Scriptura
3687 1876 4019 1937 nominatur,
4036 1887 4091 1930 et
4127 1873 4355 1944 Unigcni

2271 1885 2371 1955 τῆς
2412 1885 2770 1939 θεοπνεύστου
2818 1886 3040 1958 Γραφῆς
3088 1890 3263 1941 Μονο-
3296 1881 3341 1951 Β
3366 1878 3650 1947 Scriptura
3687 1876 4019 1937 nominatur,
4036 1887 4091 1930 et
4127 1873 4473 1944 Unigcnittts,
4514 1885 4566 1925 et
4598 1870 4857 1932 Verbum,
4893 1877 4949 1920 et

1672 1975 1858 2045 γενὴς,
1898 1976 1994 2028 καὶ
2021 1977 2212 2044 Λόγος,
2257 1978 2353 2030 καὶ
2389 1978 2542 2041 Θεὸς,
2585 1979 2677 2031 καὶ
2709 1977 2896 2043 εἰκὼν,
2943 1981 3040 2033 καὶ
3083 1974 3261 2034 ἀπαύ-

1671 2080 1887 2135 γασμα.
1931 2065 2025 2117 καὶ
2055 2068 2345 2137 χαρακτὴρ
2380 2068 2477 2137 τῆς
2518 2069 2869 2132 ὑποστάσεως
2897 2070 2991 2123 τοῦ
3026 2070 3257 2141 Πατρὸς,

1674 2153 1806 2225 ζωὴ,
1856 2154 2003 2222 δόξα,
2054 2155 2190 2224 φῶς,
2242 2158 2425 2227 σοφία,
2469 2158 2717 2229 δύναμις,
2785 2159 3050 2231 βραχίων,
3088 2161 3259 2227 δεξιὰ,

1674 2246 1918 2317 ὕψιστος,
1977 2246 2445 2319 μεγαλοπρέπεια,
2490 2251 2691 2320 Κύριος
2716 2251 2966 2316 Σαϐαὼθ,
3013 2254 3108 2307 καὶ
3141 2256 3261 2307 ἐτέ-

1680 2355 1789 2410 ροις
1828 2339 1945 2392 τισὶ
1984 2339 2247 2405 τοιούτοις
2277 2342 2525 2412 ὀνόμασι,
2557 2347 2669 2407 τοῖς
2700 2344 2918 2416 ἀληθῶς
2964 2345 3262 2418 θεοπρεπε-

1675 2431 1928 2493 στάτοις’
1971 2430 2108 2501 μετά
2142 2431 2200 2485 δέ
2245 2449 2309 2501 γε
2350 2434 2447 2505 τὴν
2494 2434 2931 2507 ένανθρώπησιν,
2973 2437 3262 2509 ἄνθρωπος

1675 2522 1910 2591 Χριστὸς
1952 2522 2180 2593 Ἰησοῦς,
2219 2525 2556 2595 ἱλαστήριον,
2610 2528 2858 2598 μεσίτης,
2892 2530 3115 2601 ἀπαρχὴ
3153 2532 3262 2582 τῶν

1676 2615 2117 2684 κεκοιμημένων,
2170 2618 2515 2687 πρωτότοκος
2574 2622 2639 2672 ἐκ
2702 2620 2934 2691 νεκρῶν,
3009 2622 3262 2693 δεύτερος

1690 2704 1882 2776 Ἀδὰμ,
1920 2705 2131 2778 κεφαλὴ
2161 2708 2253 2760 τοῦ
2307 2706 2560 2778 σώματος
2603 2709 2702 2778 τῆς
2731 2711 3087 2782 -Ἐκκλησίας,
3137 2714 3261 2766 ἑπο-

1675 2799 1859 2869 μένων
1881 2799 2033 2869 αὐτῷ
2062 2800 2156 2853 καὶ
2188 2800 2296 2853 τῶν
2321 2804 2377 2853 ἐν
2404 2802 2593 2870 ἀρχαῖς
2617 2804 2916 2873 ὀνομάτων.
2947 2805 3134 2859 Πάντα
3154 2808 3262 2878 γὰρ

1673 2890 1863 2955 αὐτοῦ,
1893 2891 1964 2944 τά
2001 2908 2060 2943 τε
2098 2892 2314 2961 πρῶτα,
2341 2892 2434 2944 καὶ
2468 2892 2535 2944 τὰ
2575 2895 2629 2944 ἐν
2664 2895 2910 2964 ἐσχάτοις
2942 2896 3035 2949 τοῦ
3068 2901 3263 2963 αἰῶνος

1674 2984 1910 3053 καιροῖς.

1742 3070 1842 3139 Εἷς
1872 3075 1979 3145 ἄρα
2005 3077 2155 3128 ἐστὶν
2176 3078 2203 3129 ὀ
2240 3077 2331 3129 καὶ
2363 3079 2467 3148 πρὸ
2494 3079 2590 3148 τῆς
2628 3081 3099 3155 ἐνανθρωπήσεως
3130 3084 3263 3147 Θεὸς

1676 3165 1954 3237 ἀληθινὸς,
1991 3167 2087 3220 καὶ
2127 3169 2185 3219 ὲν
2214 3167 2596 3239 ἀνθρωπότητι
2652 3175 2978 3244 μεμενηκὼς
3010 3177 3147 3247 ὅπερ
3169 3174 3257 3248 ἦν,

1674 3259 1766 3312 καὶ.
1792 3258 1939 3324 ἐστι,
1984 3260 2080 3312 καὶ
2121 3258 2294 3313 ἔσται.
2329 3262 2402 3313 Οὐ
2436 3250 2737 3335 διοριστέον
2771 3262 2863 3318 οὖν
2897 3266 3006 3337 ἄρα
3038 3266 3131 3321 τὸν
3161 3270 3260 3322 ἕνα

1678 3350 1884 3423 Κύριον
1921 3350 2129 3423 Ἰησοῦν
2174 3353 2428 3424 Χριστὸν,
2480 3357 2559 3417 εἰς
2602 3355 2783 3421 ἰδ.κῶς
2820 3357 3136 3428 ἄνθρωπον,
3166 3361 3261 3412 καὶ

1679 3444 1754 3507 εἰς
1795 3443 1935 3497 Θεὸν
1973 3442 2174 3505 ίδικῶς,
2218 3444 2333 3498 ἀλλ’
2386 3446 2479 3499 ἕνα
2538 3446 2631 3499 καί
2691 3447 2781 3499 τὸν
2845 3448 3007 3501 αὑτὸν
3054 3449 3261 3519 Ἰησοῦν

1682 3534 1920 3605 Χριστόν
1946 3552 2016 3603 φα
2029 3551 2127 3604 μεν
2157 3531 2320 3599 εἶναι,
2354 3537 2454 3605 τὴν
2481 3537 2588 3589 τῶν
2622 3536 2836 3605 φύσεων
2865 3540 3065 3602 εἰδότες
3087 3541 3263 3608 διαφο-

1680 3625 1794 3696 ρὰν,
1850 3626 1946 3678 καὶ
1991 3626 2331 3695 ἀσυγχύτους
2373 3625 2631 3696 ἀλλήλαις
2674 3627 2970 3698 τηροῦντες
2999 3629 3190 3693 αὐτάς.

1747 3717 1923 3772 Ὅταν
1971 3714 2065 3769 οὖν
2103 3715 2237 3790 λέγῃ
2266 3717 2323 3769 τὸ
2356 3718 2595 3788 Γρὰμμα
2628 3720 2692 3772 τὸ
2727 3719 2895 3791 ἱερὸν,
2934 3723 3016 3774 ὅτι
3047 3724 3107 3775 ὲν
3134 3724 3267 3792 Χριο

1679 3809 1786 3880 στῷ
1831 3830 1849 3859 ι
1890 3808 2178 3879 κατῴκησε
2203 3812 2312 3864 πᾶν
2338 3810 2400 3863 τὸ
2439 3812 2713 3883 πλήρωμα
2744 3814 2841 3885 τῆς
2879 3813 3131 3885 θεότητος
3164 3833 3266 3867 σω-

1682 3901 1952 3971 ματικῶς,
1975 3922 1993 3951 ι
2024 3902 2086 3954 οὺ
2117 3902 2203 3955 διὰ
2225 3903 2382 3957 τοῦτὸ
2411 3921 2614 3973 φαμεν,
2649 3905 2723 3969 ὡς
2760 3909 2817 3958 έν
2847 3906 3019 3978 ἑτέρῳ
3043 3906 3266 3977 Χριστῷ

1677 3991 1752 4064 τῷ
1805 3991 2104 4063 ἀνθρώπῳ,
2167 3994 2483 4063 καταμόνας
2538 3998 2868 4065 κατοικῆσαι
2929 3996 3021 4048 τὸν
3070 3996 3263 4063 Λόγον·

1679 4083 1802 4138 οὔτε
1881 4084 1987 4155 μὴν
2037 4084 2374 4147 διασπῶντες
2434 4084 2680 4154 ἀλλήλων
2731 4086 2799 4137 τὰ
2858 4087 3116 4156 ἡνωμένα
3173 4086 3267 4139 δύο

1678 4175 1913 4245 νοοῦμεν
1954 4174 2136 4237 υἱούς·
2190 4176 2368 4227 ἐκεῖνο
2401 4174 2458 4227 δὲ
2495 4174 2715 4244 μᾶλλον,
2761 4176 2843 4228 ὅτι
2874 4177 3109 4246 Χριστὸν
3153 4179 3268 4229 ὀνο-

1684 4264 1849 4334 μάζει
1890 4265 1954 4317 τὸ
1994 4265 2232 4335 Γράμμα
2266 4266 2327 4317 τὸ
2367 4266 2530 4337 ἱερὸν,
2583 4268 2677 4319 καὶ
2708 4266 2782 4330 ὡς
2828 4269 2891 4319 ὲκ
2920 4268 3115 4337 μέρους
3155 4268 3267 4321 ἔσθ’

1679 4357 1791 4425 ὅτε,
1828 4357 1927 4428 τὴν
1953 4357 2353 4427 ἀνθρωπότητα
2377 4358 2470 4412 τοῦ
2503 4358 2637 4411 Θεοῦ
2678 4360 2855 4428 Λόγου
2884 4361 3020 4412 ἰδίαν
3047 4359 3187 4431 ἔχων
3213 4363 3269 4413 ὲν

1680 4445 1838 4511 τάξει
1880 4444 2174 4515 πεποίηται
2226 4446 2375 4500 ναοῦ.
2409 4448 2723 4518 Γέγραπται
2771 4448 2827 4502 δέ
2863 4467 2966 4502 που
3005 4452 3099 4503 καὶ
3143 4452 3269 4523 περὶ

1681 4535 1789 4589 τῶν
1843 4535 2198 4606 ἀνθρωπίνων
2258 4537 2447 4609 ψυχῶν
2476 4556 2489 4570 ο
2527 4542 2711 4604 (Τοὺς
2768 4542 2824 4593 δὲ
2878 4541 3267 4606 κατοικοῦντας
3303 4549 3430 4619 Det
3476 4538 3542 4592 de
3595 4539 3882 4591 animabus
3935 4536 4184 4600 humanis
4230 4553 4243 4590 :

1681 4626 1867 4689 οἰκίας
1896 4625 2145 4697 πηλίνας,
2176 4626 2236 4693 ἐξ
2260 4623 2334 4682 ὧν
2376 4630 2471 4682 καὶ
2499 4631 2653 4683 αὐτοὶ¹
2682 4632 2748 4684 ἐκ
2785 4631 2880 4685 τοῦ
2906 4633 3072 4686 αὐτοῦ
3098 4634 3270 4704 πηλοῦ

1685 4717 1880 4790 ἐσμεν.
1914 4737 1933 4768 ι
1967 4713 2097 4788 ’Ἆρ’
2123 4712 2217 4771 οὖν
2249 4719 2761 4790 ἐπειδήπεροοίκίας
2812 4722 3042 4790 πηλίνας
3070 4725 3139 4778 τά
3168 4725 3274 4779 τῶν

1684 4807 1991 4880 ἀνθρώπων
2029 4808 2286 4880 ὀνομάζει
2313 4809 2562 4880 σώματα,
2588 4810 2991 4868 διαϐεϐαιοῦται
3016 4814 3073 4867 δὲ
3098 4832 3274 4870 κατοι-

1688 4903 1809 4954 κεῖν
1836 4905 1900 4957 ὲν
1941 4900 2136 4964 αὐταῖς
2176 4902 2277 4965 τὰς
2324 4898 2524 4973 ψυχὰς,
2581 4903 2661 4965 εἰς
2708 4903 2803 4957 δύο
2851 4908 3272 4979 κατατεμοῦμεν

1686 4987 2008 5061 ἀνθρώπους
2057 4991 2149 5045 τὸν
2196 4991 2333 5060 Eva;
2398 4992 2592 5046 Καίτοι
2650 4994 2768 5057 πῶς
2825 4997 2926 5049 οὐκ
2969 4998 3274 5071 ἀμώμητον

1687 5082 1991 5148 παντελῶς,
2024 5084 2086 5138 τὸ
2111 5085 2200 5139 καὶ
2234 5086 2292 5138 ἐν
2321 5083 2595 5156 ἀνθρώπῳ
2625 5085 2876 5156 λέγεσθαι
2903 5095 3180 5146 κατοικεῖν
3209 5094 3270 5147 τὸ

1695 5180 1918 5251 πνεῦμα
1957 5182 2157 5250 αὐτοῦς
2191 5184 2357 5238 Ὥστε
2407 5183 2512 5237 κᾶν
2553 5185 2602 5235 εί
2649 5173 2709 5237 τὸ
2746 5185 2841 5240 τοῦ
2882 5186 3041 5256 λόγου
3084 5190 3271 5261 σχῆμα

1692 5272 1781 5327 διὰ
1834 5272 2090 5327 τοιούτων
2131 5274 2350 5346 ἔρχεται
2406 5274 2662 5347 τρόπων,
2722 5277 2820 5348 οὐχ
2868 5280 3071 5351 ἑτέρως
3125 5281 3268 5353 ἔχειν

1691 5361 2010 5439 δυνάμενον,
2075 5364 2135 5417 οὐ
2194 5365 2293 5428 τὰς
2360 5365 2470 5419 τῶν
2544 5365 2887 5437 πραγμάτων
2961 5368 3267 5425 ἀδικεῖσθαι

1694 5454 1885 5524 φύσεις
1912 5457 2002 5511 διὰ
2041 5453 2202 5508 τοῦτο
2235 5454 2457 5524 πρέπει,
2492 5456 2691 5509 ἐννοεῖν
2730 5454 2787 5508 δὲ
2834 5455 3035 5526 μᾶλλον
3075 5458 3266 5526 αὐτὰς,

1695 5547 1789 5600 tui
1816 5544 2052 5603 κατευθὺ
2080 5543 2181 5615 τῆς
2203 5543 2463 5616 ἀληθείας
2492 5545 2834 5600 διασπεύδειν
2858 5547 3193 5616 ἐπείγεσθαι.

1770 5683 1816 5715 ⁴¹
1867 5683 2078 5738 Coloss.
2107 5696 2169 5746 tt,
2196 5681 2251 5735 9.
2327 5679 2374 5710 “
2400 5678 2503 5736 Job
2526 5695 2601 5743 tv,
2626 5680 2717 5735 l9.

3363 1971 3528 2036 Deus,
3570 1980 3624 2023 et
3666 1971 3864 2040 imago,
3893 1980 3947 2024 et
3974 1968 4178 2028 lumen,
4200 1977 4256 2022 et
4283 1967 4452 2035 ﬁgura
4487 1963 4807 2019 substantiae
4846 1960 4950 2013 Pa-

3367 2063 3484 2128 tris,
3514 2072 3569 2116 et
3603 2063 3739 2126 rita,
3772 2071 3824 2116 ct
3854 2060 4048 2131 gloria,
4076 2069 4131 2115 et
4169 2056 4445 2128 splendor,
4485 2065 4539 2110 et
4569 2054 4856 2124 sapientia,
4892 2060 4950 2107 et

3363 2154 3558 2217 virtus,
3583 2162 3639 2208 et
3667 2153 3972 2216 brachium,
3999 2162 4053 2206 et
4083 2152 4293 2216 dextra,
4325 2160 4375 2203 et
4405 2148 4733 2213 Altissimus,
4757 2157 4812 2201 ct
4833 2162 4949 2200 ma-

3363 2243 3692 2314 gniﬁcentia,
3729 2253 3783 2298 et
3811 2243 4069 2298 Dominus
4092 2240 4353 2305 Sabaoth,
4384 2250 4438 2294 et
4463 2240 4587 2293 aliis
4623 2238 4824 2291 talibus
4853 2252 4947 2292 uo-

3365 2337 3622 2401 minibus,
3652 2352 3770 2406 qum
3810 2349 3939 2389 vere
3976 2334 4309 2390 conveniunt
4347 2333 4555 2386 deitati.
4590 2330 4720 2385 Post
4768 2334 4951 2385 incar—

3364 2428 3640 2484 nationem
3684 2443 3814 2483 vero
3854 2429 4037 2490 homo,
4083 2425 4356 2492 Christus,
4392 2424 4570 2489 Jesus,
4626 2423 4949 2493 pronitiato-

3366 2521 3526 2585 rium,
3570 2521 3855 2583 mediator,
3914 2520 4166 2589 primitiaa
4223 2518 4628 2578 dormientimn,
4678 2517 4951 2585 primoge-

3364 2613 3511 2668 nitus
3556 2628 3586 2666 a
3634 2613 3890 2674 mortuis.
3933 2612 4201 2667 secundus
4252 2610 4421 2663 Adam
4447 2649 4462 2672 ,
4503 2617 4664 2678 caput
4705 2608 4951 2675 corporis

3366 2705 3641 2784 Ecclesiae,
3659 2721 3780 2761 cum
3807 2720 3929 2760 eum
3955 2704 4119 2759 etiam
4152 2703 4367 2757 nomina
4402 2701 4579 2771 prisca
4604 2709 4903 2769 sequantur
4934 2716 4948 2751 :

3365 2797 3545 2853 omnia
3580 2799 3724 2851 cnim
3760 2797 3929 2867 ipsius
3958 2797 4175 2864 propria
4229 2803 4381 2858 sunt,
4411 2804 4461 2849 et
4492 2794 4695 2864 priora,
4747 2802 4802 2847 et
4830 2806 4953 2862 qua:

3367 2891 3675 2946 novissimis
3709 2890 3850 2944 facta
3880 2889 4234 2960 temporibus.

3437 3068 3586 3123 Unus
3616 3069 3775 3138 igitur
3801 3077 3903 3132 est,
3943 3074 3997 3123 et
4021 3066 4113 3136 qui
4166 3075 4291 3120 ante
4333 3063 4759 3118 incarnationem
4812 3062 4954 3114 Deus

3366 3170 3485 3216 erat
3507 3175 3688 3223 uerus,
3719 3160 3877 3228 etqui
3909 3159 3964 3212 in
3994 3158 4330 3211 humanitate
4356 3154 4623 3209 mansitid
4640 3153 4782 3223 (ιιιοά
4810 3162 4952 3217 erat,

3324 3260 3333 3281 ί
3363 3261 3539 3315 etest,
3559 3260 3615 3305 ct
3638 3249 3761 3305 erit.
3792 3249 3906 3305 Non
3934 3249 4321 3304 discernendus
4348 3247 4510 3318 igitur
4536 3261 4675 3300 unus
4699 3244 4956 3298 Dominus

3363 3342 3520 3398 Jesus
3548 3343 3813 3409 Christus,
3849 3343 3899 3396 in
3930 3342 4201 3396 hominem
4234 3355 4511 3402 seorsum,
4538 3347 4595 3392 et
4627 3352 4870 3391 seorsum
4898 3336 4953 3390 iu

3365 3436 3534 3490 Deum
3562 3452 3578 3502 ;
3609 3434 3702 3490 sed
3732 3450 3895 3495 unum
3937 3434 4293 3501 eumdemque
4317 3430 4499 3485 Jesum
4531 3430 4812 3484 Christum
4833 3442 4954 3482 esse

3367 3529 3629 3593 dicimus,
3672 3542 3777 3581 non
3836 3528 4149 3596 ignorantes
4195 3524 4555 3579 ditior-entiam
4614 3530 4954 3583 naturarum,

3366 3621 3538 3692 788
3565 3621 3658 3676 sed
3688 3637 3781 3675 eas
3820 3619 4132 3673 inconfusus
4163 3618 4304 3673 inter
4336 3632 4459 3671 sese
4484 3626 4783 3671 servantes.

3443 3712 3668 3780 Quoties
3698 3712 3864 3779 igitur
3894 3710 4094 3766 Littera
4128 3724 4284 3765 sacra
4311 3717 4703 3763 commemorat
4729 3706 4872 3775 quod
4902 3704 4953 3761 in

3367 3805 3593 3861 Christo
3642 3824 3661 3855 ι
3712 3804 4035 3858 iuhabitavit
4085 3803 4261 3856 omnis
4317 3800 4592 3868 plenitudo
4657 3798 4958 3853 divinitatis

3369 3898 3728 3969 corporaliter
3758 3897 3801 3926 “
3834 3913 3849 3960 ;
3890 3915 3910 3947 ι
3945 3910 4050 3948 non
4083 3894 4204 3948 ideo
4231 3893 4460 3948 dicimus
4484 3901 4738 3959 tanquam
4769 3890 4822 3942 in
4848 3890 4954 3942 alio

3370 3990 3607 4053 Christo,
3643 3989 3695 4041 in
3723 3987 3940 4040 homine
3973 4001 4218 4040 seorsum
4249 3984 4587 4038 inhabitasse
4613 3983 4780 4036 Deum
4814 3981 4950 4036 Ver-

3369 4079 3496 4133 bum
3527 4094 3543 4142 ;
3574 4091 3672 4130 nec
3702 4090 3866 4144 porro
3897 4074 4196 4128 dividentes
4224 4089 4287 4128 ea
4319 4088 4438 4142 qua:
4469 4073 4615 4126 unita
4643 4080 4791 4132 sunt,
4818 4071 4951 4123 duos

3371 4168 3721 4238 intelligimus
3761 4166 3928 4231 ﬁlios;
3977 4165 4102 4219 illud
4129 4173 4311 4218 autem
4351 4165 4553 4231 magis,
4590 4164 4732 4233 quod
4791 4160 4945 4218 Chri-

3370 4274 3512 4316 stum
3547 4261 3790 4315 nominat
3822 4258 4023 4312 Littera
4050 4273 4206 4313 sacra
4238 4272 4304 4310 ex
4344 4266 4498 4327 parte
4546 4272 4956 4326 nonnunquam,

3371 4353 3587 4420 etquod
3645 4352 4033 4406 humanitatem
4071 4349 4162 4405 Dei
4197 4350 4452 4415 Verbum,
4490 4364 4649 4419 quam
4682 4351 4954 4421 propriam

3375 4446 3530 4500 habel
3552 4485 3566 4509 ,
3597 4446 3648 4498 in
3681 4444 3853 4497 locum
3902 4445 4082 4514 posuit
4107 4442 4310 4512 templi.
4360 4443 4634 4511 Scriptum
4664 4452 4747 4496 est
4776 4451 4954 4495 autcm

4288 4553 4306 4587 ι
4350 4535 4721 4590 inhabitantes
4778 4547 4955 4588 autem

3371 4633 3560 4683 dmitos
3586 4629 3779 4695 luteas,
3815 4631 3882 4685 de
3907 4630 4102 4698 quibus
4137 4637 4186 4682 et
4222 4643 4319 4684 nos
4366 4643 4433 4682 ex
4465 4629 4653 4682 eodem
4704 4628 4816 4681 luto
4865 4643 4961 4681 su-

3375 4736 3494 4776 mus
3522 4721 3586 4772 “.
3642 4741 3662 4775 ι
3696 4722 3946 4791 Ergone,
3978 4722 4234 4790 quoniam
4269 4720 4441 4773 luteas
4480 4720 4671 4773 domos
4718 4721 4956 4774 humana

3374 4829 3601 4885 corpora
3629 4816 3894 4880 nominat,
3920 4824 3975 4869 et
3998 4812 4232 4867 alﬁrmat
4257 4812 4308 4866 in
4340 4810 4424 4866 bis
4450 4813 4660 4866 animas
4687 4812 4959 4877 habitare,

3380 4908 3432 4962 in
3460 4910 3596 4963 duos
3623 4907 3870 4962 homines
3888 4921 4050 4961 unum
4080 4904 4352 4959 hominem
4394 4903 4693 4958 dividemus
4717 4902 4741 4956 ?
4796 4904 4957 4971 Αιιιιιι

3383 5012 3487 5051 non
3542 4996 3855 5070 irrationale
3883 4995 4104 5051 omnino
4137 4995 4238 5061 sit,
4280 5005 4340 5048 ut
4386 4994 4440 5048 in
4476 4993 4693 5048 homine
4739 4994 4963 5063 spiritus

3378 5105 3512 5145 suus
3553 5091 3860 5145 inhabitare
3898 5089 4127 5144 dicatur.
4172 5088 4341 5157 Ergo,
4376 5086 4479 5143 etsi
4508 5103 4606 5157 per
4654 5085 4960 5156 hujusmodi

3380 5183 3569 5237 modos
3598 5182 3863 5238 orationis
3908 5181 4081 5252 ﬁgura
4144 5182 4423 5250 procedat,
4467 5194 4588 5234 cum
4639 5177 4796 5231 aliter
4846 5176 4960 5229 ﬁeri

3379 5292 3484 5331 non
3520 5275 3713 5348 possit,
3739 5291 3844 5331 nou
3875 5285 4052 5328 tamen
4081 5274 4201 5330 ideo
4235 5287 4414 5329 rerum
4436 5271 4710 5339 corrumpi
4739 5278 4961 5323 naturas

3375 5376 3644 5438 Oporteat,
3687 5369 3782 5425 sed
3818 5367 3993 5438 magis
4021 5381 4114 5423 eas
4155 5374 4304 5422 recto
4339 5363 4581 5421 veritatis
4612 5370 4799 5418 tenore
4841 5377 4960 5415 ser-

3374 5477 3515 5518 νειιί.

1770 5819 1848 5891 (1)
1876 5819 2111 5890 lntellige
2139 5832 2387 5889 magnam
2419 5817 2562 5872 illam
2593 5829 2647 5874 et
2665 5821 3047 5891 οἰκουμινικὴν
3079 5817 3340 5891 synodum
3376 5817 3671 5875 Nictenam.

2056 5915 2323 5977 PATROL.
2364 5917 2479 5978 GR.
2513 5913 2743 5975 LXXV.

4446 5914 4520 5976 44
