6812 6604
1851 373 1986 431 i387

1848 588 1993 643 inter
2008 602 2068 642 se
2086 585 2272 641 sortita
2298 593 2566 651 naturam,
2586 584 2811 639 collecta
2831 585 2883 637 in
2909 583 3291 638 adunatiunem
3337 595 3431 650 per

1846 678 2288 748 compositionem
2307 677 2556 731 videntur
2583 693 2597 730 :
2623 674 2814 730 deinde
2830 674 3148 729 alterutrum
3176 688 3240 728 ex
3269 671 3356 727 bis
3378 672 3431 726 in

1848 771 2112 825 alterutro
2139 769 2386 823 habitare
2416 768 2634 831 dicitur,
2669 780 2774 822 non
2816 766 3161 820 dividendum
3208 764 3261 819 in
3303 765 3429 828 duo,

1850 861 2191 919 adunationis
2237 859 2594 915 conventione
2637 858 2859 912 minime
2889 857 3268 922 violata,licet
3319 859 3432 911 suis

1853 951 2158 1008 nominibus
2197 965 2294 1020 per
2343 964 2465 1005 sese
2505 964 2571 1004 ea
2630 964 2751 1018 qua)
2800 948 3032 1003 adunata
3081 958 3208 1003 sunt
3257 948 3433 1001 nomi-

1850 1052 2046 1096 nentur
2072 1054 2101 1094 a
2136 1038 2310 1094 nobis.
2344 1038 2551 1093 Dicitur
2584 1053 2837 1108 namque,
2875 1046 2933 1091 ut
2970 1047 3098 1091 ante
3125 1037 3257 1101 dixi,
3294 1046 3348 1091 et
3377 1037 3429 1090 in

1850 1133 2071 1188 homine
2118 1131 2363 1186 habitare
2420 1130 2647 1200 spiritus
2689 1144 2858 1196 suus,
2889 1143 2988 1184 nec
3049 1138 3224 1183 tamen
3273 1128 3432 1183 homo

1849 1223 2070 1287 dicitur,
2091 1233 2145 1276 et
2170 1234 2411 1275 seorsum
2438 1220 2664 1289 spiritus
2684 1233 2833 1284 suus,
2871 1232 3113 1273 seorsum
3136 1227 3190 1272 et
3215 1232 3428 1286 corpus.

1848 1313 1916 1368 Et
1940 1314 2042 1368 tale
2067 1313 2195 1385 quid
2230 1314 2383 1367 nobis
2410 1311 2627 1365 divinus
2670 1310 2863 1365 Paulus
2894 1309 3113 1379 obliqua
3155 1307 3428 1378 signiﬁca-

1849 1407 1994 1459 tione
2044 1404 2061 1477 [
2104 1405 2155 1458 id
2180 1412 2263 1458 est
2308 1403 2540 1457 obscure
2578 1411 2633 1456 et
2663 1401 2819 1470 quasi
2847 1400 3186 1468 amigmatice
3218 1397 3231 1470 ι
3279 1412 3424 1453 com-

1849 1505 2145 1560 memorat,
2171 1496 2356 1549 dicens
2392 1513 2404 1548 :
2440 1510 2461 1544 ι
2495 1493 2630 1546 Nam
2658 1492 2760 1547 etsi
2800 1492 3036 1547 exterior
3065 1502 3250 1546 noster
3273 1493 3443 1567 homo

1848 1587 2272 1657 corrumpitur;
2322 1586 2415 1640 sed
2471 1584 2700 1638 interior
2768 1591 3058 1637 renovatur
3116 1582 3183 1635 de
3235 1579 3320 1634 die
3378 1580 3429 1632 in

1851 1681 1991 1735 diem
2023 1680 2087 1733 ⁵³.
2122 1698 2141 1732 ι
2173 1678 2228 1733 Si
2256 1680 2379 1748 quis
2405 1675 2565 1748 igitur
2591 1675 2788 1729 dixerit
2844 1673 3158 1728 interiorem
3188 1680 3427 1725 nostrum

1851 1772 2123 1826 hominem
2144 1770 2195 1824 in
2217 1769 2485 1825 exteriore
2505 1767 2723 1822 homine
2747 1765 3072 1828 inhabitare,
3102 1778 3287 1818 verum
3310 1763 3429 1832 qui-

2871 370 2930 426 S.
2973 367 3249 427 CYRILLI
3288 367 3757 427 ALEXANDRINI
3799 370 4119 427 ARCHIEP.

1832 492 1843 499 ’
1919 492 2143 560 Quoties
2201 493 2363 564 igitur
2415 492 2716 563 quispiam,
2765 505 2884 561 qua:
2936 490 3254 569 dissimilem
3312 498 3438 544 sunt
3467 496 3510 550 Α

4980 376 5004 429 1
5015 376 5121 433 583

3610 491 3778 545 Ὅταν
3799 492 3980 546 τοίνυν
4006 492 4128 547 τινὰ
4160 492 4268 546 τῶν
4302 492 4552 565 ἀλλήλοις
4579 494 4680 564 οὐχ
4708 494 4904 565 ὁμοίαν
4932 494 5125 567 λαχόν-

3535 598 3643 635 των
3691 583 3791 653 τὴν
3841 583 4004 652 φύσιν
4044 583 4218 655 ὁρῷτο
4265 584 4654 656 συνειλεγμένα
4693 586 4835 658 πρὸς
4891 588 5123 660 ἑνότητα

3538 672 3682 725 κατὰ
3730 674 4020 728 σύνθεσιν·
4100 672 4219 729 εἶτα
4272 675 4333 730 τὸ
4376 676 4435 731 δέ
4484 694 4535 730 τι
4592 678 4759 748 τυχὸν
4817 681 4878 734 ὲν
4930 683 5128 754 ἐκείνῳ

3537 758 3749 828 λέγοιτο
3796 766 4095 827 κατοικεῖν,
4145 765 4207 817 οὑ
4268 764 4569 836 διοριστέον
4608 769 4689 830 εἰς
4730 767 4855 833 δύο,
4892 769 4995 838 τῆς
5045 771 5127 834 είς

3540 853 3769 924 ἑνότητα
3801 854 4108 925 συνδρομῆς
4135 854 4257 908 κατ’
4281 856 4472 909 οὐδένα
4499 857 4701 927 τρόπον
4738 858 5126 933 ἀδικουμένης,

3535 944 3638 997 κᾶν
3675 947 3723 999 εί
3765 945 3872 999 τῶν
3923 946 4219 1017 ἡνωμένων
4258 947 4522 1019 ἑκάτερον
4570 947 4753 1013 ίδικῶς
4805 950 5129 1022 ὀνομάζοιτο

3534 1034 3670 1105 πρὸς
3701 1036 3883 1107 ἡμῶν,
3909 1036 4058 1092 τοῦθ’
4100 1038 4237 1110 ὅπερ
4287 1039 4352 1094 ἂν
4397 1036 4508 1093 εἷεν
4544 1040 4857 1112 ἀμφότερα.
4885 1043 5123 1112 Λέγεται

3532 1127 3662 1197 γὰρ,
3704 1127 3779 1191 ὡς
3807 1127 3963 1199 ἔφην,
4003 1131 4095 1183 καὶ
4120 1132 4179 1183 ὲν
4205 1131 4481 1202 ἀνθρώπῳ
4510 1130 4789 1191 κατοικεῖν
4817 1135 4879 1188 τὸ
4905 1134 5124 1208 πνεῦμα

3533 1218 3738 1271 αὐτοῦ’
3800 1219 3941 1291 πλὴν
3983 1220 4272 1294 ἄνθρωπος
4340 1223 4582 1293 λέγεται,
4650 1228 4746 1280 καὶ
4821 1227 5004 1292 ίδικῶς
5065 1230 5128 1283 τὸ

3536 1308 3779 1376 πνεῦμα,
3808 1311 3903 1363 καὶ
3940 1311 4046 1382 μὴν
4076 1312 4171 1366 καὶ¹
4198 1312 4259 1366 τὸ
4288 1313 4468 1384 σῶμα.
4504 1315 4700 1370 Καίτοι
4726 1316 4967 1372 τοιοῦτον
4991 1321 5126 1390 ἡμῖν

3533 1399 3907 1454 ὑπαινίττεται
3928 1403 3956 1454 6
3989 1403 4301 1472 σοφώτατος
4331 1405 4545 1472 Παῦλος
4584 1408 4779 1477 λέγων·
4828 1428 4847 1462 ι
4872 1411 4934 1464 Εἰ
4960 1410 5072 1481 γὰρ
5091 1414 5122 1466 6

3535 1490 3640 1557 ἔξω
3663 1491 3819 1561 ἡμῶν
3842 1492 4127 1565 ἅνθρωπος
4153 1495 4548 1566 διαφθείρεται,
4573 1499 4689 1553 ἀλλ’
4716 1502 4745 1554 ὁ
4770 1502 4881 1556 ἔσω
4898 1501 5125 1558 ἀνακαι-

3530 1582 3717 1637 νοῦται
3734 1584 3917 1656 ἡμέρᾳ
3955 1586 4048 1639 καὶ
4069 1587 4270 1661 ἡμέρᾳ.
4289 1607 4306 1640 ι
4326 1588 4495 1644 Ὅταν
4508 1586 4601 1645 οῦν
4615 1608 4701 1656 τις
4717 1590 4865 1661 λέγοι
4888 1592 4979 1647 τὸν
5015 1595 5127 1651 ἔσω

3529 1672 3687 1743 ἡμῶν
3713 1672 3997 1745 ἄνθρωπον
4035 1679 4093 1729 ὲν
4126 1677 4202 1749 τῷ
4238 1679 4343 1744 ἔξω
4374 1681 4646 1753 ἀνθρώπῳ
4662 1687 4961 1750 κατοικεῖν,
4983 1685 5123 1759 ἀληι

3532 1762 3677 1816 ίἄειὸει
3710 1764 3827 1834 μὲν,
3863 1766 3944 1829 είς
3966 1765 4059 1820 δύο
4073 1783 4138 1836 γε
4174 1767 4281 1839 μὴν
4308 1769 4403 1824 τὸν
4425 1770 4521 1825 ἕνα
4542 1770 4725 1843 τεμὼν
4757 1773 4856 1844 οὐχ
4882 1774 5079 1845 ὁρᾶται
5102 1791 5118 1806 ·

1848 1863 1968 1918 dem
2002 1860 2354 1926 memoravit,
2394 1859 2448 1914 in
2481 1859 2590 1914 duo
2626 1870 2804 1913 tamen
2845 1872 3009 1910 unum
3040 1854 3279 1911 dividere
3328 1870 3433 1909 non
3467 1854 3507 1908 Β
3536 1857 3670 1925 φησὶ
3701 1856 3758 1909 δέ
3799 1874 3903 1909 που
3944 1859 4038 1911 καὶ
4065 1860 4402 1933 ὁπροφήτης
4442 1862 4538 1916 Ἠσ

2436 1876 2448 1913 t
2481 1859 2590 1914 duo
2626 1870 2804 1913 tamen
2845 1872 3009 1910 unum
3040 1854 3279 1911 dividere
3328 1870 3433 1909 non
3467 1854 3507 1908 Β
3536 1857 3670 1925 φησὶ
3701 1856 3758 1909 δέ
3799 1874 3903 1909 που
3944 1859 4038 1911 καὶ
4065 1860 4402 1933 ὁπροφήτης
4442 1862 4705 1928 Ἠσαῒας·
4744 1883 4763 1915 ι
4786 1865 4881 1919 Ἐκ
4927 1865 5126 1930 νυκτὸς

1850 1955 2134 2009 videbitur.
2185 1953 2273 2007 Ait
2308 1962 2486 2006 autem
2510 1950 2705 2005 alicubi
2729 1950 2893 2004 etiam
2930 1948 3190 2019 propheta
3222 1948 3427 2002 Isaias:

1854 2067 1871 2097 ι
1904 2046 1977 2100 De
2001 2055 2158 2100 not-te
2186 2044 2375 2115 vigilat
2398 2043 2619 2114 spiritus
2651 2056 2801 2096 mens
2826 2042 2893 2095 ad
2923 2050 3005 2106 te,
3044 2040 3268 2097 Domine
3296 2040 3363 2095 “.
3406 2061 3424 2091 ι

1852 2138 2117 2195 Utrumne
2166 2147 2424 2207 tanquam
2469 2136 2606 2190 alius
2648 2142 2840 2203 praeter
2879 2134 3050 2202 ipsum
3095 2132 3317 2203 spiritus
3347 2133 3430 2201 ip.

1851 2233 1962 2286 sius
1989 2233 2054 2285 ad
2100 2235 2263 2285 Deum
2294 2230 2494 2284 dicitur
2524 2228 2757 2297 vigilarc
2787 2226 2810 2278 ’ἶ
2846 2225 3038 2280 Nonne
3070 2224 3122 2279 id
3152 2225 3427 2294 ineptissi-

1849 2339 1997 2378 mum
2027 2320 2315 2378 videatur?
2367 2321 2507 2389 Ergo
2540 2319 2682 2373 seire
2706 2319 2924 2389 quidem
2948 2331 3172 2372 necesse
3196 2325 3280 2371 est
3302 2331 3429 2370 ora-
3458 2322 3469 2345 ι

1849 2417 2013 2473 tionis
2071 2416 2303 2487 ﬁguras,
2340 2431 2445 2469 non
2495 2425 2672 2467 tatnen
2713 2413 2782 2466 ab
2841 2411 3113 2466 intellectu
3153 2410 3430 2465 discedere

1847 2509 2212 2578 competenti,
2244 2507 2337 2561 sed
2368 2504 2573 2560 referre
2608 2504 2777 2574 magis
2805 2502 3199 2557 sententiarum
3226 2500 3333 2554 vim
3363 2501 3429 2553 ad

1846 2615 2068 2656 sensum
2104 2600 2197 2669 qui
2232 2598 2521 2667 unicuique
2563 2598 2637 2651 rei
2665 2596 2973 2651 conveniat.

1910 2691 2078 2763 789
2097 2690 2163 2744 Et
2183 2691 2227 2745 si
2257 2691 2465 2743 dicatur
2491 2708 2509 2739 ι
2541 2690 2803 2756 prolicere
2831 2684 2989 2741 Jesus
3010 2693 3193 2750 aetate,
3225 2683 3430 2754 sapien-

1850 2783 1926 2838 tia
1967 2794 2022 2837 et
2049 2782 2219 2853 gratia
2253 2780 2322 2844 ",
2364 2798 2382 2832 ι
2416 2778 2834 2847 dispensationis
2877 2776 2993 2830 haec
3022 2790 3109 2829 res
3153 2782 3252 2828 est.
3291 2773 3430 2828 Deus

1847 2875 2047 2931 etenim
2100 2873 2331 2933 Verbum
2392 2871 2784 2927 humanitatem
2832 2883 2983 2923 more
3033 2881 3133 2922 suo
3166 2865 3431 2935 proiicere

1849 2966 2213 3038 permittebat,
2254 2975 2306 3021 et
2329 2964 2480 3034 quasi
2522 2962 2780 3033 paulatim
2825 2959 3125 3016 divinitatis
3153 2971 3267 3012 sate
3313 2956 3428 3027 glo-

1848 3059 1982 3112 riam
2045 3057 2260 3112 volebat
2323 3056 2639 3118 declarare,
2677 3063 2732 3107 et
2788 3067 2913 3107 cum
2967 3052 3208 3121 corporis
3268 3058 3429 3105 aetate

1846 3152 2008 3206 etiam
2067 3164 2160 3204 sua
2204 3150 2531 3211 extendere,
2578 3160 2648 3200 ne
2706 3145 2833 3215 quid
2889 3159 3086 3199 novum
3132 3142 3424 3208 videretur,

3532 1947 3775 2018 ὀρθρίζει
3801 1949 3861 2001 τὸ
3880 1950 4101 2020 πνεῦμά
4129 1969 4230 2022 μου
4254 1948 4389 2025 πρὸς
4415 1955 4707 2021 σὲ,ὁΘεός.
4731 1976 4750 2009 ι
4768 1952 4895 2029 'Ap’
4930 1953 5024 2013 οὖν
5046 1958 5123 2024 ὡς

3533 2039 3717 2109 ἕτερον
3750 2042 3880 2111 παρ’
3908 2042 4069 2096 αὐτὸν
4090 2044 4151 2097 τὸ
4178 2043 4393 2116 πνεῦμηα
4423 2047 4589 2102 αὑτοῦ
4618 2050 4754 2121 πρὸς
4788 2050 4921 2105 Θεὸν
4939 2051 5120 2125 ὀρθρί-

3533 2132 3646 2197 ζειν
3695 2133 3947 2201 λέγεται;
4004 2135 4198 2190 Καίτοι
4255 2138 4373 2202 πῶς
4424 2140 4525 2193 οὐκ
4568 2142 4769 2197 ἄτοπον
4827 2142 4890 2196 τὸ
4951 2144 5123 2213 φάναι

3529 2223 3774 2278 τοιοῦτόν
3807 2242 3892 2291 τις
3943 2225 4152 2281 Οὐκοῦν
4191 2230 4390 2284 εἰδέναι
4428 2231 4530 2302 μὲν
4569 2233 4869 2301 ἀναγκαῖον
4899 2232 4969 2288 τὰ
5008 2214 5125 2290 τῶν

3531 2318 3703 2387 λόγων
3744 2320 4031 2390 σχήματα,
4079 2320 4139 2372 οὐ
4199 2322 4308 2392 μὴν
4344 2323 4438 2377 καὶ
4494 2323 4808 2389 ἐξίστασθαι
4848 2325 4944 2380 τοῦ
4980 2327 5127 2381 είκό-

3530 2427 3644 2475 τος,
3690 2412 3979 2483 περιάγειν
4017 2410 4074 2465 δὲ
4124 2411 4323 2482 μᾶλλον
4370 2413 4479 2468 τῶν
4530 2416 4947 2487 σημαινομένων
5021 2417 5125 2487 τὴν

3528 2499 3760 2571 δύναμιν
3788 2502 3883 2554 ἐπὶ
3909 2502 4001 2556 τὸν
4034 2502 4250 2572 ἑκάστῳ
4275 2503 4562 2574 πράγματι
4585 2505 4865 2575 πρέποντα
4893 2506 5119 2562 σκοπόν.

3600 2680 3665 2734 Εἰ
3684 2681 3741 2735 δὲ
3761 2681 3825 2752 δὴ
3846 2682 3944 2737 καὶ
3966 2682 4180 2752 λέγοιτο
4203 2702 4221 2734 ι
4249 2685 4577 2753 προκόπτειν
4605 2689 4634 2741 ὁ
4666 2688 4878 2760 Ἰησοῦς
4908 2689 5120 2763 ἡλικίᾳ,

3532 2772 3626 2826 καὶ
3679 2771 3842 2843 σοφίᾳ
3883 2773 3980 2826 καὶ
4028 2772 4233 2844 χάριτι,
4259 2793 4278 2825 ι
4353 2776 4454 2846 τῆς
4501 2778 4816 2848 οἰκονομίας
4866 2778 5024 2834 ἔσται
5059 2782 5125 2836 τὸ

3530 2863 3741 2935 χρῆμα.
3783 2864 4090 2937 Συνεχώρει
4121 2866 4231 2938 γὰρ
4268 2868 4298 2921 6
4339 2867 4478 2922 Θεοῦ
4521 2869 4695 2937 Λόγος
4744 2870 4833 2925 διὰ
4870 2871 4981 2928 τῶν
5019 2873 5124 2945 τῆς

3533 2954 3670 3017 ιδίας
3727 2954 3947 3024 φύσεως
3987 2955 4127 3011 ἐθῶν
4172 2957 4310 3011 ἰέναι
4350 2958 4410 3012 τὸ
4454 2960 4831 3032 ἀνθρώπινον·
4876 2964 4971 3019 καὶ
5009 2958 5125 3019 οἷον

3529 3044 3672 3099 κατὰ
3711 3044 3886 3118 βραχὺ
3914 3045 4015 3117 τῆς
4045 3047 4241 3102 ἑαυτοῦ
4272 3049 4525 3121 θεότητος
4562 3052 4725 3123 ἤθελε
4764 3057 5124 3128 κπευρὺνειν

3534 3136 3597 3188 τὸ
3648 3137 3949 3207 περιφανές
3974 3154 3987 3169 ·
4045 3140 4140 3192 καὶ
4187 3142 4252 3211 τῇ
4281 3135 4374 3194 τοῦ
4437 3139 4691 3213 σώματος
4730 3145 4919 3218 ἡλικίᾳ
4979 3164 5123 3220 συμ-

1849 3242 2008 3312 idque
2058 3240 2343 3296 nonnullos
2392 3241 2557 3293 nimia
2618 3237 2853 3291 novitate
2908 3243 3255 3306 perterreret.
3290 3232 3424 3289 Cum
3461 3227 3505 3252 ν
3538 3227 3916 3298 παρεκτείνειν
3941 3231 4010 3284 τὰ
4033 3230 4225 3285 ἑαυτοῦ
4251 3246 4264 3261 ·
4293 3232 4370 3297 ὡς
4394 3231 4461 3286 ἂν
4493 3231 4539 3304 μ’

2432 3241 2557 3293 imm
2618 3237 2853 3291 νονίιειθ
2908 3243 3255 3306 penei-reret.
3290 3232 3424 3289 Cum
3461 3227 3505 3252 ν
3538 3227 3916 3298 παρεκτείνειν
3941 3231 4010 3284 τὰ
4033 3230 4225 3285 ἑαυτοῦ
4251 3246 4264 3261 ο
4293 3232 4370 3297 ὡς
4394 3231 4461 3286 ἂν
4493 3229 4568 3305 μῆ
4593 3235 4726 3290 τιτὸ
4747 3236 4902 3302 ξένον
4919 3239 5121 3312 ὁρῷτο,

1848 3331 2146 3401 praesertim
2205 3333 2284 3386 sic
2331 3345 2546 3400 quoque
2591 3331 2832 3385 dicerent
2874 3346 2889 3381 :
2933 3345 2952 3379 ι
3013 3325 3295 3394 Quomodo
3338 3324 3429 3378 hic

1849 3422 2055 3477 litteras
2106 3422 2232 3487 scit,
2270 3437 2389 3477 cum
2429 3436 2534 3475 non
2575 3421 2829 3477 didicerit
2859 3418 2956 3473 “i
2991 3437 3011 3471 ι
3047 3418 3192 3487 Ergo
3242 3430 3429 3485 corpo-

1852 3515 1958 3569 rale
1988 3523 2365 3584 augmentum,
2388 3522 2443 3568 et
2495 3511 2766 3582 profectus
2797 3513 2985 3582 gratiae
3027 3525 3091 3565 ac
3127 3508 3423 3578 sapientiae,

1845 3607 2198 3661 humanitatis
2232 3619 2501 3659 mensurae
2539 3607 2831 3671 convenit;
2861 3605 3037 3674 ipsum
3081 3616 3213 3657 vero
3257 3600 3425 3655 Deum

1851 3698 2084 3753 Verbum
2118 3712 2212 3767 per
2243 3712 2395 3752 suam
2426 3702 2672 3750 naturam
2704 3694 3155 3765 perfeCtissimum
3201 3691 3427 3747 conﬁte-

1850 3803 2006 3854 mur,
2057 3802 2161 3841 non
2206 3800 2432 3858 egenum
2487 3786 2787 3855 profectus,
2818 3801 2923 3841 non
2964 3785 3278 3855 sapientius,
3323 3798 3427 3837 non

1849 3878 2055 3949 gratim.
2086 3878 2267 3947 Ipsum
2306 3878 2450 3933 enim
2491 3888 2757 3933 creatura:
2791 3890 2847 3933 et
2884 3877 3200 3947 sapientiam
3230 3886 3284 3930 et
3304 3893 3426 3947 gra-

1852 3971 2001 4036 tiatn,
2031 3982 2086 4026 et
2120 3971 2255 4025 bona
2285 3972 2466 4026 omnia
2499 3972 2757 4041 impertit.

1921 4149 1978 4205 Si
2015 4163 2143 4203 vero
2170 4147 2325 4203 Jesus
2356 4162 2545 4219 passus
2570 4161 2689 4203 esse
2728 4148 2975 4214 dicatur,
3001 4147 3180 4217 passio
3207 4147 3425 4218 quidem

1850 4245 1953 4297 erit
1992 4242 2449 4310 dispensationis;
2478 4243 2643 4311 ipsius
2691 4252 2870 4298 tamen
2921 4244 3142 4308 dicitur,
3188 4253 3246 4297 et
3283 4252 3430 4298 recte

1851 4337 2090 4404 quidem,
2116 4336 2242 4405 quia
2295 4350 2492 4404 corpus
2533 4335 2700 4405 ipsius
2741 4336 3015 4405 proprium
3064 4350 3283 4404 passum
3323 4345 3426 4399 est,

1850 4439 1906 4483 et
1932 4438 2048 4482 erat
2073 4429 2124 4479 in
2148 4441 2374 4494 corpore
2408 4427 2643 4495 patiente
2664 4427 2797 4497 ipse,
2820 4427 2909 4497 qui
2933 4426 3045 4496 pati
3066 4442 3171 4482 non
3196 4436 3428 4495 poterat,

3534 3320 3633 3373 καὶ
3682 3319 3761 3391 τῷ
3818 3319 3937 3375 λίαν
3992 3323 4254 3392 ἀσυνήθει
4303 3327 4559 3397 ταράττοι
4612 3329 4790 3393 τινάς.
4842 3332 4974 3386 Ὅτε
5023 3333 5123 3390 καὶ

3533 3410 3704 3475 οὕτως
3734 3411 4005 3481 ἔφασκον
4045 3434 4063 3465 ι
4098 3415 4223 3479 Πῶς
4247 3411 4400 3481 οὗτος
4423 3414 4529 3471 οἶδε
4569 3420 4873 3492 γράμματα
4907 3424 4985 3496 μὴ
5020 3442 5124 3497 με-

3538 3504 3833 3575 μαθηκώς;
3869 3524 3889 3558 ι
3934 3508 4145 3564 Οὐκοῦν
4173 3511 4460 3581 σωματικὴ
4491 3512 4590 3584 μὲν
4623 3514 4656 3585 ἡ
4697 3514 4858 3587 αὔξη,
4912 3518 5008 3571 καὶ
5060 3517 5126 3572 τὺ

3536 3597 3865 3667 προκόπτειν
3898 3600 3958 3653 ὲν
3984 3600 4167 3671 χάριτι
4208 3602 4300 3655 καὶ
4343 3605 4526 3675 σοφίᾳ,
4554 3608 4758 3675 πρέποι
4783 3608 4849 3663 ἂν
4881 3612 4993 3673 τοῖς
5018 3609 5125 3682 τῆς

3533 3688 3954 3761 ἀνθρωπότητος
3999 3692 4242 3764 μέτροις.
4302 3696 4474 3749 Αὐτόν
4521 3713 4584 3765 γε
4643 3698 4752 3769 μὴν
4804 3698 4926 3752 κατ’
4985 3698 5123 3754 ίδίαν

3534 3780 3696 3849 φύσιν
3729 3781 4042 3835 παντέλειω
4068 3781 4207 3837 εἷναί
4234 3801 4414 3854 φαμεν
4450 3787 4543 3842 τὸν
4573 3791 4638 3842 lx
4666 3786 4803 3843 Θεοῦ
4829 3790 5025 3859 Λόγον,
5056 3793 5121 3845 οὐ

3536 3874 3821 3945 προκοπῆς
3839 3874 4117 3945 δεόμενον,
4134 3878 4195 3929 οὐ
4225 3878 4437 3954 σοφίας,
4465 3881 4524 3933 οὐ
4551 3884 4771 3954 χάριτος
4795 3900 4811 3915 ι
4843 3883 5122 3954 διανέμειν

3534 3963 3591 4017 δὲ
3619 3963 3822 4035 μᾶλλον
3847 3969 3913 4035 τῇ
3936 3967 4113 4020 κτίσει
4149 3952 4342 4037 σοφίαν
4375 3970 4470 4024 καὶ
4511 3952 4691 4044 χάριν,
4724 3975 4821 4028 καὶ
4849 3974 4918 4029 τὰ
4946 3952 5014 4030 δέ
5041 3968 5123 4031 ὧν

3535 4055 3649 4127 ἔχοι
3684 4056 3883 4121 καλῶς.

3605 4147 3669 4201 Et
3695 4148 3753 4201 δὲ
3780 4147 3845 4219 δὴ
3891 4148 4103 4218 λέγοιτο
4138 4152 4329 4204 παθεῖν
4370 4153 4400 4206 6
4442 4153 4667 4224 Ἰησοῦς,
4711 4155 4773 4210 τὸ
4809 4156 4911 4228 μὲν
4944 4155 5122 4221 πάθος

3536 4237 3689 4292 ἔσται
3713 4238 3816 4308 τῆς
3847 4240 4158 4310 οἰκονομίας
4177 4258 4189 4269 ·
4222 4241 4388 4296 αὑτοῦ
4433 4244 4490 4298 δὲ
4516 4244 4756 4313 λέγεται,
4786 4249 4882 4302 καὶ
4910 4249 5123 4320 σφόδρα

3535 4333 3761 4395 εἰκότως
3780 4348 3792 4361 ·
3824 4333 3907 4385 ὅτι
3940 4334 4034 4386 καὶ
4063 4334 4192 4389 ἴδιον
4214 4336 4383 4390 αὐτοῦ
4411 4337 4474 4390 τὸ
4503 4339 4790 4404 πεπονθός.
4825 4342 4939 4396 Καὶ
4959 4338 5033 4413 ἦν
5056 4343 5116 4395 ὲν

3535 4420 3613 4491 τῷ
3648 4420 3910 4491 πάσχοντι
3947 4420 4183 4493 σώματι,
4213 4423 4445 4495 πάσχειν
4476 4426 4577 4494 μὲν
4604 4427 4705 4481 οὐκ
4743 4426 4902 4492 εἰδώς
4922 4445 4936 4459 ’
4972 4430 5121 4483 ἀπα-

1853 4522 2202 4591 impassibilis
2233 4530 2318 4575 est
2341 4521 2508 4587 enim,
2538 4530 2597 4573 ut
2629 4518 2773 4575 Deus
2804 4536 2820 4572 :
2852 4529 3112 4588 quantum
3138 4528 3320 4574 tamen
3361 4521 3429 4573 ad
3463 4555 3507 4607 ι)
3539 4510 3639 4580 θὴς
3669 4511 3780 4578 γάρ
3826 4512 3975 4564 ἔστιν
4004 4512 4077 4577 ὡς
4106 4513 4237 4576 Θεός
4263 4530 4277 4543 ⁸
4316 4514 4439 4569 ὅσον
4470 4516 4527 4570 δὲ

2435 4536 2508 4587 m,
2538 4530 2597 4573 ut
2629 4518 2773 4575 Deus
2804 4536 2820 4572 :
2852 4529 3112 4588 quantum
3138 4528 3320 4574 tamen
3361 4521 3429 4573 ad
3463 4555 3507 4607 ι)
3539 4510 3639 4607 φὴς
3669 4511 3780 4578 γάρ
3826 4512 3975 4564 ἔστιν
4004 4512 4077 4577 ὡς
4106 4513 4237 4576 θεός
4263 4530 4277 4543 ⁶
4316 4514 4439 4569 ὅσον
4470 4516 4527 4570 δὲ
4555 4511 4688 4589 ἧκεν
4728 4517 4812 4581 εἷς
4833 4534 4900 4587 γε
4923 4519 4986 4573 τὺ
5010 4519 5119 4573 τῶν

1855 4617 2279 4670 coaviciatorum
2304 4613 2651 4684 petulantiam
2677 4612 2957 4683 pertinuit,
2980 4626 3171 4679 passus
3191 4622 3357 4675 esset,
3381 4613 3425 4666 si
3463 4603 3497 4607 ”
3535 4603 4063 4673 ἐμπαροινησάντων
4091 4604 4314 4676 θράσος.
4348 4606 4539 4662 ’παθὼν

2434 4613 2651 4667 lantiam
2677 4612 2957 4683 pertinuit,
2980 4626 3171 4679 passus
3191 4622 3357 4675 esset,
3381 4613 3425 4666 si
3463 4603 3497 4607 ”
3535 4603 4063 4673 ἐμπαροινησάντων
4091 4604 4314 4676 θράσος.
4348 4606 4561 4675 παθὼν,
4599 4610 4703 4665 κᾶν
4732 4612 4783 4664 εἰ
4815 4610 4894 4683 μὴ
4924 4611 5121 4666 παθεῖν

1850 4709 1963 4778 pati
1990 4720 2192 4776 posset.
2236 4706 2374 4777 Ergo
2413 4707 2665 4773 quoniam
2704 4704 2873 4758 nostri
2902 4702 3099 4758 similis
3137 4702 3310 4757 factus
3345 4713 3427 4756 est

1853 4797 2193 4869 Unigenitus,
2223 4799 2649 4867 quotiescunque
2680 4796 2842 4849 homo
2861 4793 3171 4848 nominatur
3193 4810 3224 4847 α
3246 4792 3426 4847 divina

1851 4888 2465 4958 Scriptura,intuentes
2523 4885 3002 4954 dispensationem,
3033 4883 3200 4940 Deum
3254 4886 3425 4956 ipsum

1851 4990 2042 5035 natura
2073 4980 2151 5034 sic
2179 4994 2392 5050 quoque
2425 4981 2798 5032 conliteamur.

3536 4690 3775 4745 ἐδύνατο.
3826 4695 4035 4749 Οὐκοῦν
4089 4697 4390 4771 ἐπειδήπερ
4436 4700 4558 4754 καθ’
4617 4701 4765 4772 ἡμᾶς
4822 4703 5045 4772 γέγονεν
5091 4707 5122 4757 6

3536 4784 3871 4855 Μονογενὴς,
3908 4787 4101 4850 ὁσάκις
4143 4789 4538 4867 ἂνηᾶνθρωπος
4592 4793 4926 4866 ὀνομάζηται
4964 4798 5117 4866 παρὰ

3537 4876 3636 4948 τῆς
3685 4876 4049 4934 θεοπνεύστου
4098 4882 4344 4955 Γραφῆς,
4394 4884 4704 4951 ἐννοοῦντες
4762 4886 4863 4957 τὴν
4907 4889 5117 4941 οἰκονο-

3541 4968 3692 5038 μίαν,
3724 4968 3856 5022 Θεὸν
3880 4970 4010 5026 ὅντα
4037 4972 4178 5026 κατὰ
4199 4975 4362 5042 φύσιν
4397 4977 4563 5031 αὐτὸν
4603 4979 4699 5032 καὶ
4725 4977 4900 5043 οὕτως
4922 4979 5117 5049 ὁμολο-

3534 5059 3604 5128 γή
3613 5075 3814 5129 σωμεν.

3334 5167 3488 5228 CAP.
3512 5170 3653 5228 XIV.

2055 5276 2310 5344 Exempla
2337 5274 2526 5331 divina:
2570 5274 2858 5346 Scriptum
2890 5278 3028 5351 quod
3064 5283 3158 5337 Dei
3210 5284 3434 5342 Verbum
3480 5291 3634 5346 homo
3672 5293 3872 5361 factum
3908 5299 4157 5352 manserit
4194 5298 4355 5354 Deus.
4407 5300 4483 5356 De
4511 5306 4900 5372 propitiatorio.

1922 5390 2012 5442 Ait
2036 5384 2232 5441 alicubi
2258 5384 2398 5439 Deus
2422 5387 2487 5439 ad
2514 5388 2816 5455 pontificem
2842 5390 3059 5465 Moysen
3092 5411 3108 5450 :
3146 5395 3240 5450 «Ει
3264 5397 3430 5453 facies

1857 5476 2288 5548 propitiatorium
2319 5478 2663 5547 impositioue
2698 5484 2812 5536 auri
2846 5486 2962 5553 puri
3000 5488 3227 5541 duorutn
3278 5490 3429 5543 cubi-

1858 5585 2030 5629 torum
2067 5580 2121 5627 et
2169 5573 2373 5631 dimidii
2409 5575 2817 5647 longitudinem,
2854 5590 2907 5635 et
2951 5583 3119 5636 cubiti
3158 5585 3317 5639 unius
3371 5595 3427 5639 et

1857 5665 2063 5722 dimidii
2100 5665 2432 5723 altitudinem
2471 5688 2485 5724 :
2519 5680 2574 5723 et
2622 5669 2785 5724 facies
2842 5673 2975 5726 duos
3005 5672 3296 5728 Clicrubim
3327 5691 3426 5729 au-

3542 5420 3665 5461 reos
3718 5419 3980 5475 ornatos,
4041 5421 4097 5467 et
4147 5413 4432 5483 imponens
4470 5417 4589 5472 illos
4631 5434 4701 5475 ex
4755 5431 4985 5490 utroque
5040 5423 5122 5477 la-

3540 5508 3671 5553 tere.
3719 5498 3938 5557 Cberub
3975 5520 4115 5560 unus
4144 5506 4210 5562 de
4245 5508 4413 5563 latere
4470 5512 4592 5579 hoc,
4629 5522 4685 5569 et
4714 5513 4930 5569 Cherub
4982 5530 5125 5570 unus

3537 5590 3602 5645 de
3629 5589 3795 5646 latere
3824 5594 3927 5648 isto
3958 5596 4337 5666 pmpitiatorii.
4375 5601 4440 5656 Et
4468 5602 4634 5658 facies
4668 5604 4802 5661 duos
4828 5602 5121 5660 Cherubim

3536 5697 3701 5752 super
3722 5682 3826 5738 duo
3861 5686 4053 5742 latera.
4081 5688 4254 5746 Erunt
4284 5690 4577 5750 Cherubim
4608 5696 4965 5752 extendentes
4986 5710 5128 5765 pen-

1931 5846 1974 5880 ”
1998 5850 2036 5905 il
2062 5848 2185 5904 Cor.
2213 5866 2286 5918 tv,
2312 5849 2398 5904 16.
2473 5848 2518 5879 ⁸⁸
2548 5850 2651 5903 lsa.
2680 5863 2823 5914 xxvi,
2852 5847 2903 5901 9.
2980 5849 3024 5880 ⁸⁵
3056 5847 3185 5903 Luc.
3216 5867 3272 5919 ιι,
3300 5851 3388 5907 52.
3467 5854 3513 5885 “
3548 5853 3702 5911 Joan.
3726 5873 3828 5925 vti,
3864 5859 3949 5914 15.
