6812 6584
1730 343 1892 401 1389

2665 336 2956 397 SCIIOLIA
3000 342 3085 397 DE
3126 336 3641 398 INCARNATIONE
3685 334 4061 393 UNIGENITI.

4883 340 5024 396 1590

1727 474 1843 515 nas
1897 468 2112 512 sursum
2164 452 2713 523 superohumbrantes
2763 458 2958 524 pennis
2999 459 3112 513 suis
3164 473 3329 528 super
3359 464 3401 519 Α
3434 454 3612 509 minus
3678 464 3868 508 noster
3922 453 4080 509 Jesus
4115 453 4386 518 Christus,
4440 453 4673 521 imagine
4712 464 4768 510 et
4827 454 5019 527 ﬁgura,

1723 550 2178 624 propitiatorium
2198 565 2212 614 ;
2230 558 2283 601 et
2301 547 2477 601 vultus
2494 562 2681 602 eorum
2707 550 3010 604 adinvicem
3040 551 3329 619 respicien-

1726 658 1815 700 tes
1846 641 2283 714 propitiatorium
2309 651 2469 693 erunt
2486 640 2551 694 ".
2573 658 2592 691 ι
2624 639 2876 711 ιΕιιίειιιει
2894 644 3257 697 certissimum
3277 642 3330 696 id

1723 737 1832 799 sit,
1874 734 2041 787 Deum
2074 730 2307 786 Verbum
2333 730 2499 785 etiam
2527 730 2579 785 in
2615 733 2951 788 humanitate
2983 735 3147 787 Deum
3177 747 3331 786 man-

1722 827 1991 891 sisse,et
2021 824 2073 877 in
2124 838 2219 877 sua
2264 822 2433 892 gloria
2479 837 2544 878 ac
2595 822 2910 891 majestate,
2953 825 3053 880 etsi
3107 833 3332 895 propter

1728 915 2211 984 dispensationem
2266 913 2443 969 tactus
2504 916 2576 968 sit
2623 916 2820 970 similis
2879 916 3098 971 nostri:
3144 917 3332 986 Pr0pi-

1726 1008 2019 1063 tiatorlum
2052 1018 2286 1074 namque
2309 1019 2403 1072 per
2435 1008 2591 1059 tidem
2627 1007 2802 1060 factus
2825 1015 2910 1061 est
2933 1008 3089 1062 nobis
3114 1005 3332 1062 Emmaa

1730 1098 1890 1151 nuel.
1930 1095 1987 1150 Id
2033 1104 2213 1151 autem
2268 1095 2422 1149 nobis
2468 1095 2839 1164 comprobavit
2893 1097 3332 1165 sapientissimus

1727 1187 1981 1243 Joannes
2038 1188 2224 1243 dicens
2272 1203 2287 1239 :
2333 1204 2353 1238 ι
2390 1186 2600 1251 Filioli,
2633 1188 2816 1242 scribo
2872 1188 3056 1250 vobis,
3105 1197 3165 1242 ut
3222 1204 3329 1242 non

1732 1282 1980 1349 peccetis
2006 1297 2022 1346 ;
2052 1282 2146 1335 sed
2179 1280 2226 1333 si
2266 1279 2389 1348 quis
2434 1282 2771 1348 peccaverit,
2802 1280 3205 1335 consolatorem
3237 1280 3332 1334 ha-

1745 1372 1945 1425 bemus
1996 1373 2138 1439 apud
2202 1370 2456 1435 Patrem,
2517 1368 2700 1424 Iesum
2750 1369 3023 1424 Christum
3068 1369 3271 1436 justum
3312 1386 3329 1435 ;

1735 1472 1799 1518 et
1835 1463 1951 1532 ipse
1980 1473 2065 1517 est
2127 1462 2434 1532 propitiatio
2494 1477 2591 1530 pro
2636 1464 2870 1529 peccatis
2908 1463 3107 1517 nostris
3133 1461 3274 1515 ‘9'“.
3305 1481 3324 1510 ι

1736 1555 1858 1610 Nec
1888 1570 1992 1609 non
2041 1556 2202 1609 etiam
2241 1554 2435 1607 Paulus
2458 1597 2473 1618 ,
2530 1574 2547 1605 ‹
2577 1552 2746 1619 Quem
2802 1554 3098 1622 proposuit,
3133 1553 3327 1621 inquit,

1737 1645 1892 1700 Deus
1931 1648 2335 1716 propitiatorem
2368 1661 2464 1715 per
2508 1646 2662 1698 Iidem
2698 1644 2748 1698 iu
2779 1659 2878 1699 suo
2910 1646 3174 1714 sanguine
3214 1643 3323 1697 ".3

1812 1738 2085 1795 Cancrum
2125 1754 2286 1793 cerne
2309 1737 2602 1794 Cherubim
2630 1738 3044 1791 circumstantes
3070 1737 3328 1806 prapitia-

3434 556 3651 614 propter
3673 545 4133 612 dispensationem
4178 543 4374 600 factam
4402 559 4522 599 cum
4548 561 4712 601 carne
4741 586 4757 612 ,
4791 563 4886 617 pro
4910 564 5025 604 ser-

3432 646 3595 706 pente
3621 636 3884 706 accipitur
3916 651 4079 702 aereo,
4115 650 4275 705 quem
4320 637 4496 690 erexit
4529 636 4773 707 Moyses,
4798 649 4858 693 ut
4904 652 5025 694 ser—

3436 738 3657 797 pentum
3718 743 3932 782 morsus
3971 738 4184 782 arceret
4217 728 4317 801 ".l
4348 727 4604 783 Aiteuim
4645 747 4660 783 :
4694 749 4713 782 ι
4775 729 4842 787 Et
4886 731 5027 786 sicut

3435 819 3644 890 Moyses
3688 820 3947 876 exaltavit
3983 832 4289 890 serpentem
4319 820 4371 874 in
4397 821 4648 887 deserto,
4684 823 4757 875 ita
4801 831 5022 891 oportet

3433 912 3661 967 exaltari
3704 910 3896 966 Filium
3936 910 4194 975 hominis,
4238 921 4296 965 ut
4331 926 4521 967 omnes
4566 914 4658 982 qui
4702 916 4931 968 credunt
4967 914 5021 968 in

3433 1003 3631 1072 ipsum,
3666 1018 3770 1057 non
3799 1014 4041 1074 pereant,
4065 1005 4156 1058 sed
4179 1003 4411 1058 habeant
4431 1005 4596 1058 vitam
4621 1015 4879 1061 mternam
4901 1007 4969 1062 ".
4997 1023 5017 1056 ι

3434 1095 3899 1161 Quemadmodum
3928 1095 4072 1148 enim
4108 1110 4331 1163 serpens
4377 1096 4550 1151 factus
4581 1111 4648 1151 ex
4673 1111 4782 1150 aere
4832 1096 5023 1151 salutis

3433 1197 3553 1245 erat
3581 1188 4017 1257 periclitantibus
4037 1203 4202 1243 causa
4236 1190 4610 1261 (sanabantur
4638 1192 4781 1244 enim
4814 1190 4866 1244 in
4894 1205 5019 1244 eum

3435 1283 3790 1351 respicientes
3818 1281 3836 1351 )
3870 1299 3883 1335 :
3918 1295 3984 1336 co
4010 1281 4169 1336 modo
4194 1283 4353 1336 etiam
4384 1282 4643 1338 Dominus
4665 1282 4824 1337 Jcsus
4864 1282 5022 1338 Chri-

3435 1384 3554 1428 stus
3602 1375 3684 1428 eis
3733 1374 3823 1442 qui
3881 1387 4003 1426 eum
4061 1373 4244 1427 vident
4292 1373 4507 1441 quidem
4549 1375 4602 1426 in
4666 1374 5020 1429 similitudine

3434 1464 3813 1534 malignorum,
3837 1480 3903 1519 eo
3932 1467 4074 1533 quod
4112 1464 4285 1517 factus
4307 1464 4377 1518 sit
4410 1466 4591 1531 homo,
4631 1480 4734 1518 non
4768 1466 5021 1533 ignorant

3436 1565 3614 1610 tamen
3671 1556 3814 1624 quod
3872 1556 4014 1610 Dens
4046 1556 4120 1609 sit
4160 1556 4407 1610 vit'ilicus
4456 1571 4618 1610 causa
4652 1556 4753 1609 erit
4788 1558 4938 1621 Villl’,
4966 1567 5021 1611 et

3424 1647 3525 1701 dat
3551 1662 3707 1717 posse
3731 1647 3985 1700 animalia
4013 1662 4280 1702 venenosa
4308 1649 4501 1713 vitare,
4528 1648 4580 1701 id
4597 1658 4700 1712 est,
4722 1649 5020 1702 centrarias

3433 1745 3745 1805 potestates.
3814 1775 3821 1782 .

1735 1833 1975 1897 torium,
2006 1842 2060 1886 et
2090 1831 2647 1900 superobutnbrantes
2678 1832 2896 1900 quidem
2920 1830 3114 1899 pennis
3142 1847 3158 1896 ;
3186 1845 3320 1885 eon-
3358 1812 3400 1867 Β
3499 1825 3557 1878 ld
3581 1839 3794 1894 Quoque
3818 1826 3974 1894 hujus
4003 1827 4079 1881 rei
4114 1828 4283 1895 ligura
4309 1829 4400 1896 sit,
4427 1827 4570 1897 quod
4606 1828 4849 1895 llioyseos
4869 1830 5016 1900 virga

1733 1938 1931 1977 versos
1997 1934 2179 1978 autem
2231 1925 2297 1977 ad
2349 1923 2817 1993 propitiatorium,
2864 1933 2919 1976 et
2980 1935 3118 1991 pene
3175 1922 3324 1976 nutui

1733 2012 2027 2069 Dominico
2052 2015 2264 2070 oculum
2315 2017 2673 2069 intendentes.
2710 2014 2788 2067 Ad
2827 2012 2918 2067 Dei
2948 2013 3091 2067 enim
3131 2012 3326 2067 volun-

1734 2112 1906 2159 tatem
1940 2112 2146 2159 tantum
2194 2105 2412 2172 respicit
2445 2112 2631 2158 sancta
2682 2103 2988 2158 cwlestium
3038 2101 3325 2170 spirituum

1733 2194 2067 2258 multitudo,
2097 2204 2152 2248 et
2199 2210 2472 2264 nunquam
2518 2195 2614 2250 Dei
2664 2196 2897 2250 satiatur
2951 2202 3194 2262 aspectu.
3247 2193 3326 2245 Ita

1732 2285 1939 2341 Filium
1992 2289 2256 2357 propheta
2315 2288 2482 2345 Isaias
2536 2288 2737 2343 vidisse
2780 2302 2841 2342 se
2889 2286 3017 2340 dicit
3085 2286 3138 2340 in
3197 2286 3325 2340 sede

1731 2378 2003 2432 altissima
2051 2389 2107 2435 et
2147 2381 2601 2442 eminentissima,
2650 2377 3131 2433 circumstantibus
3156 2376 3324 2433 Sera-

1731 2470 1889 2540 Ρίιίιὶι
1914 2479 1969 2527 et
1992 2469 2408 2541 obsequentihus
2434 2473 2482 2524 ei
2514 2480 2572 2525 ut
2593 2470 2704 2525 Deo
2729 2471 2772 2500 ⁵³
2792 2496 2805 2509 -

2293 2602 2458 2675 790
2488 2603 2638 2658 car.
2674 2600 2791 2657 xv.

2199 2721 2357 2774 Aliud
2395 2720 2460 2773 de
2490 2720 2636 2791 virga
2668 2717 2857 2773 Mosis.

1806 2836 2192 2894 Destinabatur
2239 2835 2529 2904 aliquando
2560 2834 2775 2888 divinus
2820 2831 3032 2903 Moyses
3071 2842 3131 2886 ut
3159 2830 3327 2886 Israel

1730 2931 1801 2985 ab
1827 2929 2211 3000 Egyptiurum
2232 2928 2486 2981 violentia
2522 2925 2797 2980 liberaret.
2828 2924 3027 2981 Verum
3067 2924 3325 2993 quoniam

1732 3035 1966 3077 necesse
2017 3029 2136 3074 erat
2189 3034 2313 3083 eos,
2354 3019 2445 3088 qui
2498 3018 2597 3073 sub
2627 3019 2753 3086 jngo
2803 3025 2989 3072 essent
3051 3016 3327 3072 servitutis

1732 3113 1994 3179 insolita},
2039 3112 2187 3180 prius
2230 3112 2426 3166 docere
2494 3111 2638 3178 quod
2691 3110 2771 3164 eis
2824 3109 2965 3164 Dens
3007 3109 3121 3178 jam
3176 3115 3324 3162 esset

1729 3205 2147 3267 reconciliatus,
2183 3203 2421 3272 prodigia
2450 3217 2574 3256 eum
2609 3200 2788 3254 facere
2833 3200 3133 3266 imperabat
3161 3217 3175 3254 :
3212 3197 3321 3266 ple-

1733 3310 1969 3365 rumque
1990 3296 2135 3349 enim
2177 3293 2499 3348 miraculum
2541 3306 2638 3346 nos
2673 3291 2893 3345 adducit
2930 3291 2983 3343 in
3010 3290 3190 3345 tidem.
3230 3291 3320 3345 Ait

1734 3389 1905 3460 igitur
1932 3385 2144 3457 Moyses
2173 3385 2241 3440 ad
2271 3384 2440 3439 Deum
2472 3382 2899 3451 omnipotentem
2930 3397 2943 3434 :
2983 3398 3002 3430 ι
3040 3379 3098 3437 Si
3133 3386 3316 3433 autem

1731 3493 1846 3532 non
1873 3476 2201 3532 crediderint
2230 3475 2382 3536 mihi,
2418 3487 2592 3543 neque
2615 3471 2882 3526 audierint
2912 3484 3094 3525 vocem
3117 3484 3319 3533 meam,

1729 3569 1979 3625 dicentes
2011 3585 2027 3621 :
2061 3566 2179 3622 Non
2208 3566 2455 3637 apparuit
2485 3564 2576 3619 tibi
2609 3563 2750 3617 Deus
2777 3580 2794 3629 ;
2817 3563 2949 3632 quid
2972 3562 3148 3618 dicam
3177 3562 3320 3617 illis?

1734 3658 1888 3712 Dixit
1918 3658 2113 3711 deinde
2153 3657 2409 3711 Dominus
2447 3673 2460 3708 :
2501 3652 2641 3720 Quid
2676 3654 2779 3709 hoc
2830 3663 2918 3708 est
2955 3654 3096 3723 quod
3133 3662 3220 3709 est
3264 3654 3317 3707 in

1732 3762 1903 3804 manu
1944 3759 2033 3803 tua
2063 3748 2085 3802 1’
2117 3748 2416 3817 Respondit
2448 3765 2463 3801 :
2497 3746 2677 3817 Virga.
2734 3746 2795 3801 Et
2833 3747 2909 3801 ait
2950 3747 3023 3805 illi
3059 3762 3073 3800 :
3108 3745 3321 3815 Projice

1733 3840 1886 3895 illam
1909 3839 1960 3893 in
1991 3849 2189 3893 terram
2219 3857 2230 3901 ;
2260 3849 2317 3895 et
2337 3838 2478 3895 facta
2500 3848 2583 3893 est
2609 3852 2856 3907 serpens,
2879 3847 2935 3894 et
2958 3838 3090 3909 fugit
3110 3836 3322 3909 Moyses

1730 3931 1804 3986 ab
1834 3943 1922 3984 ea.
1960 3929 2026 3984 Et
2059 3929 2194 3985 dixit
2221 3926 2479 3983 Dominus
2509 3930 2574 3982 ad
2611 3927 2825 3999 Moysen
2864 3942 2879 3981 :
2913 3927 3156 3982 Extende
3202 3942 3319 3980 ma-

1731 4037 1868 4076 num
1901 4031 2081 4086 tuam,
2117 4031 2172 4077 et
2203 4021 2546 4089 apprehende
2587 4021 2813 4077 caudam
2846 4018 2965 4087 ejus
2995 4037 3010 4084 ;
3042 4028 3098 4074 et
3128 4028 3318 4074 exten-

1731 4115 1875 4169 dens
1903 4128 2119 4168 manum
2162 4113 2514 4182 apprehendit
2539 4115 2788 4177 caudam,
2818 4122 2873 4164 et
2902 4111 3041 4165 facta
3068 4122 3151 4165 est
3171 4112 3320 4181 virga

1730 4205 1792 4261 in
1842 4221 2001 4260 manu
2038 4207 2174 4274 ejus.
2204 4205 2268 4258 Et
2315 4204 2452 4259 dixit
2490 4203 2563 4258 illi
2605 4203 2719 4259 :Ut
2756 4204 2977 4257 credant
3026 4202 3157 4271 tibi,
3193 4203 3319 4272 quia

1732 4297 1986 4368 apparuit
2017 4296 2110 4351 tibi
2150 4294 2411 4350 Dominus
2453 4295 2595 4351 Deus
2635 4303 2846 4363 patrum
2888 4309 3145 4359 suorum,
3180 4296 3320 4349 Deus

1732 4390 2037 4451 Abraham,
2071 4397 2127 4443 et
2168 4389 2307 4443 Deus
2331 4388 2500 4452 Isaac,
2530 4397 2585 4442 et
2621 4386 2758 4442 Deus
2788 4385 3041 4442 Jacob”.
3076 4404 3097 4438 ι
3132 4385 3322 4442 Auim-

3429 1917 3608 1986 virgas
3652 1918 3789 1972 alias
3816 1918 4179 1984 (levoraverit,
4216 1936 4354 1990 quas
4382 1921 4434 1973 iu
4477 1931 4678 1973 terram
4709 1922 4850 1991 magi
4893 1936 5019 1989 pro-

3422 2008 3666 2077 jecerant
3704 2005 3772 2062 ⁵⁷.
3816 2006 3992 2077 Igitur
4019 2010 4168 2078 virga
4195 2012 4413 2079 quidem
4455 2010 4509 2064 in
4542 2020 4746 2065 terram
4783 2011 5018 2080 projects

3426 2109 3510 2154 est
3544 2117 3559 2166 ;
3601 2116 3704 2155 non
3739 2109 3919 2155 tamen
3952 2117 4167 2171 semper
4192 2105 4472 2156 remansit.
4518 2104 4810 2171 Resutupta
4837 2113 5015 2159 autem

3430 2190 3624 2246 iterum
3694 2193 3796 2246 fuit
3825 2194 3965 2261 quod
3996 2204 4114 2247 erat
4142 2210 4156 2247 :
4192 2210 4314 2248 nam
4346 2196 4468 2249 licet
4506 2195 4646 2250 facta
4674 2197 4766 2262 sit,
4803 2208 4861 2250 ut
4891 2206 5019 2251 ante

3428 2278 3560 2345 dixi,
3581 2282 3632 2335 in
3652 2282 4003 2337 similitudine
4028 2292 4211 2336 nostra
4239 2283 4415 2339 Patris
4436 2285 4608 2354 virga,
4637 2286 4809 2350 idest,
4828 2284 5013 2346 Filius,

3428 2389 3525 2444 per
3547 2390 3706 2444 quem
3741 2377 3904 2430 habet
3925 2376 4167 2430 outnium
4208 2386 4528 2444 potestatem
4563 2394 4578 2442 ;
4616 2387 4882 2442 attamen,
4913 2380 5042 2433 im-'

3427 2465 3571 2534 pleta
3630 2468 4066 2537 dispensatione,
4117 2468 4376 2525 revolavit
4436 2470 4487 2523 in
4523 2468 4754 2535 cmlum,
4808 2478 4863 2524 et
4912 2469 5014 2524 fuit

3430 2559 3626 2615 iterum
3679 2570 3934 2631 tanquam
3982 2562 4033 2616 in
4089 2578 4247 2616 manu
4292 2563 4469 2618 Patris
4528 2563 4678 2633 virga
4743 2563 5017 2633 aequitatis

3427 2664 3489 2705 ac
3520 2652 3669 2722 regni
3698 2668 3711 2705 :
3738 2654 3890 2707 sedet
3942 2655 4084 2708 enim
4128 2656 4196 2709 ad
4227 2656 4503 2709 dexteram
4547 2654 4820 2710 Geuitoris
4845 2656 4925 2709 sui
4954 2656 5010 2709 in

3426 2743 3643 2811 propria
3679 2744 3982 2811 majestate,
4016 2745 4176 2800 sedes
4212 2745 4508 2801 altissimas
4529 2746 4782 2801 obtinens
4805 2784 4823 2810 ,
4852 2746 5015 2801 etiam

3429 2843 3551 2887 cum
3585 2848 3750 2890 carne
3777 2833 3846 2889 ⁸⁸.

4055 2967 4208 3024 CAP.
4250 2966 4390 3023 XVI.

3497 3080 3661 3134 Aliud
3684 3080 3749 3135 de
3775 3097 3937 3135 manu
3963 3081 4386 3151 Moysisleprosa
4416 3093 4465 3136 et
4503 3085 4703 3154 integre
4732 3095 4943 3139 sanata.

3500 3212 3519 3245 ι
3550 3193 3690 3248 Dixit
3717 3204 3891 3249 autem
3910 3196 3975 3249 ad
3998 3210 4119 3248 eum
4162 3198 4301 3249 Deus
4327 3197 4585 3253 Dominus
4607 3198 4801 3253 iterum
4827 3215 4841 3251 :
4870 3198 5015 3254 lnl’er

3424 3302 3640 3340 tnauum
3668 3297 3814 3341 tuam
3848 3288 3900 3341 iu
3934 3287 4111 3341 sinum
4136 3295 4284 3341 tuum
4313 3305 4327 3353 ;
4358 3298 4412 3343 ct
4438 3290 4661 3359 protulit
4688 3273 4905 3346 manum
4943 3292 5014 3347 de

3424 3380 3545 3434 sinu
3579 3393 3699 3444 suo,
3731 3388 3786 3433 et
3813 3378 3954 3434 facta
3984 3386 4067 3434 est
4095 3393 4285 3433 manus
4318 3379 4438 3450 ejus
4477 3380 4616 3436 sicut
4644 3382 4757 3437 nix.
4797 3383 4856 3436 Et
4875 3384 5013 3438 dixit

3425 3469 3616 3524 iterum
3648 3488 3662 3523 :
3690 3467 3836 3524 Inter
3870 3483 4086 3522 trionum
4121 3477 4266 3522 tuam
4300 3471 4352 3525 in
4401 3472 4577 3526 sinum
4617 3482 4766 3527 tuum
4797 3485 4893 3529 :et
4928 3475 5009 3529 in-

3425 3561 3545 3615 tulit
3570 3570 3787 3616 mannm
3826 3577 3981 3617 suam
4022 3563 4074 3616 in
4094 3564 4274 3617 sinum
4317 3578 4510 3630 suum,
4548 3572 4603 3618 et
4640 3567 4862 3635 protulit
4890 3582 5009 3622 eam

3423 3653 3492 3708 de
3513 3655 3635 3708 sinu
3664 3666 3856 3718 suo,et
3889 3655 4083 3709 iterum
4114 3656 4361 3710 restituta
4388 3665 4474 3710 est
4506 3656 4558 3710 in
4579 3656 4813 3713 colorem
4831 3660 5013 3713 carnis

3424 3747 3543 3814 ejus
3563 3747 3629 3800 ⁸⁸.
3667 3765 3686 3798 ι
3731 3746 3943 3802 Manum
3968 3749 4032 3800 ad
4065 3748 4340 3802 dexteram
4382 3747 4473 3803 Dei
4509 3757 4563 3803 et
4600 3748 4777 3804 Patris
4817 3764 5006 3805 verum

3423 3837 3619 3892 Filium
3642 3837 3758 3907 ejus
3792 3838 3974 3893 divin
4001 3838 4281 3907 Scriptura
4314 3841 4577 3894 noniinat.
4607 3842 4825 3896 Induxit
4858 3845 5006 3899 enim

3424 3929 3601 3999 ipsum
3651 3931 3919 3985 dicentem
3957 3946 3971 3983 :
4008 3947 4027 3981 ι
4073 3929 4188 3999 Ego
4242 3946 4404 3985 manu
4456 3947 4574 3987 mea
4624 3934 4833 3991 ﬁrmavi
4892 3953 5009 3994 cte-

3424 4019 3533 4073 Ium
3564 4019 3609 4051 ⁸⁸
3652 4035 3666 4084 ;
3708 4037 3728 4071 ι
3781 4033 3882 4072 nec
3933 4033 4040 4072 non
4099 4020 4267 4073 etiam
4306 4020 4473 4076 David
4509 4023 4723 4080 divinus
4769 4037 4954 4082 cantat
4991 4048 5005 4085 :

3427 4129 3448 4162 ι
3473 4111 3650 4166 Verbo
3682 4109 3892 4165 Domini
3925 4110 4046 4166 coeli
4076 4109 4271 4166 ﬁrmati
4304 4123 4430 4168 sunt
4454 4114 4500 4147 “
4557 4133 4577 4167 ο
4620 4116 4794 4173 Cerne
4822 4119 5006 4189 igitur,

3424 4203 3477 4257 in
3510 4205 3689 4261 sinum
3716 4203 3932 4272 quidem
3966 4202 4165 4274 Moysis
4207 4205 4386 4259 adhuc
4418 4221 4640 4263 manum
4676 4208 4793 4280 ejus
4819 4214 5006 4267 occul-

3426 4297 3557 4361 tari,
3593 4306 3650 4351 et
3680 4296 3918 4351 nondum
3972 4296 4172 4351 factam
4221 4298 4489 4368 Ieprosam
4513 4339 4529 4364 ,
4565 4303 4836 4372 prolatam
4874 4321 5008 4363 vero

3423 4389 3607 4445 statim
3661 4389 3929 4459 leprosam
3984 4390 4455 4448 factamzdeiude
4499 4409 4624 4449 mox
4682 4395 4925 4462 illatam,
4953 4411 5008 4453 et

1734 4481 1965 4534 adverte
2024 4478 2081 4533 in
2126 4477 2215 4532 his
2264 4487 2458 4531 natura
2517 4486 2572 4531 et
2647 4475 2876 4529 veritate
2944 4474 3143 4529 Filium
3197 4474 3315 4539 Dei,
3353 4496 3616 4556 Drursus
3672 4480 3968 4550 prolatam,
4023 4491 4078 4538 et
4135 4482 4201 4538 de
4250 4493 4447 4538 caetero
4506 4500 4608 4540 non
4685 4487 5003 4556 leprosam:

1737 4583 2000 4640 tanquam
2058 4572 2303 4638 quaedam
2355 4570 2506 4638 virga
2557 4568 2629 4622 sit
2676 4567 2894 4633 Patris;
2933 4568 3080 4634 virga
3139 4576 3319 4621 autem

1736 4665 1955 4733 insigne
1982 4670 2069 4716 est
2113 4660 2310 4731 regni:
2350 4678 2371 4712 ι
2411 4658 2551 4725 Filio
2583 4659 2727 4714 enim
2782 4659 2929 4713 dedit
2967 4660 3168 4714 habere
3199 4673 3321 4713 om-

1738 4757 1890 4810 nium
1937 4762 2254 4822 potestatem
2296 4752 2361 4805 ⁸⁵.
2411 4769 2432 4805 ι
2463 4750 2616 4806 Unde
2646 4751 2814 4806 etiam
2854 4750 3069 4806 divinus
3098 4750 3264 4806 David
3304 4768 3322 4807 :

1743 4868 1762 4900 ι
1810 4846 2058 4902 Thronus
2087 4854 2229 4910 tuus,
2259 4846 2453 4915 inquit,
2486 4845 2649 4908 Deus,
2679 4844 2730 4897 in
2751 4844 3005 4898 saeculum
3029 4842 3231 4909 smculi,
3270 4851 3326 4899 et

1739 4942 1884 5010 virga
1906 4938 2197 5007 :equitatis,
2219 4939 2369 5006 virga
2396 4934 2543 5006 regni
2565 4935 2759 4990 tui”.s
2793 4935 2900 4991 Sed
2934 4950 3054 4991 eam
3089 4935 3320 5005 proiecit

1735 5031 1792 5088 in
1821 5042 2044 5096 terram,
2075 5031 2126 5084 id
2148 5039 2265 5094 est,
2298 5042 2525 5096 corpore
2549 5037 2764 5081 terreno
2792 5028 3168 5092 circumdedit,
3201 5029 3317 5083 sive

1737 5140 1835 5193 per
1881 5122 2271 5180 humanitatem
2327 5120 2474 5175 misit
2510 5118 2563 5171 in
2617 5128 2816 5172 terram
2853 5138 2868 5174 :
2904 5129 3032 5174 tunc
3065 5119 3208 5173 enim
3261 5121 3313 5173 in

1736 5214 2085 5270 similitudine
2112 5213 2288 5268 factus
2317 5221 2400 5267 est
2433 5211 2791 5280 malignorum
2832 5209 3137 5275 hominum,
3160 5209 3314 5266 scili-

1737 5319 1820 5361 cet
1851 5305 2200 5375 malignitatis
2238 5305 2447 5374 signum
2479 5313 2563 5358 est
2591 5317 2835 5372 serpens.

1769 5398 1922 5466 Quod
1944 5406 2122 5451 autem
2148 5410 2331 5450 verum
2354 5398 2444 5461 sit,
2472 5396 2596 5450 hinc
2621 5396 2844 5450 scimus.
2883 5394 3001 5465 Ipse
3029 5395 3174 5450 enim
3201 5394 3311 5450 Do.

1738 5563 1781 5594 "
1883 5562 2053 5617 ExmL
2076 5579 2207 5625 xxv,
2236 5561 2323 5616 I7.
2399 5561 2515 5595 δυ’
2547 5561 2747 5618 IJoau.
2777 5578 2839 5631 ιι,
2884 5563 2935 5629 1,
2971 5564 3028 5618 2.
3105 5562 3152 5593 ⁸ο
3185 5560 3345 5616 Rom.
3371 5578 3456 5628 ιιι,
3512 5560 3606 5618 25.
3685 5561 3727 5595 "
3764 5562 3868 5619 Isa.
3894 5578 3968 5628 vr,
3997 5564 4048 5617 1.
4125 5563 4171 5595 ⁸³
4208 5562 4320 5618 Exo

1738 5632 1946 5689 xvtt.2.
2021 5632 2067 5664 ³⁵
2101 5633 2242 5688 Psal.
2284 5647 2429 5689 xuv.
2489 5634 2540 5685 7.
2614 5635 2665 5666 ⁸⁸
2698 5633 2858 5689 Num.
2912 5650 3028 5689 xxi.
3082 5632 3139 5687 8.
3217 5632 3264 5664 "
3327 5631 3485 5687 Joan.
3552 5647 3636 5689 ιιι.
3694 5632 3781 5686 14.
3858 5632 3904 5664 ⁸⁷
3942 5632 4110 5687 Exod.
4167 5649 4243 5689 tv.
4289 5635 4325 5688 2

2892 5706 2932 5737 ⁶¹
2969 5703 3109 5761 Psal.
3139 5718 3311 5770 xxxtt,
3334 5704 3388 5758 6.
3467 5703 3513 5736 “
3545 5703 3702 5759 Rom.
3734 5719 3849 5768 vttt,
3879 5702 3943 5771 ὃς
3972 5702 4078 5758 Isa.
4106 5720 4229 5772 Lm,
4305 5706 4394 5762 12.

1736 5632 1946 5699 xvtt,2.
2021 5632 2067 5664 ³⁵
2101 5633 2242 5688 Psal.
2284 5647 2429 5697 xuv,
2489 5634 2540 5685 7.
2614 5635 2665 5666 ⁸⁸
2698 5633 2858 5689 Num.
2912 5650 3028 5698 xxi,
3082 5632 3139 5687 8.

1736 5704 1785 5734 "
1810 5698 1979 5758 Exod.
2007 5716 2083 5768 tv,
2106 5703 2158 5758 6.
2273 5703 2317 5733 ⁶⁰
2346 5703 2448 5759 lsa.
2477 5718 2666 5771 xum,
2694 5705 2779 5759 15.

1739 5774 1782 5805 ⁸³
1816 5774 1987 5830 chit.
2014 5788 2133 5840 xm,
2156 5774 2215 5827 ‘2.

3426 4572 3831 4628 «Restitutaest
3851 4573 4019 4639 enim,
4050 4572 4245 4642 inquit,
4274 4573 4326 4627 in
4355 4573 4591 4629 colorem
4610 4575 4792 4630 carnis
4812 4576 4950 4646 ejus.
4981 4594 5000 4628 ι

3421 4665 3563 4735 Ergo
3611 4663 3849 4734 quandiu
3923 4665 4138 4733 quidem
4201 4675 4321 4719 erat
4373 4666 4426 4720 in
4480 4666 4602 4722 sinu
4656 4666 4834 4724 Patris
4864 4670 5004 4725 Deus

3422 4752 3680 4818 Verbum,
3717 4751 4018 4806 divinitatis
4051 4753 4229 4807 nitore
4262 4752 4538 4824 fulgebat;
4573 4770 4761 4811 verum
4784 4759 5005 4829 quando

3422 4844 3603 4913 aliquo
3664 4844 3823 4898 modo
3884 4854 4035 4898 extra
4085 4843 4188 4898 fuit
4243 4859 4342 4915 per
4399 4847 4826 4905 incarnationem
4886 4850 5006 4906 sive

3423 4935 3872 5006 ὲνανθρώπησιν,
3909 4937 4084 4991 tactus
4130 4950 4210 4992 est
4252 4956 4270 4986 ο
4319 4939 4372 4993 in
4420 4940 4773 4997 similitudine
4824 4945 5007 5003 carnis

3423 5029 3667 5096 peccati,
3706 5040 3761 5082 et
3810 5029 3952 5084 inter
4009 5030 4224 5100 iniquos
4276 5041 4559 5100 reputatus
4606 5044 4692 5089 est
4721 5034 4787 5087 “.
4851 5054 4873 5088 ι
4910 5036 5005 5091 Ait

3422 5121 3565 5175 enim
3590 5121 3805 5174 divinus
3831 5118 4030 5177 Paulus
4052 5162 4068 5187 ,
4104 5139 4124 5173 ι
4164 5137 4288 5177 eum
4323 5123 4414 5192 qui
4448 5134 4729 5194 peccatum
4766 5141 4871 5180 non
4903 5141 5002 5181 no-

3420 5219 3594 5277 verat,
3607 5204 3712 5281 'pro
3735 5212 3879 5267 uobis
3912 5224 4192 5280 peccatum
4223 5215 4407 5282 fuisse,
4433 5226 4490 5270 ut
4519 5231 4616 5272 nos
4642 5216 4895 5272 [iuremus
4913 5218 5003 5289 ju-

3421 5304 3567 5359 stitia
3608 5304 3660 5356 in
3687 5303 3802 5374 ipso
3839 5304 3906 5359 ⁶¹.
3951 5322 3972 5358 ι
4007 5302 4121 5360 Hoc
4142 5306 4400 5361 existimo
4428 5306 4629 5377 lepram
4662 5307 4996 5377 srgnilicare,

3421 5395 3731 5451 immundus
3775 5398 3919 5456 enim
3950 5399 4247 5453 secundum
4285 5398 4456 5471 legem
4497 5400 4742 5471 leprosus
4772 5401 4838 5456 “.
4892 5402 5002 5459 Sed

4760 5567 4807 5600 ⁸³
4837 5566 4995 5624 Joan.

4424 5635 4472 5669 ⁸⁸
4526 5635 4670 5693 Psal.
4736 5652 4879 5704 xuv,
4940 5638 4997 5696 7.

4474 5707 4725 5766 “ICor.
4781 5725 4836 5777 ν,
4902 5709 4995 5763 21.

3685 5561 3727 5595 ⁸³
3764 5562 3868 5619 Isa.
3894 5578 3968 5628 vr,
3997 5564 4048 5617 1.
4125 5563 4171 5595 ⁵³
4208 5562 4377 5619 Exod.
4431 5582 4506 5631 tv,
4558 5567 4682 5626 1-5.
