3406 3291
1002 186 1059 213 ιςςιι
1507 179 1536 207 S.
1556 176 1694 206 CYRILLI
1712 174 1948 203 ALEXANDHINI
1966 171 2127 200 ARCHIEP.
2562 168 2632 194 1592

997 242 1125 277 quoniam
1145 240 1242 267 iterum
1257 239 1283 265 itt
1300 238 1359 265 sinu
1382 237 1430 264 I'uit
1447 237 1533 264 Patris
1547 237 1723 271 (assumptus
1748 239 1789 261 est
1805 236 1825 263 Α
1841 230 2031 267 Θρωπήσεωςῖ
2044 231 2096 256 Aut
2109 235 2194 263 quare
2211 226 2380 254 iucaruatum
2394 225 2458 252 dicit
2471 224 2552 251 Deum
2567 225 2632 250 Ver-

998 298 1022 315 ιιι
1041 287 1266 315 resurrectionem
1289 293 1303 311 a
1322 283 1471 318 mortuis),
1489 282 1590 316 prolata
1615 281 1711 307 iterum
1734 288 1791 306 tita-

998 342 1047 361 nos
1061 334 1204 359 videbatur
1221 330 1317 357 munda
1335 337 1342 355 :
1359 329 1483 355 adveniet
1501 329 1572 354 enim
1594 332 1655 362 post
1670 332 1790 360 tempora

1000 376 1310 406 ttmniuusuosterlesus
1324 375 1461 406 Christus,
1475 374 1500 400 in
1516 374 1672 400 sinceritate
1697 372 1792 398 divitii-

1000 426 1061 452 intis
1075 431 1101 452 et
1114 424 1209 459 gloria,
1231 422 1356 456 quamvis
1371 421 1577 447 similitudinem
1596 424 1716 446 nostram
1738 426 1790 444 nou

1000 471 1150 505 proiecerit.
1175 469 1220 496 Ait
1238 469 1309 496 enim
1326 473 1353 494 et
1370 468 1465 495 beatus
1486 465 1586 493 Paulus
1610 466 1644 493 de
1655 464 1763 492 Christo
1781 473 1787 491 :

1002 527 1010 541 τ
1028 517 1094 550 Quia
1111 516 1192 544 semel
1209 519 1331 541 mortuus
1343 519 1385 541 est
1399 514 1432 540 ad
1447 513 1589 539 multorum
1607 511 1790 538 exhaurienda

1000 567 1119 595 peccata.
1141 561 1266 588 Secundo
1283 561 1341 587 sine
1357 565 1466 594 peccato
1477 558 1616 593 apparebit
1631 562 1790 591 exspectan-

1002 609 1070 634 tibus
1092 615 1120 634 se
1147 607 1174 633 in
1192 607 1305 634 salutem
1322 606 1354 632 ".
1382 615 1390 630 I
1409 605 1479 639 Ergo
1494 605 1599 639 quoties
1619 604 1696 630 nobis
1713 609 1790 629 sacra

1001 654 1101 680 Littera
1118 653 1240 679 nominat
1252 651 1502 682 ChristumJt-sum,
1517 650 1595 684 791
1609 657 1642 675 tte
1654 649 1789 675 hominem

999 707 1118 726 Mtttl‘stllll
1149 698 1300 733 putaveris,
1326 705 1378 723 non
1406 704 1468 723 vere
1499 697 1614 722 adunato
1654 695 1703 729 ipsi
1737 694 1791 721 Deo

1004 745 1088 771 Verbo
1106 753 1113 776 ;
1135 745 1180 771 sed
1196 743 1395 770 existimaveris
1412 742 1495 776 magis
1507 742 1592 774 ipsum
1612 747 1671 767 esse
1682 748 1715 767 ex
1737 740 1791 766 Deo

1001 797 1026 815 t't
1045 789 1125 817 Patre
1151 788 1267 816 Verbum
1286 787 1380 814 .Iesum
1401 787 1555 818 Christum,
1568 794 1627 812 cum
1643 785 1733 812 factus
1756 786 1790 812 sit

1002 838 1015 861 [ι
1029 844 1089 863 ιιιιο.

1307 901 1381 928 CAP.
1399 900 1478 927 XVII.

1003 959 1078 989 Quod
1094 958 1213 985 Christus
1230 966 1279 984 non
1294 964 1348 984 erat
1360 959 1435 983 homo
1448 957 1585 991 θεοφόρος,
1598 964 1643 982 ηει-
1658 955 1787 990 simplici-

1002 1002 1040 1018 irr
1062 995 1087 1019 in
1110 994 1212 1018 homine
1241 993 1392 1018 inhobimrit
1415 992 1482 1018 Deus
1508 992 1640 1022 Verbum;
1657 991 1701 1017 sed
1721 991 1789 1025 quod

1004 1029 1083 1061 magis
1096 1036 1157 1053 curo
1174 1028 1207 1054 sit
1219 1028 1328 1061 factum,
1342 1028 1394 1053 sive
1405 1028 1481 1053 homo
1493 1028 1630 1061 perfectus,
1649 1027 1790 1053 secundum

1004 1063 1161 1096 Scripturas.

1037 1131 1087 1163 Qui
1113 1131 1192 1157 ﬁdem
1218 1131 1317 1157 habent
1343 1132 1369 1157 in
1397 1130 1505 1158 Christo
1535 1130 1734 1158 itmnacuIatam
1764 1134 1791 1156 et

1004 1175 1083 1203 tectis
1097 1176 1224 1203 omnibus
1235 1176 1368 1211 suII'ragiis
1385 1177 1596 1211 comprobatam,
1617 1176 1707 1203 dicant
1719 1176 1791 1203 vide-

1004 1224 1064 1249 licet
1083 1223 1154 1256 quod
1170 1223 1225 1257 ipse
1234 1230 1265 1249 ex
1280 1222 1332 1249 Deo
1344 1222 1423 1249 Patre
1436 1223 1505 1250 Deus
1520 1221 1637 1249 Verbum
1652 1223 1678 1248 in
1697 1222 1791 1248 exina-

1004 1269 1114 1294 nitatcm
1158 1268 1345 1299 descenderit,
1389 1268 1502 1295 Iormaui
1535 1268 1606 1294 servi
1644 1267 1790 1302 accipietis,

1004 1315 1193 1348 prOpriumque
1214 1314 1263 1341 sibi
1281 1313 1382 1340 faciens
1406 1321 1515 1348 corpus,
1541 1313 1613 1347 quod
1635 1318 1676 1340 est
1698 1317 1790 1339 italum

1004 1368 1035 1385 ex
1047 1359 1154 1394 Virgine
1167 1368 1174 1391 ;
1187 1360 1256 1393 quod
1273 1359 1362 1386 factus
1378 1359 1412 1386 sit
1430 1360 1511 1386 nostri
1530 1359 1636 1391 similis,
1650 1364 1677 1386 et
1690 1366 1793 1386 nuncu-

1006 1409 1083 1437 palus
1094 1404 1177 1431 Filius
1190 1404 1316 1431 hominis.
1332 1405 1379 1431 Est
1392 1409 1481 1431 autem
1493 1403 1562 1431 Deus
1574 1404 1680 1439 quidem
1695 1412 1792 1431 secun-

1006 1451 1066 1475 dum
1077 1450 1199 1482 spiritum
1215 1457 1222 1481 ;
1238 1449 1318 1476 homo
1329 1455 1417 1477 autem
1432 1450 1500 1476 idem
1513 1450 1660 1477 secundum
1672 1457 1790 1477 carnem.

1008 1495 1106 1521 Deinde
1119 1495 1224 1522 divinus
1238 1495 1337 1531 Paulus
1349 1495 1503 1523 Iudaeorum
1523 1496 1648 1531 populum
1671 1496 1791 1530 alloque-

1007 1542 1084 1567 batur
1104 1539 1216 1568 dicens:
1232 1551 1240 1567 ι
1257 1541 1428 1568 Multifariam
1453 1542 1597 1577 multisque
1621 1542 1707 1569 modis
1729 1542 1791 1568 olim

1008 1587 1075 1614 Deus
1084 1587 1195 1621 loquens
1208 1588 1330 1622 patribus
1341 1589 1366 1615 in
1379 1588 1527 1623 prophetis,
1537 1589 1691 1616 novissimis
1701 1589 1793 1616 diebus
1807 1591 1828 1619 (ι

1009 1633 1066 1661 istis
1077 1633 1181 1660 locutus
1193 1638 1234 1660 est
1246 1634 1323 1661 nobis
1339 1635 1364 1660 in
1377 1634 1444 1661 l-‘ilio
1456 1635 1487 1662 ⁸⁸.
1509 1645 1519 1660 δ
1535 1636 1565 1661 Itlt
1578 1643 1694 1668 quonam
1717 1635 1795 1662 modo

1008 1679 1173 1714 intelligatur
1190 1679 1295 1707 loculus
1313 1680 1396 1708 fuisse
1412 1680 1481 1708 Deus
1501 1685 1528 1707 et
1544 1681 1624 1708 Pater
1642 1681 1796 1708 novissimis

1007 1723 1100 1751 diebus
1117 1724 1141 1751 iu
1156 1724 1246 1751 Filio?
1266 1724 1382 1752 Locutus
1399 1731 1439 1753 est
1452 1726 1524 1752 enim
1540 1726 1738 1761 antiquioribus
1749 1734 1796 1760 per

1008 1774 1094 1807 ipsum
1115 1773 1181 1800 dans
1197 1773 1293 1808 legem,
1307 1780 1333 1801 ct
1360 1775 1460 1801 idcirco
1472 1775 1528 1809 ipse
1547 1774 1631 1802 Filius
1649 1783 1712 1802 suos
1730 1775 1796 1801 dicit

1007 1827 1068 1846 esse
1082 1827 1234 1851 sermones,
1247 1828 1293 1854 per
1306 1821 1532 1855 sapientissimum
1545 1821 1652 1856 Moysen
1666 1821 1794 1856 prolatos.

1007 1864 1049 1890 Ait
1061 1864 1131 1890 enim
1149 1872 1154 1891 :
1175 1874 1185 1889 ι
1200 1865 1286 1892 Nolite
1304 1871 1397 1899 putare
1412 1867 1474 1900 quia
1494 1867 1555 1893 veni
1579 1867 1683 1894 solvere
1697 1868 1792 1902 legero,

1008 1916 1051 1937 .-ut
1063 1913 1217 1946 prophetas.
1235 1911 1293 1939 Non
1308 1914 1367 1939 veni
1389 1913 1503 1945 solvere,
1524 1914 1571 1941 sed
1587 1914 1707 1948 implere.
1728 1914 1794 1941 Dico

1007 1957 1077 1983 enim
1099 1958 1184 1990 vobis,
1198 1958 1251 1985 iota
1264 1967 1355 1990 unum,
1370 1964 1418 1986 aut
1434 1967 1501 1987 unus
1517 1968 1583 1994 apex
1595 1969 1649 1988 nou
1669 1960 1794 1987 transibit

1007 2013 1019 2028 ιι
1033 2004 1192 2038 |ege,doucc
1203 2006 1292 2032 omnia
1304 2006 1380 2032 ﬁant.
1395 2006 1497 2033 Ctelum
1506 2012 1534 2033 et
1547 2011 1615 2033 terra
1631 2007 1791 2039 transibunt,

1008 2051 1087 2076 verba
1108 2055 1197 2077 autem
1221 2059 1279 2078 mea
1305 2059 1356 2078 non
1377 2053 1529 2080 transibunt
1548 2053 1581 2080 θ’.
1597 2063 1606 2078 ι
1624 2053 1699 2080 Adde
1710 2053 1792 2080 etiam

1007 2097 1143 2129 prophette
1172 2105 1263 2124 vocem
1291 2106 1297 2124 :
1329 2108 1336 2123 l
1362 2097 1421 2131 Ipse
1455 2099 1499 2132 qui
1528 2099 1666 2134 loquebar,
1694 2104 1792 2134 praesto

1007 2154 1065 2172 sum
1081 2145 1113 2173 "‘.
1132 2155 1142 2171 δ
1165 2145 1236 2180 Ergo
1260 2152 1321 2171 cum
1352 2145 1437 2171 Iactus
1465 2150 1507 2172 est
1532 2145 1616 2172 Filius
1641 2145 1667 2171 iu
1698 2152 1790 2176 carne,

1009 2199 1070 2218 tunc
1095 2193 1199 2219 loculus
1224 2195 1266 2218 est.
1296 2192 1371 2218 nobis
1398 2192 1478 2219 Pater
1513 2192 1538 2218 in
1556 2193 1624 2225 ipso,
1658 2191 1728 2218 sicut
1754 2191 1793 2218 ait

1008 2237 1112 2273 beatus.
1133 2237 1242 2268 Paulus,
1270 2237 1423 2264 novissimis
1449 2237 1581 2264 diebus“.
1616 2235 1671 2263 Sed
1691 2243 1724 2262 ue
1743 2244 1791 2270 pa-

1008 2292 1064 2309 rum
1077 2284 1228 2315 credamus,
1246 2285 1318 2317 quod
1333 2285 1389 2318 ipse
1404 2284 1439 2310 sit
1454 2284 1498 2309 ille
1510 2283 1554 2316 qui
1568 2283 1650 2309 etiam
1667 2287 1729 2308 ante
1742 2289 1791 2308 sa:-

1007 2329 1065 2355 rnla
1096 2328 1190 2362 Filius,
1219 2330 1308 2356 intulit
1333 2331 1423 2357 statim
1441 2339 1448 2355 :
1468 2339 1477 2354 ι
1493 2329 1543 2356 Per
1568 2335 1646 2362 quem
1676 2327 1740 2353 fecit
1766 2331 1793 2352 et

1006 2375 1102 2403 saecula
1119 2375 1158 2408 ⁷⁸,
1176 2385 1184 2401 ι
1211 2375 1382 2409 splendorem
1410 2376 1490 2402 etiam
1510 2374 1600 2408 gloriae
1624 2378 1651 2399 et
1679 2372 1792 2402 ﬁguram

1007 2420 1162 2447 substantia:
1178 2420 1267 2446 Patris
1283 2428 1343 2446 esu:
1361 2426 1578 2447 commemorans
1591 2417 1624 2443 '“.

1042 2467 1127 2494 IIomo
1143 2468 1222 2500 igitur
1238 2467 1323 2494 tactus
1337 2471 1377 2494 est
1400 2471 1463 2491 vere
1483 2463 1506 2490 is
1527 2470 1575 2497 per
1591 2468 1670 2497 quem
1686 2460 1750 2489 fecit.
1765 2466 1792 2488 et

1006 2515 1102 2542 ranula
1118 2514 1186 2541 Deus
1201 2514 1299 2544 Pater;
1312 2517 1340 2538 et
1355 2520 1419 2542 non,
1436 2515 1464 2536 ut
1479 2508 1598 2538 nonnulli
1620 2507 1786 2539 existimant,

1008 2563 1032 2587 in
1050 2560 1158 2588 homine
1177 2560 1237 2591 fuit,
1254 2563 1281 2584 ιιι
1304 2561 1383 2584 homo
1408 2555 1570 2590 intelligatur
1591 2562 1606 2581 a
1630 2554 1706 2581 nobis
1730 2558 1788 2580 tati-

1006 2614 1084 2639 quam
1100 2605 1182 2631 Deum
1194 2602 1297 2629 habens
1309 2600 1515 2626 inhabitantem.
1532 2598 1597 2625 Nam
1612 2598 1634 2625 si
1648 2598 1705 2624 hch
1718 2602 1789 2624 recte

1006 2658 1034 2676 se
1050 2650 1149 2676 habere
1176 2654 1238 2674 vere
1251 2646 1399 2676 conﬁdunt,
1414 2650 1631 2678 supervacaneus
1643 2649 1703 2669 esse
1717 2642 1787 2668 vide-

1007 2696 1077 2722 bitur
1088 2695 1183 2720 beatus
1196 2691 1358 2725 evangelista
1377 2689 1497 2717 Joannes
1515 2690 1608 2717 dicens
1625 2696 1632 2715 :
1651 2698 1659 2714 t
1676 2689 1707 2715 Et
1723 2688 1790 2715 Ver-

1007 2742 1068 2767 bum
1084 2746 1147 2765 caro
1162 2739 1259 2764 factum
1272 2742 1313 2763 est
1326 2736 1360 2763 “.
1377 2746 1386 2762 ι
1405 2735 1453 2763 Ubi
1467 2736 1537 2762 enim
1553 2735 1699 2762 necessitas
1712 2734 1789 2759 ἐναν-

1040 2812 1062 2828 "
1081 2810 1162 2838 Hebr.
1177 2818 1213 2841 ix,
1226 2809 1269 2837 28.
1309 2810 1330 2825 ⁸⁵
1347 2810 1427 2837 IIebr.
1442 2817 1461 2842 ι,
1474 2810 1500 2837 i.
1538 2809 1559 2825 ⁸⁷
1577 2810 1671 2837 Matth.
1685 2817 1711 2841 v,
1726 2810 1768 2836 I7.

1006 2847 1027 2861 "
1042 2846 1120 2873 Joau.
1136 2847 1209 2878 1,“.
1264 2846 1288 2862 ⁷³
1306 2846 1390 2875 Levit.
1415 2853 1485 2877 xxvi,
1506 2845 1549 2875 l‘Z;
1566 2845 1650 2872 IUor.
1677 2853 1712 2877 vi,
1731 2846 1775 2873 16.

1006 2882 1028 2896 τά
1044 2882 1052 2908 ι
1068 2882 1129 2909 Cor.
1144 2889 1178 2914 vi,
1195 2882 1236 2909 t9.

1840 278 1915 308 Ιιιιιιι,
1938 278 1959 304 si
1985 284 2036 302 non
2058 276 2146 302 factus
2164 278 2205 300 est
2225 272 2308 300 caro?
2327 272 2375 299 Vis
2395 270 2633 305 ὲνανθρωπήσεως

1839 330 1866 351 et
1879 324 1994 351 similem
2009 323 2094 350 nostri
2106 329 2167 348 eum
2180 320 2280 347 factum
2293 326 2354 346 esse
2363 317 2508 352 signiﬁcat,
2522 322 2548 343 et
2557 324 2634 342 man-

1840 369 1906 396 sisse
1919 373 2008 395 tamen
2027 368 2066 395 sic
2079 373 2186 402 quoque
2213 365 2300 399 ipsum
2327 370 2408 400 supra
2432 370 2495 394 nos,
2519 362 2573 388 imo
2587 368 2634 388 su-

1840 423 1888 450 pra
1905 416 2059 441 universam
2074 414 2159 448 ipsam
2174 417 2338 439 creaturam.

1875 461 2007 496 Oportere
2028 465 2117 487 autem
2138 458 2273 489 existimo,
2290 464 2321 483 ea
2341 463 2401 491 qum
2416 455 2481 487 dixi,
2501 453 2633 488 exemplis

1840 508 1921 534 etiam
1944 506 2121 541 comprobare
2144 509 2172 530 et
2193 502 2366 538 persuadere,
2383 501 2455 535 quod
2471 500 2632 534 Unigeuilus

1841 552 1931 579 factus
1948 552 1985 579 sit
2002 552 2092 582 homo,
2108 557 2136 577 ct
2155 550 2194 576 sit
2206 548 2285 580 Deus,
2302 548 2382 574 etiam
2402 554 2461 573 cum
2486 553 2579 577 carne,
2601 553 2632 572 ac

1842 607 1894 627 nou
1914 604 2019 625 tauttun
2035 597 2194 624 inhabilarit
2211 595 2238 622 iii
2259 595 2379 625 homine,
2400 593 2530 627 θεοφόρον
2545 593 2632 626 ipsum

1841 645 1969 677 eﬁiciens,
1988 649 2115 678 tauquam
2138 643 2215 674 alios,
2230 642 2275 676 qui
2292 640 2441 668 divinitatis
2457 639 2541 673 ipsius
2557 639 2632 665 fuere

1841 691 1995 726 participes.
2443 717 2446 719 ,
2604 685 2606 688 ’

2139 767 2214 794 CAP.
2235 766 2326 793 XVIII.

1843 825 1918 858 Quod
1931 825 2088 853 Emmanuel
2106 825 2188 851 Deum
2202 825 2321 850 habuerit
2334 824 2410 851 aliter
2426 822 2631 856 iuhabitantem,

2159 868 2237 894 quam
2258 867 2313 886 nos.

1805 916 1825 942 Β
1875 918 1919 944 Ait
1933 917 2030 944 alicubi
2046 903 2128 944 Deus‘
2138 917 2170 943 de
2191 917 2288 944 nobis:
2304 926 2314 943 ι
2330 917 2487 943 Inhaliitaho
2512 916 2538 943 in
2555 916 2630 951 ipsis,

1842 970 1868 991 et
1881 963 2063 994 inambulabo,
2084 967 2111 990 et
2127 970 2173 989 ero
2187 962 2254 997 ipsis
2273 962 2354 994 Deus,
2371 967 2397 988 et
2409 962 2457 996 ipsi
2473 967 2552 988 erttnt
2566 961 2630 988 mihi

1841 1010 1953 1044 populus
1968 1008 2001 1035 ⁷⁸.
2019 1018 2028 1033 ι
2051 1007 2103 1034 Nec
2126 1015 2179 1034 non
2199 1008 2280 1034 etiam
2308 1008 2364 1042 ipse
2388 1007 2517 1034 Dominus
2541 1012 2632 1033 noster

1841 1055 1920 1083 Jesus
1933 1054 2057 1081 Christus
2075 1063 2081 1081 :
2105 1063 2114 1078 ι
2131 1053 2199 1080 Ecce
2215 1061 2264 1088 ego
2289 1053 2384 1086 venio;
2404 1059 2430 1081 et
2444 1054 2465 1080 si
2486 1053 2546 1087 quis
2565 1053 2630 1080 mihi

1841 1100 1987 1136 aperuerit,
2016 1100 2120 1126 intrabo
2142 1107 2203 1134 ego,
2230 1103 2256 1126 et
2277 1099 2346 1134 apud
2365 1107 2426 1125 eum
2454 1099 2579 1129 cantabo,
2605 1105 2632 1126 ct

1842 1146 1931 1178 Pater,
1944 1151 1970 1173 et
1986 1146 2018 1172 ad
2033 1153 2093 1172 eum
2105 1145 2253 1177 veniemus,
2269 1150 2296 1172 et
2308 1145 2474 1172 mansionem
2487 1146 2556 1180 apud
2569 1153 2630 1171 etttn

1843 1192 2015 1220 faciemus”.
2034 1202 2044 1218 ›
2064 1191 2198 1219 Nomiuati
2214 1199 2306 1218 sumus
2318 1192 2399 1218 etiam
2414 1192 2541 1225 templum
2562 1190 2607 1217 Dei
2621 1198 2629 1217 :

1845 1249 1853 1265 ι
1872 1240 1923 1267 Vos
1945 1239 2027 1271 enim,
2053 1238 2149 1273 inquit,
2168 1237 2266 1271 templa
2281 1237 2346 1264 estis
2369 1236 2415 1264 Dei
2437 1237 2489 1263 vivi
2513 1237 2544 1263 ⁷⁸.
2562 1246 2571 1261 ι
2600 1236 2630 1263 Et

1844 1293 1937 1312 rursus
1948 1295 1953 1313 :
1963 1294 1973 1311 ι
1985 1284 2099 1312 Nescitis
2107 1291 2219 1318 corpora
2232 1287 2320 1310 vestra
2333 1283 2460 1318 templum
2476 1290 2535 1310 csse
2547 1283 2632 1317 Spiri-

1845 1336 1886 1358 tus
1899 1331 1996 1364 sancti,
2009 1331 2053 1365 qui
2067 1335 2108 1357 est
2127 1330 2152 1356 iu
2167 1329 2252 1362 vobis,
2265 1336 2344 1363 quem
2356 1329 2460 1356 habetis
2471 1337 2485 1355 a
2497 1329 2552 1355 Deo
2562 1329 2604 1355 "‘2
2619 1338 2628 1353 ι

1847 1376 1943 1404 Verum
1955 1377 1975 1403 si
1990 1377 2026 1403 ita
2040 1376 2125 1409 aiunt,
2136 1377 2222 1409 ipsutn
2242 1382 2349 1410 quoqtte
2361 1382 2390 1401 se
2406 1375 2504 1401 habere
2522 1374 2632 1401 Emma-

1844 1423 2096 1457 nuel,ct,tanquam
2109 1427 2327 1455 unumquemque
2337 1426 2468 1453 nostrum,
2480 1420 2634 1447 inhabitari-

1845 1472 1898 1494 tem
1908 1468 1933 1494 in
1943 1475 2003 1494 sese
2012 1467 2094 1493 Deum
2106 1466 2244 1498 habuisse,
2260 1471 2351 1500 aperte
2361 1466 2559 1499 conﬁteantur;
2571 1473 2631 1492 etnn

1846 1512 1930 1546 ipsum
1957 1511 2065 1538 adorari
2088 1511 2268 1544 conspiciunt,
2288 1515 2341 1537 tam
2360 1518 2374 1536 a
2399 1510 2485 1542 nobis,
2502 1518 2581 1545 quam
2598 1511 2633 1538 ab

1845 1557 1956 1592 angelis,
1973 1557 1998 1583 in
2017 1556 2085 1584 caalo
2099 1557 2200 1591 pariter
2215 1560 2242 1583 et.
2253 1556 2280 1583 in
2298 1561 2380 1588 terra,
2397 1557 2559 1583 erubescant
2571 1561 2633 1583 tan-

1846 1612 1925 1638 quam
1949 1605 2054 1631 diversa
2079 1603 2220 1638 alienaque
2245 1602 2402 1634 sentientes,
2419 1607 2446 1629 et
2469 1602 2633 1629 Litterarum

1846 1657 1985 1677 sacrarum
2007 1650 2171 1684 proposilum
2190 1649 2351 1681 nescientes,
2374 1656 2424 1676 nec
2448 1648 2578 1675 habentes
2606 1648 2633 1675 iu

1846 1703 1875 1723 se
1892 1696 1981 1728 ﬁderit,
1999 1703 2078 1730 quam
2099 1695 2176 1722 nobis
2193 1695 2371 1727 tradiderunt,
2395 1694 2440 1728 qui
2460 1694 2485 1721 iit
2502 1694 2634 1728 principio

1846 1746 1872 1767 et
1885 1741 2020 1773 viderunt,
2038 1745 2065 1767 et
2082 1740 2303 1766 ministraverunt
2322 1738 2420 1765 Verbo.

1883 1787 1910 1813 Si
1931 1792 2021 1813 autem
2043 1786 2143 1818 dicant,
2162 1786 2232 1820 quod
2249 1789 2390 1820 propterea
2413 1785 2483 1812 Deus
2498 1785 2544 1818 sit,
2562 1789 2588 1811 et
2605 1789 2634 1811 ιιι

1846 1833 1916 1860 Deus
1930 1832 2106 1867 gloriﬁcetnr,
2123 1833 2186 1866 quia
2204 1832 2229 1858 in
2243 1839 2275 1859 eo
2288 1836 2390 1858 tantum
2408 1831 2569 1858 inhabitarit
2586 1831 2631 1858 Dei

1844 1880 1931 1907 Patris
1953 1879 2088 1911 Verbum,
2109 1886 2139 1905 ac
2156 1886 2208 1905 non
2231 1883 2383 1913 propterea,
2405 1878 2467 1913 quia
2487 1877 2575 1904 factus
2597 1878 2633 1905 sit

1845 1927 1943 1957 horno;
1956 1925 2066 1952 audient.
2078 1932 2170 1952 rursus
2186 1933 2198 1951 a
2213 1925 2289 1951 nobis
2304 1933 2310 1950 ε
2323 1924 2350 1951 Si
2364 1924 2407 1957 iis,
2418 1924 2464 1958 qui
2479 1923 2632 1950 inhabitan-

1845 1978 1898 1999 tem
1917 1972 1941 1998 in
1962 1979 1990 1999 se
2004 1970 2088 1998 Deum
2105 1970 2258 2004 habuerint,
2272 1970 2337 1997 satis
2348 1975 2399 1999 est.
2413 1974 2441 1996 ut
2456 1970 2557 1996 idcirco
2568 1977 2632 1996 vere

1843 2020 1880 2046 dii
1897 2027 1957 2046 esse
1970 2018 2084 2054 possint,
2099 2022 2126 2044 et
2140 2018 2173 2043 ab
2191 2017 2345 2043 hominibus
2365 2016 2522 2047 adorentur,
2537 2022 2633 2042 omnes

1843 2072 1910 2093 sane
1927 2065 2014 2100 angeli
2032 2064 2210 2097 hominesque
2225 2064 2280 2090 sint
2299 2063 2334 2089 dii
2348 2067 2375 2089 et
2390 2062 2538 2093 adorandi;
2553 2061 2633 2088 inha-

1843 2112 1911 2139 bitat
1922 2111 1992 2138 enim
2012 2111 2081 2137 Deus
2100 2110 2125 2136 iu
2142 2108 2243 2136 sanctis
2254 2107 2366 2141 angelis.
2387 2106 2533 2134 [tabuimus
2549 2107 2631 2133 etiam

1844 2164 1892 2184 nos
1910 2157 1998 2191 ipsum
2013 2156 2039 2182 in
2056 2156 2133 2182 nobis
2146 2162 2194 2189 per
2209 2154 2340 2188 Spiritum
2357 2158 2495 2186 sanctum;
2515 2154 2561 2180 sed
2577 2161 2630 2180 non

1843 2202 1941 2229 suﬁicit
1954 2203 2004 2228 hoc
2019 2202 2171 2232 ostendere,
2190 2205 2284 2227 natura
2296 2200 2361 2226 deos
2372 2205 2398 2226 et
2419 2199 2570 2226 adorandos
2584 2206 2632 2225 e05

1844 2249 1889 2281 qui
1909 2248 2006 2274 habent
2025 2246 2155 2281 Spiritum
2170 2250 2304 2273 sanctum.
2323 2245 2406 2279 Igitur
2422 2253 2473 2272 non
2489 2250 2632 2279 propterea

1844 2292 1916 2319 Deus
1935 2297 1985 2324 est,
1999 2299 2024 2318 et
2039 2293 2193 2319 adorandus
2208 2290 2376 2323 Emmanuel,
2388 2291 2459 2325 quod
2473 2292 2632 2318 inhabitat-it

1842 2338 1868 2365 in
1886 2345 1927 2369 eo,
1956 2344 2080 2373 tanquam
2107 2339 2132 2365 in
2159 2338 2265 2365 homine
2288 2337 2434 2370 communi,
2460 2341 2487 2364 et
2509 2344 2631 2364 seorsum

1842 2384 2018 2419 intelligendo
2041 2390 2068 2411 et
2085 2385 2110 2411 in
2127 2389 2202 2418 parte
2222 2384 2304 2411 Deum
2328 2382 2462 2415 Verbum;
2486 2383 2533 2409 sed
2558 2383 2632 2417 quod

1841 2429 1941 2457 fuettnn
1964 2431 2000 2457 sit
2013 2438 2088 2462 caro,
2108 2431 2134 2457 id
2149 2434 2202 2462 est,
2221 2430 2302 2456 homo
2321 2438 2327 2455 :
2353 2429 2450 2456 mansit
2466 2429 2537 2456 enim
2559 2429 2631 2456 idem

1840 2480 1867 2502 et
1879 2475 1960 2508 Deus,
1977 2481 2003 2503 et
2017 2475 2182 2503 adorandus.

2103 2542 2183 2577 792
2202 2540 2279 2569 CAP.
2298 2540 2369 2567 xui.

1878 2602 1956 2628 Dicta
1975 2601 2119 2635 apostolica
2138 2600 2277 2661 inanibus
2297 2599 2366 2626 Deus
2386 2598 2537 2625 nominatus
2557 2602 2594 2624 est

2200 2640 2299 2661 tristris.

2200 2640 2299 2662 tristris.

1880 2693 1918 2719 De
1932 2692 2062 2727 mysterio
2078 2691 2171 2718 dicens
2186 2690 2332 2717 secundum
2351 2689 2488 2716 Christum
2504 2697 2511 2715 :
2529 2697 2538 2713 ι
2554 2688 2632 2721 Quod

1839 2739 1908 2771 aliis,
1916 2738 2013 2772 inquit,
2026 2735 2248 2772 generationibus
2256 2743 2308 2762 non
2319 2739 2359 2762 est
2370 2734 2491 2769 agnitum
2502 2733 2563 2761 ﬁliis
2579 2733 2631 2760 ho-

1808 2810 1830 2825 “
1849 2808 1898 2836 Isa.
1915 2817 1963 2840 ιιι,
1976 2808 2003 2835 8.
2051 2806 2072 2823 ⁸³
2090 2805 2172 2833 IIebr.
2188 2813 2209 2836 t,
2225 2806 2248 2832 I.
2290 2806 2313 2821 "°
2331 2795 2397 2833 ibid.
2411 2805 2438 2831 ‘2.
2463 2805 2500 2840 7'“
2521 2803 2630 2840 ibid.75.

1831 2845 1854 2860 ⁷⁸
1872 2847 1955 2878 Apoc.
1977 2851 2018 2881 ut,
2043 2842 2092 2874 20;
2120 2841 2197 2869 .Ioau.
2214 2848 2267 2873 xtv,
2297 2842 2338 2868 16.
2387 2840 2410 2855 ⁷³
2429 2839 2514 2867 ICor.
2530 2847 2570 2871 tu,
2587 2839 2631 2866 Π.
