6812 6496
1689 508 1846 563 1395
2631 505 2918 560 SCIIULIA
2962 504 3051 558 DE
3087 501 3606 559 INCARNATIONE
3647 501 4020 559 UNICENITI.
4350 472 4359 483 ’

2631 505 2918 560 SCIIULIA
2962 504 3051 558 DE
3087 501 3606 559 INCARNATIONE
3647 501 4020 559 UNICENITI.
4350 472 4359 483 ’
4841 500 4978 555 ιδεμ

1685 622 2089 686 rninum,sicut
2104 635 2247 676 nunc
2268 620 2561 676 revelatum
2580 629 2664 675 est
2680 621 2884 675 sanctis
2904 620 3276 690 apostolis".i
3311 622 3359 677 Α
3391 636 3410 669 ι
3443 617 3709 690 Apparuit
3732 618 3875 672 enim
3902 616 4073 689 gratia
4102 615 4196 671 Dei
4227 615 4519 671 salvatoris
4548 614 4829 679 omnibus,
4849 628 4978 668 eru-

1684 714 1759 770 Et
1788 731 1807 770 :
1866 732 1887 766 ι
1919 712 2234 783 Mysterium
2270 715 2413 783 quod
2462 714 2838 769 absconditum
2887 713 2989 767 fuit
3014 730 3043 768 ιι
3078 713 3290 768 saeculis

1687 817 1749 861 et
1778 806 2255 876 generationibus,
2289 820 2431 860 nunc
2455 813 2637 859 autem
2673 805 3018 859 manifestum
3052 815 3136 860 est
3161 818 3288 859 san-

1683 897 1798 951 ctis
1829 896 1971 963 ejus,
2003 896 2201 966 quibus
2230 896 2400 951 voluit
2428 897 2670 952 revelare
2705 897 2921 951 divitias
2951 897 3135 968 gloriae
3172 911 3289 967 my-

1686 990 1850 1045 sterii
1885 989 2044 1057 lmjus
2068 990 2123 1045 in
2149 990 2422 1061 gentibus,
2453 992 2598 1061 quod
2632 1002 2714 1046 est
2741 991 3015 1058 Christus,
3048 993 3103 1046 in
3141 991 3291 1046 vobis

1687 1096 1825 1151 spes
1873 1081 2080 1151 gloriae,
2112 1096 2273 1151 quem
2315 1099 2416 1138 nos
2457 1084 2925 1138 annuntiamus".
2967 1103 2986 1136 ι
3023 1085 3080 1140 Si
3132 1084 3294 1154 igitur

1689 1183 1782 1228 est
1827 1173 2113 1244 θεοφόρος,
2144 1185 2197 1230 et
2230 1191 2337 1231 non
2379 1175 2520 1231 Deus
2566 1192 2714 1239 vere,
2745 1177 3019 1245 quomodo
3055 1177 3173 1247 ipse
3210 1185 3293 1231 est

1689 1264 1908 1319 divitia:
1934 1267 2121 1335 gloria:
2157 1268 2424 1337 mysterii,
2451 1269 2595 1338 quod
2623 1270 2974 1323 annuntiatnr
3002 1268 3295 1341 gentibus?

1694 1354 1799 1410 Vel
1835 1356 2107 1425 quomodo
2130 1358 2353 1414 omnino
2381 1360 2521 1415 Deus
2542 1360 2940 1416 anmmtiatur?

2346 1468 2499 1524 CAP.
2536 1468 2655 1526 XX.

2408 1584 2595 1639 Aliud.

1777 1708 1797 1741 ι
1834 1689 1966 1745 Volo
1995 1692 2139 1747 enim
2175 1708 2271 1750 vos
2305 1694 2450 1751 scire
2485 1698 2703 1767 qualem
2735 1701 3153 1759 sollicitudinem
3198 1707 3294 1759 ha-

1698 1780 1858 1835 beam
1900 1799 1996 1852 pro
2018 1784 2169 1840 vobis
2192 1795 2249 1840 et
2278 1801 2375 1856 pro
2404 1788 2469 1843 iis
2492 1789 2582 1858 qui
2607 1802 2731 1847 sunt
2756 1792 3057 1863 Laodicere,
3084 1806 3138 1851 et
3166 1798 3290 1867 qui-

1697 1888 1917 1941 cunque
1968 1891 2075 1930 non
2130 1878 2385 1935 viderunt
2418 1880 2612 1936 faciem
2670 1900 2844 1939 meam
2896 1887 2947 1940 in
3001 1904 3185 1954 carne,
3237 1900 3295 1946 ut

1698 1966 2058 2022 consolentur
2087 1971 2252 2024 corda
2303 1972 2567 2041 ipsorum,
2604 1976 2853 2033 instructi
2904 1982 2955 2033 in
3000 1981 3290 2050 eharitate,

1697 2055 1834 2111 etin
1865 2072 2055 2112 omnes
2077 2061 2293 2118 divitias
2323 2065 3029 2139 plenitudinisintellectus,
3061 2075 3115 2130 in
3143 2078 3291 2145 agni-

1701 2146 1907 2202 tionem
1956 2151 2201 2221 mystcrii
2235 2150 2331 2209 Dei
2386 2155 2586 2212 Christi
2623 2157 2691 2212 τ’.
2725 2178 2743 2211 ι
2785 2159 2925 2217 Ecce
2976 2168 3287 2235 mysterium

1701 2238 1820 2304 Dei,
1850 2242 2166 2311 mysterium
2203 2247 2449 2301 nominat
2469 2247 2693 2315 Christi,
2717 2266 2771 2308 et
2804 2254 2964 2321 plene
2991 2255 3290 2328 intelligere

1696 2332 1961 2399 quosdam
1988 2334 2104 2388 vult
2133 2335 2185 2389 in
2214 2338 2541 2407 agnitionem
2575 2341 2764 2412 ipsius.
2795 2345 2912 2412 Quo
2933 2347 3098 2416 igitur
3129 2349 3288 2405 intel-

1697 2421 1843 2477 lectu
1890 2439 2027 2493 opus
2058 2436 2200 2490 erat,
2255 2428 2559 2487 volentibus
2592 2433 2793 2489 Christi
2841 2441 3157 2509 mysterium
3208 2442 3290 2495 di-

1694 2528 1882 2579 scere,
1907 2516 1951 2568 si
1990 2514 2207 2573 fuerant
2241 2521 2501 2589 audituri,
2541 2528 2684 2593 quod
2730 2527 3060 2585 inliabitaret
3106 2532 3156 2584 in
3194 2534 3290 2586 Ito-

1695 2604 1847 2659 mine
1885 2603 2072 2662 Deus?
2118 2607 2267 2679 Opus
2305 2622 2390 2667 est
2432 2622 2611 2671 autem
2664 2618 2833 2673 nimio
2881 2622 3179 2687 intellectu,
3232 2637 3289 2680 ut

1692 2694 1845 2749 scias
1870 2703 2058 2752 contra
2090 2702 2235 2769 quod
2277 2701 2537 2771 Verbum,
2587 2722 2712 2762 cum
2766 2710 2839 2765 sit
2887 2712 3048 2778 Deus,
3085 2714 3287 2770 factum

1691 2786 1762 2843 sit
1800 2788 1990 2843 homo.

2326 2909 2481 2965 CAP.
2522 2911 2662 2968 XXI.

2416 3024 2599 3081 Aliud.

1773 3149 1793 3182 ι
1840 3130 1879 3184 Α
1911 3131 2064 3188 vobis
2095 3133 2238 3188 enim
2273 3137 2450 3191 sonuit
2479 3153 2661 3193 sermo
2690 3140 2924 3208 Domini,
2963 3161 3069 3202 non
3113 3149 3287 3205 solum

1694 3220 1748 3274 in
1781 3220 2102 3280 Macedonia
2136 3236 2190 3280 et
2212 3225 2449 3297 Achaia;
2478 3232 2574 3287 sed
2598 3236 2745 3289 omni
2777 3236 2895 3292 loco
2920 3240 3051 3293 lldcs
3083 3253 3286 3312 vestra,

1694 3329 1822 3409 quae
1854 3324 1937 3370 est
1966 3316 2032 3371 ad
2074 3318 2265 3385 Deum,
2291 3322 2458 3377 exivit
2488 3323 2556 3379 θ’.
2589 3343 2609 3377 ι
2646 3326 2784 3383 Ecce
2813 3329 3006 3385 iterum
3040 3333 3091 3387 in
3123 3335 3288 3399 Deum
3316 3351 3361 3409 (ζ

1696 3407 1862 3463 tidem
1891 3409 2088 3466 factam
2128 3426 2252 3468 esse
2282 3429 2691 3485 commemorat,
2718 3435 2839 3475 cum
2858 3424 3022 3478 etiam
3044 3424 3296 3487 Christus

1692 3500 1876 3557 dicat:
1906 3519 1925 3553 ι
1955 3501 2056 3570 Qui
2086 3506 2265 3561 credit
2294 3506 2346 3561 in
2373 3524 2478 3575 me,
2502 3509 2665 3566 habet
2690 3511 2853 3568 vitam
2885 3523 3141 3573 aeternam
3167 3521 3236 3579 ⁸¹.
3271 3544 3290 3576 ι

1694 3592 2021 3652 Sermonem
2051 3606 2231 3656 autem
2264 3601 2702 3670 praedicationem
2736 3607 2867 3662 dicit
2899 3610 2964 3665 de
2994 3612 3191 3684 seipso.

2312 3736 2463 3792 CAP.
2508 3737 2677 3797 XXII.

2404 3851 2589 3910 Aliud.

1769 3975 1796 4010 ι
1836 3959 1940 4027 Ipsi
1993 3962 2137 4015 enim
2187 3966 2341 4021 scitis
2375 3968 2659 4024 introitum
2710 3984 2951 4029 nostrum
2989 3980 3130 4048 apud
3171 3997 3289 4044 vos,

1618 4094 1623 4099 .
1691 4049 1955 4121 quoniam
2002 4069 2110 4108 non
2142 4053 2321 4111 inanis
2361 4057 2503 4124 fuit;
2543 4063 2638 4114 sed
2669 4072 2796 4117 ante
2835 4066 2998 4119 multa
3043 4070 3210 4137 passi,
3238 4079 3293 4125 et

1691 4144 2047 4201 contumeliis
2078 4145 2280 4213 allecti,
2317 4149 2653 4217 sicutscitis,
2688 4154 2739 4208 in
2776 4153 3063 4226 Philippis,
3096 4160 3285 4216 conﬁsi

1693 4234 1903 4291 fuimus
1928 4238 1982 4290 in
2012 4238 2125 4295 Deo
2161 4240 2396 4310 colloqui
2427 4243 2493 4297 ad
2529 4259 2624 4299 vos
2665 4246 3018 4319 Evangelinm
3054 4252 3144 4308 Dei
3172 4253 3239 4307 δ’.
3262 4272 3282 4306 ι

1690 4324 1840 4383 Ecce
1878 4327 2108 4398 loquens
2135 4330 2188 4386 in
2231 4333 2365 4403 Deo,
2407 4334 2503 4391 Dei
2552 4337 2899 4409 Evangelium
2929 4346 3285 4411 memoravit;

1691 4419 1789 4490 qui
1815 4420 2074 4491 praedicat
2109 4425 2367 4495 gentibus
2393 4427 2694 4485 Christum.

2297 4557 2453 4616 CAP.
2493 4560 2681 4619 XXIII.

2398 4671 2586 4729 Aliud.

1774 4803 1797 4839 ι
1817 4783 2220 4853 Recordamini,
2241 4787 2460 4857 fratres,
2482 4789 2719 4846 laborem
2742 4798 2928 4846 nostru
2939 4807 2987 4845 ιιι
3010 4803 3065 4847 et
3087 4809 3281 4848 aerum-

1694 4894 1843 4944 nam,
1877 4889 2042 4935 nocte
2066 4888 2121 4934 et
2147 4880 2231 4933 die
2253 4890 2568 4950 operantes,
2600 4898 2667 4938 ne
2689 4898 2847 4953 quem
2879 4891 3120 4939 vestrum
3147 4901 3277 4957 gra-

1691 4986 1971 5036 varemus;
1993 4971 2403 5042 praedicavimus
2424 4973 2771 5044 Evangelium
2792 4973 2885 5029 Dei
2909 4976 3048 5030 inter
3066 4977 3233 5033 vos”.
3248 4996 3265 5028 ι

1695 5060 1764 5117 Et
1795 5061 1990 5117 iterum
2025 5075 2039 5110 :
2079 5078 2098 5112 ι
2126 5059 2421 5130 Propterea
2463 5071 2519 5115 et
2552 5077 2652 5117 nos
2682 5062 2886 5133 gratias
2925 5064 3136 5134 agimus
3167 5063 3275 5121 Deo

1693 5153 1814 5208 sine
1863 5153 2308 5221 intermissione;
2359 5153 2613 5223 quoniam
2661 5170 2784 5209 cum
2820 5155 3199 5225 percepissetis
3245 5172 3274 5212 a

1694 5244 1854 5300 nobis
1879 5244 2125 5309 verbum,
2153 5246 2339 5301 auditu
2370 5245 2464 5301 Dei
2503 5245 2812 5315 excepistis,
2837 5262 2943 5301 non
2972 5256 3028 5301 ut
3053 5249 3275 5305 verbum

1695 5332 1997 5400 hominum,
2027 5334 2121 5390 sed
2148 5344 2206 5388 nt
2229 5336 2457 5404 verbum
2481 5337 2599 5402 Dei,
2627 5337 2715 5406 qui
2739 5347 2994 5406 operatur
3022 5338 3078 5393 in
3100 5340 3275 5406 vobis,

1694 5426 1787 5493 qui
1827 5427 2137 5482 credidistis
2180 5427 2249 5482 ⁸³.
2286 5447 2306 5480 ι
2357 5429 2553 5485 Nonne
2595 5430 2877 5485 evidenter
2925 5430 3276 5501 Evangelium

1698 5514 1821 5581 Dei,
1843 5525 1893 5572 et
1928 5518 2021 5573 Dei
2054 5519 2278 5574 verbum
2309 5521 2748 5587 praedicationem
2786 5522 2852 5577 de
2886 5521 3106 5578 Christo
3126 5537 3277 5578 com-

1698 5609 2001 5665 memorat?
2029 5610 2226 5681 quippe
2253 5610 2304 5664 id
2327 5611 2579 5668 omnibus
2611 5611 3111 5670 manifestissimum
3144 5623 3227 5670 est
3259 5631 3276 5669 :

1768 5815 1814 5883 ’θ’
1848 5813 2041 5881 Ephes.
2075 5829 2153 5880 Ill,
2182 5814 2235 5869 5.
2313 5816 2358 5847 ⁷⁸
2387 5814 2593 5873 Coloss.
2624 5834 2663 5883 ι,
2688 5820 2777 5876 ‘26.
2858 5821 2902 5851 "
2936 5819 3142 5875 Coloss.
3172 5835 3230 5882 tt,
3264 5821 3308 5873 Ι.

1700 5882 2022 5957 ξῖλτιιρδδ.
2058 5885 2195 5957 ιι,4.
2248 5956 2251 5957 ν
2310 5885 2356 5918 ⁸⁵
2410 5888 2539 5943 ibid.
2572 5882 2657 5945 15.
2772 5891 2837 5923 "‘
2873 5889 2978 5944 Tit.
3035 5908 3095 5957 tt,
3166 5893 3250 5947 ll.

1699 5953 1741 5981 '"'
1762 5950 1937 6012 Galat.
1967 5968 2006 6022 t,
2033 5958 2084 6009 ὅ.
2164 5956 2207 5990 ”
2242 5956 2372 6013 ibid.
2406 5976 2415 5981 ·

3329 5890 3372 5922 ⁸⁸
3408 5889 3607 5947 Jerem.
3659 5906 3698 5957 ι,
3741 5890 3795 5946 5.
3874 5888 3918 5921 ⁸⁸
3957 5886 4114 5943 Rom.
4164 5901 4238 5953 tv,
4300 5884 4353 5939 9.

3393 712 3545 768 diens
3579 728 3697 777 nos,
3734 722 3792 766 ut
3838 712 4169 777 abnegantes
4217 711 4554 779 impietatem
4607 720 4663 765 et
4693 708 4978 765 saecularia

3393 803 3683 869 desideria,
3738 803 3920 857 sobrie
3964 814 4019 857 et
4058 801 4205 869 juste
4233 811 4287 858 et
4321 805 4413 873 pie
4458 805 4725 865 vivamus,
4776 801 4828 855 in
4881 801 4983 854 hoc

3368 895 3613 960 assmulo,
3665 904 4061 963 exspectantes
4097 896 4310 950 beatam
4361 910 4536 965 spem,
4581 903 4638 948 et
4683 894 4977 948 adventum

3394 985 3578 1055 gloriae
3598 986 3774 1057 magni
3793 985 3884 1041 Dei
3900 986 4267 1041 et’Salvatoris
4287 986 4456 1041 nostri
4479 982 4606 1039 Jesu
4631 984 4835 1039 Christi
4855 982 4975 1037 δι’.»

3395 1078 3536 1134 Ecce
3576 1078 3738 1146 Deus,
3787 1088 3845 1133 et
3887 1096 4137 1151 magnus,
4187 1079 4500 1149 plenissime
4535 1078 4847 1132 nominatus
4896 1085 4983 1132 est

3398 1171 3656 1227 Dominus
3684 1170 4052 1228 noster-Iesus
4081 1174 4333 1228 Christus
4362 1192 4376 1227 :
4403 1172 4516 1241 ipse
4541 1181 4623 1226 est
4656 1171 4801 1225 enim
4826 1168 4981 1236 cujus

3393 1262 3681 1317 adventum
3733 1264 3919 1333 gloria:
3983 1274 4399 1335 exspectantes,
4459 1263 4638 1319 sobrie
4691 1263 4874 1315 vivere
4924 1271 4983 1315 et

3395 1356 3949 1425 irreprehensibiliter
4008 1357 4352 1411 festinantes.
4410 1355 4517 1410 Sed
4576 1355 4620 1408 si
4684 1363 4771 1409 est
4813 1355 4976 1408 homo

3395 1446 3677 1517 θεοφόρος,
3711 1449 3986 1516 quomodo
4011 1449 4083 1501 sit
4111 1461 4337 1517 magnus
4367 1445 4548 1500 Deus?
4579 1443 4672 1499 Vel
4711 1444 4981 1513 quomodo

3394 1539 3555 1593 beata
3587 1553 3713 1610 spes
3741 1539 3793 1591 in
3819 1538 3983 1592 eum?
4010 1537 4288 1607 Siquidem
4321 1552 4485 1592 verus
4508 1546 4593 1592 est
4624 1534 4864 1604 profecto
4892 1531 4983 1589 Je-

3395 1630 3594 1684 remias
3619 1629 3804 1682 dicens
3834 1646 3848 1682 :
3891 1646 3910 1678 ι
3948 1626 4269 1683 Maledictus
4299 1628 4405 1696 ιιιιὶ
4430 1641 4581 1697 spem
4632 1642 4787 1682 suam
4831 1627 4984 1695 ponit

3394 1721 3448 1775 in
3481 1722 3698 1775 homine
3723 1720 3790 1773 ⁸⁸.
3824 1738 3844 1773 ι
3884 1718 4069 1789 Neque
4090 1721 4234 1774 enim
4266 1720 4432 1774 Deum
4464 1721 4635 1789 ipsum
4668 1718 4840 1787 possit
4863 1717 4982 1771 elli—

3395 1827 3539 1879 cere,
3569 1823 3630 1868 ut
3669 1822 3798 1868 ante
3825 1812 3962 1876 dixi,
4001 1813 4052 1867 id
4088 1814 4233 1882 quod
4268 1825 4353 1869 est
4399 1815 4567 1869 Deum
4608 1823 4847 1883 portare.
4881 1812 4982 1866 De-

3395 1906 3561 1975 nique
3590 1905 3822 1960 doceant
3845 1921 3966 1969 nos,
4002 1905 4130 1974 quid
4157 1906 4411 1974 impediat
4438 1904 4574 1960 alios
4598 1905 4762 1958 etiam
4793 1918 4983 1957 omnes

3327 1982 3367 2036 Β
3398 2001 3527 2055 deos
3557 2012 3689 2055 esse
3723 2008 3777 2053 et
3803 1998 4130 2063 adorandus,
4157 1999 4246 2066 qui
4280 1998 4332 2051 in
4363 2010 4421 2052 se
4455 1995 4741 2051 habuerint
4771 1994 4983 2050 Deum?

3395 2091 3562 2145 Deum
3598 2103 3776 2147 autem
3807 2100 3864 2147 et
3897 2106 4149 2163 maguum
4180 2099 4234 2145 et
4265 2092 4508 2152 beatum,
4541 2088 4824 2144 habentem
4858 2088 4981 2142 illu-

3394 2185 3744 2240 minationem
3788 2185 4064 2241 Christum
4103 2184 4345 2237 nominat
4394 2183 4584 2237 beatus
4618 2181 4840 2245 Paulus,
4887 2182 4979 2249 qui

3394 2277 3668 2333 invenitur
3689 2278 3878 2332 dicens
3903 2278 3971 2333 dc
3992 2276 4196 2332 Judteis
4218 2286 4273 2330 et
4295 2272 4620 2330 Emmanuel
4646 2291 4659 2327 :
4691 2290 4709 2323 ι
4740 2271 4979 2339 Quorum
5022 2330 5039 2337 ‘

3393 2378 3597 2438 patres,
3631 2377 3684 2424 et
3717 2377 4122 2432 testamentum,
4157 2377 4210 2421 et
4243 2366 4654 2435 promissiones,
4688 2374 4744 2418 et
4766 2378 4829 2418 ex
4856 2364 4978 2432 qui-

3394 2462 3495 2516 bus
3526 2461 3776 2517 Christus
3817 2461 4116 2517 seeundnm
4153 2473 4396 2526 carnem,
4430 2457 4522 2524 qui
4556 2466 4637 2512 est
4673 2472 4835 2524 super
4864 2472 4982 2511 om-

3394 2553 3479 2607 nia
3511 2553 3828 2608 benedictus
3859 2566 3911 2605 tn
3941 2551 4138 2606 szecula
4174 2549 4521 2604 surculorum.
4559 2549 4734 2602 Amen
4777 2547 4845 2599 “.
4885 2566 4909 2599 ι

3461 2644 3614 2712 Quod
3664 2658 3802 2699 vero
3828 2643 4127 2699 secundum
4179 2642 4416 2696 divinam
4468 2640 4855 2694 revelationem
4899 2639 4981 2691 l'a-

3391 2737 3565 2792 ciebat
3599 2736 4066 2806 przedicationetn,
4095 2734 4435 2804 perspicuum
4465 2732 4549 2795 fit,
4581 2732 4705 2799 ipso
4724 2731 4941 2785 dicente
4966 2748 4979 2783 ε

3398 2845 3418 2879 ‹
3464 2826 3668 2882 Deinde
3712 2835 3832 2897 post
3863 2840 4037 2879 annos
4067 2822 4480 2895 quattuordecim
4519 2823 4712 2876 iterum
4763 2822 4981 2876 aseendi

3396 2918 3824 2990 Hierosolymam
3856 2932 3979 2973 cum
4017 2916 4291 2979 Barnaba,
4315 2925 4598 2984 assumpto
4638 2913 4800 2968 etiam
4837 2910 4979 2966 Tito.

3392 3010 3622 3066 Ascendi
3667 3019 3846 3064 autem
3888 3011 4186 3065 secundum
4227 3005 4638 3069 revelationem,
4668 3013 4724 3059 et
4755 3003 4980 3070 exposui

3391 3101 3475 3157 eis
3516 3099 3893 3171 Evangelium,
3936 3100 4079 3169 quod
4124 3098 4362 3167 praedico
4395 3095 4684 3166 gentibus;
4736 3108 4979 3149 seorsum

3393 3204 3572 3249 autem
3628 3195 3693 3248 iis
3738 3193 3831 3262 qui
3878 3192 4206 3247 videbantur
4231 3188 4434 3258 aliquid
4471 3202 4613 3251 esse,
4650 3201 4719 3240 ne
4759 3187 4899 3241 forte
4927 3187 4979 3240 in

3392 3299 3620 3340 vacuum
3641 3298 3944 3347 currerem,
3971 3290 4063 3337 aut
4085 3281 4448 3337 cucurrissent
4481 3280 4548 3334 ⁸⁷.
4587 3299 4607 3334 ι
4633 3279 4793 3351 793
4818 3279 4981 3334 Chri-

3396 3386 3540 3432 stum
3564 3376 3870 3446 praedicans
3899 3375 4170 3447 gentibus,
4202 3385 4262 3429 ut
4298 3374 4489 3439 Deum,
4525 3374 4767 3429 divinum
4800 3374 4978 3428 nomi-

3399 3480 3491 3524 nat
3520 3470 3688 3538 ipsius
3725 3468 3925 3538 ubique
3963 3467 4301 3539 mysterium.
4344 3466 4604 3522 Ascendit
4641 3479 4737 3535 per
4772 3465 4981 3521 revela-

3398 3562 3598 3616 tionem
3650 3560 4104 3630 Hierosolymam,
4148 3566 4204 3613 et
4250 3558 4505 3629 exposuit
4549 3558 4635 3613 his
4679 3558 4771 3627 qui
4831 3558 4982 3612 vide—

3397 3652 3598 3707 bantur
3624 3648 3827 3721 aliquid
3872 3663 4015 3714 esse,
4054 3649 4241 3714 idest,
4291 3649 4499 3703 sanctis
4543 3647 4825 3718 apostolis,
4869 3649 4983 3701 sive

3396 3744 3699 3815 discipulis,
3734 3757 3803 3798 ne
3837 3742 3977 3797 forte
4008 3742 4060 3796 in
4094 3756 4321 3796 vacuum
4361 3749 4567 3795 currat.
4595 3740 4731 3796 Cum
4759 3755 4886 3793 vero
4914 3739 4982 3792 ab

3398 3834 3789 3904 Hierosolymis
3819 3832 4214 3894 descendisset,
4247 3839 4302 3883 et
4349 3844 4536 3883 rursus
4580 3829 4821 3897 gentium
4853 3844 4980 3896 gre-

3394 3927 3552 3993 gibus
3579 3923 3939 3987 interfuisset,
3962 3919 4343 3976 emendavitne
4366 3918 4567 3986 aliquid
4587 3932 4651 3971 ex
4676 3916 4981 3985 prioribus?

3391 4016 3582 4072 Nonne
3619 4013 3987 4084 perseveravit
4032 4011 4201 4064 Deum
4243 4009 4508 4065 conlitens
4532 4006 4807 4063 Christum
4828 4006 4854 4059 τ
4882 4006 4977 4061 At-

3390 4125 3497 4180 que
3522 4109 3644 4164 ideo
3679 4105 3869 4162 scribit
3893 4102 4217 4174 quibusdam
4263 4119 4277 4155 :
4313 4119 4334 4155 ι
4370 4101 4537 4155 Miror
4573 4100 4715 4169 quod
4751 4100 4830 4155 sic
4868 4102 4976 4154 cito

3393 4197 3786 4255 transferimini
3817 4195 3885 4251 ab
3911 4209 3998 4260 eo,
4027 4195 4116 4262 qui
4161 4207 4257 4249 vos
4292 4193 4506 4248 vocavit
4538 4193 4588 4245 in
4622 4192 4765 4246 aliud
4810 4207 4978 4245 cvan-

3389 4294 3610 4365 gelium,
3646 4288 3790 4361 quod
3823 4301 3929 4343 non
3954 4296 4036 4342 est
4064 4284 4230 4349 aliud,
4258 4285 4362 4340 nisi
4397 4285 4563 4354 aliqui
4602 4292 4728 4339 sunt
4755 4295 4979 4338 contur-

3388 4387 3579 4441 bantes
3605 4398 3703 4439 vos
3731 4390 3786 4438 et
3810 4380 4054 4436 volentes
4088 4386 4409 4435 convertere
4442 4375 4790 4446 Evangelium
4819 4375 4975 4429 Chri-

3386 4479 3455 4535 sti
3491 4478 3561 4530 ⁸⁸.
3597 4495 3618 4528 ι
3661 4476 3752 4530 Ait
3796 4482 3977 4528 autem
4028 4470 4223 4527 iterum
4273 4485 4287 4522 :
4339 4488 4358 4521 ι
4401 4467 4506 4524 Sed
4561 4468 4662 4523 etsi
4726 4483 4824 4521 nos
4883 4475 4978 4520 aut

3388 4569 3612 4641 angelus
3660 4569 3730 4623 de
3776 4565 3916 4621 coelo
3965 4561 4419 4634 evangelizaverit
4457 4561 4628 4622 vobis.
4682 4569 4877 4630 praeter
4922 4560 4974 4612 id

3318 4694 3362 4750 Ι)
3390 4663 3534 4732 quod
3578 4659 3887 4729 accepistis,
3931 4655 4217 4710 anathema
4248 4655 4318 4709 sit
4348 4653 4418 4708 ⁸⁸.
4470 4673 4490 4706 ι
4527 4652 4634 4707 Pro
4664 4666 4767 4721 qua
4811 4650 4975 4718 igitur

3389 4769 3550 4810 causa
3593 4753 3730 4806 alios
3763 4765 3953 4806 omnes
3986 4750 4266 4814 omittens,
4302 4747 4429 4801 licet
4459 4747 4628 4801 Deum
4662 4744 4972 4799 inhabitan-

3390 4857 3499 4901 tcm
3522 4843 3833 4908 habuerint,
3857 4841 4029 4897 solum
4051 4836 4380 4910 przedicabat
4396 4836 4587 4893 Iesum
4611 4836 4753 4892 sicut
4781 4835 4973 4890 Deum.

3985 4995 4135 5053 CAP.
4179 4994 4381 5052 ΧΧΝ..

4081 5111 4279 5167 Aliud-

3458 5248 3731 5319 Scriptum
3762 5249 3941 5303 estde
3988 5246 4206 5306 Christo
4243 5263 4257 5300 :
4304 5264 4325 5297 ι
4355 5244 4487 5301 Cum
4522 5256 4700 5300 autem
4738 5253 4882 5297 esset
4915 5242 4967 5295 in

3389 5338 3779 5412 Hierosolymis
3803 5339 3856 5393 in
3895 5340 3981 5394 die
4017 5339 4176 5405 festo,
4210 5337 4367 5392 multi
4406 5334 4754 5390 crediderunt
4787 5333 4837 5387 in
4873 5350 4969 5386 no.

3390 5432 3534 5485 mine
3559 5431 3678 5501 ejus
3710 5431 3954 5487 videntes
3987 5432 4140 5501 signa
4169 5443 4291 5499 quze
4336 5427 4604 5493 faciebat;
4638 5425 4753 5496 ipse
4784 5434 4964 5479 autem

3384 5520 3542 5577 Iesus
3563 5538 3667 5577 non
3688 5523 3942 5578 credebat
3965 5535 4025 5576 se
4052 5521 4192 5587 illis;
4217 5520 4357 5589 quod
4383 5519 4499 5589 ipse
4523 5519 4733 5574 sciebat
4754 5531 4965 5578 omnes.

3386 5622 3439 5670 et
3467 5614 3609 5686 quod
3636 5630 3743 5670 non
3766 5629 3986 5670 necesse
4013 5613 4265 5680 habebat,
4297 5620 4356 5666 ut
4375 5610 4570 5682 aliquis
4594 5610 4960 5693 testimonium

3387 5821 3432 5852 ⁸ο
3466 5818 3708 5876 IThcss.
3736 5836 3775 5882 ι,
3800 5817 3853 5873 8.
3931 5817 3974 5848 ⁸¹
4005 5814 4162 5871 Joan.
4194 5830 4286 5880 vlt,
4307 5812 4399 5870 25.
4473 5812 4519 5845 ⁸⁸
4556 5811 4789 5868 I'I‘hess.
4819 5826 4879 5878 lt,
4903 5811 4957 5866 2.

4486 5884 4531 5916 ⁸⁷
4560 5883 4736 5939 Calai.
4782 5898 4845 5948 tt,
4907 5882 4956 5937 I.

5404 170 5405 189 ι

5404 460 5405 491 l

5398 500 5406 565 ἒ
