3406 3306
1038 255 1108 284 15ῢὸ

1550 256 1578 282 S.
1599 255 1737 282 CYlilLLI
1760 253 1991 280 ALl‘LXANDRlNI
2012 253 2171 281 AliClllEP.

2597 255 2666 282 {396

1038 313 1193 347 perhiberet
1210 313 1242 339 de
1256 312 1386 340 homine:
1409 313 1464 347 ipse
1484 312 1555 339 enim
1572 312 1674 339 sciebat
1687 312 1751 346 quid
1766 317 1826 338 crat
1839 313 1863 342 Α
1877 318 1936 337 esse
1963 310 2035 342 talia,
2055 311 2080 337 in
2109 311 2206 344 quibus
2243 311 2373 340 habitavit
2398 311 2467 339 Deus
2492 313 2674 347 onmipoteus.

1038 359 1065 385 in
1082 359 1190 385 homine
1210 359 1255 385 εν.
1274 368 1282 384 ι
1295 359 1322 385 Si
1345 359 1426 385 ltomo
1440 364 1513 386 esset
1534 359 1672 394 Θεοφόρος,
1695 359 1829 393 quomodo

1038 412 1092 431 non
1106 404 1210 437 decepti
1226 409 1288 430 sunt
1308 404 1395 435 multi,
1413 404 1457 437 qui
1479 404 1674 439 Hierosolymis
1688 405 1715 431 in
1731 412 1828 431 nomen

1038 450 1097 484 ejus
1116 450 1308 477 crediderunt?
1346 449 1392 476 Vel
1413 458 1496 484 quare
1520 450 1593 477 solus
1613 450 1749 485 cognoscit
1771 457 1830 483 qua:

1038 499 1101 521 sunt
1119 495 1145 521 in
1164 494 1288 526 homine,
1305 502 1365 521 cum
1390 495 1540 530 praesertim
1559 502 1638 522 nemo
1655 495 1725 521 alius
1744 494 1831 522 sciat?

1038 539 1164 566 Finxisse
1175 540 1245 566 enim
1257 539 1358 566 dicitur
1371 541 1441 566 Deus
1453 540 1533 567 corda
1546 544 1637 566 nostra
1649 539 1785 574 sigillalim
1795 539 1828 565 ’°.

1041 584 1087 611 Vel
1103 592 1186 618 quare
1201 584 1274 611 solus
1293 585 1408 611 remittit
1425 586 1557 620 peccata?
1569 585 1614 612 Ait
1627 586 1699 612 enim
1713 593 1720 612 :
1738 595 1747 610 ί
1762 584 1829 617 Qui:

1039 634 1197 665 potestatem
1208 631 1289 657 habet
1298 630 1383 658 Filius
1394 631 1420 657 in
1431 635 1503 658 terra
1514 632 1651 658 remittere
1660 636 1769 665 peccata
1778 631 1811 658 9'.
1819 640 1828 657 ι

1039 677 1130 709 Quare
1149 676 1222 704 solus
1239 682 1337 711 praeter
1353 677 1420 704 alios
1443 684 1566 704 assessor
1580 678 1656 704 sedet
1674 678 1722 704 Dei
1734 683 1761 704 ct
1778 676 1830 703 Pa-

1039 723 1112 749 tris?
1129 723 1218 756 Quare
1235 723 1285 750 soli
1297 723 1485 757 obsequuntur
1502 724 1610 756 angeli?
1626 724 1679 750 Cur
1703 731 1752 750 nos
1771 724 1832 756 qui-

1040 768 1100 795 deut
1124 768 1216 795 docuit
1237 775 1408 795 communem
1426 772 1522 803 putare
1539 769 1658 799 Patrem,
1680 769 1724 802 qui
1742 774 1784 796 est
1802 769 1830 795 in

1040 814 1134 846 cadis;
1148 814 1200 841 sibi
1218 819 1306 841 autem
1323 822 1383 841 eum
1399 814 1553 849 specialiter
1569 815 1726 841 scribebat?

1076 860 1128 886 Sed
1146 860 1214 886 forte
1229 859 1303 887 dices
1317 860 1388 894 quod
1404 859 1556 893 huiusmodi
1572 867 1653 887 voccs
1672 860 1831 886 inhabitauti

1041 904 1130 933 Verbo
1147 905 1306 939 deputanda:
1318 905 1382 931 sint.
1397 903 1491 931 Nonne
1505 905 1588 939 igitur
1604 912 1664 931 eum
1679 905 1831 938 oportebat,

1036 950 1114 983 juxta
1129 950 1267 984 prophetis
1279 950 1484 977 convenientem
1496 950 1756 983 mensuram,ipsum
1766 957 1831 983 quo—

1040 1004 1093 1030 que
1108 996 1218 1023 dicere:
1237 1005 1246 1021 ι
1263 996 1325 1022 Haec
1338 995 1404 1022 dicit
1416 995 1563 1027 Dt.)lliillll§_?
1580 1005 1588 1020 ι
1609 995 1707 1021 Verum
1726 1002 1785 1020 cum
1802 1002 1832 1020 ea

1041 1049 1100 1075 qute
1108 1049 1188 1076 supra
1198 1042 1284 1076 legem
1296 1042 1403 1068 sancire
1413 1041 1503 1072 Veilt't,
1517 1049 1659 1068 assumrns
1673 1041 1723 1068 sibi
1734 1048 1833 1067 conve-

1041 1088 1159 1115 nientem
1172 1088 1319 1122 legislatori
1333 1088 1535 1119 auctoritatem,
1549 1088 1638 1114 aiebat
1657 1096 1663 1114 :
1683 1096 1692 1112 ‹
1707 1087 1762 1120 Εκο
1775 1087 1834 1113 dico

1042 1134 1119 1162 vobis
1133 1135 1156 1150 ο·
1171 1134 1218 1169 (ι).
1241 1143 1251 1160 ι

1077 1178 1218 1211 Quomodo
1233 1178 1350 1205 liberum
1367 1186 1397 1205 se
1415 1178 1461 1209 ait,
1478 1182 1505 1204 et
1522 1186 1574 1204 non
1594 1178 1740 1203 obnoxium
1760 1177 1835 1203 Deo?

1042 1225 1103 1252 Ideo
1114 1225 1177 1259 quia
1193 1229 1234 1251 est
1259 1225 1342 1252 Filius
1357 1225 1384 1251 in
1410 1225 1546 1251 veritate?
1565 1224 1597 1250 Et
1621 1224 1642 1250 si
1662 1229 1733 1250 esset
1756 1224 1835 1250 homo

1041 1269 1180 1305 Θεοφόρος,
1198 1274 1306 1297 εεδοιιιθ
1329 1270 1411 1297 etiam
1434 1270 1501 1296 liber
1516 1269 1664 1296 secundant
1690 1267 1834 1295 naturam?

1044 1316 1128 1350 Hujus
1149 1316 1220 1342 enim
1238 1315 1309 1342 Deus
1332 1316 1410 1347 liber,
1434 1321 1515 1350 atque
1536 1315 1642 1342 solutus
1664 1319 1706 1341 est
1730 1324 1736 1341 :
1762 1315 1834 1342 solus

1042 1362 1114 1388 enim
1125 1362 1200 1395 quasi
1220 1361 1319 1388 tributa
1332 1362 1453 1388 omnium
1465 1361 1565 1395 exigit;
1582 1365 1609 1387 et
1632 1369 1763 1394 tanquam
1778 1361 1836 1387 loco

1043 1408 1194 1436 debitorum
1204 1409 1237 1435 ab
1247 1407 1373 1434 omnibus
1385 1407 1481 1441 recipit
1493 1406 1661 1440 religionem.
1680 1407 1733 1433 Etsi
1748 1407 1836 1433 exitus

1044 1454 1110 1488 legis
1126 1459 1152 1479 et
1166 1454 1359 1486 prophetarum
1377 1453 1501 1480 Christus
1519 1457 1571 1485 est,
1589 1457 1630 1479 est
1649 1459 1738 1479 autem
1757 1453 1836 1479 homo

1045 1499 1191 1534 l‘sotpdpog;
1206 1506 1294 1526 nonne
1310 1499 1401 1527 dicere
1422 1500 1513 1530 liceat,
1532 1499 1603 1533 quod
1618 1500 1836 1533 propheticarum

1044 1546 1263 1579 [iudicationum
1278 1547 1367 1574 exitus
1384 1545 1624 1581 ἀνθρωπολατρίας
1640 1545 1717 1573 nobis
1734 1546 1835 1573 crimen

1045 1592 1201 1619 induxerit?

1081 1638 1184 1664 Deinde
1199 1638 1240 1664 lex
1253 1638 1359 1672 quidem
1377 1638 1559 1671 pra‘dicabat:
1573 1648 1581 1664 ι
1595 1639 1736 1665 Dominum
1753 1638 1835 1666 Dcutu

1045 1688 1120 1712 tuum
1133 1684 1270 1713 adorabis.
1288 1689 1314 1711 et
1329 1684 1365 1709 illi
1380 1684 1428 1710 soli
1444 1685 1546 1712 servies
1559 1685 1592 1711 ν’.
1610 1694 1618 1710 ι
1635 1685 1692 1717 Qua
1708 1693 1756 1711 nos
1775 1692 1838 1711 eru-

1045 1728 1147 1755 ditione
1162 1729 1288 1763 perduxit
1304 1729 1337 1754 ad
1359 1729 1509 1760 Christum,
1527 1730 1602 1762 quasi
1620 1730 1652 1755 ad
1674 1730 1838 1764 agnitionem

1047 1773 1101 1799 illis
1123 1774 1167 1807 qui
1183 1773 1211 1800 in
1225 1774 1330 1800 umbris
1341 1773 1448 1801 fuerant
1477 1774 1608 1808 potiorem
1622 1785 1629 1801 τ
1646 1779 1839 1809 spernentesne

1047 1819 1129 1854 igitur
1142 1820 1223 1845 Deum
1240 1820 1308 1854 legis
1322 1824 1349 1846 et
1365 1820 1556 1854 prophetarum
1572 1822 1695 1851 adorare,
1713 1821 1838 1846 adorabi-

1047 1872 1107 1891 rnus
1124 1865 1260 1892 hominem
1285 1865 1426 1892 habentem
1451 1867 1532 1893 Deum
1550 1866 1764 1893 inhabitantem?
1789 1866 1838 1893 Ubi

1046 1910 1118 1936 enim
1135 1910 1314 1943 prmstabilius
1323 1915 1388 1937 erat
1408 1911 1490 1938 Deum
1511 1911 1645 1944 intelligi?
1664 1911 1691 1937 lu
1707 1910 1786 1940 coelo.
1804 1918 1838 1936 an

1047 1955 1074 1981 in
1090 1955 1181 1981 terra?
1192 1956 1218 1982 lu
1235 1956 1390 1990 Seraphin),
1404 1965 1437 1983 an
1456 1958 1481 1983 in
1498 1961 1608 1984 terreno
1621 1965 1734 1989 corpore
1746 1958 1757 1984 ?

1083 2001 1111 2028 Si
1126 2007 1185 2028 erat
1206 2002 1286 2029 bouto
1306 2002 1445 2038 θεοφόρος,
1466 2003 1601 2037 quomodo
1618 2013 1627 2028 ι
1645 2005 1838 2037 propemodum

1047 2054 1079 2073 ac
1101 2055 1149 2073 nos
1170 2047 1341 2082 participavit
1357 2049 1430 2075 carni
1453 2056 1484 2075 ac
1498 2049 1622 2082 sanguini
1639 2048 1684 2074 '5?
1705 2059 1713 2075 I
1735 2049 1800 2076 Nam
1816 2050 1838 2076 si

1046 2092 1111 2125 quia
1128 2092 1198 2119 Deus
1214 2093 1385 2126 iuhabitavit,
1403 2094 1453 2121 hoc
1466 2094 1490 2121 ei
1507 2095 1613 2126 sullicit,
1630 2100 1659 2120 ut
1671 2095 1797 2121 similiter
1809 2103 1840 2122 ac

1048 2144 1100 2164 nos
1110 2138 1284 2172 participaret
1303 2140 1378 2166 carui
1397 2145 1423 2167 et
1443 2141 1586 2174 sanguini;
1606 2146 1632 2167 et
1648 2141 1684 2167 ita
1700 2141 1741 2167 bis
1757 2142 1841 2175 parti-

1047 2184 1139 2217 cipare
1152 2184 1177 2211 id
1194 2185 1282 2219 ipsum
1296 2190 1348 2217 est,
1358 2186 1429 2219 quod
1446 2186 1582 2213 hominem
1601 2186 1787 2214 factumesse:
1799 2188 1839 2212 in-

1048 2229 1180 2258 habitavit
1199 2236 1288 2258 autem
1306 2237 1333 2258 et
1356 2231 1381 2258 in
1403 2232 1493 2258 multis
1516 2233 1635 2264 sanctis;
1658 2232 1738 2258 homo
1759 2232 1841 2267 igitur

1051 2283 1104 2302 non
1128 2277 1223 2309 semel,
1241 2277 1289 2304 sed
1312 2277 1461 2312 stepissime
1483 2278 1570 2305 laetus
1589 2282 1640 2305 est.
1667 2278 1756 2310 Quare
1777 2285 1841 2312 ergo

1052 2331 1062 2346 ς
1079 2321 1161 2348 setncl
1174 2322 1198 2349 in
1216 2324 1449 2350 consummatione
1462 2324 1633 2354 saeculorum,
1646 2323 1671 2349 in
1684 2323 1842 2349 destruetio-
1859 2338 1880 2364 Ι)

1051 2374 1111 2393 nem
1121 2368 1234 2401 peccati,
1244 2376 1292 2403 per
1300 2368 1416 2406 hostiam
1428 2376 1504 2395 Suam
1514 2368 1613 2395 dicitur
1621 2367 1777 2401 apparuisse
1789 2368 1839 2394 “‘2:

1050 2413 1190 2445 Quomodo
1210 2420 1300 2441 autem
1316 2422 1398 2441 unum
1418 2415 1494 2440 nobis
1516 2414 1597 2440 Verbi
1615 2414 1758 2440 adventum
1774 2422 1839 2447 prse-

1048 2459 1141 2487 dicant
1153 2460 1251 2487 divina:
1268 2460 1426 2494 Scripturre,
1440 2460 1461 2485 si
1478 2459 1608 2494 θεοφόρος
1626 2464 1683 2486 erat
1698 2460 1797 2487 homo?
1810 2460 1836 2487 Si

1050 2505 1176 2539 templum
1192 2511 1218 2532 et
1233 2507 1290 2540 ipse
1304 2506 1391 2532 factus
1404 2510 1445 2531 est
1458 2505 1515 2536 Dei,
1537 2505 1670 2538 quomodo
1682 2512 1708 2532 et
1723 2506 1747 2532 iu
1764 2507 1838 2534 nobis

1049 2551 1130 2577 etiam
1155 2551 1281 2579 Christus
1297 2550 1361 2577 est?
1385 2550 1495 2577 Sicutue
1519 2551 1646 2584 templum
1670 2552 1695 2578 in
1715 2553 1840 2586 templis?

1050 2596 1090 2622 An
1105 2601 1134 2622 ut
1148 2596 1220 2623 Deus
1235 2595 1321 2629 magis
1333 2596 1359 2621 in
1374 2596 1480 2630 templis
1494 2604 1541 2630 per
1557 2595 1709 2630 Spiritum?
1729 2598 1756 2624 Si
1778 2598 1837 2625 Osc-

1050 2640 1132 2676 φόρος
1151 2645 1210 2667 erat
1226 2642 1316 2672 homo,
1333 2647 1382 2666 cur
1404 2645 1444 2667 est
1458 2641 1541 2667 solius
1561 2642 1644 2676 ipsius
1657 2650 1755 2677 corpus
1772 2643 1838 2669 rivi-

1053 2686 1155 2713 tictnn?
1183 2685 1345 2720 Oportuerat
1380 2687 1452 2713 enim
1478 2687 1593 2715 aliorum
1622 2690 1702 2715 etiam
1725 2697 1837 2724 corpora

1088 2764 1122 2778 “‘
1139 2763 1219 2791 Joan.
1235 2762 1262 2793 it,
1279 2762 1326 2789 25.
1356 2763 1379 2778 ’°
1389 2763 1461 2790 Psal.
1476 2771 1563 2795 xxxtt,
1579 2765 1621 2791 l5.

1052 2798 1073 2813 ’³
1093 2797 1173 2825 llebr.
1195 2805 1232 2829 ιιι,
1251 2797 1295 2826 ‘16.

1349 2799 1372 2814 ’⁸
1391 2798 1472 2826 Hebr.
1502 2807 1529 2829 χ,
1549 2799 1595 2832 ἳὸ,
1616 2801 1662 2828 29.

1053 2834 1062 2848 ²
1083 2832 1170 2860 Galat.
1192 2840 1211 2865 ι,
1233 2833 1276 2859 Hi.

1314 2834 1325 2849 ³
1342 2833 1419 2861 Deut.
1441 2842 1469 2867 κ,
1488 2834 1533 2862 ‘2“2.

1659 2766 1680 2781 “
1696 2764 1792 2791 Matth.
1807 2773 1845 2796 ix,
1859 2766 1885 2792 (i.

1716 2801 1739 2816 ’⁷
1761 2800 1843 2828 llebr.
1874 2809 1903 2833 It,
1926 2802 1968 2829 16.

1916 357 2031 391 Scripsit
2045 362 2134 384 autem
2151 356 2249 384 alicubi
2260 357 2340 383 etiam
2355 358 2462 385 divinus
2477 357 2575 385 Paulus
2589 368 2596 385 :
2613 370 2622 384 ι
2637 360 2674 387 Ir-

1881 403 1959 430 ritam
1985 403 2087 430 faciens
2104 403 2164 437 quis
2183 403 2268 437 legem
2285 402 2396 437 Moysis,
2409 403 2467 431 sine
2483 404 2537 431 ulla
2560 406 2675 432 misera-

1882 449 1954 476 tione
1976 449 2081 476 duobus
2105 454 2151 476 aut
2171 449 2257 476 tribus
2276 449 2390 476 testibus
2416 450 2540 483 m0ritur,
2573 455 2676 484 quanto

1881 496 1967 529 magis
1982 496 2083 530 putatis
2093 495 2229 522 deteriora
2246 496 2343 522 mereri
2354 495 2497 529 supplicia,
2513 497 2558 530 qui
2575 497 2674 524 Filium

1882 541 1930 568 Dei
1944 541 2157 572 conculcaverit,
2172 545 2198 566 et
2209 541 2367 575 sanguinem
2381 543 2533 569 testamenti
2544 543 2674 576 polltttum

1881 587 1987 615 duxerit
2001 587 2045 613 9‘?
2060 597 2068 612 ι
2082 587 2162 621 Atqui
2176 587 2265 613 divina
2277 592 2338 614 erat
2349 587 2402 620 lex,
2419 592 2447 615 et
2461 588 2588 615 mandata
2603 590 2675 616 dicta

1880 642 1929 668 per
1945 633 2067 667 angelos.
2092 632 2233 664 Quomodo
2250 633 2330 667 igitur
2346 633 2443 668 dignus
2464 635 2517 661 erit
2538 635 2675 662 deteriore

1881 677 2025 711 supplicio,
2045 677 2090 711 qui
2103 677 2233 711 pollutum
2248 677 2355 704 duxerit
2372 678 2531 712 sanguinem
2552 678 2677 706 Christi?

1884 724 1928 750 Vcl
1942 723 2076 757 quomodo
2089 723 2176 756 potior
2187 727 2228 749 est
2244 723 2384 757 religione,
2401 731 2460 758 quae
2472 730 2513 751 est
2527 726 2675 752 secundum

1882 769 1978 802 legem,
1993 768 2059 794 lides
2071 768 2096 793 in
2111 767 2270 794 Christum?
2283 768 2347 799 Sed,
2363 772 2391 794 ιιι
2402 770 2457 801 jam
2472 774 2534 796 aute
2547 770 2676 802 diximus,

1882 815 2006 842 Christus
2019 822 2070 840 non
2090 814 2186 841 similis
2203 815 2317 841 aliorum
2336 820 2504 848 sanctorum,
2521 817 2602 843 homo
2619 817 2676 842 Θεο-

1883 857 1976 895 ἰρόρος,
1990 861 2035 886 sed
2058 860 2129 886 Deus
2142 860 2227 894 magis
2240 867 2313 892 vere,
2328 864 2355 887 et
2369 861 2442 887 omni
2464 863 2563 888 mundo
2580 862 2677 888 celsio-

1884 914 1940 933 rcm
1955 905 2074 940 possidet
2086 904 2209 939 gloriam,
2227 906 2296 939 quod
2308 913 2369 933 cum
2385 906 2456 932 Deus
2469 907 2503 933 sit
2519 911 2614 933 natura
2631 906 2677 933 Dei

1886 951 2013 982 Verbum,
2040 951 2128 977 factus
2149 955 2192 977 est
2216 958 2290 982 caro,
2324 951 2380 978 sive
2407 952 2487 979 homo
2511 952 2647 985 perfectus
2670 961 2676 979 :

1852 988 1871 1015 Β
1887 997 2035 1024 anitnatmn
2051 998 2123 1023 enim
2137 1002 2163 1023 et
2180 998 2342 1024 rationabile
2357 1005 2427 1030 esse,
2444 998 2516 1031 quod
2530 998 2677 1024 adunatmn

1887 1048 1928 1070 est
1943 1043 1978 1074 ei,
2000 1042 2082 1078 794
2098 1042 2232 1070 credimus
2250 1050 2359 1077 corpus,
2381 1047 2408 1069 et
2432 1050 2493 1069 vera
2509 1042 2618 1070 omnino
2638 1047 2680 1069 est

1887 1088 2023 1113 adunatio.

2194 1177 2268 1205 CAP.
2289 1176 2371 1204 XXV.

1890 1235 2025 1268 Quomodo
2041 1239 2159 1268 oporteat
2172 1234 2335 1267 intelligere:
2349 1244 2357 1260 ι
2373 1233 2486 1260 Verbum
2500 1242 2562 1260 mro
2578 1234 2680 1268 factum

1924 1275 1971 1301 εει,
1989 1276 2011 1296 ει
2028 1271 2156 1296 habitavit
2175 1270 2202 1296 in
2218 1270 2310 1302 nobis;
2329 1279 2338 1295 ι
2356 1275 2380 1295 et
2397 1271 2527 1304 quomodo
2542 1271 2679 1302 proprium

1925 1306 2006 1340 ipsius
2022 1306 2127 1331 dicalur
2139 1313 2240 1338 corpus.

1926 1361 2023 1388 Semen
2041 1361 2156 1387 Abrabm
2173 1360 2384 1394 apprehemlisse
2401 1359 2518 1387 Verbum
2528 1359 2573 1385 Dei
2586 1359 2681 1393 unige-

1891 1407 1987 1438 nitum,
2012 1407 2107 1433 beatus
2140 1406 2239 1433 Paulus
2264 1410 2458 1432 commemorat
2482 1405 2523 1436 ⁹⁷;
2553 1411 2601 1431 nec
2629 1411 2681 1430 non

1890 1454 1982 1485 ctiam,
1999 1454 2070 1486 quod
2089 1453 2281 1487 propemodum
2300 1460 2330 1478 ac
2347 1459 2395 1478 nos
2415 1451 2587 1485 participavit
2606 1450 2681 1477 carni

1890 1504 1917 1525 et
1939 1499 2063 1532 sanguini
2080 1499 2114 1525 ⁸⁸.
2139 1499 2272 1525 Mcmores
2287 1503 2377 1524 autetn
2394 1505 2487 1524 sumus
2499 1497 2580 1523 etiam
2598 1495 2684 1523 Joan-

1891 1544 1949 1575 nis;
1968 1544 2005 1570 ait
2019 1544 2090 1570 cuim
2106 1553 2112 1570 :
2131 1553 2140 1569 t
2159 1544 2275 1570 Verbum
2290 1551 2353 1569 caro
2368 1543 2467 1569 factum
2484 1547 2535 1573 est,
2558 1548 2584 1568 et
2606 1541 2684 1568 habi-

1893 1589 1957 1615 tavit
1973 1589 1997 1614 iu
2017 1588 2094 1615 nobis
2105 1589 2138 1615 ⁹⁹.
2156 1598 2164 1613 ι
2182 1588 2246 1615 ld'ue
2260 1588 2342 1622 igitur
2360 1587 2409 1614 fuit
2430 1588 2597 1621 propositmn
2617 1587 2685 1613 viris

1891 1634 2070 1668 spiritalibus,
2087 1634 2195 1665 docere,
2214 1634 2284 1668 quod
2302 1633 2347 1660 Dei
2362 1632 2480 1659 Verbum
2496 1632 2685 1659 conversionis

1890 1679 1925 1706 sit
1943 1680 2067 1713 patiens;
2084 1685 2129 1705 aut
2145 1680 2214 1713 quod
2231 1680 2317 1713 ipsum
2333 1679 2372 1706 l‘as
2386 1679 2420 1706 sit
2432 1679 2683 1708 commutationem,

1889 1733 1950 1760 qua:
1971 1726 2056 1759 magis
2073 1731 2205 1752 creatura:
2221 1726 2377 1756 conveniat,
2392 1724 2527 1751 sustinere
2541 1732 2547 1751 :
2572 1724 2638 1750 adeo
2656 1727 2685 1750 ut

1891 1771 1915 1797 i-l
1933 1770 2003 1804 quod
2031 1779 2084 1797 non
2102 1775 2171 1801 erat,
2194 1770 2307 1796 forsitan
2327 1770 2352 1796 in
2377 1770 2402 1795 id
2424 1776 2471 1795 sua
2493 1772 2588 1802 sponte
2602 1768 2685 1793 deve-

1890 1817 1961 1848 niat;
1988 1820 2035 1842 aut
2057 1816 2126 1842 alius
2143 1821 2237 1842 contra
2261 1815 2344 1849 ipsius
2362 1814 2529 1839 voluntatem
2548 1813 2581 1838 ad
2603 1812 2684 1837 aliam

1891 1868 2014 1889 naturam
2038 1862 2209 1896 impellatur?
2231 1862 2311 1889 absit.
2328 1861 2418 1887 Manet
2439 1867 2555 1893 namque
2568 1859 2649 1889 idem,
2670 1866 2684 1883 a

1890 1917 1938 1936 sua
1956 1914 2050 1935 natura
2064 1909 2305 1935 commutationem
2320 1915 2427 1933 onmem
2441 1906 2598 1936 exeludens,
2618 1912 2685 1931 con-

1892 1956 2024 1982 versionis
2036 1955 2158 1981 umbram
2176 1954 2298 1981 nesciens
2311 1955 2363 1988 pati
2378 1964 2383 1980 :
2402 1954 2453 1980 lixa
2469 1957 2510 1980 est
2526 1951 2597 1978 enim
2612 1958 2685 1977 scm-

1891 2008 1938 2035 per
1952 2001 1977 2026 in
1991 2000 2048 2026 suis
2064 2007 2179 2033 superna
2198 1999 2240 2025 illa
2255 1999 2428 2032 ctelestisque
2444 2003 2548 2024 natura.

1926 2046 2066 2078 Quomodo
2091 2046 2174 2079 igitur
2194 2045 2310 2072 Vcrlunn
2326 2052 2389 2071 caro
2414 2044 2513 2070 factum
2528 2043 2573 2074 sit,
2590 2041 2687 2067 videre

1891 2100 2001 2119 necesse
2014 2096 2064 2119 cst.
2079 2091 2196 2117 Primum
2207 2092 2314 2125 quidem
2325 2091 2412 2116 divina
2423 2089 2564 2122 Scriptura
2574 2095 2685 2114 carnem

1892 2138 2050 2172 plerumque
2062 2137 2182 2163 nominat
2197 2137 2344 2169 hominem,
2358 2140 2385 2162 et
2401 2135 2476 2169 quasi
2489 2143 2520 2161 ex
2539 2139 2616 2168 parte
2628 2134 2687 2159 atti-

1893 2185 1971 2211 malis
1988 2185 2070 2211 totius
2087 2184 2312 2218 signiﬁcationem
2333 2182 2407 2214 facit,
2428 2189 2478 2208 nec
2501 2188 2553 2207 non
2571 2181 2653 2207 etiam
2671 2188 2685 2205 ιι

1893 2231 1948 2257 sola
1964 2231 2052 2257 anima
2065 2231 2199 2257 interdum
2222 2229 2388 2256 tantumdem
2408 2229 2478 2262 agit;
2495 2228 2626 2261 scriptum
2642 2231 2687 2253 est

1893 2276 1964 2301 enim
1977 2276 2047 2308 quod
2064 2284 2073 2300 ι
2092 2276 2197 2302 Videbit
2216 2275 2306 2302 omnis
2319 2282 2384 2301 caro
2399 2274 2519 2300 salutare
2532 2273 2612 2299 Dei‘.
2631 2282 2639 2297 ι
2653 2272 2687 2298 Et

1895 2322 1952 2356 ipse
1966 2322 2072 2348 divinus
2092 2321 2211 2348 Paulus:
2234 2331 2242 2347 ι
2262 2320 2317 2347 Non
2334 2320 2469 2351 consensi,
2491 2319 2586 2353 inquit,
2609 2317 2686 2344 carui

1896 2372 1922 2394 ct
1933 2368 2058 2402 sanguini
2071 2369 2092 2394 '.
2107 2377 2115 2393 ι
2135 2367 2274 2394 Allocutus
2287 2371 2328 2393 est
2342 2372 2432 2393 autem
2446 2374 2492 2394 eos
2511 2366 2556 2400 qui
2571 2369 2634 2391 sunt
2651 2371 2686 2390 ex

1896 2414 1977 2441 Israel
1991 2414 2110 2447 pontifex
2125 2414 2229 2448 liloyses
2245 2423 2251 2440 :
2271 2423 2280 2439 ‹
2297 2413 2324 2439 ln
2340 2412 2509 2447 septuaginta
2523 2418 2550 2438 et
2566 2411 2686 2445 quinque

1892 2461 2033 2487 animabus
2048 2461 2243 2487 descenderunt
2264 2465 2353 2493 patres
2371 2459 2408 2486 tui
2431 2460 2456 2485 in
2475 2458 2621 2493 Ᾱίςζγιιιιιιιι
2634 2457 2654 2483 ³.
2673 2466 2682 2481 ι

1893 2505 1945 2533 Sed
1962 2514 2014 2532 non
2028 2506 2128 2532 ideirco
2141 2506 2251 2538 dixeris,
2266 2506 2338 2540 quod
2354 2505 2432 2532 nudat:
2444 2510 2470 2532 et
2484 2505 2542 2531 sine
2558 2503 2686 2531 carnibus

1893 2552 1990 2578 animo:
2015 2552 2039 2578 in
2068 2551 2211 2587 Egyptum
2233 2552 2436 2583 descenderint;
2456 2556 2504 2577 nec
2518 2542 2600 2585 porro
2614 2548 2687 2582 quod

1892 2598 2018 2625 inanimis
2045 2599 2215 2631 corporibus,
2247 2602 2275 2624 et
2304 2597 2369 2624 solis
2398 2596 2541 2628 carniluts,
2567 2595 2687 2621 salutare

1892 2651 1969 2670 suum
1989 2644 2058 2670 Deus
2076 2644 2227 2672 indulserit.
2248 2644 2359 2676 Quoties
2379 2644 2460 2677 igitur
2477 2642 2601 2668 audimus
2623 2648 2686 2667 car-

1892 2697 1954 2717 nem
1970 2690 2069 2717 l'actum
2085 2698 2145 2717 esse
2162 2690 2446 2722 Verbumfltominem
2463 2688 2637 2722 intelligimus
2652 2694 2688 2713 ex

1924 2767 1946 2782 ⁹²
1961 2766 2055 2793 Matth.
2069 2774 2093 2798 ν,
2106 2767 2150 2793 32.

1926 2802 1968 2829 16.
2006 2802 2028 2817 ⁹⁸
2048 2803 2114 2829 ibid.
2146 2802 2177 2829 Η

2048 2811 2114 2829 ιυιιι.
2146 2811 2154 2829 1
2166 2811 2188 2829 Ι.

2190 2767 2212 2782 ³³
2231 2767 2308 2793 Deut.
2323 2774 2360 2796 γι,
2376 2766 2417 2792 13.

2226 2803 2248 2818 ’9
2262 2801 2343 2830 Joau.
2365 2809 2384 2833 I,
2409 2800 2448 2827 ιιι.

2459 2767 2482 2782 ’⁸
2500 2764 2581 2791 chr.
2595 2773 2625 2793 ιι,
2640 2764 2684 2791 14.

2490 2801 2497 2816 ¹
2516 2800 2581 2827 Luc.
2598 2808 2640 2831 tu,
2658 2801 2683 2827 ti.

1088 2924 1126 2965 (Ι)
1147 2925 1259 2953 Videtur
1272 2926 1371 2962 aliquid
1391 2926 1434 2954 hic
1447 2925 1554 2955 deesse;
1574 2926 1609 2957 id.
1634 2923 1740 2959 Opinor,
1766 2925 1836 2959 quod
1856 2925 2014 2953 Anastasius
2050 2926 2152 2953 Sinam
2168 2933 2300 2954 memorat
2315 2929 2348 2955 de
2369 2933 2468 2955 statere
2502 2928 2527 2954 in
2553 2927 2686 2955 tributqu

1051 2967 1192 2995 pensitato.
