6812 6476
1679 423 1826 481 1397

2608 418 2898 475 SCHOLIA
2939 418 3028 473 DE
3065 414 3590 474 lNCARNATlONE
3632 421 4005 481 liiVlCENlTl.

4825 430 4987 485 ιεοιιυ

1667 547 1862 603 anima
1891 552 1946 599 et
1977 555 2224 611 corpore.
2255 540 2481 596 Factum
2515 547 2598 595 est
2638 549 2818 594 autem
2850 539 3109 605 Verbum,
3139 554 3261 593 cum
3292 540 3341 596 Α
3371 543 3501 597 Tt?»
3561 543 3668 599 οἶδε
3737 547 3999 616 μονογενῆ
4046 545 4136 600 τδν
4209 547 4353 602 enim

2269 540 2481 596 Factum
2515 547 2598 595 est
2638 549 2818 594 autem
2850 539 3109 605 Verbum,
3139 554 3261 593 cum
3292 540 3341 596 Α
3371 543 3501 597 Υιὺν
3561 543 3668 599 οἶδε
3737 547 3999 616 μονογενῆ
4046 545 4136 600 τὸν
4209 547 4353 602 enim
4397 561 4562 600 unum
4601 559 4721 600 esse
4767 543 4959 598 Filium

1666 640 1742 695 sit
1769 639 1942 701 Deus,
1969 637 2130 690 homo
2147 632 2650 706 perfectus,corpus
2675 634 2946 704 accipiens
2969 633 3266 686 animatum

1666 740 1727 785 et
1768 728 2122 792 rationabile,
2170 727 2330 796 idque
2357 725 2458 780 sibi
2492 741 2619 781 vere
2645 727 2909 780 adunavit
2947 743 2960 782 :
2998 727 3271 794 quomodo

1671 826 1793 894 ipse
1832 821 1993 885 sciat,
2025 821 2228 876 nostris
2260 821 2404 875 enim
2443 819 2689 875 sensibus
2723 819 3030 888 hujusmodi
3061 819 3270 889 cogita-

1671 919 1859 971 tiones
1884 914 2110 970 omnino
2128 914 2278 969 cernl
2311 925 2414 967 non
2436 921 2661 981 possunt
2691 929 2706 967 :
2732 919 2788 966 et
2823 921 3162 980 nuncupatus
3191 921 3274 966 est

1677 1007 1851 1062 Fillus
1889 1005 2150 1062 hominis.

1751 1099 1861 1155 Sed
1891 1099 1936 1154 si
1966 1108 2181 1169 oportet
2211 1107 2468 1168 tanquam
2507 1097 2558 1151 in
2585 1098 2864 1167 speculum
2899 1097 3170 1152 intuentes
3192 1097 3274 1152 di-

1681 1205 1836 1257 cere,
1867 1189 2140 1258 coniectat
2169 1188 2352 1259 aliquo
2387 1188 2550 1243 modo
2587 1202 2778 1243 sensus
2843 1189 3134 1252 humanus,
3170 1189 3267 1243 ad-

1685 1292 1918 1338 unatum
1953 1281 2123 1336 fuisse
2152 1280 2391 1336 Verbum
2412 1281 2626 1350 corpori
2663 1280 2882 1335 babenti
2918 1281 3153 1335 animam
3188 1296 3276 1335 ra-

1689 1373 2005 1429 tionabilem
2039 1371 2274 1442 qualiter
2300 1374 2464 1427 etiam
2495 1371 2732 1427 hominis
2759 1372 2992 1426 animam
3026 1386 3125 1426 suo
3156 1387 3276 1427 cor-

1689 1466 1835 1536 pori,
1862 1465 2032 1534 ipsam
2058 1465 2275 1534 quidem
2305 1465 2532 1520 diversa:
2560 1473 2785 1531 naturae,
2818 1465 3066 1519 sortitam
3099 1473 3277 1520 tamen

1691 1556 2129 1612 communionem
2169 1555 2662 1623 adunationemque
2715 1569 2836 1608 cum
2892 1568 3154 1624 corpore;
3219 1567 3279 1608 ut

1689 1661 1832 1715 pene
1859 1646 2110 1700 videatur
2141 1661 2247 1700 non
2277 1659 2402 1701 esse
2431 1645 2538 1699 alia
2561 1653 2757 1715 praeter
2788 1658 3006 1712 corpus,
3037 1659 3103 1698 eo
3132 1645 3276 1722 (μιοᾴ

1693 1751 1791 1806 per
1821 1736 2268 1806 compositionem
2302 1750 2368 1792 ex
2396 1744 2625 1806 utroque
2650 1735 2852 1790 animal
2889 1749 3052 1790 unum
3081 1734 3282 1791 cilicia-

1694 1837 1804 1895 tur,
1838 1837 2090 1883 manente
2117 1837 2298 1883 tamen
2329 1827 2464 1898 ipsa,
2499 1836 2558 1883 ut
2594 1837 2720 1883 ante
2751 1828 3069 1892 memoravi,
3100 1827 3151 1880 in
3183 1842 3276 1882 sua

1693 1929 1914 1973 natura.
1945 1919 2090 1985 Ergo
2135 1935 2241 1973 non
2289 1934 2385 1988 per
2416 1919 2894 1974 commutationem
2927 1928 3021 1972 aut
3052 1931 3280 1973 conver-

1694 2009 1906 2065 sionem
1937 2009 2209 2063 hominem
2237 2007 2439 2062 factum
2481 2007 2570 2061 Dei
2601 2007 2835 2062 dicimus
2864 2006 3138 2071 Verbum;
3179 2023 3276 2061 nec

1696 2114 1944 2169 prorsus,
1975 2099 2117 2169 quod
2149 2098 2290 2154 Deus
2322 2113 2443 2154 esse
2471 2099 2725 2164 desierit;
2757 2096 2848 2153 sed
2880 2099 3022 2168 quod
3057 2113 3276 2154 carnem

1696 2191 1972 2258 accipiens
2013 2207 2080 2248 ex
2117 2194 2360 2260 muliere,
2390 2201 2445 2247 et
2471 2192 2520 2248 ei
2553 2206 2616 2246 ex
2649 2201 2804 2246 utero
2832 2197 3122 2252 adunatus.
3150 2192 3282 2246 exiit

1698 2283 1864 2339 homo
1899 2285 2037 2339 idem
2072 2286 2232 2344 simul
2265 2296 2318 2341 et
2362 2287 2532 2353 Dens;
2565 2298 2743 2356 neque
2785 2284 2876 2341 Dei
2910 2297 2964 2340 et
2992 2285 3166 2340 Patris
3194 2299 3284 2355 ge-

1695 2375 2043 2430 nerationem
2083 2383 2340 2431 teternam
2383 2377 2694 2448 projiciens,
2726 2375 2979 2432 sustinuit
3015 2385 3286 2447 tempora-

1697 2465 1828 2530 lem,
1859 2482 1924 2521 ex
1957 2467 2183 2523 muliere
2214 2469 2339 2524 inde
2388 2469 2625 2534 initium,
2666 2479 2723 2523 ut
2771 2482 2932 2533 esset,
2990 2470 3284 2538 accipiens.

1697 2558 2058 2614 Permittebat
2101 2571 2280 2616 autem
2308 2562 2456 2615 carni
2497 2563 2730 2631 propriae
2769 2577 2880 2617 suae
2917 2571 3124 2616 natura:
3156 2563 3288 2633 legi-

1699 2653 1798 2707 bus
1849 2652 2018 2716 nasci,
2067 2653 2369 2708 nativitatis
2417 2653 2627 2709 ratione
2677 2655 2960 2708 duntaxat.
3017 2655 3287 2710 Cceterum

1700 2741 1866 2797 habet
1901 2742 1953 2796 in
2005 2759 2064 2798 se
2109 2743 2310 2814 aliquid
2348 2746 2416 2799 ab
2475 2746 2707 2800 humana
2754 2756 2946 2801 natura
2975 2745 3286 2802 dissimile:

1699 2845 1864 2890 natus
1893 2845 1975 2891 est
1997 2839 2140 2891 enim
2165 2853 2230 2892 ex
2257 2836 2500 2908 Virgine,
2519 2846 2573 2892 et
2596 2839 2743 2894 solus
2775 2841 2932 2895 habet
2958 2840 3034 2914 (l)
3062 2850 3290 2897 matrem

1701 2927 2020 2997 innuptam;
2067 2928 2269 2986 factum
2318 2941 2495 2987 autem
2531 2932 2708 3002 ipsum
2750 2934 2914 2988 etiam
2957 2948 3202 3001 carnem,
3241 2948 3297 2993 et

1701 3018 1754 3072 in
1790 3020 1950 3076 nobis
2003 3022 2358 3090 inhabitasse,
2396 3025 2730 3096 evangelista
2781 3037 3190 3095 commemorat,
3239 3041 3297 3086 ut

1703 3120 1936 3180 utroque
1962 3114 2366 3182 comprobaret,
2397 3125 2451 3170 et
2477 3115 2676 3170 factum
2716 3116 2884 3172 fuisse
2922 3119 3218 3186 hominem,
3243 3131 3297 3176 et

1708 3217 1869 3256 suum
1901 3220 2008 3259 non
2040 3207 2341 3276 perdidisse
2371 3226 2384 3262 :
2412 3208 2612 3262 mansit
2633 3210 2775 3262 enim
2806 3211 2949 3279 quod
2979 3221 3118 3265 erat.
3179 3225 3191 3238 ‘

1805 3294 2131 3365 lntelligitur
2229 3311 2466 3369 namque
2611 3300 2829 3353 Νοεῖται
2889 3301 2999 3372 γὰρ
3053 3303 3300 3370 πάντως,

1702 3394 1854 3440 certe
1908 3396 2166 3454 tanquam
2219 3391 2362 3446 aliud
2411 3392 2464 3446 in
2540 3391 2614 3455 ὡς
2660 3393 2846 3462 ἕτερον
2895 3395 2951 3446 ὲν
2995 3396 3199 3466 ἑτέρῳ,
3243 3397 3305 3450 τὸ

1703 3478 1814 3532 alio
1885 3478 2212 3549 inhabitare,
2267 3483 2319 3538 id
2359 3495 2462 3546 ρει,

1703 3567 1889 3624 divina
1919 3583 2107 3626 natura
2143 3574 2196 3629 in
2228 3575 2466 3630 humani-

1705 3669 1854 3726 tate,
1893 3678 1998 3718 non
2041 3680 2294 3736 perpessa
2324 3682 2472 3723 com-

1705 3755 2053 3821 mixtionem,
2077 3767 2171 3812 aut
2194 3759 2471 3815 confusio-

1706 3863 1877 3913 nem,
1939 3859 2031 3904 aut
2086 3855 2471 3910 commutatio-

1707 3955 1858 4005 nem,
1894 3951 1952 3995 ut
2007 3956 2149 3999 esset
2186 3948 2330 4016 quod
2366 3965 2471 4003 non

1706 4043 1852 4088 erat.
1897 4033 2164 4103 Quidquid
2222 4040 2362 4091 enini
2415 4040 2468 4092 in

1707 4124 1824 4178 alio
1849 4127 2092 4182 habitare
2114 4129 2329 4196 dicitur,
2365 4147 2469 4184 non

1707 4218 1890 4285 ipsum
1909 4220 1966 4272 fit
1980 4221 2102 4281 tale,
2120 4221 2280 4290 quale
2298 4230 2381 4277 est
2422 4223 2472 4277 id

1708 4307 1762 4360 in
1797 4322 1904 4378 quo
1936 4310 2177 4378 habitat;
2207 4314 2300 4366 sed
2330 4312 2474 4367 aliud

1711 4401 1766 4455 in
1827 4401 1933 4454 alio
1990 4403 2164 4472 magis
2229 4404 2479 4475 intelligi-

1713 4501 1826 4544 tur.
1859 4493 1928 4546 At
1954 4507 2084 4547 vero
2119 4495 2172 4548 iu
2199 4495 2360 4551 Verbi
2391 4513 2480 4553 ua-

1714 4593 1840 4638 tura
1877 4593 1933 4638 et
1965 4583 2350 4652 lmmanitatis,
2383 4603 2472 4643 soo

1717 4676 1827 4729 lam
1843 4677 1996 4729 nobis
2009 4677 2369 4733 dill'erentiam
2383 4682 2476 4734 dc-

1717 4769 1894 4837 signat
1935 4770 2218 4827 diversitas
2259 4785 2476 4829 natura-

1718 4875 1861 4914 rum.
1885 4861 2035 4917 Untts
2064 4863 2208 4918 enim
2237 4881 2299 4920 ex
2331 4877 2478 4923 utro-

1720 4968 1827 5020 que
1859 4953 2177 5032 iutclligitur
2205 4959 2476 5017 Christus.

1725 5043 2482 5115 Ergoinconfusiouc,utante

1725 5138 1856 5200 dixi,
1881 5154 2116 5207 servata,
2148 5143 2482 5203 inhabitasse

1731 5228 1961 5285 Verbum
1985 5235 2056 5286 ait
2083 5236 2133 5288 in
2159 5239 2312 5294 nobis
2343 5258 2355 5292 :
2381 5243 2482 5296 scit

1799 5412 1820 5440 ⁸
1852 5408 2060 5465 Coluss.
2090 5425 2148 5475 tt,
2191 5413 2243 5468 9.

2541 3482 2854 3548 κατοικοῦν,
2895 3482 3038 3538 τοῦτ’
3067 3486 3236 3550 ἔστιν,
3271 3490 3304 3558 ἡ

2543 3576 2662 3630 θεία
2708 3576 2866 3646 φύσις
2919 3581 2976 3632 ὲν
3020 3579 3304 3651 ἀνθρωπό-

2543 3688 2687 3742 τητι,
2707 3674 2798 3726 καὶ
2818 3674 2877 3726 οὐ
2897 3673 3146 3727 παθοῦσα
3177 3693 3309 3746 φυρ-

2550 3766 2671 3838 μὸν,
2701 3766 2733 3838 ἦ
2758 3767 3021 3838 ἀνάχυσιν
3045 3785 3187 3833 τινα,
3213 3771 3309 3823 καὶ

2551 3861 2906 3930 μετάστασιν,
2939 3860 3038 3932 τὴν
3068 3863 3145 3924 εἰς
3172 3862 3310 3932 ὅπερ

2544 3953 2644 4005 οὐκ
2681 3947 2769 4023 ἦν.
2817 3951 2892 4006 Τὸ
2919 3953 3028 4022 γὰρ
3077 3953 3308 4007 ἐνοικεῖν

2545 4044 2718 4117 ἑτέρῳ
2745 4043 3060 4112 λεγόμενον,
3087 4043 3188 4096 οὐκ
3213 4043 3309 4096 αὑ-

2545 4137 2606 4189 τὸ
2621 4135 2865 4206 γέγονεν,
2890 4135 3028 4206 ὅπερ
3054 4135 3170 4189 ἐστὶ
3192 4135 3310 4188 τοῦ·

2546 4240 2628 4288 το,
2648 4225 2704 4277 ὲν
2730 4217 2774 4292 ᾧ
2808 4226 3077 4278 κατοικεῖο
3102 4225 3306 4278 νοεῖται

2548 4315 2604 4370 δὲ
2619 4317 2818 4388 μᾶλλον
2839 4319 2924 4370 Ere
2936 4335 3024 4389 ρον
3041 4319 3097 4370 ὲν
3114 4319 3306 4389 ἑτέρῳ.

2562 4409 2651 4463 Ἑν
2684 4410 2845 4479 δέ’γε
2897 4413 2963 4480 τῇ
3009 4410 3168 4480 φύσει
3214 4409 3308 4463 τοῦ

2555 4505 2755 4574 Λόγου,
2785 4508 2878 4560 καὶ¹
2905 4506 3004 4577 τῆς
3017 4505 3307 4577 ἀνθρωπό-

3375 640 3556 708 σάρκα
3627 639 3922 709 γενόμενον
3947 681 3963 705 ,

3373 728 3534 782 ὲνανθ
3543 731 3890 801 ρωπήσαντα.

4039 639 4135 692 καὶ
4210 639 4549 708 unigenitum
4573 652 4790 692 carnem
4849 637 4962 692 fac-

4210 741 4343 794 tum,
4375 730 4756 784 ct-hominem.

3449 821 3527 893 (2)
3560 821 3739 878 Carne
3762 834 3940 878 autem
3979 824 4109 879 mihi
4139 824 4352 879 videtur
4385 823 4602 878 divinus
4625 821 4964 891 Evangelista

3379 921 3547 967 totam
3584 913 3863 986 sapienter
3899 923 4147 969 naturam
4196 914 4476 969 hominum
4527 913 4811 967 nominare
4843 928 4858 966 :
4891 911 4966 965 ait

3377 1006 3522 1059 enim
3555 1003 3791 1060 Verbum
3823 1005 4155 1060 inhabitasse
4187 1006 4238 1060 in
4272 1006 4450 1069 nobis,
4482 1019 4588 1058 non
4621 1001 4869 1067 alterius,
4906 1011 4966 1054 ut

3377 1110 3476 1168 ego
3505 1097 3718 1167 opinor,
3745 1097 3940 1168 gratia,
3970 1097 4395 1151 incarnationem
4413 1093 4576 1150 Verbi
4602 1095 4800 1148 factam
4824 1107 4967 1157 esse,

3378 1203 3849 1255 COmmemorans;
3888 1189 3990 1243 nisi
4017 1197 4076 1241 ut
4105 1187 4268 1242 etiam
4293 1201 4412 1252 nos,
4439 1186 4762 1256 participatu
4798 1184 4969 1254 ipsius

3379 1298 3477 1353 per
3514 1283 3780 1354 Spiritum
3817 1291 4064 1338 sauctmn
4094 1279 4427 1349 locupletati,
4463 1277 4772 1345 ad0ptionis
4808 1278 4970 1330 benc-

3384 1376 3561 1430 licium
3594 1376 3948 1431 lucraremur.
3989 1374 4161 1444 igitur
4193 1375 4248 1427 in
4283 1373 4504 1427 Christo
4535 1372 4796 1425 unita-tem
4823 1383 4970 1423 sum-

3383 1483 3525 1522 mam
3558 1483 3848 1538 vcramque
3871 1467 4144 1522 credimus
4172 1464 4390 1519 factam.
4419 1460 4514 1517 Sin
4539 1472 4716 1518 autem
4740 1462 4792 1514 in
4821 1459 4972 1513 nobis

3381 1557 3634 1613 Christus
3665 1555 3968 1611 inhabitare
3994 1555 4233 1618 dicatur,
4269 1551 4528 1624 σχετικὴν
4561 1551 4676 1621 ipse
4703 1548 4860 1603 faciet
4892 1548 4975 1602 in-

3385 1648 3800 1702 habitationcm.
3828 1645 3946 1702 Non
3977 1656 4156 1701 autem
4191 1661 4314 1700 cum
4352 1645 4492 1698 Deus
4521 1643 4724 1697 dicitur
4763 1639 4973 1693 inhabi-

3385 1749 3528 1795 tasse
3561 1741 3612 1794 in
3647 1739 3868 1796 Christo
3902 1755 3915 1793 :
3959 1757 3976 1789 ι
4015 1736 4341 1792 lnhabitavit
4373 1749 4606 1805 namque
4629 1733 4682 1788 in
4710 1747 4776 1787 eo
4803 1730 4979 1786 omnis

3386 1829 3662 1898 plenitudo
3692 1830 3998 1884 divinitatis
4033 1828 4466 1898 corporaliter‘;
4499 1846 4516 1879 ι
4555 1843 4660 1881 non
4694 1840 4792 1895 per
4815 1823 4980 1893 parti-

3382 1921 3639 1989 cipatum,
3673 1923 3754 1974 vel
3790 1921 3976 1992 σχέσιν
4001 1921 4326 1991 simplicem,
4363 1919 4520 1989 quasi
4557 1919 4671 1973 sole
4699 1917 4977 1974 illucente.

3383 2024 3476 2070 aut
3503 2017 3625 2087 igne
3661 2013 3884 2068 insitutn
3918 2015 4021 2068 sibi
4051 2013 4284 2068 calorem
4313 2011 4434 2067 aliis
4466 2011 4822 2074 immittente;
4861 2007 4979 2069 sed,

3385 2116 3443 2162 ut
3473 2109 3545 2164 ita
3577 2105 3776 2174 dicam,
3823 2107 3937 2176 ipsa
3984 2105 4166 2162 divina
4213 2107 4536 2175 sinceraque
4569 2111 4789 2164 natura,
4829 2099 4980 2171 juxta

3385 2208 3555 2256 totum
3593 2199 3644 2254 id
3677 2200 3818 2270 quod
3851 2207 3956 2263 est,
3989 2197 4438 2253 inhabitationem
4469 2195 4569 2250 sibi
4603 2193 4857 2259 faciente,
4887 2207 4983 2262 pcr

3387 2305 3597 2356 veram,
3626 2298 3685 2343 ut
3713 2299 3838 2343 ante
3867 2289 4126 2352 diximus,
4166 2287 4451 2349 unitatem,
4495 2285 4548 2338 in
4589 2281 4788 2352 tcmpio
4839 2280 4981 2352 quod

3389 2391 3472 2436 est
3499 2391 3684 2435 natum
3719 2396 3785 2436 ex
3812 2378 4034 2451 Virgine
4063 2395 4079 2432 :
4113 2379 4185 2433 ita
4222 2379 4365 2434 enim
4405 2392 4547 2432 unus
4591 2386 4645 2431 et
4675 2384 4780 2441 est,
4811 2382 4869 2428 et
4899 2372 4982 2427 in-

3391 2473 3650 2544 telligitur
3672 2473 3924 2528 Christus
3955 2471 4136 2528 Jesns.

3463 2567 3618 2633 Quod
3650 2581 3778 2621 vero
3813 2567 3864 2620 in
3893 2565 4304 2634 expressiouum
4338 2577 4546 2619 smnma
4591 2570 4774 2615 noster
4805 2572 4990 2614 sermo

3393 2659 3661 2722 vincatur,
3689 2673 3794 2711 non
3826 2657 4068 2725 negabo;
4113 2657 4208 2710 sed
4241 2669 4347 2710 non
4395 2655 4600 2709 idcirco
4629 2651 4832 2707 Christi
4871 2663 4988 2719 my-

3394 2748 3617 2801 sterium
3643 2761 3751 2800 non
3784 2747 4076 2814 credatur;
4105 2747 4199 2800 sed
4233 2745 4406 2814 magis
4432 2744 4502 2798 sit
4538 2743 4738 2797 merito
4770 2738 4992 2793 mirabi-

3394 2838 3520 2894 lius.
3551 2839 3764 2906 Quanto
3799 2839 3944 2894 enim
3979 2838 4124 2891 oumi
4158 2846 4242 2892 est
4287 2844 4466 2890 mente
4506 2833 4757 2902 superius
4795 2839 4850 2886 et
4879 2844 4991 2884 ser-

3399 2948 3579 2998 mone,
3609 2943 3760 2987 tanto
3792 2931 3964 3004 magis
3993 2929 4132 2984 ultra
4176 2942 4393 2984 omnem
4441 2924 4860 2980 admirationem
4896 2937 4992 2989 pu-

3401 3027 3634 3082 nendum
3671 3033 3772 3080 est.

3470 3118 3703 3173 Carnem
3755 3131 3883 3172 vero
3917 3115 4120 3170 factum
4172 3112 4433 3174 Verbum,
4470 3105 4526 3161 id
4578 3116 4679 3169 est,
4718 3101 4992 3158 hominem

3328 3234 3372 3294 ρ
3405 3210 3731 3280 perfectum,
3763 3224 3867 3262 non
3897 3207 4133 3261 dicimus
4187 3215 4443 3258 mensura
4479 3197 4727 3268 corporis
4753 3204 4992 3294 compre-

3408 3303 3594 3368 hendi,
3629 3303 3680 3356 id
3724 3301 3866 3354 enim
3919 3296 4313 3367 ineptissinmm
4343 3303 4466 3360 est;
4504 3289 4600 3346 sed
4650 3285 4875 3358 implere
4917 3283 4992 3338 sic

3408 3411 3622 3468 quoque
3651 3394 3948 3457 credimus,
3986 3392 4124 3446 sicut
4155 3389 4312 3453 solet,
4357 3387 4554 3441 coelum
4593 3394 4646 3438 ct
4683 3391 4908 3443 terram,
4942 3385 4992 3431 et

3408 3504 3528 3558 quae
3553 3485 3782 3542 inferius
3811 3484 3986 3555 posita
4023 3490 4150 3538 sunt
4190 3497 4203 3535 :
4236 3479 4416 3533 omnia
4451 3476 4650 3532 etenim
4681 3472 4838 3544 plena
4872 3477 4994 3525 sunt

3410 3582 3541 3646 Deo,
3569 3591 3624 3635 et
3653 3579 3832 3634 omnia
3866 3578 3964 3648 ipsi
3997 3574 4220 3645 parvula
4256 3581 4404 3627 sunt.
4439 3571 4507 3624 At
4549 3566 4821 3636 quomodo
4851 3572 4906 3615 et
4944 3563 4996 3614 in

3409 3675 3658 3746 singulis,
3686 3683 3740 3728 et
3767 3672 3820 3726 in
3852 3671 4106 3725 omnibus
4136 3678 4283 3723 totus
4313 3669 4406 3730 sit,
4440 3663 4715 3718 intellectu
4748 3659 5002 3724 dictuque

3411 3766 3625 3822 dillicile
3656 3774 3761 3828 est,
3798 3763 3908 3816 imo
3940 3774 4070 3815 vero
4104 3759 4268 3813 etiam
4315 3750 4668 3823 impossibile.
4715 3747 4768 3802 Id
4797 3757 5000 3808 autem,

3411 3870 3472 3913 ut
3497 3858 3790 3927 opinor,co
3815 3853 4076 3924 possidet,
4095 3849 4239 3919 quod
4268 3849 4623 3913 incorporeus
4649 3839 4714 3895 sit
4748 3849 4802 3894 et
4833 3837 5004 3892 indis-

3411 3948 3694 4020 pertibilis.

3480 4037 3764 4105 Proprium
3799 4044 3978 4086 autem
4035 4031 4195 4085 Verbi
4232 4043 4431 4096 corpus
4472 4026 4672 4080 dicitur
4705 4039 4736 4077 a
4782 4020 4940 4076 nobis
4985 4037 4998 4074 :

3411 4146 3517 4186 non
3558 4125 4011 4198 quemadmodum
4051 4120 4302 4192 preprins
4346 4128 4429 4174 est
4466 4115 4699 4172 hominis
4727 4115 4886 4173 risus.
4918 4111 5003 4166 vel

3408 4223 3532 4294 equi
3561 4219 3833 4283 hinnitus;
3883 4215 3978 4272 sed
4014 4214 4178 4284 quod,
4227 4212 4428 4266 factum
4464 4210 4632 4279 ipsius
4670 4223 4762 4277 per
4795 4207 5002 4259 aduna-

3413 4316 3613 4370 tionem
3645 4327 3850 4373 veram,
3897 4307 4244 4364 instrumenti
4277 4305 4324 4360 ei
4373 4304 4615 4373 prtebcat
4648 4301 4905 4362 udicium,
4937 4297 5004 4350 ad

3411 4407 3813 4478 exsequendum
3840 4418 3902 4458 ca
3934 4417 4053 4472 qua:
4097 4415 4247 4456 more
4287 4397 4447 4453 solito
4481 4405 4755 4464 operatur,
4801 4392 5006 4461 absque

3415 4503 3532 4558 solo
3562 4509 3802 4570 peccato.

2551 4572 2736 4670 τητος,
2782 4572 2971 4668 μόνην-
3020 4572 3154 4670 ἡμῖν
3213 4616 3310 4668 ση·
3343 4579 3384 4632 Ῑ)
3483 4592 3734 4650 δίιινετο
3769 4595 3912 4647 Deus
3949 4591 4181 4646 Verbum
4217 4587 4382 4642 etiam
4415 4583 4638 4638 missum
4671 4577 4832 4632 fuisse
4868 4572 5006 4628 forte

2553 4691 2734 4760 μαίνει
2773 4690 3038 4761 διαφορὰν
3066 4691 3172 4744 τῶν
3208 4690 3311 4760 φύς

2549 4801 2687 4836 σεων
2749 4785 2810 4836 τδ
2875 4783 3150 4856 διάφορον.
3218 4781 3312 4847 Εἷς

2550 4873 2658 4944 γὰρ
2707 4874 2764 4940 ἐξ
2842 4875 3046 4942 ἀμφοῖν
3112 4876 3316 4927 νοεῖται

2552 4965 2803 5034 Χριστός.
2832 4964 3043 5020 Οὐκοῦν
3065 4965 3124 5018 τὸ
3141 4965 3311 5033 ἀσύγο

2554 5078 2715 5130 χυτον
2734 5057 2790 5114 εὖ
2801 5061 2944 5131 μάλα
2971 5060 3312 5132 τετηρηκὼς,

2556 5151 2718 5221 φησὶν
2747 5152 2803 5203 ἐν
2839 5153 2974 5221 ἡμῖν
3009 5152 3316 5221 ἐσκηνωκὲ-

2556 5260 2644 5296 ναι
2683 5245 2771 5297 τὸν
2817 5245 3009 5313 Λόγον.
3039 5245 3174 5297 Ἕνα
3208 5245 3315 5314 γὰρ

1802 5591 1881 5661 (i)
1926 5590 1982 5644 ld
2026 5602 2137 5664 est,
2185 5609 2302 5664 qua:
2347 5596 2446 5649 viri
2491 5597 2830 5664 amplexibus
2880 5595 3163 5664 inquinata
3213 5610 3317 5646 non

1738 5660 1947 5734 inisset.
1993 5660 2236 5734 Nubendi
2273 5665 2419 5716 enim
2475 5660 2796 5720 vocabulum
2851 5660 2996 5734 sa‘p'c
3049 5663 3320 5734 reperitur

1738 5732 1790 5785 in
1823 5733 2094 5786 obscenis.
2127 5731 2262 5787 lliuc
2299 5734 2422 5786 illud
2451 5750 2514 5788 ex
2554 5735 2841 5802 Evangelii)
2881 5731 2940 5787 l):
2981 5731 3142 5787 Marci
3171 5752 3183 5787 :
3215 5733 3321 5786 Ne-

1739 5818 1839 5866 que
1892 5803 2105 5863 nubrut,
2148 5819 2310 5870 neque
2343 5807 2619 5859 imitemur.

2692 5807 2754 5859 Et
2799 5807 2888 5858 Illi.
2927 5821 3003 5864 Vl,
3047 5804 3324 5870 Capitula-

1745 5875 1881 5928 t'ium
1915 5887 2029 5942 cap.
2066 5872 2171 5928 “209
2203 5891 2214 5925 :
2252 5875 2312 5927 Si
2347 5877 2450 5942 ipse
2481 5887 2651 5930 (auten
2699 5880 2948 5943 innuptas
2987 5875 3063 5928 ιἐΙ
3105 5875 3324 5940 innupta

3421 4689 3655 4752 dicatur,
3690 4701 3757 4740 ne
3787 4684 3910 4755 quis
3946 4691 4184 4737 vestrum
4231 4685 4521 4736 terreatur,
4559 4670 4686 4724 illud
4717 4667 4960 4738 cogitans
4989 4680 5002 4716 :

3420 4781 3537 4849 Quo
3566 4787 3750 4848 perget
3774 4777 4176 4844 incorporeum,
4199 4769 4281 4824 vel
4313 4781 4420 4836 quo
4457 4766 4609 4819 cedet
4636 4763 4681 4816 is
4714 4776 4828 4829 quo
4849 4759 5004 4849 plena

3419 4847 3806 4929 suntomnia?
3837 4866 3986 4921 Sciat
4033 4872 4211 4918 autem
4264 4859 4455 4929 magis,
4502 4855 4645 4925 quod
4675 4852 4740 4907 sit
4785 4859 4840 4904 ct
4870 4847 5008 4902 alius

3423 4963 3698 5020 missionis
3723 4963 3932 5015 modus.
3961 4957 4074 5011 Non
4103 4964 4160 5009 ut
4187 4954 4363 5008 locum
4391 4950 4456 5005 de
4480 4949 4622 5012 loco,
4643 4945 4731 5016 qni
4757 4944 5005 5005 mittitur,

3427 5067 3629 5123 mutet;
3663 5056 3756 5110 sed
3792 5065 3848 5106 ut
3884 5049 4243 5104 ministerium
4278 5044 4451 5114 magis
4477 5054 4694 5095 sacrum
4723 5034 5006 5104 suscipiat,

3424 5151 3566 5222 quod
3620 5149 3782 5204 ctiam
3829 5142 4107 5211 discipulis
4160 5139 4460 5209 iniunctum
4516 5147 4636 5187 esse
4689 5126 5008 5183 discimusa

3425 5242 3641 5296 Christo
3669 5238 3908 5294 omnium
3947 5235 4246 5288 Salvatorc.

3428 5593 3792 5659 permanserit.
3837 5591 4032 5644 nauta.

3494 5662 3572 5730 (2)
3614 5667 3743 5724 Quae
3771 5673 4089 5726 sequuntur,
4125 5655 4392 5730 usquead
4416 5655 4622 5730 luctam
4661 5649 4844 5730 Jacobi
4888 5662 5008 5727 cum

3423 5720 4053 5800 angulo—eaque'verba,
4093 5720 4220 5794 cap:
4259 5727 4362 5800 5i,
4410 5724 4742 5800 latitudinem
4795 5720 5010 5800 leniori:

3424 5802 3562 5868 ejus,
3591 5797 3780 5855 desunt
3815 5802 3864 5854 in
3897 5799 4223 5854 cditiunibus
4250 5797 4500 5867 vulgatis,
4525 5807 4576 5850 ct
4606 5808 4744 5849 nunc.
4777 5797 5009 5861 primum

3427 5874 3680 5926 (aluntur.
