3406 3336
1024 214 1090 241 i399
1515 211 1544 239 s.
1564 208 1702 238 cmeu
1721 207 1957 236 ALEXANDnm
1978 210 2139 238 ARCllIEP.
2584 210 2654 238 mo

1056 270 1177 305 Denique
1193 270 1274 296 etiam
1299 270 1407 296 divinus
1428 268 1529 297 Paulus
1552 269 1591 296 ait
1617 268 1650 296 de
1675 268 1786 295 Christo
1802 277 1808 294 :
1825 268 1847 296 Α
1865 279 1874 292 ι
1890 268 1973 296 Amen
1994 269 2054 297 dico
2079 269 2168 303 vobis,
2186 274 2330 304 antequam
2350 269 2488 297 Abraham
2505 274 2588 301 esset,
2604 277 2654 304 ego

1024 326 1030 340 1
1052 316 1131 350 Ergo,
1145 315 1241 342 fratres
1255 316 1351 346 sancti,
1364 315 1514 341 vocationis
1526 315 1642 342 caelestis
1653 314 1807 348 participes,

1024 361 1191 387 '-onsiderate
1218 360 1367 394 apostolum
1395 366 1422 387 et
1449 361 1605 394 pontiﬁcem
1632 359 1810 387 confessionis

1023 412 1121 434 nostra:
1146 406 1237 433 Jesum
1250 407 1271 432 ⁵.
1290 416 1299 432 1
1321 407 1513 433 Animadverte
1534 410 1623 433 autem
1642 407 1724 441 quod,
1748 413 1809 432 ctnn

1022 461 1081 479 eum
1107 451 1303 479 ministrantem
1330 452 1469 479 hominum
1494 460 1569 479 more
1590 452 1724 483 ostendit,
1748 452 1810 478 licet

1023 503 1115 524 natura
1132 497 1166 524 sit
1181 497 1260 528 Deus,
1278 501 1342 523 tunc
1361 497 1384 524 ei
1402 497 1483 524 etiam
1506 497 1622 524 ollicium
1646 496 1810 531 apostolatus

1021 542 1141 569 attribuit
1162 552 1168 569 ε
1192 542 1258 568 nihil
1281 547 1382 575 autem,
1398 547 1427 569 ut
1442 548 1504 570 ante
1523 543 1651 575 diximus,
1665 543 1809 569 absurdum

1021 592 1071 619 n-st,
1089 588 1111 614 si
1132 587 1201 614 Deus
1217 587 1333 614 Verbum
1354 588 1423 614 mitti
1446 588 1527 615 etiam
1553 589 1657 615 dicatur
1679 597 1692 615 a
1713 588 1809 621 Patre;

1022 632 1112 667 implet
1127 641 1243 667 namque
1259 634 1412 660 certissime
1433 633 1535 666 omnia,
1554 639 1580 661 et
1605 634 1669 661 nulli
1691 634 1749 660 loco
1765 641 1811 668 pe-

1023 679 1092 705 nitus
1105 678 1181 705 deest
1197 687 1203 705 :
1221 686 1271 705 nos
1293 686 1357 705 vero
1380 679 1504 706 humanis
1527 679 1639 706 vocibus
1657 679 1746 706 divina
1769 680 1810 706 in-

1022 728 1211 758 terpretantes,
1228 724 1432 759 liguratiouibus
1450 725 1571 759 corporis
1588 725 1749 752 immortalis
1765 733 1812 751 na-

1021 775 1088 796 tura:
1101 770 1329 803 dispensationem
1345 771 1462 797 solemus
1475 770 1636 805 intelligere.

1060 815 1179 849 Denique
1205 823 1265 843 cum
1294 821 1403 843 sanctus
1432 815 1549 850 Spiritus
1575 816 1665 842 omnia
1693 816 1811 850 impleat,

1023 861 1114 888 scribit
1134 862 1228 888 beatus
1246 861 1354 893 Paulus,
1370 865 1397 888 et
1422 861 1487 888 dicit
1512 870 1518 888 ε
1538 870 1547 886 1
1564 861 1696 894 Quoniam
1722 867 1811 888 autem

1022 909 1087 934 estis
1106 907 1162 939 lilii,
1185 907 1257 934 misit
1286 907 1355 934 Deus
1380 906 1510 942 Spiritum
1535 907 1595 934 Filii
1620 908 1660 934 sui
1681 908 1706 934 in
1731 908 1810 934 corda

1023 957 1125 983 nostra,
1136 952 1160 978 in
1178 960 1230 986 quo
1242 952 1389 979 clamamus
1404 962 1410 979 :
1424 952 1498 979 Abba
1513 952 1592 980 Pater
1602 953 1623 979 '.
1636 961 1645 978 1
1665 953 1709 979 Ait
1720 958 1808 979 autem
1827 947 1846 976 Β

1022 1003 1048 1022 ιιι
1066 997 1123 1031 ipse
1139 997 1262 1024 Salvator
1279 1006 1285 1023 :
1303 1006 1311 1023 1
1329 997 1441 1031 Expedit
1456 997 1541 1030 vobis,
1558 1004 1586 1023 ut
1600 1005 1649 1031 ego
1661 1004 1736 1029 eam;
1751 1004 1811 1023 nam

1022 1043 1043 1068 si
1063 1050 1114 1068 non
1140 1043 1243 1074 abiero,
1266 1042 1424 1070 Paracletus
1450 1051 1502 1069 non
1526 1043 1615 1070 veniet
1632 1044 1665 1069 ad
1688 1050 1736 1069 vos
1756 1043 1776 1069 ⁷.
1799 1051 1810 1067 1

1022 1088 1133 1120 Ηροηει
1145 1087 1227 1122 igitur
1239 1088 1271 1114 ad
1285 1089 1417 1115 rationem
1431 1089 1539 1122 pietatis
1550 1088 1639 1115 omnia
1653 1088 1811 1119 referentes,

1021 1137 1092 1158 t-crta
1107 1133 1271 1166 cogitatione
1287 1133 1385 1160 sectari
1407 1143 1413 1160 :
1434 1134 1458 1160 id
1478 1133 1549 1161 enim
1574 1133 1703 1161 facientes
1722 1133 1812 1161 nobis-

1022 1178 1143 1212 metipsis
1157 1178 1275 1205 maxime
1288 1178 1479 1213 proluerimus.

1319 1268 1394 1295 CAP.
1415 1268 1510 1295 XXVI.

1071 1335 1209 1365 Quomodo
1226 1335 1384 1370 intelligitur
1402 1336 1532 1368 θεοτόκος
1554 1336 1633 1371 Virgo
1651 1343 1753 1365 sancta.

1054 1399 1149 1427 Natum
1167 1405 1207 1427 est
1222 1402 1331 1435 quidem
1347 1402 1571 1430 intestimabiliter
1588 1404 1705 1431 Verbum
1724 1404 1769 1431 Dei
1783 1410 1810 1432 et

1020 1446 1124 1477 l‘atris;
1141 1451 1167 1473 et
1184 1448 1240 1473 haec
1256 1448 1393 1481 generatio
1415 1456 1522 1475 omnem
1539 1456 1647 1476 sensum
1669 1451 1810 1483 cogitatio-

1020 1499 1136 1525 nemque.
1155 1494 1331 1525 transcendit,
1350 1499 1376 1521 et
1392 1499 1433 1521 est
1449 1495 1611 1529 incorporali
1625 1501 1729 1523 natura:
1744 1505 1810 1524 con-

1019 1536 1140 1564 veniens.
1155 1537 1347 1566 Verumtamen
1369 1539 1396 1566 id
1418 1542 1488 1573 quod
1507 1546 1600 1568 natum
1618 1547 1671 1574 est,
1687 1543 1809 1577 proprius
1823 1530 1845 1558 ο

1019 1587 1111 1615 partus
1125 1583 1285 1617 intelligitur
1296 1584 1443 1617 Genitoris,
1453 1590 1479 1612 et
1493 1587 1612 1621 ejusdem
1628 1595 1687 1614 cum
1704 1595 1736 1616 eo
1749 1590 1811 1615 sub-

1019 1628 1143 1660 stantirc;
1172 1629 1286 1664 ideoque
1306 1631 1386 1658 etiam
1402 1631 1487 1659 Filius
1513 1633 1676 1664 nominatur.
1704 1635 1812 1662 nomine

1020 1674 1121 1701 scilicet
1142 1675 1277 1703 indicante
1294 1678 1369 1711 quasi
1394 1685 1485 1705 veram
1507 1680 1698 1715 sinceramque
1714 1689 1811 1713 proge-

1020 1719 1107 1752 niem;
1127 1720 1172 1746 sed
1188 1728 1249 1747 cum
1263 1721 1299 1747 sit
1312 1722 1388 1747 vivus
1404 1722 1430 1749 in
1446 1728 1578 1750 aeternum
1593 1723 1683 1756 Pater,
1701 1732 1812 1751 necesse

1020 1768 1072 1796 νει,
1088 1772 1148 1790 cunt
1165 1772 1271 1799 quoque
1287 1767 1379 1794 vivrrc
1400 1768 1425 1794 in
1440 1774 1582 1799 mternum,
1606 1775 1715 1804 propter
1731 1778 1810 1805 quem

1020 1814 1061 1834 est
1089 1808 1178 1836 Pater.
1205 1810 1288 1844 igitur
1315 1820 1324 1836 1
1344 1812 1370 1838 111
1398 1813 1531 1847 principio
1556 1820 1614 1841 erat
1632 1815 1759 1848 Verbum,
1785 1821 1812 1842 et

1022 1855 1091 1881 Deus
1115 1860 1173 1881 erat
1202 1856 1330 1889 Verbum,
1354 1862 1381 1884 ct
1405 1862 1464 1885 erat
1490 1859 1571 1886 etiam
1601 1859 1718 1887 Verbum
1741 1863 1811 1896 apud

1022 1901 1103 1926 Deum
1120 1901 1141 1932 ⁸,
1158 1911 1167 1926 1
1187 1906 1215 1928 ut
1227 1903 1443 1936 sapientissimus
1462 1904 1630 1940 Evangelista
1649 1915 1813 1934 commemo-

1022 1951 1072 1971 rat.
1096 1945 1123 1972 lu
1143 1949 1375 1976 consummatione
1397 1955 1486 1977 autem
1511 1955 1672 1986 tetnporum,
1701 1959 1812 1988 propter

1021 1999 1069 2019 nos
1084 1992 1217 2025 homines,
1236 1999 1263 2021 et
1283 2000 1394 2029 propter
1414 2001 1533 2024 nostram
1553 1999 1665 2025 salutent
1686 1999 1811 2026 incarna-

1021 2045 1076 2064 tmu
1094 2043 1144 2071 est,
1166 2043 1193 2067 et
1209 2041 1289 2066 houto
1310 2046 1351 2068 est
1374 2042 1493 2075 factum;
1519 2051 1570 2070 non
1593 2045 1718 2072 amittens
1741 2046 1810 2078 quod

1020 2088 1090 2116 erat,
1107 2085 1152 2111 sed
1171 2085 1290 2112 retinens
1314 2086 1548 2115 inconvertibilcm
1570 2096 1646 2115 sttam
1673 2096 1809 2122 naturam.

1021 2133 1049 2155 et
1063 2137 1170 2163 semper
1182 2130 1206 2155 in
1222 2130 1372 2158 divinitatis
1387 2132 1495 2168 fastigio
1512 2134 1686 2167 collocatam;
1702 2135 1811 2162 subiens

1024 2180 1112 2201 tamen
1130 2181 1239 2210 propter
1254 2184 1303 2203 nos
1320 2178 1518 2211 dispensatorie
1535 2180 1810 2214 exinanitatem;nec

1022 2221 1188 2249 inhonorans
1213 2221 1261 2257 [id
1286 2229 1340 2254 est,
1366 2232 1417 2251 non
1444 2225 1615 2262 despiciens]
1642 2227 1809 2260 pauperiem,

1020 2273 1078 2299 quae
1103 2266 1226 2293 humanm
1253 2273 1356 2305 natura;
1371 2270 1497 2296 convenit
1519 2279 1526 2296 :
1551 2279 1611 2297 nam
1631 2280 1640 2295 ‹
1656 2278 1717 2298 cum
1740 2276 1811 2298 esset

1019 2311 1104 2342 dives,
1119 2319 1220 2346 pauper
1233 2317 1274 2339 cst
1291 2313 1388 2345 factus,
1405 2314 1474 2340 sicut
1488 2315 1618 2348 scriptum
1636 2319 1679 2341 est
1694 2325 1699 2341 :
1716 2320 1745 2342 ut
1761 2323 1810 2342 nos

1019 2361 1177 2389 paupertate
1203 2357 1262 2390 ejus
1282 2358 1378 2385 divites
1403 2366 1524 2386 essemus
1550 2361 1570 2385 ν.
1589 2369 1599 2385 1
1632 2359 1743 2386 Factum
1770 2365 1811 2387 est

1021 2401 1101 2435 igitur
1120 2402 1211 2434 homo,
1229 2408 1255 2429 et
1271 2404 1471 2438 generationem
1485 2412 1518 2431 ex
1532 2405 1643 2431 muliere
1653 2412 1761 2439 passum
1771 2406 1810 2432 di-

1020 2446 1098 2472 titur.
1116 2445 1199 2481 Igitur
1212 2453 1353 2482 propterea
1367 2449 1437 2482 quod
1461 2456 1493 2475 ex
1511 2454 1603 2475 sancta
1624 2450 1731 2484 Virgine
1749 2459 1810 2478 vere

1019 2492 1070 2519 sibi
1081 2493 1227 2519 adunatum
1240 2501 1336 2528 corpus
1350 2494 1505 2527 acceperit;
1524 2494 1584 2521 inde
1604 2496 1734 2522 Θεοτόκον
1749 2505 1809 2525 esse

1020 2536 1134 2564 dicimus
1156 2536 1292 2571 Virginem
1315 2542 1449 2568 sanctam,
1470 2538 1531 2572 quia
1556 2539 1588 2573 id,
1606 2540 1730 2574 humane,
1755 2543 1812 2570 sive

1020 2583 1167 2609 secundum
1181 2590 1290 2609 carnem
1307 2582 1422 2616 peperit,
1438 2583 1500 2610 licet
1513 2584 1624 2612 haberet
1636 2591 1698 2614 ante
1712 2589 1809 2616 stecula

1020 2630 1221 2661 generationem
1237 2637 1269 2656 ex
1284 2628 1375 2655 Patre.

1054 2672 1164 2706 Opinari
1188 2678 1277 2700 autem
1304 2673 1448 2701 nonnullos
1470 2674 1588 2702 Verbum
1614 2677 1676 2705 hinc
1702 2678 1808 2705 initium

1021 2718 1105 2745 fuisse
1122 2719 1259 2751 sortitum,
1283 2728 1342 2746 cum
1366 2720 1446 2749 homo
1464 2722 1499 2748 sit
1525 2722 1637 2755 factum,
1663 2724 1810 2758 impietatis

1019 2768 1061 2790 cst
1084 2763 1237 2798 lurorisque
1261 2759 1457 2799 plenissimum.
1484 2767 1537 2794 Eos
1560 2770 1659 2795 etenim
1681 2770 1810 2804 insipien-

1022 2810 1140 2837 tissimos
1152 2817 1221 2843 esse,
1235 2812 1393 2839 monstravit
1409 2814 1465 2847 ipse
1476 2814 1600 2841 Salvator
1611 2815 1643 2841 de
1654 2823 1682 2842 se
1697 2816 1788 2844 dicens
1801 2826 1808 2844 :

1054 2889 1162 2927 '_llcl)r.
1187 2899 1226 2921 IlI,
1249 2894 1273 2920 Ι,
1313 2893 1322 2907 ⁸
1342 2892 1430 2920 Galat.
1448 2901 1483 2925 tv,
1505 2895 1530 2921 li.
1569 2896 1578 2909 "
1598 2894 1675 2922 .loan.
1697 2904 1751 2927 xvt,
1768 2897 1794 2924 7.

1026 2921 1044 2935 ’τ
1058 2925 1137 2953 Joan.
1160 2935 1178 2959 I,
1194 2927 1236 2954 50.
1277 2927 1297 2942 ’⁵
1314 2927 1391 2955 Joan.
1408 2937 1433 2960 λ,
1448 2921 1493 2955 93.
1534 2930 1577 2956 "l
1598 2931 1661 2957 Cor.
1678 2921 1745 2963 1513

1861 321 1921 341 sum
1941 315 2012 341 ¹⁰·¹¹.
2037 325 2047 341 1
2072 315 2213 349 Quomodo
2236 315 2308 342 enim
2327 315 2406 342 aliter
2431 320 2495 342 ante
2516 315 2652 342 Abraham

1861 365 1932 391 erat,
1948 361 1993 395 qui
2011 360 2101 388 inultis
2116 366 2176 395 post
2197 360 2361 395 temporibus
2376 361 2526 387 secundant
2543 367 2653 387 carnem

1861 411 1940 432 natus
1958 406 2021 433 est?
2042 406 2114 434 Salis
2133 411 2220 433 autem
2244 407 2326 441 ipsos,
2341 410 2370 432 ut
2385 406 2491 440 opinor,
2510 405 2655 439 red-arguet

1861 451 1970 478 divinus
1983 451 2101 479 Joannes
2113 453 2204 480 dicens
2219 461 2226 480 :
2241 462 2249 478 1
2262 453 2312 479 Hic
2324 456 2392 484 erat,
2404 452 2437 478 de
2448 459 2500 485 quo
2514 458 2564 485 ego
2578 451 2631 477 dixi
2645 460 2652 478 :

1862 497 1923 524 Post
1937 505 1980 523 me
1993 499 2064 525 venit
2077 498 2129 530 vir,
2141 498 2185 532 qui
2201 503 2263 525 ante
2280 505 2323 525 me
2335 497 2423 525 iactus
2436 502 2487 529 est,
2501 497 2562 532 quia
2580 497 2654 531 prior

1862 550 1903 569 me
1920 550 1977 568 erat
1991 543 2020 570 η.
2044 553 2052 568 1
2653 541 2659 578 i

1898 588 1990 624 794⁸
2011 589 2253 617 Prmlermittentes
2275 589 2358 625 igitur
2379 589 2407 616 in
2432 596 2460 616 re
2481 593 2534 615 tam
2558 588 2652 614 frivola

1862 634 1921 661 sine
1935 642 2016 661 causa
2038 640 2155 668 certare.
2175 636 2209 662 ad
2227 636 2291 663 illud
2310 635 2395 670 magis
2413 634 2565 665 veniamus.
2581 633 2652 668 quod

1862 679 1942 706 etiam
1963 680 2136 707 emolumenti
2160 681 2262 715 aliquid
2283 681 2368 715 possit
2384 679 2492 711 atl‘erre,
2513 686 2546 706 ne
2567 678 2653 705 mole-

1862 729 1903 751 ste
1923 723 2011 750 {erant
2030 725 2149 751 nonnulli
2170 725 2321 757 audientes,
2343 731 2403 751 esse
2426 728 2547 750 sanctam
2565 721 2652 756 Virgi-

1863 777 1924 795 nem
1945 769 2087 802 Θεοτόκον,
2108 778 2157 797 nec
2173 770 2373 797 incredulitatis
2392 768 2512 796 Iudaica:
2525 776 2588 795 suas
2604 775 2653 802 op-

1863 816 1954 850 plcant
1967 821 2082 848 mentes,
2095 816 2150 843 imo
2162 823 2226 843 vero
2244 816 2324 843 etiam
2338 815 2475 850 paganica!
2494 815 2650 849 impietatis.

1862 861 1945 888 Judaﬂ
1968 862 2066 888 etenim
2092 861 2319 897 aggrediehantur
2345 862 2481 888 Christum
2505 860 2651 887 dicentes:

1867 917 1875 933 ι
1891 907 1929 935 De
1946 908 2017 934 bono
2030 915 2111 942 opere
2124 916 2176 935 non
2196 908 2345 942 lapidamus
2362 912 2402 939 te;
2418 907 2465 934 sed
2478 907 2511 933 de
2526 900 2653 940 blasphe-

1863 954 1926 985 mia,
1941 954 2010 987 quod
2022 961 2082 980 cum
2094 953 2133 980 sis
2144 954 2237 984 homo,
2249 953 2317 980 iacis
2328 957 2355 980 te
2372 947 2454 980 Deum
2465 952 2497 980 ¹³.
2516 962 2525 979 1
2541 953 2573 979 At
2589 959 2653 978 vero

1864 999 1910 1025 lilii
1940 1006 2103 1033 paganorum
2131 999 2260 1026 Eeclesim
2284 1001 2409 1033 dogmata
2431 998 2576 1029 derident,
2604 1005 2652 1023 au-

1863 1045 1966 1072 dientes
1980 1052 2012 1071 ex
2026 1045 2137 1072 muliere
2151 1044 2235 1072 Deum
2257 1052 2317 1072 esse
2338 1044 2525 1079 progenitum;
2548 1045 2594 1071 sed
2614 1043 2652 1070 illi

1862 1091 1970 1123 quidem
1988 1098 2043 1118 sure
2057 1091 2200 1118 dementiae
2221 1092 2339 1118 exedent
2360 1091 2477 1121 fructus,
2496 1096 2522 1117 et
2543 1091 2653 1117 audient

1862 1145 1877 1164 a
1905 1138 1982 1166 nobis
1998 1147 2004 1165 :
2023 1147 2031 1164 ι
2048 1138 2153 1165 Stultus
2179 1138 2259 1165 stulte
2286 1138 2414 1172 loquitur,
2444 1142 2470 1164 et
2497 1144 2544 1164 cor
2568 1136 2653 1170 ipsius

1862 1191 1929 1211 vana
1945 1184 2084 1218 intelliget.
2100 1194 2108 1209 1
2131 1183 2221 1211 Nostri
2242 1184 2313 1211 enim
2341 1184 2462 1219 mysterii
2485 1183 2567 1213 ratio,
2588 1183 2653 1209 licet

1861 1230 1961 1258 Judaais
1982 1231 2018 1257 sit
2037 1230 2204 1262 scandalum,
2228 1231 2353 1264 gentibus
2371 1234 2459 1256 autem
2480 1229 2596 1256 stultitia
2609 1229 2651 1261 ἰς

1862 1276 1938 1303 nobis
1954 1280 2053 1309 tamen,
2077 1276 2148 1310 quod
2167 1276 2278 1308 scimus,
2293 1283 2356 1303 vere
2375 1280 2418 1303 est
2439 1275 2610 1307 admirabile,
2625 1279 2654 1302 et

1861 1321 1990 1353 salutare,
2006 1326 2033 1347 et
2050 1321 2238 1355 dignissimum
2253 1321 2325 1347 credi
2342 1329 2348 1347 :
2364 1325 2391 1348 et
2410 1321 2433 1348 si
2449 1326 2520 1348 esset
2541 1320 2653 1346 omnino

1861 1365 2015 1400 quisquam,
2030 1367 2074 1400 qui
2094 1367 2184 1393 dicere
2203 1367 2325 1399 auderet,
2348 1367 2418 1393 hanc
2435 1374 2545 1393 carnem
2566 1370 2652 1393 terre-

1861 1419 1922 1438 nam
1942 1412 2019 1438 nudze
2043 1413 2191 1439 divinitatis
2213 1413 2296 1439 fuisse
2322 1412 2491 1447 genitricem,
2521 1419 2547 1439 et
2569 1419 2602 1439 ex
2620 1420 2652 1438 ea

1860 1462 1983 1484 creatura
2008 1458 2081 1484 omni
2101 1458 2268 1492 superiorem
2295 1462 2384 1484 natam
2410 1457 2494 1484 fuisse
2514 1464 2652 1489 naturam,

1862 1502 1966 1529 insania
1984 1504 2008 1529 id
2028 1510 2101 1530 esset
2117 1508 2143 1530 et
2166 1503 2252 1529 furor.
2273 1502 2366 1537 Neque
2383 1503 2454 1529 enim
2479 1511 2512 1529 ex
2531 1509 2603 1530 terra
2614 1503 2653 1530 di-

1864 1549 1924 1575 vina
1938 1554 1979 1575 est
1995 1548 2065 1575 facta
2079 1554 2192 1580 natura;
2213 1556 2261 1575 nec
2281 1549 2456 1583 corruptibile
2473 1549 2654 1583 incorruptio-

1863 1594 1905 1621 nis
1923 1595 1997 1621 radix
2026 1602 2143 1629 unquam
2169 1594 2234 1627 ﬁet;
2258 1600 2307 1621 nec
2332 1594 2486 1621 mortalitas
2509 1594 2654 1628 11111101νὶ-

1864 1644 1917 1666 tam
1932 1648 1939 1671 ;
1957 1647 2007 1666 nec
2022 1640 2146 1672 corporis
2161 1638 2309 1666 tractabilis
2335 1639 2504 1674 incorporale
2529 1639 2573 1666 lict
2588 1647 2652 1673 ger-

1863 1693 1942 1717 Incu;
1960 1693 2009 1712 nec
2031 1686 2180 1712 iuct‘eatum
2200 1693 2214 1711 a
2239 1690 2330 1712 creato
2349 1690 2492 1719 nascetur;
2514 1693 2562 1713 nec
2579 1685 2651 1719 quod

1863 1732 1965 1765 absque
1981 1731 2066 1762 initio,
2084 1731 2117 1758 ab
2131 1738 2163 1758 eo
2176 1731 2246 1765 quod
2264 1731 2344 1758 habet
2357 1731 2473 1757 initium.

1900 1777 1997 1803 Verum
2020 1777 2150 1811 quoniam
2178 1777 2224 1803 Dei
2246 1776 2363 1804 Verbum
2383 1777 2460 1810 juxta
2485 1785 2534 1804 nos
2554 1778 2653 1804 factum

1863 1829 1922 1849 esse
1937 1821 2114 1854 allirmamus,
2132 1826 2158 1848 et
2173 1822 2273 1849 nostris
2288 1823 2448 1856 corporibus
2462 1831 2559 1858 corpus
2577 1831 2655 1850 sum-

1865 1867 1952 1901 psisse
1981 1868 2130 1899 consimile,
2158 1868 2239 1902 idque
2264 1867 2315 1894 sibi
2342 1869 2482 1895 verissime
2507 1870 2653 1900 adunasse,

1864 1920 1962 1939 arcana
1983 1913 2215 1948 incnarrabilique
2231 1915 2346 1947 ratione,
2363 1920 2388 1941 et
2402 1916 2442 1942 sic
2459 1915 2594 1942 bmuinem
2614 1915 2651 1941 fa-

1862 1962 1936 1984 ctum
1952 1958 2100 1985 carnaliter
2112 1963 2204 1986 natum
2220 1967 2291 1992 esse,
2307 1961 2371 1995 quid
2384 1961 2529 1988 absurdum
2546 1966 2598 1992 est,
2613 1961 2655 1988 vel

1864 2004 1935 2038 quod
1958 2004 2033 2031 Credi
2057 2012 2110 2031 non
2134 2005 2248 2033 debeat?
2268 2007 2334 2034 Cum
2360 2009 2510 2042 praesertim
2537 2009 2655 2036 hominis

1864 2050 1965 2082 anima,
1982 2054 2010 2076 ut
2025 2050 2175 2085 smpissime
2188 2052 2317 2084 diximus,
2336 2061 2397 2080 cum
2412 2054 2445 2081 sit
2469 2059 2571 2081 naturte
2586 2054 2656 2081 alte-

1862 2096 1920 2123 rius
1933 2101 2030 2130 prmter
2044 2104 2153 2131 corpus,
2169 2103 2296 2125 nascatur
2313 2104 2401 2126 tamen
2425 2108 2485 2127 cum
2504 2101 2573 2134 ipso,
2592 2108 2654 2127 cum

1864 2143 1898 2169 sit
1922 2142 1946 2169 ei
1970 2143 2097 2174 adunata,
2125 2151 2174 2169 nec
2195 2144 2338 2178 quisquam
2360 2145 2508 2172 arbitretur
2527 2151 2653 2172 naturam

1827 2198 1848 2224 ι)
1864 2189 1984 2222 corporis
2002 2190 2099 2216 animat
2124 2190 2229 2217 initium
2255 2192 2376 2224 prtebere
2397 2193 2575 2226 substantiae;
2605 2195 2653 2220 sed

1862 2233 1983 2260 immittit
1998 2234 2104 2267 quidem
2122 2235 2205 2268 ipsam
2222 2236 2446 2264 iumstimabiliter
2463 2239 2532 2265 Deus
2550 2239 2575 2265 in
2593 2247 2655 2266 cor—

1863 2287 1922 2313 pus,
1938 2285 1962 2305 et
1986 2286 2047 2306 cum
2074 2280 2131 2313 ipso
2151 2281 2233 2307 etiam
2257 2282 2396 2309 nascitur:
2412 2291 2493 2310 unum
2510 2289 2598 2311 tamen
2620 2292 2655 2311 ex

1863 2327 1976 2357 utroque,
1992 2324 2091 2350 animal
2106 2325 2261 2357 delinimus,
2279 2327 2413 2354 hominem
2437 2328 2551 2355 scilicet.
2571 2328 2655 2363 igitur

1864 2368 1981 2395 Verbum
2003 2370 2111 2403 quidem
2136 2371 2207 2398 Deus
2232 2376 2302 2403 erat,
2326 2372 2428 2399 factum
2445 2379 2487 2400 est
2512 2379 2602 2401 autem
2626 2379 2655 2400 et

1865 2413 1956 2443 homo,
1975 2418 2000 2440 et
2011 2414 2073 2448 quia
2090 2419 2180 2441 uatum
2193 2420 2233 2442 est
2249 2416 2396 2442 secundum
2410 2423 2531 2448 carnem,
2547 2421 2656 2450 propter

1865 2459 2061 2486 humanitatem
2085 2461 2269 2487 necessarium
2293 2466 2344 2493 est,
2370 2468 2400 2489 ut
2418 2470 2478 2496 qua:
2501 2463 2587 2496 ipsum
2606 2469 2655 2495 pe-

1863 2506 1943 2540 perit,
1960 2507 1995 2532 sit
2010 2505 2157 2538 Θεοτόκοςτ
2176 2515 2236 2533 nam
2249 2507 2271 2534 si
2286 2515 2339 2535 non
2354 2509 2458 2542 peperit
2472 2508 2566 2541 Deum,
2580 2514 2656 2535 certe

1865 2559 1914 2577 nec
1934 2551 2038 2577 dicetur
2061 2551 2143 2583 Deus,
2161 2551 2206 2585 qui
2224 2556 2267 2579 est
2287 2553 2320 2579 ab
2341 2553 2398 2586 ipsa
2422 2554 2597 2588 progenitus;
2612 2554 2655 2583 sin

1863 2603 1929 2622 vero
1945 2596 2028 2622 Deum
2045 2596 2131 2630 ipsum
2153 2597 2251 2624 divinat
2269 2596 2417 2632 Scriptnrze
2434 2599 2584 2629 nominant,
2608 2607 2656 2633 pe-

1865 2641 1933 2673 perit
1949 2641 2005 2675 ipsa
2030 2641 2113 2669 Deum
2136 2642 2272 2670 hominem
2295 2643 2406 2675 factum,
2423 2644 2554 2679 siquidem
2574 2645 2657 2671 homo

1864 2686 1942 2713 aliter
1963 2687 2020 2714 tieri
2044 2695 2097 2714 non
2122 2693 2222 2721 posset,
2249 2689 2300 2715 nisi
2327 2696 2374 2723 per
2397 2689 2600 2724 generationem
2620 2699 2654 2718 ex

1864 2731 1986 2758 muliere.
2004 2724 2145 2765 Quomodo
2163 2733 2245 2768 igitur
2260 2742 2313 2760 non
2328 2734 2373 2766 sit,
2394 2743 2454 2769 quae
2471 2736 2557 2770 ipsum
2571 2744 2656 2770 βερν-

1864 2776 2069 2811 Γῑί,ίΘεοτόκοςῖ
2082 2778 2157 2811 Quod
2170 2784 2259 2806 autem
2278 2780 2348 2807 Deus
2363 2781 2398 2807 sit
2411 2789 2501 2814 verus,
2516 2783 2561 2817 qui
2575 2787 2657 2810 natus

1864 2821 1925 2848 inde
1938 2826 1989 2853 est,
2006 2830 2037 2850 ex
2054 2823 2145 2850 divina
2167 2823 2307 2858 Scriptura
2323 2825 2464 2852 discimus.

1833 2900 1842 2914 ⁸
1860 2899 1937 2929 Joan.
1958 2910 1975 2935 t,
1996 2903 2019 2930 I.
2057 2904 2067 2918 ’⁸
2084 2902 2102 2929 Il
2122 2903 2182 2930 Cor.
2201 2912 2259 2936 vui,
2282 2904 2306 2932 9.
2349 2906 2408 2922 ’°-“
2424 2905 2502 2935 Joan.
2525 2914 2585 2939 vni,
2604 2906 2652 2934 58.
