3406 3397
133 271 209 298 ιευι

445 329 521 358 CAP.
542 330 648 359 XXVII.

419 387 498 414 Dicta
518 388 550 415 de
563 387 681 415 Christo.

179 453 190 470 ι
208 444 287 471 Ecce
311 445 387 479 virgo
408 445 434 472 itt
452 449 529 472 utero
550 445 676 481 accipiet,
696 450 723 472 et
740 445 826 478 pariet
846 444 942 476 tilium,

134 495 164 516 ct
189 490 340 517 vocabunt
360 498 457 518 nomen
474 491 532 526 ejus
553 491 710 518 Emmanuel
724 491 757 518 ¹³.
776 500 785 517 ›
804 490 943 523 Quomodo

135 542 213 569 ergo
233 536 261 562 id
277 536 348 570 quod
367 542 459 563 natum
478 544 520 564 est
538 544 572 563 ex
586 541 679 564 sancta
696 535 817 571 Virgine,
835 535 944 562 Emma-

138 581 209 608 nuel
237 583 403 615 nominatur,
425 590 485 610 cum
507 582 677 615 Emmanuel,
693 587 722 609 ut
745 587 807 608 ante
822 582 887 612 dixi.
906 581 942 607 si-

138 628 266 661 gniﬁcet
290 629 317 656 in
344 635 437 656 nostra
461 633 557 655 natura
583 634 694 663 propter
717 636 830 656 carnem
859 627 943 654 fuisse

139 672 285 706 Verbum,
309 674 380 709 quod
406 681 448 702 est
471 675 542 703 Deus
564 683 644 703 verus
662 675 695 702 de
720 676 772 702 Deo
789 674 873 701 vero?
889 672 942 701 Sed

141 719 243 748 factus
261 724 302 748 est.
317 721 475 749 Emmanuel
491 731 498 749 :
514 722 664 750 exiuanivit
685 721 757 749 enim
771 729 801 748 se
814 720 847 752 “.
861 727 942 754 gene-

139 766 286 793 rationetn
302 771 424 794 nostram
440 773 468 795 et
487 767 603 795 similem
619 775 723 801 passus,
740 774 772 794 ac
787 767 826 794 sic
850 766 944 793 nobis-

140 819 212 839 enm
242 817 415 840 conversatus
441 817 492 841 est.
514 813 584 848 Ergo
603 817 631 840 et
651 813 722 840 Deus
748 812 773 839 in
797 819 894 843 carne.
915 816 942 839 et

140 857 285 890 Θεοτόκος
297 866 360 885 vere
374 864 416 886 est
435 867 495 894 qua:
509 867 570 886 eum
586 858 743 891 carnaliter,
765 859 823 885 sive
842 865 941 886 secun-

142 903 216 931 dum
235 911 344 932 carnem
365 906 515 941 generavit.

433 962 509 989 CAP.
538 960 657 989 XXVIII.

499 1017 590 1044 Aliud.

185 1082 196 1099 ι
214 1074 351 1108 Quoniam
372 1082 467 1101 omnes
488 1074 585 1101 stolam
608 1073 670 1101 dolo
685 1077 888 1109 congregatam,
913 1078 941 1100 et

142 1121 342 1148 vestimentum
361 1129 423 1148 cum
447 1121 659 1148 commutatione
683 1126 824 1155 reponem,
844 1125 872 1148 et
894 1128 940 1147 vo-

142 1166 214 1199 lent,
231 1168 255 1193 si
277 1167 391 1193 fuissent
413 1166 456 1193 isti
483 1167 633 1200 combusti;
658 1167 785 1201 quoniam
810 1167 939 1201 parvulus

142 1217 230 1240 natus
254 1217 296 1239 est
322 1212 411 1243 nobis,
432 1217 458 1239 et
484 1212 554 1239 [ilius
578 1212 659 1239 datus
680 1217 722 1239 est
748 1212 837 1245 nobis,
862 1212 940 1247 cujus

141 1259 318 1293 principatus
344 1259 432 1286 factus
449 1264 490 1286 est
507 1259 533 1285 in
556 1258 671 1285 humero
692 1259 760 1292 ejus,
783 1263 810 1285 et
827 1264 940 1285 vocatur

142 1313 248 1332 nomen
261 1305 319 1339 ejus
331 1306 421 1340 magni
434 1304 542 1332 consilii
559 1304 670 1332 ttuntius
683 1305 716 1331 ¹⁷.
732 1314 742 1330 ι
758 1304 854 1335 Audis,
867 1305 938 1339 quod

141 1358 215 1385 puer
235 1352 389 1379 nominatus
406 1351 453 1384 sit,
468 1351 595 1386 quodque
611 1351 814 1385 generationem
831 1351 866 1378 sit
886 1358 939 1377 no-

141 1402 209 1424 stra:
236 1398 352 1425 similem
374 1405 479 1432 passus.
504 1398 540 1424 At
556 1403 617 1423 eum
636 1404 749 1431 ptterttm
769 1396 868 1423 ctelum
891 1403 938 1431 per

141 1443 254 1470 stellam
271 1443 449 1471 clarissimam
463 1443 609 1476 indicavit;
624 1443 693 1477 magi
709 1443 892 1470 adoraverunt
903 1450 937 1469 ex

142 1489 251 1516 ultimis
270 1494 348 1516 terra:
359 1489 491 1516 limitibus
509 1489 705 1522 adventantes;
719 1489 806 1524 angeli
822 1488 938 1523 pastori-

142 1534 194 1561 bus
207 1534 446 1569 evaugelizabant,
468 1535 636 1562 Salvatorem
652 1543 713 1563 esse
732 1540 823 1561 nattun
843 1528 951 1562 dicen-I

144 1584 197 1612 tes,
215 1585 245 1608 et
258 1588 352 1614 pacem
369 1587 419 1608 nec
435 1588 487 1608 non
505 1582 587 1608 etiam
603 1581 689 1608 Patris
704 1582 802 1608 bonam
815 1583 938 1609 volunta-

143 1629 198 1653 tem
219 1628 435 1654 annuntiantes:
456 1637 466 1653 ι
483 1627 533 1654 Est
548 1629 636 1662 magni
656 1628 761 1655 consilii
785 1628 907 1655 nuntitts.
924 1637 934 1653 ι

613 273 757 301 SCHOLIA
779 265 821 300 DE
840 271 1097 300 INCAIINATIONE
1114 271 1299 299 UNIGENITI.

956 331 983 361 Δ
997 335 1038 357 est
1055 330 1225 358 benedictum
1242 329 1269 356 in
1292 333 1373 356 terra.
1391 327 1512 356 Observa
1527 331 1615 354 autent
1633 327 1705 361 quod
1722 334 1785 361 pro-

1717 268 1726 295 1
1734 267 1785 295 402

995 376 1081 410 priam
1099 376 1219 404 nominet
1235 380 1364 408 matrem,
1385 381 1444 409 qua?
1459 381 1537 401 suum
1553 372 1658 407 peperit
1672 379 1782 406 corpus.

994 422 1065 456 Ergo
1087 421 1109 449 si
1132 421 1216 449 Deum
1234 428 1329 448 verum
1352 427 1383 447 se
1401 427 1462 447 esse
1486 420 1638 453 cogn05cit,
1657 418 1700 445 illa
1725 426 1785 453 quae

994 476 1057 497 eum
1071 468 1218 497 carnaliter
1231 468 1347 503 peperit,
1362 466 1493 498 Θεοτόκος
1507 465 1616 498 dicitur,
1633 469 1661 492 et
1675 464 1784 499 quidem

995 515 1143 543 rectezsin
1167 522 1230 542 vero
1256 521 1308 541 non
1330 517 1372 541 est
1400 512 1481 545 Deus,
1499 512 1523 539 id
1550 512 1622 546 qttod
1644 511 1784 542 audacter,

996 560 1050 587 imo
1061 560 1151 594 potius
1163 559 1296 587 scelerate
1307 557 1427 586 nonnulli
1439 557 1570 589 sentiunt,
1583 555 1685 591 privari
1701 562 1783 589 opor-

996 611 1035 634 tet
1052 607 1137 640 ipsam
1157 605 1294 639 Virginem
1310 610 1431 632 sanctam
1448 604 1500 631 hoc
1523 603 1631 630 nomine
1646 609 1700 637 quo
1716 601 1783 628 Θεο-

995 652 1074 683 τόκος
1089 659 1153 679 esse
1176 651 1291 678 dicatur.

1291 715 1367 743 CAP.
1387 714 1485 742 XXIX.

996 785 1072 818 Quod
1088 785 1158 812 Deus
1174 785 1325 811 nominatur
1336 788 1359 809 et
1374 783 1451 809 homo
1468 789 1598 816 apparens
1615 779 1784 815 Unigenitus.

1029 853 1157 881 Salomon
1183 852 1220 878 ait
1247 857 1329 877 orans
1344 871 1350 876 .
1371 859 1380 875 ι
1399 849 1431 876 Et
1455 855 1545 880 nunc,
1574 847 1688 874 Domine
1713 846 1783 873 Deus

993 899 1086 931 Israel,
1106 898 1233 925 credibile
1251 897 1297 923 liat
1313 896 1424 923 verbum
1441 899 1527 925 tuum.
1550 894 1620 928 quod
1636 894 1741 920 locutus
1755 900 1784 919 es

992 953 1076 980 puero
1092 948 1137 972 tuo
1154 944 1247 970 David.
1270 943 1376 976 Ergone
1388 940 1517 969 credibile
1535 940 1660 974 estquod
1677 940 1784 966 habita-

993 992 1031 1018 vit
1043 991 1115 1017 Deus
1126 997 1186 1016 cum
1202 988 1358 1015 hominibus
1376 987 1401 1013 iu
1416 991 1487 1013 terra
1496 985 1540 1012 “‘2
1553 994 1563 1010 ι
1580 985 1782 1016 Animadverte,

992 1037 1063 1071 quod
1079 1036 1191 1062 miretur
1206 1033 1287 1061 Verbi
1303 1032 1519 1059 incarnationem
1535 1039 1541 1058 :
1560 1031 1693 1057 habitavit
1706 1038 1783 1056 naut-

991 1089 1044 1117 que
1059 1089 1119 1109 cum
1135 1081 1289 1108 hominibus
1302 1079 1326 1105 iu
1342 1083 1423 1110 terra,
1438 1072 1498 1104 cum
1513 1077 1594 1103 homo
1609 1081 1651 1103 est
1666 1075 1781 1106 factum,

992 1137 1035 1157 res
1051 1129 1122 1156 enim
1135 1126 1302 1155 incredibilis
1323 1125 1475 1152 videbatur.
1494 1122 1623 1157 Alioquin
1645 1121 1782 1155 qu0ntodo

995 1175 1021 1201 id
1039 1174 1204 1209 praecipuum
1221 1171 1348 1206 quiddam
1367 1171 1412 1203 sit,
1434 1169 1477 1196 vel
1496 1168 1631 1203 quomodo
1654 1168 1680 1194 id
1699 1167 1782 1193 mira-

992 1221 1065 1248 tione
1080 1220 1202 1254 dignum,
1220 1225 1281 1244 cum
1302 1217 1371 1243 Deus
1390 1217 1424 1243 ab
1445 1216 1497 1245 his.
1515 1221 1575 1249 quae
1599 1214 1656 1248 ipse
1671 1220 1783 1239 creave-

990 1267 1036 1299 rit,
1056 1273 1110 1293 nou
1133 1263 1265 1295 discedat,
1283 1263 1376 1290 fovens
1393 1269 1424 1289 ea
1443 1261 1558 1292 scilicet,
1573 1264 1600 1287 et
1618 1267 1649 1286 ca
1674 1258 1782 1292 quidem

991 1312 1144 1343 continens,
1163 1317 1222 1344 quae
1237 1310 1292 1344 jam
1311 1309 1381 1335 facta
1405 1311 1486 1338 sunt;
1504 1313 1535 1333 ea
1550 1313 1616 1333 vero
1637 1312 1697 1339 quzc
1713 1311 1783 1330 nou-

990 1359 1053 1385 dum
1078 1357 1148 1384 facta
1174 1360 1254 1386 sunt,
1279 1354 1395 1381 ereans?
1414 1352 1572 1380 Miraculum
1598 1356 1687 1378 autem
1716 1357 1781 1376 vere

990 1403 1167 1439 prmcipuum,
1186 1401 1256 1436 quod
1270 1401 1296 1427 in
1315 1405 1386 1427 terra
1402 1407 1464 1427 cum
1479 1398 1636 1426 hominibus
1651 1396 1784 1423 habitarit

990 1452 1071 1479 homo
1096 1450 1184 1476 factus
1209 1449 1289 1480 Deus,
1316 1447 1391 1481 juxta
1414 1445 1610 1480 promissiones
1630 1443 1684 1477 jam
1705 1446 1782 1468 antea

990 1498 1066 1524 datas
1086 1496 1179 1523 divino
1198 1494 1298 1525 David:
1317 1493 1450 1527 scriptum
1473 1495 1516 1519 est
1536 1490 1610 1517 enim
1629 1498 1635 1516 :
1652 1499 1661 1514 ι
1679 1487 1785 1515 Juravit

990 1542 1121 1569 Dominus
1152 1540 1234 1567 David
1264 1539 1426 1570 veritatem,
1464 1542 1491 1563 et
1521 1544 1573 1562 non
1607 1534 1784 1561 frustrahitur

989 1596 1049 1616 eam
1060 1587 1093 1613 ".
1112 1597 1120 1612 ι
1140 1585 1210 1619 Quid
1232 1590 1323 1611 autem
1341 1582 1464 1617 juravit?
1481 1591 1490 1607 ‹
1507 1581 1544 1608 De
1573 1580 1661 1607 fructu
1678 1578 1782 1605 ventris

991 1636 1028 1661 tui
1058 1640 1155 1668 ponam
1179 1639 1263 1666 super
1285 1631 1375 1657 sedem
1405 1633 1479 1654 tuam
1491 1627 1525 1653 ’⁷.
1543 1635 1552 1652 ›
1580 1626 1613 1652 Ει
1635 1633 1700 1652 vero
1724 1623 1781 1655 ille,

145 1671 332 1698 Manifestavit
354 1673 455 1699 etenitn
482 1673 561 1700 nobis
581 1673 669 1700 Patris
691 1673 866 1705 voluntatem,
892 1673 934 1700 cui
950 1676 971 1704 C
989 1679 1112 1715 quamvis
1128 1677 1300 1709 credidisset,
1319 1674 1390 1709 quod
1425 1680 1563 1706 nunquam
1587 1671 1702 1704 abneget
1720 1675 1783 1703 pm-

146 1726 155 1743 ι
171 1717 197 1744 in
216 1725 251 1745 eo
268 1718 431 1753 complacuit
444 1718 537 1746 orbem
558 1719 665 1746 salvare
683 1723 816 1746 terrarum
828 1719 861 1751 ιη,
879 1728 888 1744 ι
908 1723 935 1746 et

143 1771 191 1797 per
208 1766 298 1799 ipsum
323 1770 351 1792 et
374 1765 400 1791 itt
424 1765 482 1799 ipso
507 1765 637 1791 mundum
660 1765 711 1791 sibi
735 1765 933 1791 reconciliare:

143 1810 255 1838 Christo
268 1811 341 1838 enim
358 1811 535 1843 reconciliati,
553 1811 607 1837 Deo
619 1818 713 1837 sumus
725 1811 890 1838 reconciliati
901 1811 935 1843 η,

145 1855 218 1883 Deus
233 1860 275 1883 est
295 1857 366 1883 enim
383 1864 446 1883 vere
464 1856 548 1883 Filius
572 1857 619 1883 Dei
634 1862 660 1884 et
679 1857 777 1885 Patris.
794 1857 935 1890 Quodnam

145 1901 231 1935 igitur
251 1901 285 1928 sit
303 1902 392 1928 Patris
407 1902 562 1935 consilium,
578 1902 656 1935 cujus
672 1902 751 1929 nobis
767 1902 848 1930 fuerit
864 1910 935 1929 nun-

145 1945 212 1980 tius,
233 1946 291 1981 ipse
306 1947 415 1974 docebit
439 1947 553 1974 dicens:
573 1956 583 1973 ι
599 1946 636 1974 Ita
653 1947 727 1974 enim
751 1947 847 1975 dilexit
865 1947 937 1975 Deus

145 1990 289 2023 tnundnm,
315 1996 343 2017 ut
366 1989 465 2017 Filium
490 1999 567 2018 suum
594 1992 762 2026 unigenitum
787 1993 875 2024 daret,
908 1996 937 2019 ut

143 2034 236 2062 omnis
252 2035 299 2069 qui
317 2035 404 2062 credit
424 2035 449 2061 in
467 2036 565 2070 ipsum,
579 2044 631 2063 non
647 2042 752 2070 pereat,
769 2038 817 2064 sed
839 2038 937 2065 habeat

145 2081 229 2107 vitam
244 2081 416 2108 aeternam".
433 2090 442 2106 ι
456 2080 540 2108 Filius
558 2087 649 2108 autem
666 2082 819 2116 uuigeuitus
837 2083 881 2110 illc
896 2088 937 2110 est

143 2126 188 2160 qui
215 2131 257 2153 est
273 2134 305 2153 ex
323 2130 416 2153 sancta
430 2125 542 2160 Virgine
559 2130 721 2161 procreatus
737 2135 744 2153 :
762 2127 848 2161 ipsum
863 2128 936 2154 (mini

145 2171 267 2200 Verbum
278 2172 358 2199 hetno
367 2172 479 2204 factum,
490 2173 560 2207 qttod
571 2171 621 2210 iuit
632 2171 702 2200 Deus
711 2172 738 2200 in
750 2180 843 2205 carne,
857 2180 887 2200 ac
898 2174 937 2200 sic

146 2218 264 2246 terrenis
280 2218 415 2252 apparuit.
435 2217 557 2253 Denique
572 2218 679 2246 dicebat
693 2228 699 2245 :
718 2228 727 2244 ι
742 2218 793 2251 Qui
809 2218 897 2246 credit
909 2219 936 2245 in

145 2272 200 2298 me,
217 2264 297 2291 habet
307 2264 390 2291 vitam
407 2269 536 2292 aeternam
549 2265 581 2292 “.
599 2274 609 2290 ι
625 2264 700 2297 Quod
715 2272 778 2292 vero
790 2272 838 2298 per
851 2265 936 2298 ipsum

145 2316 172 2338 ct
188 2312 216 2338 in
232 2311 289 2344 ipso
304 2311 448 2338 credamus
460 2309 546 2343 Patri,
563 2311 718 2346 explanavit
732 2311 842 2339 dicens:
862 2321 872 2337 ι
887 2311 937 2345 Qui

989 1726 1146 1753 tniSsionem
1164 1725 1234 1751 Deus
1253 1722 1436 1755 omnipotens,
1457 1724 1544 1746 tamen
1567 1717 1654 1752 ipsum
1670 1723 1784 1751 genera-

989 1772 1071 1799 tionis
1084 1771 1172 1798 locum
1191 1769 1324 1797 curiosius
1340 1766 1509 1801 inquirebat,
1527 1764 1642 1798 ideoque
1658 1762 1782 1789 dicebat:

992 1829 1001 1845 ι
1017 1818 1045 1846 Si
1066 1816 1215 1845 ascendere
1240 1821 1321 1849 super
1343 1814 1443 1840 lectum
1469 1811 1545 1838 strati
1563 1809 1629 1842 mei,
1647 1809 1668 1835 si
1684 1807 1784 1835 dedero

989 1871 1114 1891 somnum
1136 1860 1223 1888 oculis
1243 1860 1321 1891 meis,
1342 1862 1388 1884 attt
1411 1856 1547 1891 palpebris
1564 1854 1631 1881 meis
1651 1853 1783 1880 dormita-

990 1910 1102 1939 tionem,
1119 1912 1167 1935 aut
1181 1906 1303 1941 requiem
1319 1904 1486 1939 temporibus
1507 1902 1586 1933 meis,
1606 1901 1693 1928 donec
1707 1899 1784 1926 inve-

990 1955 1062 1982 niam
1079 1954 1166 1981 locutu
1184 1953 1309 1983 Domino,
1330 1948 1534 1977 tabernaculum
1552 1948 1607 1974 Deo
1622 1945 1707 1973 Jacob
1717 1945 1752 1970 ".
1771 1953 1782 1970 ι

991 2000 1093 2027 Deinde
1114 2006 1173 2025 cum
1198 1997 1222 2024 id
1238 2002 1345 2031 quoque
1371 2002 1418 2028 per
1439 1993 1564 2027 spiritum
1582 1991 1739 2025 reperisset,
1757 1994 1785 2016 et

988 2044 1108 2073 carnalis
1129 2042 1311 2078 generationis
1332 2039 1469 2074 Unigeuiti
1488 2038 1578 2065 locum
1597 2037 1789 2077 cognovisset,’

989 2089 1193 2125 evangelizabat
1228 2093 1255 2115 et
1285 2086 1392 2113 dicebat
1417 2094 1424 2112 :
1453 2094 1462 2111 (
1484 2084 1642 2111 Audivimus
1666 2090 1725 2109 eam
1756 2084 1781 2110 in

989 2137 1121 2170 Ephrata,
1136 2144 1146 2160 ι
1165 2134 1253 2166 idest,
1271 2134 1296 2160 in
1314 2132 1471 2164 Bethleem;
1491 2140 1500 2156 ι
1514 2130 1666 2157 invenimus
1681 2138 1741 2157 eam
1756 2130 1782 2156 in

989 2182 1092 2217 campis
1107 2181 1181 2207 silva:
1190 2180 1224 2206 η.
1243 2189 1252 2205 ι
1276 2179 1352 2212 Quod
1371 2185 1434 2205 vero
1448 2177 1541 2205 dicens
1552 2178 1681 2211 prrata,
1696 2177 1782 2211 signi-

990 2228 1052 2256 ﬁcet
1075 2227 1213 2254 Bethleem
1229 2246 1236 2258 ,
1260 2225 1391 2259 propheta
1417 2222 1604 2257 comprobavit
1627 2231 1633 2249 :
1661 2232 1670 2247 ι
1687 2222 1718 2249 Ει
1735 2228 1782 2254 ιιι,

989 2272 1139 2303 Bethleem,
1154 2271 1249 2298 domus
1265 2270 1382 2304 Ephrata
1399 2269 1431 2295 ³ο.
1449 2278 1457 2294 ι
1477 2267 1596 2296 Observa
1611 2271 1700 2293 autem
1718 2274 1783 2300 quo-

991 2318 1070 2345 modo
1089 2324 1163 2348 eum,
1181 2323 1261 2350 quem
1281 2315 1436 2343 crediderat
1449 2313 1659 2348 creatumjuxta
1684 2320 1735 2339 nos
1754 2313 1781 2339 in

146 2358 237 2386 credit
250 2358 276 2384 in
298 2364 349 2389 me,
365 2365 417 2384 non
431 2358 519 2385 credit
534 2357 559 2384 in
573 2364 625 2389 me,
644 2357 690 2385 sed
704 2357 730 2384 in
745 2364 806 2385 eum
823 2358 867 2391 qui
884 2357 935 2384 nti-
954 2362 975 2389 ι)
988 2364 1119 2399 Εριιηιω,
1144 2362 1227 2389 Deum
1250 2362 1333 2389 ιηοοι)
1360 2361 1490 2393 ηοηιῑηρι⁷

437 2358 519 2385 "ed"
534 2357 559 2384 in
573 2364 625 2389 me-
644 2357 690 2385 59d
704 2357 730 2384 in
745 2364 806 2385 eum
823 2358 867 2391 (ἱιιῖ
884 2357 935 2384 ιιιί-
954 2362 975 2389 D
988 2364 1119 2399 Ephrata,
1144 2362 1227 2389 Deum
1250 2362 1333 2389 Jacob
1360 2361 1490 2393 nominet,
1518 2359 1596 2394 cujus
1622 2358 1782 2385 iubabitatin

145 2404 181 2430 sit
204 2404 298 2436 me";
313 2412 323 2429 ι
340 2407 366 2430 et
383 2412 390 2429 :
409 2412 419 2429 ι
435 2402 487 2436 Qui
500 2402 567 2429 vidit
583 2410 636 2436 me,
662 2403 728 2430 vidit
743 2410 806 2430 eum
822 2403 867 2437 qui
886 2403 936 2430 mi-

146 2450 179 2476 sit
198 2457 240 2476 me
252 2449 285 2475 “.
301 2459 311 2475 ι

182 2504 193 2521 ‹
208 2495 306 2521 Audite
328 2502 381 2527 me.
403 2494 507 2526 insulas,
531 2499 558 2521 et
582 2495 723 2528 attendite,
746 2500 850 2530 gentes.
875 2495 937 2524 Post

148 2541 261 2568 multum
287 2542 416 2576 temporis
431 2541 524 2573 stabit,
542 2541 607 2568 dicit
627 2541 776 2575 Dominus;
801 2549 833 2569 ex
860 2547 938 2571 utero

148 2588 244 2615 matris
265 2588 403 2615 vocabunt
425 2594 522 2614 nomen
541 2594 629 2613 meum
642 2587 676 2614 ".
695 2597 704 2613 ι
728 2588 795 2615 Cum
817 2587 935 2616 Verbum

148 2633 182 2660 sit
195 2632 279 2665 Deus,
291 2640 345 2660 non
358 2632 494 2667 ignoravit
505 2633 576 2667 quod
589 2632 791 2666 generationem
806 2634 935 2667 patietur,

148 2685 181 2706 ex
197 2679 313 2705 muliere
333 2678 503 2706 incarnatum
519 2683 630 2713 propter
646 2686 695 2706 nos
720 2677 829 2706 Sciebat
847 2684 936 2707 autem

149 2725 220 2758 quod
243 2724 386 2751 vocabitur
413 2724 538 2752 Christus
560 2724 638 2752 Iesus
663 2733 677 2751 a
702 2723 758 2752 Deo
786 2731 812 2753 et
839 2724 937 2758 l'atrc;

148 2770 275 2797 omnibus
297 2770 376 2797 nobis
393 2777 491 2797 novum
504 2769 555 2798 ﬁlii
572 2778 672 2798 nomen
688 2771 848 2806 praedicans,
865 2774 937 2806 quod

184 2882 207 2898 "
224 2881 275 2908 lsa.
298 2887 345 2910 vu,
361 2880 405 2911 Η,
417 2879 493 2912 juxta
513 2878 608 2906 Matth.
626 2885 653 2907 et
671 2880 763 2912 Cyrilli
779 2881 932 2910 lectionem.

149 2915 254 2944 Coloss.
273 2924 293 2945 ι.
308 2915 352 2942 ‘20.
395 2916 416 2931 "
432 2914 509 2940 Rom.
524 2922 549 2940 v.
564 2915 606 2941 10.
646 2916 669 2931 ¹⁶
687 2914 766 2943 Joau.
780 2924 819 2947 ιιι,
838 2917 880 2945 16.

151 2986 172 3001 ¹⁹
189 2987 253 3015 ibid.
270 2986 299 3014 6.

339 2986 361 3000 ²⁰
375 2985 453 3013 Mirh.
472 2992 497 3016 v,
513 2984 541 3011 ‘2.
581 2985 601 2999 ³·
622 2985 692 3013 I’sal.
715 2994 786 3018 xui,
807 2988 847 3014 tO.

969 2884 991 2900 ¹⁸
1005 2884 1119 2918 Philipp.
1143 2893 1172 2917 ll,
1190 2885 1215 2912 7.

293 2918 352 2957 .2107.
395 2918 614 2957 ’.νέφη-νη]ολ
646 2918 766 2957 “__Joau.
780 2918 880 2957 tt_t,_16_.
920 2919 941 2934 ³⁸
961 2918 1040 2957 Ζῐοῑιιι.
1063 2928 1100 2950 Vl,
1116 2919 1160 2946 Η.

151 2958 222 2988 μυί,
240 2949 479 2988 ιηςηκιςιηιιξωί.
495 2949 529 2988 ἰλ
549 2948 713 2988 tyranni...
741 2952 838 2984 ".17,
865 2953 940 2988 juxta
961 2954 1042 2982 Lxx.
1081 2948 1188 2983 ιδΡδιιι.
1204 2963 1298 2986 cxxxt,
1318 2955 1361 2982 tt.

991 2409 1041 2436 fuit
1058 2409 1085 2435 in
1102 2407 1277 2435 tabernaculo
1293 2416 1300 2434 :
1316 2407 1351 2434 ibi
1368 2406 1440 2434 enim
1459 2405 1564 2440 peperit
1578 2403 1670 2431 Iesum
1684 2406 1781 2429 sancta

993 2455 1085 2490 Virgo.

1026 2500 1153 2528 Nominat
1167 2504 1256 2527 autent
1272 2505 1333 2525 cum
1347 2501 1375 2524 et
1391 2495 1454 2523 alibi
1474 2495 1558 2522 Deum
1579 2494 1716 2522 Abraham
1736 2494 1776 2520 di~

991 2554 1056 2575 ceus
1073 2556 1079 2574 :
1097 2556 1106 2571 (
1122 2545 1260 2579 Principes
1275 2543 1434 2578 populorum
1456 2540 1613 2575 congregati
1636 2545 1699 2566 sunt
1721 2547 1782 2566 cum

992 2593 1046 2620 Deo
1068 2592 1203 2619 Abraham
1218 2591 1251 2616 ³¹.
1270 2599 1279 2615 ι
1296 2589 1369 2616 Pene
1386 2588 1457 2615 enim
1485 2587 1583 2614 mentis
1605 2593 1660 2613 suae
1684 2585 1781 2617 oculis,

993 2646 1041 2673 per
1052 2637 1274 2664 illuminationem
1285 2635 1402 2670 Spiritus
1414 2634 1514 2664 sancti,
1527 2633 1678 2659 futurorum
1690 2632 1765 2659 scien
1774 2646 1782 2651 -

994 2683 1029 2710 tia
1051 2683 1185 2716 eruditus,
1203 2682 1339 2717 principes
1359 2681 1531 2717 populorum,
1556 2680 1582 2706 id
1605 2684 1657 2710 est,
1673 2683 1781 2705 sanctos

994 2729 1131 2763 apostolos
1152 2729 1177 2756 in
1204 2728 1308 2755 Domini
1332 2728 1417 2754 nostri
1440 2727 1504 2755 Jesu
1528 2726 1628 2753 Christi
1653 2725 1781 2752 cernebat

993 2775 1133 2810 obsequio.
1156 2775 1222 2802 Cum
1242 2774 1324 2810 igitur
1341 2783 1351 2800 t
1366 2773 1438 2801 Deus
1456 2773 1593 2800 Abraham
1611 2780 1620 2797 ι
1636 2776 1663 2798 et
1684 2780 1693 2796 ι
1709 2770 1781 2798 Deus

1275 2885 1295 2900 ¹⁷
1316 2884 1365 2912 lsa.
1387 2892 1426 2916 xt,
1448 2882 1475 2916 5,
1489 2881 1605 2914 6,juxta
1623 2879 1706 2907 LXX.
1759 2878 1780 2897 ι’

1275 2928 1304 2932 μ..
1336 2927 1371 2932 -..
1405 2919 1431 2932 ll
1484 2918 1507 2932 ιι
1524 2918 1578 2932 ςιλῌ
1607 2917 1637 2932 μ’.
1688 2916 1712 2932 ει
1729 2916 1767 2932 Ιωι.

1199 2921 1222 2936 ¹¹
1237 2919 1315 2947 Juan.
1336 2927 1383 2952 XII,
1401 2919 1444 2946 44.
1484 2918 1507 2933 ³³
1524 2918 1589 2945 ibid.
1604 2917 1648 2943 45.
1688 2916 1712 2932 ’⁸
1729 2916 1779 2942 lsn.

1204 2963 1298 2981 cxxxt.
1318 2955 1361 2981 ll.
1417 2955 1439 2970 ¹⁷
1461 2954 1525 2981 ibid.
1582 2953 1605 2969 ³⁸
1635 2953 1700 2980 ibid.
1721 2951 1779 2979 575-

2033 114 2045 131 ,.
2067 96 2160 130 vis

2032 147 2034 158 ς

2032 183 2034 195 Ι
2077 190 2086 197 ρ
2110 180 2121 197 χῖ
2150 182 2155 198 Ϊ
2347 195 2351 198 ς

2033 204 2048 232 ξ.
2115 218 2118 231 ξ
2136 219 2146 240 J

2078 241 2086 264 ’ί
2133 262 2157 282 4η

2065 330 2079 347 ι,
2107 331 2144 360 ad
2168 322 2169 325 η

2081 370 2087 374 ³
2134 374 2142 382 I

2032 403 2034 416 ἰ

2030 434 2034 442 .
2115 441 2118 443 .

2031 468 2038 483 L

2030 558 2037 598 ,Ι
2064 569 2071 591 ,Ἰ
2111 587 2116 591 1
2136 575 2138 579 ν
3015 581 3070 595 αδ
3088 554 3200 603 ἓῗᾘῇθ

2035 639 2037 641 .
2054 631 2056 633 ι
2074 635 2077 639 ς
2104 638 2108 646 ε
2131 627 2138 644 4

2029 669 2083 698 ι’νι·
2120 666 2129 694 ι.

2027 849 2034 893 ἓ
2060 879 2064 883 ~

2026 903 2034 943 ῑί
2055 910 2057 912 ’

2026 979 2034 1020 .j,

2026 1020 2073 1055 ι-,ί
2098 1022 2119 1063 :1

2025 1066 2032 1085 Υ
2070 1071 2094 1084 ’ν
2126 1078 2135 1083 ,η

2026 1090 2032 1127 ἲ
2069 1086 2130 1130 Lari

2025 1134 2127 1168 italis)

2023 1252 2061 1307 fit;
2333 1256 2338 1259 ’
2390 1291 2393 1295 η

2024 1331 2031 1343 ιτ
2068 1342 2070 1344 .
2096 1327 2117 1345 ,“

2022 1437 2026 1441 ’
2046 1444 2051 1450 .
2094 1432 2096 1434 ⁷
2119 1437 2124 1457 ,ε
2584 1427 2590 1431 ”
2620 1427 2630 1447 ’ἶ

2118 1530 2122 1552 1
2760 1512 2893 1551 5722421..

2031 1587 2048 1591 λ·
2063 1587 2069 1593 ⁴
2091 1585 2095 1603 ξ
2118 1588 2120 1603 ι

2021 1668 2025 1680 1
2054 1664 2061 1671 “
2088 1659 2119 1681 ἓνῖ

2022 1726 2038 1750 (τ
2054 1744 2058 1750 ι
2070 1710 2073 1711 7
2095 1746 2103 1751 κ

2090 1777 2114 1814 ξ

2021 1825 2046 1844 \Vv

2089 1867 2111 1899 ιε

2021 1919 2023 1923 ,
2064 1916 2117 1936 η-,πιη

2020 1929 2109 1976 ὶμλξζθί

2020 1972 2143 2020 511:1-
2258 1997 2282 2009 κν
2314 1988 2344 1999 δ

2020 2022 2057 2081 Ii???
2249 2025 2254 2033 .
2323 2028 2454 2071 ᾒξῆῖι.

2019 2079 2101 2103 “ρ⁴“.ίζῖ
2355 2079 2383 2106 δ.

2020 2105 2102 2142 ἒξ,ίῖἓὲ
2424 2130 2426 2134 ,

2424 2138 2434 2183 ι
2573 2142 2599 2170 .--

2018 2195 2025 2220 Ξ
2040 2208 2045 2215 ,ι
2058 2181 2094 2217 νζ.
2678 2182 2686 2214 ‘l

2203 2254 2207 2258 .
2354 2230 2357 2246 ι
2415 2217 2424 2238 ’

2018 2263 2082 2315 έἸῖ¹⁴
2202 2260 2223 2290 ἦ
2270 2264 2395 2304 λέκν
2549 2271 2575 2300 τ’
2677 2276 2679 2278 ’

2255 2315 2278 2324 ι

2017 2330 2069 2384 iiii;
2683 2355 2690 2379 χ

2026 2385 2074 2427 »ξφ
2611 2423 2613 2426 ⁴
2694 2403 2697 2404 ⁷

2468 2427 2470 2429 ’
2519 2428 2621 2458 1.32:2

2026 2522 2078 2581 iis

2026 2559 2073 2612 ait

2025 2622 2030 2625 .
2058 2605 2074 2634 γ,

2028 2675 2068 2707 (λῇ-,ι

2014 2752 2085 2818 ζιῇῗσξ

2032 2793 2092 2829 {xiii

2014 2815 2094 2854 iéf".

2026 2853 2086 2877 ,λδ

2030 2877 2050 2894 η¹ς
2075 2877 2079 2880 ”
2329 2892 2358 2893 κ

2200 2885 2324 3008 Ι
2390 2894 2401 2895 ε
2579 2902 2653 2908 κέ

2071 2940 2088 2956 r-

2013 3003 2080 3044 ἱξζῖξί

2013 3038 2087 3069 ξ’ῑρένξ

2011 3066 2076 3151 te:
2304 3010 2433 3133 Ι
2543 3020 2664 3143 Ι
2775 3032 2894 3155 i

2066 3206 2079 3233 ἔτ

2123 3281 2140 3295 3‘
2158 3304 2160 3308 ι
