6812 6652
1474 304 1493 317 .

1486 584 1569 639 -εέ

1488 758 1559 815 ,τί

1518 1158 1525 1163 .
1583 1164 1593 1177 β
1604 1154 1605 1161 η

1520 1182 1527 1189 .

1518 1197 1527 1202 ·
1584 1196 1605 1207 Im

1582 1210 1601 1227 ρ

1492 1270 1521 1281 .“
1580 1282 1609 1297 ⁸.

1588 1334 1597 1343 ι

1586 1350 1595 1357 ι

1528 1376 1533 1379 ν
1576 1374 1581 1381 Α

1520 1456 1523 1457 ε
1578 1386 1607 1495 ξς

1600 1498 1607 1519 5i

1572 1540 1607 1609 {3.

1604 1580 1609 1591 I'

1514 1612 1607 1669 ..ᾖ

1546 1676 1601 1707 ι-ετ

1576 1728 1609 1757 ~.’

2102 448 2235 505 “03
3121 445 3182 502 S.
3208 444 3501 501 CYBILLI
3540 444 4011 501 ALEXANDRIN
4047 444 4365 501 ARCIIIEP.
4820 461 4833 474 ο
5212 430 5350 486 μοι

2102 560 2287 625 iacob,
2318 578 2338 611 ι
2379 559 2474 629 qui
2506 569 2593 615 est
2633 570 2791 615 natus
2820 574 2887 614 ex
2943 559 3195 625 muliem,
3236 560 3549 617 nominatus
3577 561 3668 625 sit,
3701 569 3745 626 Α
3776 560 3953 613 anima
3999 574 4139 614 mea.
4173 578 4192 609 ι
4234 556 4375 611 Dens
4405 568 4635 625 namque
4668 560 4753 607 est
4786 558 4976 605 natura
5011 544 5348 601 Emmanuel.

2101 664 2270 722 quare
2296 666 2401 705 non
2425 652 2496 707 sit
2525 651 2686 722 Virgo
2708 660 2896 705 sancta
2934 649 3232 716 Θεθτὸιωςῖ

2695 777 2848 836 CAP.
2898 777 3070 836 XXX.

2792 913 2976 970 Aliud.

2171 1025 2438 1096 PrOpheta
2487 1026 2740 1083 Habacuc
2772 1045 2788 1085 :
2826 1047 2846 1082 t
2878 1028 3133 1094 Domine,
3178 1029 3386 1099 inquit,
3436 1030 3673 1086 inaudivi

2098 1119 2338 1173 auditum
2372 1126 2545 1181 tuum,
2574 1128 2629 1174 et
2679 1119 2859 1176 timui.
2891 1119 3245 1175 Consideravi
3272 1136 3434 1190 opera
3463 1133 3593 1188 tua;-
3620 1130 3678 1177 et

2098 1210 2312 1279 expavi.
2349 1208 2405 1264 In
2446 1212 2624 1265 medio
2667 1213 2896 1265 duorum
2941 1212 3252 1265 animalium
3289 1214 3673 1281 cognosceris:

2100 1300 2155 1353 in
2193 1300 2480 1354 adventum
2517 1302 2772 1369 temporis
2810 1302 3113 1357 ostenderis
3153 1302 3204 1355 iu
3231 1317 3296 1355 eo
3325 1319 3339 1356 :
3373 1303 3499 1355 dum
3542 1318 3673 1356 con-

2103 1391 2314 1446 turbata
2354 1392 2516 1446 fuerit
2555 1393 2734 1446 anima
2764 1407 2905 1454 mea,
2940 1393 2993 1447 in
3026 1394 3103 1446 ira
3145 1393 3529 1448 misericordia:
3561 1408 3677 1446 me-

2101 1499 2222 1538 mor
2256 1484 2387 1540 eris.
2432 1484 2572 1538 Deus
2619 1486 2684 1538 de
2723 1483 2968 1538 Theman
3012 1484 3214 1551 veniet,
3265 1494 3320 1539 et
3361 1493 3583 1539 sanctus
3612 1485 3680 1539 de

2099 1586 2286 1631 monte
2324 1575 2539 1631 Pbaran
2563 1576 2629 1630 ³².
2662 1595 2683 1627 ι
2725 1576 2881 1640 Vide.
2929 1577 3199 1646 quomodo
3233 1575 3287 1630 in
3341 1577 3515 1631 medio
3540 1576 3677 1630 duo-

2102 1682 2220 1720 rum
2251 1667 2569 1720 animalium
2601 1676 2958 1737 coguoscetur
2987 1684 3001 1721 :
3038 1683 3163 1720 nam
3189 1682 3310 1721 cum
3342 1679 3504 1722 natus
3532 1681 3678 1724 esset
3704 1668 3711 1679 '

2096 1774 2162 1812 ex
2213 1757 2459 1823 muliere,
2486 1769 2539 1811 et
2577 1760 2802 1813 vixisset
2846 1774 3017 1828 usque
3063 1758 3128 1812 ad
3168 1768 3377 1827 tempus
3428 1761 3676 1827 pretiosae

2094 1849 2309 1914 erucis;
2341 1867 2361 1899 ι
2395 1848 2582 1904 Gratia
2636 1849 2752 1914 Dei,
2785 1848 2926 1903 sicut
2980 1851 3055 1902 ait
3103 1849 3292 1904 beatus
3326 1850 3543 1917 Paulus,
3579 1866 3673 1918 per

2095 1953 2253 1994 suum
2285 1953 2481 2007 corpus
2506 1955 2603 2007 pro
2625 1939 2874 1995 omnibus
2898 1941 3135 2009 gustavit
3162 1950 3388 1995 mortem
3412 1942 3478 1996 ³³.
3510 1960 3528 1992 ι
3566 1940 3671 1996 Sed

2094 2030 2347 2098 quoniam
2394 2039 2588 2087 natura
2644 2041 2764 2086 erat
2818 2031 2993 2099 Deus,
3040 2034 3340 2088 resurrexit
3384 2036 3561 2089 denuo
3618 2035 3670 2087 in

2094 2122 2483 2191 sempiternam
2513 2123 2699 2177 vitam.
2730 2123 2990 2193 Cognitus
3019 2134 3104 2180 est
3134 2125 3298 2194 igitur
3323 2126 3429 2190 hic,
3459 2126 3549 2195 qui
3574 2140 3673 2196 pro

2095 2213 2252 2269 nobis
2280 2213 2572 2283 pretiosam
2603 2215 2860 2270 sustinuit
2886 2232 3102 2273 crucem
3144 2218 3196 2271 in
3232 2219 3410 2272 medio
3441 2220 3670 2272 duorum

2093 2305 2429 2359 animalium.
2456 2303 2591 2357 Nam
2626 2304 2741 2373 ipse
2764 2306 2963 2362 alicubi
2992 2307 3068 2362 ait
3100 2309 3167 2362 ad
3199 2306 3416 2363 Jndzeos
3441 2327 3456 2362 :
3494 2326 3513 2360 ι
3537 2307 3670 2363 Cum

2090 2390 2465 2445 exaltaveritis
2496 2388 2690 2445 Filium
2727 2393 2986 2459 hominis,
3019 2407 3130 2449 tum
3170 2397 3509 2466 cognoscetis
3543 2397 3670 2466 quia

2089 2498 2191 2550 ego
2235 2500 2354 2540 sum
2378 2485 2446 2538 ἰ.
2481 2504 2502 2538 ι
2541 2487 2676 2542 Vide
2715 2486 2907 2551 etiam,
2953 2490 3226 2556 quomodo
3272 2489 3436 2542 Deum
3493 2490 3669 2558 ipsmn

2089 2576 2400 2643 nominans,
2451 2593 2521 2634 ex
2566 2577 2810 2632 Theman
2861 2587 3175 2645 venturum,
3232 2589 3286 2633 et
3339 2595 3407 2633 ex
3459 2578 3670 2635 Pharan

2092 2675 2276 2721 monte
2298 2670 2609 2737 pronuntiat
2638 2672 3051 2739 (interpretatur
3075 2681 3255 2726 autem
3285 2672 3530 2728 Theman
3560 2675 3670 2728 Au-

2088 2758 2265 2824 ster);
2297 2762 2548 2827 apparuit
2594 2762 2737 2816 enim
2785 2762 3055 2826 Christus,
3114 2778 3219 2816 non
3271 2779 3299 2815 a
3359 2763 3671 2832 regionibus

2086 2849 2397 2918 Aquilonis,
2447 2851 2545 2905 sed
2595 2853 2663 2907 ab
2709 2852 2936 2906 australi
2990 2851 3200 2915 .lndaea,
3251 2855 3303 2907 in
3358 2871 3464 2925 qua
3504 2856 3669 2909 etiam

2088 2942 2363 2999 Bethleem
2394 2954 2500 2999 est.
2536 2944 2666 3000 Cum
2713 2946 2877 3014 igitur
2907 2947 2976 3005 is.
3005 2947 3095 3014 qni
3144 2945 3404 3001 Dominus
3438 2956 3493 3000 et
3534 2947 3673 3002 Dens

2087 3035 2400 3091 nominatus
2428 3047 2530 3102 est,
2565 3052 2629 3090 ex
2659 3036 2841 3092 Iudaea
2875 3038 3083 3091 venerit
3118 3037 3365 3101 australi,
3398 3049 3556 3090 natus
3590 3048 3671 3092 est

2086 3128 2230 3181 enim
2274 3129 2327 3181 in
2372 3128 2688 3195 Bethleem;
2717 3131 2988 3199 quomodo
3037 3143 3143 3186 non
3189 3130 3260 3183 sit
3292 3141 3479 3185 sancta
3509 3122 3670 3200 Virgo

2085 3217 2347 3283 Θεαιόκος
2358 3218 2383 3273 ῗ

2677 3334 2830 3392 CAP.
2873 3333 3071 3393 XXXI.

2790 3450 2971 3505 Aliud.

2155 3559 2216 3618 In
2262 3560 2460 3620 Genesi
2516 3562 2778 3630 scriptum
2827 3571 2909 3616 est
2954 3580 2967 3616 :
3009 3583 3026 3613 ι
3058 3560 3443 3620 Subremausit
3487 3579 3668 3620 autem

2085 3652 2255 3710 Jacob
2282 3653 2451 3721 solus,
2486 3662 2542 3707 et
2564 3652 2873 3707 luctabatur
2896 3655 3058 3708 homo
3090 3670 3210 3710 cum
3257 3657 3376 3724 ipso
3405 3673 3573 3727 usque
3602 3659 3668 3713 ad

2089 3762 2248 3803 mane
2275 3764 2290 3801 :
2323 3746 2456 3801 vidit
2483 3753 2663 3799 autem
2694 3745 2837 3816 quod
2883 3761 2985 3799 non
3016 3746 3336 3815 praevaleret
3364 3750 3429 3802 ad
3467 3749 3665 3819 ipsum,

2084 3847 2141 3894 et
2174 3837 2355 3908 tetigit
2404 3835 2741 3890 latitudinem
2776 3834 2937 3907 795
2962 3835 3181 3892 femoris
3233 3837 3373 3907 ejus,
3411 3854 3533 3894 cum
3582 3840 3665 3895 lu-

2083 3937 2327 3985 ctaretur
2359 3944 2481 3998 cum
2523 3943 2607 3994 eo,
2646 3939 2701 3982 et
2735 3927 2872 3983 dixit
2903 3929 2950 3983 ei
2987 3947 3001 3981 :
3042 3928 3263 3985 Dimitte
3311 3946 3418 3996 me,
3467 3945 3661 3987 ascen-

2084 4021 2164 4076 dit
2203 4022 2345 4076 enim
2373 4032 2544 4075 ortus.
2587 4019 2680 4074 Ille
2726 4029 2904 4075 autem
2942 4019 3121 4075 dixit:
3161 4021 3277 4076 Non
3323 4031 3376 4079 te
3421 4025 3663 4092 dimitto,

2083 4113 2188 4170 nisi
2211 4111 2558 4170 benedixeris
2579 4112 2713 4166 mihi
2739 4113 2805 4167 ³⁸.
2842 4131 2862 4164 ι
2899 4111 2966 4168 Et
2990 4123 3110 4184 post
3139 4114 3242 4169 alia
3280 4134 3295 4171 :
3334 4137 3352 4169 ι
3381 4117 3665 4175 Benedixit

2082 4215 2264 4261 autem
2300 4220 2422 4260 eum
2455 4205 2552 4272 ibi,
2582 4215 2636 4261 et
2670 4206 2883 4260 vocavit
2913 4222 3109 4263 nomen
3144 4209 3243 4265 loci
3276 4210 3438 4276 illius,
3471 4210 3661 4267 facient

2083 4298 2220 4353 Dei:
2253 4298 2361 4353 vidi
2398 4297 2569 4365 enim,
2599 4297 2798 4368 inquit,
2852 4297 3017 4355 Deum
3060 4299 3199 4357 facie
3241 4302 3308 4356 ad
3346 4302 3562 4370 faciem,
3608 4311 3665 4359 ct

2079 4391 2285 4449 saivata
2332 4402 2416 4447 est
2463 4391 2642 4446 anima
2696 4394 3132 4450 meazascendit
3185 4408 3364 4451 autem
3427 4398 3543 4464 sol,
3607 4406 3665 4452 et

2079 4485 2297 4541 transiit
2349 4483 2515 4540 facies
2565 4484 2689 4554 Dei;
2740 4488 2854 4555 ipse
2899 4500 3077 4542 autem
3133 4488 3402 4544 titubabat
3454 4489 3662 4545 femore

3781 650 3988 703 Dic-itur
4030 660 4212 704 autem
4263 651 4429 703 etiam
4464 647 4632 702 facies
4668 644 4785 699 Dei.
4816 642 4955 697 Nam
4996 648 5084 695 est
5125 657 5144 690 ι
5179 638 5349 706 ligura

3775 743 4090 796 substantia:
4138 741 4315 795 Patris
4336 739 4404 804 "’,
4445 758 4463 791 ι
4492 748 4545 792 et
4586 737 4659 790 ita
4703 749 4762 790 se
4807 733 5035 788 vocabat
5086 728 5227 796 apud
5254 724 5352 780 Ju~

3775 834 3944 900 daaos,
3974 848 4096 887 cum
4124 832 4328 887 diceret
4357 830 4426 884 de
4450 829 4558 884 Deo
4582 836 4637 882 et
4666 825 4826 880 Patre
4850 840 4864 878 :
4896 842 4915 874 ι
4948 821 5133 889 Neque
5157 816 5349 872 faciem

3775 922 3892 987 eius
3925 920 4155 987 vidistis,
4186 933 4241 976 et
4282 918 4504 975 verbum
4551 917 4669 986 ejus
4712 929 4818 969 non
4859 910 5070 966 habetis
5108 908 5166 963 in
5197 905 5351 962 vobis

3777 1026 4028 1078 manens,
4065 1013 4190 1081 quia
4244 1026 4404 1085 quem
4450 1010 4600 1065 misit
4632 1008 4742 1072 ille,
4783 1005 4907 1061 huic
4934 1015 5033 1057 vos
5078 1014 5186 1055 non
5227 1012 5350 1053 cre-

3778 1100 3904 1157 ditis
3927 1100 3992 1153 ⁸⁶¹.
4026 1116 4045 1153 t

3850 1191 4003 1259 Quod
4035 1205 4165 1245 vero
4200 1190 4346 1245 Deus
4372 1190 4444 1244 sit
4467 1200 4632 1243 verus
4661 1188 4828 1241 homo
4856 1185 4944 1238 ille
4988 1182 5078 1251 qui
5110 1178 5352 1236 luctaba-

3780 1292 3867 1338 tur
3909 1296 4031 1337 cum
4064 1279 4252 1346 Jaeoh,
4283 1293 4439 1334 sacra
4485 1280 4681 1333 iterum
4726 1276 4905 1331 littera
4939 1274 5103 1328 faciet
5146 1271 5348 1333 fidem;

3778 1373 3913 1427 dixit
3963 1373 4107 1427 enim
4142 1388 4157 1425 :
4197 1390 4216 1422 ι
4251 1371 4430 1440 lnquit
4487 1370 4746 1423 Dominus
4794 1368 4861 1421 ad
4892 1364 5105 1421 Iacob:
5143 1360 5350 1428 Surge,

3778 1463 4009 1517 ascende
4042 1464 4096 1516 in
4143 1463 4317 1517 locum
4363 1460 4661 1525 Bethleem,
4698 1458 4881 1512 habita
4930 1457 5028 1520 ibi,
5062 1463 5117 1508 et
5148 1452 5236 1508 fac
5276 1452 5356 1507 ibi

3777 1554 3951 1609 altare
3991 1553 4123 1619 Deo,
4165 1555 4256 1620 qui
4310 1552 4562 1622 apparuit
4587 1549 4685 1605 tibi
4731 1565 4853 1604 cum
4883 1547 5099 1617 fugeres
5145 1560 5175 1598 a
5216 1542 5355 1598 faeie

3779 1645 3963 1699 fratris
3997 1645 4072 1699 tui
4115 1644 4257 1699 Esau
4280 1645 4343 1698 ”.
4380 1661 4399 1694 ι
4431 1644 4730 1697 Revertens
4756 1640 4901 1695 enim
4946 1653 5012 1692 ex
5045 1635 5359 1704 Mesopota-

3778 1739 3883 1792 mia
3917 1737 4009 1793 Dei
4033 1738 4211 1809 jussu,
4258 1746 4312 1792 et
4344 1737 4542 1791 timens
4577 1735 4742 1798 Esau,
4777 1731 4992 1800 trajecit
5031 1729 5200 1783 Iacob
5226 1741 5356 1795 tute-

3779 1846 3868 1884 ros
3895 1840 3948 1884 et
3968 1830 4149 1884 omnia
4182 1844 4311 1883 vasa
4344 1841 4441 1884 sua
4469 1842 4484 1882 :
4522 1842 4542 1877 t
4577 1822 4957 1881 Subremansit
4979 1826 5158 1876 autem
5181 1816 5354 1882 solus,

3709 1907 3749 1961 Β
3775 1932 3830 1976 et
3860 1922 4161 1976 luctabatur
4188 1920 4349 1975 homo
4372 1933 4494 1974 cum
4524 1932 4612 1971 eo.
4644 1935 4664 1968 ι

4356 2032 4509 2089 CAP.
4551 2029 4768 2088 XXXII.

4469 2144 4653 2201 Aliud.

3845 2260 4042 2317 Beatus
4090 2259 4277 2316 Daniel
4327 2259 4646 2314 horribilem
4683 2257 4946 2313 visionem
4996 2253 5154 2309 nobis
5192 2265 5359 2321 expo-

3775 2366 3909 2408 nens
3937 2371 3951 2408 :
3985 2371 4004 2405 ι
4037 2352 4318 2419 Videbam,
4346 2351 4542 2421 inquit,
4574 2351 4631 2404 in
4658 2350 4869 2404 visione
4893 2346 5093 2409 noctis,
5123 2354 5177 2400 et
5200 2358 5356 2408 ecce.

3773 2459 3896 2499 cum
3937 2443 4170 2499 nubibus
4203 2443 4326 2499 (σο)Ιί
4368 2443 4524 2513 quasi
4550 2439 4726 2497 Filius
4748 2439 4988 2495 hominis
5020 2436 5266 2499 venieus,
5298 2442 5361 2490 ει

3776 2551 3949 2605 usque
3987 2535 4052 2589 ad
4084 2531 4366 2590 Vetustum
4398 2534 4609 2589 dierum
4643 2532 4911 2602 pervenit,
4951 2538 5006 2586 et
5036 2530 5089 2583 in
5125 2540 5358 2595 conspo-

3773 2637 3920 2682 ctnm
3947 2627 4065 2695 eius
4092 2628 4434 2682 adduxerunt
4460 2639 4607 2691 eum,
4641 2637 4701 2681 et
4730 2624 4830 2694 ipsi
4856 2624 5017 2679 datus
5045 2630 5133 2677 est
5158 2622 5361 2681 honor,

3773 2729 3827 2776 et
3860 2735 4082 2790 regnum
4110 2734 4127 2775 :
4153 2729 4213 2795 et
4237 2733 4429 2774 omnes
4463 2717 4667 2788 pepuli.
4704 2718 4899 2781 tribus,
4944 2724 5001 2770 et
5030 2714 5225 2783 linguae
5250 2712 5356 2779 ipsi

3773 2813 4055 2867 servient:
4084 2822 4325 2881 potestas
4364 2812 4484 2879 eius
4527 2820 4769 2879 potestas
4812 2810 4866 2862 in
4911 2814 5202 2869 aeternum,
5233 2816 5363 2872 qua:

3775 2916 3879 2958 non
3912 2904 4365 2973 transgredietur,
4402 2913 4458 2956 et
4493 2914 4721 2972 regnum
4753 2899 4873 2968 ejus
4903 2913 5008 2952 non
5036 2907 5361 2962 corrumpe-

3776 3004 3861 3048 tur
3881 2995 3947 3049 “.
3982 3013 4001 3047 ι
4033 2996 4201 3050 Audis
4227 2994 4682 3065 quemadmodum
4706 3004 4812 3046 non
4837 2990 5119 3059 hominem
5145 2988 5359 3056 simpli—

3775 3088 3913 3141 citer
3937 3100 3997 3141 se
4022 3086 4226 3142 vidisse
4256 3094 4669 3148 commemoret,
4716 3099 4785 3140 ne
4819 3098 4962 3138 unus
4990 3097 5055 3137 ex
5089 3081 5264 3143 nobis.
5301 3090 5360 3136 et

3773 3180 3923 3249 juxta
3960 3193 4059 3233 nos
4097 3178 4416 3233 Emmanuel
4456 3188 4577 3232 esse
4617 3176 4909 3242 credatur;
4941 3177 5038 3231 sed
5077 3175 5231 3243 quasi
5262 3170 5360 3226 Fi-

3698 3243 3742 3301 δ
3773 3243 3906 3329 Iium
3950 3273 4205 3330 hominis.
4250 3270 4369 3345 [(i)
4407 3271 4540 3328 Cum
4573 3269 4717 3325 enim
4771 3266 5005 3324 Verbum
5046 3276 5239 3322 natura
5283 3265 5359 3321 sit

3775 3366 3949 3435 Deus,
4008 3367 4100 3421 «in
4148 3365 4509 3421 similitudine
4557 3372 4739 3418 tamen
4796 3361 5079 3417 hominum
5143 3359 5352 3413 factum

3773 3459 3893 3525 fuit,
3927 3468 3981 3515 et
4015 3460 4291 3514 inventum
4321 3467 4400 3513 est
4432 3457 4618 3512 habitu
4644 3466 4705 3510 ut
4737 3456 4901 3509 homo
4927 3452 4993 3516 “,
5020 3472 5040 3504 ι
5074 3463 5136 3505 ut
5165 3451 5223 3506 in
5257 3466 5357 3504 co-

3771 3552 3892 3605 dem
3944 3560 4233 3620 utrumque
4278 3549 4635 3616 intelligatur,
4695 3547 4747 3600 id
4795 3556 4915 3611 est,
4963 3559 5137 3613 neque
5186 3542 5358 3597 homo

3770 3644 3969 3708 nudus,
3995 3658 4170 3713 neque
4196 3642 4432 3697 Verbum
4464 3643 4671 3710 absque
4693 3638 5032 3694 humanitate
5057 3645 5114 3691 et
5138 3634 5354 3707 carne.|

3770 3732 3974 3788 Tamen
4007 3733 4057 3786 ei
4082 3732 4439 3803 principatum
4471 3742 4527 3787 et
4554 3731 4840 3793 honorem,
4862 3743 4984 3799 quat
5009 3742 5225 3797 semper
5250 3725 5355 3781 ha-

3769 3825 3916 3888 beat,
3945 3823 4069 3880 data
4100 3837 4223 3878 esse
4257 3832 4693 3879 commemorat:
4726 3822 4803 3877 ait
4827 3822 4974 3877 enim
5001 3819 5146 3891 quod
5185 3838 5204 3872 ι
5233 3834 5353 3873 om-

3769 3926 3866 3969 nes
3898 3913 4105 3985 populi,
4149 3914 4343 3980 tribus,
4379 3923 4435 3969 et
4483 3913 4681 3983 lingua:
4729 3912 4830 3981 ipsi
4865 3912 5127 3968 servient.
5159 3927 5180 3961 ι
5213 3909 5359 3964 Cum

3771 4006 3939 4075 igitur
3968 4007 4131 4061 etiam
4161 4003 4214 4060 in
4246 4006 4584 4061 humanitate
4613 4005 4848 4073 positum
4883 4003 5223 4073 unigenitum
5255 4002 5357 4057 Dei

3772 4093 4005 4152 Verbum
4055 4097 4380 4151 servientem
4438 4096 4633 4151 habeat
4683 4106 5031 4160 creaturam,
5072 4102 5130 4148 et
5170 4092 5354 4147 Patris

3766 4186 4135 4257 principatum
4155 4194 4211 4241 et
4230 4201 4410 4253 suum,
4430 4188 4704 4255 pepererit
4721 4196 4905 4240 autem
4918 4176 5213 4240 secundum
5226 4196 5352 4239 car-

3765 4291 3889 4332 nem
3939 4276 4115 4346 ipsum
4148 4288 4333 4333 sancta
4369 4275 4561 4348 Virgo;
4592 4278 4866 4347 quomodo
4896 4289 5004 4333 non
5033 4275 5348 4343 intelligitur

3763 4367 4057 4433 Θεοτόκοςῖ

4325 4476 4482 4540 CAP.
4524 4477 4763 4535 XXXIII.

2076 4590 2179 4632 suo
2199 4575 2267 4630 “.
2300 4595 2320 4629 ι
2347 4575 2607 4646 Mysticus
2628 4575 2843 4647 quidem
2868 4590 2951 4634 est
2980 4578 3387 4650 Scripturarum
3420 4594 3614 4635 sensus
3641 4596 3655 4635 :
3694 4591 3739 4650 ι)
3772 4595 3847 4649 οε
3882 4593 4077 4650 Clu-iui
4104 4609 4346 4663 pamone
4369 4609 4388 4656 ;
4421 4602 4470 4646 ει
4506 4564 4647 4663 ὸηοά
4675 4593 4766 4645 um

2668 4575 2843 4633 "idem
2868 4590 2951 4634 εει
2980 4578 3387 4650 δοτῖῐδίυτδτυτη
3420 4594 3614 4635 εθηευε
3641 4596 3655 4635 ε
3694 4591 3739 4650 D
3772 4595 3847 4649 De
3882 4593 4077 4650 Christi
4104 4609 4388 4663 passione;
4421 4602 4470 4646 et
4506 4564 4647 4663 quod
4675 4591 4805 4645 utile
4836 4601 4931 4663 sit,
4970 4591 5112 4663 quod
5165 4606 5351 4646 secun-

2073 4667 2418 4724 subindicare
2453 4667 2597 4724 enim
2628 4668 2839 4725 videtur
2867 4670 3175 4726 Judzeorum
3208 4670 3654 4741 obiuctaliouem,

2073 4775 2181 4829 qua
2215 4758 2507 4815 utebantur
2543 4777 2668 4820 cum
2700 4760 2941 4829 Christo,
2976 4775 3112 4831 pene
3148 4775 3269 4814 cum
3304 4762 3420 4829 ipso
3446 4761 3655 4816 luctan-

2072 4859 2195 4918 tes;
2225 4851 2318 4921 qui
2352 4861 2527 4908 tamen
2567 4853 2810 4924 superati
2858 4861 3007 4917 sunt,
3041 4860 3095 4905 et
3139 4851 3237 4920 ipsi
3272 4851 3437 4905 etiam
3469 4852 3645 4924 impe-

2071 4944 2266 5000 traturi
2292 4945 2727 5002 benedictionem
2760 4944 2948 5016 ipsius,
2996 4942 3041 4997 si
3097 4958 3195 5014 per
3230 4945 3390 4998 fidem
3422 4946 3492 4999 ad
3530 4961 3653 5001 eum

3776 4730 3783 4737 .
3840 4661 4151 4737 duntualiudr
4181 4673 4229 4718 et
4256 4663 4403 4716 aliud
4436 4663 4501 4717 de
4518 4661 4631 4717 ‘uua
4670 4672 4721 4716 et
4747 4661 4928 4717 eodem
4951 4661 5173 4727 dicitur,
5230 4674 5331 4716 nec

3834 4735 4113 4789 dividimus
4137 4736 4193 4788 in
4225 4736 4352 4788 duo.

3857 4847 4091 4902 Sanctus
4121 4845 4318 4900 Paulus
4348 4845 4643 4899 salutarem
4689 4843 4997 4916 passionem
5041 4843 5199 4900 nobis
5246 4858 5349 4899 ex-

3755 4938 3922 5011 ponit,
3971 4940 4048 4994 ait
4081 4952 4312 5009 namque
4342 4957 4358 4997 :
4389 4959 4407 4991 ι
4437 4937 4591 4994 Nunc
4620 4939 4791 5010 gratia
4826 4937 4922 4993 Del
4948 4953 5048 5008 pro
5069 4938 5332 4993 omnibus

2070 5034 2380 5097 novissimis
2429 5037 2766 5108 temporibus
2818 5050 2878 5091 se
2917 5036 3345 5092 convertissem.
3394 5037 3651 5094 Attamen
3751 5033 3986 5101 gustavit
4010 5041 4238 5086 mortem
4261 5031 4376 5095 δ’.)
4415 5028 5164 5087 necnon'etiamzt'l'radidi
5192 5031 5343 5086 enim

2068 5125 2156 5181 ille
2184 5135 2333 5183 certe
2370 5126 2532 5183 homo
2561 5134 2705 5189 erat,
2746 5125 2839 5193 qui
2871 5125 3197 5193 luctabatur,
3231 5136 3286 5182 et
3315 5140 3437 5180 eum
3467 5136 3647 5182 tamen

2066 5216 2233 5273 Iacob
2269 5218 2366 5274 Dei
2398 5218 2591 5274 faciem
2636 5214 2985 5286 nominabat;
3016 5234 3193 5288 neque
3227 5218 3279 5273 id
3321 5219 3520 5285 solum,
3551 5219 3647 5275 sed

2065 5309 2277 5365 sciebat
2304 5324 2427 5366 eum
2454 5309 2619 5366 Deum
2647 5324 2769 5366 esse
2793 5311 3090 5367 secundum
3115 5311 3396 5366 veritatem
3427 5328 3442 5366 :
3478 5331 3498 5367 ι
3532 5310 3647 5366 Vidi

2065 5402 2232 5471 enim,
2266 5403 2461 5474 inquit,
2494 5401 2663 5458 Deum
2704 5399 2843 5458 facie
2876 5401 2944 5458 ad
2989 5403 3206 5472 faciem,
3240 5413 3293 5460 et
3325 5403 3529 5459 salvata
3567 5413 3651 5461 est

3758 5124 3913 5179 vobis
3946 5123 4232 5194 imprimis,
4260 5122 4401 5195 quod
4428 5135 4482 5178 et
4510 5124 4695 5194 accepi
4732 5141 4746 5178 :
4776 5123 5034 5194 quoniam
5082 5121 5346 5179 Christus

3757 5227 4004 5272 mortuus
4037 5228 4120 5275 est
4145 5232 4241 5288 pro
4272 5218 4512 5287 peccatis
4557 5220 4786 5284 nostris,
4838 5217 5139 5274 secundum
5184 5212 5332 5271 Scri-

3756 5320 3965 5380 ptttras,
4001 5318 4053 5364 et
4086 5311 4210 5379 quia
4233 5310 4475 5378 sepultus
4499 5320 4601 5376 est,
4621 5316 4676 5366 et
4698 5308 4823 5378 quia
4855 5309 5154 5366 resurrexit
5175 5306 5339 5362 tertia

3754 5403 3841 5456 die
3875 5399 3943 5456 ”.
4002 5421 4021 5453 ι
4087 5403 4165 5459 Ad
4228 5402 4331 5458 hoc
4374 5400 4534 5456 etiam
4591 5400 5031 5473 sapientissimus
5074 5400 5270 5457 Petrus
5317 5414 5335 5454 :

2157 5534 2442 5611 f'qliabac.
2481 5555 2579 5606 tu,
2629 5539 2851 5611 i_seqq.
2930 5542 2976 5575 ³³
3022 5542 3183 5598 Iiebr.
3219 5559 3289 5608 ll,
3331 5543 3386 5599 9.
3464 5542 3510 5575 ³⁵
3540 5540 3696 5596 Joan.
3739 5559 3831 5597 VIII
3860 5584 3876 5609 ,
3931 5542 4021 5597 28.
4099 5544 4143 5576 ³⁵
4173 5544 4309 5599 Cen.
4368 5558 4515 5597 xxxu
4543 5582 4558 5605 ,
4589 5542 4784 5598 Sir-26.

2645 5541 2851 5611 l_seqq.
2930 5542 2976 5575 ³³
3022 5542 3183 5598 Iiebr.
3219 5559 3289 5608 ll,
3331 5543 3386 5599 9.
3464 5542 3510 5575 ³⁵
3540 5540 3696 5596 Joan.
3739 5559 3831 5597 vut
3860 5584 3876 5609 ,
3931 5542 4021 5597 28.
4099 5544 4143 5576 ³⁵
4173 5544 4309 5599 Cen.
4368 5558 4515 5597 xxxii
4543 5582 4558 5605 ,
4589 5542 4784 5598 24-26.
4863 5541 4908 5573 ³⁸
4949 5542 5081 5597 ibid.
5131 5539 5335 5594 29-51.

2063 5607 2107 5640 ³⁷
2136 5609 2301 5664 Hebr.
2350 5626 2392 5676 ι,
2419 5611 2473 5666 5.
2578 5611 2626 5643 ³⁸
2662 5607 2829 5667 Ιοαὴξ
2853 5629 2907 5677 v,
2938 5614 3025 5669 38.
3106 5615 3149 5646 ³⁹
3185 5615 3319 5669 Ceu.
3366 5629 3531 5675 xxxv,
3585 5614 3633 5666 I.

2062 5679 2116 5735 9.
2229 5679 2275 5712 ⁸³
2302 5677 2322 5734 l
2345 5682 2473 5737 Cor.
2511 5698 2600 5747 xv,
2638 5682 2694 5736 5.

3711 5612 3756 5644 ⁸⁰
3782 5612 3912 5668 Ι).ιιι.
3957 5629 4055 5680 vn,
4095 5615 4159 5669 i5
4192 5630 4345 5684 seqq.
4420 5613 4461 5644 “
4499 5612 4731 5685 Philipp.
4767 5627 4827 5678 ll,
4859 5612 4914 5667 7.
4991 5613 5037 5644 δ’
5072 5612 5237 5666 Iiebr.
5266 5625 5336 5675 tt,

2130 5818 2209 5886 (l)
2252 5815 2348 5876 Iiic
2382 5819 2533 5878 locus
2562 5819 2796 5877 habetur
2823 5819 3124 5887 descriptus
3175 5818 3226 5871 in
3270 5816 3407 5871 libro
3455 5818 3632 5886 primo
3674 5814 3881 5872 Leontii
3922 5814 4207 5887 Byzantini
4276 5820 4534 5877 adversus
4581 5822 4948 5894 Eutychianos
5016 5821 5117 5877 sub
5143 5818 5333 5875 finem.

2060 5888 2255 5946 Itxwa.
