3406 3357
127 216 141 242 1
149 215 212 242 405

613 215 757 244 SCﬂOLiA
778 216 820 244 DE
838 217 1093 245 INCARNA'I‘IONE
1110 215 1295 246 UNIGENITI.

1715 215 1782 244 H06

131 283 142 299 ι
167 273 305 306 Christo,
321 273 417 308 inquit,
444 282 525 308 passo
541 282 589 308 pro
602 276 679 302 nobis
695 283 779 303 carne
791 276 822 302 “.
846 286 854 301 ι
871 276 937 302 Cum
954 277 977 305 Α
993 276 1073 303 Pullis
1088 277 1191 303 duobus
1207 281 1382 311 comparatur
1401 275 1536 307 C‘hrislus,
1563 282 1617 301 non
1631 275 1702 309 quod
1727 276 1782 302 duo

129 328 229 347 unum
262 320 344 353 igitur
371 320 508 347 credimus
533 321 675 347 Dominum
700 326 822 348 nostrum
847 321 939 348 Jesum

129 364 301 397 Christum,
317 365 344 392 id
356 370 410 397 est,
439 365 465 392 in
483 366 600 393 humana
626 366 714 393 l'orlna
740 371 914 400 conspectum
932 386 939 399 ,

130 411 200 438 sive
218 411 362 438 hominem
386 411 486 438 factum
512 411 590 447 juxta
616 419 676 443 nos,
694 412 778 439 Deum
797 412 913 439 Verbum
931 430 939 444 ,

132 457 288 491 quomodo
306 462 333 484 et
352 457 504 492 passionem
522 458 572 492 ipsi
592 458 763 492 deputemus.
786 462 814 485 et
838 458 940 493 impas-

132 503 227 529 sibile
250 506 338 530 tamen
347 509 498 535 servemus,
515 507 547 530 ut
563 502 646 530 Deum
657 503 670 530 ἵ

172 549 255 584 Ergo
272 548 361 582 passio
375 548 586 583 dispensationis
598 554 669 582 erat,
686 556 734 576 sua
750 549 861 584 quidem
885 549 937 576 du-

134 599 228 621 cente
252 594 306 621 Deo
325 593 416 621 Verbo
436 601 480 626 ea,
509 601 570 629 quae
597 599 660 621 sunt
689 595 796 629 propria
823 594 915 621 carnis
930 612 938 626 ,

136 645 263 674 propter
289 640 500 668 inenarrabilem
526 640 685 673 unitatem;
714 644 841 667 manente
875 646 939 666 vero

136 692 228 712 extra
245 687 409 721 passionem,
421 691 553 721 quantum
570 685 603 713 ad
627 686 712 721 ipsius
734 690 858 713 naturam
876 693 939 720 per-

137 732 217 759 tinet
236 740 242 757 :
258 732 431 766 impassibilis
441 732 512 759 enim
529 731 600 759 Deus
615 737 666 759 est.
678 731 806 767 Neqneid
822 732 938 764 mirum,

137 785 207 804 cum
227 782 255 804 et
268 778 352 811 ipsum
370 777 487 804 hominis
502 777 620 804 animam
635 778 776 805 videamus
791 798 798 809 ,
827 778 849 805 si
875 779 938 812 quid

136 829 250 855 corpus
260 830 367 857 passum
382 822 473 855 fuerit,
486 827 562 849 extra
580 822 733 856 passionem
748 822 855 857 quidem
883 830 938 848 ma-

139 874 272 901 nentem,
297 873 428 903 quantum
448 868 568 903 pertinet
593 868 625 895 ad
651 873 793 901 naturam;
819 873 937 895 attamen

138 921 199 940 non
218 919 297 940 extra
311 914 464 948 passionem
478 921 538 941 esse
564 913 679 948 intelligi
696 934 704 947 ,
722 921 755 940 eo
779 914 849 948 quod
871 922 937 947 pro-

139 960 238 993 prium
254 961 290 987 sit
306 967 405 994 corpus
420 959 504 994 ipsius
519 960 591 994 quod
607 960 717 994 patitur.
733 959 815 995 796
831 959 863 986 Et
876 960 938 986 licet

141 1005 305 1039 incontigua
321 1005 368 1037 sit,
394 1010 421 1032 et
439 1005 554 1040 simplex
572 1014 580 1039 ;
604 1010 694 1034 tamen
710 1006 736 1032 id
751 1006 822 1040 quod
837 1005 939 1039 patitur

141 1057 198 1076 non
216 1054 261 1076 est
279 1050 407 1077 alienum.
431 1050 477 1078 Sic
498 1051 634 1085 intelliges
660 1052 742 1078 etiam
769 1051 803 1078 de
829 1051 938 1078 Christo

139 1096 269 1122 omnium
281 1095 431 1123 Salvatore.
446 1097 515 1125 Utar
526 1102 614 1125 autem
629 1098 772 1132 exemplis,
787 1106 846 1132 quae
859 1099 937 1133 quasi

140 1148 193 1175 per
212 1140 331 1175 wnigma
352 1142 430 1169 nobis
454 1143 559 1177 possint
584 1143 744 1173 ostendere.
764 1144 837 1177 quod
858 1151 934 1170 com-

140 1186 295 1213 municarit
317 1187 426 1221 quidem
455 1188 573 1221 passioni
595 1187 777 1223 Unigenitus,
804 1194 935 1223 quantum

142 1233 288 1267 pertineat
302 1236 335 1260 ad
354 1233 569 1261 familiaritatem
596 1235 719 1269 c0rporis
736 1235 788 1266 sui,
805 1235 937 1262 manserit

139 1283 238 1306 alitem
251 1279 386 1313 passionis
401 1287 510 1315 expers,
527 1285 556 1307 nt
572 1280 651 1308 Dens.

178 1324 275 1359 Itaque
294 1326 364 1352 Deus
386 1326 561 1361 omnipotens
585 1326 707 1361 prodigia
729 1327 937 1360 sapientissimo

141 1369 233 1406 Moysi
246 1370 360 1404 iubebat
376 1371 494 1404 eliicere,
516 1379 546 1399 ut
556 1372 682 1399 crederet
693 1373 718 1399 ei
738 1372 822 1400 lsrael
837 1393 844 1404 ,
863 1374 935 1407 quod

141 1422 219 1444 esset
235 1418 332 1444 missus
346 1425 362 1444 a
379 1417 444 1449 Deo,
457 1423 484 1445 et
495 1423 523 1445 ut
535 1426 550 1445 ιι
564 1418 690 1445 violentia
701 1419 863 1446 liberaretur
876 1427 882 1452 ;
898 1420 936 1446 ait

140 1467 255 1490 autem:
273 1473 283 1489 ε
301 1463 334 1490 Ει
347 1464 465 1498 accipies
478 1471 578 1498 nquam
591 1464 625 1491 de
640 1464 761 1497 ﬁuininc,
776 1469 803 1492 et
813 1463 936 1491 etiundes

141 1516 227 1544 super
241 1514 350 1541 terram,
363 1514 392 1537 et
407 1510 460 1537 erit
475 1518 545 1544 aqua
558 1519 638 1545 quam
651 1511 770 1545 accipies
788 1519 802 1537 a
811 1510 933 1543 ﬁumiue,

141 1555 256 1590 sanguis
275 1562 358 1589 super
376 1561 477 1583 terram
503 1556 537 1583 ⁸⁵.
556 1566 566 1582 ι
590 1555 747 1591 lnquimus,
769 1558 840 1591 quod
864 1564 933 1591 aqua

142 1600 254 1634 quidem
270 1601 355 1635 ﬁgura
371 1602 407 1629 sit
423 1602 496 1634 vitae,
512 1606 539 1629 et
554 1602 624 1635 quod
641 1602 676 1629 sit
689 1609 736 1636 per
745 1608 869 1629 naturam
879 1603 933 1628 vita

142 1646 231 1674 Filius
242 1654 275 1673 ex
292 1647 373 1674 Patre
387 1652 517 1683 tanquam
532 1656 564 1675 ex
577 1647 688 1675 ﬂumine
700 1650 803 1682 exiens,
813 1648 934 1683 ejusdem

143 1695 303 1722 substantiae
330 1695 451 1728 ratione;
477 1695 568 1729 itaque
590 1695 680 1723 omnia
704 1695 831 1721 viviﬁcat.
851 1704 860 1720 ι
884 1694 936 1721 Sed

142 1749 207 1768 cum
221 1749 330 1775 aquam,
343 1742 441 1776 inquit,
455 1742 582 1769 eli‘nderis
595 1749 677 1775 super
687 1747 797 1773 terram,
810 1741 862 1768 erit
874 1749 937 1768 san-

143 1787 217 1821 guis.
236 1797 245 1813 ι
263 1787 391 1820 Verbum,
407 1796 467 1815 cum
487 1788 587 1815 iactum
612 1793 654 1815 est
671 1796 735 1815 caro
759 1789 792 1815 (le
806 1792 890 1820 terra,
911 1788 937 1815 id

143 1839 194 1867 est,
216 1836 323 1869 quando
335 1842 349 1861 a
367 1840 437 1862 terra
450 1842 559 1862 carnem
574 1835 624 1862 sibi
634 1834 824 1868 circumdedit,
837 1833 935 1861 tuncin

143 1889 175 1908 ea
199 1885 314 1909 mortem
335 1886 437 1910 nostra
461 1881 577 1910 similem
605 1882 707 1909 dicitur
734 1889 856 1916 passum,
874 1881 938 1908 licet

144 1931 191 1959 per
207 1930 331 1953 naturam
350 1926 386 1953 sit
399 1925 463 1953 vita.

432 1994 509 2023 CAP.
526 1993 645 2021 XXXIV.

493 2051 585 2079 Aliud.

179 2109 211 2136 In
223 2107 342 2136 Levitico
359 2108 490 2143 pollutum
503 2109 572 2136 Deus
583 2112 610 2136 et
621 2108 789 2136 immundum
802 2110 935 2143 leprosum

143 2162 208 2182 esse
224 2154 373 2189 signiﬁcat,
391 2159 473 2189 atque
487 2155 523 2181 ita
535 2162 598 2181 eum
615 2154 648 2181 de
657 2155 756 2182 castris
767 2154 827 2188 ejiei
843 2154 937 2189 pra-ri-

145 2200 184 2233 pit
202 2199 359 2234 oportere"
373 2208 380 2232 ς
396 2204 423 2226 et
440 2199 462 2227 si
480 2203 593 2227 senatus
622 2199 705 2227 fuerit
729 2200 855 2231 morbus,
886 2199 937 2225 hoc

145 2252 208 2272 eum
236 2249 314 2278 pacto
336 2245 446 2279 purgari
468 2253 474 2270 :
503 2254 512 2270 ι
541 2244 575 2272 Et
596 2246 733 2280 accipiens
756 2245 824 2272 duos
850 2244 937 2278 pullus

992 322 1045 348 sint
1062 322 1120 353 lilii,
1138 323 1185 349 sed
1210 323 1281 356 quod
1304 330 1374 349 untts
1399 321 1488 356 potius
1508 328 1541 348 ex
1568 321 1692 353 duobus,
1715 321 1783 347 divi-

991 368 1077 395 nitate
1098 372 1126 394 et
1147 369 1315 395 immanitate
1340 369 1366 394 in
1389 368 1520 394 unitatem
1544 367 1662 394 collatis.
1687 366 1779 393 Mundi

992 419 1080 441 autem
1096 415 1159 449 pulli
1175 422 1181 440 :
1196 422 1284 448 neque
1299 414 1370 441 enim
1386 414 1451 447 fecit
1469 418 1609 448 peccatum
1631 413 1702 440 Deus
1730 420 1782 440 no-

992 464 1049 487 ster
1063 459 1142 487 .lesus
1159 460 1301 491 Christus;
1316 460 1363 487 sed
1377 464 1436 487 erat
1460 460 1577 486 Verbum
1594 464 1733 490 sanetum,
1754 462 1782 485 et

991 504 1139 531 divinitatis
1162 509 1188 531 et
1204 504 1381 531 humanitatis
1398 504 1513 531 ratione.
1534 502 1699 531 Vulneribus
1715 511 1781 529 vero

990 555 1181 585 comparatur,
1208 550 1279 585 quod
1295 550 1372 584 quasi
1391 551 1418 577 in
1435 550 1545 577 sublimi
1564 549 1600 577 sit
1623 557 1704 583 supra
1723 554 1780 576 ter-

991 604 1059 627 ram.
1081 601 1107 623 et
1127 604 1144 623 ο
1165 596 1236 623 εωιο
1259 597 1399 631 desuper:
1420 596 1517 624 ecoelo
1535 596 1608 624 enim
1636 596 1718 623 homo
1739 598 1781 623 est

990 643 1123 674 Christus,
1142 642 1203 670 licet
1219 650 1329 669 carnem
1352 646 1447 669 sancta
1473 641 1558 676 Virgo
1570 641 1730 675 pepererit;
1747 648 1780 668 co

991 689 1070 716 modo
1082 689 1163 723 igitur
1173 689 1290 722 desuper
1298 693 1324 715 et
1337 689 1370 715 de
1385 688 1465 715 cmlo.
1481 688 1552 714 Dens
1564 688 1636 714 enim
1648 686 1781 718 Verbum,

990 734 1062 768 quod
1074 739 1117 761 est
1133 734 1249 767 desuper
1266 739 1292 761 et
1306 741 1338 760 ex
1353 734 1433 760 Patre
1445 753 1452 765 ,
1476 740 1587 760 carnem
1610 740 1644 759 ex
1670 732 1782 766 Virgine

989 785 1082 807 sancte
1094 780 1239 813 accipiens.
1255 784 1282 807 ct
1295 787 1354 807 eam
1375 787 1452 807 suam
1467 779 1660 813 propriamque
1677 778 1773 805 existi-

989 832 1076 857 mans,
1095 830 1221 859 tanquam
1237 825 1260 852 si
1275 832 1335 851 eam
1358 824 1473 858 desuper
1490 829 1517 851 et
1542 824 1576 850 de
1598 823 1669 851 ccelo
1697 822 1779 850 detn-

989 870 1073 902 lisscl,
1090 870 1219 897 dicebat:
1241 879 1250 896 ι
1271 869 1354 896 Nemo
1379 870 1502 897 ascendit
1530 869 1557 895 in
1581 869 1701 900 malum,
1727 868 1780 894 nisi

989 917 1034 951 qui
1051 917 1085 943 de
1111 916 1181 943 cmlo
1206 916 1347 944 descendit
1364 915 1449 943 Filius
1470 915 1607 946 hominis,
1630 914 1730 948 quiest
1754 913 1781 939 in

993 963 1063 991 caelo
1074 963 1108 990 ³⁸.
1129 971 1138 988 ι
1158 963 1195 989 Ea
1209 963 1281 989 enim
1307 969 1368 996 quae
1391 969 1439 989 sua
1459 965 1542 992 sunt,
1567 960 1682 994 propriae
1705 959 1780 985 carni

993 1017 1101 1044 semper
1118 1008 1422 1040 attribuit;adnuatum
1440 1014 1503 1033 vero
1515 1005 1600 1033 semel
1614 1025 1622 1038 ,
1643 1004 1700 1039 jam
1718 1011 1781 1031 cum

993 1056 1050 1089 ipsa
1066 1062 1148 1081 unum
1164 1054 1268 1081 scilicet
1281 1053 1441 1080 mstimatur.

1028 1099 1160 1127 Caeterum
1175 1099 1246 1130 vide.
1266 1098 1357 1126 occiso
1375 1106 1428 1125 uno
1452 1097 1536 1132 pullo,
1557 1096 1641 1123 lavari
1667 1096 1779 1131 quidem

991 1146 1104 1173 alterum
1118 1145 1175 1180 ejus
1192 1145 1334 1179 sanguine,
1352 1149 1442 1171 tamen
1459 1151 1513 1170 non
1535 1142 1621 1170 emori
1636 1151 1643 1174 ;
1669 1146 1696 1168 et
1712 1141 1779 1175 quid

992 1193 1042 1220 hoc
1055 1192 1110 1219 sit?
1140 1191 1251 1219 Vivebat
1275 1190 1404 1223 Verbum,
1427 1189 1492 1216 licet
1521 1196 1569 1215 sua
1597 1195 1660 1215 caro
1683 1187 1779 1213 fuisset

991 1242 1125 1269 emortua,
1148 1241 1176 1263 et
1195 1244 1366 1264 communem
1390 1235 1626 1270 passionem.esse
1651 1232 1780 1263 dicebat,

990 1289 1099 1318 propter
1114 1282 1303 1310 adunationeln
1315 1281 1560 1309 cti'amiliaritatem
1570 1287 1650 1313 quant
1664 1278 1780 1305 habebat

990 1337 1050 1356 cum
1065 1336 1158 1355 carne.
1179 1326 1262 1362 igitur
1275 1326 1363 1361 ipsum
1387 1326 1497 1360 quidem
1519 1324 1606 1356 vivit,
1631 1327 1660 1351 ιιι
1686 1321 1780 1359 Deus;

990 1381 1088 1408 corpus
1100 1381 1164 1399 vero
1179 1377 1310 1407 tanquam
1325 1372 1463 1407 proprium
1487 1370 1614 1402 faciebat,
1640 1374 1667 1395 et
1688 1369 1727 1396 sic
1752 1369 1779 1395 in

989 1428 1018 1448 se
1033 1418 1203 1446 fainiliariter
1213 1418 1363 1452 accipiebat
1385 1416 1507 1451 corporis
1531 1417 1690 1450 passiones,
1715 1421 1776 1441 cum

990 1467 1078 1501 ipsum
1097 1464 1163 1491 nihil
1189 1465 1215 1491 in
1240 1468 1334 1490 natura
1361 1462 1470 1497 propria
1489 1465 1638 1496 pateretur.
1664 1460 1779 1487 Prodest

990 1512 1070 1546 igitur
1084 1516 1110 1537 et
1124 1509 1305 1537 necessarium
1322 1513 1373 1539 est.
1391 1508 1412 1535 si
1431 1509 1455 1534 in
1470 1515 1523 1534 uno
1537 1506 1645 1533 Christo
1661 1506 1686 1532 id
1700 1505 1774 1532 acci-

988 1558 1095 1592 piamus
1113 1556 1184 1589 quod
1209 1554 1360 1582 secundum
1383 1554 1455 1580 aliud
1473 1557 1500 1580 et
1515 1553 1587 1579 aliud
1608 1552 1640 1579 de
1660 1559 1714 1578 uno
1732 1558 1781 1577 eo—

989 1604 1105 1637 demque
1130 1601 1324 1633 constituatur,
1350 1605 1376 1626 ct
1397 1600 1467 1634 quod
1493 1599 1520 1625 in
1547 1598 1600 1625 duo
1619 1597 1701 1624 dividi
1725 1605 1780 1624 non

989 1650 1164 1684 permittatur
1176 1668 1183 1679 ,
1203 1648 1266 1675 licet
1278 1647 1384 1674 diversa
1399 1645 1470 1672 inter
1486 1652 1526 1676 sc,
1546 1648 1574 1671 et
1589 1643 1701 1670 minime
1716 1650 1779 1669 con-

987 1695 1132 1726 venientia,
1149 1699 1209 1720 actu
1223 1700 1284 1720 esse
1297 1693 1431 1719 dicantur.

1026 1741 1071 1768 Est
1086 1746 1176 1768 autem
1194 1739 1246 1767 tale
1262 1738 1332 1773 quod
1351 1738 1423 1764 dico.
1439 1736 1537 1763 Natum
1553 1742 1615 1763 esse
1630 1734 1780 1763 secundum

987 1794 1099 1813 carnem
1115 1793 1146 1812 ex
1161 1784 1273 1811 muliere
1292 1783 1374 1810 Deum
1392 1781 1509 1809 dicimus
1530 1780 1645 1807 Verbum
1660 1799 1668 1810 ,
1684 1786 1782 1813 quam-

988 1832 1029 1859 vis
1047 1832 1172 1859 omnibus
1190 1831 1247 1865 ipse
1265 1830 1381 1865 praebeat
1401 1826 1486 1859 nasci,
1504 1831 1531 1854 et
1546 1826 1579 1853 ad
1596 1825 1778 1856 nativitatem,

988 1887 1047 1914 qum
1062 1878 1180 1906 nondum
1203 1882 1265 1904 nata
1280 1881 1353 1907 sunt,
1370 1881 1457 1902 vocet.
1485 1873 1639 1901 Secundum
1663 1872 1734 1899 aliud
1755 1879 1783 1899 et

989 1925 1060 1952 aliud
1075 1929 1167 1951 natum
1183 1927 1234 1954 est,
1248 1930 1280 1949 eo
1296 1921 1367 1956 qttod
1390 1921 1471 1948 homo
1485 1919 1571 1946 nostri
1588 1918 1685 1946 similis
1699 1918 1779 1944 intel-

994 1971 1113 2005 ligatur;
1127 1972 1204 1995 vocat
1219 1972 1308 1995 autem
1324 1967 1356 1994 ad
1375 1966 1541 1993 nativitatem
1552 1964 1652 1996 omnia,
1665 1971 1698 1991 eo
1709 1964 1782 1997 quod

987 2021 1083 2043 nalura
1098 2014 1132 2042 sit
1148 2014 1229 2040 Deus.

1022 2060 1159 2093 Scriptum
1173 2063 1215 2085 est
1232 2058 1313 2085 etiam
1328 2057 1362 2084 de
1375 2057 1433 2090 ipso
1452 2062 1459 2080 :
1480 2064 1490 2081 ‹
1517 2054 1588 2082 Puer
1606 2053 1781 2089 proﬁciebat,

987 2113 1012 2133 et
1030 2104 1247 2134 conlortabatur,
1271 2109 1299 2130 et
1315 2102 1480 2136 implebatur
1503 2100 1637 2134 sapientia
1665 2103 1691 2127 et
1716 2107 1781 2134 gra-

988 2153 1023 2178 tia
1039 2151 1071 2178 *9.
1089 2160 1098 2175 ›
1116 2149 1183 2177 Cum
1207 2152 1303 2177 natura
1320 2148 1355 2173 sit
1374 2145 1525 2179 perfectum
1542 2148 1570 2170 ut
1595 2143 1684 2176 Deus,
1707 2148 1733 2170 et
1747 2151 1782 2170 ex

986 2204 1033 2223 sua
1055 2194 1220 2230 plenitudine
1242 2192 1374 2227 spiritalia
1397 2190 1499 2218 sanctis
1527 2188 1666 2224 impertiat
1686 2196 1693 2220 ;
1716 2195 1782 2214 cum

987 2243 1072 2275 ipsum
1094 2238 1284 2273 sitsapicntia:
1299 2238 1376 2264 dator
1390 2234 1533 2269 etgratir,
1558 2230 1692 2268 quomodo
1717 2239 1780 2266 pro—

147 2290 273 2321 mundos,
287 2293 314 2316 et
329 2278 430 2322 lignum
447 2290 599 2323 cedrinum,
613 2296 642 2318 et
656 2278 806 2319 coccinum
825 2296 852 2318 et
871 2291 934 2325 bys—
953 2304 973 2331 ι)
989 2289 1042 2315 “Gil
1056 2294 1131 2320 Puer.
1148 2289 1175 2313 ει
1186 2284 1317 2319 militumn
1335 2283 1463 2317 ίιηβιθίιη·
1488 2286 1515 2307 (ει
1536 2278 1652 2331 illati-3}
1674 2278 1780 2331 Sfc‘m‘

146 2343 254 2370 sopum,
266 2339 293 2361 et
305 2335 444 2369 prazcipiet
464 2336 593 2363 sacerdos
605 2355 612 2367 ,
637 2341 665 2363 ct
681 2336 808 2363 occidens
831 2336 935 2370 pullum

147 2389 230 2408 unum
246 2381 272 2407 in
289 2388 352 2408 vase
366 2381 451 2413 lictili,
469 2380 495 2407 in
520 2389 588 2416 aqua
612 2382 671 2408 viva
687 2403 694 2414 ,
727 2386 754 2409 et
772 2382 872 2417 pullum
890 2382 935 2415 qui

148 2428 214 2454 vivit
239 2426 380 2462 accipiet,
408 2431 435 2453 et
448 2427 552 2454 iavabit
579 2428 655 2454 illum
675 2429 702 2455 in
718 2428 851 2463 sanguine
865 2428 931 2461 pulli

148 2473 229 2500 occisi
245 2473 271 2499 in
282 2481 350 2508 aqua
366 2472 439 2505 viva,
454 2477 481 2499 et
494 2478 618 2508 aspergat
633 2481 714 2507 super
726 2481 787 2500 eum
804 2473 849 2507 qui
865 2481 929 2507 pur-

148 2523 226 2552 gatus
244 2522 284 2544 est
299 2525 313 2544 a
328 2517 401 2552 lepra
419 2517 529 2552 septies,
544 2521 572 2544 et
587 2518 704 2545 mundus
717 2518 769 2544 erit
782 2517 816 2544 ⁸⁷.
836 2527 844 2542 ι
863 2517 934 2544 licti-

149 2563 188 2591 dit
215 2562 323 2597 quidem
357 2571 406 2590 nos
429 2564 544 2590 mundos
561 2583 569 2596 ,
591 2567 617 2590 et
636 2563 816 2598 pollutiomnn
844 2564 939 2590 sordes

150 2608 244 2639 abluit,
260 2612 288 2634 et
303 2608 422 2635 carnalis
439 2607 669 2642 concupiscentiae
683 2608 876 2635 mortalitatem
895 2616 937 2634 re-

151 2653 224 2687 pellit
247 2652 358 2687 sanguis
383 2653 597 2686 pretiosissilnus
622 2653 742 2684 Christi,
766 2658 792 2679 et
812 2652 937 2687 purgatio

152 2698 320 2733 baptismatis
343 2699 522 2725 sacrosancti.
560 2699 694 2726 Caeterum
725 2699 790 2725 illud
824 2698 936 2733 aspice;

151 2745 307 2771 omittenles
331 2744 402 2771 enim
426 2744 589 2778 scriptorum
617 2746 671 2771 vim
688 2745 846 2772 examinare
867 2744 937 2778 quod

152 2790 281 2825 mysterio
309 2789 457 2825 expediat,
483 2790 510 2817 in
537 2791 681 2825 praesentia
715 2791 937 2819 memorabimus.

186 2891 210 2907 “
229 2891 239 2918 l
256 2892 326 2918 Petr.
344 2901 380 2926 Iv,
401 2893 424 2920 Ι.

465 2892 487 2908 ³⁵
504 2893 588 2920 Exod.
612 2900 654 2927 iv,
666 2894 693 2921 9.

154 2927 175 2942 "3
189 2926 255 2954 Luc.
275 2935 306 2959 ll,
319 2927 362 2955 5‘2.

733 2893 755 2909 “
783 2892 867 2921 Levit.
901 2900 960 2926 nn,
981 2892 998 2918 2
1020 2899 1097 2927 seqq.

991 2334 1052 2361 dum
1067 2332 1138 2359 aliud
1154 2336 1181 2358 et
1195 2331 1266 2357 aliud
1286 2339 1291 2356 :
1309 2337 1369 2356 cum
1390 2327 1509 2355 sitenim
1536 2326 1594 2360 ipse
1608 2325 1677 2351 idem
1698 2323 1780 2350 homo

990 2379 1071 2407 simul
1091 2382 1118 2404 et
1141 2377 1220 2406 Deus.
1243 2380 1354 2409 propter
1377 2373 1507 2399 trinitatem
1531 2370 1640 2405 quidem
1666 2368 1777 2403 propria

991 2425 1064 2452 ducit
1079 2424 1196 2451 lnnnana
1209 2429 1215 2454 ;
1230 2425 1270 2448 est
1282 2426 1372 2447 autem
1389 2417 1537 2453 perlectus,
1557 2420 1586 2443 ct
1599 2414 1739 2449 sapientia:
1752 2418 1780 2441 et

989 2470 1083 2505 gratiae
1098 2469 1188 2500 dator,
1204 2471 1232 2493 ut
1251 2467 1332 2493 Deus.

1026 2515 1201 2548 Nnncupatus
1228 2516 1270 2539 est
1297 2511 1379 2538 etiam
1399 2513 1426 2536 et
1445 2505 1653 2541 primogenitus,
1674 2508 1702 2531 et
1720 2503 1782 2530 uni-

991 2561 1118 2597 genitus;
1144 2559 1192 2587 sed
1218 2558 1240 2585 si
1257 2557 1319 2592 quis
1339 2556 1393 2583 vim
1415 2555 1502 2589 ipsam
1524 2551 1640 2597 scrutari
1666 2549 1782 2597 voluerit

991 2594 1151 2636 dictionum,
1168 2602 1362 2638 primogenitus
1373 2605 1424 2632 est,
1445 2599 1490 2634 qui
1506 2599 1578 2625 inter
1599 2595 1699 2638 fratres
1717 2594 1779 2629 plu-

993 2652 1075 2679 rimos
1088 2649 1282 2685 primogenitus
1293 2657 1302 2681 -,
1314 2647 1468 2682 nnigenitus
1485 2651 1549 2670 Vero
1562 2663 1571 2675 ,
1597 2646 1627 2668 ut
1644 2639 1775 2676 unigeni-

990 2702 1044 2730 tns,
1060 2704 1111 2723 non
1125 2695 1180 2730 jam
1198 2693 1404 2729 primogenitus,
1421 2698 1470 2719 nec
1484 2691 1556 2717 inter
1572 2688 1705 2724 plurimos
1721 2686 1778 2713 fra-

990 2748 1055 2771 tres.
1072 2741 1105 2768 Αι
1120 2747 1161 2768 est
1177 2741 1244 2776 ipse,
1264 2744 1292 2767 et
1310 2740 1371 2769 hoc,
1388 2741 1415 2765 et
1431 2735 1516 2769 illud;
1539 2733 1676 2769 quomodo
1694 2731 1783 2767 ergo?

992 2789 1144 2817 Secundum
1163 2787 1233 2814 aliud
1255 2791 1292 2821 etl
1305 2784 1376 2812 aliud
1394 2792 1400 2809 :
1419 2779 1617 2818 primogenitus
1639 2779 1711 2806 cnim
1725 2798 1733 2810 ,
1751 2783 1781 2804 ut

1136 2890 1155 2906 ιτ
1179 2888 1265 2916 Letit.
1295 2895 1351 2920 xiv,
1382 2885 1474 2914 ili-Eii.
1514 2884 1534 2899 "
1555 2882 1633 2911 Joan.
1665 2889 1705 2914 ut,
1737 2880 1779 2909 i5.

2062 43 2063 46 Ἰ
2077 41 2086 81 ﬂ
2110 44 2117 51 ὅ
2132 64 2140 74 v

2077 127 2086 134 .
2130 128 2145 141 ,,

2048 231 2067 243 ’.Α
2165 239 2167 243 r

2069 277 2080 290 τ·
2106 266 2157 302 ’ἶιη

2064 512 2071 526 1
2104 513 2115 526 2
3032 516 3072 531 «.1;
3183 501 3200 510 ’Ὗ

2035 531 2037 534 ι
2075 549 2077 552 ⁴
3042 532 3094 544 ,μη
3104 529 3138 541 ιι.
3150 530 3153 533 ~

2035 560 2037 577 1
2054 554 2078 573 -‘.'
2131 567 2138 579 ι

2040 654 2042 656 τ
2075 641 2077 643 ι
2101 638 2114 664 ε

2031 810 2035 817 ,
2060 784 2075 821 ζ,
2100 782 2109 821 ὲ

2031 895 2045 907 πῖ
2058 892 2062 900 λ
2139 886 2141 893 ¹

2031 946 2035 959 ι

2028 1027 2031 1031 ,
2069 1006 2071 1026 λ
2095 996 2099 1000 “
2124 1006 2133 1029 ει

2030 1046 2031 1050 η
2094 1039 2103 1061 ἱ
2120 1035 2128 1062 ὲ

2048 1077 2060 1083 ..
2079 1074 2084 1078 -
2113 1077 2120 1087 .

2026 1160 2037 1177 κς
2261 1145 2270 1160 "
2294 1164 2301 1171 π

2121 1301 2123 1322 l
3005 1312 3012 1315 .

2027 1391 2029 1394 ,
2045 1380 2056 1391 ι,
2071 1377 2074 1379 ”
2092 1356 2094 1360 ι
2118 1375 2122 1383 ¹
2581 1362 2586 1365 ι
2616 1363 2626 1383 ίί
2987 1386 2990 1388 η

2024 1435 2029 1443 ⁵
2053 1400 2095 1431 ,ξπ
2118 1409 2122 1430 ἶ
2683 1403 2706 1435 >\
2724 1431 2743 1441 ,Ι
2985 1401 3009 1421 ’ζ

2058 1454 2074 1467 υ
2110 1443 2120 1478 ἒ
2741 1443 2905 1479 ...ἧλξρπ
2928 1462 2930 1464 _

2842 1478 2898 1486 δή..

2088 1520 2092 1537 ς
2114 1520 2117 1541 ,

2086 1713 2111 1753 λε

2082 1749 2110 1778 ..ε

2022 1836 2023 1839 η
2084 1793 2109 1837 "-l

2021 1850 2023 1882 ξ
2044 1850 2063 1887 ξ’

2019 1890 2062 1922 :r‘ft-“s

2026 1926 2048 1945 τῇ
2064 1921 2080 1942 ““
2254 1932 2272 1944 κ
2310 1922 2340 1934 Ἇ

2019 1916 2135 1997 ῗζέλῖτς
2245 1959 2249 1967 -

2019 1999 2063 2026 137';-
2352 2014 2367 2032 4
2447 2003 2450 2006 ”

2018 2028 2038 2057 ff
2055 2028 2098 2054 λῇς
2350 2032 2356 2036 ‘
2374 2028 2378 2042 ¹

2019 2055 2051 2086 lix
2071 2054 2099 2091 ’ἒξ
2571 2077 2594 2090 ..

2017 2140 2040 2190 ἐξ
2336 2146 2352 2180 γι
2410 2153 2419 2173 Ι
2676 2122 2682 2147 \

2066 2222 2076 2252 ἐ
2197 2193 2217 2225 Ν
2250 2250 2272 2258 ἱ
2300 2206 2390 2238 «κενὴ.
2544 2207 2569 2234 ξ’
2671 2211 2674 2217 "

2016 2267 2065 2318 ita
2678 2290 2685 2313 ,-

2606 2358 2607 2361 η

2023 2362 2048 2372 ηρ
2530 2369 2540 2373 ..
2567 2364 2594 2374 ,ν

2514 2375 2585 2393 “‘-’
2609 2374 2630 2385 "

2013 2412 2067 2471 si;

2014 2461 2071 2499 ἑέἐίε*

2014 2497 2067 2542 ιἘῇ

2014 2515 2068 2580 es.

2014 2559 2061 2586 λης,

2012 2638 2089 2693 fit

2012 2677 2094 2726 liii.

2012 2726 2019 2742 ι
2052 2729 2084 2741 π»

2012 2739 2087 2781 rges!

2011 2770 2079 2852 {513,1
2326 2826 2339 2828 η
2354 2828 2361 2829 κ
2374 2828 2421 2831 γη

2009 2905 2058 2922 Ιιῖί

2009 2925 2074 2965 ινφ-ι

2009 2960 2078 3004 ἷσὲλ

1998 3005 2068 3067 ias
2300 2945 2426 3068 .
2536 2955 2657 3078 .
2767 2968 2887 3090 a

2007 3062 2042 3085 3‘”
2213 3061 2223 3065 “
2359 3083 2362 3085 .
2439 3067 2442 3068 '
2467 3068 2491 3070 ν
2509 3070 2516 3072 ί
2670 3078 2677 3079 κ
2711 3080 2716 3081 γ

2007 3091 2075 3169 baut}.
