3406 3333
1101 192 1165 220 Hi!
1470 169 1473 172 .
1603 193 1632 219 S.
1652 191 1791 219 C\'ll|l.l.l
1812 189 2047 217 ALEXANDRINI
2067 189 2229 218 AHCHIEP.
2660 193 2728 220 “19.

1099 249 1175 277 stolis
1195 258 1201 276 :
1222 259 1231 275 ι
1255 249 1304 282 Qui
1325 248 1420 283 recipit
1440 256 1497 280 vos,
1521 256 1564 275 me
1588 248 1684 283 recipit
1701 248 1734 274 θ’.
1752 258 1760 272 ι
1779 247 1887 274 Necnon
1905 250 1925 275 Α
1941 247 2020 273 bilem
2040 254 2103 274 vem
2120 251 2146 273 ut
2160 247 2243 273 Deum
2259 247 2438 275 servavimus.
2459 247 2524 276 Nam
2553 248 2616 276 licet
2641 249 2726 277 factus

1097 296 1178 323 etiam
1207 296 1398 323 misericordes
1423 302 1470 329 pro
1492 294 1618 321 tribunali
1638 301 1687 320 suo
1710 294 1889 320 allocutnrnm

1098 351 1128 370 se
1144 343 1283 376 pollicetur
1297 352 1303 369 :
1319 352 1327 367 I
1354 342 1459 374 Venite,
1477 342 1608 368 benedicti
1623 341 1710 367 l’atris
1724 340 1785 371 mei.
1800 340 1890 374 perci—

1098 389 1151 421 pite
1161 393 1283 422 paratum
1295 387 1370 414 vobis
1382 395 1492 421 regnum
1502 395 1516 413 a
1529 386 1721 413 constitutione
1731 385 1863 411 mundi“.
1878 394 1886 409 I

1098 433 1243 459 l‘rohitatis
1252 441 1315 460 vero
1328 433 1446 467 ipsorum
1457 440 1545 459 mores
1558 432 1727 459 familiariter
1737 439 1889 466 agnoscens

1095 479 1128 505 de
1154 479 1196 511 iis,
1224 479 1320 512 quibus
1348 479 1415 505 bene
1445 478 1598 505 consultum
1629 478 1716 504 fuerat
1739 478 1771 504 ab
1797 478 1886 512 ipsis:

1097 533 1107 550 ‹
1124 525 1245 557 Quamliu
1262 524 1392 556 feceritis,
1410 525 1506 559 inquit,
1522 525 1565 551 uni
1581 524 1677 551 horum
1703 524 1886 558 minimornm,

1094 571 1159 596 mihi
1182 569 1283 597 fecistis
1295 570 1325 595 ⁸⁸.
1344 579 1353 595 ι

1130 614 1208 646 Ecce,
1222 616 1248 641 in
1264 615 1305 641 his
1321 615 1460 642 relationis
1475 616 1569 642 modus
1580 616 1668 650 qualis
1679 616 1725 649 sit,
1740 618 1883 651 cognosci-

1096 665 1140 686 tur
1163 661 1311 688 evidenter.
1346 661 1535 687 Murmurahat
1567 662 1696 689 adversus
1724 662 1830 697 Moysen
1860 668 1887 690 et

1093 707 1183 732 Aaron
1210 707 1326 740 populus
1342 706 1435 737 Israel,
1452 711 1479 733 et
1499 714 1541 732 res
1557 707 1664 740 quidem
1683 707 1799 734 habebat
1815 708 1885 735 rela-

1094 752 1193 777 tionem
1217 752 1242 778 in
1267 752 1367 783 Deum;
1381 756 1459 778 erant
1474 756 1562 778 tamen
1584 752 1706 779 homines
1725 753 1833 788 Moyses
1859 759 1887 780 et

1095 798 1183 823 Aaron
1200 797 1304 823 similes
1328 797 1425 823 nostri.
1442 797 1543 823 Eodem
1577 803 1657 831 pacto
1682 799 1764 824 etiam
1783 798 1809 824 in
1825 799 1886 826 aliis

1093 843 1237 877 intelliges,
1258 850 1374 878 quorum
1401 850 1488 877 nuper
1502 843 1615 870 fecimus
1643 845 1822 871 mentionem:
1839 845 1885 871 sed

1093 892 1171 915 erant
1197 889 1316 922 quidem,
1334 892 1361 914 nt
1383 892 1446 915 ante
1461 888 1527 919 dixi,
1553 889 1639 915 sancti
1665 893 1691 915 et
1713 890 1885 917 admirabiles

1098 934 1229 965 homines,
1246 934 1366 959 homines
1380 939 1467 959 tamen
1482 934 1584 960 similes
1603 935 1696 962 nostri.
1712 934 1786 962 Eone
1805 936 1885 970 igitur
1901 922 1921 949 Β

1094 981 1172 1005 modo
1184 980 1265 1006 etiam
1282 980 1360 1005 homo
1380 979 1433 1005 Deo
1456 978 1543 1006 Verbo
1564 980 1737 1014 coniunctus,
1759 982 1829 1008 sient
1846 982 1884 1009 illi

1092 1026 1175 1056 aiunt,
1194 1024 1353 1052 relationem
1371 1026 1395 1051 in
1414 1025 1440 1051 id
1464 1033 1572 1052 suarum
1591 1027 1689 1053 habeat
1706 1028 1885 1060 passionum?

1092 1070 1124 1096 Et
1137 1070 1333 1104 quomodojam
1350 1078 1401 1096 non
1417 1071 1450 1097 sit
1461 1071 1541 1097 homo
1551 1073 1714 1103 communis,
1726 1077 1752 1098 et
1762 1080 1882 1105 seorsus,

1091 1121 1119 1142 et
1137 1117 1208 1142 aliud
1226 1116 1291 1142 nihil
1303 1117 1314 1143 ‘i
1326 1117 1396 1150 Ergo
1413 1124 1465 1142 non
1480 1122 1521 1143 est
1542 1124 1605 1143 vere
1628 1117 1698 1143 Deus
1712 1117 1881 1151 Emmanuel,

1091 1169 1143 1188 non
1160 1161 1313 1196 unigenitns
1330 1161 1425 1194 Filius,
1441 1170 1492 1188 non
1507 1163 1575 1188 Deus
1587 1162 1734 1189 secundum
1748 1168 1882 1190 naturam.

1128 1207 1228 1234 Deinde
1251 1215 1332 1241 quam
1366 1210 1400 1234 ob
1424 1215 1534 1234 causam
1560 1215 1639 1235 nemo
1668 1208 1812 1234 aliorum:
1829 1209 1882 1236 Deo

1089 1253 1180 1282 Verbo
1211 1253 1360 1280 honoratus
1386 1258 1428 1280 est
1456 1254 1610 1288 :eqnalitate
1645 1253 1794 1287 dignitatis,
1825 1255 1882 1281 sive

1089 1300 1261 1327 auctoritatis
1276 1300 1287 1326 ’ἒ
1303 1299 1394 1327 Solum
1419 1304 1507 1326 autem
1523 1300 1593 1326 hunc
1620 1301 1693 1334 paria
1718 1301 1807 1326 omnia
1823 1308 1881 1326 sor—

1090 1345 1166 1371 litum
1183 1345 1266 1371 fuisse
1278 1345 1462 1377 contendunt;
1476 1346 1592 1370 maxime.
1607 1352 1666 1370 cum
1679 1344 1747 1371 Dens
1757 1343 1880 1371 Salvator

1089 1390 1221 1421 omnium,
1239 1398 1292 1416 non
1307 1390 1411 1424 iudicet
1429 1390 1461 1417 ad
1475 1397 1628 1424 personam,
1639 1390 1685 1416 sed
1696 1390 1799 1423 justum
1812 1390 1880 1424 judi-

1088 1437 1170 1467 cium,
1186 1435 1256 1462 sicut
1271 1436 1328 1469 ipse
1342 1435 1580 1462 commemorat“.
1598 1435 1687 1467 Quare
1704 1442 1770 1468 ergo
1790 1435 1879 1461 consi-

1086 1483 1132 1508 det
1148 1482 1244 1508 solus?
1263 1482 1410 1514 Quomodo
1437 1482 1526 1507 \‘cnict
1542 1480 1635 1514 judex,
1665 1479 1878 1514 obsequentibus

1087 1528 1311 1563 angelis‘ZQuare
1337 1533 1425 1554 autem
1447 1528 1521 1554 solus
1546 1532 1599 1553 tam
1621 1535 1635 1553 a
1659 1527 1737 1554 nobis
1762 1535 1843 1561 quam
1862 1535 1877 1555 a

1085 1574 1210 1608 supernis
1222 1575 1364 1609 spiritibus
1384 1573 1536 1601 adoratur?
1553 1574 1606 1600 Sed
1622 1573 1710 1604 valde,
1723 1574 1809 1607 inquit
1825 1582 1832 1600 ε
1851 1578 1876 1600 te
1890 1589 1911 1617 ο

1083 1622 1156 1647 enim
1184 1628 1293 1655 quoque
1323 1621 1348 1647 id
1374 1627 1454 1655 agere
1479 1620 1653 1652 invenimus;
1670 1627 1778 1653 passum
1803 1619 1874 1646 enim

1085 1667 1173 1700 ipsum
1186 1667 1333 1698 conﬁteris,
1346 1672 1479 1700 quatenus
1493 1666 1517 1693 ei
1531 1666 1621 1692 carnis
1633 1666 1758 1692 attribuis
1770 1665 1874 1699 passio-

1085 1720 1143 1744 nes,
1156 1712 1218 1738 licet
1233 1711 1425 1746 impassibilem
1444 1718 1536 1738 serves
1549 1715 1579 1737 ut
1589 1710 1684 1737 Deum.
1703 1710 1738 1736 At
1752 1718 1812 1743 nos,
1833 1712 1874 1737 vir

1083 1759 1196 1793 optime,
1214 1766 1275 1785 cum
1292 1758 1366 1792 prius
1385 1757 1595 1784 adunaverimus
1612 1756 1731 1783 Verbum
1746 1761 1772 1783 et
1785 1756 1873 1783 homi-

1084 1812 1156 1836 nem,
1178 1805 1252 1831 carni
1279 1804 1386 1838 quidem
1404 1804 1546 1838 passiones
1569 1803 1723 1835 tribuimus,
1744 1802 1873 1836 impassi-

1117 1893 1139 1910 σι
1158 1885 1332 1925 hiemis.
1388 1893 1411 1908 ιι
1426 1892 1519 1919 nam.
1536 1901 1601 1924 xxv.
1621 1893 1665 1920 5t.
1723 1893 1746 1908 υ
1767 1893 1831 1920 ibid.
1853 1891 1896 1919 ιο.

1082 1926 1101 1941 ⁶τ
1117 1927 1187 1955 Psal.
1204 1936 1297 1961 ωινιιι⁷
1314 1929 1357 1955 22.
1396 1928 1419 1944 “
1440 1928 1492 1954 lsa.
1506 1937 1563 1960 LIII,
1581 1928 1608 1956 5.

1942 293 1978 318 sit
1990 292 2086 319 similis
2104 293 2201 323 nostri,
2219 297 2338 319 attamen
2353 294 2425 321 seire
2440 294 2568 321 debemus
2578 295 2727 322 calestium

1942 338 2103 371 dignitatum
2117 342 2145 365 et.
2155 338 2253 365 divina:
2267 337 2325 371 ejus
2347 339 2503 366 eminentiae
2519 340 2696 374 maiestatem.

1981 384 2123 411 Pramtissa
2141 384 2223 418 igitur
2238 384 2341 412 unitate
2360 392 2402 417 ea,
2416 386 2493 419 quasi
2512 385 2603 420 aliquo
2633 386 2729 414 fundo-

1940 435 2030 457 mento
2046 430 2107 457 ﬁdei
2116 430 2255 465 przejacto,
2270 438 2351 457 carne
2360 438 2466 465 passum
2478 439 2538 459 esse
2547 432 2705 460 confitemur
2718 442 2725 466 ς

1940 477 2072 503 mansisse
2089 484 2153 503 vero
2180 482 2257 503 extra
2283 476 2434 509 passiones,
2457 477 2557 511 quippe
2579 486 2639 504 cum
2657 479 2728 506 inse

1940 522 2046 554 habeat,
2060 528 2088 549 ut
2101 523 2154 557 pati
2173 531 2224 549 non
2237 523 2320 556 possit
2338 531 2344 548 :
2362 522 2403 548 sin
2423 530 2486 550 vero
2502 524 2526 550 in
2549 529 2624 558 parte
2646 532 2727 558 pona-

1940 576 2000 595 mus
2016 569 2098 595 Deum
2115 573 2141 594 et
2162 569 2309 600 hominem,
2327 574 2437 596 naturas
2453 577 2467 596 a
2485 576 2545 596 sese
2564 569 2726 602 dividentes,

1938 618 1962 639 et
1976 615 2123 640 scentulum
2136 614 2219 640 solam
2233 614 2392 641 relationem
2407 615 2530 642 dicamus
2543 614 2660 642 Verbum
2677 624 2724 642 sua

1939 659 2047 686 duxisse
2064 667 2107 691 ea,
2122 667 2181 693 qua:
2198 660 2305 693 corpori
2321 661 2502 694 contigerunt,
2518 660 2617 695 Moysis
2632 668 2727 694 nempe

1937 710 1971 735 eL
1979 705 2067 731 Aaron
2083 706 2189 732 modum
2200 706 2280 732 habet
2296 705 2328 737 is,
2344 706 2390 740 qui
2413 710 2500 732 estex
2516 713 2593 732 sacra
2618 705 2726 741 Virgine

1937 755 2094 785 procreatus
2129 750 2298 784 Emmanuel,
2331 753 2403 786 quod
2439 757 2480 779 est
2509 751 2724 786 interpretatum,

1938 796 2077 823 nobiscum
2096 796 2177 824 Deus.

1970 843 2052 877 800
2078 843 2147 878 Ergo
2171 843 2221 870 etsi
2253 851 2302 877 per
2327 843 2473 878 prophetas
2497 849 2608 873 sanctos
2634 844 2723 872 dicat:

1939 898 1948 913 ι
1971 889 2085 915 Ilot'sum
2099 896 2186 916 meum
2205 890 2280 923 posui
2300 889 2326 916 in
2343 888 2465 923 ﬂagella;
2483 889 2606 916 maxillas
2634 894 2723 916 autem

1938 940 2011 959 nicas
2033 933 2058 959 in
2078 933 2181 966 palmas
2195 942 2201 965 ;
2215 933 2311 960 faciem
2335 940 2420 959 meam
2443 937 2533 959 autem
2559 941 2611 959 non
2637 934 2722 960 averti

1936 986 1950 1004 a
1966 979 2123 1004 confusione
2133 984 2271 1012 sputorum
2281 979 2314 1005 ".
2328 988 2337 1004 ι
2352 978 2452 1005 Porro:
2466 988 2475 1004 ι
2498 978 2654 1006 lnfoderunt
2670 985 2725 1005 ma-

1936 1032 1986 1050 nus
2006 1032 2079 1051 meas
2103 1028 2130 1050 et
2155 1025 2235 1058 pedes
2261 1032 2345 1056 meos,
2366 1024 2606 1051 diunmeraverunt
2633 1025 2723 1052 omnia

1934 1078 1995 1097 ossa
2012 1077 2069 1097 mea
2082 1070 2114 1096 “.
2134 1080 2143 1096 ι
2164 1070 2198 1096 Et
2214 1078 2313 1104 porro:
2329 1080 2338 1096 ι
2355 1070 2459 1098 Dedere
2475 1070 2502 1097 in
2523 1070 2612 1097 cibum
2634 1078 2723 1097 meum

1935 1116 2090 1150 hyssopum,
2108 1119 2136 1142 el.
2162 1116 2187 1141 in
2208 1115 2280 1142 sitim
2299 1123 2385 1142 meam
2407 1116 2562 1143 obtulerunt
2577 1116 2641 1143 mihi
2662 1124 2723 1144 aee-

1935 1167 1989 1188 nnn
2006 1162 2038 1188 θτ.
2060 1171 2069 1188 ι
2096 1162 2148 1195 Ipsi
2175 1162 2266 1188 omnia
2295 1162 2351 1189 hau.-
2363 1161 2507 1196 Unigenito
2536 1163 2721 1195 attribuimus,

1933 1215 1993 1242 quae
2009 1215 2057 1241 pro
2066 1207 2141 1234 nobis
2153 1207 2349 1241 dispensatorie
2362 1215 2445 1235 carne
2454 1215 2550 1243 passus
2564 1214 2616 1240 est,
2628 1217 2723 1237 secun-

1932 1256 1993 1280 dum
2023 1253 2176 1287 Scripturas
2192 1262 2198 1279 :
2214 1263 2223 1279 ι
2241 1253 2334 1280 Vibice
2368 1254 2440 1280 enim
2471 1253 2530 1288 ejus
2555 1262 2603 1282 nos
2632 1256 2720 1282 sanati

1931 1308 2035 1332 sumus,
2068 1304 2095 1325 et
2125 1299 2194 1337 ipse,
2212 1298 2362 1326 inlirniatns
2396 1304 2438 1326 est
2470 1305 2580 1334 propter
2610 1305 2722 1334 peccata

1931 1353 2022 1372 nostra
2039 1346 2071 1373 ⁵ο.
2091 1355 2100 1372 ι
2131 1346 2326 1380 lmpassihilem
2354 1353 2419 1373 vero
2449 1353 2510 1372 eum
2540 1352 2634 1373 natura
2661 1354 2721 1374 esse

1931 1392 2119 1425 cognoscimus
2136 1400 2142 1417 :
2163 1399 2223 1416 nam
2239 1391 2277 1422 si,
2296 1395 2324 1417 nt
2347 1391 2446 1417 dudum
2462 1390 2527 1423 dixi,
2545 1391 2615 1417 idem
2640 1392 2721 1418 homo

1929 1444 1970 1464 est
1996 1437 2075 1464 simul
2103 1442 2130 1463 et
2156 1437 2237 1469 Deus,
2269 1441 2330 1463 sunt
2354 1441 2428 1463 certe
2456 1436 2632 1464 humanitatis
2661 1436 2721 1470 ejus

1930 1482 2080 1516 passiones,
2094 1481 2138 1507 Dei
2152 1488 2233 1515 porro
2246 1481 2395 1515 proprium,
2408 1486 2437 1508 nt
2452 1481 2624 1512 impassibilis
2637 1481 2720 1509 intel-

1929 1528 2037 1563 ligatur.

1964 1574 2026 1601 llmc
2041 1574 2076 1601 ita
2104 1574 2252 1601 sentientes
2277 1574 2444 1602 servabimus
2466 1573 2604 1608 pietatem,
2623 1579 2651 1600 et
2671 1582 2719 1608 per

1929 1624 2018 1646 rectas
2040 1619 2221 1654 cogitationes
2244 1625 2339 1646 euntes
2363 1625 2390 1647 et
2416 1628 2522 1653 sensus,
2542 1620 2576 1647 ad
2599 1620 2720 1647 caelestis

1928 1665 2077 1692 vocationis
2101 1666 2217 1699 palmam
2247 1666 2434 1700 perveniemus
2463 1667 2489 1693 in
2518 1667 2640 1698 Christo.
2669 1674 2719 1700 per

1927 1717 2017 1744 quem,
2034 1716 2132 1737 etcum
2150 1718 2213 1745 quo,
2231 1710 2285 1738 Deo
2305 1718 2333 1738 et
2347 1711 2419 1738 Patri
2435 1711 2517 1747 gloria
2535 1720 2596 1739 cum
2613 1711 2718 1746 Spiritu

1925 1762 2019 1784 sancto
2040 1757 2066 1783 in
2081 1758 2178 1784 saecula
2194 1759 2364 1786 saeculorum.
2385 1759 2482 1785 Amen.

1940 1892 1963 1908 “
1982 1890 2059 1919 Joan.
2077 1900 2135 1925 vni,
2154 1892 2202 1926 16.,
2243 1893 2264 1908 π’
2280 1893 2330 1919 lsa.
2346 1900 2372 1924 L,
2393 1892 2418 1919 6.
2462 1891 2484 1906 ⁸⁸
2500 1891 2569 1920 Psal.
2586 1900 2650 1924 ut,
2669 1892 2718 1924 l8.
