3406 3299
1043 174 1114 204 HIS

1541 179 1569 207 S.
1588 176 1725 206 CYRILLI
1745 175 1982 203 ALEXANDRINI
2002 174 2163 203 ARClllEP.

2606 175 2677 202 {HG

1044 242 1176 273 tribuunt,
1191 240 1273 276 802
1287 239 1313 266 iu
1330 246 1410 265 unatn
1426 238 1556 265 duntaxat
1572 243 1714 271 personam
1730 241 1830 262 eonve-
1847 238 1871 266 Α
1886 235 2031 270 πρόσωπον
2046 234 2176 269 συνῆχθαι
2193 242 2293 268 φαμεν.
2306 234 2358 260 Τὸν
2371 242 2389 260 α

1332 246 1410 265 unam
1426 238 1556 265 duntaxat
1572 243 1714 271 personam
1730 241 1830 262 eonve-
1847 238 1871 266 Α
1886 235 2031 270 πρόσωπον
2046 234 2176 269 συνῆχθαι
2193 242 2293 268 φαμεν.
2306 234 2358 260 Τὸν
2371 234 2452 260 αὑτὸν
2469 233 2523 269 γὰρ
2539 234 2617 269 rapa»
2629 234 2677 259 ἐπὶ

1045 295 1103 314 nire
1127 287 1314 321 praedicamus.
1338 285 1467 311 Eumdem
1492 283 1564 309 enirn
1589 281 1761 317 agnoscimus
1785 280 1832 314 qui

1046 341 1126 367 super
1140 331 1256 359 cervical
1273 330 1446 362 dormiebat,.
1454 335 1481 356 et
1496 328 1543 363 qui
1561 335 1634 354 mare
1649 331 1676 354 et
1690 330 1786 353 ventos
1802 332 1835 352 ex

1047 383 1180 413 potestate
1197 376 1374 411 iucrepabat'
1392 384 1398 402 :
1417 375 1541 402 enunlem
1558 375 1603 408 qui
1621 381 1654 399 ex
1673 373 1771 399 itinere
1789 372 1836 398 de-

1048 424 1212 458 t‘atigabatur
1223 422 1245 454 ⁸,
1263 427 1289 449 et
1307 422 1351 455 qui
1370 428 1451 454 super
1469 427 1560 451 mare,
1579 418 1690 452 perinde
1707 425 1739 444 ac
1757 423 1837 450 super

1047 470 1159 496 solidam
1183 474 1292 499 terram,
1314 474 1362 494 sua
1385 470 1517 500 potestate
1539 464 1712 499 gradiebatur
1722 463 1743 489 ⁸.
1766 462 1836 488 Idem

1049 517 1140 550 itaque
1165 514 1234 542 citra
1259 512 1340 539 ullam
1369 510 1582 541 controversiam
1602 509 1679 536 Deus
1704 507 1785 535 simul
1811 511 1838 533 et

1048 561 1128 586 homo
1148 558 1265 585 exsistit.
1285 556 1356 590 Quid
1379 557 1451 583 enim
1474 555 1571 582 mirum
1594 559 1675 585 esset,
1694 552 1716 579 si
1740 556 1839 578 nostra:

1048 605 1212 633 conditionis
1235 604 1315 631 homo
1337 602 1470 636 quispiam
1493 601 1540 627 Dei
1565 603 1697 634 potestate
1720 597 1839 628 munitus

1051 651 1179 678 miracula
1201 648 1340 685 patraret?
1357 648 1453 675 Verum
1474 652 1503 673 ut
1519 646 1582 672 illud
1600 646 1686 679 ipsum
1709 643 1755 669 Dei
1772 643 1839 669 Ver-

1050 700 1112 725 bum
1136 705 1187 723 non
1209 695 1411 731 imaginatione,
1432 699 1478 720 aut
1497 693 1636 728 apparenti
1657 692 1772 726 quadam
1794 698 1839 717 ra-

1052 744 1135 774 tione,
1149 742 1198 769 sed
1214 749 1242 769 re
1258 742 1314 775 ipsa
1328 748 1357 767 se
1370 740 1562 771 exiuanivisse,
1580 739 1677 765 divina:
1692 738 1841 772 Scriptura:

1052 789 1130 815 nobis
1149 786 1333 819 ostendant“;
1354 793 1435 811 unttm
1458 784 1636 818 eumdemque
1658 784 1740 810 Detnn
1761 783 1842 810 simul

1051 840 1079 860 et
1092 834 1227 860 hominem
1243 839 1290 866 per
1303 831 1449 865 prophetas
1462 835 1488 856 et
1502 830 1639 864 apostolos
1653 828 1730 855 nobis
1743 829 1843 855 diserte

1052 878 1259 913 pronuntiantes
1275 877 1411 903 dixerunt.
1428 876 1474 902 Dei
1491 875 1581 909 itaque
1595 879 1653 901 erat
1671 874 1714 900 illa
1730 882 1763 900 ex
1778 873 1841 901 Vir-

1052 925 1114 959 gine
1134 923 1286 957 conceptio,
1309 922 1355 949 Dei
1378 922 1515 953 nativitas,
1540 920 1585 947 Dei
1609 920 1765 951 similitudo,
1789 927 1842 954 qua

1053 971 1131 998 nobis
1149 969 1233 996 nostri
1254 975 1334 994 causa
1354 967 1549 1001 dispensatorie
1566 973 1614 1001 per
1628 966 1717 993 omnia
1734 966 1843 993 assimi-

1053 1003 1123 1043 [aliis
1137 1022 1192 1046 est;
1210 1015 1255 1042 Dei
1272 1014 1372 1048 passio,
1388 1013 1434 1040 Dei
1450 1013 1481 1039 iis
1495 1013 1540 1047 qui
1556 1013 1582 1039 iu
1597 1019 1706 1039 carcere
1719 1017 1745 1038 et
1763 1012 1787 1038 in
1804 1017 1844 1039 te-

1054 1062 1144 1088 nebris
1157 1066 1234 1087 erant
1247 1060 1413 1094 prmdicatio,
1427 1059 1473 1086 Dei
1489 1059 1663 1091 resurrectio,
1678 1058 1723 1086 Dei
1737 1060 1842 1085 tandem

1054 1107 1080 1133 in
1096 1106 1178 1133 caelos
1194 1104 1354 1139 assumptio.
1370 1104 1420 1136 Qui
1436 1105 1495 1138 capi
1512 1111 1564 1130 non
1582 1109 1705 1138 poterat,
1723 1111 1770 1137 per
1783 1111 1845 1130 ear-

1054 1159 1114 1179 nem
1131 1159 1211 1186 quatn
1228 1150 1315 1177 nostri
1331 1157 1412 1177 causa
1429 1157 1461 1176 ex
1479 1149 1561 1175 Maria
1579 1149 1707 1183 sumpsit,
1722 1148 1843 1182 virginali

1054 1203 1129 1224 utero
1146 1196 1268 1223 concludi
1288 1203 1319 1221 ae
1337 1194 1441 1222 deliniri
1461 1194 1598 1221 sustinuit.
1614 1193 1665 1226 Qui
1684 1194 1737 1219 late
1754 1195 1842 1220 omnia

1054 1244 1169 1274 excedit,
1192 1249 1275 1270 carne
1299 1242 1461 1268 continetur.
1487 1242 1515 1267 lu
1538 1249 1617 1275 quem
1641 1240 1712 1266 nulla
1733 1240 1844 1266 mutatio

1054 1289 1138 1320 cadit,
1160 1288 1305 1314 humanam
1330 1286 1443 1312 fortnam
1465 1285 1558 1313 subiit.
1580 1285 1752 1320 lmpalibilis,
1774 1286 1844 1312 ultro

1054 1342 1103 1368 pro
1118 1335 1195 1361 nobis
1209 1340 1236 1360 et
1251 1339 1359 1368 pr0pter
1374 1342 1422 1361 nos
1438 1343 1485 1369 per
1502 1335 1637 1369 propriam
1653 1342 1762 1361 carnem
1778 1342 1843 1368 pas-

1055 1387 1101 1407 sus
1121 1385 1170 1406 est.
1190 1380 1243 1407 Deo
1262 1385 1288 1406 et
1305 1380 1377 1406 Patri
1396 1380 1527 1407 indivulse
1545 1380 1696 1412 coluereus,
1715 1380 1742 1407 in
1761 1385 1843 1412 terra,

1056 1431 1084 1452 ut
1101 1426 1230 1459 scripttnu
1248 1429 1299 1459 est,
1318 1426 1392 1452 visus
1409 1431 1461 1458 est,
1479 1430 1505 1453 et
1526 1434 1587 1452 eum
1608 1426 1763 1452 hominibus
1782 1433 1846 1452 eon-

1056 1478 1178 1499 versatus
1189 1472 1209 1498 ⁷.
1226 1472 1276 1505 Qui
1291 1471 1341 1498 sub
1357 1476 1455 1499 tactum
1473 1481 1525 1498 nou
1543 1472 1679 1504 veniebat,
1698 1472 1731 1498 ab
1747 1471 1846 1506 iniquis

1058 1519 1147 1543 lancea
1166 1524 1343 1551 compunctus
1363 1522 1404 1542 est
1417 1517 1437 1542 '.
1457 1515 1644 1551 lmpassibilis,
1664 1517 1846 1543 voluntariam

1056 1572 1162 1591 crucem
1176 1564 1260 1590 nostri
1272 1571 1352 1591 causa
1365 1563 1484 1595 pertulit.
1497 1563 1652 1590 lunuortale
1664 1563 1751 1590 lumen
1767 1563 1843 1589 morti

1054 1609 1173 1643 seipsum
1191 1609 1297 1642 obtulit,
1310 1615 1335 1636 et
1351 1609 1429 1636 morti
1446 1610 1552 1644 quidem
1567 1610 1666 1637 crucis.
1681 1609 1730 1642 Qui
1746 1610 1771 1635 in
1786 1609 1844 1635 sinu

1058 1655 1145 1682 Patris
1160 1662 1229 1687 erat,
1247 1663 1295 1689 per
1311 1656 1444 1690 propriam
1461 1664 1570 1682 carnem
1588 1657 1613 1683 in
1630 1656 1727 1683 cmlum
1744 1655 1846 1682 assumi

1058 1709 1110 1727 non
1133 1702 1273 1728 recusavit.
1293 1701 1342 1734 Qui
1367 1708 1456 1728 autem
1479 1702 1524 1728 Dei
1547 1701 1643 1728 Filium
1666 1701 1762 1737 [Deum
1782 1700 1849 1727 Ver-

1057 1745 1139 1782 bum]
1159 1748 1294 1773 hominem
1318 1748 1471 1781 quempiam
1495 1748 1578 1772 nostri
1605 1747 1721 1773 similem
1743 1754 1848 1772 assunt-

1058 1794 1144 1826 psisse
1165 1794 1274 1824 dicunt;
1297 1794 1383 1826 ipsum
1408 1797 1497 1819 autent
1520 1794 1610 1818 vivum
1633 1798 1660 1819 et
1685 1791 1778 1819 eﬂicax
1804 1792 1847 1817 Dci

1059 1838 1208 1868 Verbum‘,
1230 1839 1299 1872 quod
1322 1838 1346 1863 in
1368 1838 1476 1871 propria
1499 1837 1647 1870 lCiﬁCuCClll
1671 1837 1716 1863 Dei
1740 1837 1847 1868 Filium,

1886 280 1916 307 τὸ
1931 280 2148 315 προσκεφάλαιον
2161 280 2324 307 καθεύδοντα
2335 280 2524 317 [καθήμενον],
2537 281 2582 307 τὸν
2595 280 2679 307 αὐτὸν

1886 326 1919 360 τῇ
1935 325 2056 361 θαλάσσῃ
2072 325 2240 359 ἐπιτιμῶντα
2253 326 2281 351 ἐν
2293 326 2412 362 ἐξουσίᾳ,
2426 326 2472 352 καὶ
2484 327 2540 357 τοῖς
2553 326 2678 361 ἀνέμοις-

1887 369 1931 395 τον
1956 369 2037 396 αὑτὸν
2059 371 2106 396 καὶ
2128 370 2176 396 ἐπὶ
2195 370 2245 405 τῆς
2265 369 2417 405 ὁδοιπορίας
2440 372 2609 406 κεκμηκότα,
2632 372 2681 398 τὸν

1888 414 1968 440 αὑτὸν
1981 415 2028 440 καὶ
2044 415 2090 440 ἐπὶ
2105 416 2154 449 τῆς
2177 414 2314 449 θαλάσσης
2338 414 2551 450 περιπατοῦντα,
2568 415 2606 446 ὡς
2632 416 2681 441 ἐπὶ

1889 461 2003 495 στερεᾶς
2027 460 2088 494 γῆς,
2107 460 2160 495 ἰδίᾳ
2190 459 2314 495 ἐξουσίᾳ¹
2330 460 2344 485 ό
2363 460 2445 491 αὐτὸς
2465 461 2555 487 τοίνυν
2571 461 2647 493 Θεὸς,
2664 459 2681 485 ὁ

1888 506 1969 536 αὐτὸς
1991 505 2133 540 ἄνθρωπος
2156 506 2389 541 ὁμολογουμένως.
2408 506 2440 532 Τί
2459 507 2513 542 γὰρ
2530 507 2560 533 τὸ
2576 507 2679 542 θαῦμα,

1889 552 1912 577 εἰ
1928 551 2070 586 ἄνθρωπός
2088 560 2129 582 τις
2146 551 2200 578 τῶν
2217 551 2277 577 καθ’
2292 553 2367 586 ἡμᾶς
2381 553 2409 578 ἐν
2426 552 2536 588 ἐξουσίᾳ
2550 553 2681 588 δυνάμεις

1888 596 1955 623 Θεοῦ
1967 598 2086 633 ἐνεργεῖν
2096 597 2149 633 [ἵσ.
2160 598 2189 623 ἐν
2201 597 2309 633 ἐξουσίᾳ
2320 598 2398 630 Θεοῦ,
2408 598 2536 633 δυνάμεις
2549 600 2681 636 ἐνεργεῖν]

1888 643 2013 677 λέγεται;
2035 643 2103 669 Ἀλλ’
2119 644 2162 669 ἵνα
2177 643 2221 669 τὸν
2239 644 2319 671 αὐτὸν
2334 645 2399 671 Θεὸν
2414 645 2499 679 Λόγον
2511 646 2682 673 κεκενῶσθαι

1890 690 2066 722 ὑποδείξωσιν
2083 690 2148 725 ἡμῖν
2164 691 2191 716 αἱ
2208 691 2278 717 θεῖαι
2297 691 2414 725 Γραφαὶ,
2430 691 2461 718 οὺ
2476 692 2595 727 δοκήσει,
2612 693 2684 720 ἀλλὰ

1891 735 2034 770 ἐνεργείᾳ,
2068 735 2115 761 ’ἑνα
2141 736 2188 762 καὶ
2220 736 2265 762 τὸν
2296 736 2378 762 αὑτὸν
2404 737 2470 771 ἡμῖν
2492 737 2684 773 διαγορεύουσι

1892 784 2078 817 προφητικοῖς,
2094 783 2140 808 καὶ
2164 782 2216 817 μὴν
2236 783 2284 809 καὶ
2305 784 2494 815 ἀποστολικοῖς
2511 784 2683 819 κηρύγμασι,

1892 828 1936 853 τὸν
1962 827 2042 854 αὐτὸν
2065 826 2140 853 εἶπον
2165 828 2241 859 Θεὸν,
2263 828 2309 854 τὸν
2334 828 2414 855 αὑτὸν
2440 828 2592 864 ἅνῡρωπον.
2615 829 2683 855 Θεοῦ

1893 873 1982 899 τοίνυν
2045 873 2174 908 σύλληψις
2197 874 2212 908 ἡ
2234 874 2405 909 παρθενική·
2422 874 2490 901 Θεοῦ
2538 875 2663 911 γέννησις
2675 884 2683 891 ·

1860 913 1879 938 Β
1893 917 1990 953 Θεοῦή
2006 918 2076 944 κατὰ
2090 918 2179 944 πάντα
2196 918 2264 953 πρὸς
2280 919 2362 953 ἡμᾶς,
2380 919 2427 945 καὶ
2445 919 2479 945 δι’
2496 920 2568 954 ἡμᾶς
2583 920 2685 954 ὁμοίω-

1896 973 1937 996 σις
1946 964 2140 999 οἰκονομικῶς·
2154 964 2221 990 Θεοῦ
2232 964 2262 990 τὸ
2272 964 2370 997 πάθος’
2383 965 2450 992 Θεοῦ
2463 966 2520 996 τοῖς
2535 966 2564 992 ἐν
2576 966 2685 1001 φυλακῇ

1894 1010 1941 1036 καὶ
1961 1011 1989 1036 ὲν
2009 1010 2047 1044 τῷ
2063 1010 2153 1036 σκότει
2169 1011 2184 1044 ὴ
2201 1010 2329 1045 κήρυξις·
2346 1010 2413 1037 Θεοῦ
2427 1011 2574 1043 ἀνάστασις
2587 1020 2593 1025 ·
2615 1011 2686 1038 Θεοῦ

1895 1057 1911 1090 ἡ
1926 1055 2105 1090 ἀνάληψις.’0
2121 1055 2261 1091 ἀχώρητος
2283 1057 2378 1083 ἑαυτὸν
2394 1056 2493 1083 δέδωκε
2510 1057 2687 1092 κεχωρῆσοαι

1894 1101 1927 1127 δι’
1941 1102 2014 1135 ἡμᾶς
2029 1102 2056 1126 ὲν
2070 1102 2101 1135 τῇ
2119 1101 2168 1135 τῆς
2185 1101 2327 1136 Παρθένου
2346 1103 2447 1137 μήτρᾳ,
2464 1103 2532 1137 μετὰ
2549 1103 2598 1137 τῆς
2617 1104 2688 1136 ἰδίας

1897 1147 2006 1182 σαρκὸς,
2021 1147 2053 1182 ἣν
2077 1147 2260 1181 προσελάϐετο
2283 1147 2312 1180 ἐξ
2338 1148 2469 1183 αὑτῆς.Ὀ
2493 1149 2635 1184 ἀχὼρητος
2657 1151 2688 1177 ὲν

1896 1193 1978 1227 σαρκὶ
1994 1193 2137 1228 ὲχωρεῖτο·
2156 1194 2169 1218 ὁ
2181 1193 2357 1225 ἀναλλοίωτος
2373 1195 2400 1220 ὲν
2417 1194 2560 1229 ἀνθρώπου
2576 1198 2667 1231 μορψῇ
2678 1205 2686 1211 ·

1894 1238 1909 1263 ὁ
1922 1237 2030 1272 ἀπαθὴς
2045 1237 2161 1263 πέπονθε
2172 1238 2205 1263 δι’
2216 1238 2288 1272 ἡμᾶς
2304 1238 2445 1269 ἑκουσίως.
2462 1239 2509 1264 καὶ
2524 1239 2593 1273 ὑπὲρ
2605 1240 2689 1274 ἡμῶν

1895 1285 1927 1318 τῇ
1950 1283 2003 1318 ἰδίᾳ.
2029 1283 2119 1317 σαρκί.
2136 1283 2166 1309 Ὀ
2191 1283 2342 1318 ἀχώριστος
2364 1284 2411 1309 τοῦ
2431 1284 2497 1310 Θεοῦ
2520 1285 2565 1311 καὶ
2582 1285 2688 1321 [ἰατρὸς

1895 1332 1941 1357 ἐπὶ
1953 1330 2005 1365 γῆς
2019 1329 2107 1364 theon,
2118 1329 2187 1355 κατά
2202 1329 2231 1355 τὸ
2252 1331 2514 1365 γεγραμμένον,νκαὶ
2528 1333 2556 1357 ἐν
2570 1333 2625 1363 τοῖς
2639 1333 2689 1359 ἀν-

1895 1376 2015 1412 θρώποις
2042 1375 2258 1410 συνανεστράςςη.
2280 1375 2308 1402 '0
2331 1376 2508 1411 ὰψηλάφητος
2532 1377 2616 1414 λογχῃ
2635 1378 2689 1405 ὑπὸ

1895 1423 1950 1449 τῶν
1974 1423 2139 1457 παρανόμων
2171 1422 2358 1448 κατενύττετο.
2379 1423 2407 1449 '0
2436 1423 2544 1459 ἀπαθὴς
2572 1425 2689 1460 σταυρὸν

1897 1469 2048 1496 ἐθελούσιον
2073 1468 2203 1503 ὑπέμεινε
2225 1468 2257 1493 δι’
2275 1469 2365 1503 ἡμᾶς’
2388 1469 2418 1494 τὸ
2435 1469 2493 1503 φῶς
2509 1470 2538 1495 τὸ
2556 1470 2690 1497 ἀθάνατον

1897 1516 2003 1550 Θανάτῳ
2021 1515 2116 1540 ἑαυτὸν
2136 1514 2279 1546 ἐκδέδωκε,
2299 1514 2406 1549 θανάτῳ
2425 1514 2453 1541 δὲ
2471 1516 2636 1551 caupo-3.0
2652 1517 2690 1544 ὢν

1897 1564 1926 1589 ἐν
1941 1562 1979 1597 τῷ
1993 1562 2085 1596 κόλπῳ
2099 1561 2145 1586 τοῦ
2161 1561 2275 1595 Πατρὶς,
2290 1561 2423 1596 ἀνάληψιν
2437 1562 2567 1596 ὑπέμεινε
2585 1563 2627 1589 διὰ
2641 1565 2690 1598 τῆς

1903 1610 1969 1639 ἰδίας
1988 1608 2098 1643 σαρκός.
2114 1608 2181 1639 Τοὺς
2205 1607 2233 1633 δὲ
2250 1607 2387 1641 λέγοντας,
2405 1608 2546 1643 ἄνθρωπον
2563 1618 2622 1635 τινα
2636 1610 2691 1636 τῶν

1898 1657 1957 1684 καθ’
1969 1656 2041 1691 ἡμᾶς
2054 1653 2228 1688 ἀνειληφέναι
2240 1653 2284 1679 τὸν
2297 1653 2363 1679 Θεὸν
2373 1654 2468 1687 Λόγον,
2480 1655 2526 1681 καὶ
2540 1655 2576 1690 μὴ
2589 1656 2691 1690 μᾶλλον

1898 1703 1981 1730 αὑτὸν
1997 1701 2043 1727 τὸν
2058 1701 2125 1740 Υἱὸν¹
2139 1701 2184 1726 τὸν
2204 1700 2386 1726 ὲνυπόστατύν
2401 1709 2431 1726 τε
2450 1702 2495 1727 καὶ
2510 1702 2607 1737 ἐνεργῇ
2619 1722 2625 1732 ,
2644 1703 2692 1728 καὶ

1899 1749 1998 1781 ζῶντα,
2015 1747 2142 1781 γενέσθαι
2167 1746 2309 1781 ἄνθρωπον
2335 1746 2380 1772 καὶ
2408 1747 2436 1772 ἐν
2464 1749 2520 1778 τοῖς
2540 1748 2599 1774 καθ’
2616 1749 2692 1783 ἡμᾶς

1897 1792 2076 1827 οἰκονομικῶς
2090 1792 2123 1817 δι’
2139 1792 2223 1826 ἡμᾶς,
2242 1790 2357 1826 ἐξορίζει
2374 1792 2390 1827 ἡ
2407 1792 2472 1826 ἁγία
2493 1793 2613 1825 Σύνοδος,
2628 1795 2645 1829 ἡ
2663 1794 2693 1820 ὲν

1898 1839 1930 1873 τῇ
1951 1836 2082 1871 Ἐφεσίων
2095 1836 2171 1862 πόλει
2184 1836 2364 1870 γεγενημένη.

1059 1884 1103 1918 qui
1130 1884 1155 1909 in
1183 1883 1302 1919 propria]
1326 1891 1440 1917 persona
1465 1884 1598 1916 subsistit,
1637 1884 1772 1910 hominem
1800 1884 1910 1915 factum,
1943 1882 2234 1919 dispeuSatoriequeiu
2267 1883 2391 1909 humanis
2424 1887 2534 1917 propter
2561 1892 2610 1910 nos
2631 1892 2694 1911 νει·-

1059 1916 1147 1955 satum
1167 1916 1417 1958 esseinﬁ'ciantur;
1440 1929 1500 1956 illos
1520 1937 1597 1955 saera
1612 1929 1738 1963 Synodus
1760 1929 1894 1962 Ephesiua
1911 1916 2029 1963 explodit
2045 1933 2072 1954 et
2087 1916 2179 1958 ejicit.‘

1293 1998 1443 2032 Disputatio
1462 1998 1493 2024 de
1512 1999 1612 2025 eodem.

1070 2067 1071 2070 ‘
1096 2065 1285 2100 Interrogatio.
1303 2064 1359 2093 Cur
1373 2065 1454 2097 Deus,
1470 2065 1515 2100 qui
1529 2065 1721 2099 comprehendi
1738 2072 1790 2091 non
1805 2072 1850 2099 po-

1062 2116 1125 2142 lesl,
1148 2112 1265 2145 virgineo
1286 2116 1363 2138 utero
1385 2112 1597 2144 comprehensus
1616 2111 1676 2138 est?
1694 2111 1849 2144 Responsio.

1061 2157 1128 2189 Quia
1150 2157 1302 2183 rnortalium
1324 2164 1409 2191 genus
1429 2156 1572 2190 redimere,
1591 2161 1619 2184 et
1638 2165 1652 2183 a
1674 2158 1803 2184 servitute
1825 2157 1850 2182 iu

1061 2204 1212 2229 libertatem
1228 2210 1351 2229 asserere
1368 2202 1478 2236 placuit.

1096 2248 1228 2282 lnterrog.
1246 2248 1301 2275 Cur
1315 2249 1391 2275 initio
1412 2256 1509 2275 carens
1522 2256 1555 2275 ex
1569 2247 1680 2274 muliere
1701 2247 1775 2274 nasci
1791 2254 1850 2280 per—
1865 2268 1889 2297 Β

1062 2294 1140 2321 ιιιΙὶιῖ
1165 2294 1244 2327 Resp.
1271 2294 1494 2328 Quandoquidem
1523 2294 1574 2320 sub
1601 2293 1744 2320 maledicto
1771 2298 1850 2319 erant

1061 2349 1154 2369 omnes
1172 2342 1295 2369 homines
1314 2344 1407 2377 (erant
1427 2343 1498 2369 enim
1518 2342 1567 2368 sub
1587 2342 1689 2375 peccati
1708 2340 1789 2375 803
1809 2348 1850 2367 re-

1062 2388 1134 2423 gno),
1151 2388 1211 2414 ideo
1228 2388 1254 2414 in
1270 2393 1371 2415 natum
1387 2388 1463 2415 initia
1479 2389 1579 2414 relatus
1595 2392 1638 2414 est
1650 2396 1663 2412 a
1678 2388 1754 2413 nobis
1772 2387 1848 2420 ipsis,

1062 2438 1091 2460 ut
1116 2438 1144 2460 et
1167 2439 1342 2468 cognatorum
1367 2434 1554 2465 nativitatem,
1579 2438 1605 2459 et
1631 2433 1718 2466 ipsum
1745 2437 1848 2459 uterum

1061 2480 1252 2507 sanetilicaret.

1097 2525 1229 2560 lnterrag.
1250 2525 1305 2552 Cur
1318 2524 1486 2551 inalterabile
1501 2530 1528 2552 et
1543 2525 1710 2553 immutabile
1727 2525 1771 2553 Dei
1783 2526 1848 2553 Ver-

1062 2571 1125 2597 bum
1146 2572 1216 2597 inter
1237 2571 1361 2597 homines
1382 2575 1578 2605 computatum,
1600 2576 1627 2598 et
1649 2572 1728 2599 homo
1749 2572 1848 2599 factum

1063 2617 1120 2643 est?
1135 2616 1212 2650 Resp.
1225 2615 1265 2642 0b
1280 2616 1305 2642 id
1322 2616 1367 2642 Dei
1379 2615 1468 2644 Verbo
1482 2617 1662 2652 dispensative
1677 2625 1786 2652 propter
1798 2625 1849 2645 nos

1064 2662 1090 2687 iu
1107 2661 1231 2687 humanis
1245 2661 1366 2694 versari,
1384 2661 1513 2695 nobisque
1529 2670 1576 2696 per
1590 2663 1697 2694 omnia,
1713 2663 1771 2689 solo
1785 2670 1848 2697 pee-

1065 2712 1125 2732 cato
1139 2709 1263 2739 excepto,
1280 2705 1423 2734 assimilari
1439 2708 1548 2743 placuit,
1564 2708 1627 2743 quia
1643 2708 1788 2736 humanum
1804 2716 1850 2743 ge-

1066 2759 1116 2778 nus
1132 2751 1237 2778 saltare
1251 2752 1347 2780 voluit.

1102 2840 1112 2855 ⁸
1131 2840 1210 2876 Marc.
1231 2841 1322 2873 “.58.
1357 2841 1368 2857 ⁵
1383 2842 1460 2870 Joan.
1478 2850 1514 2876 iv,
1529 2842 1556 2869 6.

1102 2842 1112 2855 ³
1131 2842 1210 2867 Marc.
1231 2842 1322 2873 “.38.
1357 2842 1368 2857 ⁵
1383 2842 1460 2870 Joan.
1478 2850 1514 2876 iv,
1529 2842 1556 2869 6.
1595 2843 1606 2858 ⁸
1627 2842 1726 2870 Matth.
1746 2845 1800 2875 xtv',
1820 2842 1864 2869 25.

1066 2875 1110 2903 34.
1148 2877 1157 2890 ’
1174 2875 1253 2902 ll:br.
1269 2884 1306 2903 tv.
1323 2877 1365 2903 £2.
1664 2894 1670 2900 -

2076 1996 2236 2031 Συζήτησις
2255 1997 2320 2031 περὶ
2339 1998 2391 2025 τοῦ
2409 1999 2513 2025 αὐτοῦ.

1941 2066 2110 2100 Ἐρώτησις.
2133 2066 2195 2097 Πῶς
2211 2067 2225 2092 ὸ
2239 2065 2305 2097 Θεδς
2318 2067 2332 2092 ὁ
2349 2066 2491 2102 ἀχώρητος
2514 2068 2643 2104 ὲχωρήθη
2663 2070 2693 2097 ὲν

1901 2113 1993 2147 μήτρᾳ
2021 2111 2190 2146 παρθενικῇ;
2229 2111 2403 2145 Ἀπόκρισις.
2423 2113 2532 2148 Ἐπειδὴ
2562 2114 2694 2147 εὐδόκησε

1899 2156 2110 2192 λυτρώσασθαι,
2139 2158 2186 2183 καὶ
2211 2156 2395 2192 ἐλευθερῶσαι
2421 2158 2450 2184 τὸ
2472 2158 2522 2193 τῆς
2547 2159 2693 2194 ἀνθρώπου

1901 2202 2008 2236 φύσεως
2021 2203 2110 2235 γένος.

1943 2248 2041 2282 Ἐρώτ.
2062 2247 2123 2278 Πῶς
2140 2249 2154 2274 ὁ
2168 2248 2285 2283 ἄναρχος
2295 2249 2422 2283 γέννησιν
2437 2250 2566 2285 ὑπέμεινε
2579 2250 2627 2285 τὴν
2647 2251 2695 2277 διὰ

1901 2295 2046 2328 γυναικό;;
2074 2295 2194 2328 Ἀπόκρ.
2214 2295 2321 2330 Ἐπειδὴ
2346 2296 2398 2322 ὑπὸ
2424 2297 2546 2332 κατάραν
2570 2298 2694 2331 ἐγεγόνει

1902 2341 1995 2367 λοιπὸν
2017 2342 2072 2371 πᾶς
2096 2340 2255 2376 ἄνθρωπος·
2284 2340 2458 2376 βεδασίλευτο
2483 2343 2537 2377 γὰρ
2562 2343 2614 2369 ὑπὸ
2642 2344 2693 2379 τῆς

1903 2387 2040 2421 ἁμαρτίας
2052 2395 2058 2400 ·
2079 2386 2123 2412 διὰ
2138 2385 2216 2412 τοῦτο
2231 2386 2271 2417 εἰς
2287 2387 2374 2422 ἀρχὰς
2388 2387 2434 2413 τοῦ
2451 2385 2522 2414 εἶναι
2534 2388 2691 2422 λελόγισται

1898 2432 1965 2467 πρὸς
1975 2432 2052 2467 ἡμῶν
2061 2432 2161 2463 αὐτῶν,
2176 2432 2218 2458 ἵνα
2231 2433 2276 2459 καὶ
2289 2432 2337 2468 τὴν
2351 2433 2400 2459 τῶν
2415 2435 2552 2469 ὁμογενῶν
2566 2436 2694 2471 γέννησιν

1902 2478 1949 2504 καὶ
1970 2479 2076 2512 μήτραν
2095 2478 2206 2513 ἁγιάσῃ.

1945 2522 2044 2557 Ἐρώτ.
2064 2522 2126 2554 Πῶς
2151 2524 2179 2549 ἐν
2203 2524 2357 2559 ἀνθρώποις
2376 2525 2565 2562 κατελογίσθη,
2582 2528 2629 2554 καὶ
2644 2528 2693 2554 ἇν-

1903 2570 2011 2605 Ορωπος
2024 2570 2131 2604 γέγονε,
2156 2571 2290 2605 ἄτρεπτος
2306 2580 2334 2597 τε
2349 2572 2396 2599 καὶ
2414 2573 2592 2605 ἀναλλοίωτος
2610 2575 2623 2601 ὁ
2645 2575 2693 2601 τοῦ

1902 2616 1970 2641 Θεοῦ
1998 2616 2100 2649 Λύγος;
2131 2616 2245 2650 Ἀπόκρ.
2271 2617 2307 2643 Τὸ
2334 2618 2479 2653 ἀνθρώπου
2501 2620 2579 2654 γένος
2605 2622 2694 2648 σῶσαι

1902 2660 2073 2696 βουλόμενος,
2089 2661 2219 2697 εὐδόκησε
2242 2662 2275 2688 δι’
2292 2664 2363 2697 ἡμᾶς
2376 2664 2405 2689 ἐν
2420 2663 2425 2700 ί
2439 2665 2481 2692 ἴσ.
2500 2665 2625 2700 γενέσθαι
2641 2667 2670 2692 ὲν
2683 2667 2694 2704 ]

1901 2708 1958 2738 τοῖς
1983 2707 2044 2733 καθ’
2060 2707 2134 2742 ἡμᾶς
2154 2707 2344 2743 οἰκονομικῶς,
2368 2710 2415 2736 καὶ
2437 2710 2597 2745 ώμοιὼσθαι
2626 2713 2694 2748 ἡμῖν

1902 2754 1973 2780 κατὰ
1993 2753 2090 2785 πάντα,
2111 2753 2195 2788 χωρὶς
2214 2753 2364 2789 ἁμαρτίας.

1903 2843 1913 2858 ⁸
1931 2843 2046 2878 Philipp.
2063 2850 2092 2875 ll,
2110 2843 2136 2870 7.

2185 2842 2194 2856 ⁷
2217 2841 2331 2870 Barueh.
2348 2850 2390 2875 tu,
2407 2843 2450 2872 53.
2509 2844 2519 2860 ⁸
2535 2845 2613 2872 Juan.
2632 2854 2688 2875 nx.
