3406 3322
1028 213 1095 241 1451
1542 212 1570 240 S.
1587 211 1723 240 CYRILLI
1742 209 1977 238 ALEXANDBINI
2003 210 2175 238 ARCHIEP.‘
2585 210 2654 237 N32

1028 278 1089 298 nam
1102 278 1155 299 non
1166 271 1352 299 arbitrabatur
1359 278 1419 299 esse
1430 278 1459 298 se
1473 271 1601 306 aequalem
1618 271 1684 303 Deo,
1699 275 1726 298 et
1746 270 1814 297 alius
1830 272 1850 299 Α
1866 279 1925 305 χει·
1944 270 1992 297 καὶ
2005 270 2084 302 ἄλλος
2098 270 2178 297 πάλιν
2193 270 2207 296 ὁ
2223 270 2259 306 μὴ
2274 270 2373 306 ἁρπαγ]

1309 276 1352 298 tur
1359 278 1419 299 esse
1430 278 1459 298 se
1473 271 1601 306 mqualem
1618 271 1684 303 Deo,
1699 275 1726 298 et
1746 270 1814 297 alius
1830 272 1850 299 Α
1866 279 1908 305 χει
1919 279 1925 285 ·
1944 270 1992 297 καὶ
2005 270 2084 302 ἄλλος
2098 270 2178 297 πάλιν
2193 270 2207 296 ὁ
2223 270 2259 306 μὴ
2274 269 2421 306 ἁρπαγμὸν
2436 268 2606 305 ἡγησάμενος
2624 267 2654 293 τὺ

1028 315 1072 343 ille
1084 317 1126 343 cui
1139 317 1308 351 estmqualis,
1321 317 1367 343 sed
1380 324 1431 344 non
1443 317 1493 344 sibi
1509 317 1689 351 aequalitatem
1699 324 1759 344 cum
1770 316 1814 343 illo

1027 361 1127 395 rapuit.
1147 360 1279 388 Praeterea
1298 362 1343 389 ille
1371 362 1454 389 etiam
1484 362 1542 389 falsi
1564 362 1683 390 nominis
1701 361 1812 395 Paulus,

1027 405 1073 439 qui
1096 405 1252 433 Servatoris'
1273 411 1334 433 ante
1359 406 1455 433 sarcula
1477 406 1678 441 generationem
1696 406 1812 441 negavit,

1027 449 1166 477 Iudaicam
1200 452 1360 478 sententiam
1385 452 1490 484 fovens,
1518 457 1544 479 et
1563 452 1598 479 de
1623 452 1733 486 Virgine
1757 456 1814 478 lan-

1029 495 1166 522 tummodo
1180 500 1272 522 natum
1288 496 1429 523 confessus
1441 502 1493 528 est,
1518 504 1550 522 ex
1574 497 1615 523 his
1637 496 1704 530 ipsis
1726 496 1815 523 verbis

1028 539 1134 573 dignam
1160 540 1299 574 impietate
1320 550 1368 568 sua
1393 543 1464 576 capit
1485 542 1673 576 ignominiam.
1700 542 1815 569 Docetur

1027 585 1098 611 enim
1114 585 1177 613 hinc
1193 593 1207 612 a
1219 587 1281 614 divo
1294 586 1377 614 Paulo
1390 593 1419 614 et
1431 588 1477 614 Dei
1499 587 1615 614 Verbum
1630 587 1702 622 quod
1722 595 1814 614 susce-

1028 630 1075 663 pit,
1091 636 1118 658 et
1134 631 1280 658 humanam
1297 638 1450 667 susceptam
1478 639 1612 667 naturam,
1633 639 1661 661 et
1681 634 1813 669 praeexsi-

1027 680 1141 703 stentem
1152 677 1198 705 Dei
1208 678 1335 709 formam,
1344 684 1371 706 et
1381 679 1407 706 in
1418 679 1469 706 line
1478 680 1637 707 saeculorum
1648 685 1812 714 assmnptam

1027 722 1060 748 ab
1074 724 1169 749 eadem
1194 724 1264 751 servi
1292 723 1420 751 formam.
1446 726 1560 753 Docetur
1586 725 1687 760 pariter
1713 724 1811 759 Apolli-

1027 768 1101 795 naris
1120 776 1180 795 cum
1202 769 1267 797 Ario
1279 775 1360 805 atque
1374 770 1517 803 Eunomio,
1543 771 1614 805 quod
1643 778 1812 806 nequaquam

1027 815 1098 842 Deus
1121 815 1251 848 Verbum,
1275 817 1346 850 quod
1370 821 1411 843 est
1435 817 1615 849 immutabile,
1648 817 1673 843 in
1703 824 1813 844 carnem

1028 859 1109 887 fuerit
1146 861 1329 893 immutatum,
1355 861 1401 888 sed
1436 862 1508 896 quod
1536 868 1627 889 nostra
1661 862 1812 889 substantia

1028 912 1185 942 assumpta,
1208 907 1322 935 salutem
1354 912 1473 934 nostram
1493 908 1528 935 sit
1552 911 1703 942 operatum.
1729 907 1814 934 Porro

1027 953 1152 987 superius
1182 953 1262 980 dictis
1290 953 1548 985 demonstravimus,
1591 953 1706 979 formam
1742 953 1812 980 servi

1027 999 1187 1033 appellatam
1205 1007 1264 1027 esse
1283 999 1401 1026 hominis
1426 1004 1561 1026 naturam.
1586 998 1653 1026 Nam
1676 999 1698 1026 si
1726 998 1813 1026 forma

1028 1044 1074 1071 Dei
1105 1050 1147 1072 est
1172 1045 1324 1071 substantia
1341 1044 1387 1071 Dei
1411 1044 1498 1080 (caret
1521 1045 1593 1072 enim
1619 1052 1712 1071 revera
1728 1045 1814 1072 forma

1026 1089 1110 1126 814
1121 1099 1155 1117 m.
1171 1095 1198 1117 et
1214 1091 1308 1126 quavis
1321 1091 1410 1126 specie
1425 1090 1507 1121 Deus,
1522 1090 1567 1125 qui
1584 1095 1624 1118 est
1635 1090 1759 1125 simplex,
1776 1090 1815 1117 in-

1026 1137 1203 1171 compositus,
1222 1142 1248 1164 et
1265 1138 1338 1164 omni
1357 1137 1444 1172 figura
1466 1137 1633 1173 destitutus),
1649 1138 1771 1172 sequitur
1786 1141 1815 1164 ut

1026 1183 1097 1209 servi
1126 1183 1225 1216 forma,
1256 1191 1332 1218 aeque
1356 1185 1426 1211 servi
1449 1184 1599 1211 substantia
1636 1183 1812 1218 intelligatur.

1027 1228 1103 1255 Servi
1130 1234 1219 1256 autem
1240 1229 1403 1262 substantia,
1428 1229 1453 1256 id
1478 1234 1520 1256 est
1543 1229 1673 1261 hominis,
1697 1236 1749 1256 nan
1774 1233 1815 1256 est

1026 1282 1124 1308 corpus
1145 1275 1196 1302 hoc
1224 1276 1410 1302 tantummodo
1435 1275 1505 1309 quod
1533 1279 1654 1309 apparet,
1685 1275 1731 1301 sed
1759 1279 1813 1301 tota

1026 1321 1144 1348 hominis
1167 1326 1263 1348 natura
1291 1329 1305 1347 a
1332 1321 1511 1355 prudentibus
1537 1320 1717 1347 existimatur.
1742 1319 1814 1347 Prae-

1027 1372 1100 1394 terea
1117 1372 1144 1393 et
1157 1367 1193 1393 illi
1212 1367 1358 1401 impietatis
1375 1366 1558 1401 antesignani,
1585 1372 1611 1393 et
1642 1366 1815 1400 blasphemia:

1027 1412 1158 1439 adversus
1177 1416 1278 1439 rectam
1303 1412 1383 1439 [idem
1399 1412 1479 1446 primi
1510 1416 1646 1443 auctores,
1674 1412 1719 1445 qui
1734 1411 1814 1438 Chri-

1026 1457 1175 1484 stianorum
1194 1457 1301 1492 quidem
1328 1457 1379 1484 sibi
1401 1458 1509 1485 nomina
1538 1457 1736 1492 imposuerunt,
1767 1459 1813 1485 sed

1026 1503 1224 1530 idololatricum
1271 1503 1444 1537 polylheismi
1484 1510 1606 1530 errorem
1638 1509 1812 1538 superarunt,

1024 1550 1155 1582 Marcion,
1179 1550 1300 1585 inquam,
1326 1553 1355 1576 et
1370 1549 1474 1581 Manes,
1500 1554 1528 1576 et
1556 1550 1646 1577 cmteri
1664 1550 1813 1585 pestilentis

1025 1596 1130 1622 illorum
1152 1596 1288 1622 cathedrae
1316 1595 1489 1622 consectanei
1516 1599 1543 1623 et
1570 1596 1707 1630 discipuli,
1725 1605 1757 1623 ex
1771 1596 1811 1622 his

1026 1640 1090 1674 ipsis
1119 1640 1237 1674 Apostoli
1266 1640 1354 1667 verbis
1393 1647 1469 1666 suam
1503 1640 1641 1667 vesaniam
1672 1641 1739 1667 satis
1765 1649 1811 1668 co-

1025 1689 1167 1722 gnoscunt.
1191 1685 1258 1711 Nam
1276 1692 1337 1711 cum
1350 1685 1401 1718 ipsi
1416 1684 1521 1712 Domini
1539 1685 1686 1712 secundum
1703 1693 1811 1713 carnem

1024 1731 1195 1758 nativitatem
1207 1735 1234 1756 et
1249 1730 1446 1757 humanitatem
1460 1739 1513 1757 non
1531 1731 1687 1762 admittant,
1699 1732 1812 1758 audiunt

1025 1776 1262 1811 pneclarissimum
1281 1775 1391 1803 Paulum
1407 1776 1559 1808 docentem,
1574 1777 1644 1808 quod
1665 1777 1709 1804 Dei
1727 1778 1812 1804 forma

1025 1823 1095 1850 servi
1113 1822 1227 1849 formam
1241 1823 1402 1857 susceperit.
1416 1823 1493 1850 Servi
1510 1827 1599 1849 autem
1629 1823 1715 1850 forma
1742 1824 1812 1850 haud

1025 1867 1165 1902 phantasia
1179 1867 1300 1901 quaedam
1310 1871 1377 1899 erat,
1388 1874 1473 1901 neque
1486 1866 1591 1899 ttmbra,
1605 1875 1692 1901 neque
1704 1875 1812 1895 aereum

1025 1912 1209 1945 simulacrum,
1228 1920 1316 1947 neque
1330 1911 1401 1939 aliud
1421 1911 1529 1946 quidvis
1544 1912 1699 1946 hujusmodi
1719 1913 1811 1948 appel-

1026 1960 1106 1991 latur,
1122 1959 1168 1985 sed
1184 1959 1256 1985 servi
1267 1963 1373 1984 natura.

1059 2005 1136 2038 Quod
1153 2004 1175 2031 si
1193 2004 1386 2039 subsequentia
1404 2003 1448 2030 illa
1464 2003 1546 2031 verba
1577 2005 1654 2032 nobis
1671 2004 1810 2039 objiciant,

1028 2061 1035 2076 ι
1053 2051 1079 2077 in
1093 2050 1296 2077 similitudinem
1309 2049 1426 2076 hominis
1442 2050 1541 2084 factus,
1551 2051 1677 2078 ethabitu
1689 2051 1813 2077 inventus

1026 2102 1055 2123 ut
1067 2099 1147 2123 homo
1162 2105 1169 2129 ;
1186 2105 1196 2121 ι
1212 2102 1315 2122 necnon
1334 2095 1378 2121 illa
1403 2096 1435 2122 ad
1457 2095 1594 2123 Romanos
1608 2105 1615 2123 :
1628 2105 1637 2122 t
1652 2096 1678 2123 in
1690 2096 1813 2123 similitu-

1025 2141 1114 2168 dinem
1128 2140 1218 2167 carnis
1233 2140 1335 2174 peccati
1350 2140 1361 2155 ⁸
1379 2148 1387 2167 :
1412 2150 1421 2166 ›
1440 2142 1527 2175 primo
1545 2141 1652 2175 quidem
1671 2141 1810 2168 stultitiam

1025 2187 1143 2220 ipsorum
1164 2186 1365 2213 convinccnms.
1386 2185 1452 2212 Nam
1470 2187 1491 2212 si
1504 2186 1595 2218 verba,
1618 2195 1626 2211 ι
1646 2187 1672 2213 in
1686 2187 1813 2213 similitu-

1025 2232 1113 2259 dinem
1143 2231 1272 2263 hominis,
1298 2237 1326 2259 et
1354 2231 1447 2258 habitu
1474 2232 1598 2258 inventus
1625 2237 1653 2258 ut
1691 2233 1782 2264 homo,
1802 2242 1810 2257 ι

1865 313 1935 341 εἶναι
1958 315 2004 341 ίσα
2025 316 2094 351 Θεῷ,
2114 317 2177 351 παρ’
2202 316 2305 342 ἐκεῖνον
2320 313 2351 343 οὗ
2365 316 2421 347 ῐσος
2446 315 2571 348 ὑπάρχει,
2597 313 2654 338 ἀλλ’

1867 360 1915 395 ούκ
1930 361 2055 396 ἥρπασεν
2072 361 2121 396 τὴν
2142 360 2210 396 πρὸς
2232 361 2314 387 αὑτὸν
2329 360 2447 395 ἰσότητα.
2468 359 2541 394 Πρὸς
2555 358 2582 384 δὲ
2596 357 2654 383 τούι

1865 416 1921 439 τοις
1944 407 2205 442 καὶὸψευδώνυμος
2228 406 2334 437 Παῦλος
2356 406 2405 440 (1),
2428 406 2442 430 ὁ
2457 405 2505 439 τὴν
2531 404 2579 439 μὲν
2602 403 2654 437 προ

1865 454 1969 480 αἰώνων
1985 454 2113 489 γέννησιν
2124 453 2171 479 τοῦ
2185 453 2309 487 Σωτῆρος
2322 451 2498 486 ἀρνούμενος,
2515 449 2654 483 Ἰουδαῖκῷ

1865 500 1893 526 δὲ
1908 497 2077 535 κεχρημένος
2095 500 2259 534 φρονήματι,
2275 498 2322 523 καὶ
2343 496 2393 532 τὴν
2407 497 2439 521 ἐκ
2454 495 2592 530 Παρθένου
2607 494 2655 528 μό-

1865 554 1913 579 νην
1923 545 2072 580 ὁμολογῶν,
2083 545 2115 571 ἐκ
2126 545 2179 572 τῶν
2192 544 2282 570 αὐτῶν
2296 543 2397 569 τούτων
2407 542 2502 576 λόγων,
2517 540 2565 575 τὴν
2577 539 2655 572 ἀξίαν

1865 591 1914 626 τῆς
1939 590 2067 622 ἀσεϐείας
2088 590 2218 625 αἰσχύνην
2241 589 2411 625 καρποῦται·
2429 588 2583 614 διδάσκεται
2600 587 2655 621 γὰρ

1866 637 1918 663 imo
1930 637 1977 663 τοῦ
2000 636 2072 663 θείου
2095 636 2202 662 Παύλου
2223 636 2267 662 τὸν
2281 635 2397 661 λαϐόντα
2412 633 2477 660 Θεὸν
2494 634 2591 667 Λόγον,
2608 633 2656 659 καὶ¹

1865 684 1913 718 τὴν
1927 683 2100 718 ἀνθρωπείαν
2117 682 2196 717 φύσιν
2213 682 2261 717 τὴν
2275 682 2433 716 ληφθεῖσαν,
2449 681 2499 715 τὴν
2515 679 2655 714 προϋπάρ-

1865 738 1964 765 χουσαν
1976 729 2081 764 μορφὴν
2093 728 2138 754 τοῦ
2154 727 2233 761 Θεοῦ,
2248 729 2294 754 καὶ
2308 729 2336 754 ἐν
2349 727 2387 762 τῷ
2398 726 2470 752 τέλει
2483 725 2537 752 τῶν
2548 726 2655 752 αἰώνων

1866 775 2085 810 προσληφθεῖσαν
2105 774 2152 800 ἀπ’
2175 773 2281 808 ἐκείνης
2305 772 2399 798 δούλου
2429 771 2545 806 μορφήν.
2575 770 2655 796 Διδά-

1867 830 1964 848 σκεται
1978 821 2006 847 δὲ
2023 820 2104 846 πάλιν
2126 818 2311 853 Ἀπολινάριος
2327 818 2375 844 σὺν
2398 817 2495 851 Ἀρείῳ
2511 816 2557 843 καὶ
2574 815 2656 841 Εὐνο-

1867 868 1931 903 μίῳ,
1945 867 1983 899 ὡς
2005 866 2054 901 οὐχ
2068 866 2082 891 ὀ
2106 864 2172 896 Θεὸς
2193 865 2279 898 Λόγος
2298 865 2312 890 ὁ
2334 864 2478 899 ἄτρεπτος,
2500 863 2538 894 εἰς
2555 861 2656 897 σαρκὸς

1865 914 1947 948 φύσιν
1960 912 2077 947 ἐτράπη,
2093 911 2161 938 ἀλλὰ
2175 911 2223 946 τὴν
2238 910 2377 945 ἡμετέραν
2392 908 2534 936 ἀναλαϐὼν
2547 907 2654 939 οὐσίαν,

1866 960 1915 996 τὴν
1929 959 2066 995 ἡμετέραν
2077 958 2323 993 ἐπραγματεύσατο
2335 956 2481 991 σωτηρίαν.
2504 953 2657 987 Ἀπεδείξα-

1868 1015 1917 1041 μεν
1939 1005 1977 1037 δὲ,
2000 1005 2033 1031 δι’
2050 1001 2087 1031 ὧν
2110 1005 2270 1039 εἰρήκαμεν,
2291 1002 2397 1038 μορφὴν
2420 1001 2513 1027 δούλου
2536 1000 2585 1035 τὴν
2607 999 2655 1026 τοῦ

1865 1050 2009 1086 ἀνθρώπου
2024 1048 2298 1085 προσαγορευομένην
2308 1047 2399 1073 οὐσίαν
2410 1055 2416 1061 ⁸
2432 1047 2456 1071 εἰ
2467 1045 2519 1080 γὰρ
2535 1046 2549 1079 ἡ
2565 1044 2656 1079 μορφὴ

1865 1096 1911 1123 τοῦ
1929 1095 2007 1125 Θεοῦ,
2020 1095 2099 1121 οὐσία
2112 1093 2159 1120 τοῦ
2175 1093 2243 1119 Θεοῦ
2256 1101 2262 1107 ·
2275 1092 2438 1127 ἁμόρφωτον
2452 1091 2506 1125 γὰρ
2520 1090 2566 1116 καὶ
2582 1089 2656 1115 ἀνεί-

1865 1143 1924 1169 δεον
1937 1141 1966 1168 τὸ
1979 1141 2065 1167 Θεῖον·
2081 1139 2182 1166 ἁπλοῦν
2200 1139 2228 1165 δὲ
2242 1139 2289 1164 καὶ
2305 1136 2451 1164 ἀσύνθετον
2466 1136 2511 1162 καὶ
2531 1134 2657 1169 ἀσχημά-

1865 1196 1966 1219 τιστον,
1982 1186 2028 1213 καὶ
2041 1187 2058 1222 ἡ
2078 1185 2124 1212 τοῦ
2139 1184 2232 1211 δούλου
2250 1183 2341 1219 μορφὴ
2356 1182 2477 1217 δηλονότι
2501 1182 2580 1207 οὐσία
2596 1180 2657 1206 δού-

1865 1233 1911 1260 λου
1932 1233 2043 1263 είκότως
2060 1232 2092 1258 ἂν
2114 1230 2239 1265 νοηθείη·
2257 1229 2335 1255 οὐσία
2350 1229 2377 1256 δὲ
2392 1227 2496 1260 δούλου,
2517 1227 2657 1253 τουτέστιν

1865 1277 2020 1313 ἀνθρώπου,
2033 1277 2063 1302 ού
2079 1275 2109 1302 τὸ
2123 1274 2284 1309 φαινόμενον
2302 1274 2381 1308 σῶμα
2400 1273 2489 1308 μόνον,
2501 1271 2569 1299 ἀλλά
2581 1273 2655 1298 πᾶσα

1864 1323 1911 1350 τοῦ
1927 1322 2070 1357 ἀνθρώπου
2086 1322 2102 1356 ή
2117 1321 2197 1355 φύσις
2213 1320 2288 1355 παρὰ
2310 1321 2365 1350 τοῖς
2380 1318 2566 1353 σωφρονοῦσιν
2581 1318 2656 1343 νενό-

1867 1378 1971 1405 μισται.
1983 1367 2054 1403 Πρὸς
2066 1367 2095 1393 δὲ
2105 1366 2209 1397 τούτοις
2219 1367 2243 1392 οἱ
2255 1364 2444 1400 πρωτοστάται
2456 1364 2505 1398 τῆς
2517 1363 2656 1396 ἀσεϐείας,

1865 1416 1912 1442 καὶ
1935 1414 2037 1449 πρῶτοι
2064 1412 2113 1448 τὴν
2139 1412 2312 1447 βλασφημίαν
2338 1410 2411 1437 κατὰ
2439 1409 2487 1444 τῆς
2514 1408 2657 1441 εὐσεὸείας

1866 1460 2076 1496 βλαστήσαντες,
2100 1458 2148 1484 καὶ
2170 1456 2342 1491 Χριστιανῶν
2366 1455 2415 1490 μὲν
2437 1455 2523 1489 ὄνομα
2546 1455 2657 1485 ἑαυτοῖς

1865 1506 2014 1536 ἐπιθέντες,
2030 1505 2121 1530 πᾶσαν
2138 1503 2165 1529 δὲ
2180 1503 2229 1538 τὴν
2243 1502 2373 1528 πολύθεον
2387 1500 2440 1528 τῶν
2455 1500 2571 1527 εἰδώλων
2588 1500 2652 1526 πλά-

1865 1559 1914 1586 νην
1929 1549 2201 1584 ὑπερακοντίσαντες,
2216 1547 2359 1581 Μαρκίων,
2382 1547 2465 1581 φημὶ,
2482 1546 2529 1572 καὶ
2548 1546 2655 1579 Μάνης,

1866 1597 1912 1623 καὶ
1927 1596 1950 1622 οἱ
1964 1597 2012 1630 τῆς
2027 1594 2152 1629 λοιμικῆς
2165 1593 2253 1621 αὐτῶν
2268 1592 2402 1628 καθέδρας
2418 1592 2518 1627 μύσται
2540 1592 2586 1618 καὶ
2600 1592 2653 1624 γεί-

1864 1649 1950 1672 τονες,
1974 1640 2110 1666 διἀὐτῶν
2127 1638 2230 1665 τούτων
2243 1638 2298 1664 τῶν
2323 1638 2452 1673 ῥημάτων
2481 1637 2528 1672 τὴν
2552 1636 2657 1662 οἰκείαν

1864 1686 2056 1723 παραπληξίαν
2080 1684 2245 1721 μανθάνουσι
2256 1693 2262 1700 ·
2278 1684 2327 1718 τὴν
2345 1683 2414 1709 κατὰ
2436 1683 2525 1718 σάρκα
2540 1682 2593 1716 γὰρ
2610 1682 2656 1708 τοῦ

1864 1734 1966 1769 Κυρίου
1983 1733 2109 1767 γέννησίν
2123 1740 2152 1757 τε
2179 1731 2226 1757 καὶ
2237 1730 2444 1765 ὲνανορώπησιν
2458 1729 2488 1755 οὐ
2503 1728 2656 1763 δεχόμενοι,

1864 1780 1993 1806 ἀκούουσι
2016 1779 2061 1805 τοῦ
2086 1778 2223 1804 θειοτάτου
2245 1777 2350 1803 Παύλου
2367 1777 2549 1807 διδάσκοντος,
2578 1775 2616 1806 ὡς
2639 1775 2658 1810 ὴ

1863 1826 1910 1852 τοῦ
1925 1824 1992 1851 Θεοῦ
2009 1824 2099 1859 μορφὴ
2114 1823 2192 1849 ἔλαϐε
2209 1822 2257 1856 τὴν
2274 1822 2321 1849 τοῦ
2335 1821 2429 1848 δούλου
2447 1822 2552 1856 μορφήν
2565 1828 2572 1835 ⁸
2589 1821 2606 1855 ἡ
2627 1820 2657 1846 δὲ

1863 1871 1910 1897 τοῦ
1939 1870 2031 1897 δούλου
2057 1869 2147 1904 μορφὴ
2169 1870 2199 1895 οὑ
2213 1868 2348 1903 φαντασία
2360 1877 2402 1899 τις
2425 1865 2474 1902 ἦν,
2497 1866 2557 1893 οὐδὲ
2581 1866 2657 1896 σκιὰ,

1864 1916 1924 1942 οὐδὲ
1948 1915 2039 1950 ἀέριον
2067 1914 2199 1949 ἵνδαλμα,
2227 1914 2280 1940 οὐδ’
2304 1913 2368 1940 ἄλλο
2393 1922 2419 1938 τι
2442 1912 2496 1938 τῶν
2524 1911 2657 1938 τοιούτων

1865 1961 2109 1997 προσαγορεύεται,
2124 1960 2180 1986 ἀλλ’
2198 1960 2214 1994 ἡ
2232 1959 2279 1986 τοῦ
2291 1959 2384 1986 δούλου
2403 1959 2493 1993 φύσις.

1900 2007 1931 2033 Εἰ
1948 2007 1975 2033 δὲ
1990 2006 2023 2033 τὰ
2036 2006 2194 2041 ὲπαγόμενα
2203 2006 2268 2041 ἡμῖν
2278 2005 2481 2041 προϐάλλων-το,
2496 2014 2505 2030 ι
2522 2006 2548 2030 ὲν
2557 2004 2658 2039 ὁμοιώ-

1866 2061 1930 2087 ματι
1947 2051 2091 2087 ἀνθρώπου
2106 2051 2261 2086 γενόμενος,
2277 2050 2324 2076 καὶ
2344 2050 2464 2085 σχήματι
2481 2049 2603 2084 εὑρεθεὶς
2619 2049 2658 2079 ὡς

1865 2099 2018 2134 ἄνθρωπος.
2040 2108 2049 2123 ›
2065 2097 2111 2124 καὶ
2138 2097 2168 2123 τὸ
2196 2098 2225 2123 ὲν
2248 2098 2282 2132 τῇ
2299 2096 2366 2131 πρὸς
2391 2096 2554 2130 Ῥωμαίους,
2585 2105 2594 2120 ι
2628 2096 2659 2121 ἐν

1866 2143 2019 2179 ὁμοιώματι
2045 2143 2144 2178 σαρκὸς
2165 2142 2312 2178 ἁμαρτίας,
2333 2151 2343 2166 ι
2369 2141 2477 2176 πρῶτον
2499 2140 2587 2166 αὐτῶν
2607 2140 2659 2175 τὴν

1866 2190 1958 2216 ἄνοιαν
1974 2189 2154 2223 διελέγξωμεν
2166 2199 2172 2203 ·
2188 2189 2212 2214 ει
2231 2188 2284 2222 γὰρ
2299 2188 2337 2220 τὸ,
2361 2197 2370 2213 ι
2389 2189 2418 2213 ὲν
2438 2187 2591 2222 ὁμοιώματι
2610 2188 2658 2213 ἁν-

1867 2235 1986 2270 Ορώπου,
2000 2235 2046 2261 καὶ
2064 2236 2184 2269 σχήματι
2201 2233 2323 2269 εὑρεθεὶς
2337 2234 2374 2264 ὡς
2391 2233 2544 2268 ἄνθρωπος,
2563 2242 2571 2258 ι
2589 2241 2658 2266 φαν-

1025 2277 1196 2311 phantasiam
1229 2277 1345 2311 aliquam
1380 2277 1525 2303 humanam
1556 2278 1697 2311 denotant,
1740 2279 1811 2305 servi
1830 2286 1850 2313 ι)
1866 2281 1961 2307 τασίαν
1978 2280 2038 2306 τινὰ
2053 2280 2225 2313 ἀνθρωπείαν
2242 2279 2326 2313 δηλοῖ,
2343 2280 2359 2314 ὴ

1313 2285 1345 2303 tm
1380 2277 1525 2303 humanam
1556 2278 1697 2311 denotant,
1740 2279 1811 2305 servi
1830 2286 1850 2313 ι)
1866 2281 1961 2307 τααίαν
1978 2280 2038 2306 τινὰ
2053 2280 2225 2313 ἀνθρωπείαν
2242 2279 2326 2313 δηλοῖ,
2343 2280 2359 2314 ὴ
2377 2279 2404 2305 δὲ
2423 2279 2512 2314 μορφὴ
2531 2278 2577 2304 τοῦ
2596 2278 2658 2304 δού-

1025 2327 1114 2349 autem
1134 2321 1230 2353 I‘orma,
1257 2326 1352 2348 natura
1379 2322 1496 2348 hominis
1523 2326 1583 2348 est:
1601 2322 1812 2349 contradicentia

1026 2368 1115 2402 posuit
1137 2367 1294 2402 Apostolus.
1321 2367 1380 2395 Iam
1411 2369 1433 2394 si
1456 2367 1576 2402 Apostoli
1607 2370 1688 2394 verba
1704 2369 1815 2395 minime

1027 2414 1140 2441 invicem
1149 2414 1350 2446 contradicunt,
1368 2420 1433 2441 sane
1446 2413 1587 2444 discimus,
1602 2413 1673 2439 servi
1688 2413 1813 2447 formam,

1027 2461 1097 2487 servi
1115 2467 1175 2488 esse
1188 2460 1379 2488 substantiam.
1400 2459 1485 2486 Porro
1497 2458 1521 2485 in
1538 2458 1674 2485 hominum
1693 2458 1816 2486 similitu-

1027 2506 1117 2533 dinem
1141 2504 1213 2538 fieri,
1233 2510 1260 2532 et
1287 2504 1381 2531 habitu
1403 2507 1434 2530 ut
1454 2503 1590 2530 hominem
1614 2504 1739 2537 inveniri,
1772 2506 1811 2533 sic

1027 2551 1238 2587 intelligemus;
1265 2557 1363 2584 nempe
1396 2549 1539 2576 Dominum
1571 2554 1691 2577 nostrum
1719 2551 1809 2579 Jesnm

1026 2598 1177 2630 Christum,
1193 2601 1319 2623 naturam
1335 2599 1455 2622 nostram
1471 2595 1624 2628 habentem,
1641 2604 1692 2623 non
1709 2596 1735 2623 in
1747 2605 1813 2624 cun-

1027 2644 1079 2671 ctis
1103 2643 1181 2670 nobis
1198 2642 1281 2669 fuisse
1296 2641 1437 2676 mqualem.
1456 2641 1577 2675 Namque
1598 2646 1623 2669 et
1652 2643 1709 2677 ipse
1734 2649 1814 2670 natus

1026 2695 1067 2717 est
1087 2690 1122 2717 de
1141 2688 1265 2720 muliere,
1293 2688 1340 2715 sed
1369 2688 1420 2715 alia
1448 2695 1480 2715 ac
1505 2695 1553 2716 nos
1570 2690 1673 2716 ratione
1692 2697 1699 2723 ;
1715 2690 1815 2725 quippe

1026 2736 1071 2769 qui
1100 2735 1133 2761 de
1160 2733 1285 2768 virginali
1313 2734 1411 2769 prodiit
1437 2734 1524 2761 vulva.
1550 2734 1583 2762 Et
1598 2735 1679 2763 hotno
1706 2736 1813 2770 quidem

1061 2825 1072 2841 ³
1090 2825 1168 2852 Rom.
1185 2833 1245 2859 vm,
1261 2826 1287 2853 5.

1062 2915 1101 2951 tl)
1121 2915 1248 2950 lntelligit
1264 2914 1374 2952 Paulum
1392 2915 1620 2943 Samosatensem.

1864 2326 1920 2359 λου,
1938 2327 2017 2361 φύσις
2028 2326 2181 2361 ἀνθρώπου·
2194 2325 2303 2352 ἐναντία
2321 2322 2427 2359 τίθησιν
2439 2326 2453 2351 ὁ
2478 2325 2640 2356 Ἀπόστολος
2649 2334 2657 2341 -

1865 2374 1889 2399 εἰ
1913 2373 1941 2399 δὲ
1957 2374 2006 2399 οὐκ
2022 2372 2129 2399 ἐναντία
2145 2372 2191 2398 τοῦ
2216 2372 2378 2398 Ἀποστόλου
2400 2372 2434 2397 τὰ
2454 2372 2575 2406 ῥήματα,
2598 2372 2653 2406 μά-

1865 2420 1956 2454 θωμεν
1970 2419 2007 2451 ὡς
2022 2420 2038 2454 ἡ
2056 2419 2102 2445 τοῦ
2118 2419 2211 2445 δούλου
2229 2419 2330 2454 μορφὴ,
2347 2419 2425 2444 οὐσία
2440 2418 2533 2444 δούλου
2556 2419 2658 2453 τυγχά-

1865 2474 1915 2493 νει.
1932 2465 1969 2490 Τὸ
1984 2465 2012 2491 δὲ
2035 2466 2063 2491 ἐν
2080 2464 2392 2500 ὸμοιώματιὰνθρώπων
2407 2464 2447 2499 (‘2)
2457 2464 2595 2498 γενέσθαι,
2610 2465 2659 2491 καὶ

1867 2510 1986 2546 σχήματι
2011 2510 2156 2545 εὑρεθῆναι
2175 2510 2212 2541 ὼς
2236 2510 2390 2545 ἄνθρωπον,
2408 2509 2494 2541 οὕτως
2511 2510 2658 2545 νοήσομεν,

1864 2556 1904 2582 ὅτι
1931 2555 1945 2581 ὁ
1966 2556 2067 2591 Κύριος
2090 2556 2168 2591 ἡμῶν
2188 2556 2290 2591 Ἰησοῦς
2313 2557 2429 2590 Χριστὸς
2448 2557 2497 2591 τὴν
2517 2557 2658 2592 ἡμετέραν

1864 2601 1939 2636 ἔχων.
1950 2601 2040 2636 φύσιν,
2065 2602 2095 2627 ού
2113 2602 2183 2628 κατὰ
2205 2603 2294 2629 πάντα
2322 2602 2377 2633 ἴσος
2399 2603 2465 2637 ἡμῖν
2491 2603 2654 2636 ἐτύγχανεν·

1863 2646 1995 2680 ἐγεννήθη
2013 2646 2063 2680 μὲν
2079 2646 2132 2681 γὰρ
2146 2647 2178 2673 ἐκ
2193 2647 2321 2681 γυναικὸς
2348 2646 2394 2672 καὶ
2419 2647 2510 2677 αὐτὸς,
2529 2646 2586 2673 ἀλλ’
2606 2647 2657 2682 οὐχ

1863 2690 1964 2725 ὁμοίως
1978 2691 2058 2726 ἡμῖν·
2071 2691 2103 2717 ὲκ
2116 2691 2285 2726 παρθενικῆς
2297 2691 2351 2726 γὰρ
2363 2691 2513 2727 ἐϐλάστησε
2529 2692 2635 2727 μήτρας
2648 2701 2656 2707 ⁸

1865 2736 1912 2762 καὶ
1931 2737 2031 2769 τέλειος
2058 2737 2107 2772 μὲν
2131 2737 2273 2772 ἄνθρωπος
2297 2735 2329 2772 ἦν
2358 2737 2395 2769 ὡς
2422 2738 2519 2772 ἡμεῖς·
2544 2735 2601 2771 εἶχε
2628 2737 2657 2764 δὲ

1900 2916 1938 2951 (2)
1961 2917 1996 2943 ita
2014 2916 2057 2944 hic
2074 2916 2134 2944 cod.
2151 2919 2179 2942 ut
2198 2916 2222 2943 in
2243 2917 2305 2944 edit.
