3406 3321
574 1520 577 1528 ι

574 1591 575 1601 l

658 1706 663 1721 ζ
734 1711 739 1718 ι

672 2170 677 2177 ς

676 2247 677 2254 l

609 2431 614 2438 ι

639 3084 642 3086 .
716 3081 717 3087 ι
729 3075 739 3090 .~'

714 3092 732 3101 »ιι

997 214 1068 244 1685
1493 213 1522 241 S.
1536 211 1673 241 CYRILLI
1688 209 1922 238 ALEXANDRINI
1942 211 2101 239 ARCHIEP.
2552 213 2622 241 “36

999 273 1085 306 tabat,
1105 280 1154 301 ceu
1169 273 1231 309 jure
1249 274 1275 301 id
1291 281 1373 310 agens
1387 280 1438 300 non
1454 273 1647 308 prohibebatur
1658 281 1665 300 :
1676 274 1722 299 sed
1738 272 1781 298 ubi
1800 274 1819 301 Α
1835 273 2013 307 συνεχωρεῖτο
2027 272 2106 299 τοῦτο
2126 274 2212 300 ποιεῖν
2223 282 2230 288 ·
2246 273 2341 310 ἐπειδὴ

1291 281 1373 310 agens
1387 280 1438 300 non
1454 273 1647 308 prohibebatur
1658 281 1665 300 :
1676 274 1722 299 sed
1738 272 1781 298 ubi
1800 274 1819 301 Α
1835 273 2013 307 συνεχωρεῖτο
2027 272 2106 299 τοῦτο
2126 274 2212 300 ποιεῖν
2223 282 2230 288 ·
2246 273 2341 310 ἐπειδὴ
2358 275 2386 302 δὲ
2403 274 2448 302 τὸν
2470 275 2560 302 ἀθῶον
2578 275 2621 301 καί

999 319 1173 346 innocentem
1191 323 1220 346 et
1238 318 1336 345 nullius
1354 318 1438 353 culpa:
1455 325 1542 349 reum,
1560 319 1613 345 imo
1625 318 1744 353 pramtiis
1758 323 1785 344 et

1000 363 1117 390 summis
1142 363 1267 390 laudibus
1293 363 1415 397 dignum,
1444 363 1530 390 eidetn
1556 370 1643 397 preme
1671 363 1783 394 addixit,

1001 408 1157 444 necessario
1176 407 1302 442 posthinc
1328 412 1419 443 utpote
1442 408 1570 443 injustum
1592 408 1712 442 potentia
1736 416 1784 435 sua

1001 451 1141 486 depulsum
1166 452 1227 479 fuit.
1253 452 1341 487 Atque
1370 453 1421 481 hnc
1448 453 1547 480 docens
1570 453 1664 480 beatus
1689 453 1786 480 Paulus

1001 497 1112 525 aiebat:
1129 507 1139 523 ι
1153 498 1231 531 Quod
1257 503 1316 525 erat
1343 498 1510 534 impossibile
1527 499 1590 534 legi,
1614 500 1640 526 in
1664 506 1717 534 quo
1739 507 1786 534 per

1002 551 1110 570 carnem
1126 543 1327 575 inlirmabatur,
1345 546 1416 572 Deus
1432 540 1529 573 Filium
1540 553 1617 572 suum
1635 546 1744 572 mittens
1759 544 1785 571 itt

1003 588 1206 616 similitudinem
1219 590 1431 624 carnispeceati,
1446 595 1471 617 et
1485 597 1534 625 pro
1543 594 1664 625 peccato,
1676 590 1787 617 damna.

1003 634 1042 661 \‘it
1055 634 1080 661 in
1101 642 1186 662 carne
1201 640 1352 669 peeeatmn,
1370 640 1399 662 ut
1411 635 1570 669 justilieatio
1585 636 1650 670 legis
1663 636 1787 671 implere-

1002 685 1047 707 tur
1063 681 1089 707 iu
1100 681 1239 715 nobis,qui
1254 689 1305 708 non
1316 682 1466 709 secundum
1482 689 1590 709 carnem
1604 682 1785 714 ambulamus,

1002 726 1049 753 sed
1065 727 1213 753 secundum
1235 727 1358 761 spiritum
1371 727 1404 753 “.
1421 737 1432 753 ›

1037 771 1116 805 Quod
1134 779 1198 799 vero
1213 772 1259 804 ait,
1279 773 1328 799 hoc
1343 777 1384 799 est
1401 780 1408 799 :
1427 773 1529 806 Scopas
1546 773 1612 807 legis
1627 777 1685 800 erat
1700 774 1785 801 homi-

1003 823 1067 843 num
1088 821 1211 843 natnratn
1232 816 1381 851 justilicare
1395 826 1402 843 :
1417 817 1487 844 haud
1516 822 1603 845 tamen
1622 818 1648 845 id
1670 823 1786 854 poterat,

1003 869 1057 889 non
1074 863 1190 897 propria:
1205 862 1371 890 inﬁrmitatis
1384 871 1476 896 causa,
1490 864 1536 891 sed
1553 869 1664 899 propter
1677 865 1789 892 audien-

1004 908 1070 934 tium
1089 907 1122 934 ad
1138 912 1212 935 recte
1226 909 1358 942 agendum
1374 908 1505 944 ignaviam
1522 918 1529 936 :
1546 917 1661 944 namque
1674 911 1707 937 ad
1727 918 1787 938 car-

1004 952 1047 979 nis
1071 953 1234 988 voluptatem
1250 951 1396 988 proclives,
1419 955 1607 982 mandatorum
1630 955 1695 991 legis
1713 956 1789 983 labo-

1005 1005 1062 1024 rem
1074 997 1255 1033 del‘ugicbant,
1269 1000 1444 1034 corp0risque
1458 1000 1681 1029 delectationibus
1698 1001 1790 1029 adhae-

1003 1042 1109 1071 rebant.
1131 1043 1287 1079 Propterea,
1305 1045 1402 1081 inquit,
1424 1045 1584 1074 universalis
1603 1046 1674 1074 Deus
1693 1047 1790 1074 Filium

1004 1096 1084 1116 suum
1109 1089 1220 1117 mittens
1240 1090 1266 1116 in
1286 1090 1490 1118 similitudinem
1508 1092 1598 1119 carnis
1611 1093 1725 1127 peccati,
1741 1093 1791 1121 hoc

1004 1138 1046 1162 cst
1067 1142 1130 1162 cum
1147 1135 1264 1163 humana
1283 1136 1389 1170 quidem
1415 1141 1523 1170 natura,
1548 1138 1594 1165 sed
1613 1142 1701 1165 tamen
1726 1146 1790 1173 pec-

1005 1184 1068 1208 cato
1088 1180 1187 1214 aliena,
1205 1186 1233 1208 ct
1258 1190 1306 1216 pro
1322 1187 1443 1217 peccato,
1470 1183 1607 1211 damnavit
1627 1184 1653 1211 in
1669 1184 1789 1220 817m.

1005 1233 1090 1253 carne
1109 1233 1261 1261 peccatum,
1281 1227 1412 1261 injustitia
1432 1229 1490 1261 eius
1507 1234 1647 1264 coarguta,
1669 1230 1731 1265 quia
1749 1231 1791 1257 in-

1006 1276 1148 1299 nocentem
1178 1276 1204 1299 et
1234 1277 1344 1306 peccato
1373 1274 1485 1301 liberum
1510 1274 1679 1310 peccantium
1711 1283 1790 1310 poena

1004 1314 1149 1343 affecisset.
1169 1315 1227 1343 Non
1248 1321 1338 1344 autem
1365 1318 1389 1345 id
1405 1319 1469 1353 egit,
1489 1324 1517 1346 ut
1532 1327 1612 1353 quem
1635 1325 1792 1356 susceperat

1006 1360 1142 1388 hominem
1157 1361 1330 1396 justiﬁearet,
1352 1364 1398 1390 sed
1416 1369 1455 1395 ut,
1470 1363 1566 1398 lnqttit,
1579 1364 1644 1398 legis
1655 1365 1791 1400 justillca-

1008 1405 1046 1433 tio
1062 1405 1219 1441 impleretur
1237 1408 1261 1434 in
1281 1408 1368 1440 nobis,
1389 1409 1434 1443 qui
1452 1417 1503 1436 non
1519 1411 1665 1437 secundum
1681 1418 1792 1438 carnem

1007 1451 1189 1484 ambulamus,
1215 1453 1261 1479 sed
1287 1455 1434 1481 secundum
1459 1454 1594 1489 spiritum.
1619 1455 1740 1491 Namque
1759 1458 1792 1483 ad

1007 1496 1163 1524 universam
1197 1498 1336 1525 hominum
1369 1503 1492 1526 naturam
1525 1499 1678 1528 Servatoris
1707 1503 1792 1529 nostri

1008 1542 1169 1571 beneﬁcium
1185 1544 1314 1579 pertingit
1331 1553 1339 1571 :
1356 1550 1386 1571 ut
1406 1545 1486 1573 sicuti
1501 1547 1684 1581 progenitoris
1698 1548 1793 1575 Adami

1009 1587 1190 1617 maledictioni
1208 1591 1478 1624 communicavimus,
1492 1597 1520 1620 et
1534 1593 1624 1620 cuncti
1642 1598 1670 1620 ut
1685 1594 1729 1622 ille
1744 1596 1795 1622 sub

1009 1634 1106 1663 mortis
1118 1634 1179 1670 jura
1203 1635 1381 1668 tleveuimus.
1406 1637 1441 1664 ita
1467 1637 1621 1666 Servaloris
1645 1638 1745 1667 Christi
1769 1645 1796 1668 et

1009 1679 1151 1707 victoriam
1171 1688 1220 1709 ceu
1242 1686 1361 1709 uestram
1384 1682 1526 1716 faciamus,
1541 1688 1567 1711 et
1582 1685 1695 1719 gloriam
1710 1686 1795 1720 parti-

1009 1724 1141 1758 cipemus,
1150 1731 1176 1753 et
1188 1734 1269 1761 regno
1280 1728 1508 1763 congandeamus.
1517 1730 1605 1765 Atque
1613 1730 1707 1758 horum
1717 1731 1796 1760 testis

1009 1773 1054 1797 est
1066 1770 1163 1798 beatus
1178 1771 1275 1800 Paulus
1287 1773 1321 1805 ¹²,
1337 1773 1400 1800 dum
1415 1778 1504 1801 vetera
1520 1775 1599 1802 simul
1615 1781 1642 1802 et
1654 1783 1723 1803 nova
1740 1783 1796 1804 me-

1012 1818 1110 1846 tnorat,
1126 1819 1153 1842 et
1165 1816 1286 1850 priorum
1301 1816 1398 1844 factam
1414 1818 1618 1846 dissolutionem
1636 1828 1683 1855 per
1698 1820 1796 1849 Serva—

1013 1858 1080 1886 toris
1094 1860 1178 1888 nostri
1190 1860 1323 1894 justitiam
1338 1862 1512 1890 demonstrat

1013 1970 1069 1998 XII.
1091 1970 1166 1998 Sicut
1179 1971 1276 1999 Aduuu'
1296 1978 1404 2008 mortem
1418 1974 1645 2008 participavimus,
1664 1977 1702 2003 ita
1717 1977 1795 2004 etiam

1294 2006 1403 2034 Domini
1418 2006 1513 2036 ὐίιαηι.

1051 2072 1062 2090 ο
1078 2062 1147 2090 Nam
1159 2063 1182 2090 si
1196 2070 1287 2095 unus.
1305 2064 1401 2099 inquit,
1420 2065 1496 2100 lapsu
1514 2066 1591 2094 multi
1607 2073 1670 2094 sunt
1686 2069 1795 2102 mortui,

1012 2107 1098 2135 tmtlto
1114 2108 1202 2142 magis
1212 2109 1301 2143 gratia
1315 2109 1373 2142 Dei,
1385 2114 1412 2138 et
1427 2111 1527 2138 donum
1543 2120 1604 2139 eum
1620 2113 1705 2146 gratia
1718 2114 1797 2141 unius

1013 2153 1131 2181 hominis
1147 2152 1212 2181 Jesu
1234 2153 1335 2182 Christi
1359 2155 1385 2182 in
1407 2154 1498 2189 plures
1522 2156 1669 2184 abundavit
1682 2157 1713 2184 “.
1730 2167 1739 2184 ι
1766 2159 1797 2186 Ει

1012 2198 1092 2233 paulo
1112 2204 1194 2234 post:
1213 2208 1223 2224 ο
1239 2199 1333 2234 Itaque
1358 2200 1428 2228 sicut
1451 2208 1499 2235 per
1518 2202 1597 2229 unius
1621 2203 1747 2230 delictum
1770 2205 1796 2230 in

1011 2251 1109 2272 omnes
1122 2245 1245 2272 homines
1259 2245 1463 2278 condemnatio,
1476 2246 1512 2272 ita
1528 2251 1556 2273 et
1571 2255 1617 2282 per
1630 2248 1709 2276 unius
1719 2248 1798 2283 justi-

1804 944 1825 971 Β

1834 317 1980 344 ἀνεύθυνον
1993 318 2040 345 καὶ
2061 318 2200 353 στεφάνων
2216 320 2262 345 καὶ
2278 320 2456 355 ἀναῤῥήσεων
2471 320 2547 353 ἄξιον
2568 322 2622 350 τοῖς

1836 363 1927 395 αὐτοῖς
1945 363 2094 398 ἐπιτιμίοις
2109 364 2270 396 ὑπέϐαλλεν,
2292 365 2448 399 ἀναγκαίως
2475 365 2568 391 λοιπὸν
2587 365 2623 395 ὡς

1836 407 1926 439 ἄδικος
1942 407 1992 442 τῆς
2004 407 2127 444 ἐξουσίας
2143 408 2312 437 ὲκὸάλλεται.
2324 409 2380 436 Καὶ
2395 409 2475 436 τοῦτο
2490 409 2625 436 διδάσκων

1835 453 1849 479 ὁ
1864 453 1997 488 μακάριος
2021 452 2127 485 Παῦλος
2148 453 2254 488 ἔλεγεν·
2276 464 2285 480 ι
2302 454 2339 481 Τὸ
2365 453 2419 489 γὰρ
2432 454 2562 481 ἀδύνατον
2577 453 2624 480 τοῦ

1836 497 1918 532 νόμου
1941 499 1969 524 ὲν
1985 494 2007 531 ᾦ
2027 497 2133 532 ἠσθένει
2148 498 2192 525 διὰ
2208 498 2378 534 τῆς-σαρκὸς
2402 498 2452 533 (Ι),
2467 499 2481 524 ὁ
2497 498 2563 530 Θεὸς
2578 498 2625 525 τδν

1837 542 1934 570 ἑαυτοῦ
1955 544 2018 570 Υἱὺν
2033 544 2161 580 πέμψας,
2186 545 2215 571 ὲν
2230 545 2384 580 ὁμοιώματι
2409 543 2510 579 σαρκὸς
2531 544 2623 579 ἁμαρ-

1837 587 1905 621 τίας,
1919 588 1966 614 καὶ
1982 589 2045 624 περὶ
2056 589 2204 625 ἁμαρτίας,
2223 589 2365 625 κατέκρινε
2380 589 2429 624 τὴν
2443 589 2580 624 ἁμαρτίαν
2595 590 2625 614 ὲν

1836 634 1870 669 τῇ
1889 634 1987 669 σαρκὶ,
2005 634 2049 661 ἵνα
2071 634 2101 662 τὸ
2124 634 2260 670 δικαίωμα
2275 634 2322 661 τοῦ
2343 635 2425 670 νόμον
2442 635 2573 670 πληρωθῇ
2596 635 2626 661 ἐν
2668 664 2671 667 ,

1838 681 1903 715 ἡμῖν
1917 681 1973 711 τοῖς
1993 680 2029 715 μὴ
2046 681 2117 707 κατὰ
2136 681 2225 716 σάρκα
2245 680 2452 716 περιπατοῦσιν,
2470 681 2538 707 ἀλλὰ
2554 680 2627 707 κατὰ

1838 728 1956 762 πνεῦμα.
1977 737 1986 753 ι

1876 774 1909 799 Ὀ
1929 773 1957 799 δὲ
1977 772 2061 817 ὶέγει,
2082 772 2185 799 τοιοῦτό
2208 773 2267 800 ἐστι
2279 781 2286 788 ·
2303 773 2418 804 Σκοπὸς,
2437 772 2530 808 φησὶν,
2544 769 2577 807 ἦν
2586 772 2627 807 τῷ

1838 818 1912 854 νόμῳ
1924 817 2067 844 δικαιῶσαι
2079 818 2128 852 τὴν
2142 818 2221 852 φύσιν
2235 817 2289 844 τῶν
2303 817 2455 853 ἀνθρώπων
2465 826 2472 832 ’
2488 817 2626 849 ἀδυνάτως

1838 864 1866 891 δὲ
1882 862 1937 899 εἶχε
1953 863 2032 890 τοῦτο
2046 864 2142 895 ποιεῖν,
2157 864 2188 890 οὐ
2204 864 2279 898 παρὰ
2293 864 2343 898 τὴν
2356 863 2459 890 οἰκείαν
2472 862 2625 893 ἀσθένειαν,

1840 910 1907 936 ἀλλὰ
1923 909 1966 936 διὰ
1985 910 2034 945 τὴν
2050 909 2105 936 τῶν
2120 910 2272 936 ἀκουόντων
2294 908 2436 945 ῥαστώνην
2446 917 2453 924 ·
2469 907 2629 944 ἐπιρρεπῶς

1841 955 1896 991 γὰρ
1916 955 2022 991 ἔχοντες
2043 955 2106 990 περὶ
2127 954 2176 990 τὴν
2197 955 2247 989 τῆς
2267 954 2369 990 σαρκὸς
2396 953 2503 989 ἡδονὴν,
2528 953 2629 989 ἔφυγον

1844 1001 1893 1036 μὲν
1906 1001 1935 1028 τὺ
1958 1001 2011 1028 τῶν
2026 1000 2150 1036 νομίμων
2163 1000 2301 1031 ἐπίπονον,
2326 1001 2386 1031 ταῖς
2399 999 2427 1026 δὲ
2441 999 2487 1026 τοῦ
2502 998 2629 1033 σώματος

1842 1047 2032 1083 προσεχώρουν
2053 1039 2230 1082 ἡδυπαθείαις
2241 1054 2248 1061 ”
2262 1045 2306 1072 διὰ
2328 1044 2418 1078 τοῦτο,
2436 1044 2527 1080 φησὶν,
2541 1045 2556 1071 ὁ
2576 1044 2630 1071 τῶν

1841 1092 1910 1119 ὅλων
1931 1092 1997 1123 Θεὸς
2016 1091 2061 1118 τὸν
2086 1091 2184 1118 ἑαυτοῦ
2212 1090 2326 1126 πέμψας
2342 1090 2407 1117 Υἰὺν
2427 1090 2455 1116 ὲν
2472 1089 2631 1125 ὁμοιώματι

1842 1136 1943 1171 σαρκὸς
1961 1135 2110 1172 ἁμαρτίας,
2130 1135 2270 1162 τουτέστιν
2285 1134 2444 1170 ἀνθρωπίνῃ
2469 1134 2518 1168 μὲν
2538 1133 2630 1168 φύσει,

1842 1178 1977 1214 ἁμαρτίας
1988 1179 2016 1205 δὲ
2030 1178 2237 1214 ἁπηλλαγμένῃ,
2253 1178 2300 1204 καὶ
2315 1178 2380 1213 περὶ
2399 1177 2548 1212 ἁμαρτίας,
2564 1186 2631 1204 κατ-

1842 1223 1933 1259 έκρινε
1945 1224 1994 1260 τὴν
2008 1223 2143 1259 ἁμαρτίαν
2159 1225 2188 1249 ὲν
2201 1224 2232 1259 τῇ
2249 1223 2341 1258 σαρκὶ,
2354 1223 2465 1258 ἐλέγξας
2480 1223 2565 1258 αὐτῆς
2581 1223 2633 1257 τὴν

1843 1269 1958 1302 ἀδικίαν,
1974 1270 2015 1296 ὅτι
2033 1269 2078 1295 τὸν
2100 1269 2246 1295 ἀνεύθυνον
2263 1269 2311 1295 καὶ
2327 1268 2467 1304 ἁμαρτίας
2489 1268 2632 1303 ἐλεύθερον

1842 1314 1900 1344 τοῖς
1922 1313 1976 1340 τῶν
1997 1313 2167 1349 ἁμαρτωλῶν
2203 1313 2353 1349 ἐπιτιμίοις
2390 1313 2557 1340 ὑπέϐαλλεν
2583 1314 2633 1349 οὐχ

1842 1359 1886 1385 ἵνα
1911 1359 1939 1385 δὲ
1967 1359 2099 1395 δικαιώσῃ
2121 1359 2150 1386 δν
2181 1359 2312 1388 ἀνέλαϐεν
2342 1359 2505 1395 ἄνθρωπον,

1844 1404 2004 1439 πεποίηκεν,
2026 1404 2084 1431 ἀλλ’
2097 1405 2151 1436 ἵνα,
2171 1405 2250 1440 φησὶ.
2272 1405 2302 1431 τὺ
2322 1404 2461 1439 δικαίωμα
2477 1405 2525 1431 τοῦ
2549 1405 2632 1440 νόμου

1844 1450 1974 1486 πληρωθῇ
1990 1451 2018 1477 ἐν
2034 1451 2099 1486 ἡμῖν
2112 1452 2169 1482 τοῖς
2183 1451 2221 1486 μὴ
2233 1450 2305 1477 κατὰ
2318 1451 2407 1485 σάρκα
2423 1451 2632 1487 περιπατοῦσιν,

1844 1495 1911 1522 ἀλλὰ
1929 1495 1998 1522 κατὰ
2018 1496 2136 1531 πνεῦμα,
2157 1497 2219 1524 Ἐπὶ
2235 1496 2290 1532 γὰρ
2314 1497 2405 1523 πᾶσαν
2420 1496 2469 1532 τὴν
2485 1496 2567 1531 φύσιν
2580 1498 2635 1523 τῶν

1844 1540 1995 1576 ἀνθρώπων
2007 1542 2023 1577 ἡ
2036 1541 2082 1568 τοῦ
2094 1542 2220 1578 Σωτῆρος
2231 1542 2310 1578 ἡμῶν
2323 1542 2468 1578 εὐεργεσία
2482 1544 2579 1578 χωρεῖ·
2594 1543 2635 1570 ὅτι

1846 1586 1972 1622 καθάπερ
1988 1586 2027 1622 τῷ
2043 1588 2198 1624 προπάτορι
2215 1588 2319 1624 Ἀδὰμ,
2341 1589 2389 1616 καὶ
2404 1588 2454 1624 τῆς
2469 1589 2541 1624 ἀρᾶς
2560 1589 2636 1616 ἐκοι-

1847 1634 2018 1669 νωνήσαμεν,
2033 1634 2080 1660 καὶ
2093 1634 2245 1670 γεγόναμεν
2261 1635 2381 1666 ἅπαντες
2395 1635 2447 1662 ὑπὸ
2459 1635 2505 1662 τὸν
2522 1635 2636 1662 θάνατον

1848 1679 1941 1715 ὥσπερ
1954 1680 2068 1712 ἐκεῖνος,
2082 1679 2154 1706 οὕτω
2167 1680 2215 1707 τοῦ
2229 1680 2355 1716 Σωτῆρος
2377 1680 2497 1716 Χριστοῦ
2521 1681 2573 1709 καὶ
2586 1681 2637 1717 τὴν

1849 1725 1926 1759 νίκην
1940 1725 2125 1761 οἰκειούμεθα,
2140 1726 2187 1753 καὶ
2201 1727 2250 1762 τῆς
2263 1727 2342 1761 δόξης
2358 1727 2573 1763 συμμεθέεομεν,
2589 1728 2637 1755 καὶ

1849 1769 1900 1805 τῆς
1915 1769 2054 1804 βασιλείας
2067 1770 2333 1805 συναπολαυσόμεθα.
2349 1770 2402 1797 Καὶ
2414 1770 2517 1797 τούτων
2533 1770 2638 1806 μάρτυς

1850 1815 1864 1842 ὁ
1882 1815 2018 1851 μακάριος
2036 1815 2151 1848 Παῦλος,
2171 1816 2224 1842 τῶν
2246 1824 2276 1843 τε
2292 1816 2416 1843 παλαιῶν
2435 1816 2552 1843 καὶτῶν
2569 1816 2639 1842 νέων

1850 1861 2077 1896 ἀναμιμνήσκων,
2087 1861 2134 1887 καὶ
2147 1860 2255 1893 δεικνὺς
2270 1861 2325 1888 τῶν
2341 1862 2483 1898 προτέρων
2498 1862 2575 1889 λύσιν
2591 1871 2639 1897 γε-

1850 1906 2014 1942 γενημένην,
2027 1906 2077 1942 τὴν
2090 1906 2137 1933 τοῦ
2150 1907 2276 1942 Σωτῆρος
2292 1907 2371 1943 ἡμῶν
2384 1908 2567 1944 δικαιοσύνην.

2545 1360 2633 1386 ταῦτα

1851 1972 1901 2000 lB'.
1923 1973 2036 2007 Ὥσπερ
2053 1972 2093 2005 τῷ
2116 1971 2277 2008 τοῦνἋδὰμ
2295 1972 2412 2008 θανάτῳ
2435 1972 2639 2008 ἐκοινωνήσα-

1963 2016 2031 2042 per,
2047 2008 2123 2034 οὕτω
2138 2007 2187 2035 καὶ
2203 2007 2241 2042 τῇ
2256 2007 2310 2034 τοῦ
2326 2008 2436 2042 Κυρίου
2454 2007 2521 2042 ζωῇ.

1889 2072 1898 2088 ι
1910 2062 2004 2098 Εἱγὰρ
2015 2062 2055 2097 τῷ
2065 2062 2112 2090 τοῦ
2129 2062 2199 2093 ἑνὸς.
2214 2062 2292 2098 φησὶ,
2302 2062 2505 2102 παραπτώματι
2513 2063 2538 2090 οἱ
2548 2063 2642 2089 πολλοὶ

1850 2108 1998 2139 ἀπέθανον,
2018 2107 2111 2143 πολλῷ
2131 2107 2232 2143 μᾶλλον
2253 2109 2269 2144 ἡ
2292 2108 2371 2144 χάρις
2388 2109 2435 2135 τοῦ
2452 2108 2532 2142 Θεοῦ,
2553 2109 2600 2135 καὶ
2622 2110 2640 2143 ἡ

1822 2190 1824 2192 _
1850 2155 1939 2190 δωρεὰ
1949 2155 1978 2181 ὲν
1991 2155 2082 2190 χάριτι
2094 2154 2127 2190 τῇ
2139 2153 2185 2181 τοῦ
2197 2153 2253 2185 ἑνὸς
2265 2153 2410 2190 ἀνθρώπου
2425 2153 2512 2190 Ἰησοῦ
2521 2154 2640 2188 Χριστοῦ

1852 2201 1892 2232 εἰς
1898 2200 2011 2231 πολλοὺς
2019 2200 2207 2236 ὲπερίσσευσε.
2216 2209 2224 2225 ι
2235 2200 2290 2226 Καὶ
2298 2199 2368 2235 μετὰ
2379 2199 2493 2235 βραχὲα”
2500 2208 2510 2224 ι
2518 2196 2642 2234 ’Δραοῦν

1851 2246 1889 2277 ὡς
1908 2245 1941 2272 δι’
1954 2245 2013 2277 ἐνὸς
2028 2245 2250 2281 παραπτώματος
2264 2246 2304 2277 εις
2318 2244 2423 2277 πάντας
2437 2244 2597 2280 ἀνθρώπους
2611 2244 2645 2270 τὸ

1014 2290 1079 2317 tiam
1093 2289 1254 2324 iustiﬁcatio
1265 2291 1337 2317 vittc.
1350 2289 1509 2318 Sicuteuim
1523 2298 1571 2326 per
1588 2292 1794 2321 inobedientiam
1812 2299 1835 2327 ι)
1850 2292 2021 2328 κατάκριμα,
2035 2291 2107 2318 οὕτω
2119 2291 2168 2318 καὶ
2184 2292 2217 2318 δι’
2230 2291 2289 2322 ἑνὸς
2303 2291 2359 2318 δικα

1296 2295 1337 2317 ιω.
1350 2289 1428 2318 Sicut
1437 2291 1509 2317 enim
1523 2298 1571 2326 per
1588 2292 1794 2321 iuobedientiam
1812 2299 1835 2327 Ῑ)
1850 2292 2021 2328 κατάκριμα,
2035 2291 2107 2318 οὕτω
2119 2291 2168 2318 καὶ
2184 2292 2217 2318 δι’
2230 2291 2289 2322 ἑνὸς
2303 2290 2488 2326 δικαιώματος
2501 2290 2641 2321 δικαίωσις

1013 2335 1093 2364 unius
1119 2336 1237 2364 hominis
1263 2341 1421 2371 peccatores
1449 2337 1589 2364 constituti
1615 2343 1677 2365 sunt
1704 2340 1798 2371 multi,

1849 2338 1941 2373 ζωῆς·
1958 2337 2054 2373 ὥσπερ
2068 2337 2121 2373 γὰρ
2144 2337 2188 2364 διὰ
2208 2337 2258 2372 τῆς
2281 2337 2428 2373 παρακοῆς
2439 2336 2487 2363 τοῦ
2511 2336 2569 2367 tvo;
2592 2336 2640 2362 ἁν-

1014 2381 1051 2408 ita
1072 2384 1101 2407 et
1126 2387 1175 2416 per
1199 2381 1280 2408 unius
1304 2382 1491 2409 obeditionem
1513 2381 1579 2416 iusti
1602 2384 1814 2421 constituentar_
1848 2383 1959 2420 θρώπου
1981 2382 2140 2418 ἁμαρτωλοὶ
2162 2382 2359 2418 κατεστάθησαν

1304 2382 1491 2409 obeditionetn
1513 2381 1579 2416 justi
1602 2384 1814 2421 constituentur_
1848 2383 1959 2420 θρώπου
1981 2382 2140 2418 ἁμαρτωλοὶ
2162 2382 2370 2418 κατεστάθησαν
2392 2383 2416 2408 ot
2442 2381 2554 2415 πολλοὶ,
2571 2380 2641 2408 οὕτω

1015 2425 1091 2453 multi
1104 2426 1137 2453 “.
1151 2435 1160 2452 ι
1185 2426 1263 2458 Htcc.
1272 2427 1298 2454 in
1324 2426 1443 2461 Epistula
1459 2433 1568 2461 quoque
1585 2429 1621 2455 ad
1645 2428 1801 2458 Corinthios

1015 2471 1136 2506 apertius
1148 2471 1228 2499 docet
1246 2471 1339 2499 dicens
1354 2481 1361 2499 :
1379 2481 1389 2497 ι
1406 2471 1483 2498 Sicut
1495 2472 1566 2499 enim
1583 2473 1609 2500 in
1624 2472 1729 2502 Adamo
1744 2482 1802 2502 om-

1015 2523 1063 2543 nes
1077 2515 1241 2548 moriuntur,
1258 2516 1293 2543 ita
1307 2521 1334 2543 et
1351 2516 1377 2542 in
1392 2515 1501 2543 Christo
1515 2523 1608 2545 omnes
1624 2518 1800 2547 viviﬁcabun-

1015 2560 1103 2588 tur".
1121 2569 1131 2586 ι
1157 2559 1232 2588 Unde
1253 2564 1370 2593 constat,
1394 2560 1535 2588 victoriam
1561 2567 1679 2590 nostram
1705 2572 1798 2593 revera

1014 2613 1076 2634 esse
1088 2606 1242 2633 Servatoris
1256 2605 1341 2633 nostri
1354 2606 1504 2635 victoriam.
1520 2606 1587 2635 Nam
1605 2614 1632 2636 et
1647 2611 1799 2639 communis

1016 2651 1105 2679 clades
1119 2652 1170 2678 fuit
1198 2652 1240 2678 illa
1259 2652 1440 2686 progenitoris
1455 2654 1539 2680 nostri
1552 2655 1641 2682 clades
1658 2665 1664 2683 :
1678 2662 1798 2690 opnrtct-

1015 2704 1069 2732 quc
1090 2698 1161 2726 sicut
1179 2697 1358 2733 progenitoris
1381 2700 1635 2728 contaminationem
1655 2703 1799 2738 participa-

1848 2428 1897 2456 καὶ
1918 2427 1963 2454 διὰ
1986 2428 2036 2463 τῆς
2054 2427 2178 2462 ὑπακοῆς
2193 2427 2240 2454 τοῦ
2260 2427 2318 2459 Eva;
2341 2426 2440 2453 δίκαιοι
2466 2425 2642 2459 κατασταθὴ-

1851 2483 1942 2501 σονται
1952 2475 1979 2500 οἱ
1994 2473 2114 2501 πολλοί.)
2127 2474 2221 2501 Ταῦτα
2237 2474 2285 2501 καὶ
2300 2474 2330 2500 ἐν
2348 2474 2383 2509 τῇ
2399 2473 2466 2509 πρὸς
2483 2471 2643 2507 Κορινθίως

1859 2519 2003 2555 Ἐπιστολῇ
2021 2519 2189 2555 σαφέστερον
2199 2519 2319 2547 διδάσκει
2335 2519 2433 2553 λέγων·
2452 2518 2574 2552 (Ὠσπερ
2588 2518 2644 2551 γὰρ

1852 2568 1881 2592 ἐν
1896 2564 1934 2601 τῷ
1948 2565 2035 2601 Ἀδὰμ
2048 2566 2148 2598 πάντες
2168 2565 2396 2601 ἀποθνήσκουσιν,
2409 2564 2482 2591 οὕτω
2497 2564 2544 2591 καὶ
2562 2564 2591 2589 ὲν
2604 2563 2646 2598 τῷ

1852 2611 1963 2647 Χριστῷ
1988 2612 2088 2642 πάντες
2107 2611 2385 2647 ζωοποιηθήσονται.»
2406 2610 2451 2643 Ἐξ
2466 2606 2504 2637 ὦν
2517 2609 2640 2644 εὔδηλον,

1852 2658 1893 2690 ὡς,
1902 2658 2026 2693 ἡμετέρα
2040 2657 2102 2693 νίκη
2115 2657 2161 2684 τοῦ
2172 2658 2299 2693 Σωτῆρος
2313 2656 2390 2693 ήμῶν
2403 2657 2419 2692 ή
2432 2657 2494 2692 νίκη
2506 2664 2512 2669 ·
2529 2656 2575 2681 καὶ
2589 2655 2645 2691 γὰρ

1852 2702 1921 2739 ἧττα
1936 2703 2012 2738 κοινὴ
2031 2704 2142 2737 γέγονεν
2156 2705 2174 2739 ἡ
2195 2703 2242 2730 τοῦ
2264 2703 2436 2738 προπάτορος
2452 2701 2531 2737 ήμῶν
2554 2698 2644 2736 ἧττα·

1051 2784 1073 2801 "
1094 2784 1172 2812 Rom.
1193 2793 1251 2818 \nt,
1267 2787 1293 2817 5,
1311 2786 1337 2813 4.
1370 2787 1390 2803 ¹¹
1405 2787 1424 2814 ΙΙ
1436 2787 1498 2815 Cor.
1514 2796 1539 2819 v,
1559 2788 1601 2815 Π.
1637 2789 1658 2804 ’³
1675 2788 1750 2815 Rom.
1768 2797 1791 2822 ν,
1807 2790 1849 2818 15.
1889 2791 1912 2806 “
1930 2792 1994 2819 ibid.
2017 2791 2059 2818 18.
2100 2793 2121 2808 ¹¹
2141 2791 2150 2818 1
2166 2791 2229 2818 Cor.
2245 2800 2289 2823 ιν,
2308 2792 2353 2818 ‘22.

1054 2873 1092 2908 (l)
1106 2872 1209 2916 _Coul'cr

1019 2913 1091 2935 τετε.
1105 2913 1132 2935 5.

1228 2882 1287 2910 qua:
1303 2875 1353 2903 hac
1369 2883 1448 2912 Super
1472 2884 1501 2903 re
1519 2876 1582 2904 dicit
1612 2877 1680 2905 idem
1698 2877 1814 2913 Cyrillus
1853 2880 1878 2907 in
1906 2880 2094 2914 explanatione
2121 2880 2247 2915 Epistula:
2274 2880 2305 2907 ad
2328 2880 2473 2912 Romanos,
2495 2887 2554 2913 cap.
2583 2885 2647 2907 vut.
