3406 3326
1032 226 1101 255 H39
1518 227 1547 254 S.
1569 225 1708 253 CYRILLI
1727 223 1960 252 ALEXANDRINI
1980 224 2141 253 ARCHIEP.
2589 224 2660 253 ηιο
2710 227 2713 229 ξ

1031 282 1116 308 voluit
1127 289 1221 308 eorum
1233 281 1280 316 qui
1295 281 1559 317 olimjejunaverant
1571 290 1724 309 mensuram
1736 289 1816 309 exee-
1831 296 1852 322 Α
1867 281 2018 316 ὑπερϐῆναι
2033 281 2088 308 τῶν
2103 281 2186 308 πάλαι
2206 281 2376 316 νενηστευκόπ

1310 281 1559 317 limjcjunaverant
1571 290 1724 309 mensuram
1736 289 1816 309 exce-
1831 296 1852 322 Α
1867 281 2018 316 ὑπερϐῆναι
2033 281 2088 308 τῶν
2103 281 2186 308 πάλαι
2206 281 2422 316 νενηστευκότων
2436 280 2466 307 τδ
2484 281 2594 316 μέτρον,
2611 281 2655 307 ἴνα

1030 328 1106 360 dere,
1129 336 1161 354 ne
1177 328 1308 355 adversus
1326 335 1356 354 se
1372 335 1489 363 pugnam
1518 328 1692 355 adversarius
1706 328 1815 362 defuge-

1031 377 1084 404 ret,
1099 381 1142 404 nc,
1156 373 1276 406 inquam,
1287 380 1321 400 eo
1336 373 1380 408 qui
1398 373 1521 401 occultus
1532 379 1590 401 erat
1602 374 1704 409 agnito,
1719 373 1814 401 luctari

1031 426 1092 445 cum
1117 418 1261 445 manifesto
1288 424 1437 446 recusaret.
1461 419 1547 451 Huius
1571 420 1610 446 rei
1637 427 1730 451 causa,
1756 424 1816 454 post

1032 465 1190 497 praedictum
1207 464 1311 491 dierum
1329 472 1481 498 numerum,
1501 465 1625 492 humana:
1639 470 1741 492 natura-
1756 473 1816 499 pas-

1032 509 1135 536 sionem
1151 509 1290 544 patefecit,
1306 510 1430 545 permisit
1449 510 1511 537 fami
1527 511 1641 543 aditum,
1656 510 1727 538 fame
1743 511 1815 537 vide-

1031 553 1094 581 licet
1111 561 1204 581 ansam
1222 554 1330 582 diabolo
1351 555 1485 589 prtebens.
1508 554 1566 582 Non
1592 556 1664 582 enim
1688 556 1816 582 accedere

1032 600 1160 631 audebat,
1178 601 1240 634 quia
1257 601 1341 628 multa
1358 602 1390 628 ab
1410 607 1443 628 eo
1461 601 1541 636 digna
1564 601 1618 628 Deo
1636 602 1704 628 facta
1719 603 1816 628 obser-

1031 654 1152 676 vaverat.
1172 649 1293 683 Namque
1310 654 1339 676 et
1360 648 1448 683 angeli
1463 655 1496 675 eo
1512 653 1576 674 nato
1592 648 1817 682 tripudiaverant,

1032 700 1060 723 et
1076 700 1200 723 exortum
1213 696 1287 723 sidus
1302 703 1396 729 magos
1410 695 1560 722 deduxerat
1572 695 1605 722 ad
1618 694 1816 726 adoratiouem,

1033 748 1129 775 nempe
1147 741 1268 776 ejusdem
1288 740 1393 768 ordinis
1407 741 1609 775 antesignanos,
1623 744 1650 767 et
1672 740 1760 773 ipsum
1779 739 1817 764 vi-

1031 787 1109 814 derat
1122 786 1178 820 jam
1194 787 1256 814 inde
1272 793 1287 813 a
1304 786 1418 821 pueritia
1440 785 1513 813 omni
1525 785 1640 820 justitiam
1653 785 1785 816 deditum,
1802 792 1816 810 a

1032 832 1154 866 nequitia
1172 832 1375 863 abhorrentem,
1393 831 1503 858 malitia:
1519 838 1645 864 osorem;
1665 834 1746 864 atque
1760 830 1818 857 haec

1032 878 1180 905 secundum
1203 877 1305 905 editum
1341 878 1374 906 de
1399 885 1432 905 eo
1458 885 1472 904 a
1494 878 1625 912 propheta
1648 876 1817 908 vaticinium,

1031 923 1159 957 quoniam
1179 933 1189 948 ι
1204 923 1363 957 Priusquam
1388 928 1534 958 cognoscat
1563 924 1620 957 ipse
1647 923 1746 949 bonum
1774 922 1817 947 vel

1868 326 1905 361 μὴ
1919 326 1991 361 φύγῃ
2008 327 2058 361 τὴν
2074 326 2143 361 πρὸς
2156 326 2237 354 αὐτὸν
2250 328 2264 353 ὁ
2276 326 2542 362 ἁντίπαλοςμάχην,
2559 326 2603 352 ἵνα
2619 327 2659 362 μὴ

1866 372 2000 407 γνωρίσας
2016 373 2061 398 τὸν
2079 372 2278 408 κρυπτόμενον,
2290 372 2364 408 φύγῃ
2375 372 2425 407 τὴν
2438 372 2507 407 πρὸς
2521 371 2552 398 τδ
2567 372 2659 406 φαινό-

1868 426 1946 453 μενον
1968 418 2066 453 πάλην.
2083 417 2185 445 Τούτου
2203 418 2283 453 χάριν
2303 417 2371 453 μετὰ
2386 417 2432 444 τὸν
2453 417 2657 452 προειρημένον

1866 464 1980 499 ἀριθμὸν
2002 464 2057 490 τῶν
2078 463 2201 499 ἡμερῶν,
2221 463 2271 498 τῆς
2294 462 2468 498 ἀνθρωπείας
2492 463 2601 496 φύσεως
2627 462 2658 488 τὸ

1867 510 1952 541 πάθος
1977 510 2133 544 ὑποφαίνει,
2159 510 2206 536 καὶ
2232 510 2368 544 συγχωρεῖ
2396 510 2431 544 τῇ
2454 509 2533 543 πείνῃ
2561 508 2656 544 χώραν

1866 555 1968 587 λαϐεῖν,
1985 555 2069 590 λαϐὴν
2081 555 2176 590 ἐκείνῳ
2188 554 2233 581 διὰ
2248 554 2298 588 τῆς
2318 554 2414 589 πείνης
2431 553 2535 585 διδούς·
2554 554 2585 580 ού
2603 553 2658 589 γὰρ

1867 600 2026 637 προσελθεῖν
2058 601 2181 636 ἐτόλμα,
2208 599 2293 626 πολλὰ
2319 600 2383 636 περὶ
2408 599 2490 626 αὑτὸν
2516 598 2657 634 θεοπρεπῆ

1867 645 1996 679 γινόμενα
2019 643 2147 678 θεωρῶν⁹
2162 644 2208 671 καὶ
2225 643 2279 678 γὰρ
2295 643 2406 677 ἄγγελοι
2427 643 2570 678 τεχθέντος
2595 643 2657 678 ἑχό-

1868 697 1962 723 ρευον,
1993 688 2135 720 ἀνατείλας
2163 689 2251 724 ἀστὴρ
2281 688 2387 723 μάγους
2416 688 2585 723 ὲποδήγησεν
2618 689 2658 720 εἰς

1869 733 2054 770 προσκύνησιν
2072 735 2134 766 τοὺς
2154 734 2203 769 τῆς
2217 734 2302 769 αὐτῆς
2319 734 2461 768 φάλαγγος
2480 734 2657 769 κορυφαίους,

1868 780 1916 805 καὶ
1931 778 2012 806 αὐτὸν
2026 778 2099 815 ἑώρα
2113 780 2203 806 πᾶσαν
2218 779 2250 805 ὲκ
2265 779 2359 810 παιδὸς
2378 779 2505 814 μετιόντα
2523 778 2659 805 δικαιοσύι-

1868 834 1927 859 νην,
1943 824 2151 859 βδελυττόμενον
2165 825 2275 856 κακίαν,
2291 824 2494 860 μυσαττόμενον
2509 823 2656 859 πονηρίαν·

1868 870 1914 897 καὶ
1930 870 2015 897 ταῦτα
2030 869 2102 906 [cod.
2113 870 2228 906 ταύτην]
2242 870 2313 897 κατὰ
2328 870 2377 905 τὴν
2392 870 2432 901 εἰς
2447 869 2529 896 αὐτὸν
2541 877 2658 903 γεγενη-

1871 915 1953 950 μένην
1976 915 2127 951 πρόρρησιν
2152 915 2205 941 ὑπὸ
2228 915 2275 941 τοῦ
2299 915 2449 950 προφήτου,
2467 914 2508 940 ὃτι
2528 923 2537 939 ι
2551 914 2619 949 Πρὶν
2640 913 2658 948 ἢ

1032 967 1144 1001 rnatum,
1160 976 1212 995 non
1229 969 1322 995 credet
1342 968 1461 1000 malitize,
1480 972 1509 995 ut
1529 968 1610 1003 eligat
1622 968 1692 1002 quod
1716 967 1816 994 bonum
1835 969 1856 995 Β
1869 959 1971 994 γνῶναι
1986 960 2066 987 αὑτὸν
2080 960 2181 994 ἀγαθὸν
2197 960 2214 995 ἢ
2232 960 2326 991 κακδνι
2349 960 2377 986 ἀί

1313 973 1322 995 ι
1342 968 1461 1000 manum
1480 972 1509 995 υι
1529 968 1610 1003 eligat
1622 968 1692 1002 quod
1716 967 1816 994 bonum
1835 969 1856 995 υ
1869 959 1971 994 γνῶναι
1986 960 2066 987 αὑτὸν
2080 960 2181 994 ἀγαθον
2197 960 2214 995 ἢ
2232 960 2326 991 κακὸν,
2349 959 2458 986 ἀπειθεῖ
2475 959 2594 994 πονηρία
2610 958 2657 985 τοῦ

1032 1014 1107 1041 est"
1123 1014 1173 1049 (Ι).
1191 1024 1199 1039 ι
1235 1014 1377 1042 Clamabat
1399 1022 1507 1049 quoque
1538 1014 1657 1041 Joannes
1685 1022 1692 1041 :
1717 1023 1726 1039 ι
1751 1014 1818 1040 Ecce

1034 1066 1119 1093 agnus
1142 1059 1200 1092 Dei,
1223 1060 1269 1095 qui
1297 1060 1366 1087 tollit
1390 1065 1529 1095 peccatum
1554 1060 1646 1086 mundi
1659 1061 1692 1086 ".
1707 1069 1716 1085 ι
1737 1059 1819 1086 Pater

1033 1104 1148 1138 desuper
1165 1105 1315 1131 testabatur
1330 1114 1337 1132 :
1357 1115 1366 1131 ι
1383 1104 1432 1132 llic
1446 1110 1487 1132 est
1503 1105 1587 1131 Filius
1599 1112 1674 1131 meus
1689 1104 1818 1136 dilectus,

1033 1150 1061 1176 iu
1080 1158 1133 1184 quo
1151 1150 1216 1186 mihi
1238 1150 1389 1185 cnmplacui
1403 1150 1437 1178 '°.
1454 1160 1463 1176 ι
1483 1150 1574 1178 Gratia
1596 1149 1712 1184 denique
1733 1149 1819 1184 Spiri-

1034 1200 1077 1224 tus
1093 1195 1178 1222 sancti
1194 1196 1361 1230 supervenit.
1376 1195 1439 1223 llaec
1455 1200 1483 1223 et
1501 1195 1634 1230 ejusmodi
1657 1195 1708 1222 alia
1728 1195 1818 1222 diabo-

1033 1240 1088 1267 lum
1111 1240 1322 1274 terrefacientia,
1347 1249 1399 1268 non
1423 1241 1549 1269 sinebant
1571 1241 1701 1269 accedere
1715 1241 1748 1267 ad
1771 1248 1819 1267 uo-

1033 1289 1098 1312 straa
1116 1289 1220 1312 natura:
1243 1286 1382 1313 athletam.
1401 1286 1454 1313 Sed
1475 1290 1616 1320 postquam
1639 1286 1663 1312 is
1680 1285 1759 1312 famis
1773 1292 1818 1311 ac-

1034 1337 1140 1357 cessum
1156 1330 1277 1364 admisit,
1296 1331 1438 1365 ipsumque
1453 1331 1521 1358 vidit
1535 1331 1644 1358 humani
1661 1329 1819 1357 nutrimenti

1035 1375 1167 1409 indigum,
1186 1384 1272 1410 neque
1291 1377 1360 1403 ultra
1375 1377 1549 1411 antiquorum
1565 1377 1704 1403 hominum
1728 1380 1821 1403 termi-

1037 1427 1099 1446 num
1117 1420 1217 1447 durare
1229 1420 1375 1452 valentem,
1393 1426 1456 1448 tunc
1473 1420 1600 1451 accessit,
1616 1428 1709 1448 ansam
1726 1421 1822 1447 existi—

1037 1473 1115 1492 mans
1139 1473 1168 1493 se
1193 1466 1299 1500 cepisse
1324 1466 1489 1498 maximam,
1516 1466 1677 1502 facilemque
1708 1466 1822 1494 credens

1034 1509 1177 1536 victoriam
1199 1510 1361 1537 relaturum.

1068 1565 1187 1601 820m.
1211 1565 1279 1592 XIV.
1301 1565 1438 1598 Quomodo
1467 1567 1602 1593 diabolum
1619 1566 1785 1594 debellaverit

1293 1600 1411 1628 Christus
1432 1600 1568 1629 Dominus.

1868 1005 2027 1038 ἐκλέξασθαι
2042 1006 2073 1032 τὺ
2088 1005 2190 1040 ἀγαθόν
2201 1015 2208 1022 ·
2219 1014 2228 1030 ι
2246 1005 2312 1032 ὲὸόα
2319 1005 2348 1031 δὲ
2363 1005 2409 1031 καὶ
2424 1005 2553 1039 Ἰωάννης
2563 1013 2569 1019 ·
2583 1013 2592 1029 ι
2606 1003 2659 1029 Ἰδε

1868 1052 1882 1078 ὁ
1894 1051 1978 1087 ἀμνὸς
1989 1051 2036 1078 τοῦ
2047 1051 2127 1085 Θεοῦ,
2137 1052 2151 1078 ό
2163 1051 2249 1087 αἴρων
2256 1051 2306 1086 τὴν
2313 1050 2450 1086 ἁμαρτίαν
2463 1050 2508 1076 τοῦ
2521 1049 2634 1084 κόσμου.
2647 1058 2657 1073 ι

1868 1097 1962 1132 Πατὴρ
1990 1097 2092 1124 ἄνωθεν
2113 1096 2304 1132 ἐμαρτύρησεν
2317 1104 2324 1111 ·
2343 1105 2352 1121 ι
2373 1093 2457 1127 Οὗτός
2474 1096 2548 1122 ἐστιν
2566 1096 2581 1121 ὁ
2596 1095 2660 1126 Υἱός

1870 1143 1942 1177 μουὸ
1957 1142 2109 1176 ἀγαπητὸς,
2122 1143 2150 1168 ὲν
2165 1139 2187 1176 ᾧ
2203 1142 2351 1177 ηὑδόκησα.
2365 1150 2374 1167 ι
2390 1140 2444 1167 Τοῦ
2464 1139 2623 1174 Πνεύματος
2642 1140 2659 1173 ἡ

1869 1187 1949 1223 χάρις
1962 1188 2098 1223 ὲφοίτησε.
2113 1187 2205 1214 Ταῦτα
2221 1188 2267 1214 καὶ
2280 1188 2331 1214 ὅσα
2347 1186 2461 1213 τοιαῦτα
2479 1186 2524 1212 τὸν
2536 1186 2660 1213 διάϐολον

1868 1233 2092 1268 καταπλήττοντα
2109 1232 2267 1268 προσελθεῖν
2282 1232 2332 1259 οὐκ
2347 1233 2390 1259 εἴα
2403 1232 2444 1267 τῷ
2458 1233 2507 1267 τῆς
2520 1231 2660 1266 ἡμετέρας

1870 1276 1977 1311 φύσεως
2000 1278 2123 1313 ἀθλητῇ’
2140 1278 2177 1309 ὡς
2196 1277 2224 1303 δὲ
2244 1277 2293 1312 τῆς
2316 1277 2412 1312 πείνης
2434 1277 2484 1312 τὴν
2506 1276 2662 1312 προσϐολὴν

1870 1323 2027 1356 ὑπεδέξατο,
2044 1324 2091 1350 καὶ
2112 1324 2215 1359 τροφῆς
2229 1323 2311 1350 αὑτὸν
2328 1321 2399 1350 εἶδεν
2415 1322 2588 1358 ἀνθρωπίνης
2603 1322 2662 1348 630'-

1873 1377 1962 1404 μενον,
1986 1369 2034 1395 καὶ
2058 1371 2202 1405 καρτερεῖν
2219 1369 2375 1404 περαιτέρω
2395 1369 2449 1395 τῶν
2470 1369 2592 1395 παλαιῶν
2612 1369 2661 1395 ἁν-

1870 1414 1941 1449 δρῶν
1952 1414 1982 1440 οὐ
1997 1414 2154 1449 δυνάμενον,
2172 1414 2364 1449 προσέρχεται,
2379 1413 2464 1449 λαϐὴν
2477 1414 2600 1449 οἰόμενος
2615 1413 2663 1440 εύ-

1873 1460 1986 1495 ρηκὲναι
2002 1460 2145 1495 μεγίστην,
2160 1460 2207 1486 καὶ
2223 1460 2345 1495 νικήσειν
2362 1458 2461 1495 ῥᾳδίως
2475 1460 2624 1486 πιστεύων.

1908 1573 1958 1598 lA'.
1981 1572 2040 1598 Τίνι
2056 1572 2154 1605 τρόπῳ
2170 1572 2394 1605 κατηγωνίσατο
2413 1572 2468 1599 τὸν
2485 1571 2628 1600 διάϐολον

2095 1607 2111 1633 ὀ
2131 1607 2284 1639 Δεσπότης
2303 1608 2439 1641 Χριστός.

1068 1660 1107 1688 Ac
1123 1660 1348 1695 quemadmodum
1368 1661 1393 1687 in
1421 1660 1524 1695 proeliis
1540 1668 1600 1688 eum
1617 1661 1679 1695 quis
1696 1661 1752 1687 vult
1768 1661 1819 1701 ali-
1834 1643 1857 1674 C
1907 1661 1963 1689 Καὶ
1986 1661 2112 1697 καθάπερ
2128 1662 2156 1688 ὲν
2172 1663 2229 1694 τοῖς
2243 1662 2373 1697 πολέμοις
2384 1663 2413 1689 τὸ

1317 1668 1348 1687 xm
1368 1661 1393 1687 in
1421 1660 1524 1695 proeliis
1540 1668 1600 1688 cum
1617 1661 1679 1695 quis
1696 1661 1752 1687 vult
1768 1661 1819 1701 ali-
1834 1643 1857 1674 C
1907 1661 1963 1689 Καὶ
1986 1661 2112 1697 καθάπερ
2128 1662 2156 1688 ἐν
2172 1663 2229 1694 τοῖς
2243 1662 2373 1697 πολέμοις
2384 1663 2431 1689 τὸν
2448 1663 2615 1698 πανταχόθεν
2629 1665 2662 1699 τῇ

1033 1713 1114 1741 quem
1129 1707 1332 1741 cataphractum
1351 1706 1404 1733 telo
1418 1711 1554 1742 appetere,
1567 1711 1652 1734 totum
1665 1707 1752 1734 oculis
1766 1708 1820 1735 cir-

1034 1756 1199 1785 cumtuetur,
1212 1752 1317 1779 eminus
1329 1752 1487 1785 observans,
1503 1753 1600 1779 nudum
1613 1752 1721 1787 aliquod
1737 1760 1820 1780 mem-

1034 1797 1112 1823 brum
1128 1797 1283 1831 explorans,
1299 1802 1328 1823 ut
1341 1797 1403 1823 illuc
1419 1797 1544 1836 sagittam
1563 1797 1681 1829 dirigens
1695 1798 1821 1825 adversa-

1034 1843 1104 1869 rium
1120 1842 1260 1875 vulneret;
1276 1842 1315 1869 sic
1329 1842 1453 1869 diabolus
1468 1843 1541 1869 omni
1564 1842 1668 1876 iustitia
1682 1843 1820 1870 Christum

1034 1888 1129 1915 videns
1154 1893 1306 1920 armatum,
1334 1888 1471 1922 situmque
1489 1888 1615 1915 idoneum
1637 1893 1762 1916 scrutans
1788 1891 1821 1916 ad

1034 1941 1113 1967 quem
1134 1933 1214 1961 telum
1231 1934 1369 1968 dirigeret,
1386 1939 1414 1960 ut
1430 1938 1613 1969 emergentem
1628 1934 1695 1961 vidit
1711 1933 1820 1968 famem,

1034 1979 1162 2006 audacter
1175 1979 1280 2007 accedit
1292 1987 1342 2008 ceu
1360 1987 1389 2007 re
1402 1980 1513 2015 qumsita
1536 1980 1647 2015 politus.
1659 1980 1720 2014 quia
1737 1981 1821 2014 ipsam

1035 2026 1216 2061 progenitoris
1233 2026 1385 2061 passionem
1404 2027 1430 2054 in
1449 2034 1482 2054 eo
1500 2027 1725 2062 deprehenderat.
1742 2027 1822 2055 Nam-

1033 2077 1087 2104 que
1107 2075 1135 2098 et
1152 2070 1225 2097 illum
1251 2079 1313 2098 esca
1328 2071 1417 2099 oblata
1441 2072 1512 2100 felici
1528 2072 1582 2099 vita
1604 2072 1775 2107 spoliaverat,
1796 2077 1823 2100 et

1033 2116 1136 2148 sudori,
1153 2124 1289 2149 a-rumnte,
1306 2124 1337 2144 ac
1354 2118 1432 2145 morti
1446 2118 1627 2153 implicuerat.
1646 2118 1716 2153 Ergo
1731 2119 1767 2145 ita
1782 2119 1821 2146 di-

1034 2169 1099 2189 cens
1113 2162 1235 2190 accedit:
1252 2172 1262 2189 σ
1280 2163 1309 2190 Si
1324 2163 1408 2191 Filius
1430 2164 1475 2191 Dei
1492 2171 1533 2196 es,
1547 2164 1591 2191 dio
1612 2169 1641 2191 ut
1661 2164 1765 2198 lapides
1779 2164 1821 2191 isti

1034 2215 1117 2242 panes
1132 2208 1199 2235 ﬁant
1216 2208 1248 2235 ".
1268 2218 1277 2234 ι
1300 2208 1380 2236 Certe
1401 2209 1427 2236 id
1452 2216 1503 2236 non
1531 2208 1651 2242 fecisset,
1671 2210 1720 2237 nisi
1743 2209 1823 2237 famis

1034 2254 1186 2289 passionem
1209 2254 1337 2282 Servator
1359 2254 1522 2281 admisisset.
1547 2254 1632 2286 Quam
1654 2263 1711 2282 rem
1733 2262 1765 2282 ex
1789 2256 1822 2283 iis

1035 2347 1173 2381 Siquidem
1186 2346 1275 2373 statim
1289 2354 1321 2373 ac
1337 2346 1424 2373 victus
1439 2346 1465 2372 in
1478 2345 1549 2373 lucta
1566 2346 1626 2377 fuit,
1643 2353 1823 2382 expertusque

1033 2392 1127 2419 didicit
1156 2392 1229 2419 hunc
1248 2399 1309 2419 esse
1329 2399 1408 2426 quem
1431 2392 1570 2426 propheta:
1582 2400 1677 2420 omnes
1689 2394 1822 2427 praedixe-

1036 2442 1114 2470 rant,
1140 2445 1174 2466 ne
1203 2443 1341 2472 aspectum
1365 2437 1472 2472 quidem
1490 2437 1550 2472 ejus
1574 2439 1726 2466 accedentis
1753 2439 1824 2467 ferre

1034 2491 1116 2511 ausus
1126 2490 1179 2515 cst,
1191 2485 1236 2511 sed
1257 2484 1331 2511 illico
1342 2483 1456 2517 aufugit,
1479 2491 1549 2511 nunc
1566 2484 1688 2512 clamans
1702 2494 1708 2512 :
1728 2494 1737 2511 ι
1754 2485 1821 2519 Quid

1035 2529 1113 2556 nobis
1124 2533 1151 2556 et
1170 2530 1229 2561 tibi,
1246 2529 1295 2556 Fili
1315 2529 1360 2556 Dei
1372 2529 1383 2555 τ’
1394 2537 1442 2556 cur
1455 2529 1553 2556 venisti
1573 2535 1635 2557 ante
1651 2536 1755 2565 tempus
1769 2536 1823 2558 tor-

1035 2582 1118 2609 quere
1130 2582 1178 2602 nos
1187 2574 1232 2601 "‘1
1251 2584 1260 2601 ι
1274 2582 1351 2613 nunc
1368 2580 1457 2603 autem
1480 2584 1488 2603 :
1506 2576 1586 2603 «Novi
1599 2577 1668 2611 quod
1683 2577 1765 2604 Filius
1778 2577 1822 2604 Dei

1035 2621 1091 2647 sis:
1116 2620 1211 2654 adjuro
1237 2625 1272 2652 te,
1296 2628 1332 2648 nc
1352 2628 1395 2648 me
1417 2625 1544 2656 torqueas
1562 2622 1595 2649 ³³.
1616 2631 1625 2648 ι
1654 2622 1727 2650 Adeo
1751 2623 1823 2649 illum

1037 2666 1157 2697 timebat,
1177 2666 1349 2701 iudicemque
1373 2666 1528 2694 fatebatur!
1546 2667 1622 2695 Tunc
1649 2673 1738 2695 autem
1764 2674 1826 2695 ante

1035 2711 1242 2745 experientiam,
1256 2712 1326 2739 haud
1340 2712 1438 2739 talibus
1451 2712 1540 2740 verbis
1550 2714 1687 2745 utebatur,
1702 2714 1748 2740 sed
1762 2721 1826 2740 cou-

1072 2789 1095 2805 “
1109 2791 1163 2816 lsa.
1175 2797 1223 2822 vtt,
1243 2788 1287 2816 16.
1319 2789 1341 2805 ’³
1360 2788 1437 2817 Joan.
1455 2797 1474 2821 ι,
1491 2790 1534 2817 29.
1553 2790 1574 2805 ³⁰
1591 2789 1685 2816 Matth.
1703 2797 1744 2821 ιιι,
1759 2789 1800 2816 l7.

1074 2859 1112 2893 (Ι)
1133 2857 1213 2893 Ιιιινεο
1225 2858 1306 2887 habet
1319 2860 1429 2887 Grzecus
1442 2864 1533 2887 textus
1548 2864 1602 2886 tum
1618 2860 1644 2886 in
1659 2859 1753 2886 Bibliis
1767 2865 1821 2886 tum

1040 2895 1107 2927 apud
1121 2892 1268 2929 Cyrillum;
1281 2900 1361 2929 atque
1377 2896 1412 2921 ita
1429 2897 1497 2929 apud
1512 2895 1680 2922 Sabaterium
1697 2896 1823 2929 interpre-

1042 2934 1132 2956 tamur
1145 2927 1194 2956 SS.
1208 2927 1364 2958 Ambrosius
1378 2927 1458 2964 atque
1470 2930 1641 2965 Fulgentius;
1655 2937 1740 2964 neque
1752 2927 1824 2957 ablu-

1872 1706 2008 1741 πανοπλίᾳ
2030 1706 2238 1742 κεκαλυμμένον
2263 1707 2460 1740 κατατοξεῦσαί
2485 1717 2529 1739 τις
2550 1707 2663 1738 ἐθέλων,

1871 1753 1931 1779 ὅλον
1947 1754 2003 1784 τοῖς
2018 1752 2167 1788 ὀφθαλμοῖς
2179 1753 2365 1789 περισκοπῶν,
2377 1754 2519 1789 πόρρωθεν
2532 1754 2662 1788 ἐρευνῶν,

1873 1798 1953 1833 μέλος
1966 1798 2177 1834 γεγυμνωμένον
2190 1799 2336 1834 ἐπιζητῶν,
2356 1799 2399 1825 ἴνα
2415 1798 2445 1825 τὸ
2462 1799 2538 1834 βέλος
2551 1800 2609 1825 ἐκεῖ
2622 1800 2665 1834 pi-

1871 1844 1924 1879 ψας
1950 1844 1994 1870 τὸν
2015 1844 2161 1871 ἀντίπαλον
2184 1844 2283 1880 πλήξῃ,
2299 1844 2386 1876 οὕτως
2407 1845 2421 1871 ό
2440 1844 2562 1876 διάϐολος
2588 1844 2664 1879 πάσῃ

1871 1889 2028 1926 δικαιοσύνῃ
2052 1889 2098 1916 τὸν
2120 1889 2237 1924 Χριστὸν
2259 1890 2484 1925 καθωπλισμένον
2503 1890 2592 1924 ὀρῶν,
2617 1891 2666 1916 καὶ

1872 1934 1955 1961 τόπον
1970 1934 2059 1969 ζητῶν
2075 1935 2215 1969 ἁρμόδιον,
2234 1934 2277 1961 ἵνα
2295 1935 2327 1962 τὸ
2344 1935 2422 1970 βέλος
2445 1936 2504 1962 ἐκεῖ
2521 1935 2664 1971 ἀκοντίσῃ,

1873 1979 1910 2011 ὡς
1924 1977 1977 2006 εἶδε
1989 1980 2038 2015 τὴν
2051 1981 2145 2007 πείναν
2161 1981 2353 2014 ἀναφανεῖσαν,
2366 1981 2546 2017 προσέρχεται
2563 1981 2666 2016 θαρσα-

1872 2025 1943 2057 λέως
1964 2026 2002 2057 ὡς
2028 2026 2115 2061 εὑρὼν
2129 2026 2159 2053 τὺ
2175 2026 2352 2062 ζητούμενον,
2370 2028 2408 2059 ὼς
2427 2028 2474 2054 τοῦ
2494 2027 2666 2062 προπάτορος

1873 2072 1902 2098 ἐν
1926 2071 2000 2106 αύτῷ
2025 2071 2167 2107 θεωρήσας
2189 2072 2219 2098 τὸ
2240 2072 2335 2104 πάθος.
2355 2073 2411 2100 Καὶ
2428 2073 2483 2108 γὰρ
2502 2074 2604 2099 ἐκεῖνον
2622 2072 2667 2099 διὰ

1874 2116 2002 2152 βρώσεως
2028 2118 2164 2151 στερήσας
2184 2116 2236 2152 τῆς
2260 2117 2363 2144 ἀλύπου
2386 2117 2475 2153 ζωῆς,
2499 2118 2592 2153 ἱδρῶτι
2619 2120 2666 2144 καὶ

1873 2162 2045 2198 ταλαιπωρίᾳ
2080 2162 2128 2189 καὶ
2152 2162 2262 2198 θανάτῳ
2292 2162 2452 2195 συνέζευξε·
2484 2162 2666 2198 προσέρχεται

1873 2208 1962 2234 τοίνυν
1974 2207 2061 2242 λέγων
2072 2217 2078 2223 ·
2098 2217 2107 2233 ι
2123 2208 2155 2234 Et
2171 2208 2236 2239 Υἱὸς
2252 2205 2278 2234 εἶ
2290 2208 2336 2235 τοῦ
2353 2208 2432 2239 Θεοῦ,
2450 2209 2511 2234 εἰπὲ
2528 2209 2571 2235 ἵνα
2583 2209 2608 2234 οἰ
2625 2209 2665 2235 λί-

1858 2253 1915 2287 ,θοι
1931 2251 2004 2280 οὗτοι
2017 2254 2093 2289 ἄρτοι
2107 2253 2249 2288 γένωνται.
2268 2263 2276 2279 ι
2293 2254 2351 2281 Ούκ
2363 2254 2395 2281 ἂν
2409 2254 2437 2280 δὲ
2451 2254 2531 2281 τοῦτο
2547 2255 2666 2290 πεποίη-

1034 2308 1094 2335 quae
1111 2305 1203 2334 postea
1215 2305 1364 2328 evenerunt
1379 2300 1493 2335 quilibet
1508 2301 1648 2328 manifeste
1664 2307 1819 2336 cognoscet.
1837 2311 1859 2339 ι)

1874 2307 1931 2329 κεν,
1946 2299 1970 2325 εί
1989 2299 2026 2333 μὴ
2039 2299 2069 2325 τὺ
2080 2298 2165 2330 πάθος
2180 2298 2230 2333 τῆς
2244 2298 2340 2334 πείνης
2354 2300 2368 2325 ὁ
2381 2298 2475 2334 Σωτὴρ
2491 2299 2664 2331 κατεδέξατο·

1872 2346 1920 2372 καὶ
1943 2345 2022 2371 τοῦτο
2046 2344 2127 2380 μάθοι
2144 2353 2185 2376 τις
2201 2346 2233 2371 ἐκ
2249 2345 2304 2371 τῶν
2321 2345 2391 2380 μετὰ
2405 2345 2490 2372 ταῦτα
2505 2345 2612 2380 σαφῶς·
2628 2345 2668 2377 ὡς

1872 2391 1927 2426 γὰρ
1950 2390 2053 2426 ἡττήθη
2076 2390 2220 2421 παλαίσας,
2240 2390 2287 2416 καὶ
2310 2390 2353 2416 διὰ
2370 2390 2417 2424 τῆς
2437 2391 2535 2425 πείρας
2553 2390 2665 2425 ἔμαθεν,

1872 2437 1913 2462 ὅτι
1923 2436 2003 2468 αὐτός
2014 2436 2088 2462 ἐστιν
2101 2435 2130 2462 ὃν
2142 2436 2167 2461 οι
2179 2435 2316 2470 προφῆται
2330 2436 2523 2471 προεκήρυξαν
2534 2436 2665 2468 ἅπαντες,

1871 2481 1933 2507 οὐδὲ
1956 2482 2007 2516 τὴν
2024 2480 2089 2508 θέαν
2109 2480 2192 2508 αὐτοῦ
2213 2481 2373 2517 προσιόντος
2390 2481 2487 2517 φέρειν
2502 2481 2665 2516 ἐτόλμησεν,

1874 2527 1930 2554 ἀλλ’
1945 2527 2026 2558 εὐθὺς
2046 2527 2255 2562 ἐδραπέτευσεν,
2273 2526 2320 2553 νῦν
2345 2526 2394 2562 μὲν
2415 2527 2495 2562 βοῶν,
2516 2536 2525 2553 ι
2542 2527 2574 2553 Τί
2598 2527 2667 2562 ἡμῖν

1874 2575 1921 2601 καὶ
1939 2575 1990 2605 σοὶ,
2004 2574 2051 2600 Υἱὲ
2065 2574 2112 2600 τοῦ
2128 2574 2213 2606 Θεοῦ;
2234 2574 2260 2600 τί
2277 2571 2359 2609 ἦλθες
2373 2573 2427 2608 πρὸ
2440 2573 2537 2609 καιροῦ
2552 2573 2666 2608 βασανί-

1876 2628 1921 2646 σαι
1938 2620 2028 2654 ήμᾶςς
2043 2629 2051 2644 ι
2067 2619 2114 2646 νῦν
2127 2619 2167 2651 δὲ,
2186 2617 2267 2646 (Οἶδά
2285 2628 2315 2646 σε
2329 2619 2371 2651 τίς
2387 2616 2422 2649 εἴ,
2433 2619 2447 2645 ὁ
2457 2619 2521 2650 Υίδς
2529 2618 2576 2645 τοῦ
2585 2618 2664 2649 Θεοῦ,

1873 2665 1976 2701 ὁρκίζω
2006 2674 2035 2691 σε
2060 2666 2096 2700 μή
2126 2674 2159 2700 με
2185 2665 2344 2701 βασανίσῃς.
2362 2675 2371 2691 ι
2397 2665 2492 2697 Οὕτως
2524 2664 2665 2696 ἐδεδοίκει,

1876 2713 1923 2738 καὶ
1939 2711 2035 2747 κριτὴν
2049 2711 2182 2746 ὡμολόγει
2195 2719 2200 2726 ·
2215 2711 2276 2737 τότε
2292 2711 2345 2746 πρὸ
2356 2711 2407 2745 τῆς
2421 2711 2519 2746 πείρας
2533 2710 2564 2736 οὐ
2578 2710 2666 2736 τοιού-

1842 2790 1862 2805 ³¹
1880 2789 1973 2816 Matth.
1991 2797 2028 2819 ιν,
2045 2790 2072 2817 5.
2110 2789 2132 2804 ³’
2151 2788 2244 2815 Matth.
2262 2796 2321 2821 vm,
2335 2788 2379 2816 ‘29.
2418 2788 2441 2804 ⁸³
2458 2787 2524 2816 Luc.
2536 2796 2594 2820 vni,
2612 2788 2660 2815 28.

1878 2860 1916 2886 dit
1935 2859 2061 2889 lreuaaus,
2081 2859 2125 2892 qui
2147 2863 2234 2884 tamen
2254 2866 2302 2891 pro
2321 2867 2371 2885 non
2390 2860 2485 2888 credet,
2501 2858 2593 2884 scribit
2613 2865 2667 2883 non

1879 2895 2029 2921 ronscmiel.
2050 2893 2179 2927 Vulgatus
2203 2897 2292 2919 autent
2319 2894 2452 2928 interpres
2477 2892 2579 2924 dill'ert,
2601 2894 2665 2926 quia

1879 2928 2040 2956 llcbraicum
2057 2933 2158 2956 textum
2175 2933 2276 2955 set-tatu
2282 2936 2302 2954 r.

2671 430 2679 460 δ
2699 446 2704 460 ι
