6812 6666
1579 983 1590 1010 ἶ

1451 303 1476 316 ι,

1419 367 1424 371 -

2066 482 2199 542 ΝΠ

3086 476 3145 530 S.
3177 473 3456 530 CYRILLI
3487 469 3955 529 ALEXANDRINI
3994 469 4316 526 ARCIIIEP.

5183 468 5320 525 1448

2065 602 2224 665 male,
2259 609 2315 656 ut
2344 600 2517 665 aiunt,
2548 613 2608 653 se
2629 597 2862 652 habebat
2889 612 2904 648 :
2937 594 3032 648 sed
3056 595 3362 648 universam
3396 582 3642 646 nattiram
3673 602 3716 653 Α
3749 607 3847 642 σαν
3869 589 4405 660 ἐνεοποίησε.Καὶτὸ
4427 588 4524 658 μὲν
4542 589 4755 658 αῦτῆςκ

2632 597 2862 652 habebat
2889 612 2904 648 :
2937 594 3032 648 sed
3056 595 3362 648 universam
3396 582 3642 646 naturam
3673 602 3716 653 Α
3749 607 3847 642 σαν
3869 590 4200 660 ἐνεοποίησε.
4217 590 4324 642 Καὶ
4343 589 4405 640 τὸ
4427 588 4524 658 μὲν
4542 589 4710 658 αὐτῆς
4729 589 4911 642 καινὸν
4927 589 5322 659 ἀπειργάσατο,

2063 695 2399 762 antiquatam
2435 694 2733 746 renovavit.
2775 690 2930 742 Anne
2959 688 3101 742 enim
3145 696 3352 756 partem
3389 685 3506 755 ejus
3547 700 3643 738 no-

2063 802 2184 838 vam
2236 784 2473 848 fecisset,
2525 783 2670 837 illam
2725 796 2873 845 vero,
2921 795 3042 849 quae
3092 783 3390 832 inveterata
3420 786 3538 831 erat
3591 785 3644 829 et

2067 885 2338 944 corrupta,
2371 874 2488 928 sine
2520 872 2762 927 remedio
2795 886 2915 927 esse
2951 868 3214 926 sivisset?
3253 882 3374 922 cum
3414 880 3642 936 praeser-

2070 967 2164 1020 tim
2204 980 2328 1034 pars
2360 965 2475 1018 haec
2508 961 2904 1032 pretiosissima
2946 971 3111 1026 esset,
3141 968 3196 1013 et
3237 955 3645 1011 immortalitate

2068 1058 2293 1126 pollens,
2326 1065 2380 1109 et
2408 1053 2633 1108 rationis
2662 1068 2758 1106 usu
2794 1060 3078 1113 exornata,
3114 1059 3167 1102 et
3199 1049 3265 1102 ad
3308 1045 3643 1100 intellectua-

2071 1149 2197 1202 lium
2259 1145 2504 1201 ordinem
2565 1144 2862 1213 pertinens.
2910 1140 3375 1196 Absurdissitnum
3447 1138 3645 1207 quippe

2070 1241 2280 1303 fuisset,
2309 1253 2508 1306 corpus
2536 1237 2740 1290 luteum
2770 1244 2825 1289 et
2855 1234 3188 1303 pulvereum,
3217 1242 3271 1286 et
3302 1229 3645 1301 passionibus

2070 1330 2388 1401 implicitum
2433 1327 2537 1382 sibi
2592 1340 2870 1382 assumere
2919 1335 3082 1392 atque
3132 1321 3444 1391 adjungere,
3492 1329 3546 1374 et
3591 1319 3643 1373 in

2069 1422 2291 1476 dextera
2319 1418 2619 1490 majestatis
2641 1417 2904 1473 collocare
2942 1433 2956 1469 :
2989 1425 3221 1469 mentem
3252 1412 3644 1468 veroinvisibi-

2071 1511 2195 1575 lem,
2232 1511 2616 1577 immortalem,
2646 1508 2939 1562 animantis
2983 1507 3288 1570 rectricem,
3327 1504 3391 1558 ad
3428 1503 3522 1558 Dei
3564 1501 3645 1556 fa-

2071 1613 2212 1657 ctam
2277 1602 2588 1672 imaginem,
2627 1598 3140 1668 incorruptibilitate
3180 1597 3484 1666 praeditam,
3526 1609 3647 1649 cor-

2070 1694 2220 1762 poris
2246 1693 2409 1747 veluti
2456 1694 2721 1760 aurigam,
2757 1691 3218 1758 gubernatricem,
3251 1698 3305 1743 et
3330 1688 3486 1758 quasi
3518 1702 3646 1741 con-

2073 1765 2240 1839 centu.
2264 1789 2675 1853 temperantem,
2713 1798 2809 1850 per
2841 1798 3002 1852 quam
3035 1783 3268 1836 humana
3310 1788 3503 1834 natura
3537 1795 3644 1834 non

2073 1882 2158 1926 est
2196 1873 2374 1937 bruta,
2411 1873 2502 1925 sed
2536 1871 2825 1940 sapientia,
2879 1872 3085 1925 artibus
3125 1879 3179 1924 et
3223 1869 3411 1938 quavis
3455 1869 3644 1937 peritia

3744 681 3802 734 τὺ
3843 681 3900 733 δὲ
3941 680 4391 749 πεπαλαιωμένον
4438 667 4529 732 ﬁl.
4569 680 4961 751 διεφθαρμένον
4983 680 5201 734 ἀνίατον
5246 680 5326 732 εἴ-

3745 788 3876 838 ασε;
3921 771 4014 824 καὶ
4050 771 4224 824 ταῦτα
4260 770 4589 839 τιμιώτατον
4633 771 5018 841 ὑπάρχον,καὶ
5053 769 5323 839 ἀθανασίᾳ

3744 861 4126 932 τετιμημένον,
4151 860 4246 914 καὶ
4283 860 4427 930 λόγῳ
4469 861 4902 930 κεκοσμημένον,
4943 861 5038 913 καὶ
5076 861 5175 925 τῆς
5216 860 5323 912 τῶν

3744 953 3950 1023 νοητῶν
3976 953 4167 1022 μοίρας
4189 952 4458 1022 τυγχάνον
4477 969 4491 983 ⁶
4515 953 4623 1004 τῶν
4646 952 5006 1005 ἀτοπωτάτων
5021 951 5129 1021 γὰρ
5153 951 5209 1004 τὸ
5231 962 5329 1020 μεν

3746 1044 3905 1115 σῶμα
3941 1046 4001 1097 τὸ
4023 1045 4263 1116 πήλινον.
4290 1046 4384 1100 καὶ
4403 1045 4605 1114 χοῖκὸν,
4628 1046 4722 1097 καὶ
4744 1044 4938 1097 πάθεσι
4962 1043 5299 1112 συνεζευγμέ
5313 1071 5331 1082 ο

3745 1154 3854 1198 νον,
3879 1137 3974 1189 καὶ
4011 1136 4440 1207 προσληφθῆναι,
4469 1139 4565 1189 καὶ
4605 1135 5000 1204 ἀναληφθῆναι,
5028 1136 5119 1187 καὶ
5149 1135 5216 1186 ὲκ
5243 1134 5330 1185 δε-

3744 1226 3874 1292 ξιῶν
3931 1226 4028 1295 τῆς
4081 1225 4470 1296 μεγαλωσύνης
4513 1224 4965 1294 καθιδρυνθῆναι·
5000 1224 5090 1276 τὸν
5119 1224 5175 1276 δὲ
5205 1223 5331 1275 νοῦν

3743 1319 3832 1370 τὸν
3856 1319 4108 1388 ἀόρατον,
4131 1317 4222 1370 τόν
4243 1317 4530 1382 ἀθάνατον,
4553 1317 4644 1370 τὸν
4669 1317 4912 1386 ἡγεμόνα
4937 1315 5029 1368 τοῦ
5053 1315 5214 1379 ζώου,
5237 1313 5330 1367 τὸν

3747 1412 3866 1463 κατ’
3889 1411 4074 1464 εἰκόνα
4134 1410 4288 1462 Θείαν
4317 1409 4700 1478 γεγενημένον,
4730 1408 4819 1460 τὸν
4868 1405 5145 1476 ἀφθαρσίᾳ
5184 1424 5329 1458 τετι-

3749 1500 4010 1570 μημένον,
4047 1502 4137 1554 τὸν
4185 1500 4279 1553 τοῦ
4318 1499 4570 1570 σώματος
4602 1501 4815 1570 ἡνίοχον
4864 1499 4957 1552 καὶ
4987 1498 5332 1569 κυϐερνήτην

3745 1593 3838 1645 καὶ
3873 1593 4149 1662 μουσικὸν,
4181 1593 4248 1645 δι’
4273 1593 4332 1645 ὃν
4373 1594 4472 1645 οὐκ
4504 1592 4696 1659 ἄλογος
4723 1594 4756 1661 ή
4786 1590 5099 1660 ἀνθρωπεία
5143 1591 5331 1658 φύσις,

3745 1682 3880 1735 ἀλλά
3916 1683 4107 1751 σοφίας
4134 1685 4228 1736 καὶ
4249 1683 4442 1753 τέχνης
4463 1683 4558 1736 καὶ
4579 1686 4888 1754 ἐπιστήμης
4919 1681 5203 1744 ἀνάπλεως
5227 1679 5330 1751 (l),

3744 1774 3933 1828 τοῦτον
3969 1767 4308 1844 ἀπερρίφθαὶ
4343 1775 4512 1837 κάτω,
4545 1774 4637 1827 καὶ
4681 1775 4782 1844 τῆς
4828 1774 4921 1827 τοῦ
4970 1773 5220 1845 σώματος
5255 1772 5333 1842 μὴ

3751 1865 4179 1936 μεταλαγχάνειν
4224 1866 4420 1935 τιμῆς·
4472 1865 4538 1918 δι’
4571 1866 4628 1918 ὃν
4677 1866 4740 1918 τὸ
4788 1866 4946 1936 σῶμα
4978 1866 5077 1935 τῆς
5109 1865 5334 1933 λογικῆς

2073 1964 2342 2017 abundat:
2383 1963 2541 2025 hanc,
2564 1963 2808 2030 inquam,
2833 1970 3065 2016 mentem
3101 1960 3166 2014 ad
3191 1961 3503 2015 inferiorem
3530 1974 3652 2028 gra-
3681 1948 3728 2007 Β
3758 1960 3972 2026 ἐγένετο
4000 1959 4258 2021 κτίσεως·
4295 1958 4362 2009 δι’
4393 1957 4451 2009 ὃν
4482 1955 4763 2026 νομοθεσία

2639 1977 2808 2030 luant,
2833 1970 3065 2016 mentem
3101 1960 3166 2014 ad
3191 1961 3503 2015 inferiorem
3530 1974 3652 2028 gra-
3681 1948 3728 2007 Β
3758 1960 3972 2026 ἐγένετο
4000 1959 4227 2021 κτίσεως
4247 1975 4258 1987 ·
4295 1958 4362 2009 δι’
4393 1957 4451 2009 ὃν
4482 1955 4816 2026 νομοθεσίαι,
4854 1957 4948 2008 καὶ
4981 1957 5329 2026 προφητεῖαι·

2073 2055 2196 2107 dum
2233 2052 2484 2121 deprimi,
2519 2066 2616 2106 nec
2640 2067 2824 2119 parem
2855 2053 3047 2106 saltem
3073 2067 3194 2105 cum
3229 2066 3457 2120 corpore
3482 2049 3653 2105 hono-

2074 2157 2185 2195 rem
2219 2142 2578 2210 participare;
2618 2157 2739 2194 cum
2771 2152 2949 2196 tamen
2987 2140 3103 2209 ejus
3139 2155 3302 2194 causa
3338 2155 3534 2208 corpus
3563 2155 3653 2193 ra-

2074 2232 2290 2286 tionalis
2314 2242 2560 2285 creatura
2593 2233 2866 2298 evaserit;
2902 2248 3023 2286 cum
3055 2231 3296 2302 ejusdem
3327 2246 3490 2286 causa
3521 2231 3657 2285 datze

2074 2324 2278 2378 fuerint
2321 2323 2468 2391 leges
2509 2337 2572 2376 ac
2607 2323 2945 2390 prophetim;
2980 2338 3074 2391 per
3109 2339 3272 2391 quant
3308 2324 3442 2375 liunt
3477 2333 3655 2376 certa-

2074 2417 2238 2480 mina,
2292 2414 2470 2481 luctaa,
2527 2415 2793 2478 victoriae,
2845 2413 3202 2481 laudationes,
3253 2429 3501 2478 coromc;
3561 2427 3658 2481 per

2075 2523 2234 2578 quam
2295 2522 2494 2576 corpus
2523 2522 2644 2561 cum
2671 2521 2732 2561 ea
2764 2507 3071 2574 decertans,
3096 2508 3372 2576 praemium
3411 2507 3655 2560 laborum

2074 2601 2423 2668 consequitur
2454 2600 2714 2653 caelorum
2753 2614 3016 2665 regnum;
3067 2600 3134 2653 ob
3177 2613 3335 2666 quam
3375 2599 3488 2668 ipse
3520 2612 3656 2666 quo-

2072 2705 2177 2759 quc
2210 2691 2515 2744 Servatoris
2555 2689 2725 2743 nostri
2779 2690 3042 2744 adventus
3078 2691 3327 2760 contigit,
3378 2701 3432 2744 ct
3479 2691 3658 2743 incar-

2075 2780 2311 2835 nationis
2337 2791 2613 2850 peractum
2642 2781 2954 2852 mysterium
2982 2789 3083 2834 est.
3116 2779 3232 2836 Non
3261 2781 3405 2834 enim
3442 2789 3659 2848 propter

2077 2888 2163 2928 res
2204 2875 2468 2930 inanimes
2517 2885 2570 2929 et
2617 2887 2796 2931 mente
2843 2886 3090 2932 carentes
3135 2878 3427 2931 salutarem
3459 2876 3678 2931 admisit

3752 2051 3816 2102 δι’
3847 2049 3904 2102 ὃν
3942 2049 4174 2116 ἀγῶνες,
4208 2049 4302 2100 καὶ
4331 2048 4520 2112 πάλαι,
4553 2048 4647 2101 καὶ
4671 2047 4837 2109 νίκαι,
4860 2047 4953 2099 καί
4977 2046 5332 2115 ἀναρρήσεις,

3753 2143 3847 2194 καὶ
3875 2141 4160 2209 στέφανοι·
4188 2141 4255 2192 δι’
4279 2139 4337 2191 ὃν
4362 2139 4456 2192 καὶ
4479 2139 4538 2190 τὸ
4563 2139 4721 2208 σῶμα
4747 2139 4808 2190 τὸ
4831 2137 5146 2200 συναθλοῦν,
5172 2133 5336 2188 ἆθλον

3753 2233 3861 2285 τῶν
3912 2233 4086 2285 πόνων
4135 2233 4248 2302 ἔχει
4299 2232 4398 2302 τὴν
4431 2231 4538 2284 τῶν
4568 2229 4811 2302 οὐρανῶν
4840 2229 5113 2300 βασιλείαν
5135 2243 5148 2255 '
5183 2228 5249 2280 δι’
5275 2227 5337 2278 ὂν

3755 2325 3847 2378 καὶ
3878 2326 4015 2395 αὐτῆ
4049 2324 4141 2377 τοῦ
4177 2324 4425 2394 Σωτῆρος
4457 2323 4612 2394 ἡμῶν
4648 2325 4680 2392 ἡ
4713 2321 4992 2394 παρουσία
5020 2320 5337 2388 γεγένηται,

3753 2416 3848 2468 καὶ
3883 2415 3945 2466 τὸ
3978 2415 4074 2485 τῆς
4102 2415 4414 2483 οἰκονομίας
4450 2413 4878 2484 ὲπραγματεύθη
4911 2413 5206 2482 μυστήριον
5231 2427 5243 2440 ·
5273 2410 5338 2461 οὐ

3753 2506 3859 2576 γὰρ
3892 2504 4033 2575 ὑπὲρ
4071 2503 4291 2574 ἀψύχων
4323 2505 4356 2573 ἢ
4382 2505 4626 2574 ἀνοήτων
4655 2505 4723 2558 τά
4749 2505 4992 2574 σωτήρια
5013 2501 5342 2566 κατεδέξατο

3755 2595 3939 2665 πάθη,
3999 2596 4108 2648 οὐδ’
4151 2596 4290 2666 ὑπὲρ
4337 2596 4547 2663 ἀλόγων
4599 2597 4810 2666 κτηνῶν
4861 2595 4894 2665 ἢ
4949 2594 5110 2646 λίθων
5157 2592 5342 2662 ψυχῆς

3755 2686 4157 2757 ἐστερημένων,
4198 2687 4314 2740 ἀλλ’
4350 2687 4490 2758 ὑπὲρ
4526 2687 4827 2759 ἀνθρώπων
4855 2687 5034 2758 ψυχὴν
5072 2687 5343 2740 ἀθάνατον

3756 2777 3962 2831 ἔνοικον
4003 2796 4170 2850 κεκτη
4181 2779 4379 2848 μένων.
4683 2775 4690 2783 ’

3753 2878 4082 2947 passionem,
4134 2892 4308 2946 neque
4353 2877 4595 2948 826m.
4631 2887 4852 2947 propter
4886 2877 5220 2942 irrationalia
5249 2876 5343 2943 ju-

2077 2973 2255 3020 mcnta
2292 2976 2384 3020 aut
2410 2966 2615 3036 lapides
2646 2966 2827 3021 anima
2855 2968 3167 3033 destitutos,
3195 2971 3287 3022 sed
3318 2978 3538 3038 propter
3562 2954 3809 3022 homines
3838 2967 3932 3036 qui
3983 2967 4342 3021 immortalem
4377 2968 4615 3021 animam
4649 2969 4790 3020 nacti
4821 2977 4946 3021 sunt
4980 2968 5231 3021 incolam.

2075 3078 2259 3136 XVIII.
2290 3079 2675 3135 Haereticorum
2708 3084 2978 3136 contraria
3003 3092 3315 3154 argumenta
3349 3085 3644 3140 solvuntur.
3683 3139 3720 3158 η

2129 3195 2232 3250 Sed
2247 3197 2339 3265 qui
2360 3186 2529 3266 nugas
2565 3198 2735 3266 magis
2768 3212 2929 3265 quam
2950 3197 3231 3251 veritatem
3250 3197 3656 3267 aestimatApol-

2076 3288 2286 3350 linaris,
2324 3289 2596 3355 rectisque
2627 3304 2690 3342 ac
2717 3289 2822 3358 piis
2845 3290 3188 3358 dogmatibus
3204 3305 3358 3342 suam
3379 3290 3658 3358 anteponit

2077 3378 2699 3446 garrulitatem,carnem
2725 3378 2941 3446 quidem
2960 3393 2990 3431 a
3007 3379 3116 3432 Deo
3131 3377 3308 3432 Verbo
3322 3389 3655 3446 assumptam

2074 3470 2173 3531 ait,
2209 3476 2370 3534 atque
2402 3467 2501 3520 hac
2524 3481 2624 3520 ceu
2652 3466 2771 3522 velo
2796 3467 3029 3535 quodam
3063 3481 3183 3521 esse
3215 3483 3370 3520 usum
3403 3483 3417 3532 ;
3476 3478 3659 3520 mente

2073 3566 2254 3612 autem
2284 3574 2388 3611 non
2426 3557 2718 3627 indiguisse
2740 3597 2755 3623 ,
2791 3559 2885 3614 sed
2915 3559 3087 3628 ipsum
3123 3559 3242 3612 vice
3287 3560 3486 3612 mentis
3529 3574 3656 3613 cor—

2075 3646 2193 3714 pori
2223 3646 2520 3700 exstitisse.
2554 3646 2682 3711 Sed,
2707 3661 2739 3700 o
2788 3647 2968 3713 sodes,
3001 3647 3146 3700 dicet
3197 3647 3247 3701 ei
3298 3647 3496 3714 aliquis
3520 3687 3536 3714 ,
3590 3663 3658 3700 ne

2075 3750 2303 3804 corpore
2336 3736 2553 3805 quidem
2583 3737 2723 3791 Deus
2761 3737 2996 3791 Verbum
3029 3739 3220 3808 egebat
3247 3755 3262 3803 ;
3317 3738 3453 3792 nihil
3504 3738 3651 3791 enitn

2075 3844 2298 3897 prorsus
2332 3828 2558 3897 requirit
2591 3847 2606 3883 :
2645 3838 2859 3899 poterat
2891 3840 3071 3882 autem
3127 3831 3245 3884 solo
3274 3830 3528 3882 mandato
3561 3846 3658 3883 no-

2076 3925 2244 3971 stram
2276 3917 2492 3988 operari
2517 3917 2767 3973 salutem.
2793 3917 2896 3973 Sed
2923 3929 3102 3974 tamen
3127 3919 3296 3973 voluit
3318 3935 3415 3972 nos
3441 3933 3657 3989 quoque

2075 4009 2510 4063 communionem
2531 4009 2768 4079 aliquam
2789 4020 2936 4065 recte
2966 4009 3234 4064 factorum
3256 4008 3458 4064 haltere
3479 4027 3491 4062 :
3511 4014 3655 4081 quod

2077 4108 2136 4152 ut
2162 4098 2416 4166 ediceret,
2443 4103 2802 4170 peccatricem
2827 4112 3161 4169 assumptam
3186 4109 3432 4154 naturam
3453 4141 3468 4165 ,
3502 4117 3658 4156 eam-

2075 4205 2182 4260 que
2209 4193 2616 4248 suislaboribus
2635 4192 3012 4262 justillcatam,
3045 4192 3258 4247 acerbis
3277 4194 3551 4262 expedivit
3571 4203 3654 4264 ty-

2077 4283 2262 4334 rannis
2284 4292 2504 4349 peccato
2551 4293 2607 4338 et
2647 4285 2863 4340 diabolo
2897 4301 2962 4340 ac
2991 4295 3195 4350 morte,
3233 4294 3287 4340 et
3335 4286 3648 4342 coelestibus

2076 4373 2296 4428 sedibus
2340 4374 2613 4430 donavit:
2653 4386 2708 4430 et
2736 4390 2841 4450 per~
2877 4391 2995 4432 eam
3043 4392 3205 4447 quam
3258 4377 3375 4446 ipse
3424 4381 3656 4450 sumpsit

3889 3084 3997 3138 IH'.
4028 3084 4219 3148 Λύσις
4247 3081 4365 3136 τῶν
4396 3084 4709 3151 αἱρετικῶν
4740 3085 5198 3154 προϐλημάτων.

3843 3194 3981 3247 Ἀλλ’
4015 3197 4042 3247 ό
4073 3194 4164 3247 τὸν
4188 3192 4347 3247 ῦθλον
4380 3197 4726 3266 προτιμήσας
4765 3196 4867 3265 τῆς
4893 3195 5152 3266 ἀληθείας
5181 3197 5348 3249 Ἀπο-

3757 3289 4020 3359 λινάριος,
4069 3287 4165 3340 καὶ
4212 3287 4320 3339 τῶν
4367 3287 4608 3340 εὐσεϐῶν
4664 3287 4950 3358 δογμάτων
4996 3287 5094 3358 τὴν
5135 3288 5348 3341 οἰκείαν

3760 3378 4034 3449 προτάξας
4058 3377 4398 3448 ἀδολεσχίαν,
4429 3377 4527 3448 τὴν
4553 3378 4651 3448 μὲν
4682 3378 4861 3449 σάρκα
4893 3377 4984 3430 τὸν
5012 3378 5145 3432 Θεὸν
5169 3379 5348 3448 Λόγον

3758 3469 4112 3540 ἀνειληφέναι
4144 3470 4299 3539 φησὶ,
4333 3471 4428 3524 καὶ
4463 3469 4639 3542 ταύτῃ
4671 3470 4921 3540 καθάπερ
4957 3471 5064 3523 τινὶ
5087 3488 5347 3542 παραπε-

3757 3558 3996 3628 τάσματι
4028 3558 4336 3628 χρήσασθαι
4363 3575 4378 3590 ο
4407 3559 4501 3612 τοῦ
4548 3559 4604 3612 δὲ
4634 3558 4725 3614 νοῦ
4763 3560 4838 3630 μὴ
4871 3559 5149 3629 δεηθῆναι,
5178 3561 5346 3614 αὐτὸν

3756 3650 3812 3703 δὲ
3841 3650 3962 3703 ἀντὶ
3992 3649 4084 3702 νοῦ
4129 3651 4380 3719 γενέσθαι
4413 3651 4492 3721 τῷ
4522 3651 4755 3721 σώματι.
4798 3652 4958 3717 Ἀλλ’,
4995 3645 5039 3704 ὦ
5071 3651 5342 3720 βέλτιστε,

3757 3743 3905 3796 εἴποι
3933 3762 4019 3806 τις
4053 3745 4120 3796 ἂν
4167 3743 4304 3813 πρὸς
4337 3743 4523 3808 αὑτὸν,
4562 3743 4682 3796 οὐδὲ
4723 3741 4818 3796 τοῦ
4870 3743 5118 3814 σώματος
5149 3747 5177 3797 ό
5208 3745 5346 3808 Θεὸς

3756 3836 3925 3902 Λόγος
3955 3834 4203 3905 ἔχρῃζεν,
4227 3835 4538 3906 ἀπροσδεὴς
4563 3837 4670 3907 γάρ
4694 3851 4706 3864 '
4734 3835 4964 3905 ἠδύνατο
4987 3836 5043 3889 δὲ
5067 3839 5162 3890 καὶ
5195 3838 5347 3908 μόνῳ

3759 3915 4146 3996 προστάγματι
4191 3925 4291 3996 τὴν
4337 3926 4616 3996 ἡμετέραν
4667 3927 5200 3998 πραγματεύσασθαι
5233 3946 5344 3983 σω-

3755 4016 3978 4087 τηρίανο
4015 4016 4129 4070 ἀλλ’
4167 4016 4436 4086 ἠθέλησεν
4479 4015 4623 4085 ἔχειν
4666 4017 4789 4070 τινὰ
4839 4018 4935 4071 καὶ
4975 4020 5123 4088 ἡμᾶς
5164 4021 5244 4082 εἰς
5287 4021 5345 4072 τὸ

3757 4108 4196 4179 κατορθούμενον
4225 4111 4533 4175 κοινωνίαν,
4557 4102 4618 4161 οῦ
4647 4108 4806 4180 χάριν
4836 4108 5016 4163 λαϐὼν
5041 4111 5206 4178 φύσιν
5239 4111 5343 4177 τὴν

3756 4202 4159 4272 ἡμαρτηκυῖαν,
4195 4201 4378 4264 πόνοις
4413 4199 4584 4271 αὐτὴν
4613 4202 4837 4265 οἰκείοις
4876 4203 5198 4268 δικαιώσας,
5228 4203 5343 4255 τῶν

3755 4312 3814 4346 τε
3838 4294 4050 4364 πικρῶν
4073 4293 4354 4366 τυράννων
4372 4292 4684 4365 ἀπήλλαξεν
4701 4296 4997 4366 ἁμαρτίας,
5030 4297 5125 4349 καὶ
5151 4295 5340 4349 διαϐό-

3756 4383 3873 4448 λου,
3891 4384 3984 4436 καὶ
4001 4383 4257 4451 θανάτου,
4280 4384 4376 4437 καὶ
4393 4384 4502 4437 τῶν
4526 4385 4866 4456 ἐπουρανίων
4888 4387 5093 4458 θρόνων
5109 4387 5338 4456 ἠξίωσε,

2079 4464 2490 4532 humanitatem,
2519 4468 2772 4522 universo
2823 4469 3008 4539 generi
3049 4470 3354 4526 libertatem
3393 4485 3640 4526 commu-
3672 4470 3717 4525 Ι)
3746 4476 3840 4528 καὶ
3861 4475 3947 4530 διὰ
3973 4475 4066 4528 τοῦ
4093 4475 4391 4545 ληφθέντος
4427 4479 4590 4530 παντὶ
4611 4476 4689 4547 τῷ
4715 4478 4769 4546 γέ

2650 4484 2772 4522 erso
2823 4469 3008 4539 generi
3049 4470 3354 4526 libertatem
3393 4485 3640 4526 commu-
3672 4470 3717 4525 Ι)
3746 4476 3840 4528 καὶ
3861 4475 3947 4530 διὰ
3973 4475 4066 4528 τοῦ
4093 4475 4391 4545 ληφθέντος
4427 4479 4590 4530 παντὶ
4611 4476 4689 4547 τῷ
4715 4478 4862 4546 γένει
4895 4479 4994 4548 τῆς
5027 4478 5340 4549 ἐλευθερίας

2079 4553 2298 4610 nicavit.
2333 4556 2586 4612 Sedenim
2618 4559 2752 4613 nihil
2798 4559 2994 4614 horum
3027 4568 3286 4627 reputans
3310 4560 3400 4615 hic
3431 4563 3648 4630 sapien.

2079 4645 2320 4700 tissimus
2343 4686 2358 4712 ,
2385 4647 2787 4702 vocalissimum
2827 4647 3114 4716 theologia
3139 4662 3446 4716 praeconem
3476 4651 3649 4706 Joan-

2079 4750 2198 4790 nem
2237 4739 2649 4808 evangelistam,
2683 4740 2933 4792 amentia:
2967 4754 3081 4792 sua:
3109 4749 3303 4793 testem
3351 4741 3556 4798 habere
3591 4759 3650 4800 se

2072 4826 2299 4896 judicat.
2336 4845 2356 4878 ι
2396 4826 2630 4882 Verbum
2667 4829 2835 4893 enim,
2879 4829 3097 4896 inquit,
3148 4844 3278 4883 caro
3316 4829 3514 4885 factum
3545 4842 3647 4899 est,

2077 4929 2130 4973 et
2151 4919 2412 4974 habitavit
2440 4921 2493 4975 in
2519 4921 2680 4976 nobis
2698 4921 2764 4974 ³⁷.
2793 4938 2813 4972 ι
2844 4920 3008 4989 Atqui
3034 4922 3256 4976 omnino
3278 4923 3500 4988 sciebat,
3520 4926 3648 4980 alibi

2079 5025 2291 5082 quoque
2315 5021 2522 5079 partem
2553 5027 2653 5080 pro
2686 5019 2802 5064 toto
2833 5010 3072 5064 divinam
3100 5010 3441 5082 Scripturam
3468 5015 3654 5084 appel-

2079 5101 2188 5154 lare
2217 5100 2390 5179 solere
2423 5117 2435 5149 ε
2471 5118 2591 5171 quae
2647 5099 2809 5154 modo
2857 5100 3079 5170 quidem
3130 5118 3198 5157 ex
3249 5105 3430 5159 anima
3483 5117 3654 5161 totum

2081 5191 2348 5246 hominem
2381 5203 2680 5260 nuncupat,
2717 5194 2880 5246 modo
2911 5204 3094 5249 autem
3151 5209 3220 5248 ex
3265 5212 3429 5251 carne
3485 5207 3655 5253 totum

2075 5280 2272 5336 animal
2304 5282 2562 5338 denotat:
2601 5301 2620 5334 ι
2647 5279 2848 5338 Omnes
2880 5282 3043 5350 enim,
3071 5285 3266 5355 inquit,
3313 5289 3507 5344 animm
3537 5305 3657 5360 qua:

2150 5459 2191 5492 ³⁷
2217 5459 2373 5514 Ioan.
2406 5473 2444 5520 ι,
2470 5460 2557 5514 14.

2148 5664 2222 5732 (ι)
2265 5662 2686 5718 Ριδαξοιετίεςίιηο
2726 5663 2810 5718 his
2849 5663 3040 5718 Cicero
3082 5661 3406 5731 astipulatttr
3442 5662 3492 5715 in
3536 5661 3651 5716 Sci—

2077 5733 2250 5800 pionis
2271 5733 2513 5786 Somnio.
2542 5733 2619 5787 Tu
2656 5750 2774 5788 vero
2803 5735 2878 5788 sic
2909 5736 3115 5795 habeto,
3149 5749 3252 5785 non
3287 5749 3398 5786 esse
3431 5743 3478 5784 te
3509 5749 3646 5784 mor-

2077 5803 2268 5866 talem,
2294 5802 2384 5871 sed
2411 5818 2597 5871 corpus
2628 5803 2723 5858 hoc
2753 5821 2770 5858 :
2803 5819 2892 5858 nec
2921 5806 3057 5857 enim
3089 5815 3141 5855 tu
3175 5819 3260 5865 es,
3291 5818 3438 5871 quem
3471 5801 3642 5870 forma

2077 5874 2176 5926 ista
2208 5870 2472 5939 declarat,
2504 5870 2594 5927 sed
2627 5889 2769 5929 mens
2801 5874 3052 5942 cujusque
3079 5873 3120 5925 is
3152 5882 3227 5926 est
3258 5870 3503 5941 quisque,
3539 5887 3640 5926 non

3756 4567 4077 4637 μετέδωκεν·
4098 4568 4212 4620 ἀλλ’
4231 4569 4380 4622 οὐδὲν
4395 4568 4600 4622 τούτων
4623 4571 4704 4633 εἰς
4720 4571 4842 4623 νοῦν
4854 4569 5034 4623 λαϐὼν
5050 4573 5078 4623 ὁ
5098 4569 5341 4639 σοφώτα·

3749 4674 3840 4720 τος
3855 4657 3945 4709 τὸν
3962 4658 4478 4728 μεγαλοφωνότατον
4499 4660 4715 4728 κήρυκα
4725 4659 4822 4729 ’τῆς
4834 4659 5133 4727 θεολογίας,
5147 4660 5240 4711 τὸν
5254 4659 5344 4711 εὑ-

3750 4749 4080 4821 αγγελιστὴν
4097 4751 4374 4822 Ἰωάννην,
4395 4751 4650 4822 μάρτυρα
4666 4751 4764 4821 τῆς
4776 4751 4980 4814 οἰκείας
4993 4753 5177 4812 ἀνοίας
5191 4750 5282 4821 ἔχε
5290 4767 5341 4802 ιν

3750 4843 3985 4912 ἡγεῖται·
4006 4859 4024 4892 t
4044 4843 4104 4895 '0
4123 4843 4295 4911 Λόγος
4314 4842 4444 4914 γὰρ,
4467 4843 4621 4914 φησὶ,
4644 4841 4780 4912 σὰρξ
4797 4842 5032 4910 ἐγένετο,
5052 4843 5147 4896 καὶ
5169 4843 5340 4900 ἐσκή-

3751 4951 3923 4988 νωσεν
3949 4935 4007 4987 ὲν
4026 4936 4158 5005 ἡμῖν
4178 4951 4190 4964 ·
4221 4956 4238 4987 ι
4256 4937 4543 4990 καὶταῦτα
4564 4936 4750 5005 σαφῶς
4770 4936 4945 5000 εἰδὼς,
4968 4937 5045 5000 ὠς
5068 4936 5343 5006 πολλαχοῦ

3750 5026 3812 5079 τὸ
3840 5028 3947 5079 πᾶν
3974 5027 4084 5079 ἀπὸ
4113 5027 4315 5099 μέρους
4349 5028 4520 5099 ἡθεία
4554 5029 4745 5100 Γραφὴ
4782 5029 5203 5100 προσαγορεύει,
5239 5029 5342 5082 καὶ

3756 5115 3834 5185 πὴ
3857 5115 3956 5185 μὲν
3973 5116 4081 5169 ἀπὸ
4107 5118 4204 5188 τῆς
4222 5117 4402 5187 ψυχῆς
4424 5120 4601 5172 πάντα
4624 5118 4780 5172 καλεῖ
4799 5119 4890 5172 τὸν
4913 5119 5223 5189 ἄνθρωπον,
5256 5119 5337 5188 πὴ

3755 5204 3813 5257 δὲ
3851 5206 3959 5259 ἀπὸ
3994 5206 4095 5276 τῆς
4127 5207 4329 5279 σαρκὸς
4355 5208 4475 5261 ὅλον
4505 5207 4567 5259 τὸ
4595 5208 4733 5272 ζῶον
4757 5208 4941 5279 δηλοῖ·
4969 5229 4987 5261 ι
5008 5209 5188 5261 Πᾶσαι
5222 5206 5339 5277 γάρ

3757 5299 3814 5349 αἰ
3844 5296 4034 5368 ψυχαὶ,
4061 5299 4117 5350 αἱ
4145 5298 4507 5364 εἰσελθοῦσαι,
4532 5301 4719 5370 φησὶν,
4751 5300 4869 5370 ἆμα
4904 5298 5100 5355 Ἰακὼϐ
5133 5299 5215 5362 εἰς
5245 5299 5343 5351 At-

3759 5682 3819 5718 ea
3848 5668 4018 5746 ﬁgura
4039 5687 4156 5740 qum
4187 5672 4348 5741 digito
4375 5676 4731 5746 demonstrari
4753 5686 4945 5744 potest.
4972 5676 5176 5731 Pudeat
5203 5692 5340 5746 ergo

3754 5752 3877 5816 eos,
3903 5741 3993 5808 qni
4029 5752 4200 5816 totum
4242 5745 4512 5800 hominem
4553 5741 4840 5802 materiam
4883 5762 5002 5803 esse
5040 5741 5339 5802 mortaleiu

3754 5805 3937 5862 dicere
3971 5813 4189 5865 audent.
