3406 3297
1032 176 1096 205 HM
1531 170 1561 197 S.
1580 166 1716 196 CYRILLI
1732 162 1969 192 ALEXANDRINI
1992 161 2154 189 ARCHIEP.
2591 154 2662 183 “52

1031 237 1191 265 cxsistcntia
1206 235 1238 263 ad
1258 234 1444 263 exsistendum
1465 235 1597 262 traxerat,
1618 228 1664 263 qui
1682 227 1737 254 vita
1758 229 1818 253 erat
1833 227 1856 255 Α
1870 224 1910 255 είς
1921 223 1951 249 τὸ
1964 220 2034 250 εἶναι
2046 222 2174 257 ποιήσας,
2189 219 2285 256 ἡζωὴ,
2301 218 2330 245 τὸ
2343 217 2376 252 φᾶ

1319 234 1444 261 stendunt
1465 235 1597 262 traxerat,
1618 228 1664 263 qui
1682 227 1737 254 vita
1758 229 1818 253 erat
1833 227 1856 255 Α
1870 224 1910 255 εις
1921 223 1951 249 τὸ
1964 220 2034 250 εἶναι
2046 222 2174 257 ποιήσας,
2189 219 2285 256 ἡζωὴ,
2301 218 2330 245 τὸ
2343 217 2401 252 φῶς
2412 216 2444 244 τδ
2460 215 2598 252 ἀληθινὸν,
2613 214 2662 251 τὴν

1032 292 1058 312 et
1073 284 1119 312 lux
1133 291 1213 314 vera;
1230 282 1285 313 hic,
1304 281 1351 312 ait,
1367 278 1506 306 hominum
1516 283 1579 303 suas
1592 275 1657 302 fecit
1668 272 1819 308 passiones,

1034 331 1096 357 dum
1118 328 1256 356 hominum
1270 326 1385 353 salutem
1401 326 1572 357 operaretur.
1589 319 1712 353 Cumque
1733 317 1821 344 adhuc

1036 376 1122 412 magis
1150 373 1341 402 beneﬁciorum
1371 370 1443 397 illius
1474 366 1690 402 magnitudinem
1708 363 1822 391 demon-

1036 407 1124 449 strare
1135 419 1224 450 vellet,
1239 423 1409 452 nequaquam
1424 414 1457 441 de
1472 410 1620 440 immortali
1632 410 1722 437 anima
1739 407 1821 435 verba

1036 468 1109 500 fecit,
1125 467 1172 494 sed
1192 465 1224 492 de
1235 463 1356 499 passibili
1372 468 1464 492 carne,
1477 458 1583 486 mortali
1598 462 1625 485 et
1640 453 1820 490 corruptibili,

1036 521 1068 540 ex
1084 513 1148 539 limo
1160 510 1253 542 facta;
1278 513 1359 543 atque
1378 514 1393 534 a
1415 509 1492 541 parte
1517 508 1600 531 lotam
1624 505 1748 528 naturam
1773 499 1821 525 de-

1037 557 1147 583 claravit
1159 575 1166 588 ,
1187 560 1217 582 ut
1229 553 1371 588 sequentia
1387 555 1522 578 testantur
1541 557 1547 575 :
1566 557 1576 572 ε
1595 546 1713 574 Verbum
1728 543 1820 576 enim,

1037 602 1144 637 inquit,
1180 608 1246 628 caro
1273 599 1375 626 factum
1405 600 1447 624 est
1465 616 1473 629 ,
1505 599 1532 621 et
1559 592 1692 620 habitavit
1718 591 1743 618 in
1771 597 1821 617 no-

1038 650 1077 675 bis
1091 648 1123 674 ⁸³.
1145 657 1154 673 ν

1071 704 1148 731 Alius
1161 709 1226 729 vero
1242 701 1265 729 is
1279 704 1350 732 erat,
1373 699 1418 733 qui
1440 698 1521 725 ntodo
1550 694 1664 723 naturali
1689 693 1824 721 inhabita-

1038 753 1094 783 bat,
1113 748 1186 776 aliud
1203 754 1266 774 vero
1284 744 1425 779 templum.
1442 743 1532 776 Quare
1547 746 1573 768 et
1589 739 1689 767 Judaeis
1714 739 1823 766 aiebat:

1040 806 1048 822 ι
1069 795 1172 823 Solvite
1197 791 1325 827 templum
1344 790 1404 822 ltoc,
1416 793 1443 815 et
1464 794 1513 822 ego
1535 787 1622 814 tribtts
1637 785 1732 812 diebus
1749 784 1826 811 exci-

1040 842 1102 869 tabo
1115 839 1188 867 illud.
1204 838 1239 865 ⁸⁷.
1260 847 1269 863 ι
1289 835 1393 870 Templi
1413 842 1478 861 vero
1495 832 1594 860 solutio
1610 835 1670 859 erat
1686 831 1785 857 anima:
1809 837 1825 857 a

1040 893 1152 922 corpore
1169 883 1402 912 dissolutio:nam
1416 886 1490 907 mors
1506 883 1549 906 est
1561 877 1659 905 anima:
1679 884 1693 903 a
1709 883 1825 910 corpore

1041 940 1172 961 recessus.
1189 931 1260 964 Ergo
1279 928 1370 963 templi
1395 926 1557 954 solutionem
1580 927 1708 959 operatur
1728 923 1826 949 anima:

1040 989 1052 1005 a
1067 984 1181 1013 corpore
1198 974 1344 1008 separatio.
1367 973 1450 1008 Igitur
1476 971 1497 998 si
1518 969 1603 997 Judrci
1626 967 1754 1003 templum
1774 967 1827 994 sol-

1040 1028 1155 1056 verunt,
1182 1021 1256 1049 cruci
1283 1019 1420 1052 mortique
1448 1017 1587 1044 tradentes
1605 1034 1612 1047 ,
1642 1014 1743 1042 solutio
1762 1020 1827 1040 vero

1041 1068 1131 1103 templi
1156 1066 1361 1100 conjunctorum
1383 1061 1520 1098 separatio
1540 1060 1614 1092 fuit,
1647 1059 1719 1086 Deus
1736 1061 1826 1085 autem

1042 1115 1158 1143 Verbum
1174 1114 1225 1141 hoc
1240 1111 1400 1139 dissolutum
1433 1107 1610 1136 resuscitavit
1623 1126 1630 1138 ,
1654 1105 1827 1140 exploratum

1041 1160 1159 1188 arbitror
1177 1166 1239 1186 esse
1265 1156 1455 1192 prudentibus,
1483 1162 1535 1181 nott
1567 1153 1714 1180 iuauimcm
1740 1157 1829 1184 neque

1041 1211 1132 1235 mente
1153 1208 1302 1235 carentem,
1316 1202 1363 1230 sed
1388 1201 1539 1236 perfectum
1569 1199 1707 1226 hominem
1736 1205 1750 1224 a
1773 1197 1829 1224 Deo

1044 1253 1130 1280 Verbo
1148 1254 1315 1284 assumptum
1347 1246 1440 1273 fuisse.
1471 1244 1536 1272 Nam
1559 1243 1582 1271 si
1608 1251 1656 1278 pro
1681 1241 1829 1269 immortali

1041 1298 1143 1329 anima,
1162 1296 1188 1322 in
1210 1296 1352 1326 assumpto
1376 1297 1490 1325 corpore
1508 1289 1579 1316 Deus
1602 1287 1719 1314 Verbum
1745 1285 1829 1313 exsti-

1042 1344 1137 1375 tisset,
1153 1340 1246 1374 utique
1264 1337 1365 1365 Judaeis
1390 1336 1505 1363 dixisset
1529 1343 1536 1362 :
1555 1332 1700 1360 Dissolvite
1719 1339 1773 1365 me,
1803 1335 1830 1358 et

1043 1388 1132 1415 triduo
1148 1392 1299 1419 resurgam.
1316 1382 1393 1409 Nunc
1406 1389 1471 1408 vero
1487 1388 1547 1407 cum
1562 1379 1670 1410 doceat,
1686 1382 1713 1405 et
1738 1376 1829 1411 templi

1042 1433 1114 1461 illius
1122 1431 1358 1460 mortalitatem,ct
1365 1426 1541 1454 inltabitantis
1548 1425 1660 1452 Deitatis
1669 1423 1829 1459 potentiam,

1044 1489 1054 1506 ι
1076 1478 1189 1510 Solvite,
1206 1473 1448 1509 iuquit,templutn
1467 1473 1529 1504 ltoc,
1543 1475 1569 1498 et
1586 1478 1635 1505 ego
1654 1470 1743 1497 triduo
1756 1467 1831 1496 exci-

1043 1526 1105 1553 tabo
1119 1524 1193 1551 illud.
1214 1532 1223 1548 ι
1246 1521 1304 1548 Non
1317 1520 1390 1548 enim
1407 1526 1469 1553 ego,
1484 1518 1540 1550 ait,
1558 1525 1574 1544 ει
1589 1516 1666 1544 vobis
1682 1515 1827 1548 dissolvar,

1043 1572 1089 1599 sed
1105 1573 1271 1602 assumptum
1289 1575 1304 1594 a
1319 1574 1362 1594 me
1379 1565 1528 1600 templum;
1555 1564 1648 1591 ethoc
1664 1563 1771 1597 quidem
1789 1562 1830 1597 ip-

1842 914 1862 942 Β

1873 269 1998 304 φθαρτὴν
2011 268 2127 294 ἀνέλαϐε
2138 266 2230 301 φύσιν,
2238 266 2285 292 καὶ
2295 265 2330 291 τὰ
2336 264 2389 291 τῶν
2400 262 2553 300 ἀνθρώπων
2563 260 2665 298 ᾠκειώ-

1873 324 1939 343 σατο
1962 314 2047 349 πάθη,
2065 314 2113 349 τὴν
2137 313 2191 339 τῶν
2222 311 2374 347 ἀνθρώπων
2400 308 2664 346 πραγματευόμενος

1873 360 2021 396 σωτηρίαν.
2036 360 2091 386 Καὶ
2104 358 2236 394 μειζόνως
2248 356 2330 384 αὑτοῦ
2342 356 2427 388 δεῖξαι
2436 355 2488 390 τῆς
2501 352 2665 389 εὐεργεσίας

1871 406 1902 432 τὺ
1918 405 2034 441 μέγεθος
2048 404 2192 440 ἐθελήσας,
2203 403 2234 429 οὐ
2249 402 2300 437 τῆς
2311 400 2403 436 ψυχῆς
2417 399 2604 435 ἐμνημόνευσε
2614 397 2665 432 τῆς

1872 452 2020 484 ἀθανάτου,
2039 450 2107 478 ἀλλὰ
2123 451 2172 485 τῆς
2191 449 2294 485 σαρκὴς
2306 448 2355 483 τῆς
2373 446 2509 482 παθητῆς,
2524 445 2575 480 τῆς
2599 444 2665 480 θνη-

1872 498 1931 533 τῆς,
1948 497 1999 531 τῆς
2016 496 2212 531 φθειρομένης,
2236 494 2287 528 τῆς
2308 493 2341 520 ἐκ
2363 490 2450 526 πηλοῦ
2465 488 2665 525 γεγενημένης·

1873 543 1919 570 καὶ
1930 542 1985 570 ἀπό
2005 542 2053 569 τοῦ
2071 541 2171 578 μέρους
2187 540 2236 576 τὴν
2250 540 2342 566 πᾶσαν
2357 538 2440 572 φύσιν
2463 535 2611 571 ἐδήλωσεν,
2628 534 2667 565 ὡς

1876 589 2011 624 μαρτυρεῖ
2031 587 2066 614 τὰ
2090 586 2269 621 ἐπαγόμενα·
2290 594 2300 610 ‹
2319 584 2349 610 '0
2373 583 2459 617 Λόγος
2480 581 2547 617 γὰρ,
2571 580 2665 615 φησιν,

1878 634 1945 670 σὰρξ
1958 633 2078 668 ἐγένετο,
2095 633 2142 659 καὶ
2153 632 2309 666 ἐσκήνωσεν
2321 631 2349 657 ἐν
2364 631 2440 665 ἡμῖν.
2456 638 2465 654 ι

1910 690 2025 724 Ἕτερος
2044 688 2072 716 δὲ
2088 689 2102 715 6
2114 687 2281 722 κατοικήσας
2300 684 2371 712 κατὰ
2382 684 2428 711 τὸν
2449 683 2528 717 λόγον
2546 682 2595 717 τῆς
2614 682 2668 716 φύ-

1876 744 1954 767 σεως,
1967 735 2015 762 καὶ
2027 735 2121 770 ἕτερος
2131 735 2145 760 6
2158 732 2284 763 ναός.Διδ
2294 731 2342 758 καὶ
2356 731 2412 761 τοῖς
2427 728 2566 760 Ἰουδαίοις
2577 728 2666 761 ἐλεγε-

1878 791 1887 807 ι
1901 780 2008 808 Λύσατε
2023 780 2068 806 τδν
2091 779 2156 806 ναὸν
2180 778 2285 810 τοῦτον,
2310 777 2359 803 καὶ
2385 776 2414 804 ἐν
2437 776 2527 811 τρισὶν
2549 775 2670 810 ἡμέραις

1875 826 1964 862 ἐγερῶ
1981 826 2071 853 αὐτόν.
2087 834 2096 850 ›
2107 824 2192 856 Λύσις
2206 824 2234 850 δέ
2250 823 2296 850 τοῦ
2310 822 2387 854 ναοῦ,
2402 821 2492 856 ψυχῆς
2505 821 2553 847 καὶ
2573 820 2669 855 σώμα-

1875 881 1921 904 τος
1938 872 1955 907 ἡ
1974 870 2126 903 διάζευξις·
2148 870 2264 900 θάνατος
2283 869 2337 905 γάρ
2351 869 2409 894 ἐστι
2438 867 2527 902 ψυχῆς
2542 866 2597 893 ἀπὺ
2614 865 2669 892 σώ-

1879 926 1962 954 ματος
1974 917 2165 953 ἀναχώρησις
2178 915 2276 942 οὐκοῦν
2288 915 2338 950 τὴν
2358 914 2435 940 λύσιν
2449 913 2496 940 τοῦ
2511 912 2575 940 ναοῦ
2591 913 2605 939 6
2617 911 2670 946 τῆς

1878 964 1968 999 ψυχῆς
1986 963 2133 999 ἐργάζεται
2149 961 2305 997 χωρισμός·
2331 962 2355 987 εἰ
2370 960 2459 987 τοίνυν
2481 959 2601 986 Ἰουδαῖοι
2622 957 2670 984 τὸν

1878 1010 1942 1036 ναὸν
1967 1009 2066 1035 ἔλυσαν
2086 1007 2197 1043 σταυρῷ
2221 1007 2269 1034 καὶ¹
2293 1005 2401 1041 θανάτῳ
2429 1004 2670 1040 παραδεδωκότες,

1878 1056 1956 1088 λύσις
1967 1055 1996 1081 δὲ
2011 1054 2077 1082 ναοῦ
2088 1054 2142 1080 τῶν
2153 1052 2336 1088 συνημμένων
2352 1052 2366 1078 ὁ
2380 1050 2530 1086 χωρισμὸς,
2541 1050 2555 1076 ὁ
2565 1049 2593 1075 δὲ
2603 1048 2672 1079 Θεὸς

1879 1101 1966 1135 Λόγος
1982 1099 2077 1126 τοῦτον
2100 1098 2217 1125 λυθέντα
2244 1098 2390 1132 ἀνέστησε,
2413 1096 2498 1131 σαφὲς
2512 1093 2590 1131 οῐμαι
2613 1095 2671 1126 τοῖς

1879 1147 2024 1182 ἔμφροσιν,
2043 1145 2080 1177 ὡς
2097 1145 2148 1171 οὐκ
2171 1144 2274 1179 ἄψυχον
2290 1143 2352 1169 οὐδὲ
2364 1143 2460 1175 ἄνουν,
2484 1141 2551 1168 ἀλλὰ
2568 1141 2672 1167 τέλειον

1879 1190 2025 1227 ἄνθρωπον
2042 1191 2055 1216 ό
2070 1189 2136 1221 Θεὸς
2157 1188 2304 1216 ἁνελάὸετο
2316 1189 2402 1223 Λόγος
2414 1197 2420 1204 ·
2438 1189 2463 1214 εἰ
2480 1187 2533 1223 γὰρ
2548 1187 2609 1214 ἀντὶ
2622 1186 2672 1221 τῆς

1879 1236 2014 1264 ἀθανάτου
2027 1235 2126 1270 ψυχῆς,
2140 1235 2168 1261 ἐν
2182 1233 2221 1270 τῷ
2237 1233 2420 1268 ἀναληφθέντι
2439 1233 2547 1268 σώματι
2561 1233 2673 1267 γέγονεν

1879 1282 1893 1307 6
1915 1282 1982 1312 Θεὸς
1993 1282 2089 1315 Λόγος,
2105 1278 2182 1307 εἶπεν
2198 1280 2231 1307 ἂν
2250 1281 2307 1310 τοῖς
2329 1279 2479 1311 Ἰουδαίοις·
2501 1278 2608 1305 Λύσατέ
2625 1287 2673 1311 με,

1884 1328 1932 1355 καὶ
1951 1329 1980 1354 ἐν
2008 1327 2096 1362 τρισὶν
2119 1326 2238 1362 ἡμέραις
2255 1326 2462 1361 ἀναστήσομαιι
2492 1324 2539 1351 νῦν
2552 1324 2580 1351 δὲ
2598 1323 2672 1351 διδά-

1882 1380 1966 1404 σκων,
1982 1371 2029 1398 καὶ
2046 1370 2093 1397 τοῦ
2113 1370 2178 1397 ναοῦ
2195 1370 2226 1396 τὸ
2240 1369 2390 1405 τηνικαῦτα
2404 1370 2436 1396 τὺ
2456 1369 2563 1404 θνητὸν,
2578 1368 2627 1395 καὶ
2643 1368 2674 1394 τὸ

1880 1416 1993 1445 δυνατὸν
2009 1416 2059 1451 τῆς
2076 1415 2235 1450 ἐνοικούσης
2257 1414 2402 1450 θεότητος,
2428 1424 2438 1440 ‹
2459 1414 2578 1446 Λύσατε,
2594 1412 2672 1448 φησὶ,

1880 1463 1926 1490 τὸν
1940 1462 2002 1489 ναὸν
2025 1461 2136 1493 τοῦτον,
2160 1461 2207 1488 καὶ
2224 1462 2252 1487 ἐν
2274 1461 2362 1495 τρισὶν
2383 1460 2502 1495 ἡμέραις
2520 1459 2609 1495 ἐγερῶ
2622 1458 2673 1485 αῦ-

1881 1509 1942 1536 τόν·
1960 1518 1968 1534 ι
1983 1510 2014 1536 οὐ
2030 1509 2085 1544 γὰρ
2104 1508 2271 1543 ἐγὼ,φησὶν,
2286 1507 2331 1542 ὑφ’
2347 1506 2423 1542 ὑμῶν
2437 1506 2601 1541 λυθήσομαι,
2615 1505 2673 1532 ἀλλ’

1882 1556 1896 1581 6
1910 1555 2025 1590 ληφθεὶς
2043 1555 2089 1581 ὑπ’
2115 1553 2183 1589 ἐμοῦ
2204 1554 2283 1585 ναός’
2299 1553 2347 1580 καὶ
2364 1549 2441 1585 οὗτος
2456 1552 2484 1580 δὲ
2506 1552 2611 1584 λύεται,
2629 1551 2674 1578 ἵνα

1043 1626 1102 1646 sunt
1119 1617 1154 1643 ita
1168 1613 1325 1642 dissolvitur
1341 1632 1348 1644 ,
1365 1616 1395 1639 ut
1411 1611 1523 1637 meliore
1540 1609 1741 1637 resurrectione
1755 1614 1829 1644 post-
1843 1595 1864 1624 (ἶ
1881 1601 2038 1636 κρείττονος
2059 1600 2236 1631 ἀναστάσεως
2263 1598 2387 1626 ἀπολαύσ

1341 1632 1348 1644 ,
1365 1616 1395 1639 υι
1411 1595 1525 1637 mgna“,
1540 1595 1741 1637 τεδυι-ιιεοίῖοηθ
1755 1595 1829 1644 pos—1-
1843 1595 1864 1624 C
1881 1601 2038 1636 κρείττονος
2059 1600 2236 1631 ἀναστάσεως
2263 1598 2417 1634 ἀπολαύσῃ,
2443 1598 2487 1625 ἵνα
2506 1598 2555 1634 τὴν
2572 1597 2674 1633 θνητὴν

1042 1672 1073 1692 ca
1094 1663 1211 1694 fruatur,
1227 1665 1256 1687 ut
1269 1657 1413 1687 mortalem
1428 1657 1547 1690 deportat
1564 1661 1703 1687 naturatn,
1722 1660 1751 1681 ttt
1769 1662 1830 1681 cor-

1044 1710 1195 1745 ruptionem
1209 1709 1292 1733 exuat
1306 1708 1334 1731 et
1351 1704 1443 1730 induat
1457 1702 1699 1737 incorruptionem,
1719 1700 1830 1736 829m

1044 1760 1072 1782 ut
1088 1754 1183 1781 mortis
1199 1750 1344 1786 imperium
1376 1749 1509 1780 destruat,
1523 1751 1552 1774 ut
1576 1746 1623 1773 iiat
1639 1746 1831 1773 dormientium

1044 1799 1189 1834 primitiae,
1222 1801 1250 1823 ut
1275 1794 1460 1829 corruptionis
1485 1793 1625 1820 doloribus
1658 1792 1755 1819 solutis
1777 1799 1829 1825 ap-

1044 1850 1137 1880 pareat
1149 1847 1315 1871 mortuorttm
1330 1840 1538 1876 primogenitus,
1568 1844 1595 1865 et
1614 1839 1722 1872 propria
1742 1845 1833 1864 resur-

1045 1891 1165 1919 rectione
1192 1889 1311 1917 omnium
1343 1887 1483 1914 hominum
1511 1884 1739 1912 resurrectionem
1767 1890 1831 1917 por-

1045 1937 1147 1966 tendat.

1044 2006 1115 2035 XIX.
1135 2004 1328 2034 Demonstratio
1345 2023 1353 2035 ,
1381 2002 1451 2035 quod
1476 2001 1593 2028 animum
1627 1998 1833 2026 intellectualem

1238 2040 1310 2067 Deus
1332 2038 1441 2065 Verbum
1457 2036 1636 2070 assumpsert‘t.

1082 2097 1160 2131 Quod
1187 2101 1277 2123 autem
1301 2095 1360 2122 haec
1374 2094 1411 2121 ita
1428 2100 1458 2121 se
1476 2092 1603 2123 habeant,
1626 2095 1741 2118 testatur
1767 2097 1833 2125 apo-

1046 2143 1176 2171 stolorum
1192 2142 1318 2176 princeps
1331 2141 1356 2168 in
1368 2140 1481 2167 Actibus
1493 2139 1652 2170 dicens,non
1666 2137 1748 2164 fuisse
1756 2136 1834 2163 dere-

1047 2192 1136 2217 lictam
1150 2189 1268 2216 animam
1285 2187 1345 2222 ejus
1359 2187 1386 2213 in
1403 2186 1520 2216 inferno.
1536 2191 1625 2218 neque
1642 2190 1751 2210 carnem
1774 2182 1833 2216 ejus

1047 2235 1148 2263 vidisse
1169 2232 1371 2267 corruptionem
1387 2231 1423 2258 ⁸ο.
1465 2229 1570 2263 Templi
1587 2235 1652 2263 ergo
1679 2227 1777 2255 solutio
1791 2230 1832 2254 est

1881 1646 2018 1681 ἀπόθηται
2034 1646 2126 1681 φύσιν,
2145 1646 2189 1672 ἵνα
2201 1645 2250 1680 τὴν
2265 1646 2369 1681 φθορὰν
2386 1645 2554 1679 ἀποδύσηται
2568 1645 2615 1671 καὶ
2625 1644 2675 1680 τὴν

1881 1692 2038 1728 ἀφθαρσίαν
2058 1692 2213 1727 ἐνδύσηται,
2226 1692 2270 1718 ἴνα
2287 1691 2334 1718 τοῦ
2355 1691 2472 1718 θανάτου
2487 1690 2627 1726 καταλύσῃ
2644 1690 2676 1717 τὸ

1882 1738 1993 1773 κράτος,
2012 1738 2057 1764 ἵνα
2068 1738 2121 1764 τῶν
2138 1737 2347 1773 κεκοιμημένων
2358 1737 2474 1773 ἀπαρχὴ
2488 1737 2612 1772 γένηται,
2630 1736 2676 1763 ἵνα

1882 1783 1966 1816 λύσας
1980 1784 2032 1820 τῆς
2044 1784 2147 1819 φθορᾶς
2161 1784 2210 1816 τὰς
2229 1784 2326 1815 ὠδῖνας
2342 1783 2487 1818 ἀναδειχθῇ
2500 1783 2553 1809 τῶν
2568 1782 2677 1818 νεκρῶν

1883 1829 2067 1864 πρωτότοκος,
2082 1829 2130 1856 καὶ
2144 1829 2188 1855 διὰ
2204 1829 2254 1864 τῆς
2267 1829 2371 1861 οἰκείας
2391 1830 2567 1861 ἀναστάσεως
2593 1828 2677 1863 εὐαγ-

1882 1874 2024 1910 γελίσηται
2040 1875 2090 1907 τὴν
2103 1875 2212 1901 πάντων
2228 1874 2379 1910 ἀνθρώπων
2392 1875 2548 1902 ἀνάστασιν.

1884 2000 1933 2028 18⁵.
1957 1998 2121 2031 Ἀπόδειξις
2143 1998 2188 2025 ὅτι
2207 1998 2440 2061 γοερὰν
2454 2001 2470 2026 ὁ
2488 1999 2560 2032 Θεὸς·
2578 2000 2677 2034 Λόγος

1920 2092 1981 2117 ’Ὁτι
1995 2091 2023 2117 δὲ
2036 2090 2124 2117 ταῦτα
2143 2090 2231 2122 οὕτως
2245 2090 2314 2126 ἔχει,
2336 2091 2472 2126 μαρτυρεῖ
2486 2090 2539 2117 τῶν
2554 2090 2677 2118 ἀποστό-

1883 2138 1937 2164 λων
1951 2138 1966 2163 ό
1988 2138 2137 2171 κορυφαῖος
2157 2137 2186 2163 ἐν
2206 2137 2267 2168 ταῖς
2290 2136 2408 2172 Πράξεσι
2445 2136 2548 2170 λέγων,
2566 2137 2607 2163 ὅτι
2626 2138 2679 2164 οὐκ

1885 2182 2113 2218 ἐκγατελείφθηὴ
2132 2182 2206 2217 ψυχὴ
2223 2181 2307 2209 αὑτοῦ
2324 2183 2364 2214 si;
2387 2182 2461 2217 ᾅδου,
2485 2183 2547 2209 οὑδέ
2571 2184 2588 2219 ἡ
2608 2184 2679 2219 σὰρξ

1885 2229 1966 2256 αὐτοῦ
1990 2226 2043 2255 οἶδε
2070 2228 2228 2263 διαφθορὰν.
2253 2228 2338 2259 Λύσις
2360 2228 2504 2264 τοιγαροῦν
2526 2228 2574 2256 τοῦ
2598 2230 2677 2262 ναοῦ,

1045 2282 1143 2309 anima:
1162 2288 1176 2308 a
1193 2286 1307 2315 corpore
1321 2277 1457 2312 separatio
1474 2284 1482 2308 ;
1507 2274 1682 2308 vicissimque
1706 2280 1831 2301 resurre-
1849 2272 1869 2299 Ι)
1884 2274 1974 2310 ψυχῆς
1989 2275 2037 2301 καὶ
2050 2274 2177 2310 σώματος
2188 2275 2345 2310 χωρισμάςι
2359 2283 2390 2301 κα

1329 2277 1457 2312 ιθρθηιὶο
1474 2284 1482 2308 ;
1507 2274 1682 2308 vicissimque
1706 2280 1831 2301 resurre-
1849 2272 1869 2299 D
1884 2274 1974 2310 ψυχῆς
1989 2275 2037 2301 καὶ
2050 2274 2177 2310 σώματος
2188 2275 2345 2310 χωρισμός·
2359 2275 2405 2301 καὶ
2418 2275 2500 2302 πάλιν
2517 2276 2674 2308 ἀνάστασις,

1044 2329 1098 2355 «vtio
1113 2332 1155 2355 est
1170 2327 1203 2353 ad
1223 2324 1360 2360 propriam
1383 2329 1495 2351 carnem
1516 2320 1630 2348 reditus.
1658 2320 1687 2346 Si
1704 2327 1784 2355 ergo,
1806 2324 1834 2347 ιιι
1885 2321 1955 2356 πρὸς
1971 2320 2020 2355 τὴν
2036 2319 2125 2355 σάρκα
2139 2319 2189 2355 τὴν
2203 2320 2309 2346 οἰκείαν
2323 2320 2389 2346 ἐπάν

1336 2332 1360 2350 m
1383 2329 1495 2351 carnem
1516 2320 1630 2348 reditus.
1658 2320 1687 2346 Si
1704 2327 1784 2355 ergo,
1806 2324 1834 2347 ιιι
1885 2321 1955 2356 πρὸς
1971 2320 2020 2355 τὴν
2036 2319 2125 2355 σάρκα
2139 2319 2189 2355 τὴν
2203 2320 2309 2346 οἰκείαν
2323 2320 2451 2351 ἐπάνοδος
2462 2329 2468 2336 -
2488 2321 2625 2353 είτοίνυν,
2638 2320 2677 2353 ῶς

1046 2375 1180 2401 haereseos
1206 2370 1374 2405 antesignani
1404 2369 1492 2397 aiunt.
1521 2366 1628 2393 animas
1655 2365 1723 2392 duas
1747 2373 1833 2392 unus-

1045 2420 1159 2454 quisque
1175 2418 1256 2445 ltomo
1272 2416 1370 2447 habet,
1381 2414 1491 2440 vitalem
1505 2411 1609 2439 scilicet
1617 2415 1643 2438 et
1661 2410 1831 2443 rationalem,

1045 2471 1072 2491 ct
1087 2472 1121 2492 ne
1136 2471 1199 2491 caro
1212 2462 1320 2497 quidem
1333 2459 1437 2494 absque
1449 2457 1524 2485 vitali
1542 2457 1632 2483 anima
1651 2456 1764 2491 cogitari
1781 2464 1830 2483 un.

1046 2516 1125 2543 quam
1134 2511 1239 2542 potest;
1252 2514 1314 2533 nant
1323 2510 1430 2537 corpus,
1440 2509 1493 2529 non
1505 2509 1580 2533 caro,
1595 2501 1694 2535 inquit,
1706 2501 1776 2535 quod
1791 2505 1832 2528 est

1047 2553 1210 2590 huiusmodi,
1226 2551 1377 2587 appellatur
1390 2557 1397 2581 ;
1410 2548 1465 2575 etsi
1485 2548 1584 2575 Petrus
1600 2547 1648 2581 ait,
1666 2555 1718 2575 non
1731 2555 1831 2582 corpus

1047 2599 1165 2631 Domini,
1183 2597 1230 2624 sed
1256 2594 1362 2622 Domini
1389 2599 1500 2620 carnem
1524 2593 1595 2619 haud
1619 2593 1720 2620 vidisse
1740 2600 1833 2619 corru-

1046 2644 1176 2679 ptionem,
1193 2649 1280 2676 neque
1295 2640 1412 2667 animam
1429 2639 1487 2674 ejus
1498 2640 1523 2666 in
1536 2639 1642 2666 inferno
1654 2638 1811 2666 derelictam
1823 2660 1830 2673 ,

1046 2698 1111 2717 sane
1125 2693 1233 2717 constat
1247 2687 1355 2714 vitaletn
1368 2686 1459 2722 (quam
1483 2686 1618 2720 quomodo
1642 2690 1767 2713 astruant
1786 2692 1833 2713 ne-

1046 2735 1112 2769 scio)
1133 2733 1274 2761 exstitisse
1293 2732 1320 2758 in
1351 2739 1433 2758 carne
1453 2736 1580 2764 corrupta
1608 2731 1729 2758 animam
1742 2751 1749 2762 ,
1773 2731 1832 2758 sine

1047 2788 1097 2813 qua
1114 2787 1147 2806 ne
1163 2785 1227 2805 caro
1245 2778 1366 2813 quidem,
1396 2782 1426 2804 ut
1447 2778 1533 2809 aiuttt,
1561 2777 1754 2811 appellaretur.
1780 2777 1831 2803 lm-

1081 2863 1103 2880 ⁵³
1124 2865 1201 2892 Joan.
1218 2874 1236 2899 t,
1255 2867 1296 2895 Η,
1334 2867 1355 2882 ⁸⁸
1371 2866 1448 2894 Joan.
1469 2874 1497 2906 tt,
1515 2865 1556 2892 i9.
1598 2866 1620 2881 '°
1634 2865 1695 2892 Act.
1713 2873 1740 2898 tt,
1757 2865 1806 2900 27,

1883 2374 1964 2402 φασιν
1975 2366 2000 2392 οἱ
2015 2366 2065 2400 τῆς
2078 2365 2212 2401 αἱρέσεως
2226 2365 2388 2399 προστάται,
2403 2365 2493 2400 ψυχὰς
2507 2365 2554 2392 δύο
2564 2366 2618 2393 τῶν
2630 2366 2678 2392 ἀν-

1882 2411 2000 2447 θρώπων
2019 2411 2135 2443 ἕκαστος
2149 2410 2216 2446 ἔχει,
2229 2411 2280 2445 τήν
2293 2419 2323 2436 τε
2340 2410 2470 2446 ζωτικὴν,
2487 2412 2533 2438 καὶ
2544 2411 2594 2447 τὴν
2607 2411 2679 2446 λογι-

1886 2457 1947 2493 κὴν,
1962 2457 2009 2483 καὶ
2030 2457 2100 2492 σὰρξ
2116 2457 2179 2484 ἄνευ
2198 2457 2287 2491 ψυχῆς
2305 2457 2356 2483 οὐκ
2369 2457 2401 2483 ἄν
2419 2465 2484 2484 ποτε
2504 2457 2613 2493 νοηθείη
2627 2457 2679 2491 τῆς

1887 2503 2005 2538 ζωτικῆς
2034 2502 2128 2538 (σῶμα
2139 2502 2206 2538 γὰρ,
2220 2503 2277 2529 ἀλλ’
2292 2503 2322 2529 ού
2340 2502 2418 2538 σὰρξ,
2429 2503 2545 2538 φησὶ,τὸ
2557 2502 2679 2529 τοιοῦτον

1886 2548 2145 2584 προσαγορεύεται)·
2156 2549 2260 2584 Πέτρος
2273 2548 2300 2575 δὲ
2314 2549 2376 2584 ἔφη,
2389 2549 2420 2575 οὺ
2432 2549 2462 2575 τὺ
2475 2549 2553 2584 σῶμα
2562 2548 2610 2575 τοῦ
2622 2549 2664 2574 Ku
2674 2563 2682 2568 -

1889 2595 1958 2630 ρίου,
1976 2594 2043 2620 ἀλλὰ
2060 2595 2110 2629 τὴν
2129 2594 2220 2630 σάρκα
2236 2594 2284 2621 τοῦ
2304 2595 2407 2631 Κυρίου
2423 2594 2461 2629 μὴ
2485 2595 2548 2621 ἰδεῖν
2566 2593 2680 2628 διαφθο-

1887 2639 1949 2675 ρὰν,
1971 2639 2018 2666 καὶ
2032 2639 2082 2675 τὴν
2100 2640 2190 2675 ψυχὴν
2212 2641 2294 2667 αὑτοῦ
2320 2640 2357 2676 μὴ
2371 2640 2619 2674 ἐγκαταλειφθῆναι
2638 2641 2680 2671 είς

1887 2684 1962 2719 ᾄδου-
1981 2684 2092 2720 εὔδηλον
2108 2686 2145 2717 ὠς
2162 2686 2211 2721 τὴν
2223 2686 2271 2721 μὲν
2287 2686 2417 2721 ζωτικὴν,
2437 2686 2470 2721 ἣν
2482 2686 2532 2712 οὐκ
2545 2683 2680 2716 οἷδ’ὄπως

1886 2729 2021 2763 λέγουσιν,
2036 2728 2136 2766 εἶχενὴ
2154 2730 2334 2766 διαφθαρεῖσα
2353 2731 2432 2766 σὰρξ,
2455 2728 2488 2765 ἧς
2501 2731 2565 2757 ἄνευ
2578 2730 2628 2755 οὐκ
2644 2730 2680 2756 ἂν

1887 2776 2133 2810 προσαγορευθείη,
2151 2776 2188 2807 ὥς
2203 2785 2280 2810 φασι,
2298 2777 2380 2812 σάρξ⁸
2399 2778 2415 2812 ἡ
2439 2777 2466 2803 δέ
2485 2777 2619 2808 ἀθάνατος
2633 2778 2680 2803 καὶ
