3406 3316
1064 208 1131 233 1155

1579 201 1608 228 S.
1630 198 1769 227 CYRILLI
1791 198 2027 224 ΑιΕλΑλυιιιαι
2054 198 2215 224 ΑΙὶΕΙΙΙΕΡ.
2632 196 2703 222 Ηδδ

1060 264 1156 289 idonea
1170 267 1221 295 cst,
1237 266 1263 289 ct
1276 268 1336 296 quae
1350 260 1478 295 paulatim
1493 263 1549 287 tum
1562 258 1680 286 humana
1695 257 1784 289 discit,
1799 260 1854 283 tum
1870 258 1893 286 A
1907 255 2058 287 δασκαλίας
2069 255 2210 290 δεομένου,
2226 256 2272 282 καὶ
2294 255 2395 291 τέχνης

1354 260 1478 295 paulatim
1493 263 1549 287 tum
1562 258 1680 286 humana
1695 257 1784 289 discit,
1799 260 1854 283 tum
1870 258 1893 286 Α
1907 255 2058 287 δασκαλίας
2069 255 2210 290 δεομένου,
2226 256 2272 282 καὶ
2294 255 2395 291 τέχνης
2411 254 2459 281 καὶ
2481 254 2637 289 ἐπιστήμης
2656 253 2699 280 δε-

1059 308 1160 336 divina.

1061 407 1195 435 ΧΧ1.Ἐπ
1211 407 1330 441 Epistula
1346 405 1734 441 ad-Hebrwogidermomtratttr
1745 407 1855 429 natura-

1237 439 1295 469 rum
1308 442 1457 473 distinctio,
1472 446 1496 468 et
1511 440 1588 467 Verbi
1604 439 1678 466 unio.

1096 533 1214 564 Clarius,
1231 530 1337 565 opinor,
1354 537 1386 556 ex
1404 528 1522 563 Epistola
1540 529 1573 555 ad
1590 527 1719 555 llebrazos
1734 526 1853 554 divinam

1060 580 1139 608 simul
1151 582 1179 605 et
1192 578 1338 605 humanam
1354 581 1480 603 naturam
1495 581 1659 610 cognoscere
1674 573 1748 606 licet,
1759 580 1854 607 opera-

1060 626 1178 654 tionibus
1196 624 1303 658 quidem
1322 623 1481 654 distinctas,
1500 628 1614 656 persona
1633 624 1722 647 tatnen
1739 617 1853 653 conjun-

1060 677 1128 703 ctas,
1144 676 1225 705 atque
1242 669 1350 695 unicum
1368 668 1586 694 demonstrantes
1600 664 1709 692 Filium.
1727 663 1853 698 Epistulae

1060 718 1182 753 apprime
1204 715 1367 751 prooemium
1390 714 1461 741 hanc
1483 713 1603 740 cominet
1624 711 1786 739 doctrinam.
1808 710 1854 737 Ait

1058 764 1130 790 enitn
1145 763 1222 790 divus
1237 760 1338 787 Paulus
1355 768 1363 787 :
1380 768 1389 784 ‹
1407 758 1458 792 Qui
1474 766 1535 786 cum
1551 758 1587 785 sit
1601 757 1729 792 splendor
1743 755 1851 790 gloriae,

1059 813 1086 836 et
1106 809 1191 843 ligura
1210 806 1370 834 substantia;
1388 805 1461 839 ejus,
1478 809 1646 839 portansque
1662 802 1753 829 omnia
1768 801 1852 828 verbo

1059 855 1168 883 virtutis
1183 853 1277 881 suae".
1296 862 1306 879 ι
1324 851 1448 886 Cumque
1463 850 1681 877 demonstrasset
1698 848 1772 875 illum
1789 852 1852 875 ante

1059 908 1139 928 omne
1155 905 1259 934 tempus
1273 906 1304 925 ac
1317 896 1414 925 saecula
1429 904 1489 924 esse
1502 896 1562 931 (per
1574 895 1661 930 ipsum
1675 894 1774 929 quippe
1788 894 1852 920 fecit

1058 952 1085 974 et
1099 944 1219 980 saecula),
1234 944 1337 971 addidit
1351 952 1358 970 :
1373 952 1383 968 ι
1401 942 1479 969 Sedit
1495 941 1528 968 ad
1544 941 1683 968 dexteram
1701 939 1852 973 majestatis

1059 993 1085 1019 in
1109 991 1223 1019 excelsis
1243 999 1250 1017 :
1273 993 1348 1016 tanto
1370 987 1467 1015 melior
1484 986 1590 1022 angelis
1609 986 1731 1017 etl‘ectus,
1752 990 1852 1020 quanto

1059 1037 1228 1065 tliiferentitts
1243 1043 1298 1071 prae
1312 1034 1364 1062 illis
1379 1041 1476 1060 nomen
1491 1032 1704 1059 hmreditavit”.
1721 1041 1730 1057 ι
1745 1031 1792 1058 Est
1805 1039 1853 1057 au-

1060 1087 1112 1109 tem
1141 1080 1252 1107 verbum
1274 1080 1337 1114 efﬁci
1358 1078 1524 1105 contrarium
1545 1077 1628 1104 verbo
1652 1085 1718 1104 esse.
1742 1076 1808 1103 Nam
1830 1076 1853 1103 is

1057 1128 1103 1163 qui
1127 1132 1168 1155 est
1188 1126 1315 1161 splendor
1333 1125 1434 1160 gloriae,
1455 1129 1482 1151 et
1500 1124 1588 1158 ligura
1610 1123 1778 1155 substantite,
1799 1130 1853 1149 non

1057 1174 1172 1202 uincitur
1190 1172 1286 1200 melior
1305 1170 1419 1206 angelis,
1436 1169 1484 1197 sed
1503 1175 1543 1197 est
1560 1169 1665 1204 angelis
1684 1177 1736 1196 non
1757 1169 1853 1196 melior

1059 1217 1256 1249 tantummodo,
1274 1224 1369 1243 verum
1388 1216 1469 1242 etiam
1487 1215 1610 1249 ipsorum
1629 1219 1737 1242 creator
1752 1222 1784 1241 ac
1804 1215 1851 1242 do-

1058 1265 1158 1291 minus.
1179 1262 1238 1290 Jam
1260 1262 1282 1290 si
1305 1261 1463 1288 verbovene
1485 1260 1653 1288 contrarium
1676 1264 1717 1287 est
1738 1259 1852 1286 verbum

1056 1309 1132 1345 επὶεἰ,
1150 1316 1198 1343 per
1213 1308 1277 1334 illud
1294 1306 1402 1341 quidem
1432 1305 1661 1341 sempiternaliter
1675 1305 1851 1332 exsistentem

1057 1355 1250 1389 intelligemus,
1264 1360 1311 1388 per
1322 1354 1372 1379 hoc
1399 1356 1488 1379 autem
1506 1359 1567 1378 eum
1581 1351 1625 1385 qui
1641 1351 1673 1378 de
1689 1350 1765 1377 nobis
1779 1357 1854 1377 sum-

1057 1404 1119 1435 ptus
1132 1399 1192 1431 fuit,
1203 1403 1230 1426 et
1241 1398 1344 1434 angelis
1356 1398 1452 1425 melior
1462 1402 1504 1424 est
1517 1396 1638 1429 eil‘ectus,
1652 1400 1762 1431 propter
1773 1403 1851 1423 suam

1058 1454 1119 1473 cum
1135 1449 1288 1472 assumente
1304 1444 1505 1471 adunationem.
1522 1442 1553 1469 Et
1570 1442 1649 1476 paulo
1676 1446 1736 1476 post
1759 1441 1791 1468 ad
1809 1441 1852 1468 Fi-

1058 1489 1122 1515 lium
1138 1488 1247 1523 quidem
1263 1488 1329 1515 dicit
1345 1497 1352 1515 :
1371 1496 1381 1513 ι
1397 1487 1523 1514 Tltronus
1539 1492 1609 1520 tuus,
1628 1488 1708 1520 Deus,
1725 1488 1750 1513 in
1767 1495 1852 1514 saecu-

1058 1534 1113 1560 lum
1132 1534 1240 1566 saeculi;
1261 1533 1335 1567 virga
1356 1533 1503 1568 aequitatis,
1525 1533 1600 1567 virga
1622 1533 1697 1567 regni
1722 1533 1760 1559 tui
1782 1541 1788 1559 :
1812 1533 1853 1559 di-

1907 301 2019 334 κτικοῦ,
2043 301 2089 327 καὶ
2108 301 2179 327 κατὰ
2205 301 2292 337 βραχὺ
2311 302 2344 328 τά
2365 310 2393 328 τε
2415 300 2574 336 ἀνθρώπινα
2600 300 2647 327 καὶ
2667 298 2703 326 τὰ

1906 347 1966 374 θεῖα
1980 347 2162 382 γνωρίζοντος
2174 347 2223 381 (ι).

1905 404 1971 430 KA’.
1992 403 2154 437 Ἀπόδειξις
2173 404 2208 430 ἐκ
2219 404 2274 438 τῆς
2291 404 2366 438 πρὸς
2388 404 2541 439 Ἐϐραίους
2562 405 2703 439 Ἐπιστοέ

1939 439 1998 473 λῆς
2014 439 2069 473 τῆς
2084 439 2144 465 τῶν
2160 440 2285 473 φύσεων
2300 438 2490 473 διακρίσεως,
2507 439 2556 466 καὶ
2574 439 2629 474 τῆς
2645 438 2700 466 τοῦ

1943 475 2042 510 Λόγου
2058 473 2203 508 ἑνώσεως.

1940 531 2110 567 Σαφέστερον
2121 531 2142 557 δ’
2159 531 2191 557 ἄν
2209 540 2250 563 τις
2266 532 2297 557 ὲκ
2312 531 2363 566 τῆς
2374 532 2443 567 πρὸς
2462 532 2605 567 Ἐϐραίους
2625 532 2702 558 Ἐπι-

1906 577 2001 612 στολῆς
2019 577 2067 613 τὴν
2078 577 2153 604 θείαν
2165 577 2246 612 φύσιν
2270 578 2317 604 καὶ
2331 577 2381 612 τὴν
2396 577 2570 613 ἀνθρωπείαν
2584 577 2702 610 κατίδοι,

1903 624 1962 654 ταῖς
1973 623 2125 658 ἐνεργείαις
2138 623 2186 657 μὲν
2200 623 2280 658 διῃρη
2286 624 2381 658 μένας,
2394 623 2434 659 τῷ
2449 625 2590 659 προσώπῳ
2601 624 2630 651 δὲ
2641 632 2702 650 συν-

1904 669 2040 704 ημμένας,
2054 669 2101 695 καὶ
2114 669 2159 696 τὸν
2168 669 2215 695 ἕνα
2231 669 2427 701 ὑποδεικνύσας
2445 669 2519 697 Υίόν.
2531 670 2587 705 Οὐχ
2599 671 2701 705 ἥκιστα

1904 714 1932 741 δὲ
1944 715 1990 740 καὶ
2004 714 2053 749 τῆς
2075 714 2236 749 Ἐπιστολῆς
2250 714 2280 741 τὸ
2293 715 2450 750 προοίμιον,
2468 715 2571 751 ταύτην
2584 715 2700 751 ἕχειτὴν

1903 759 2089 787 διδασκαλίαν.
2102 758 2170 787 Eine
2185 760 2239 795 γὰρ
2251 761 2265 787 ό
2275 761 2421 793 θεσπέσιος
2433 761 2540 793 Παῦλος
2551 770 2557 777 ·
2574 771 2584 787 ι
2601 763 2650 792 Ὃς
2660 762 2700 788 ὢν

1904 805 2075 841 ἀπαύγασμα
2098 806 2148 841 τῆς
2168 805 2257 841 δόξης,
2279 807 2326 832 καὶ
2354 806 2497 842 χαρακτὴρ
2513 807 2563 842 τῆς
2580 807 2700 834 ὑποστά-

1904 860 1973 883 σεως
1987 851 2083 883 αὐτοῦ,
2100 852 2192 887 φέρων
2209 860 2239 878 τε
2252 852 2286 878 τὰ
2308 853 2398 879 πάντα
2413 852 2452 888 τῷ
2468 853 2572 888 ῥήματι
2589 855 2639 889 τῆς
2654 853 2701 880 δυ-

1904 898 2014 933 νάμεως
2028 897 2122 925 αὑτοῦ.
2142 907 2151 923 ι
2170 898 2226 924 Καὶ
2247 897 2338 931 δείξας
2365 899 2447 925 αὑτὸν
2462 899 2631 935 ὑπέρχρονον
2651 900 2701 927 καὶ

1905 941 2070 977 προαιώνιον
2090 942 2140 977 (δι’
2154 942 2238 968 αὐτοῦ
2261 943 2326 977 γὰρ,
2345 943 2437 979 φησὶν,
2460 943 2508 970 καὶ
2524 945 2586 975 τοὺς
2597 944 2700 976 αἰῶνας

1905 987 2056 1021 ἐποίησεν),
2072 987 2222 1021 ἐπήγαγεν·
2238 997 2247 1012 ι
2259 987 2402 1015 Ἐκάθισεν
2419 989 2448 1015 ὲν
2464 989 2539 1025 δεξιᾷ
2548 990 2597 1024 τῆς
2612 998 2701 1025 μεγα-

1904 1032 2028 1068 λωσύνης
2052 1033 2080 1059 ἐν
2104 1033 2228 1068 ὑψηλοῖς,
2250 1034 2370 1069 τοσούτῳ
2396 1034 2531 1069 κρείττων
2553 1035 2701 1071 γενόμενος

1903 1077 1958 1104 τῶν
1971 1078 2107 1112 ἀγγέλων,
2121 1078 2176 1114 ὅσῳ
2194 1079 2396 1115 διαφορώτερον
2414 1081 2479 1114 παρ’
2492 1080 2584 1112 αὐτοῖς
2597 1081 2700 1117 κεκλη-

1906 1124 2058 1159 ρονόμηκεν
2078 1123 2176 1159 ὄνομα.
2193 1134 2202 1150 ι
2230 1125 2367 1152 Ἐναντίον
2384 1125 2412 1152 δὲ
2435 1125 2482 1153 τοῦ
2506 1126 2651 1160 γενέσθαι,
2669 1127 2701 1154 τὸ

1904 1167 1973 1196 εἷναι
1983 1178 1989 1185 '
2005 1171 2018 1196 ὁ
2030 1169 2085 1205 γὰρ
2096 1169 2133 1196 ὢν
2145 1171 2317 1206 ἀπαύγασμα
2330 1172 2380 1206 τῆς
2396 1172 2487 1207 δόξης,
2497 1172 2544 1199 καὶ
2556 1173 2700 1209 χαρακτὴρ

1903 1216 1954 1251 τῆς
1969 1216 2156 1248 ὑποστάσεως,
2173 1217 2203 1243 οὐ
2218 1217 2322 1250 γίνεται
2338 1217 2472 1253 κρείττων
2489 1218 2623 1253 ἀγγέλων,
2640 1220 2701 1246 ἀλλ’

1903 1261 1976 1288 ἐστιν
1988 1262 2112 1296 ἀγγέλων
2123 1262 2153 1289 οὐ
2166 1263 2300 1298 κρείττων
2314 1263 2405 1298 μόνον,
2420 1263 2489 1291 ἀλλά
2504 1265 2552 1291 καὶ
2564 1265 2699 1301 Ποιητής,

1904 1308 1951 1334 καὶ
1969 1308 2109 1343 Δεσπότης
2120 1316 2127 1323 ·
2142 1309 2166 1334 εἱ
2183 1308 2211 1334 δὲ
2227 1308 2348 1335 ἐναντίον
2362 1309 2409 1335 τοῦ
2426 1306 2496 1336 εἶναι
2510 1309 2541 1336 τὸ
2557 1310 2700 1344 γενέσθαι,

1902 1354 1935 1380 δι’
1954 1354 2058 1380 ἐκείνου
2074 1354 2124 1389 μὲν
2139 1355 2184 1381 τὸν
2199 1355 2242 1381 ἀεὶ
2258 1354 2322 1381 ὅντα
2340 1357 2486 1391 νοήσομεν,
2499 1356 2543 1382 διὰ
2559 1356 2656 1383 τούτου
2671 1356 2701 1383 δὲ

1902 1400 1932 1426 τὸ
1944 1401 1973 1433 ἐξ
1986 1400 2065 1435 ἡμῶν
2079 1401 2247 1436 ἀναληφθὲν,
2260 1401 2308 1428 καὶ
2318 1404 2441 1437 κρεῖττον
2452 1402 2506 1429 τῶν
2519 1403 2645 1437 ἀγγέλων
2654 1412 2702 1438 γε-

1902 1447 2062 1481 γενημένον,
2070 1446 2115 1473 διὰ
2123 1447 2172 1482 τὴν
2180 1447 2248 1483 πρὸς
2257 1448 2303 1474 τὸν
2315 1448 2482 1484 ἀνειληφότα
2493 1449 2590 1476 ἕνωσιν
2599 1457 2606 1464 ·
2617 1449 2701 1476 πάλιν

1904 1493 1963 1527 μετ’
1971 1492 2062 1527 ὀλίγα,
2085 1493 2154 1528 πρὸς
2166 1494 2215 1528 μὲν
2229 1494 2274 1521 τὸν
2287 1494 2351 1521 Υἱόν
2361 1503 2443 1530 φησιν
2452 1502 2458 1509 ·
2470 1505 2478 1521 ι
2491 1495 2519 1522 '0
2535 1495 2629 1530 θρόνος
2640 1504 2701 1528 σου,

1902 1540 1916 1565 ό
1930 1538 2005 1571 Θεὸς,
2022 1540 2062 1570 εἰς
2073 1539 2118 1566 τὸν
2133 1539 2219 1566 αἰῶνα
2230 1540 2277 1566 τοῦ
2295 1540 2393 1572 αἰῶνος
2405 1548 2412 1554 ·
2428 1541 2525 1576 ῥάϐδος
2540 1541 2700 1576 εὐθύτητος,

1057 1579 1145 1607 lexisti
1166 1579 1311 1613 justitiam,
1334 1584 1362 1606 et
1382 1579 1463 1606 odisti
1486 1578 1656 1613 iniquitatem
1678 1587 1685 1605 :
1708 1583 1849 1613 propterea
1865 1603 1885 1632 Ο
1903 1585 1919 1620 ἡ
1936 1585 2035 1620 ῥάϐδος
2048 1587 2099 1621 τῆς
2115 1585 2254 1621 βασιλείας
2270 1595 2317 1613 σου
2330 1596 2336 1602 .
2349 1587 2402 1622 ὴγά

1355 1584 1362 1606 ι
1382 1579 1463 1606 οιιίδιί
1486 1578 1660 1632 ίηίξῖυίιῖηειηι
1678 1587 1685 1605 ε
1705 1583 1849 1630 ΡΓο-Ριθῖθί]
1865 1603 1885 1632 c
1903 1585 1919 1620 ἡ
1936 1585 2035 1620 ῥάϐδος
2048 1587 2099 1621 τῆς
2115 1585 2254 1621 βασιλείας
2270 1595 2317 1613 σου
2330 1596 2336 1602 ·
2349 1587 2498 1623 ἠγάπησας
2512 1587 2700 1624 δικαιοσύνην,

1058 1626 1136 1652 unxit
1157 1630 1183 1653 te
1205 1625 1288 1657 Deus,
1312 1624 1383 1652 Deus
1405 1630 1482 1657 tuus,
1505 1625 1565 1652 oleo
1584 1624 1776 1652 exsultationis
1796 1633 1851 1660 pm

1056 1671 1236 1707 participibus
1259 1671 1311 1698 tuis
1323 1671 1356 1697 σν.
1383 1680 1393 1696 ι
1417 1670 1476 1698 Jam
1499 1678 1563 1698 vero
1585 1671 1670 1703 Deus,
1692 1676 1719 1698 et
1740 1672 1850 1706 quidem

1057 1717 1152 1745 ϐιωεο
1165 1717 1279 1746 articulo
1293 1717 1438 1753 prtcposito
1452 1718 1562 1753 proprie
1574 1717 1663 1745 dictus
1676 1717 1757 1751 Deus,
1773 1718 1850 1745 thro-

1057 1772 1175 1799 numque
1194 1769 1289 1804 tenens
1307 1764 1333 1790 in
1353 1763 1482 1790 smculum
1503 1763 1668 1798 saeculi,'qui
1687 1764 1851 1799 [ierivpotest

1058 1815 1086 1837 ut.
1107 1818 1121 1837 a
1143 1810 1198 1837 Deo
1218 1810 1352 1844 ungatur?
1370 1809 1509 1842 Quomodo
1529 1810 1564 1836 ab
1584 1810 1716 1837 electione
1738 1818 1850 1845 regnum

1057 1856 1200 1889 sortietur,
1218 1856 1262 1889 qui
1277 1855 1339 1889 jure
1357 1855 1473 1881 naturali
1488 1862 1601 1890 regnum
1617 1855 1718 1882 habet?
1735 1865 1743 1881 ι
1764 1854 1852 1883 Thro-

1057 1910 1110 1930 nus
1121 1903 1192 1929 enim
1211 1907 1283 1934 tuus,
1295 1901 1404 1937 832m
1417 1901 1514 1935 inquit,
1526 1901 1609 1934 Deus,
1622 1902 1648 1928 in
1659 1902 1786 1929 saeculum
1799 1910 1850 1930 sae-

1057 1948 1122 1976 culi.
1145 1957 1156 1974 ι
1176 1948 1244 1975 Esse
1262 1948 1353 1982 itaque
1372 1954 1476 1982 regem,
1494 1948 1660 1975 contrarium
1680 1953 1720 1975 est
1739 1949 1850 1976 dictioni

1058 1995 1121 2030 ungi
1138 1995 1163 2021 in
1180 2002 1282 2029 regetn.
1294 1993 1363 2027 Quia
1379 1993 1497 2021 dilexisti
1508 1993 1643 2027 justitiam
1659 1999 1685 2021 et
1701 1994 1783 2021 odisti
1799 1994 1851 2021 ini-

1057 2042 1200 2076 quitatem.
1214 2040 1281 2067 Nam
1298 2041 1421 2067 laborum
1438 2040 1577 2075 prmmium
1594 2044 1636 2067 est
1653 2040 1707 2068 tale
1725 2048 1848 2077 regnum.

1057 2088 1162 2115 ltursus
1183 2088 1274 2122 itaque
1299 2087 1381 2114 Deum
1396 2086 1472 2120 cujus
1489 2088 1602 2114 thronus
1617 2088 1643 2114 in
1658 2088 1786 2114 saeculum
1800 2095 1851 2115 sa:-

1057 2133 1122 2166 culi,
1135 2132 1365 2167 sempiternaliler
1377 2132 1450 2159 illum
1465 2133 1640 2160 exsistentem
1654 2133 1849 2168 intelligemus.

1057 2180 1125 2207 Eum
1147 2185 1237 2206 autem
1258 2179 1303 2213 qui
1326 2184 1420 2214 postea
1443 2184 1539 2207 tmolus
1560 2178 1620 2212 fuit,
1642 2183 1753 2214 propter
1770 2187 1849 2207 suum

1057 2225 1161 2259 peccati
1178 2225 1281 2255 odium,
1296 2229 1324 2252 et
1337 2224 1450 2258 justitiae
1467 2231 1600 2256 amorem,
1615 2222 1689 2250 illum
1706 2224 1850 2251 credemus

1903 1632 1949 1658 καὶ
1963 1632 2098 1667 ἐμίσησας
2117 1632 2232 1667 ἀνομίαν
2242 1640 2249 1646 ’
2264 1632 2307 1659 διὰ
2320 1633 2400 1659 τοῦτο
2416 1633 2509 1669 ἔχρισέ
2525 1643 2554 1661 σε
2569 1635 2582 1660 ό
2593 1634 2671 1667 Θεὸς,
2687 1636 2702 1662 ό

1902 1678 1970 1709 Θεὸς
1984 1686 2042 1710 σου,
2069 1678 2158 1705 ἔλαιον
2183 1678 2372 1712 ἀγαλλιάσεως
2391 1680 2469 1715 παρὰ
2483 1680 2547 1712 τοὺς
2567 1680 2702 1716 μετόχους

1903 1733 1960 1750 σου.
1977 1734 1985 1749 ι
2007 1725 2036 1751 '0
2050 1725 2078 1751 δὲ
2093 1725 2171 1757 Θεὸς,
2188 1725 2236 1751 καὶ
2252 1725 2379 1760 μετάτοῦ
2396 1726 2498 1761 ἄρθρου
2513 1735 2704 1764 προσαγορευ-

1902 1769 1959 1802 θεὶς
1971 1770 2048 1803 Θεὸς,
2059 1771 2163 1797 καὶτὸν
2175 1770 2268 1806 ῠρόνον
2280 1770 2350 1806 ἔχων
2362 1772 2402 1802 εἰς
2417 1771 2463 1798 τὸν
2476 1771 2563 1798 αἰῶνα
2576 1772 2621 1799 τοῦ
2632 1772 2702 1799 αἰῶσ

1902 1824 1957 1848 νος,
1975 1816 2034 1848 πῶς
2048 1816 2081 1843 ἂν
2098 1816 2149 1843 ὑπὸ
2169 1816 2215 1843 τοῦ
2230 1816 2297 1843 Θεοῦ
2314 1816 2439 1853 χρισθείη
2453 1826 2460 1850 ;
2476 1818 2538 1850 Πῶς
2560 1818 2594 1845 ἂν
2607 1828 2703 1855 χειρο-

1901 1862 2017 1898 τονητήν
2041 1863 2119 1889 λάϐοι
2138 1862 2288 1898 βασιλείαν,
2314 1863 2433 1898 φυσικὴν
2452 1863 2522 1898 ἔχων
2539 1864 2700 1899 βασιλείαν;

1906 1917 1915 1933 ‹
1930 1908 1959 1934 Ὀ
1969 1908 2063 1943 θρόνος
2076 1917 2123 1934 σου
2138 1909 2205 1944 γὰρ,
2220 1909 2311 1944 φησὶν,
2326 1910 2339 1935 ό
2352 1908 2431 1941 Θεὸς,
2445 1910 2485 1941 εἰς
2494 1909 2538 1936 τὸν
2554 1910 2639 1937 αἰῶνα
2652 1911 2702 1937 τοῦ

1902 1954 2009 1985 αἰῶνος.
2024 1964 2033 1979 ι
2053 1954 2159 1981 Οὐκοῦν
2175 1955 2297 1982 ἐναντίον
2316 1956 2346 1982 τὸ
2371 1953 2443 1982 εἶναι
2461 1956 2575 1991 βασιλέα
2592 1956 2639 1983 τοῦ
2660 1958 2702 1990 εἰς

1903 1999 2015 2034 βασιλέα
2043 2000 2201 2035 χρισθῆναι,
2227 2000 2270 2026 διὰ
2292 2001 2322 2027 τὸ
2347 2001 2491 2037 ἀγαπῆσαι
2513 2001 2701 2037 δικαιοσύνην,

1902 2045 1950 2072 καὶ
1966 2045 2081 2081 μισῆσαι
2106 2046 2232 2081 ἀνομίαν.
2252 2047 2344 2073 Πόνων
2365 2048 2420 2082 γὰρ
2445 2039 2529 2075 ¹ἆθλον
2550 2049 2566 2084 ὴ
2584 2048 2701 2085 τοιαύτη

1903 2091 2037 2126 βασιλεία.
2050 2092 2155 2119 Οὐκοῦν
2171 2093 2251 2119 πάλιν
2262 2093 2307 2119 τὸν
2324 2093 2374 2128 μὲν
2388 2094 2464 2126 Θεὸν,
2476 2090 2531 2121 οὗό
2548 2095 2642 2130 θρόνος
2660 2097 2702 2127 εἰς

1902 2136 1988 2163 αἰῶνα
2003 2136 2112 2168 αἰῶνος,
2134 2137 2179 2163 τὸν
2191 2138 2235 2164 ἀεὶ
2246 2138 2310 2164 ὄντα
2322 2140 2455 2174 νοήσομεν
2464 2148 2470 2154 ·
2487 2139 2533 2165 τὸν
2544 2140 2572 2166 δὲ
2587 2140 2702 2177 ἤστερόν

1902 2190 1967 2208 ποτε
1983 2182 2131 2217 χρισθέντα
2143 2183 2187 2210 διὰ
2203 2183 2232 2209 τὸ
2246 2184 2311 2219 περὶ
2325 2184 2375 2220 τὴν
2391 2185 2530 2221 ἁμαρτίαν
2548 2187 2636 2221 μῖσος,
2652 2188 2702 2213 καὶ

1901 2228 1950 2263 τὴν
1967 2229 2157 2264 ἁγαπηθεῖσαν
2173 2230 2219 2255 ὑπ’
2233 2230 2316 2256 αὐτοῦ
2334 2230 2520 2267 δικαιοσύνην,
2532 2232 2561 2258 τὸ
2577 2232 2606 2265 ἐξ
2619 2232 2703 2267 ἡμῶν

1057 2272 1089 2298 de
1105 2270 1182 2298 nobis
1198 2275 1351 2304 sumptum,
1368 2274 1395 2296 et
1411 2277 1444 2296 ex
1465 2269 1565 2296 Davide
1583 2275 1663 2303 atque
1678 2269 1849 2304 Abrahamo,
1866 2285 1888 2312 Β
1901 2274 2014 2310 ληφθὲν,
2030 2275 2061 2301 τὸ
2081 2276 2114 2302 ἐκ
2135 2276 2228 2308 Δαθὶδ,
2252 2277 2282 2304 τὸ
2302 2276 2332 2309 ἐξ
2357 2277 2402 2303 Ἀθ

1368 2274 1395 2296 ct
1411 2277 1444 2296 ex
1465 2269 1565 2296 DaVide
1583 2275 1663 2303 atque
1678 2269 1849 2304 Abrahalllo,
1866 2285 1888 2312 ι)
1901 2274 2014 2310 ληφθὲν,
2030 2275 2061 2301 τὸ
2081 2276 2114 2302 ἐκ
2135 2276 2228 2308 Δαὸὶδ,
2252 2277 2282 2304 τὸ
2302 2276 2332 2309 ἐξ
2357 2277 2496 2313 Ἀδραὰμ,
2519 2278 2549 2304 τὸ
2568 2279 2701 2314 μετόχους

1056 2322 1083 2343 et
1102 2316 1147 2351 qui
1169 2316 1237 2343 alios
1258 2315 1405 2350 participes
1426 2314 1468 2341 sui
1488 2314 1581 2346 habet,
1601 2322 1668 2348 quos
1689 2315 1760 2342 inter
1778 2316 1851 2342 chri-

1055 2368 1143 2389 smate
1161 2362 1286 2393 excellit,
1306 2363 1408 2396 quique
1429 2361 1520 2388 omnia
1550 2360 1712 2387 sanctissimi
1735 2360 1851 2396 Spiritus

1056 2409 1221 2436 charismata
1244 2409 1270 2435 in
1290 2416 1320 2435 se
1340 2407 1452 2441 recepit.
1473 2407 1599 2433 Attamen
1619 2407 1646 2434 in
1668 2411 1782 2442 utraque
1801 2417 1850 2435 na—

1057 2460 1116 2482 tura
1132 2463 1213 2481 unutn
1230 2454 1327 2481 Filium
1344 2452 1527 2479 adorabitnus.

1092 2499 1192 2527 lterum
1213 2501 1308 2526 beatus
1328 2498 1428 2526 Paulus
1449 2498 1577 2525 Davidem
1597 2503 1696 2526 testem
1718 2499 1848 2527 invocans

1056 2547 1102 2582 qui
1120 2547 1158 2573 ait
1175 2555 1180 2573 :
1201 2555 1210 2571 ι
1229 2545 1353 2577 Domine,
1371 2545 1434 2578 quid
1452 2550 1493 2572 est
1506 2546 1597 2577 homo,
1613 2547 1684 2580 quod
1701 2554 1804 2573 mem0r
1818 2554 1848 2574 es

1056 2593 1125 2627 ejus,
1144 2596 1191 2619 aut
1210 2591 1279 2618 illius
1299 2590 1416 2617 hominis
1437 2591 1564 2624 quoniam
1585 2592 1679 2618 visitas
1697 2591 1779 2619 eum?
1797 2592 1846 2619 Mi-

1057 2639 1139 2666 nuisti
1155 2646 1215 2665 eum
1228 2638 1305 2672 paulo
1320 2637 1408 2664 mintts
1421 2638 1453 2665 ab
1467 2638 1584 2672 angelis;
1599 2638 1685 2673 gloria
1701 2643 1728 2666 et
1744 2639 1846 2666 honore

1057 2684 1193 2712 coronasti
1209 2691 1271 2711 eum
1287 2683 1326 2716 ⁶¹;
1343 2693 1352 2709 ι
1368 2684 1488 2711 addidit:
1506 2693 1514 2709 ι
1532 2684 1598 2711 Eum
1616 2690 1706 2712 atttem
1724 2686 1769 2720 qui
1787 2692 1844 2713 mo-

1901 2319 1974 2354 ἕχον,
1998 2317 2039 2351 οἷς
2054 2320 2214 2347 πλεονεκτεί
2233 2321 2271 2357 τῷ
2290 2322 2433 2358 χρίσματι,
2458 2324 2487 2349 ὲν
2514 2323 2602 2358 ἐαυτῷ
2622 2323 2703 2355 δεξά-

1903 2374 1982 2402 μενον
1998 2366 2088 2393 πάντα
2104 2367 2138 2393 τὰ
2159 2367 2323 2403 ,χαρίσματα
2337 2368 2385 2395 τοῦ
2411 2369 2548 2403 παναγίου
2569 2369 2702 2405 Πνεύμα-

1899 2420 1945 2444 τος
1955 2420 1961 2426 δ
1978 2413 2006 2438 ὲν
2020 2413 2140 2448 ἑκατέρᾳ
2155 2413 2183 2441 δὲ
2197 2413 2276 2448 φύσει
2290 2414 2328 2450 (2)
2344 2415 2389 2441 τὸν
2403 2415 2451 2442 ἕνα
2465 2415 2529 2442 Υξὸν
2541 2417 2702 2451 προσκυνή-

1901 2467 2005 2494 σωμεν.

1937 2506 1993 2532 Καὶ
2007 2502 2085 2537 αὖθις
2102 2505 2131 2532 δὲ
2142 2507 2155 2532 ό
2175 2506 2309 2542 μακάριος
2331 2506 2438 2539 Παῦλος
2455 2508 2501 2534 τὸν
2517 2507 2600 2534 Δασιδ
2618 2508 2704 2534 καλέ-

1903 2559 1952 2582 σας
1972 2552 2012 2582 εἰς
2035 2552 2190 2587 μαρτυρίαν
2209 2553 2323 2587 λέγοντα
2336 2561 2342 2568 ·
2361 2563 2369 2579 ι
2384 2554 2481 2589 Κύριε,
2503 2554 2528 2580 τί
2551 2555 2627 2581 ἐστιν
2650 2555 2702 2581 ἇν-

1900 2596 2009 2631 Θρωπος
2027 2597 2068 2623 ὃτι
2092 2598 2235 2634 μιμνήσκῃ
2254 2598 2355 2631 αὐτοῦ,
2376 2600 2392 2634 ἢ
2410 2599 2468 2631 υίὸς
2495 2600 2640 2636 ἀνθρώπου
2658 2600 2704 2626 ὃτι

1900 2642 2055 2679 ἐπισκέπτῃ
2072 2644 2172 2677 αὺτόνς
2192 2645 2367 2677 Ἠλάττωσας
2386 2646 2468 2673 αὑτὸν
2488 2646 2575 2682 βραχύ
2589 2655 2616 2673 τι
2631 2648 2702 2682 παρ’

1899 2687 2042 2722 ἀγγέλους,
2063 2689 2126 2725 δόξῃ
2142 2691 2190 2717 καὶ
2205 2693 2272 2727 τιμῇ
2291 2692 2483 2726 ἐστεφάνωσας
2501 2694 2583 2719 αὐτόν
2595 2701 2601 2707 ·
2616 2702 2625 2718 ι
2647 2693 2702 2720 ἐπ-

1091 2774 1115 2790 "
1133 2773 1215 2800 Hebr.
1230 2780 1249 2805 ι,
1268 2773 1293 2800 ὃ.
1332 2772 1355 2788 ⁸⁵
1372 2774 1435 2801 ibid.
1455 2774 1481 2801 4.
1522 2773 1543 2789 ⁶⁶
1560 2773 1624 2800 ibid.
1637 2774 1664 2807 8,
1679 2774 1705 2801 9.
1746 2775 1766 2790 “
1785 2774 1867 2805 llebr.
1887 2784 1917 2809 tt,
1941 2778 1967 2810 6,
1983 2778 2010 2807 7.

1092 2851 1130 2886 (i)
1145 2851 1272 2887 Δᾼσινιιιιιιίῑ
1285 2851 1361 2878 Luca:
1375 2851 1462 2878 locum
1475 2852 1547 2885 quod
1561 2851 1657 2878 attinet
1670 2852 1773 2887 legatur
1789 2853 1847 2885 pul-

1053 2887 1117 2913 chra
1140 2885 1232 2920 Cyrilli
1250 2889 1333 2913 nostri
1351 2887 1487 2913 enarratio
1502 2887 1582 2912 etiam
1604 2887 1630 2912 in
1647 2885 1848 2914 commonuit-iis

1052 2923 1111 2954 ejus
1122 2927 1189 2953 quos
1203 2928 1250 2950 nos
1264 2922 1406 2950 edidimus.
1421 2921 1550 2956 (Hujusce
1561 2921 1664 2949 Ptttrol.
1679 2928 1698 2950 ι.
1714 2921 1847 2957 LXXII.)

1940 2856 1980 2895 (2)
2002 2856 2173 2895 llicqnoque
2188 2859 2255 2895 duas
2265 2858 2295 2895 in
2307 2866 2364 2895 uno
2377 2859 2488 2886 Christo
2502 2865 2615 2886 naturas
2630 2861 2705 2895 apud

1903 2891 2031 2927 Cyrillum
2052 2891 2176 2928 legimus,
2195 2894 2285 2922 invitis
2303 2894 2402 2922 frustra
2422 2895 2590 2922 Severianis.
