3406 3302
1056 241 1124 269 ,ωδ
1553 234 1581 261 s.
1603 231 1739 260 CYttlLLI
1758 228 1992 257 ALEXANDRlNl
2013 228 2174 257 AltClllEP.
2621 227 2689 254 νιυι

1054 302 1232 329 monstratur,
1249 296 1355 324 ducitur
1373 296 1399 322 in
1419 295 1555 322 desertttm
1573 294 1647 320 velut
1663 293 1696 319 ad
1719 292 1845 319 idoneam
1862 299 1883 326 Α
1899 290 1966 325 δάνῃ
1980 290 2136 325 βάπτισμα,
2150 289 2241 316 δίδωσι
2259 289 2335 321 τέλος
2350 289 2388 325 τῷ

1343 303 1355 323 r
1373 296 1399 322 in
1419 295 1555 322 desertttm
1573 294 1647 320 velut
1663 293 1696 319 ad
1719 292 1845 319 idoneam
1862 299 1883 326 Α
1899 290 1966 325 δάνῃ
1980 290 2136 325 βάπτισμα,
2150 289 2241 316 δίδωσι
2259 289 2335 321 τέλος
2350 289 2388 325 τῷ
2402 290 2487 325 νόμῳ,
2505 288 2551 316 καὶ
2569 288 2619 324 τὴν
2639 287 2687 314 θύ-

1055 345 1198 378 qnamdam
1223 343 1393 378 palaestram,
1421 346 1447 368 et
1470 340 1572 374 jejunat
1593 339 1702 374 837m
1724 338 1844 372 quidem,

1056 399 1109 417 nuit
1126 396 1213 416 tamen
1229 389 1298 415 ultra
1311 391 1413 414 natura:
1426 392 1597 417 mensuram;
1612 390 1638 410 et
1652 384 1722 411 vesci
1736 383 1843 418 quidem

1055 437 1140 470 eripit,
1162 434 1336 461 nihilominus
1357 432 1504 467 appetitum
1527 431 1645 462 cohibet,
1662 436 1748 464 neque
1767 428 1843 456 volu-

1056 481 1174 515 ptatibus
1189 480 1283 506 servit.
1301 478 1334 505 Et
1350 478 1428 504 famis
1443 477 1551 511 quidem
1573 482 1654 502 causa
1667 474 1784 502 concitat
1798 473 1847 500 ad-

1057 525 1205 551 versarium
1220 524 1251 550 ad
1267 524 1377 556 luctam,
1395 530 1473 557 quem
1487 526 1576 548 tanien
1592 520 1710 547 humana
1727 519 1845 553 philoso-

1055 570 1118 605 phia
1143 574 1263 605 superat,
1287 577 1340 596 non
1368 568 1518 594 divinitatis
1538 570 1689 601 potestate;
1718 565 1844 596 luctatur,

1056 621 1174 650 superat,
1188 616 1282 647 vincit,
1298 614 1433 650 proﬂigat,
1448 612 1616 648 tyrannidem
1625 610 1758 642 dissolvit,
1771 610 1846 637 inlir-

1056 662 1177 688 mitatetn
1195 661 1267 688 illitis
1291 661 1469 691 demonstrat,
1485 659 1642 691 clademque
1656 656 1817 691 dcprtedicat
1837 662 1844 681 :

1058 717 1067 733 ‹
1080 708 1222 739 Conlidite,
1236 706 1332 741 inquit,
1349 713 1397 740 ego
1408 705 1458 732 vici
1470 704 1599 731 mundttm
1612 703 1651 728 ⁷⁵ι
1665 712 1674 727 ›
1692 707 1805 729 cunctos
1814 701 1845 727 ad

1056 755 1181 780 virtutem
1197 754 1328 782 hortatur.
1341 751 1490 778 divinorum
1503 750 1656 783 dogmalum
1667 747 1771 774 tabulas
1780 755 1846 774 con-

1056 800 1105 832 dit,
1124 799 1277 826 nuntiatum
1294 789 1345 824 ore.
1359 797 1497 831 propheta:
1521 795 1724 822 Testamentum
1747 800 1844 819 novum

1058 845 1139 871 tradit
1153 845 1187 877 ⁷³,
1198 843 1327 870 caelorum
1343 849 1455 876 regnum
1468 840 1611 876 protnittit,
1631 839 1709 866 ol'licii
1724 845 1846 866 content-

1057 891 1179 925 ptoribus
1193 890 1322 924 gehennae
1343 889 1430 923 ignem
1449 887 1639 914 comminatur.

1902 345 1950 372 ραν
1966 336 2107 370 ὑπανοίγει
2119 336 2170 371 τῆς
2184 337 2305 372 χάριτος,
2319 336 2371 362 ὑπὸ
2388 336 2434 363 τοῦ
2449 335 2556 370 Πατρὺς
2573 334 2689 370 οὐρανό-

1899 382 1945 408 θεν
1974 382 2202 417 ἀνακηρύττεται,
2230 383 2263 417 τῇ
2289 382 2425 417 παρουσίᾳ
2452 381 2498 408 τοῦ
2529 380 2690 414 Πνεύματος

1898 428 2049 460 δείκνυται,
2066 429 2198 462 ἀνάγεται
2214 429 2253 460 εἰς
2265 428 2313 464 τὴν
2330 429 2433 464 ἔρημον
2448 428 2485 459 ὼς
2498 428 2539 459 είς
2554 427 2690 462 ἀρμοδίαν

1895 474 1956 501 τινὰ
1974 474 2146 509 παλαίστραν
2167 474 2219 500 ὑπὸ
2243 474 2292 501 τοῦ
2312 474 2481 509 Πνεύματος,
2499 474 2546 499 καὶ
2563 472 2691 508 νηστεύει

1897 521 1966 555 μὲν,
1994 521 2025 547 οὗ
2056 521 2127 556 πέρα
2155 521 2185 547 δὲ
2209 520 2263 547 τῶν
2291 520 2397 556 μέτρων
2423 520 2473 554 τῆς
2498 520 2615 553 φύσεως,
2641 518 2690 545 καὶ

1895 567 1996 602 τροφῆς
2014 566 2064 601 μὲν
2080 567 2199 601 ἐφίεται,
2225 566 2292 593 ἀλλὰ
2316 567 2412 602 κρατεῖ
2434 566 2483 600 τῆς
2506 565 2621 599 ὀρέξεως
2635 586 2642 597 ,
2658 564 2690 590 οὗ

1895 612 2016 639 δουλεύει
2038 614 2098 643 ταῖς
2119 613 2241 648 ἡδοναῖς·
2267 613 2314 639 καὶ
2336 612 2416 639 καλεῖ
2440 612 2489 647 μὲν
2502 613 2535 647 τῇ
2549 612 2629 646 πείνῃ
2645 611 2690 637 τὸν

1896 657 2043 684 ἀντίπαλον
2070 658 2111 689 εἰς
2135 658 2184 693 τὴν
2215 658 2323 694 πάλην,
2358 658 2527 693 περιγίνεται
2550 658 2578 684 δὲ
2606 656 2690 683 αὑτοῦ

1897 703 2056 739 ἀνθρωπίνῃ
2081 703 2244 739 φιλοσοφίᾳ,
2271 704 2328 730 ἀλλ’
2353 705 2403 730 οὑκ
2424 703 2534 738 ἐξουσίᾳ
2553 703 2690 738 θεότητος,

1898 747 2064 781 ἀγωνίζεται
2077 768 2085 781 ,
2109 749 2323 782 καταγωνίζεται
2335 770 2343 781 ,
2365 750 2428 784 νικᾷ
2442 769 2448 780 ,
2466 749 2603 782 ἐξελαύνει
2616 769 2623 779 ,
2641 749 2690 784 τὴν

1898 794 2043 827 τυραννίδα
2059 794 2189 820 καταλύει
2199 814 2206 825 ,
2231 795 2261 821 τὸ
2273 795 2385 827 ἀσθενὲς
2398 795 2503 830 ἐλέγχει
2516 816 2523 826 ,
2542 795 2592 830 τὴν
2607 791 2691 830 ἧτταν

1900 837 2048 872 κηρύττει·
2070 847 2078 863 t
2095 838 2228 873 Θαρσεῖτε
2240 839 2305 874 γάρ,
2323 840 2415 875 φησὶν,
2434 839 2489 873 ἐγὼ
2503 839 2632 874 νενίκηκα
2645 839 2692 864 τὸν

1900 884 2003 919 κόσμον
2024 893 2031 899 ·
2061 894 2071 910 ι
2095 886 2247 921 προτρέπει
2280 886 2384 917 πάντας
2416 887 2455 918 είς
2488 886 2605 922 ἀρετὴν,
2642 885 2691 920 τὴν

1058 935 1217 971 νομοθεσίαν
1233 935 1285 962 τῶν
1304 934 1383 961 θείων
1407 933 1549 968 δογμάτων
1569 933 1651 964 ποιεῖ,
1672 931 1722 967 τὴν
1752 931 1797 958 διὰ
1814 930 1861 957 τοῦ
1886 931 2028 966 προφήτου
2054 931 2265 967 ἐπηγγελμένην
2288 933 2386 968 καινὴν
2400 932 2539 968 Διαθήκην
2571 932 2691 963 δίδωσιν.

1057 981 1179 1017 οὐρανῶν
1213 981 1353 1016 βασιλείαν
1381 981 1562 1015 ὑπισχνεῖται,
1590 980 1645 1011 τοῖς
1661 978 1806 1014 ἀμελοῦσιν
1826 977 1933 1004 ἀπειλεῖ
1946 978 1995 1013 τῆς
2006 978 2119 1014 γεέννης
2135 978 2185 1013 τὴν
2198 978 2294 1013 φλόγα.

1087 1038 1171 1065 XXV.
1192 1037 1393 1073 Compendiaria
1409 1037 1608 1064 Dominicorum
1624 1036 1815 1063 miraculorum
1864 1028 1885 1055 Β
1901 1035 1965 1062 KE’.
1993 1036 2146 1070 Σύντομος
2166 1036 2225 1063 τῶν
2244 1037 2432 1073 Δεσποτικῶν

1347 1038 1393 1064 tria
1409 1037 1608 1064 Dominicorum
1624 1036 1815 1063 miraculorum
1864 1028 1885 1055 Β
1901 1035 1965 1062 KE’.
1993 1036 2146 1070 Σύντομος
2166 1036 2225 1063 τῶν
2244 1037 2434 1073 Δεσποτικῶν
2460 1036 2619 1071 θαυμάτων
2648 1037 2692 1063 δι-

1387 1072 1517 1099 narratio.

1092 1133 1177 1160 Dictis
1191 1131 1271 1159 fidem
1292 1130 1358 1158 facit
1372 1130 1466 1166 grandi
1483 1133 1587 1165 patrato
1602 1128 1742 1160 miraculo,
1757 1128 1848 1155 vinum

1059 1186 1154 1213 nempe
1170 1178 1240 1204 nulla
1254 1177 1357 1204 cultura
1372 1176 1535 1210 acquisitum
1551 1175 1651 1210 nuptiis
1663 1175 1848 1210 suppeditans,

1057 1222 1149 1248 vinum
1169 1221 1227 1248 sine
1246 1220 1401 1255 palmitibus
1426 1228 1459 1247 ex
1483 1228 1553 1255 aqua
1581 1220 1740 1252 conficiens,
1756 1219 1849 1247 vinum

1059 1266 1160 1300 absque
1182 1273 1231 1292 uva
1254 1265 1410 1300 nuptiarum
1426 1265 1548 1292 convivis
1565 1265 1693 1299 largiens,
1710 1264 1736 1291 in
1758 1265 1849 1292 vinum

1059 1316 1167 1337 mutans
1183 1318 1314 1345 aquarum
1334 1316 1470 1343 naturam,
1491 1310 1565 1337 nulla
1586 1310 1783 1338 interveniente
1797 1311 1851 1338 vite

1060 1356 1200 1384 humorem
1222 1363 1300 1383 terra:
1316 1356 1486 1391 depraedans,
1510 1361 1590 1391 atque
1615 1357 1651 1384 ita
1670 1357 1776 1391 nuptias
1798 1365 1850 1383 non

1059 1401 1202 1435 prtesentia
1215 1401 1412 1434 tantummodo,
1430 1409 1522 1429 verum
1532 1403 1613 1429 etiam
1628 1403 1750 1437 prodigio
1766 1403 1851 1429 hono—

1060 1453 1134 1473 rans.
1153 1445 1219 1473 Nam
1238 1447 1300 1481 quia
1315 1447 1370 1481 ipse
1382 1447 1414 1474 de
1428 1447 1547 1482 virginea
1564 1448 1642 1474 vulva
1659 1449 1807 1482 prodierat,
1824 1453 1851 1475 et

1059 1492 1243 1526 virginitatem
1261 1500 1309 1519 usu
1331 1492 1440 1526 proprio
1457 1496 1484 1519 et
1501 1493 1591 1520 verbis
1605 1493 1761 1526 extollebat,
1779 1494 1851 1521 cadi-

1059 1538 1205 1572 batumque
1217 1545 1299 1572 opere
1319 1546 1350 1564 ac
1371 1539 1543 1565 sermonibus
1563 1539 1724 1572 honorabat,
1743 1548 1775 1566 ne
1791 1540 1851 1574 quis

1061 1584 1131 1611 forte
1158 1583 1312 1618 cattjugium
1333 1584 1550 1618 intemperantia;
1575 1584 1633 1612 loco
1655 1585 1776 1617 haberet,
1799 1593 1851 1612 nu-

1059 1629 1185 1663 ptiasque
1209 1636 1257 1655 ceu
1284 1628 1392 1656 illicitas
1416 1630 1581 1662 traduceret,
1605 1630 1711 1664 nuptias
1726 1630 1849 1658 honestat

2235 1072 2354 1107 ἡγησις-

1935 1127 2083 1155 Πιστοῦται
2103 1127 2137 1155 τὰ
2150 1128 2285 1163 λεγόμενα
2297 1131 2331 1164 τῇ
2345 1130 2450 1165 μεγάλῃ
2472 1129 2692 1165 θαυματουργία,

1900 1173 1971 1202 οἶνον
1987 1176 2163 1211 ἀγεώργητον
2178 1176 2217 1211 τῷ
2233 1177 2314 1212 γάμῳ
2325 1177 2507 1212 δωρούμενος,
2524 1174 2595 1203 οἶνον
2606 1176 2693 1212 χωρὶς

1901 1222 2048 1257 κλημάτων
2065 1222 2094 1254 ἐξ
2114 1222 2208 1254 ὕδατος
2226 1222 2420 1258 ἐργαζόμενος,
2444 1220 2514 1249 οἶνον
2537 1221 2694 1255 ἀστάφυλον

1900 1269 1957 1299 τοῖς
1980 1266 2027 1293 τοῦ
2053 1267 2142 1302 γάμου
2163 1267 2306 1302 δαιτυμόσι
2335 1267 2526 1303 χαριζόμενος,
2554 1268 2593 1298 είς
2620 1265 2694 1293 οἶνον

1903 1313 2064 1348 μεταϐαλὼν
2081 1314 2135 1340 τῶν
2146 1314 2250 1341 ὑδάτων
2264 1314 2313 1349 τὴν
2328 1313 2420 1348 φύσιν,
2440 1314 2476 1350 μὴ
2495 1314 2695 1349 μεσιτευούσης

1902 1359 2025 1394 ἀμπέλου
2039 1379 2046 1391 ,
2062 1359 2110 1386 καὶ
2132 1360 2182 1394 τῆς
2201 1359 2255 1394 γῆς
2271 1360 2320 1394 τὴν
2345 1360 2435 1386 νοτίδα
2456 1360 2585 1395 συλήσας,
2604 1360 2694 1394 τιμῶν

1901 1405 1946 1431 τὸν
1962 1405 2051 1440 γάμον
2067 1406 2097 1432 οὐ
2111 1407 2143 1440 τῇ
2170 1405 2307 1440 παρουσίᾳ
2322 1405 2413 1440 μόνον,
2429 1405 2495 1431 ὰ).λά
2512 1406 2559 1432 καὶ
2578 1406 2610 1440 τῇ
2628 1405 2696 1431 θαυ-

1904 1451 2076 1486 ματουργία·
2101 1451 2194 1486 ἐπειδὴ
2218 1450 2273 1486 γὰρ
2294 1451 2326 1477 ἐκ
2348 1450 2517 1486 παρθενικῆς
2541 1450 2695 1485 ἐϐλάστησε

1903 1497 2027 1531 μήτρας,
2051 1499 2098 1532 κριὶ
2114 1497 2263 1532 παρθενίαν
2278 1497 2382 1533 ἤσκησε
2404 1505 2433 1523 τε
2454 1497 2503 1524 καὶ
2523 1498 2577 1527 τοῖς
2603 1496 2696 1530 λόγοις

1902 1542 1995 1578 ἐξῆρε,
2009 1542 2056 1569 καὶ
2076 1543 2125 1578 τὴν
2141 1542 2258 1577 ἀξυγίαν
2279 1543 2370 1578 ἔργοις
2383 1543 2431 1569 καὶ
2445 1543 2534 1577 λόγοις
2552 1543 2694 1578 ἐτίμησεν,

1902 1590 1945 1616 ἵνα
1972 1591 2008 1625 μή
2033 1598 2075 1621 τις
2099 1590 2247 1616 ἀκολασίαν
2267 1587 2337 1617 εἶναι
2353 1589 2450 1625 νομίζῃ
2474 1591 2523 1625 τὴν
2548 1590 2695 1624 συζυγίαν,

1902 1636 1949 1662 καὶ
1964 1635 2002 1667 ὡς
2018 1636 2178 1671 παρανόμου
2193 1636 2240 1662 τοῦ
2257 1636 2347 1671 γάμου
2369 1636 2534 1671 κατηγοροίη
2544 1656 2551 1668 ,
2567 1636 2634 1671 τιμᾷ
2646 1636 2696 1662 τὸν

1060 1675 1203 1708 praesentia
1234 1683 1300 1708 sua,
1332 1675 1461 1702 honorem
1497 1676 1596 1710 insigni
1621 1684 1734 1703 munere
1758 1682 1848 1711 auget,
1865 1699 1885 1727 ο
1902 1682 1991 1715 γάμον
2006 1683 2038 1716 τῇ
2060 1682 2196 1717 παρουσίᾳ
2213 1681 2267 1717 (1),
2280 1681 2356 1714 αὔξει
2368 1682 2405 1716 τὴη

1351 1683 1461 1702 onorem
1497 1676 1596 1710 insigni
1621 1684 1734 1703 munere
1758 1682 1848 1711 auget,
1865 1699 1885 1727 c
1902 1682 1991 1715 γάμον
2006 1683 2038 1716 τῇ
2060 1682 2196 1717 παρουσίᾳ
2213 1681 2267 1717 (1),
2280 1681 2356 1714 αὔξει
2368 1682 2418 1716 τὴν
2438 1681 2520 1717 τιμὴν
2532 1683 2565 1717 τῇ
2578 1681 2626 1707 τοῦ
2639 1681 2695 1708 δώ.

1060 1727 1188 1753 sponsum
1206 1721 1342 1747 anxietate
1355 1720 1474 1755 expedit,
1494 1721 1622 1748 convivas
1638 1721 1702 1748 facit
1723 1722 1851 1749 attonitos

1060 1772 1136 1792 novae
1159 1766 1197 1792 rei
1227 1765 1388 1800 fragrantia,
1416 1774 1446 1793 se
1465 1767 1552 1800 ipsum
1581 1767 1631 1794 hoc
1646 1767 1716 1794 dono
1745 1767 1851 1801 publice

1059 1810 1227 1837 manifestat.
1254 1810 1321 1837 Nam
1346 1811 1392 1844 qui
1417 1811 1578 1838 naturaliter
1605 1812 1763 1840 illaboratns
1781 1818 1850 1846 erat,

1059 1855 1231 1882 illaboratum
1259 1855 1350 1882 vinum
1370 1856 1561 1890 suppeditavit.
1584 1855 1713 1883 Poslhinc
1735 1861 1852 1891 aegrotos

1059 1905 1147 1933 sanat,
1168 1908 1293 1928 sermone
1317 1902 1425 1928 morbos
1445 1901 1565 1935 resolvit,
1583 1907 1649 1929 nutu
1671 1902 1767 1930 liberat
1787 1911 1850 1938 pas-

1060 1947 1182 1974 sionibus
1199 1946 1364 1979 laborantes,
1389 1947 1569 1974 daamoniacos
1586 1947 1660 1975 rabie
1682 1947 1788 1982 liberat,
1810 1949 1851 1976 l'u-

1060 1998 1150 2020 rentes
1169 1993 1201 2019 ad
1217 1993 1337 2027 quietam
1354 1998 1470 2020 mentem
1493 1999 1611 2024 revocat,
1631 1994 1792 2030 paralyticos
1808 2002 1850 2022 so-

1059 2039 1135 2070 lidat,
1150 2039 1304 2066 claudorum
1321 2039 1401 2072 pedes
1414 2039 1587 2073 redintegrat,
1605 2040 1688 2066 solent
1699 2041 1755 2067 visu
1765 2041 1850 2068 cassis

1058 2084 1168 2118 838m
1190 2084 1317 2115 ostendit,
1336 2083 1408 2111 fores
1431 2085 1557 2111 nimirum
1577 2086 1700 2120 corporis
1725 2087 1850 2120 aperiens

1060 2136 1108 2163 per
1118 2135 1185 2162 quas
1200 2128 1296 2155 animae
1307 2129 1418 2156 visualis
1431 2129 1547 2157 facultas
1560 2135 1637 2157 extra
1650 2131 1752 2164 prodit;
1771 2131 1850 2165 idque

1060 2174 1140 2201 ntodo
1159 2174 1216 2201 solo
1230 2182 1356 2202 sermone
1369 2175 1465 2208 efﬁcit,
1483 2176 1561 2202 modo
1584 2181 1662 2210 sputo
1678 2184 1710 2203 ac
1733 2177 1790 2204 luto
1804 2178 1850 2205 de-

1061 2220 1194 2247 ticientem
1208 2224 1311 2253 partem
1333 2221 1448 2254 supplet,
1467 2221 1586 2255 facitque
1605 2222 1700 2254 lutum,
1713 2224 1784 2258 quod
1802 2232 1850 2258 per

1060 2272 1090 2291 so
1104 2265 1188 2293 oculis
1206 2270 1247 2292 est
1263 2266 1401 2298 infestum,
1416 2266 1554 2293 oculorum
1573 2267 1716 2302 medicum,
1738 2275 1766 2297 et
1784 2278 1849 2298 con-

1061 2311 1144 2338 trario
1159 2311 1306 2345 pharmaco
1319 2311 1414 2343 utitur,
1438 2316 1466 2338 et
1485 2319 1541 2338 rem
1557 2313 1663 2340 noxiam
1683 2316 1789 2342 exhibet
1805 2324 1845 2343 sa-

1904 1734 1950 1760 ρου
1968 1726 2118 1762 φιλοτιμίᾳ,
2143 1726 2203 1753 λύει
2229 1726 2276 1753 τοῦ
2292 1726 2409 1761 νυμφίου
2429 1727 2478 1762 τὴν
2500 1727 2627 1762 ἀπορίαν,
2646 1728 2696 1753 ἐκ·

1903 1772 2015 1807 πλήττει
2047 1772 2111 1804 τοὺς
2129 1773 2268 1807 συμπότας
2287 1775 2319 1808 τῇ
2344 1772 2392 1799 τοῦ
2415 1773 2508 1799 καινοῦ
2531 1773 2696 1808 πράγματος

1902 1818 2028 1853 εὐοσμίᾳ,
2047 1819 2143 1844 ἑαυτὸν
2160 1818 2203 1844 διὰ
2224 1818 2270 1844 τοῦ
2286 1818 2372 1853 δώρου
2395 1818 2536 1854 κηρύττει.
2571 1818 2694 1853 ’Λγεώρ-

1901 1872 1984 1898 γητος
1996 1863 2051 1899 γὰρ
2068 1864 2116 1894 ὢν,
2131 1864 2175 1890 τὸν
2189 1864 2365 1900 ἀγεώργητον
2378 1862 2448 1891 οἶνον
2460 1865 2585 1891 δέδωκεν.
2607 1864 2695 1891 Ἐκεῖ.

1902 1910 1948 1936 θεν
1961 1909 2024 1941 τοὺς
2036 1909 2195 1946 ἀρρώστους
2212 1911 2349 1943 ἰᾶται,καὶ
2361 1911 2434 1946 λόγῳ
2450 1910 2509 1937 λύει
2519 1911 2569 1941 τὰς
2585 1911 2692 1942 νόσους,

1902 1956 1948 1982 καὶ
1960 1955 2075 1991 νεύματι
2089 1956 2144 1983 τῶν
2161 1956 2257 1983 παθῶν
2267 1956 2433 1983 ἀπαλλάττει
2449 1957 2512 1988 τοὺς
2526 1956 2692 1991 κάμνοντας,

1901 2002 1964 2033 τοὺς
1991 2001 2178 2037 δαιμονῶντας
2204 2002 2254 2037 τῆς
2279 2002 2377 2038 λύττης
2400 2002 2547 2038 ἐλευθεροῖ,
2571 2003 2692 2029 δείκνυσι

1900 2046 1964 2078 τοὺς
1983 2048 2137 2082 μεμηνότας
2161 2048 2373 2083 καθεστηκότας,
2398 2049 2508 2083 σφίγγει
2532 2048 2594 2079 τοὺς
2618 2057 2692 2083 παρ-

1900 2092 2036 2127 ειμένους,
2052 2094 2200 2129 ἀρτίποδας
2215 2095 2279 2125 τοὺς
2293 2094 2397 2129 χωλοὺς
2420 2094 2620 2129 ἀπεργάζεται,
2635 2094 2692 2120 δεί-

1900 2147 1977 2165 κνυσι
1991 2138 2036 2165 τὸν
2052 2139 2127 2173 ἥλιον
2138 2140 2193 2170 τοῖς
2208 2139 2238 2165 τὸ
2254 2139 2361 2174 βλέπειν
2376 2141 2571 2176 ἀφῃρημένοις,
2588 2140 2692 2173 ἀνοίγει

1900 2183 1949 2214 τὰς
1965 2183 2049 2219 θύρας
2077 2184 2123 2210 τοῦ
2139 2185 2265 2220 σώματος
2287 2186 2321 2211 δι’
2335 2182 2371 2212 ὦν
2388 2187 2432 2212 ἐπὶ
2444 2186 2477 2211 τὰ
2492 2185 2544 2218 ἔξω
2556 2186 2692 2220 διαχεῖται

1899 2229 1929 2255 τὸ
1945 2229 1993 2264 τῆς
2007 2229 2096 2265 ψυχῆς
2113 2230 2235 2263 όπτικὸν,
2253 2232 2300 2258 καὶ
2314 2232 2361 2258 νῦν
2377 2232 2425 2266 μὲν
2443 2232 2514 2267 λόγῳ
2528 2232 2599 2267 μόνῳ
2610 2232 2692 2259 τοῦτο

1900 2277 1980 2307 ποιεῖ,
1995 2276 2041 2302 τὸν
2059 2277 2142 2311 πηλὸν
2155 2277 2200 2303 τὸν
2214 2277 2269 2304 τῶν
2286 2278 2418 2313 ὀμμάτων
2442 2278 2584 2305 ἐπίϐουλον
2597 2279 2691 2313 ὀμμά-

1899 2329 1952 2347 των
1969 2321 2148 2358 θεραπευτὴν,
2162 2323 2259 2357 καὶτῷ
2283 2324 2405 2358 πολεμίῳ
2428 2324 2567 2359 φαρμάκῳ
2585 2324 2691 2359 κέχρη-

1061 2356 1184 2404 hilarem.
1198 2356 1315 2404 Auribus
1330 2357 1364 2383 ab
1380 2356 1513 2404 audiendo
1526 2357 1617 2390 dictis,
1631 2359 1676 2386 sed
1692 2365 1779 2388 tamen
1798 2369 1846 2388 au-
1862 2369 1883 2395 ι)
1898 2374 1951 2398 ται,
1965 2367 2012 2393 καὶ
2031 2367 2062 2393 τὸ
2083 2356 2250 2403 δηλητήριοᾴ
2273 2356 2406 2404 ἀλεξήτήέ

1349 2357 1364 2383 1)
1380 2356 1513 2404 audiendo
1526 2357 1617 2390 dictis,
1631 2359 1676 2386 sed
1692 2365 1779 2388 tamen
1798 2369 1846 2388 au-
1862 2369 1883 2395 ῐ)
1898 2374 1951 2398 ται,
1965 2367 2012 2393 καὶ
2031 2367 2062 2393 τὸ
2083 2356 2250 2403 δηλητήριον
2273 2356 2451 2404 ἀλεξητήριον
2469 2356 2609 2396 δείκνυσι·
2621 2356 2690 2402 Qui;

1060 2401 1115 2427 ditu
1138 2402 1304 2435 carentibus,
1328 2402 1478 2429 naturalem
1497 2403 1615 2437 impertit
1632 2413 1719 2433 usum.
1749 2407 1846 2436 Paucis

1059 2446 1175 2480 panibus
1188 2447 1214 2474 in
1235 2448 1342 2475 deserto
1359 2448 1441 2474 multa
1460 2448 1598 2477 hominum
1623 2452 1704 2479 millia
1726 2453 1844 2487 satiavit,

1059 2493 1179 2526 quinque
1199 2493 1302 2520 scilicet
1318 2501 1413 2527 panes,
1431 2498 1557 2529 tanquam
1580 2496 1605 2522 in
1624 2505 1717 2524 arvum
1740 2506 1845 2532 semen,

1059 2538 1183 2565 manibus
1203 2539 1323 2570 tradens,
1344 2544 1371 2565 et
1390 2539 1485 2574 lingua:
1502 2541 1714 2570 benedictionem
1735 2552 1783 2572 cett
1807 2546 1845 2572 ri-

1058 2589 1140 2616 gnum
1153 2582 1274 2609 nimbum
1287 2583 1433 2616 adducens,
1446 2585 1554 2612 densam
1568 2586 1704 2622 altamque
1717 2595 1845 2624 segetem,

1059 2632 1086 2654 et
1100 2628 1207 2661 plenam
1223 2635 1313 2655 aream
1326 2630 1507 2663 apostolorum
1522 2640 1618 2660 manus
1628 2633 1717 2660 effecit
1732 2643 1738 2660 :
1756 2643 1846 2663 aream

1059 2680 1110 2699 nec
1125 2673 1276 2700 ventilabro
1299 2681 1349 2700 nec
1366 2677 1521 2710 purgator-io
1545 2684 1679 2712 egentem,
1701 2687 1753 2706 non
1778 2682 1846 2708 mola

1059 2726 1109 2754 nec
1124 2724 1226 2746 mactra
1247 2727 1296 2747 nec
1311 2720 1371 2755 igne
1384 2726 1429 2748 aut
1453 2722 1571 2756 clibano,
1593 2724 1639 2750 sed
1660 2724 1731 2758 ipsos
1747 2733 1795 2760 per
1817 2735 1847 2755 se

1094 2798 1116 2814 "
1128 2797 1203 2825 Joau.
1218 2806 1273 2830 ut,
1287 2799 1331 2826 35.
1370 2800 1391 2815 ⁷¹
1403 2800 1502 2828 Jerem.
1516 2809 1591 2832 ΠΜ,
1603 2802 1647 2828 31.

1094 2875 1131 2911 (l)
1151 2876 1279 2903 Eamdem
1299 2878 1460 2904 sententiam
1480 2878 1562 2905 habes
1581 2879 1607 2905 in
1627 2886 1696 2906 novo
1715 2881 1795 2907 etiam
1814 2886 1840 2908 et

1059 2913 1178 2946 apprime
1197 2912 1313 2945 genuino
1333 2913 1418 2938 sancti
1438 2913 1577 2946 Augustini
1598 2921 1721 2941 sermone
1743 2916 1775 2943 de
1796 2925 1841 2943 ηυ-

1059 2948 1120 2978 ptiis
1135 2947 1204 2982 apud
1220 2948 1330 2977 Canam,
1347 2955 1425 2982 quem
1445 2955 1492 2974 nos
1509 2955 1540 2974 ex
1560 2949 1627 2975 miro
1645 2950 1735 2978 codice
1750 2952 1840 2978 saeculi

1899 2412 1994 2444 ἀκοαῖς
2009 2413 2200 2447 καλουμέναις,
2211 2414 2242 2440 τὸ
2255 2414 2283 2440 δὲ
2297 2414 2406 2441 ἀκούειν
2420 2415 2512 2451 άφῃρη
2518 2416 2622 2450 μέναις,
2639 2416 2691 2451 τὴν

1899 2458 2002 2484 οἰκείαν
2014 2458 2153 2493 ἐνέργειαν
2165 2460 2426 2495 ἑπιδίδωσι.”Αρτοις
2436 2461 2537 2494 ὀλίγοις
2549 2462 2578 2487 ὲν
2592 2462 2691 2496 ἐρήμῳ

1899 2504 2000 2535 πολλὰς
2023 2505 2135 2540 ὲκόρεσε
2149 2505 2281 2540 χιλιάδας,
2298 2507 2362 2538 τοὺς
2377 2507 2457 2533 πέντε
2470 2507 2580 2542 ἄρτους,
2593 2506 2690 2542 ὥσπερ

1899 2549 1938 2579 εἰς
1952 2549 2071 2585 ἄρουραν
2090 2551 2202 2586 σπέρμα
2212 2572 2219 2584 ,
2233 2553 2292 2583 ταῖς
2311 2553 2405 2587 χερσὶν
2421 2552 2558 2587 ἐμϐαλὼν,
2576 2553 2623 2578 καὶ
2638 2552 2690 2587 τῆς

1896 2594 2019 2628 γλώττης
2032 2596 2080 2631 τὴν
2092 2596 2218 2630 εὐλογίαν
2233 2595 2289 2624 οἷόν
2304 2607 2330 2624 τι
2345 2598 2424 2631 νέφος
2441 2598 2601 2633 ἐπαγαγὼν,
2619 2598 2691 2625 δασὺ

1896 2639 1943 2665 καὶ
1964 2639 2032 2673 βαθὺ
2048 2641 2122 2675 λήϊον
2146 2642 2192 2668 καὶ
2208 2642 2264 2669 ἅλω
2280 2642 2370 2678 πλήρη
2384 2642 2434 2674 τὰς
2453 2644 2507 2670 τῶν
2528 2643 2690 2670 ἀποστόλων

1896 2685 1990 2719 χεῖρας
2011 2686 2168 2721 ἀπέφηνεν,
2184 2687 2240 2714 ἆλω
2256 2688 2286 2714 οὺ
2303 2688 2387 2714 πτύου
2408 2689 2539 2723 δεομένην
2561 2689 2609 2715 καὶ
2631 2689 2691 2715 δια-

1896 2731 2022 2766 κρίσεως,
2039 2734 2069 2759 οὐ
2086 2734 2170 2767 μύτου
2184 2735 2230 2761 καὶ
2254 2735 2378 2770 μάκτρας
2394 2736 2440 2762 καὶ
2457 2735 2542 2770 πυρὸς
2562 2735 2608 2761 καὶ
2627 2736 2689 2762 κλι-

2024 2886 2154 2916 edidimus
2173 2889 2198 2917 in
2215 2890 2355 2927 Spici/cgio
2375 2892 2464 2927 Ram.,
2491 2899 2509 2921 ι.
2530 2894 2592 2928 Vill,
2613 2897 2686 2924 circa
