3406 3340
997 211 1065 237 1-167

999 272 1087 294 calum
1105 268 1149 297 ille
1165 270 1288 298 audierat
1304 282 1312 300 -.
1332 281 1341 297 ι
1356 272 1496 300 Maledicta
1518 278 1588 301 terra
1614 275 1641 301 in
1657 275 1784 310 operibus
1799 282 1821 309 Α

1001 312 1054 340 tuis
1071 322 1078 340 :
1096 315 1189 348 spinas
1216 321 1242 343 et
1264 317 1376 344 tribulos
1399 319 1560 353 geminabit
1576 319 1624 347 tibi
1638 320 1672 347 “.
1689 329 1698 345 ι
1716 320 1789 348 Felle

1002 360 1210 388 amaritudinem
1232 370 1263 390 ac
1282 363 1431 391 molestiam
1456 365 1578 393 mortalis
1599 366 1789 402 passibilisque

1002 404 1141 432 hominum
1165 406 1224 433 vita:
1243 407 1268 433 in
1293 415 1323 434 se
1345 409 1456 442 recepit.
1483 409 1567 436 Aceto
1591 409 1732 436 hominum
1761 411 1788 437 in

1003 449 1077 483 pejus
1095 451 1270 478 mutationem
1287 452 1342 486 ipse
1357 453 1408 480 sibi
1425 453 1576 487 imputavit,
1589 458 1617 481 et
1631 454 1664 480 ad
1679 453 1789 481 meliora

1004 496 1119 522 reditum
1142 497 1253 531 largitus
1267 496 1320 525 est.
1338 499 1459 534 Purpura
1482 507 1594 535 regnum
1618 499 1789 535 signiﬁcavit,

1003 540 1123 577 840m
1146 543 1249 570 calamo
1274 543 1457 572 inﬁrmitatem
1480 545 1709 580 fragilitatemque
1742 553 1791 581 po-

1005 587 1095 613 tentia:
1109 587 1208 614 diaboli
1227 589 1325 621 innuit,
1348 589 1427 624 alapa
1451 596 1571 618 nostram
1591 591 1738 625 publicavit
1759 591 1793 618 li-

1005 632 1147 666 bertatem,
1162 625 1239 661 nobis
1254 635 1359 662 debitas
1375 636 1494 664 tolerans
1509 637 1566 671 ipse
1589 637 1711 670 injurias,
1732 644 1792 664 cor-

1004 679 1139 707 rectiones
1152 687 1233 715 atque
1243 682 1343 716 plagas.
1354 681 1447 715 Latus,
1456 690 1533 717 mque
1546 691 1579 710 ac
1590 683 1722 716 Adamus,
1730 691 1792 718 per-

1006 723 1103 759 fossus,
1127 733 1181 753 non
1198 732 1286 754 tamen
1313 728 1439 755 feminam
1466 729 1528 756 inde
1543 734 1725 764 emergentem
1746 736 1794 757 ex-

1006 770 1110 805 hibens,
1127 780 1186 806 quae
1213 779 1326 801 mortem
1351 782 1400 802 suo
1424 782 1518 802 errore
1532 775 1635 809 genuit,
1660 776 1708 803 sed
1733 776 1794 804 vita:

1006 817 1106 844 fontem
1119 819 1164 852 qui
1178 819 1276 854 duplici
1294 820 1378 847 rivulo
1390 822 1518 848 mundum
1529 821 1666 854 vivitieat;
1679 830 1793 856 quorum

1007 863 1074 889 alter
1090 865 1115 890 in
1133 865 1291 899 haplisterio
1311 873 1360 893 uos
1383 871 1496 893 renovat
1512 871 1540 894 et
1562 867 1708 894 immortali
1725 867 1795 895 stola

1006 909 1097 941 vestit,
1120 910 1187 937 alter
1203 911 1308 945 genitos
1327 911 1374 938 alit
1391 913 1417 939 in
1442 913 1532 940 divina
1555 920 1660 946 mensa,
1680 920 1729 941 ceu
1756 914 1796 941 Iac

1007 956 1143 989 parvulos.

1510 216 1537 243 S.
1559 216 1698 244 CYRILLI
1712 217 1947 246 ALEXANDRINI
1966 218 2126 247 ARCHIEP.

2557 210 2626 240 H68

1836 276 1974 307 ἀκανθῶν,
1987 275 2064 307 τέλος
2083 273 2171 305 διδοὺς
2191 274 2249 304 ταῖς
2268 271 2354 307 Ἀδὰμ
2369 267 2516 306 τιμωρίαις
2536 267 2626 304 (μετὰ

1839 322 1894 358 γὰρ
1908 322 1958 356 τὴν
1975 320 2115 357 ἁμαρτίαν
2132 319 2204 355 Laud.
2217 317 2376 353 τιμωρίαν],
2385 317 2500 352 ἤκουσεν
2513 315 2629 345 ἐκεῖνος·

1843 377 1851 393 ι
1877 367 2092 401 Ἐπικατάρατος
2109 367 2125 401 ἡ
2142 364 2177 400 γῆ
2195 365 2223 391 ὲν
2236 364 2293 395 τοῖς
2309 363 2401 398 ἔργοις
2428 370 2487 394 σου,
2508 360 2629 390 ἀκάνθας

1840 413 1887 440 καὶ
1910 413 2050 448 τριϐόλους
2074 411 2201 439 ἀνατελεῖ
2215 418 2256 437 σοι
2273 410 2310 445 ι),
2326 409 2369 436 διὰ
2386 408 2415 436 δὲ
2435 409 2485 443 τῆς
2498 406 2579 441 χολῆς
2598 405 2630 431 τὸ

1841 459 1938 493 πικρὸν
1954 459 2000 485 καὶ
2014 458 2143 485 ἐπίπονον
2158 457 2209 492 τῆς
2229 455 2329 492 θνητῆς
2349 455 2396 482 καὶ
2413 453 2537 488 παθητῆς
2557 450 2631 485 ζωῆς

1841 503 1896 531 τῶν
1913 504 2065 540 ἀνθρώπων
2081 505 2121 535 είς
2136 503 2231 530 ἑαυτὸν
2244 501 2445 537 ἀναλαμϐάνων
2455 508 2462 515 ·
2480 499 2525 526 διὰ
2538 498 2568 525 δὲ
2582 497 2630 524 τοῦ

1841 548 1919 580 ὖξους
1942 548 1992 582 τήν
2015 548 2061 574 ὲπὶ
2075 548 2105 574 τὸ
2120 549 2209 583 χεῖρον
2234 547 2288 574 τῶν
2311 546 2461 581 ἀνθρώπων
2479 543 2631 580 μεταϐολὴν

1842 592 1922 623 αὐτὸς
1943 593 2100 627 δεχόμενος,
2121 593 2168 619 καὶ
2183 592 2233 628 τὴν
2249 593 2288 624 είς
2305 591 2335 618 τὸ
2351 592 2476 626 κρεῖττον
2503 588 2633 615 ἐπάνοδον

1843 638 2039 674 χαριζόμενος·
2074 639 2107 674 τῇ
2132 638 2279 673 πορφυρίδι
2306 637 2450 672 σημαίνων
2478 635 2529 670 τὴν
2554 634 2633 669 βασι-

1842 684 1933 717 λείαν,
1957 683 1996 719 τῷ
2012 683 2127 719 καλάμῳ
2148 684 2178 710 τὸ
2197 683 2310 715 ἀσθενὲς
2331 683 2378 710 καὶ
2403 682 2502 718 σαθρὸν
2518 681 2567 716 τῆς
2585 679 2634 706 τοῦ

1844 730 1968 758 διαϐόλου
1988 730 2129 765 δυνάμεως
2142 729 2327 765 αἰνιττόμενος
2337 748 2344 761 ,
2359 728 2399 763 τῷ
2417 727 2568 764 ραπίσματι
2585 724 2636 761 τὴν

1843 776 1981 812 ἡμετέραν
1994 776 2138 811 κηρύττων
2161 775 2329 810 ἐλευθερίαν,
2351 774 2401 806 τὰς
2417 773 2554 809 ἡμετέρας
2570 772 2637 798 ὑπο·

1847 823 1935 858 μένων
1957 822 2051 858 ὕϐρεις
2066 842 2073 854 ,
2099 822 2146 849 καὶ
2166 820 2307 853 παιδείας,
2332 821 2379 847 καὶ
2406 820 2550 855 μάστιγας.
2580 816 2637 852 Τὴν

1847 867 1967 904 πλευρὰν
1990 867 2030 903 τῷ
2052 867 2139 903 Ἀδὰμ
2163 867 2354 903 παραπλήσιον
2378 865 2558 900 νυττόμενος,
2579 862 2637 889 ἀλλ’

1847 915 1878 941 οὺ
1896 914 2014 948 γυναῖκα
2036 912 2183 947 προϊοῦσαν
2204 913 2308 940 ἐκεῖθεν
2325 912 2443 944 δεικνὺς,
2458 911 2504 938 τὸν
2523 910 2639 937 θάνατον

1814 953 1835 980 Β
1849 960 1893 987 διὰ
1913 960 1963 995 τῆς
1982 959 2090 995 ἀπάτης
2110 960 2290 995 γεννήσασαν,
2307 957 2376 985 ἀλλά
2391 957 2484 992 πηγὴν
2506 955 2579 990 ζωῆς
2598 953 2640 988 τῷ

1006 1002 1092 1037 διπλῷ
1108 1004 1209 1038 νάματι
1226 1004 1275 1039 τὴν
1291 1004 1455 1040 οἰκουμένην
1478 1006 1682 1040 ζωογονοῦσανθ
1706 1002 1744 1033 ὧν
1763 1005 1794 1032 τὸ
1814 1006 1864 1041 μὲν
1879 1007 1953 1041 ἡμᾶς
1970 1007 1998 1033 ἐν
2033 1005 2212 1041 κολυμϐήθρᾳ
2243 1006 2370 1037 νεοποιεί,
2395 1004 2442 1030 καὶ
2456 1003 2490 1038 τῇ
2512 1000 2639 1035 ἀθανάτῳ

1007 1050 1166 1085 περιϐάλλει
1182 1052 1261 1088 στολῇ
1275 1061 1280 1067 ·
1299 1053 1329 1079 τὸ
1350 1052 1378 1079 δὲ
1400 1053 1496 1089 τρέφει
1512 1054 1692 1090 γεννηθέντας
1712 1056 1741 1081 ἐν
1759 1055 1793 1089 τῇ
1813 1053 1937 1090 τραπέζῃ
1950 1055 1982 1090 τῇ
1998 1053 2068 1089 θεία,
2085 1053 2213 1089 καθάπερ
2227 1052 2262 1079 τὰ
2279 1052 2368 1088 βρέφη
2382 1051 2412 1078 τὸ
2429 1050 2510 1085 γάλα.

1006 1118 1123 1147 XXVIII.
1154 1119 1229 1152 Quod
1248 1128 1279 1146 ex
1292 1119 1391 1181 ΟΙιι-ἱειιί
1419 1121 1577 1181 cr‘ucintibua
1608 1121 1681 1148 salus
1704 1124 1795 1148 nostra

1346 1163 1375 1181 or
1388 1163 1404 1181 a
1417 1164 1438 1181 ιι
1455 1174 1461 1181 .

1346 1163 1404 1181 orta
1417 1163 1461 1182 ιιι.

1041 1221 1191 1249 Pharmaca
1212 1222 1304 1256 itaque
1321 1226 1413 1249 nostra
1435 1227 1498 1250 sunt
1525 1223 1680 1252 Servatoris
1713 1225 1799 1252 nostri

1008 1269 1152 1295 cruciatus.
1168 1268 1244 1301 Quod
1259 1269 1387 1303 propheta
1398 1270 1499 1296 docens
1516 1270 1554 1297 ait
1569 1280 1575 1297 :
1592 1280 1601 1296 ‹
1614 1269 1673 1305 Ipse
1687 1276 1799 1306 peccata

1008 1318 1098 1341 nostra
1119 1313 1229 1348 perfert,
1250 1319 1276 1340 et
1292 1322 1340 1348 pro
1353 1314 1429 1342 nobis
1445 1315 1517 1342 dolet
1535 1325 1541 1342 :
1559 1324 1607 1343 nos
1621 1323 1709 1343 autem
1721 1325 1800 1351 repu-

1009 1359 1124 1386 tavimus
1144 1367 1205 1386 eum
1234 1360 1260 1386 in
1290 1359 1383 1387 labore
1402 1365 1429 1387 et
1447 1360 1523 1395 plaga
1548 1366 1629 1396 atque
1657 1362 1802 1389 alllictione

1009 1405 1123 1432 versari.
1141 1403 1208 1439 lpse’
1220 1405 1376 1433 vulneratus
1391 1410 1432 1433 est
1447 1412 1557 1441 propter
1569 1413 1679 1442 peccata
1697 1414 1800 1441 nostra,

1010 1450 1119 1478 attritus
1134 1455 1176 1478 est
1195 1455 1305 1486 propter
1322 1451 1425 1478 scelera
1439 1456 1531 1478 nostra
1550 1461 1558 1480 :
1572 1452 1715 1488 disciplina
1727 1454 1802 1488 pacis

1012 1501 1111 1524 nostrae
1124 1503 1205 1531 super
1222 1504 1283 1524 enm
1299 1505 1305 1523 :
1325 1497 1409 1524 livore
1423 1497 1480 1532 ejus
1510 1505 1559 1524 nos
1586 1498 1675 1525 sanati
1698 1506 1802 1527 sumus.

1011 1543 1112 1570 Omnes
1131 1544 1209 1577 quasi
1225 1550 1290 1570 oves
1308 1543 1460 1571 erravimus
1477 1552 1485 1576 ;
1507 1543 1566 1571 ideo
1594 1548 1721 1578 tanquam
1745 1545 1804 1572 ovis

1012 1591 1044 1617 ad
1057 1590 1218 1616 occisionem
1237 1590 1333 1616 ductus
1343 1594 1393 1622 est,
1409 1593 1436 1616 et
1450 1589 1522 1616 sicut
1535 1596 1620 1623 agnus
1637 1597 1728 1616 coram
1746 1596 1804 1617 ton-

1012 1636 1093 1663 dente
1114 1644 1143 1663 se
1166 1636 1301 1663 obmutuit
1315 1635 1348 1663 ³⁸.
1370 1644 1379 1660 ›
1405 1635 1439 1662 Et
1460 1635 1530 1662 sicut
1549 1640 1641 1670 pastor
1667 1636 1804 1670 dispersas

1011 1690 1076 1711 oves
1089 1689 1214 1714 cernens,
1236 1690 1314 1709 unam
1330 1689 1362 1709 ex
1379 1681 1475 1709 ovibus
1502 1689 1582 1708 manu
1611 1686 1715 1714 tenens,
1732 1687 1759 1709 et
1770 1683 1803 1710 ad

1012 1728 1140 1763 placitum
1155 1728 1205 1755 sibi
1221 1735 1348 1763 pascuum
1363 1727 1477 1761 ducens,
1493 1727 1610 1762 reliquas
1625 1727 1707 1755 etiam
1720 1727 1802 1763 hujus
1818 1740 1839 1767 ρ

1012 1774 1137 1809 exemplo
1161 1775 1193 1801 ad
1215 1781 1243 1801 se
1270 1772 1481 1808 perlrahit;sic
1493 1772 1565 1800 Deus
1592 1771 1709 1800 Verbum
1738 1781 1800 1800 cum

1013 1827 1099 1855 genus
1116 1820 1254 1846 hominum
1270 1819 1452 1846 errabundum
1475 1818 1598 1850 vidisset,
1620 1819 1691 1845 servi
1717 1818 1803 1845 forma

1014 1869 1165 1900 assumpta,
1180 1872 1266 1899 eaque
1277 1864 1327 1891 sibi
1348 1863 1482 1898 copulata,
1503 1864 1536 1890 ad
1553 1872 1582 1891 se
1595 1872 1643 1898 per
1654 1864 1725 1891 illam
1739 1872 1804 1892 con-

1013 1911 1097 1938 vertit
1124 1911 1277 1937 universam
1295 1910 1434 1937 hominum
1452 1915 1587 1942 naturam,
1604 1914 1686 1944 atque
1706 1910 1738 1937 ad
1761 1910 1803 1936 di-

1013 1959 1078 1985 vina
1102 1965 1201 1994 pascua
1218 1958 1331 1984 deduxit
1358 1964 1404 1985 eos
1419 1957 1464 1991 qui
1486 1956 1555 1983 male
1573 1956 1753 1991 pascebantur
1778 1962 1805 1984 et

1013 2004 1084 2039 lupis
1104 2009 1183 2031 erant
1198 2003 1308 2037 objecti.
1319 2003 1464 2037 Propterea
1475 2002 1604 2030 Servator
1618 2007 1711 2030 noster
1724 2007 1805 2030 natu-

1013 2057 1072 2077 ram
1088 2054 1208 2076 nostram
1223 2048 1369 2083 assumpsit
1384 2057 1390 2074 :
1411 2054 1554 2083 propterea
1570 2047 1694 2075 Christus
1717 2047 1806 2075 Domi-

1010 2103 1064 2123 nus
1081 2095 1248 2123 salutiferam
1261 2095 1370 2129 excepit
1390 2094 1554 2129 passionem,
1574 2093 1710 2128 mortique
1729 2094 1806 2121 dedi-

1010 2147 1068 2175 tus,
1089 2141 1212 2176 sepulcro
1236 2141 1361 2172 traditus,
1384 2140 1521 2175 antiquam
1539 2140 1611 2167 illam
1631 2141 1803 2176 tyrannidem

1014 2187 1127 2221 depulit,
1143 2193 1171 2215 et
1195 2186 1348 2221 corruptela
1373 2187 1490 2214 detentis
1521 2187 1804 2222 incorruptibilitatem

1015 2233 1150 2268 promisit.
1163 2227 1168 2236 ¹
1180 2230 1247 2258 Nam
1268 2230 1430 2258 dissolutum
1461 2230 1591 2265 templum
1606 2236 1763 2259 restaurans
1778 2235 1806 2258 et

1015 2279 1193 2310 resuscitans,
1204 2278 1319 2305 mortuis
1332 2284 1440 2311 quoque
1452 2281 1533 2311 atque
1554 2275 1613 2310 ejus
1630 2277 1806 2305 resurrectio-

1015 2333 1076 2353 nem
1095 2323 1318 2359 exspectantibus
1344 2331 1423 2350 veras
1443 2323 1590 2355 Iirmasque
1609 2323 1689 2359 84],
1705 2332 1729 2350 m
1747 2332 1806 2359 pro-

1015 2371 1161 2399 missiones
1191 2370 1319 2397 ostendit.
1347 2369 1415 2395 Nam
1441 2368 1679 2402 quemadmodum,
1705 2369 1803 2403 inquit,

1015 2421 1123 2451 sumpta
1135 2424 1167 2443 ex
1180 2416 1259 2443 vobis
1272 2420 1380 2446 natura,
1398 2414 1509 2441 deitatis
1521 2414 1806 2450 inhabitationeatqne
1821 2411 1843 2438 D

1014 2462 1191 2493 adunatione,
1201 2460 1429 2488 resurrectionem
1443 2459 1569 2493 obtinuit,
1582 2465 1608 2487 et
1623 2461 1806 2495 corruptibili-

1017 2513 1072 2535 tate
1085 2508 1312 2542 passionibusqoe
1324 2505 1463 2540 depositis,
1477 2506 1510 2532 ad
1520 2506 1805 2540 incorruptibilitatem

1014 2553 1303 2586 immortalitatemqne
1317 2551 1452 2583 transivit,
1469 2551 1509 2578 sic
1524 2555 1551 2578 et
1564 2559 1610 2579 vos
1626 2552 1695 2579 dura
1708 2552 1804 2579 mortis

1015 2599 1148 2627 servitute
1165 2597 1352 2628 ahaolvemini,
1368 2596 1526 2631 abjectaque
1549 2598 1724 2632 corruptione
1742 2604 1803 2624 cum

1016 2644 1200 2680 passionibus,
1228 2642 1445 2677 impassibilitate
1466 2643 1628 2669 vestiemini.
1654 2642 1758 2670 Idcirco
1781 2647 1808 2670 et

1017 2690 1145 2725 baptismi
1175 2690 1276 2717 donum
1302 2689 1406 2716 cunctis
1428 2688 1584 2716 hominibus
1608 2696 1655 2723 per
1670 2689 1807 2723 apostolos

1017 2737 1103 2763 misit.
1121 2744 1130 2761 ι
1148 2734 1249 2762 Euntes
1263 2735 1347 2767 enitn,
1367 2735 1465 2769 inquit,
1481 2736 1575 2762 docete
1589 2742 1685 2762 omnes
1701 2740 1805 2769 gentes,

1017 2782 1190 2817 baptizantes
1203 2789 1250 2809 cas
1274 2782 1300 2808 in
1325 2782 1432 2810 nomine
1455 2781 1544 2809 Patris
1558 2785 1587 2808 et
1603 2780 1665 2807 Filii
1679 2786 1705 2808 et
1720 2780 1807 2815 Spiri-

1018 2834 1064 2855 tus
1081 2827 1167 2854 sancti
1181 2827 1214 2853 “.
1237 2837 1246 2854 ι
1261 2826 1413 2862 Baptismus
1438 2826 1610 2854 adumbratio
1623 2826 1746 2860 qutedam
1764 2831 1807 2853 cst

1056 2916 1079 2932 "
1097 2916 1164 2945 Gen.
1181 2925 1220 2950 Ill,
1235 2918 1276 2944 l7.
1315 2919 1336 2934 ⁸³
1352 2919 1401 2946 lsa.
1417 2926 1473 2948 Lm,
1491 2918 1500 2943 t
1517 2924 1593 2952 seqq.

1848 1119 1916 1146 KH’.
1934 1119 2000 1146 ’Ὁτι
2012 1117 2061 1145 διὰ
2072 1117 2132 1144 τῶν
2149 1116 2203 1144 τοῦ
2219 1117 2347 1151 Χριστοῦ
2361 1115 2464 1143 παθῶν
2479 1116 2498 1149 ὴ
2514 1115 2642 1151 ἡμετέρα

2108 1152 2213 1187 γέγονε
2237 1152 2379 1186 σωτηρία.

1884 1221 2020 1256 Φάρμακα
2033 1220 2122 1247 τοίνυν
2150 1219 2224 1246 ἐστὶν
2248 1218 2370 1254 ήμέτερα
2395 1216 2430 1244 τὰ
2448 1215 2496 1243 τοῦ
2517 1216 2644 1251 Σωτῆρος

1850 1267 1928 1303 ἡμῶν
1944 1267 2113 1302 παθήματα·
2139 1266 2187 1293 καὶ
2210 1265 2289 1292 τοῦτο
2311 1265 2443 1291 διδάσκων
2463 1264 2478 1290 ό
2499 1263 2645 1299 προφήτης

1852 1313 1901 1349 βοᾷ
1913 1323 1919 1329 ·
1942 1324 1950 1340 ι
1965 1313 2051 1345 Αὐτὸς
2075 1313 2125 1345 τὰς
2151 1312 2287 1348 ἁμαρτίας
2304 1312 2384 1347 ἡμῶν
2400 1311 2489 1347 φέρει,
2506 1311 2553 1338 καὶ
2573 1311 2645 1346 ὑπὲρ

1851 1360 1929 1395 ἡμῶν
1942 1360 2068 1386 ὀδυνᾶται
2079 1367 2085 1373 '
2101 1360 2182 1394 ἡμεῖς
2194 1359 2223 1385 δὲ
2237 1358 2422 1394 ἐλογισάμεθα
2434 1358 2516 1385 αὑτὸν
2529 1356 2600 1384 εἶναι
2613 1358 2644 1384 ὲν

1851 1406 1935 1441 πόνῳ,
1955 1405 2002 1432 καὶ
2025 1406 2055 1433 ὲν
2081 1405 2185 1440 πληγῇ,
2215 1405 2262 1431 καὶ
2288 1406 2317 1431 ἐν
2338 1404 2477 1431 κακώσει·
2508 1403 2590 1435 αὐτὸς
2617 1403 2647 1429 δὲ

1852 1452 2058 1489 ὲτραυματίσθη
2072 1452 2116 1479 διὰ
2130 1452 2180 1483 τὰς
2197 1452 2335 1488 ἁμαρτίας
2350 1451 2440 1488 ήμῶν,
2458 1452 2506 1478 καὶ
2521 1450 2648 1486 μεμαλά-

1852 1506 1944 1525 κισται
1960 1498 2004 1525 διὰ
2018 1498 2068 1530 τὰς
2079 1497 2195 1533 ἀνομίας
2208 1498 2287 1533 ἡμῶν
2299 1506 2305 1512 ·
2322 1497 2431 1524 παιδεία
2444 1497 2555 1532 εἰρήνης
2568 1495 2649 1531 ήμῶν

1855 1545 1898 1570 ἐπ’
1910 1543 1985 1579 αὺτῷ
1997 1553 2004 1558 -
2022 1543 2060 1578 τῷ
2076 1543 2190 1578 μώλωπι
2205 1543 2286 1570 αὑτοῦ
2302 1545 2384 1578 ἡμεῖς
2396 1543 2510 1577 ίάθημεν
2522 1551 2530 1558 ·
2546 1542 2649 1573 πάντες

1853 1589 1890 1621 ὡς
1906 1589 2032 1624 πρόϐατα
2047 1589 2250 1625 ὲπλανήθημεν,
2263 1589 2303 1615 διὸ
2314 1589 2352 1620 ὼς
2367 1588 2504 1624 πρόϐατον
2516 1587 2563 1613 ἐπὶ
2578 1595 2649 1621 σφα-

1853 1635 1904 1670 γὴν
1931 1635 2013 1670 ἤχθη,
2040 1635 2088 1662 καὶ
2109 1635 2147 1667 ὡς
2176 1635 2263 1670 ἀμνὸς
2287 1635 2408 1661 ἐναντίον
2433 1633 2480 1661 τοῦ
2506 1634 2650 1669 κείραντος

1853 1680 1935 1707 αὐτὸν
1950 1680 2067 1714 ἄφωνος.
2085 1689 2094 1706 ›
2121 1680 2176 1707 Καὶ
2200 1680 2325 1715 καθάπερ
2345 1680 2447 1715 ποιμὴν
2467 1679 2502 1706 τὰ
2526 1679 2652 1715 πρόϐατα

1855 1727 2073 1762 διεσκεδασμένα
2092 1727 2215 1763 θεωρῶν,
2232 1727 2262 1753 ἒν
2285 1727 2338 1753 τῶν
2354 1726 2497 1762 προϐάτων
2514 1725 2649 1760 κατέχων,

1855 1772 1902 1799 καὶ
1915 1773 1957 1807 ἐφ’
1971 1772 2004 1808 ἣν
2020 1772 2146 1808 βούλεται
2165 1773 2251 1808 νομὴν
2273 1773 2359 1807 ἄγων,
2379 1772 2454 1799 ’ἐλκει
2468 1772 2503 1799 τὰ
2520 1772 2601 1799 λοιπά
2615 1771 2651 1798 δι’

1855 1818 1960 1845 ἑκείνου
1977 1819 2044 1854 πρὸς
2056 1819 2161 1846 ἑαυτόν·
2178 1819 2264 1851 οὕτως
2275 1820 2288 1845 ὁ
2300 1819 2367 1850 Θεὸς
2381 1818 2468 1852 Λόγος
2481 1818 2537 1845 τῶν
2548 1817 2653 1854 ἀνθρώ-

1856 1873 1915 1890 πων
1932 1863 1963 1890 rb
1978 1864 2059 1898 γένος
2077 1864 2290 1900 πεπλανημένον
2307 1864 2379 1896 ἰδὼν,
2397 1863 2444 1890 τοῦ
2456 1863 2549 1890 δούλου
2559 1862 2653 1890 λαϐὼν

1855 1909 1903 1945 τὴν
1920 1910 2039 1945 μορφὴν,
2062 1910 2110 1936 καὶ
2126 1910 2230 1945 ταύτην
2246 1910 2370 1945 συνάψας
2387 1911 2487 1946 ἐαυτῷ,
2503 1910 2571 1946 πρὸς
2586 1911 2651 1937 ὲαυ-

1855 1955 1901 1981 τὸν
1915 1955 1949 1981 δι’
1965 1955 2075 1990 ἐκείνης
2092 1956 2242 1991 ἐπέστρεψε
2264 1956 2356 1983 πᾶσαν
2370 1957 2419 1992 τὴν
2431 1956 2484 1983 τῶν
2497 1956 2652 1992 ἀνθρώπων

1857 2000 1947 2034 φύσιν,
1969 2002 2016 2027 καὶ
2037 2002 2076 2033 είς
2100 2002 2150 2037 τὴν
2171 2002 2247 2028 θείαν
2271 2002 2356 2038 νομὴν
2383 2003 2471 2038 ήγαγε
2496 2003 2531 2030 τὰ
2557 2004 2653 2035 κακῶς

1856 2047 2004 2082 νεμόμενα,
2020 2049 2068 2075 καὶ
2082 2049 2139 2080 τοῖς
2154 2048 2249 2080 λύκοις
2264 2048 2445 2084 προκείμενα.
2468 2049 2517 2076 Διὰ
2538 2049 2625 2076 ταῦτα
2638 2051 2653 2076 ό

1856 2093 1953 2129 Σωτὴρ
1979 2094 1994 2119 ό
2021 2093 2158 2129 ἡμέτερος
2186 2094 2236 2129 τὴν
2260 2094 2398 2130 ἡμετέραν
2420 2095 2502 2129 φύσιν
2524 2095 2651 2123 ἀνέλαϐε.

1856 2138 1999 2166 Διὰταῦτα
2012 2140 2172 2175 ὸΔεσπότης
2185 2140 2344 2176 Χριστὸςτά
2353 2142 2475 2177 σωτήρια
2488 2141 2653 2174 κατεδέξατο

1857 2185 1943 2221 πάθη.
1958 2185 2007 2212 καὶ
2018 2185 2128 2221 θανάτῳ
2143 2187 2369 2222 παραπεμφθεὶς,
2386 2185 2434 2214 κάι
2447 2189 2520 2223 ταφῇ
2534 2188 2654 2223 παραδο-

1857 2231 1923 2263 θεὶς,
1939 2232 1970 2258 τὸ
1985 2232 2034 2267 μὲν
2056 2232 2173 2259 παλαιὸν
2188 2233 2275 2260 ἐκεῖνο
2290 2233 2338 2259 καὶ
2353 2232 2531 2268 πολυχρόνιον
2551 2234 2653 2268 κράτος

1857 2278 1944 2311 ἔλυσε,
1963 2280 2019 2311 τοῖς
2033 2279 2061 2306 δὲ
2074 2280 2108 2315 τῇ
2120 2279 2208 2315 φθορᾷ
2219 2280 2418 2315 πεπεδημένοις
2430 2280 2480 2316 τὴν
2495 2280 2654 2316 ἀφθαρσίαν

1857 2324 2003 2359 ὑπέσχετο.
2022 2324 2074 2350 Τὸν
2088 2324 2143 2359 γὰρ
2156 2323 2271 2351 λυθέντα
2288 2325 2350 2351 ναὸν
2363 2324 2588 2360 ἀνοικοδομήσας,
2605 2324 2655 2351 καὶ

1857 2370 2011 2406 ἀνεγείρας,
2042 2371 2089 2397 καὶ
2110 2372 2166 2403 τοῖς
2193 2371 2332 2406 κειμένοις
2358 2372 2404 2398 καὶ
2426 2371 2654 2407 προσδεχομένοις

1858 2416 1940 2442 αὐτοῦ
1955 2416 2005 2452 τὴν
2022 2417 2172 2443 ἀνάστασιν
2188 2417 2298 2452 ἀληθεῖς
2314 2418 2360 2444 καὶ
2373 2417 2486 2453 βεϐαίας
2499 2417 2549 2450 τὰς
2577 2417 2654 2444 ὑπο-

1861 2461 1968 2497 σχέσεις
1978 2462 2127 2495 ὑπέδειξεν.
2142 2464 2190 2489 ’ον
2200 2463 2301 2498 τρόπον
2316 2463 2382 2498 γὰρ,
2397 2463 2489 2498 φησὶν,
2502 2464 2519 2499 ή
2534 2463 2563 2496 ἐξ
2576 2463 2654 2499 ὑμῶν

1857 2507 2044 2542 ἀναληφθείσα
2058 2507 2140 2542 φύσις
2151 2509 2184 2543 τῇ
2199 2509 2249 2543 τῆς
2266 2508 2394 2544 θεότητος
2406 2509 2541 2544 ἐνοικήσει
2557 2516 2588 2534 τε
2605 2508 2654 2535 καὶ

1859 2552 1964 2584 ὲνώσει,
1985 2554 2036 2589 τῆς
2049 2554 2226 2585 ἀναστάσεως
2240 2554 2331 2589 ἔτυχε,
2345 2554 2392 2580 καὶ
2410 2554 2442 2581 τὸ
2456 2554 2574 2589 φθαρτὸν
2587 2554 2655 2580 ἀνα-

1858 2599 1988 2634 τιθεμένη
2012 2601 2061 2626 σὺν
2089 2601 2146 2632 τοῖς
2172 2600 2334 2635 παθήμασιν
2358 2601 2399 2631 είς
2423 2600 2579 2635 ἀφθαρσίαν
2605 2599 2655 2626 καὶ

1855 2645 2007 2672 ἀθανασίαν
2026 2646 2138 2682 μετέϐη·
2159 2646 2231 2673 οὕτω
2246 2647 2294 2673 καὶ
2311 2647 2390 2681 ὑμεῖς
2404 2646 2454 2682 τῆς
2466 2646 2587 2682 χαλεπῆς
2604 2644 2653 2672 τοῦ

1856 2691 1973 2718 θανάτου
1996 2692 2121 2724 δουλείας
2141 2693 2381 2728 ἀπαλλαγήσεσθε,
2410 2693 2458 2719 καὶ
2476 2692 2527 2728 τὴν
2548 2691 2662 2728 φθορὰν,

1855 2737 2059 2773 ἀπορρίψαντες
2072 2739 2121 2765 σὺν
2133 2740 2190 2770 τοῖς
2208 2738 2333 2771 πάθεσιν,
2346 2738 2493 2765 ἐνδύσασθε
2512 2737 2562 2774 τὴν
2579 2738 2654 2764 ἆ.πά-

1856 2783 1941 2810 θειαν.
1963 2784 2009 2810 Διὸ
2024 2785 2071 2810 καὶ
2087 2785 2117 2811 τὸ
2140 2784 2225 2820 δῶρον
2240 2784 2286 2810 τοῦ
2304 2784 2491 2819 βαπτίσματος
2504 2784 2588 2810 πᾶσιν
2603 2784 2653 2810 ἀν-

1855 2828 1975 2863 θρώποις
1990 2829 2034 2856 διὰ
2047 2829 2102 2856 τῶν
2119 2830 2278 2856 ἀποστόλων
2301 2829 2449 2864 ἐξέπεμψε.
2478 2839 2487 2855 l
2501 2828 2670 2865 Πορευθέν-“

1633 2916 1654 2932 ³⁸
1671 2917 1766 2945 Matth.
1784 2925 1880 2951 χχι-ιιι,
1896 2919 1937 2946 t9.
