4012 6338
456 458 514 511 Η
1444 451 1502 505 S.
1544 450 1817 506 CYBIIJJ
1862 451 2327 506 ΑιΕΧΑΝιιιιιΜ
2368 452 2690 506 ARCHIEP.
2977 471 2981 475 '
3618 458 3688 513 12

456 588 546 626 res
572 580 783 638 vestrae,
812 569 936 641 quia
976 569 1201 625 audiunt
1241 572 1278 625 ³.
1314 588 1331 622 ι
1364 569 1546 641 Neque
1580 580 1757 625 tamen
1793 580 2018 625 conatns

2122 569 2169 622 oi
2212 568 2514 640 ὀφθαλμοὶ,
2558 567 2641 622 ὅτι
2680 566 2971 638 βλέπουσι,
3016 564 3109 621 καὶ
3150 566 3218 620 τά
3249 561 3362 622 ὦτα
3409 567 3584 639 ὑμῶν.
3616 569 3703 621 ὅτι

456 662 839 717 detrectandus
866 660 1029 715 nobis
1069 669 1153 716 est
1177 676 1194 728 ;
1240 658 1334 715 sed
1362 658 1415 713 in
1461 661 1577 729 ipso
1600 658 1820 714 Christo
1862 673 2015 726 spem

454 750 806 816 collocantes,
832 748 1047 804 labores
1070 749 1238 803 etiam
1278 746 1486 801 viribus
1529 745 1729 801 nostris
1780 744 2016 815 majores

454 842 831 915 aggrediemur
852 880 868 906 ,
897 839 1199 895 certissima
1235 838 1430 894 fiducia
1455 836 1650 907 erecti,
1681 835 1832 889 illum
1862 835 2019 891 nobis

460 932 769 988 adfuturum
793 940 850 986 et
881 929 1115 999 Spiritus
1146 928 1322 985 sancti
1352 925 1790 998 praelustratione
1824 924 1890 980 ad
1925 939 2019 980 ve-

458 1022 632 1078 ritatis
660 1021 1023 1077 inventionem
1058 1020 1367 1073 ducturum.
1399 1015 1608 1088 Scopus
1640 1014 1783 1069 enim
1816 1024 2017 1069 nostra

454 1113 720 1181 orationis
758 1118 840 1166 est
881 1110 1064 1165 dicere
1128 1109 1271 1179 quod
1305 1105 1466 1163 Jesus
1498 1107 1572 1162 sit
1608 1105 1888 1160 Dominus.
1926 1102 2016 1159 Di-

454 1220 636 1261 cemus
658 1211 835 1275 autem
866 1201 920 1256 id
952 1199 1173 1255 omnino
1203 1199 1256 1253 in
1288 1188 1495 1269 Spiritu
1518 1206 1751 1261 sancto;
1778 1196 1852 1250 ita
1871 1195 2015 1250 enim

457 1294 650 1349 Paulus
701 1293 778 1345 ait
822 1308 837 1347 :
875 1307 896 1341 ι
928 1287 1096 1344 Nemo
1135 1295 1309 1358 potest
1360 1286 1561 1349 dicere,
1598 1286 1723 1356 quia
1757 1285 2015 1340 Dominus

451 1384 631 1449 .lesus,
667 1382 769 1437 nisi
792 1383 845 1435 in
874 1380 1091 1449 Spiritu
1114 1390 1305 1433 sancto
1326 1378 1369 1432 ¹.
1396 1395 1415 1428 ι
1444 1376 1579 1431 Cum
1607 1378 1749 1431 enim
1769 1374 2016 1430 nonnulli

453 1494 558 1533 non
592 1483 883 1531 vereantur
904 1473 957 1527 in
975 1470 1260 1547 Beelzebul
1294 1469 1475 1543 dicere
1499 1470 1789 1523 anathema
1811 1466 2015 1532 Jesum,

453 1569 787 1639 Scripturam
813 1580 1048 1629 sacram,
1089 1556 1197 1632 quo
1252 1562 1384 1633 ipsis
1414 1560 1624 1615 libitum
1665 1568 1770 1627 est,
1818 1560 2019 1614 distor-

454 1668 775 1729 quentes,et
801 1670 896 1712 sua
925 1656 1161 1727 ipsorum
1190 1652 1386 1721 placita
1425 1650 1659 1721 Spiritus
1689 1647 1865 1704 sancti
1894 1662 2020 1704 ora-

454 1752 590 1805 culis
612 1756 1021 1818 anteponentes,
1056 1760 1119 1799 ac
1153 1744 1436 1798 Dominum
1477 1742 1567 1810 qui
1606 1741 1753 1812 ipsos
1792 1739 2019 1796 redemit

453 1844 802 1909 abnegantes,
843 1846 901 1891 ut
937 1835 1217 1904 Scriptura
1270 1832 1512 1901 loquitur
1540 1831 1561 1863 ³
1592 1848 1607 1886 :
1646 1830 2013 1885 necessarium

2118 660 2428 716 ἀκούουσιν.
2455 680 2474 711 ι
2519 658 2634 714 Οὐκ
2682 659 2939 732 ὀκνητέον
2984 658 3032 713 δ’
3074 654 3169 715 οὖν
3214 661 3365 731 ὅμως
3417 660 3554 732 πρὸς
3599 659 3701 730 τὴν

2118 752 2457 823 ἐγχείρησινο
2502 750 2616 806 ἀλλ’
2646 750 2735 805 ἔπ’
2765 750 2916 821 αὐτῷ
2946 750 3044 822 τὴν
3084 749 3273 805 ἐλπίδα
3315 750 3589 820 τιθέμενοι
3622 749 3701 821 τῷ

2123 840 2365 913 Χριστῷ,
2396 842 2491 896 καὶ
2517 840 2624 895 τῶν
2654 841 2797 913 ὑπὲρ
2824 841 3057 913 δύναμιν
3090 840 3341 912 ἁψόμεθα
3379 843 3575 908 πόνων,
3616 842 3700 896 ὅτι

2123 933 2506 1005 συμπαρέσται
2551 933 2645 987 καὶ
2684 932 3089 1003 χειραγωγήσει
3120 934 3241 994 ταῖς
3268 930 3361 985 τοῦ
3391 931 3701 1002 πνεύματος

2118 1022 2424 1094 δᾳδουχίαις
2459 1023 2555 1076 ἐπὶ
2595 1020 2693 1094 τὴν
2736 1023 2838 1094 τῆς
2869 1021 3128 1093 ἀληθείας
3178 1021 3395 1094 εὕρεσιν
3427 1022 3701 1077 ἀνενδοιάσ

2122 1131 2261 1178 στως
2298 1114 2666 1179 πιστεύοντες.
2711 1112 2923 1177 Σκοπὸς
2965 1113 3076 1185 γάρ
3140 1113 3316 1167 είπεϊν
3366 1114 3448 1167 ὅτι
3496 1112 3702 1184 Κύριος

2132 1206 2359 1277 Ἰησοῦς.
2400 1205 2664 1277 Ἐροῦμεν
2689 1205 2747 1259 δὲ
2774 1203 2996 1269 πάντως
3021 1206 3101 1259 δτι
3133 1205 3191 1257 ὲν
3219 1203 3359 1276 ἁγίῳ
3386 1204 3663 1276 Πνεύματι
3683 1222 3697 1235 ο

2118 1301 2261 1355 οὕτω
2299 1299 2405 1373 γὰρ
2445 1302 2473 1355 ὁ
2504 1300 2717 1364 Παῦλός
2747 1315 2943 1371 φησιν’
2986 1317 3005 1351 ι
3038 1298 3228 1363 Οὐδεὶς
3266 1298 3486 1352 δύναται
3524 1299 3703 1353 είπείν

2118 1392 2199 1446 ὅτι
2232 1390 2435 1462 Κύριος
2489 1390 2733 1461 Ἰησοῦς,
2785 1392 2834 1444 εί
2875 1464 2877 1467 ι
2914 1391 2989 1463 μὴ
3039 1392 3098 1444 ὲν
3147 1390 3426 1461 Πνεύματι
3477 1391 3639 1462 ἁγίῳ.
3674 1409 3695 1442 ι

2130 1481 2349 1554 Ἐπειδὴ
2389 1482 2499 1553 γάρ
2548 1498 2693 1543 τινες
2738 1482 2797 1535 ὲν
2826 1479 3161 1544 Βεελζεδοὺλ
3195 1484 3297 1536 οὐκ
3348 1480 3700 1551 αἰσχύνονται

2120 1570 2298 1640 λέγειν
2330 1570 2579 1641 ἀνάθεμα
2614 1570 2843 1641 Ἰησοῦν,
2871 1568 2971 1633 τὰς
3015 1570 3114 1641 μὲν
3163 1569 3341 1633 Θείας,
3387 1570 3524 1639 πρὸς
3563 1570 3703 1642 ὅπερ

2120 1660 2189 1717 ἣν
2220 1660 2402 1726 αὐτοῖς
2424 1660 2617 1728 δόξειε,
2650 1660 3099 1732 παρατρέποντες
3126 1659 3368 1732 Γραφάς,
3395 1661 3503 1715 τῶν
3530 1660 3583 1715 δὲ
3605 1659 3701 1715 τοῦ

2120 1753 2435 1825 Πνεύματος
2463 1752 2678 1822 λογίων,
2702 1752 2761 1805 τὸ
2789 1752 2847 1818 ἐξ
2876 1752 3089 1805 οἰκείων
3121 1749 3440 1823 θελημάτων
3470 1752 3703 1823 προτάτ-

2119 1860 2301 1907 τοντες
2334 1843 2563 1914 κίνημα,
2593 1843 2687 1896 καὶ
2710 1841 2801 1908 τὸν
2828 1841 3175 1910 ἀγοράσαντα
3200 1841 3400 1905 αὐτοὺς
3428 1842 3704 1912 Δεσπότην

453 1906 618 2001 plane
646 1928 885 1996 utileque
927 1936 982 1981 et
1012 1924 1341 1979 conveniens
1380 1922 1716 1987 censuimus,
1749 1927 1843 1975 tuo
1879 1934 2015 1975 cou-

2122 1906 2479 2007 ἀρνούμενοι,⁷
2503 1932 2650 1988 καθά
2682 1906 3029 2005 γέγραπταιο
3060 1932 3358 2000 ἀναγκαῖον
3402 1933 3539 2004 ὁμοῦ
3573 1906 3704 2005 χρη-

453 2022 573 2076 silio
603 2029 766 2089 atque
798 2018 1036 2080 hortatu,
1066 2015 1136 2068 mi
1167 2012 1353 2078 frater,
1388 2014 1530 2069 hanc
1556 2010 2015 2077 dissertationem,

453 2127 574 2181 quae
612 2124 819 2179 magna:
848 2107 902 2161 in
931 2116 1207 2176 posterum
1242 2103 1494 2159 utilitatis
1521 2102 1738 2157 occasio
1764 2100 2020 2156 Ecclesiae

455 2204 632 2257 futura
681 2210 784 2265 est,
829 2206 1143 2262 contexere,
1193 2205 1250 2251 et
1301 2195 1368 2249 ad
1418 2193 1627 2261 singula
1674 2208 1794 2263 qua
1833 2193 1902 2246 ab
1940 2192 2020 2246 eis

455 2300 769 2364 quaeruntur
796 2299 852 2343 et
879 2288 1233 2357 objiciuntur,
1267 2286 1576 2342 summatim
1606 2300 1671 2340 ac
1717 2300 1813 2356 per
1840 2284 2017 2353 capita

454 2380 805 2452 respondere.
832 2378 964 2445 Qua:
988 2378 1204 2447 quidem
1236 2377 1526 2436 lectoribus
1561 2392 1667 2431 non
1700 2392 1880 2445 parva
1914 2376 2019 2429 nti-

452 2470 591 2526 litati
610 2469 725 2524 fore
750 2468 1027 2540 existimo.
1053 2467 1330 2538 Multiplex
1355 2470 1501 2523 enim
1535 2481 1601 2523 ac
1624 2465 1979 2523 multiformis
2001 2506 2017 2534 ,

452 2573 513 2620 ut
553 2564 628 2619 ita
674 2562 877 2627 dicam,
922 2569 1006 2615 est
1036 2558 1091 2613 in
1126 2558 1242 2614 Arii
1290 2568 1346 2614 et
1391 2552 1637 2613 Eunomii
1680 2557 2020 2629 dogmatibus

451 2670 627 2722 error,
672 2655 949 2723 variisque
978 2652 1155 2707 modis
1184 2651 1430 2707 veritatis
1455 2648 1683 2706 formam
1711 2647 1899 2705 fucant
1933 2658 2021 2704 at-

453 2761 558 2817 que
605 2746 935 2800 adulteram.
967 2741 1434 2810 Quemadmodum
1470 2740 1615 2796 enim
1659 2740 2020 2796 meretriculas

456 2839 531 2894 rei
564 2838 734 2909 ipsius
769 2835 1161 2906 turpitudinem
1196 2842 1316 2889 arte
1346 2833 1721 2903 industriaque
1747 2833 2021 2889 occultare

452 2939 731 2999 putantes,
772 2935 971 2982 ornant
1018 2938 1159 2989 sese,
1208 2923 1441 2995 lucoque
1474 2923 1745 2990 oblinunt,
1792 2924 2019 2993 aliisque

454 3024 505 3078 id
529 3036 694 3092 genus
716 3018 1053 3076 ornamentis
1082 3016 1361 3085 adhibitis,
1390 3016 1699 3087 speciosum
1739 3016 2018 3071 interitum

452 3110 792 3168 cernentium
843 3108 1015 3163 oculis
1041 3105 1351 3175 objiciunt:
1390 3105 1581 3161 eadem
1615 3105 1777 3176 plane
1811 3106 2020 3161 ratione

452 3203 827 3257 iuereticorum
886 3212 1170 3254 sermones
1213 3196 1473 3252 uitiosos
1521 3195 1755 3252 Fucatam
1801 3198 2018 3269 pietatis

2114 2025 2281 2096 σιμόν
2335 2041 2395 2079 τε
2436 2023 2535 2078 καὶ
2582 2023 2795 2096 πρέπον
2847 2022 3214 2093 ὲλογισάμεθα
3264 2024 3405 2078 κατά
3460 2024 3557 2095 τὴν
3602 2024 3703 2096 σὴν

2121 2112 2428 2187 ὺπόμνησίν
2455 2130 2515 2167 τε
2554 2114 2649 2167 καὶ
2678 2113 3014 2185 προτροπὴν,
3045 2111 3263 2182 άδελφὲ,
3293 2115 3406 2176 τοῖς
3443 2112 3543 2183 τῆς
3577 2113 3701 2166 Ἐκ-

2118 2204 2350 2277 κλησίας
2372 2204 2602 2271 τέκνοις,
2633 2203 2734 2274 τῆς
2754 2204 2835 2266 είς
2858 2202 2919 2255 τὸ
2948 2203 3139 2273 μέλλον
3162 2202 3424 2273 ὠφελείας
3448 2202 3703 2258 ὑπόθεσιν

2119 2292 2381 2363 ἑξυφῆναι
2426 2292 2517 2346 τὸν
2546 2290 2732 2360 λόγον·
2763 2290 2859 2345 καὶ
2887 2292 2969 2354 είς
3010 2290 3217 2351 ἕκαστα
3244 2291 3352 2345 τῶν
3398 2295 3532 2363 παρ’
3561 2294 3705 2346 ὲκεί-

2119 2400 2231 2445 νοις
2280 2381 2629 2454 ζητουμένων
2672 2396 2732 2433 τε
2765 2378 2864 2434 καὶ
2910 2364 3285 2450 κεκινημένων
3320 2375 3705 2451 κεφαλαιωδῶς

2121 2472 2379 2537 ἐξειπεῖν,
2411 2472 2553 2545 άπερ
2584 2466 2740 2542 οῐμαι
2780 2470 2916 2543 πρὸς
2960 2470 3296 2537 λυσιτελείας
3325 2472 3543 2528 ἔσεσθαι
3593 2476 3706 2537 τοῖς

2120 2563 2524 2636 ἐντευξομένοις
2561 2563 2624 2618 οὐ
2660 2565 2882 2635 μικρᾶς.
2931 2564 3273 2635 Πολυσχιδὴς
3313 2566 3414 2636 μὲν
3460 2565 3571 2636 γάρ
3609 2566 3705 2619 καὶ

2122 2657 2587 2729 πολυπρόσωπος,
2636 2656 2703 2710 ἵν’
2747 2656 2922 2723 οὓτως
2966 2659 3235 2727 εῐπωμεν,
3279 2660 3313 2730 ὴ
3345 2658 3456 2713 τῶν
3494 2659 3705 2731 ’Δρείου

2119 2748 2219 2803 καὶ
2248 2746 2514 2818 Εὐνομίου
2545 2746 2831 2818 δογμάτων
2857 2746 2977 2802 ἐστὶ
3008 2750 3207 2822 πλάνη,
3240 2751 3334 2805 καὶ
3358 2751 3619 2816 ποικίλως
3646 2751 3708 2805 τὺ

2118 2839 2217 2913 τῆς
2256 2838 2516 2910 ἀληθείας
2550 2838 2844 2895 πλάττεται
2895 2840 3102 2911 σχῆμα.
3130 2841 3343 2913 Ὠσπερ
3378 2842 3487 2914 γάρ
3530 2842 3602 2897 τά
3646 2843 3706 2898 ιν

2117 2933 2231 2994 τοῖς
2278 2932 2522 3001 γυναίοις
2553 2933 2971 3005 ἑταιριζόμενα,
3016 2933 3079 2987 τὸ
3122 2934 3189 2987 ὲκ
3233 2934 3329 2989 τοῦ
3379 2936 3704 3007 πράγματος

2120 3015 2309 3093 αἶσχος
2348 3024 2469 3085 ταῖς
2507 3023 2568 3090 ἐξ
2611 3025 2853 3089 ἐπινοίας
2883 3025 3165 3095 ἀφανίζειν
3202 3026 3424 3095 οἱὸμενα
3465 3026 3703 3098 τέχναις,

2119 3111 2411 3185 ὡραΐζεταί
2453 3130 2513 3167 τε
2553 3114 2649 3169 καὶ
2687 3116 3061 3186 χρισιάζεται,
3102 3116 3196 3170 καὶ
3242 3118 3359 3179 ταῖς
3397 3116 3582 3181 ἄλλαις
3611 3119 3707 3171 τοῦ

2121 3204 2328 3275 κόσμου
2355 3202 2697 3274 προσθήκαις
2736 3206 3184 3278 εὐπρεπεστάτην
3213 3210 3329 3271 τοῖς
3356 3209 3555 3279 ὁρῶσιν
3588 3210 3709 3262 ἐπιπ-

453 3295 682 3349 fnrmam
710 3308 818 3363 pra:
845 3306 902 3347 se
931 3291 1072 3345 ferre
1096 3288 1305 3359 judico,
1334 3304 1495 3359 quam
1525 3290 1742 3360 quidem
1770 3259 2019 3347 veritatis

2122 3259 2355 3349 δεικνύει
2384 3259 2484 3367 τὴν
2814 3259 2955 3352 ’.τὸν
3198 3259 3709 3370 οἶμαι

452 3383 637 3439 verbis
669 3396 939 3437 cxernare
973 3388 1265 3444 conantur,
1298 3393 1419 3431 cum
1446 3376 1596 3432 nullo
1627 3379 1786 3431 modo
1816 3377 2020 3433 verita-

456 3488 563 3533 tem
595 3472 898 3548 proferant,
924 3470 1017 3525 sed
1046 3484 1266 3525 esosam
1297 3469 1405 3523 Deo
1434 3468 1767 3535 impietatem
1798 3468 2020 3523 menda-

453 3567 523 3621 cii
570 3565 784 3635 plenam
815 3564 869 3617 in
906 3570 1127 3633 pectore
1159 3570 1373 3631 gerant.
1404 3559 1672 3615 Ceterum
1706 3559 1798 3629 qui
1836 3558 2021 3616 solerti

452 3656 680 3713 rationis
710 3653 980 3730 industria
1001 3660 1234 3707 mentem
1263 3651 1660 3716 communiunt,
1679 3664 2020 3721 nequaquam

452 3748 667 3804 illorum
713 3744 1057 3801 sermonibus
1091 3746 1402 3813 capiuntur,
1445 3741 1541 3798 sed
1584 3756 1727 3797 verte
1766 3742 2023 3797 sincerae-

450 3854 557 3911 que
596 3838 718 3893 ﬁdei
751 3831 1032 3892 mordicus
1074 3833 1441 3903 adhzcrentes,
1489 3833 1560 3889 de
1613 3834 1807 3903 selpsis
1839 3833 2024 3889 conci-

451 3938 610 3997 nunt,
638 3928 882 3983 dicentes
915 3944 929 3981 :
960 3945 979 3977 ι
1009 3924 1341 3980 Benedictus
1375 3924 1639 3982 Dominus
1663 3924 1756 3995 qui
1786 3939 1893 3980 non
1925 3926 2022 3981 de-

452 4019 533 4073 dit
558 4032 657 4073 nos
683 4017 737 4072 in
770 4016 1076 4087 captionem
1106 4016 1358 4071 dentibus
1380 4031 1566 4071 eorum
1585 4015 1628 4072 ⁸.
1666 4034 1684 4069 ι
1710 4015 1893 4072 Visum
1922 4016 2023 4072 ita-

452 4125 558 4177 que
602 4108 759 4165 nobis
808 4115 892 4162 est
932 4121 1051 4177 qua:
1098 4121 1297 4176 magno
1341 4108 1522 4162 studio
1565 4108 2019 4178 comparavimus,

453 4213 768 4269 congerere,
818 4212 996 4267 neque
1022 4211 1151 4251 vero
1182 4198 1285 4251 ulla
1317 4199 1528 4253 ratione
1556 4213 1863 4253 sermonem
1890 4213 2023 4254 con-

456 4290 704 4354 iundere,
729 4288 824 4343 sed
850 4286 1030 4357 potius
1051 4286 1339 4343 distinctas
1367 4288 1420 4341 in
1444 4287 1658 4359 singula
1691 4291 1868 4359 capita
1896 4303 2024 4358 pro-

454 4380 703 4435 bationes
736 4378 1104 4432 continentem
1138 4392 1430 4446 exponere.
1459 4378 1511 4448 3
1541 4379 1612 4432 Ita
1642 4379 1788 4433 enim
1826 4378 1938 4445 ﬁet,
1967 4389 2025 4435 ut

454 4484 642 4526 eorum
683 4484 802 4538 qua:
820 4467 874 4524 in
904 4468 1009 4523 hoc
1030 4482 1201 4538 opere
1236 4478 1559 4533 tractantur,
1590 4456 1826 4539 cognitio
1856 4473 2023 4543 magis

2115 3385 2214 3449 τὰς
2242 3383 2515 3459 ὀλεθρίους
2545 3386 2656 3441 τῶν
2682 3387 3132 3459 ἑτεροδοξούντων
3177 3389 3363 3461 φωνάς
3391 3389 3453 3443 τὸ
3480 3390 3579 3461 τῆς
3619 3389 3710 3443 εὐ-

2120 3478 2335 3544 σεὸείας
2379 3478 2807 3550 σχηματίζεσθαι
2863 3479 3092 3548 κάλλος,
3136 3481 3231 3535 καὶ
3272 3482 3385 3545 τοῖς
3428 3481 3529 3551 τῆς
3572 3480 3708 3552 άλη-

2120 3569 2269 3634 θείας
2301 3569 2593 3643 πειρᾶσθαι
2625 3569 3064 3643 περιανθίζεσθαι
3093 3570 3305 3641 λᾶγοις·
3340 3572 3578 3645 οὐδαμοῦ
3609 3574 3709 3645 μὲν

2119 3657 2307 3713 ὡδῐνον
2351 3658 2453 3731 τὴν
2480 3658 2758 3731 ἀλήθειαν,
2791 3658 2993 3714 ἔσωθεν
3037 3659 3095 3714 δὲ
3145 3664 3538 3734 κεκρυμμένην
3587 3663 3710 3733 ἔχον

2120 3749 2220 3823 τὴν
2246 3750 2356 3805 ἀπὸ
2383 3750 2478 3805 τοῦ
2504 3751 2732 3822 ψεύδους
2760 3750 3225 3825 θεοστυγεστάτην
3252 3753 3527 3809 άσέδειαν.
3565 3752 3723 3808 Ἀλλ’

2120 3841 2172 3895 oi
2198 3841 2355 3913 νήψτι
2383 3846 2450 3915 τῇ
2485 3844 2603 3898 κατ’
2630 3844 2943 3918 ὲντρᾶχειαν
2973 3844 3197 3916 λογικὴν
3225 3844 3319 3899 τὸν
3348 3848 3546 3902 οἰκεῖον
3578 3848 3709 3901 ἀνα-

2121 3935 2449 4007 τειχίζοντες
2471 3936 2618 4003 νοῦν,
2642 3938 2755 4001 τοῖς
2791 3937 2892 4008 μὲν
2913 3937 3056 4008 παρ’
3077 3938 3310 3993 ἐκείνων
3329 3939 3433 4010 οὐχ
3459 3938 3709 3994 άλίσκον,

2120 4044 2213 4083 ται
2242 4026 2443 4098 λόγοις,
2472 4028 2572 4100 τῆς
2602 4029 2661 4083 δὲ
2698 4029 2869 4095 ὅντως
2904 4028 3091 4098 ὑγιοῦς
3115 4030 3293 4099 ἀπρὶξ
3321 4031 3571 4101 ἐχόμενοι
3618 4033 3711 4086 πίε

2122 4133 2333 4183 cum,
2372 4120 2468 4189 ἐφ’
2511 4119 2726 4182 ἑαυτοῖς
2766 4118 3141 4190 άναμέλπουσι
3172 4118 3455 4188 λέγοντες·
3492 4137 3515 4172 ι
3538 4120 3712 4177 εὐλο-

2120 4209 2286 4280 γητὸς
2318 4208 2529 4282 Κύριος
2570 4210 2629 4275 ὃς
2671 4210 2773 4264 οὒκ
2820 4209 3021 4264 ἔδωκεν
3052 4211 3201 4282 ἡμᾶς
3246 4212 3329 4275 είς
3377 4211 3550 4283 θήραν
3599 4217 3711 4276 τοῖς

2122 4298 2335 4355 ὀδοῦσιν
2373 4299 2572 4355 αὐτῶν.
2604 4319 2625 4354 ι
2654 4298 2839 4368 Ἔδοξε
2881 4300 3063 4355 τοίνυν
3107 4302 3241 4373 ἡμῖν
3281 4302 3349 4357 τὰ
3380 4303 3444 4358 ὲκ
3472 4303 3709 4376 φιλομα-

2125 4390 2277 4456 θείας
2317 4395 2661 4462 συνενεγκεῖν
2689 4394 3003 4466 εὑρήματα,
3044 4394 3140 4448 καὶ
3170 4394 3576 4466 συγκεχυμένον
3610 4397 3711 4468 μὲν

2121 4484 2376 4555 οὐδαμῶς
2410 4484 2683 4539 συνθεῖναι
2712 4486 2803 4539 τὸν
2836 4484 3015 4554 λόγον.
3047 4485 3465 4560 εὐκρινεστέραν
3492 4488 3549 4543 δὲ
3580 4490 3710 4561 μᾶλ·

456 4562 738 4633 perspicua
769 4549 1446 4630 manilestaque'stndioso
1486 4562 1719 4616 auditori
1759 4564 1833 4617 sit
1869 4561 2019 4617 futu-

2126 4574 2216 4629 λον
2244 4549 2583 4638 είς-ἕκαστον
2608 4576 2717 4629 τῶν
2762 4549 3071 4645 κεφαλαίων
3103 4549 3200 4648 την
3239 4549 3471 4650 βάσανον
3518 4549 3711 4652 ἔχοντα

456 4666 538 4707 ra.
568 4650 780 4706 Titulus
815 4657 943 4705 vero
978 4650 1139 4716 hujus
1176 4648 1357 4719 operis
1389 4658 1489 4714 est,
1525 4649 1843 4716 Thesaurus,
1881 4653 2023 4722 quod

455 4744 730 4815 ingentem
763 4743 817 4797 in
850 4756 909 4797 se
936 4741 1242 4807 divinarum
1267 4742 1782 4813 contemplationum
1808 4744 2023 4800 thesau-

454 4852 574 4892 rum
614 4834 1048 4904 complectatur:
1088 4835 1299 4889 tametsi
1326 4849 1427 4903 ego
1471 4845 1525 4891 et
1555 4835 1862 4902 doctrinam
1912 4852 2023 4892 meo

454 4927 696 4981 diocrem
749 4936 809 4981 et
847 4926 1121 4995 ingenium
1157 4926 1224 4980 ad
1271 4927 1742 4996 contemplandum
1774 4944 1881 4984 non
1922 4929 2023 4982 ad-

461 5018 683 5073 modum
709 5031 837 5072 acre
864 5018 924 5071 in
950 5031 1037 5072 me
1071 5032 1379 5087 agnoscam.
1412 5016 1613 5075 Gratias
1645 5034 1774 5076 vero
1804 5022 2023 5091 agendae

456 5114 583 5163 sunt
620 5108 864 5169 Christo,
899 5108 991 5176 qui
1031 5108 1212 5162 omnia
1250 5107 1500 5162 omnibus
1533 5109 1746 5165 abunde
1775 5111 2025 5179 suppedi-

458 5207 555 5255 tat.
606 5196 862 5253 llonendi
900 5207 1079 5252 autem
1106 5208 1231 5253 sunt
1268 5197 1521 5263 lectores,
1566 5199 1741 5268 capita
1788 5199 1910 5254 libri
1955 5201 2020 5255 ad

456 5303 705 5343 normam
746 5288 906 5357 huius
944 5286 1143 5343 tabulae
1177 5289 1292 5343 sive
1322 5289 1538 5356 indicis,
1574 5291 1667 5359 qui
1713 5291 2019 5360 subjicitur,

456 5391 577 5431 esse
620 5377 939 5447 composita.
986 5378 1433 5446 Complectuntur
1465 5394 1594 5434 vero
1642 5380 1848 5449 singula
1884 5396 2024 5451 qum-

459 5472 565 5535 que
587 5468 767 5537 capita
799 5470 962 5523 etiam
1011 5483 1074 5524 ea
1100 5485 1221 5547 quae
1248 5472 1313 5524 ad
1342 5471 1590 5525 eumdem
1623 5473 2025 5542 contemplatio-

460 5559 545 5611 nis
578 5573 801 5628 scopum
824 5561 1124 5628 pertinent,
1153 5570 1208 5616 et
1231 5579 1325 5631 per
1353 5562 1619 5619 circuitus
1645 5574 1809 5635 atque
1835 5565 2024 5621 anfra-

460 5658 580 5704 ctus
608 5649 677 5705 ad
705 5650 955 5706 eumdem
990 5652 1149 5721 tituli,
1177 5653 1277 5709 sub
1304 5669 1414 5723 quo
1442 5658 1839 5726 comprehensa
1873 5670 2021 5726 sunt,

2130 4665 2469 4736 διεξαγαγεῖν
2487 4685 2500 4698 ·
2530 4667 2674 4722 οὕτω
2697 4668 2805 4739 γάρ
2826 4667 2893 4723 ἂν
2908 4667 3237 4735 εὑσύνοπτός
3267 4686 3327 4724 τε
3357 4672 3451 4726 καὶ
3483 4673 3710 4743 εἰλικρι-

2132 4758 2359 4829 νεστέρα
2384 4761 2497 4822 τοῖς
2542 4758 2977 4830 φιλακροάμοσιν
3014 4761 3047 4830 ἡ
3096 4761 3204 4814 τῶν
3245 4762 3584 4833 ἐγκειμένων
3613 4765 3707 4835 γέ-

2130 4865 2274 4903 νοιτο
2306 4849 2527 4919 γικῖισις.
2569 4853 2855 4923 Θησαυρὸς
2880 4850 2938 4906 δὲ
2964 4850 3042 4922 τῷ
3075 4852 3264 4925 βιϐλίῳ
3292 4839 3485 4925 ὄνομα,
3511 4854 3711 4933 πολλὴν

2131 4939 2308 5009 ἔχοντι
2338 4939 2447 4994 τῶν
2486 4939 2645 4994 θείων
2687 4941 3061 5014 θεωρημάτων
3100 4945 3606 5019 τεθησαυρισμένην
3647 4950 3711 5002 ιν

2130 5030 2309 5101 ἑαυτῷ
2346 5022 2443 5103 τὴν
2478 5032 2718 5101 πληθύν
2753 5035 2803 5087 εί
2846 5036 2942 5089 καὶ
2976 5035 3189 5107 μέτριοί
3226 5036 3369 5103 τινες
3415 5040 3473 5102 ὲς
3519 5039 3713 5109 λόγους

2128 5121 2307 5190 ἡμεῖς,
2341 5121 2437 5174 καὶ
2465 5121 2600 5193 πρὸς
2630 5122 2691 5176 τὸ
2715 5122 2976 5181 δύνασθαί
3007 5144 3061 5181 τι
3089 5132 3229 5183 νοεῖν
3257 5130 3323 5183 οὑ
3355 5118 3560 5203 σφόδρα
3580 5148 3712 5204 γορ-

2126 5210 2234 5279 γοί.
2276 5212 2607 5267 ’Δνακείσθω
2634 5215 2691 5269 δὲ
2729 5216 2890 5290 χάρις
2935 5218 3013 5289 τῷ
3058 5221 3235 5276 πάντα
3268 5224 3403 5277 πᾶσι
3439 5225 3711 5288 πλουσίως

2125 5302 2452 5373 χορηγοῦντι
2483 5306 2722 5378 Χριστῷ.
2762 5309 2973 5365 Εἰδέναι
3002 5311 3060 5365 δι
3093 5312 3198 5384 χρὴ
3227 5313 3356 5378 τοὺς
3386 5315 3708 5386 ὲντευξομὲυ

2123 5409 2268 5456 νους,
2305 5394 2387 5448 ὅτι
2420 5398 2755 5457 συντέθειται
2792 5401 2911 5471 μὲν,
2954 5402 3097 5458 κατὰ
3124 5404 3224 5473 τὴν
3259 5391 3708 5478 ὑποτεταγμένην

2130 5487 2478 5570 προγραφὴν,
2508 5490 2575 5544 τὰ
2618 5494 2676 5545 ἐν
2706 5493 2784 5565 τῷ
2831 5495 3021 5567 βιὸλίῳ
3053 5498 3348 5566 κεφάλαιαι
3386 5499 3709 5570 Περιέχεται

2122 5564 2179 5627 δὲ
2229 5576 2441 5648 ἑκάστῳ
2488 5582 2657 5637 πολλὰ
2696 5587 2837 5657 πρὸς
2872 5588 2963 5643 τὸν
2992 5564 3169 5642 *αὐτὸν
3214 5564 3709 5645 συντείνοντα-’τῶν

2128 5662 2498 5739 θεωρημάτων
2528 5676 2749 5745 σκοπὸν,
2782 5680 2877 5734 καὶ
2900 5680 2987 5736 διὰ
3018 5680 3219 5737 κύκλου
3256 5685 3346 5738 καὶ
3372 5682 3706 5759 περιδρομῆς

536 5826 554 5858 ί
588 5825 772 5882 Matth.
808 5844 925 5895 xm,
961 5830 1045 5886 i6.
1117 5831 1184 5886 ἰ
1214 5830 1338 5890 Cor.
1375 5848 1474 5902 ιιι,
1510 5835 1563 5891 5.
1643 5836 1663 5868 ³
1700 5835 1742 5890 11
1772 5836 1917 5893 Pctr.
1950 5855 2011 5907 ιι,

2178 5844 2198 5875 ⁸
2228 5843 2369 5903 Psal.
2405 5865 2595 5920 cum,
2628 5854 2681 5907 6.
