4012 6338
523 424 592 483 1:5
1510 415 1566 469 S.
1610 411 1877 469 CYBILLI
1919 408 2389 465 ALEXANDRINI
2429 405 2750 461 ARCIIIEP.
3690 402 3754 457 I6

585 536 940 607 Interrogatio
994 533 1311 588 Arianorum
1365 530 1708 582 absurditatis
1787 526 2081 611 plena;cui

519 630 623 683 alia
653 644 757 682 non
790 623 1045 679 absimilis
1070 620 1408 687 interrogatio
1435 618 1732 687 apponitur,
1758 618 1946 670 docens
1979 631 2081 667 non

514 737 624 776 esse
639 718 839 787 aliquid
869 716 1028 771 stulte
1061 712 1506 782 interrogandum.

591 811 847 866 Adversus
880 808 1283 876 interrogantes,
1313 822 1332 854 ι
1362 806 1441 857 An
1462 803 1694 858 habuisti
1730 803 1896 865 ﬁlium
1932 808 2081 853 ante-

510 919 667 969 quam
697 902 929 971 gigneres
948 899 973 951 1’
995 916 1013 949 ι
1039 897 1355 961 etdicentes,
1386 892 1515 948 (Ita
1545 909 1707 964 neque
1742 892 1876 946 Deus
1900 892 2080 945 habuit

516 993 715 1046 Filium
753 991 1056 1059 priusquam
1088 1004 1203 1043 eum
1229 988 1479 1058 gigneret.
1520 1003 1542 1037 ι

1097 1076 1391 1134 ASSERT.
1460 1076 1525 1132 ν.

585 1176 735 1243 Quod
755 1176 918 1229 Pater
956 1189 1059 1227 non
1082 1172 1279 1226 exstitit
1307 1178 1425 1224 ante
1454 1168 1679 1233 Filium,
1707 1166 1913 1221 tametsi
1934 1166 2076 1234 inge-

514 1272 654 1322 nitus
726 1268 814 1331 sit,
862 1265 954 1319 sed
995 1271 1284 1318 coaeternus
1361 1262 1462 1331 ipsi
1517 1261 1618 1329 fuit
1705 1257 1875 1312 Filius
1929 1257 2073 1327 geni-

511 1371 614 1411 ιιισ.

1126 1439 1417 1496 ASSERT.
1448 1440 1533 1495 Vl.

582 1534 734 1600 Quod
758 1532 918 1586 Pater
939 1532 1072 1585 citra
1101 1531 1403 1601 divisionem
1437 1540 1484 1585 et
1529 1530 1662 1584 citra
1690 1530 2075 1599 corruptionem

510 1640 575 1679 ex
602 1627 770 1693 seipso
808 1624 1039 1694 genuerit
1059 1620 1281 1675 Filium.

1069 1732 1357 1791 ASSERT.
1397 1734 1510 1789 VII.

579 1828 834 1880 Adversus
863 1840 963 1889 eos;
987 1825 1076 1895 qui
1104 1824 1379 1892 objiciunt,
1408 1842 1426 1878 ι
1456 1822 1617 1879 Pater
1634 1834 1809 1879 utrum
1853 1824 2071 1892 fortuito

506 1920 677 1989 genuit
706 1914 925 1980 Filium,
956 1929 1024 1967 an
1063 1912 1364 1969 voluntate?
1383 1933 1403 1966 s

1086 2003 1377 2059 ASSERT.
1420 2003 1551 2059 VIII.

582 2098 839 2151 Adversus
888 2096 1133 2163 dicentes,
1166 2110 1271 2150 non
1306 2095 1483 2161 Patri,
1512 2098 1600 2151 sed
1644 2095 1896 2151 voluntati
1957 2096 2069 2167 ejus

503 2189 723 2242 similem
738 2203 847 2242 esse
885 2184 1103 2240 Filium.

1092 2294 1384 2351 ASSERT.
1416 2296 1508 2350 IX.

576 2412 731 2477 Quod
751 2409 1211 2466 consubstantialis
1271 2412 1340 2463 sit
1391 2408 1563 2462 Filius
1586 2408 1760 2475 Patri,
1802 2425 1867 2463 ea:
1888 2412 2065 2475 dictis,

506 2504 674 2569 «Quid
692 2520 771 2557 me
796 2503 928 2556 dicis
949 2503 1175 2556 bonum?
1201 2500 1367 2575 Nemo
1401 2502 1561 2555 bonus
1586 2502 1684 2555 nisi
1717 2518 1852 2555 unus
1867 2501 2061 2556 Deus.»

505 2596 593 2661 lit,
633 2614 650 2646 ι
695 2594 837 2647 Vada
875 2594 944 2645 ad
981 2592 1190 2645 Patrem
1224 2607 1391 2645 meum
1418 2602 1466 2645 et
1511 2590 1721 2646 Patrem
1746 2603 1990 2655 vestrum,
2019 2602 2067 2646 et

503 2686 664 2739 Deum
686 2702 851 2738 meum
872 2692 921 2739 et
954 2683 1119 2738 Deum
1145 2693 1390 2737 uestrum.
1418 2703 1437 2736 ι
1468 2682 1623 2748 Item,
1661 2701 1678 2735 ι
1706 2682 1867 2737 Pater
1894 2685 2067 2753 major

500 2793 579 2831 me
618 2785 694 2831 εει
702 2816 713 2828 .
752 2796 771 2827 s

1092 2972 1379 3030 ASSEItT.
1433 2975 1501 3029 Χ.

569 3091 721 3158 Quod
751 3090 1209 3145 consubstantialis
1259 3088 1411 3141 Patri
1468 3088 1532 3141 sit
1583 3086 1778 3141 Filius.
1817 3086 2062 3156 Defensio

497 3184 639 3238 illius
664 3184 809 3246 dicti,
842 3202 859 3233 ι
908 3182 1013 3236 Cur
1036 3198 1115 3235 me
1136 3181 1269 3234 dicis
1294 3179 1528 3233 bonum?
1563 3198 1580 3231 ι
1614 3189 1662 3232 et
1708 3179 1851 3232 illius
1903 3194 2061 3246 expo-

494 3277 640 3330 sitio.

1068 3383 1359 3440 ASSERT.
1402 3384 1493 3438 XI.

568 3498 718 3566 Quod
754 3498 925 3551 Filius
941 3498 1008 3551 sit
1052 3496 1208 3550 Patri
1248 3496 1741 3562 consubstantialis,
1782 3512 1847 3551 ex
1896 3498 2058 3561 dicto,

500 3612 517 3642 ι
557 3590 714 3643 Pater
739 3606 881 3643 meus
920 3586 1097 3657 major
1120 3603 1200 3642 me
1228 3597 1324 3643 est.
1365 3605 1386 3639 ι

562 3683 720 3735 Aliud
752 3682 961 3744 docens,
978 3679 1114 3745 quod
1146 3679 1409 3747 proposito
1428 3695 1624 3747 majore
1642 3689 1689 3733 et
1715 3679 1931 3743 minore,
1954 3680 2059 3733 im-

492 3772 651 3838 perite
673 3770 958 3824 admodum
991 3767 1325 3839 inaequalitas
1372 3769 1634 3838 inferatur
1662 3784 1680 3822 :
1713 3768 1873 3839 quod,
1901 3768 2057 3836 juxta

493 3862 794 3917 Aristotelis
820 3859 1174 3930 disciplinam,
1200 3860 1428 3913 alterius
1461 3861 1525 3913 sit
1548 3862 1772 3929 generis.

569 4038 720 4094 Aliud
772 4036 1134 4091 demonstrans
1188 4050 1280 4104 per
1325 4036 1383 4087 id
1436 4036 1575 4105 quod
1637 4036 1836 4097 dicitur
1888 4036 2057 4091 Pater

492 4128 684 4199 major,
712 4129 867 4183 simul
893 4129 1048 4183 etiam
1075 4127 1258 4196 inferri
1304 4125 1533 4180 Filium.
1568 4127 1662 4182 Est
1719 4138 1891 4183 autem
1950 4145 2053 4183 non

489 4222 662 4274 minor
679 4219 811 4285 ipso.

563 4308 715 4372 Quod
757 4306 928 4360 Filius
957 4305 1145 4359 similis
1184 4304 1251 4357 sit
1282 4302 1452 4369 Patri,
1485 4305 1747 4373 proposito
1795 4306 1933 4357 dicto
1990 4303 2055 4355 il-

491 4391 563 4457 lo,
602 4410 621 4442 ι
658 4392 816 4444 Amen
843 4392 959 4444 dico
989 4390 1151 4449 vobis,
1174 4406 1274 4442 non
1295 4393 1517 4444 surrexit
1556 4393 1690 4445 inter
1743 4402 1892 4444 natos
1940 4407 2057 4444 mu-

490 4484 674 4537 lierum
705 4483 879 4553 major
901 4481 1104 4535 Joanne
1129 4481 1392 4551 Baptista,
1418 4500 1437 4533 s
1474 4490 1581 4537 etc.

1014 4678 1069 4748 θ
1102 4675 1394 4733 ASSERT.
1435 4676 1549 4733 xu.

568 4786 624 4845 In
650 4786 803 4854 illud,
828 4787 968 4858 «Ego
998 4788 1053 4840 in
1077 4786 1262 4853 Patre,
1291 4799 1338 4843 et
1366 4789 1593 4845 Paterin
1616 4807 1731 4857 me;
1754 4813 1772 4844 ι
1798 4802 1867 4858 et,
1897 4813 1915 4845 ί
1941 4793 2051 4866 Ego

485 4892 533 4937 et
577 4878 733 4932 Pater
773 4895 933 4933 unum
965 4895 1181 4944 sumus;
1206 4898 1225 4931 ι
1262 4881 1350 4933 ubi
1376 4882 1614 4951 deinceps
1663 4885 2051 4939 demonstratur

493 4969 652 5023 Deum
670 4969 833 5039 fuisse
867 4970 956 5039 qui
989 4968 1226 5025 liberavit
1281 4973 1634 5041 patriarcham
1658 4975 1820 5029 Jacob
1850 4993 1914 5030 ex
1941 4995 2051 5031 om-

488 5060 636 5113 nibus
666 5062 839 5115 malis.

573 5150 991 5215 Demonstratur,
1047 5152 1187 5219 quod
1249 5151 1473 5206 Verbum
1513 5153 1608 5208 Dei
1654 5160 1845 5223 species
1885 5160 2049 5228 ipsius

483 5240 549 5293 sit
588 5256 606 5293 :
631 5244 765 5311 quod
811 5240 1035 5295 Verbum
1064 5255 1267 5296 vocetur
1291 5247 1481 5312 species
1516 5245 1627 5299 Dei.

563 5430 840 5487 Vehemens
879 5436 1256 5490 demonstratio
1300 5438 1489 5492 docens
1516 5442 1653 5509 quod
1702 5459 1818 5511 qua:
1853 5447 2047 5512 aliqui-

484 5522 577 5574 bus
617 5521 999 5587 assimilantur,
1025 5527 1198 5579 nonin
1231 5527 1528 5582 universum
1553 5541 1601 5584 et
1628 5534 1943 5588 naturaliter
1968 5538 2045 5590 in-

482 5620 599 5663 sunt
632 5602 917 5680 iis'quibus
970 5614 1371 5669 assimilanlur:
1419 5620 1508 5690 sed
1559 5637 1675 5690 qua:
1732 5625 2047 5679 naturaliter

483 5700 739 5767 aliquibus
770 5701 967 5766 insunt,
997 5704 1131 5756 velut
1156 5705 1403 5774 imagines
1431 5688 1671 5777 qua'dam
1709 5723 1828 5767 sunt
1865 5731 2042 5769 eorum

487 5794 551 5842 ad
580 5807 694 5857 qua:
725 5803 899 5847 nostra
922 5795 1155 5850 voluntas
1196 5798 1499 5868 impellitur.

2273 519 2590 589 Ἐρώτησις
2631 513 2934 585 Ἀρειανῶν
2960 514 3213 581 ἀτοπίας
3230 512 3424 585 μεστή
3448 530 3459 542 ·
3509 512 3657 580 πρὸς
3686 512 3770 579 ἦν

2186 610 2663 679 ἁντεπερώτησις
2694 606 3055 674 ἁτοπωτέρα,
3081 605 3170 659 ὅτι
3207 605 3326 673 χρὴ
3370 602 3454 675 μὴ
3488 602 3769 657 ἀπαιδεύ-

2185 720 2300 767 τως
2336 698 2561 771 ἐρωτᾷν
2597 699 3069 753 ἐκδιδάσκουσα.

2256 792 2414 859 Πρὸς
2440 791 2577 857 τοὺς
2597 788 2968 859 ἐρωτῶντας,
3012 809 3029 841 ι
3066 783 3305 854 Εῑεῖχες
3337 786 3469 841 Υἱὸν
3500 784 3642 855 πρὶν
3674 786 3766 838 τέ-

2183 899 2335 951 vim;
2370 902 2389 935 ι
2436 882 2535 937 καὶ
2567 881 2877 952 λέγοντας,
2921 901 2937 932 ι
2970 882 3136 935 Οὕτω
3173 880 3274 935 καὶ
3303 881 3335 934 ό
3361 878 3511 945 Θεὸς
3542 881 3652 934 οὐκ
3680 875 3766 932 εἷ·-

2184 990 2293 1043 χεν
2338 974 2478 1028 Υιὸν
2513 972 2655 1043 πρὶν
2691 972 2993 1042 γεννήσει.
3023 991 3043 1025 s

2834 1064 2987 1118 ΛΟΓ.
3032 1061 3106 1118 E'.

2255 1154 2377 1207 Ὅτι
2428 1156 2501 1210 οὐ
2547 1154 2915 1227 προῦπὰρχει
2959 1156 3065 1211 τοῦ
3110 1154 3251 1210 Υἱοῦ
3299 1158 3332 1209 ὀ
3373 1155 3597 1222 Πατὴρ,
3646 1153 3763 1206 κᾶν

2180 1245 2510 1316 ἁγέννητος
2551 1244 2594 1320 ᾗ
2615 1265 2631 1282 ·
2682 1249 2820 1306 ἀλλ’
2843 1245 2923 1321 ἦν
2977 1246 3137 1314 αὑτῷ
3182 1246 3495 1313 συναΐδιος
3540 1250 3573 1299 d
3628 1246 3761 1309 Υὶὸς

2181 1338 2488 1407 γεννητός-

2832 1430 2981 1483 ΛΟΓ.
3030 1431 3118 1496 ς’.

2251 1517 2381 1573 Ὀτι
2414 1522 2447 1575 ό
2475 1520 2678 1590 Πατὴρ
2705 1521 3039 1590 ἀμερίστως
3068 1518 3167 1574 καὶ
3190 1519 3497 1589 ἀρεύστως
3515 1517 3759 1589 ἐγέννη-

2176 1623 2292 1663 σεν
2329 1610 2399 1675 ἐξ
2438 1610 2628 1666 αὑτοῦ
2667 1611 2778 1665 τὸν
2825 1612 2982 1666 Υιόν.

2831 1724 2983 1778 ΛΟΓ.
3027 1725 3101 1779 Z'.

2244 1814 2405 1883 Πρὸς
2423 1815 2565 1882 τοὺς
2582 1816 3004 1884 προτείνοντας
3021 1815 3141 1879 τὸ,ι
3165 1814 3537 1882 Ἀϐουλήτως
3551 1817 3587 1885 ἢ
3606 1818 3759 1870 κατὰ

2170 1905 2480 1975 ,βούλησιν
2518 1906 2811 1976 ἐγέννησε
2850 1906 2957 1960 τὸν
3006 1906 3146 1959 Υιὸν
3179 1907 3213 1959 ὁ
3250 1905 3487 1973 Πατήρ;
3521 1925 3539 1958 ι

2824 2001 2977 2055 ΛΟΓ.
3020 2001 3103 2053 H’.

2243 2091 2399 2159 Πρὸς
2426 2092 2568 2159 τοὺς
2601 2092 2893 2161 λέγοντας
2924 2092 3012 2146 ὅτι
3044 2094 3116 2146 οὐ
3146 2089 3227 2156 τῷ
3259 2091 3462 2160 Πατρὶ.
3491 2091 3652 2146 ἀλλὰ
3679 2090 3754 2161 τιῖ

2165 2182 2469 2249 βουλήσει
2506 2184 2716 2252 αὐτοῦ,
2753 2184 2957 2253 ὅμοιός
2992 2184 3165 2238 ἐστιν
3203 2186 3235 2237 d
3284 2183 3438 2248 Υἱός.

2822 2297 2976 2351 ΛΟΓ.
3012 2294 3088 2351 6'.

2243 2410 2370 2463 Ὅτι
2401 2411 2723 2479 δμοούσιος
2749 2411 2832 2477 τῷ
2860 2412 3044 2479 Harp!
3073 2414 3106 2466 ό
3135 2412 3286 2479 Υιός,
3304 2410 3754 2485 παρατεθέντων

2168 2501 2265 2554 καὶ
2316 2501 2435 2554 τῶν
2475 2500 2697 2570 ῥητῶν,
2748 2521 2766 2554 ι
2806 2504 2867 2557 Τί
2894 2520 2971 2573 με
2999 2505 3197 2574 λέγεις
3234 2504 3499 2573 ἀγαθόν;
3541 2504 3751 2570 οὐδεὶς

2168 2591 2407 2660 ἀγαθὸς,
2448 2593 2500 2645 ει
2541 2592 2628 2661 μὴ
2662 2587 2749 2659 εἷς
2782 2597 2816 2647 ό
2840 2596 3021 2659 Θεός·
3056 2613 3074 2646 s
3126 2595 3225 2648 καὶ
3260 2594 3387 2661 τοῦ,
3446 2613 3465 2645 ι
3494 2597 3750 2663 Πορεύο-

2162 2700 2268 2751 μαι
2303 2685 2451 2753 πρὸς
2483 2688 2591 2739 τὸν
2615 2686 2845 2756 Πατέρα
2867 2705 3010 2757 μου,
3045 2689 3143 2742 καὶ
3174 2688 3405 2757 Πατέρα
3432 2688 3618 2757 ὑμῶν,
3650 2685 3750 2744 και

2168 2775 2315 2829 Θεόν
2337 2794 2481 2845 μου,
2511 2770 2609 2833 καὶ
2640 2779 2791 2833 Θεὸν
2816 2779 2982 2849 ὑμῶν
3002 2797 3014 2809 ⁸
3051 2799 3070 2832 ι
3109 2781 3207 2835 καὶ
3242 2781 3476 2851 ὁμοίως,
3511 2800 3529 2834 ι
3553 2781 3604 2834 '0
3628 2785 3750 2836 Πα-

2164 2862 2275 2932 τὴρ
2306 2865 2518 2933 μείζων
2548 2868 2667 2936 μού
2705 2868 2926 2925 ἐστιν.»

2835 2982 2987 3040 ΛΟΓ.
3012 2984 3069 3038 ι’.

2235 3088 2356 3142 Ὅτι
2385 3090 2711 3158 όμοούσιος
2737 3090 2819 3158 τῷ
2848 3095 3030 3165 Harp!
3065 3098 3098 3151 ό
3138 3098 3269 3163 Υἱός
3290 3114 3308 3131 ·
3346 3098 3417 3154 ὲν
3444 3089 3493 3166 ᾧ
3518 3097 3746 3155 ἀπολοο

2164 3180 2267 3249 γία
2298 3180 2521 3249 πιθανὴ
2567 3182 2719 3251 πρὸς
2754 3184 2861 3237 τὸν
2881 3184 3287 3253 ἐρωτήσαντα,
3321 3207 3341 3242 ‹
3376 3190 3436 3244 Tl
3451 3206 3528 3259 με
3547 3189 3746 3262 λέγεις

2164 3271 2391 3342 ἀγαθόν
2404 3289 2423 3337 ;
2456 3292 2474 3325 ι
2519 3274 2617 3328 καὶ
2654 3274 2944 3346 ἐξήγησις
2983 3278 3089 3333 τοῦ
3120 3280 3334 3350 ῥητοῦ.

2797 3388 2947 3442 ΛΟΓ.
2993 3391 3097 3446 IA'.

2236 3496 2365 3549 Ὀτι
2400 3498 2718 3567 όμοούσιος
2753 3502 2785 3552 ό
2824 3502 2955 3568 Υἱὸς
3001 3502 3081 3569 τῷ
3107 3507 3312 3575 Πατρι,
3345 3510 3742 3579 προκειμένου

2152 3586 2364 3654 ῥητοῦ,
2410 3603 2429 3637 ι
2454 3587 2515 3640 '0
2552 3588 2753 3657 Πατήρ
2785 3606 2905 3658 μου
2939 3591 3151 3661 μείζων
3180 3597 3298 3665 μού
3336 3597 3560 3654 ἐστιν.)

2235 3678 2436 3739 Ἄλλο,
2466 3676 2759 3733 διδάσκον
2788 3679 2878 3734 ὅτι
2921 3686 3313 3754 προκειμένου
3345 3688 3449 3741 τοῦ
3469 3689 3742 3759 μείζονος

2160 3766 2259 3820 καὶ
2285 3766 2391 3821 τοῦ
2421 3766 2762 3836 ἐλάττονος,
2799 3770 3170 3841 ἀπαιδεύτως
3200 3776 3267 3830 τὸ
3298 3777 3584 3848 ἀνόμοιον
3614 3784 3738 3835 εισ-

2160 3856 2420 3925 ςοέρεται,
2463 3857 2802 3930 ἐτερογενὲς
2849 3862 2923 3917 δν
2959 3866 3108 3920 κατὰ
3137 3865 3251 3936 τὴν
3284 3869 3739 3941 Ἀριστοτέλους

2158 3948 2399 4017 τέχνην.

2233 4040 2413 4093 Ἄλλο
2465 4040 2779 4106 ἀπόδειξιν
2826 4044 2991 4113 ἕχον,
3021 4044 3110 4100 ὅτι
3159 4045 3257 4100 διὰ
3307 4050 3413 4104 τοῦ
3454 4054 3732 4123 λέγεσθαι

2150 4129 2394 4199 μείζονα
2431 4130 2541 4185 τὸν
2564 4135 2813 4202 Πατέρα,
2841 4136 3296 4205 συνεισφέρεται
3336 4140 3454 4209 μὲν
3497 4142 3735 4213 πάντως

2158 4224 2192 4273 ό
2229 4223 2577 4288 Υἱός.³Εστι
2616 4225 2685 4278 δὲ
2721 4228 2832 4279 οὐκ
2867 4227 3131 4282 ἐλάττων
3165 4230 3373 4286 αὑτοῦ.
3668 4285 3676 4291 .

2232 4313 2433 4378 Ἄλλο,
2464 4315 2555 4369 ὅτι
2588 4313 2722 4383 ἶσος
2750 4322 2783 4372 ό
2818 4322 2953 4384 Υἱὸς
2983 4320 3062 4386 τῷ
3089 4323 3291 4393 Πατρὶ,
3337 4328 3731 4396 προκειμένου

2148 4404 2357 4472 ῥητοῦ,
2391 4423 2410 4457 ι
2434 4405 2612 4476 Ἀμὴν
2640 4407 2796 4478 λέγω
2838 4410 2998 4478 ὑμῖν,
3026 4414 3137 4465 οὐκ
3168 4413 3474 4484 ἐγήγερται
3505 4419 3575 4471 ἐν
3601 4436 3732 4489 γεν-

2154 4491 2356 4560 νητοῖς
2375 4494 2677 4562 γυναικῶν
2690 4496 2900 4567 μείζων
2914 4498 3192 4554 Ἰωάννου
3212 4502 3319 4555 τοῦ
3331 4506 3691 4577 Βαπτιστοῦ,
3703 4528 3725 4564 s

2155 4583 2252 4636 καὶ
2289 4583 2363 4638 τὰ
2400 4583 2567 4653 ἑξῆς.

2810 4700 2963 4754 ΛΟΓ.
2994 4702 3093 4755 IB’.

2225 4809 2328 4873 Εἰς
2374 4807 2689 4889 τὸηιἜγὼ
2721 4812 2791 4864 ἐν
2832 4811 2911 4879 τῷ
2958 4814 3161 4883 Πατρὶ,
3197 4816 3295 4869 καὶ
3344 4821 3376 4870 ό
3419 4818 3618 4888 Πατὴρ
3660 4822 3729 4874 ἐν

2151 4898 2315 4969 ἐμοί’
2340 4919 2359 4951 ι
2396 4902 2516 4967 καὶ,
2542 4920 2560 4952 ι
2584 4902 2731 4967 Ἐγὼ
2762 4904 2858 4957 καὶ
2887 4908 2919 4957 ό
2951 4905 3153 4976 Πατὴρ
3181 4907 3250 4960 ἓν
3275 4909 3461 4977 ἐσμεν
3481 4928 3494 4940 ·
3534 4930 3553 4963 ι
3588 4910 3658 4965 ἐν
3680 4904 3727 4979 ᾧ

2150 4990 2454 5057 ἀπόδειξις
2484 4992 2724 5061 ἐφεξῆς,
2752 4993 2847 5048 ὅτι
2892 4999 2925 5050 o'
2972 4997 3115 5064 Θεὸς
3145 4994 3224 5070 ἦν
3260 5003 3294 5055 ὁ
3332 5003 3630 5071 ῥυόμενος
3658 5006 3726 5060 ἐκ

2151 5081 2393 5135 πάντων
2429 5082 2632 5136 κακῶν
2668 5084 2775 5138 τὸν
2813 5087 3183 5158 πατριάρχην
3216 5090 3439 5145 Ἰακώϐ.

2225 5173 2403 5226 Ἄλλο
2441 5172 2875 5237 ἀποδεικτικὸν,
2908 5178 2996 5231 ὅτι
3029 5183 3061 5231 ό
3090 5181 3280 5248 Λόγος
3322 5183 3426 5237 τοῦ
3454 5185 3622 5248 Θεοῦ,
3659 5188 3723 5242 τὸ

2148 5262 2306 5333 εἶδος
2332 5267 2519 5323 αὑτοῦ
2540 5269 2938 5339 iactr-.1110,
2956 5273 3253 5343 σημαῖνον
3277 5274 3365 5327 ὅτι
3392 5271 3549 5344 εἶδος
3577 5280 3725 5335 Θεοῦ

2150 5356 2413 5410 καλεῖται
2452 5360 2486 5411 ό
2521 5359 2731 5427 Λόγος.

2225 5450 2403 5502 Ἀλλο
2409 5449 2560 5517 μετὰ
2576 5450 2793 5520 γοργῆς
2813 5452 3173 5521 ἀποδείξεως
3199 5457 3512 5523 διδάσκον,
3534 5460 3627 5512 ’ὅτι
3653 5460 3724 5513 τὰ

2146 5536 2575 5606 ἐξομοιούμενά
2610 5555 2790 5605 τισιν,
2822 5545 2892 5596 οὺ
2931 5543 3169 5610 πάντως
3202 5549 3297 5600 καὶ
3341 5551 3490 5603 κατὰ
3534 5553 3722 5619 φύσιν

2146 5623 2238 5701 οἷς
2265 5627 2507 5682 ἔνεστιν
2537 5630 2907 5700 ἐξομοιοῦται
2931 5652 2944 5666 ·
2975 5636 3112 5689 ἀλλ’
3135 5637 3337 5707 ὥσπερ
3382 5640 3543 5705 τινὲς
3570 5644 3721 5695 εικό-

2145 5735 2247 5784 νες
2274 5720 2347 5773 τὰ
2379 5720 2561 5788 φύσει
2600 5726 2904 5790 προσόντα
2950 5726 3070 5779 τισὶ
3116 5730 3381 5797 ,γίνονται
3428 5731 3546 5786 τῶν
3573 5738 3721 5789 κατὰ

2146 5811 2493 5879 προαίρεσιν
2530 5812 2695 5883 ήμῶν
2735 5818 3088 5884 κινημάτων.
