4012 6338
240 435 302 491 Π
1665 435 1753 489 ἸΊΙ
1764 433 1888 488 εει
1899 431 2105 493 unus.
3430 431 3506 488 ιε
3552 445 3556 448 ‘

310 552 499 607 Ἀλλο
525 551 833 621 δεικνύον,
861 555 945 608 ὅτι
974 556 1038 608 τὸ
1072 557 1142 610 ἐν
1177 557 1256 623 τῷ
1288 554 1410 621 Θεῷ
1438 553 1707 625 γίνεσθαί
1735 570 1809 613 τι,

245 645 313 697 οὐ
340 645 576 711 φύσεως
604 645 884 713 σημαίνει
924 645 1288 714 μεταϐολὴν,
1316 644 1456 699 ἀλλ’
1487 642 1576 697 ὅτι
1606 642 1680 696 δι’
1707 644 1815 696 αὑ-

248 735 369 799 τοῦ,
406 734 445 802 ἢ
484 737 622 804 παρ’
654 735 860 790 αὑτοῦ.

314 826 515 891 Ἄλλο,
544 824 617 881 δι’
644 822 717 881 οὗ
744 825 1125 895 μανθάνομεν
1147 825 1309 893 ὅπως
1335 826 1629 895 προσήκει
1654 824 1818 880 νοεῖν

244 915 306 968 τὸ
327 916 537 982 ῥητὸν,
564 915 897 980 τουτέστιν.
934 916 1103 971 «Ἵνα
1137 916 1340 985 ὥσπερ
1370 917 1485 986 ἐγὼ
1513 916 1609 972 καὶ
1635 916 1715 970 σὺ
1748 915 1817 968 ἓν

242 1004 444 1072 ἐσμεν,
479 1005 631 1058 οὕτω
662 1005 759 1059 καὶ
787 1006 955 1059 αὐτοὶ
1004 1007 1073 1058 ἐν
1113 1005 1258 1074 ἡμῖν
1284 1006 1353 1060 ἓν
1376 1002 1529 1061 ὦσιν
1554 1022 1566 1035 ·
1610 1004 1723 1074 ἐγὼ
1748 1006 1817 1058 ἐν

242 1092 463 1159 αὐτοῖς,
498 1094 593 1147 καὶ
624 1095 706 1147 σὺ
725 1094 794 1148 ἐν
822 1096 980 1165 ἐμοί’
1010 1097 1111 1150 ἵνα
1139 1092 1251 1152 ὦσι
1272 1095 1707 1164 τετελειωμένοι
1729 1097 1816 1160 είς

240 1196 325 1234 εν.
340 1200 359 1234 δ

317 1275 495 1328 Ἄλλο
524 1274 802 1330 δεικνύον
826 1277 1099 1345 ἀκριϐῶς,
1128 1278 1329 1347 ὅτιπερ
1352 1280 1423 1332 οὐ
1452 1277 1568 1345 τὴν
1587 1277 1816 1332 ἑαυτῶν

241 1364 489 1433 ἀφέντες
523 1368 714 1435 φύσιν
762 1367 910 1437 πρὸς
951 1368 1066 1436 τὴν
1111 1368 1279 1422 θείαν
1314 1370 1812 1438 μεταποιούμεθα,

241 1458 381 1511 ὅταν
424 1458 496 1511 ἐν
532 1460 800 1527 τίνεσθαι
839 1460 989 1529 πρὸς
1026 1460 1172 1515 Θεὸν
1199 1460 1525 1529 λεγώμεθα,
1564 1461 1814 1515 ἀλλ’ὅτι

234 1547 473 1616 μέτοχοι
511 1549 819 1617 γεγονότες
855 1548 1043 1612 αὐτοῦ
1078 1549 1255 1602 τοῦτο
1292 1549 1651 1618 καλούμεθα.

861 1642 1011 1696 ΛΟΓ.
1044 1638 1143 1694 lI".

301 1731 439 1797 Περὶ
494 1733 837 1800 ὁμοιότητος
889 1732 997 1800 τῆς
1030 1733 1167 1787 Υίοῦ
1212 1733 1360 1802 πρὸς
1406 1733 1515 1787 τὸν
1558 1734 1809 1802 Πατέρα,

238 1822 329 1875 καὶ
363 1822 453 1874 ὅτι
488 1825 600 1876 οὐκ
625 1823 759 1876 ἐστι
787 1823 1044 1891 τρεπτῆς
1075 1825 1316 1893 φύσεως
1346 1828 1378 1879 ό
1411 1825 1565 1891 Υἱὸς,
1597 1825 1635 1893 ἢ
1667 1825 1812 1890 ἔξω·

238 1914 337 1963 θεν
362 1910 640 1977 ὑποστάς
661 1926 674 1941 ³
712 1913 850 1966 ἀλλ’
873 1913 941 1967 ἐκ
984 1913 1095 1983 τῆς
1136 1915 1351 1981 οὐσίας
1384 1916 1569 1970 αὑτοῦ
1598 1920 1813 1983 προελ-

236 2002 350 2055 θὼν
386 2004 469 2071 ὡς
517 2006 667 2070 Υἱός.

303 2092 484 2146 Ἄλλο
536 2092 623 2146 ὅτι
647 2094 760 2148 οὐκ
781 2093 851 2159 ἐξ
865 2094 1246 2160 ἀλλοιώσεως
1281 2094 1389 2165 τῆς
1425 2097 1541 2161 ἀπό
1566 2098 1674 2153 τοῦ
1691 2100 1813 2166 χείρ

229 2199 404 2249 ρονος
429 2182 528 2236 ἐπὶ
560 2185 623 2237 τὸ
654 2184 901 2253 ἄμεινον
928 2185 1130 2256 ὅμοιός
1155 2187 1327 2241 ἐστιν
1358 2190 1392 2243 ό
1430 2188 1561 2254 Υίός
1582 2186 1661 2255 τῷ
1692 2193 1811 2245 Πα-

232 2274 338 2340 τρι,
380 2275 540 2328 ἀλλὰ
578 2275 869 2343 φυσικῶς.

301 2366 503 2427 Ἄλλο,
537 2368 842 2436 σημαῖνον
865 2367 955 2423 ὄτι
983 2370 1052 2424 ἐκ
1082 2368 1198 2440 τῆς
1210 2371 1430 2440 οὐσίας
1450 2371 1556 2427 τοῦ
1581 2375 1811 2443 Πατρός

228 2454 395 2509 ἐστιν
435 2460 470 2511 ό
525 2458 675 2524 Υἱὸς,
709 2461 809 2514 καὶ
851 2462 961 2515 οὐκ
1008 2461 1250 2529 ἔξωθεν,
1280 2463 1547 2533 καθάπερ
1586 2470 1640 2520 ot
1677 2469 1809 2534 Χρι-

227 2546 515 2621 στομάχοι
556 2547 778 2615 φασιν·
828 2550 1035 2619 ἐπειδὴ
1076 2551 1145 2605 δὲ
1184 2554 1296 2607 οὐκ
1334 2552 1573 2621 ἔξωθεν,
1611 2554 1815 2624 ὅμοιος-

226 2634 359 2701 ἆρα.

308 2728 630 2796 Ἀπόδειξις
678 2731 799 2786 ἀπὸ
848 2733 959 2802 τῆς
999 2735 1162 2800 θείας
1193 2736 1463 2805 Γραφῆς,
1500 2737 1702 2804 ὅτιπερ
1741 2738 1808 2791 ἐκ

220 2817 484 2888 μετοχῆς
506 2819 614 2888 τῆς
642 2821 793 2888 πρὸς
827 2823 890 2876 τὸ
926 2823 1096 2877 Θεῖον
1122 2826 1252 2878 κατ’
1276 2826 1482 2879 εἰκόνα
1519 2824 1633 2893 τὴν
1660 2826 1808 2894 πρὸς

224 2911 369 2963 αὐτὸ
408 2915 812 2983 μορφούμεθα.
844 2917 925 2969 Οὐ
972 2917 1084 2985 τὰρ
1127 2916 1419 2986 ἐξήρκεσε
1462 2917 1537 2987 τῇ
1573 2919 1679 2973 τοῦ
1706 2920 1809 2974 ἀν-

223 3001 459 3069 θρώπου
505 3005 855 3072 κατασκευῇ
888 3005 1037 3076 πρὸς
1079 3008 1145 3061 τὸ
1182 3009 1503 3077 φαίνεσθαι
1525 3010 1627 3063 καί
1655 3007 1807 3065 εἶναι

220 3093 425 3145 εέκόνα
463 3092 568 3146 τοῦ
612 3097 1037 3163 πεποιηκότος,
1075 3097 1141 3150 τὸ
1190 3100 1260 3152 ἐν
1290 3101 1504 3168 μόναις
1548 3101 1809 3168 ἐννοίαις

223 3183 325 3237 τὸν
363 3184 498 3253 περὶ
534 3186 719 3240 αὑτοῦ
758 3186 988 3242 κεῖσθαι
1024 3190 1211 3256 λόγον
1250 3191 1539 3247 τοιοῦτον.

873 3276 1025 3331 ΛΟΓ.
1066 3279 1162 3331 IA'.

291 3365 461 3429 'Ett,
506 3366 637 3433 περὶ
684 3366 1069 3435 ὁμοιότητος,
1121 3369 1514 3441 προκειμένου
1570 3374 1759 3440 ῥητοῦ
1786 3414 1800 3439 ,

228 3454 491 3523 «Ὥσπερ
520 3456 629 3523 γὰρ
656 3460 690 3509 ό
714 3456 918 3526 Πατὴρ
954 3460 1079 3526 ἔχει
1114 3458 1268 3530 ζωὴν
1304 3462 1375 3514 ἐν
1410 3462 1622 3528 ἐαυτῷ,
1651 3464 1803 3518 οὕτω

223 3547 313 3599 καὶ
343 3545 428 3611 τῷ
464 3544 573 3611 Υἱῷ
601 3546 820 3602 δέδωκε
861 3548 1012 3618 ζωὴν
1052 3549 1216 3621 ἔχειν
1239 3553 1307 3606 ἐν
1329 3553 1548 3619 ἐαυτῷ·
1588 3573 1605 3605 ι
1640 3555 1708 3608 τὸ
1736 3554 1805 3608 δὲ

224 3639 639 3710 συναγόμενον
672 3639 741 3693 ἐκ
769 3640 889 3693 τῶν
912 3643 1363 3713 συλλογισμῶν,
1393 3644 1482 3698 ὅτι
1516 3644 1627 3715 ζωὴ
1655 3646 1804 3700 κατὰ

224 3733 411 3800 φύσιν
447 3732 621 3785 ἐστίν
660 3734 693 3786 ό
740 3732 892 3796 Υἱὸς,
932 3730 1136 3803 ὥσπερ
1174 3735 1273 3788 καὶ
1313 3740 1343 3790 ό
1382 3737 1604 3807 Πατήρ.

866 3825 1020 3879 ΔΟΓ.
1062 3826 1162 3879 ΙΕ’.

292 3915 392 3978 εις
420 3912 491 3966 τὸ
516 3914 586 3967 ἐν
627 3914 757 3982 ταῖς
795 3915 1159 3985 Παροιμίαις,
1200 3934 1218 3967 ι
1247 3917 1459 3985 Κύριος
1497 3918 1700 3975 ἔκτισέ
1724 3941 1800 3991 με

221 4006 413 4073 ἀρχὴν
465 4005 623 4059 ὁδῶν
665 4009 872 4071 αὐτοῦ,
920 4012 1009 4075 είς
1053 4011 1198 4081 ἔργα
1247 4011 1469 4066 αὐτοῦ’
1506 4032 1523 4063 ι
1573 4014 1662 4066 ὅτι
1708 4017 1796 4079 τὸ,

232 4116 246 4144 ι
274 4095 535 4159 ἔκτισεν,
568 4115 585 4148 ι
611 4098 682 4151 οὐ
716 4099 867 4153 κατὰ
896 4098 1007 4168 τῆς
1032 4102 1247 4167 οὐσίας
1286 4100 1394 4157 τοῦ
1441 4104 1634 4171 Λόγου
1680 4106 1799 4158 κεῖ-

226 4201 329 4250 ται,
368 4185 520 4240 οὐδὲ
556 4188 780 4255 κτίσμα
816 4188 854 4258 ἢ
893 4190 1119 4260 ποίημα
1157 4195 1191 4247 ό
1238 4195 1391 4258 Υἱός.

304 4365 632 4432 Ἀπόδειξις
669 4367 739 4432 ἐξ
769 4367 1179 4438 ἐπιτηρήσεὼν
1198 4375 1539 4444 Γραφικῶν,
1580 4379 1672 4434 ὅτι
1719 4382 1798 4448 ὡς

230 4462 359 4528 Θεὸς
398 4462 589 4516 οὐδὲν
632 4462 1057 4530 προσκυνεῖται
1104 4464 1222 4518 τῶν
1257 4469 1628 4535 κτισμάτωνο
1662 4473 1800 4529 οὔτε

223 4552 339 4619 μὴν
380 4555 888 4623 προσκυνούμενα
935 4553 1213 4623 ἀνέχεται
1253 4560 1726 4628 προσκυνεῖσθαι
1758 4565 1795 4631 ἢ

229 4643 694 4714 δοξολογεῖσθαι.

303 4738 632 4807 Ἀντίθεσις
652 4742 767 4796 ἀπὸ
803 4743 923 4796 τῶν
964 4744 1191 4811 Ἀρείου
1235 4745 1565 4814 δογμάτων,
1600 4750 1799 4802 αἰτίαν

228 4830 440 4897 ἔχουσα
473 4831 582 4885 τοῦ
606 4833 970 4901 πεποιῆσθαι
998 4835 1107 4889 τὸν
1136 4836 1291 4902 Υίὸν,
1325 4837 1405 4903 ὡς
1430 4836 1600 4891 αὐτοὶ
1634 4841 1798 4909 νομί-

231 4918 434 4987 (auctr,
482 4921 701 4991 ἀληθῆ,
727 4925 824 4977 καὶ
860 4926 1042 4992 λύσις
1073 4925 1291 4995 ἐφεξῆς
1311 4926 1463 4997 μετὰ
1485 4931 1799 4998 πιθανότη-

230 5026 319 5077 τος
354 5014 807 5084 συλλογισμῶν.

297 5104 418 5155 Ἔτι
437 5106 526 5171 είς
552 5104 640 5169 τὸ,
673 5123 690 5156 ι
712 5106 924 5173 Κύριος
946 5108 1149 5161 ἕκτισέ
1165 5125 1261 5177 με.
1286 5128 1304 5161 ι
1330 5111 1459 5167 Ὀτι
1482 5116 1554 5168 οὐ
1576 5118 1799 5188 κτίσμα

234 5194 261 5243 ό
302 5195 449 5259 Υἱός.

297 5285 478 5339 Ἀλλο
526 5285 649 5339 τῶν
693 5287 1027 5355 όρθοδόξων
1075 5293 1396 5360 λεγόντων,
1435 5314 1453 5346 ι
1483 5298 1551 5350 El
1579 5301 1797 5369 κτίσμα

232 5371 390 5427 ἐστὶν
417 5380 447 5431 ό
476 5378 631 5445 Υἱὸς,
674 5376 798 5444 πῶς
823 5378 948 5448 ἔχει
984 5382 1134 5437 κατὰ
1170 5385 1360 5452 φύσιν
1404 5388 1467 5439 τὸ
1506 5386 1658 5443 εἶναι
1700 5391 1802 5461 δη-

231 5470 531 5536 μιουργός
554 5472 638 5524 Οὺ
655 5470 764 5539 γὰρ
794 5470 948 5525 ἴδιον
972 5472 1090 5527 τῶν
1105 5478 1443 5546 κτισμάτων
1469 5481 1647 5535 τοῦτό
1672 5501 1760 5552 γε.
1776 5504 1793 5535 ι

249 5554 726 5627 Ἀνθυπήνεγκαν
756 5564 809 5614 οι
832 5563 1111 5628 αἰρετικοὶ
1139 5565 1210 5618 τὰ
1228 5568 1696 5638 ὑποτεταγμένα,
1714 5568 1801 5627 ὧν

237 5646 289 5694 al
323 5647 530 5714 λύσεις
565 5651 729 5703 είσὶν
762 5651 1010 5720 ἐφεξῆςέ

312 5733 693 5806 Ἐπιτήρησις
717 5741 949 5807 ὁμοίως,
980 5740 1049 5806 ἐξ
1076 5737 1150 5811 ἧς
1177 5746 1559 5816 μανθάνομεν
1584 5749 1672 5802 ὅτι
1706 5754 1806 5805 καί

239 5819 499 5892 ἀγγέλοις
546 5828 640 5881 καὶ
696 5829 885 5898 ἁγίοις
934 5831 1266 5901 προφήταις
1305 5833 1439 5903 ἔθος
1477 5838 1649 5894 ἐστίν
1672 5842 1797 5897 ἐπι-

2001 550 2148 604 Fieri
2182 551 2383 621 aliquid
2409 551 2463 605 in
2491 550 2620 617 Deo,
2658 568 2759 605 non
2822 560 3026 605 natura
3086 547 3506 602 immutationem

1920 643 2203 712 signiﬁcat,
2230 646 2319 697 sed
2346 661 2437 714 per
2457 645 2647 713 ipsum,
2683 648 2757 698 vel
2786 644 2849 696 ab
2877 644 3007 711 ipso.

1991 826 2107 890 Quo
2150 840 2304 893 pacto
2357 825 2761 895 intelligendum
2826 834 2891 877 stt
2950 824 3147 875 dictum
3195 818 3350 882 illud,
3381 838 3398 869 ι
3439 816 3503 871 Ut

1921 920 2366 989 quemadmodum
2416 933 2510 988 ego
2536 928 2582 971 et
2608 927 2665 970 tu
2688 932 2849 969 unum
2878 930 3081 977 sumus,
3104 914 3174 964 ita
3208 922 3252 964 et
3287 911 3389 977 ipsi
3452 910 3504 960 in

1921 1010 2070 1065 nobis
2110 1028 2272 1065 unum
2298 1012 2561 1079 sint;ego
2592 1010 2647 1063 in
2692 1008 2818 1077 ipsis
2840 1018 2886 1061 et
2924 1016 2977 1059 tu
3027 1006 3081 1058 in
3138 1019 3236 1068 me,
3290 1011 3346 1057 ut
3400 1000 3504 1055 sint

1917 1103 2138 1169 perfecti
2177 1102 2231 1155 in
2265 1117 2451 1155 unum.
2484 1118 2503 1152 ι

1990 1276 2150 1331 Aliud
2177 1277 2449 1330 ostendens
2480 1283 2747 1341 accurate,
2788 1275 2927 1345 quod
2959 1290 3052 1327 nos
3082 1272 3300 1342 prapria
3323 1279 3502 1325 nostra

1919 1380 2109 1423 natura
2148 1386 2250 1423 non
2283 1369 2477 1422 omissa
2508 1368 2562 1421 in
2588 1368 2819 1421 divinam
2878 1376 3121 1420 naturam
3174 1372 3503 1417 transmuta-

1918 1478 2056 1527 mur,
2083 1462 2291 1531 quando
2330 1477 2491 1514 unum
2525 1476 2642 1513 cum
2682 1458 2789 1512 Deo
2820 1459 2947 1528 ι’ωεὶ
2977 1456 3224 1522 dicimur,
3249 1457 3339 1510 sed
3363 1456 3502 1526 quod

1914 1557 2194 1625 participes
2212 1556 2376 1626 ipsius
2404 1554 2553 1626 facti,
2581 1554 2658 1608 ita
2686 1566 2954 1607 vocamur.

2455 1643 2751 1703 ASSERT.
2790 1641 2933 1696 Xlll.

1991 1739 2063 1793 De
2092 1738 2446 1792 similitudine
2488 1735 2619 1789 Filii
2650 1752 2768 1789 cum
2810 1733 2993 1797 Patre,
3020 1742 3068 1787 et
3096 1732 3234 1798 quod
3292 1747 3393 1785 non
3424 1741 3499 1785 est

1918 1842 2124 1885 natura
2147 1830 2415 1883 mutabilis
2446 1826 2639 1893 Filius,
2668 1836 2758 1880 aut
2816 1827 3137 1880 extrinsecus
3185 1822 3498 1886 subsistens,

1914 1924 2004 1978 scd
2023 1940 2086 1978 ex
2102 1924 2213 1993 ejus
2242 1921 2466 1976 essentia
2494 1921 2803 1990 procedens,
2836 1928 2892 1972 ut
2926 1916 3125 1972 Filius.

1988 2099 2139 2165 Quod
2199 2116 2300 2153 non
2358 2116 2450 2168 per
2517 2098 2882 2153 alterationem
2938 2114 2970 2150 a
3027 2094 3284 2150 deteriore
3349 2103 3494 2149 statu

1912 2193 1968 2244 in
1994 2192 2408 2261 prastantiorem
2433 2189 2618 2245 similis
2651 2191 2717 2244 sit
2743 2187 2895 2243 Patri
2950 2186 3148 2252 Filius,
3189 2188 3279 2242 sed
3345 2197 3497 2241 natu-

1914 2284 2116 2339 rm’i1er.

1986 2378 2145 2432 Aliud
2174 2378 2458 2431 declarans
2484 2374 2681 2429 Filium
2710 2390 2821 2429 esse
2845 2390 2910 2427 eo;
2942 2372 3239 2427 substantia
3280 2370 3488 2435 Patris,

1912 2478 1960 2523 et
2002 2483 2103 2522 non
2133 2468 2450 2520 extrinsecus
2472 2465 2803 2532 productum,
2834 2460 3270 2530 quemadmodum
3319 2458 3494 2511 hostes

1914 2559 2112 2613 Christi
2141 2556 2496 2619 contendunt;
2529 2563 2598 2620 et,
2634 2554 2882 2623 quoniam
2935 2552 3259 2606 extrinsecus
3301 2550 3495 2617 produ-

1912 2661 2027 2707 ctus
2054 2667 2156 2704 non
2176 2656 2272 2713 est,
2291 2647 2478 2702 similis
2507 2646 2585 2699 illi
2610 2656 2707 2699 est.

1988 2740 2371 2795 Demonstrntio
2404 2754 2469 2791 ex
2494 2754 2644 2791 sacra
2672 2734 2970 2803 Scriptura,
2998 2732 3135 2803 quod
3203 2747 3295 2799 per
3327 2730 3494 2799 parti-

1913 2830 2531 2902 cipationemdivinitatis
2565 2829 2633 2881 ad
2665 2828 2943 2897 imaginem
2993 2826 3157 2894 ipsius
3181 2823 3488 2892 formemur.

1917 2925 2099 2995 Neque
2147 2924 2286 2977 enim
2340 2923 2467 2976 satis
2517 2921 2614 2989 fuit
2672 2920 2741 2973 ad
2803 2919 2858 2971 id
2888 2928 2942 2971 ut
2974 2907 3236 2970 videretur
3266 2925 3311 2969 et
3344 2913 3489 2982 ﬁeret

1913 3018 2066 3069 homo
2126 3015 2299 3084 imago
2364 3012 2647 3076 Creatoris,
2707 3010 2877 3065 solam
2953 3010 3321 3077 cogitationem
3397 3022 3492 3059 exe

1912 3122 2090 3175 prims.

2445 3278 2737 3334 ASSERT.
2783 3277 2922 3333 XIV.

1981 3370 2055 3424 De
2083 3371 2430 3424 similitudine
2467 3369 2647 3424 Patris
2676 3379 2722 3424 et
2773 3368 2926 3435 Filii,
2955 3367 3219 3437 proposito
3249 3366 3299 3436 7
3348 3365 3489 3418 dicto

1912 3464 2031 3523 hoc.
2065 3482 2083 3513 ι
2130 3462 2280 3516 Sicut
2308 3463 2444 3516 enim
2467 3460 2631 3517 Pater
2650 3462 2802 3515 habet
2827 3462 2987 3515 vitam
3021 3460 3075 3514 in
3098 3460 3290 3532 seipso,
3323 3459 3399 3511 ita
3440 3468 3486 3509 et

1912 3551 2054 3605 Filio
2087 3554 2228 3606 dedit
2253 3552 2413 3605 vitam
2434 3555 2622 3609 habere
2660 3555 2715 3606 in
2744 3555 2972 3623 seipso.»
3008 3552 3093 3606 Ex
3136 3569 3237 3623 quo
3264 3551 3490 3619 infertur

1908 3643 2219 3712 syllogistice
2244 3642 2444 3699 Filium
2479 3662 2589 3700 esse
2649 3648 2966 3701 naturaliter
3016 3648 3197 3711 vitam,
3252 3644 3387 3698 sicut
3440 3653 3487 3695 et

1911 3735 2089 3790 Pater.

2464 3828 2759 3886 ASSERT.
2804 3830 2923 3887 XV.

1986 3921 2051 3975 In
2088 3921 2219 3974 illud
2244 3923 2458 3989 quodin
2507 3922 2596 3977 lib.
2638 3922 2887 3978 Proverb.
2923 3923 3135 3987 dicitur,
3172 3941 3189 3974 ι
3231 3921 3487 3976 Dominus

1909 4015 2101 4067 creavit
2119 4031 2198 4067 me
2224 4015 2538 4083 principium
2563 4017 2765 4070 viarum
2790 4033 3033 4082 suarum,
3067 4018 3119 4069 in
3144 4031 3298 4083 Opera
3329 4031 3447 4066 sua.
3465 4034 3482 4065 ι

1911 4106 2062 4169 Quod
2086 4105 2295 4159 verbum
2333 4106 2489 4173 illud,
2516 4126 2533 4159 ι
2555 4110 2771 4175 creavit,
2795 4128 2811 4161 ι
2845 4125 2948 4162 non
2977 4109 3041 4163 de
3071 4112 3295 4163 essentia
3340 4105 3489 4159 Verbi

1908 4198 2136 4261 dicatur,
2224 4208 2271 4252 et
2314 4200 2453 4268 quod
2520 4198 2695 4253 Filius
2787 4216 2889 4253 non
2969 4202 3034 4253 sit
3090 4209 3335 4258 creatura
3411 4201 3493 4255 rel

1907 4306 2057 4356 opus.

1974 4382 2378 4457 Demonstratur
2443 4381 2851 4437 auctoritatibus
2925 4396 3092 4435 sacra:
3168 4380 3486 4448 Scriptum,

1904 4472 2042 4541 quod
2072 4472 2215 4525 nulla
2247 4482 2608 4526 creaturarum
2643 4474 2896 4531 adoretur
2950 4472 3102 4541 quasi
3134 4471 3296 4536 Deus,
3322 4472 3500 4542 quod-

1906 4582 2005 4634 que
2030 4581 2090 4619 ea
2106 4580 2222 4633 qua:
2244 4565 2487 4631 adorant,
2527 4566 2743 4623 adorari
2772 4573 2864 4619 aut
2906 4564 3194 4636 gloriﬁcari
3235 4579 3337 4619 non
3371 4579 3492 4619 sus-

1906 4655 2129 4707 tineanl.

1975 4742 2212 4811 Objectio
2252 4759 2315 4797 ex
2344 4742 2677 4813 dogmatibus
2711 4745 2846 4809 Arii,
2882 4761 2999 4815 quae
3054 4761 3249 4811 veram,
3293 4754 3362 4799 ιιι·
3388 4744 3488 4814 ipsi

1906 4842 2115 4902 putant,
2151 4849 2367 4886 causam
2397 4836 2644 4899 continet,
2681 4846 2894 4905 propter
2962 4852 3121 4905 quam
3158 4836 3333 4904 factus
3420 4835 3486 4888 sit

1908 4920 2104 4989 Filius,
2154 4936 2204 4976 et
2240 4921 2472 4992 ejusdem
2512 4939 2604 4991 per
2653 4924 2851 4979 solidos
2895 4925 3227 4995 syllogismos
3287 4923 3488 4993 refuta-

1906 5016 1999 5070 tio.
3362 5037 3364 5039 ’

1969 5103 2132 5157 Aliud
2163 5106 2215 5158 in
2239 5106 2391 5164 illud,
2426 5106 2597 5161 «Deus
2628 5108 2894 5177 formavit,
2915 5125 3013 5171 me,
3052 5126 3071 5159 ι
3115 5117 3224 5163 etc.
3258 5108 3321 5162 Et
3351 5112 3489 5179 quod

1910 5193 2085 5250 Filius
2113 5216 2212 5251 non
2238 5200 2303 5253 sit
2343 5212 2609 5254 creatura.

1979 5287 2137 5340 Aliud
2166 5291 2599 5357 orthodoxorum,
2634 5291 2725 5347 «Si
2762 5303 3015 5347 creatura
3032 5303 3107 5348 est
3141 5291 3333 5358 Filius,
3356 5310 3489 5364 quo-

1909 5382 2063 5431 modo
2089 5393 2279 5434 natura
2328 5382 2553 5438 Creator
2608 5400 2718 5441 esse
2778 5386 2989 5453 potest?
3040 5384 3165 5439 Non
3204 5387 3342 5439 enim
3397 5384 3488 5439 hoc

1908 5483 2269 5525 creaturarum
2302 5476 2571 5542 proprium
2604 5486 2736 5530 est»
2762 5474 2861 5529 Cui
2896 5476 3249 5545 subjiciuntur
3278 5478 3491 5532 lucreti-

1914 5578 2091 5615 cornm
2117 5565 2431 5635 objectiones
2469 5579 2515 5623 ct
2543 5570 2906 5635 refutationes.

1981 5741 2312 5808 Observatio,
2339 5759 2403 5797 ex
2435 5761 2537 5811 qua
2561 5740 2811 5799 discimus
2838 5745 3039 5815 angelis
3063 5752 3111 5797 et
3146 5744 3342 5797 sanctis
3366 5761 3492 5810 pro-

1922 5838 2090 5907 phetis
2122 5837 2547 5893 consuetudinem
2579 5854 2685 5893 esse
2711 5837 2878 5906 jussis
2912 5854 2941 5891 a
2980 5835 3087 5891 Dco
3128 5839 3284 5890 etiam
3329 5838 3492 5890 inter-
