  <div class='ocr_page' id='page_1' title='image "/cluster/home/n/w/nwhite01/storage/ocr_20150623/75/pst.000005712748/019.png"; bbox 0 0 4012 6338; ppageno 0'>
   <div class='ocr_carea' id='block_1_1' title="bbox 449 346 3667 453">
    <p class='ocr_par' dir='ltr' id='par_1_1' title="bbox 449 346 3667 453">
     <span class='ocr_line' id='line_1_1' title="bbox 449 346 3667 453; baseline -0.001 -1"><span class='ocrx_word' id='word_1_1' title='bbox 449 395 519 453; x_wconf 72' lang='lat'><strong>23</strong></span> <span class='ocrx_word' id='word_1_2' title='bbox 892 346 895 349; x_wconf 15' lang='grc' dir='ltr'><strong><em>γ</em></strong></span> <span class='ocrx_word' id='word_1_3' title='bbox 1427 395 1483 450; x_wconf 88' lang='lat' dir='ltr'><strong>S.</strong></span> <span class='ocrx_word' id='word_1_4' title='bbox 1525 393 1790 451; x_wconf 77' lang='lat' dir='ltr'><strong>CYRILLI</strong></span> <span class='ocrx_word' id='word_1_5' title='bbox 1834 390 2290 448; x_wconf 78' lang='lat' dir='ltr'><strong>ALEXANDRINI</strong></span> <span class='ocrx_word' id='word_1_6' title='bbox 2328 391 2641 451; x_wconf 77' lang='lat' dir='ltr'><strong>ARCHIEP.</strong></span> <span class='ocrx_word' id='word_1_7' title='bbox 3595 397 3667 451; x_wconf 58' lang='grc'><strong>28</strong></span> 
     </span>
    </p>
   </div>
   <div class='ocr_carea' id='block_1_2' title="bbox 969 722 3149 859">
    <p class='ocr_par' dir='ltr' id='par_1_2' title="bbox 969 722 3149 859">
     <span class='ocr_line' id='line_1_2' title="bbox 969 722 3149 859; baseline 0.003 -6"><span class='ocrx_word' id='word_1_8' title='bbox 969 729 1086 853; x_wconf 94' lang='grc' dir='ltr'>Η</span> <span class='ocrx_word' id='word_1_9' title='bbox 1166 722 1749 857; x_wconf 87' lang='grc' dir='ltr'><strong>ΒΙΒΛΟΣ</strong></span> <span class='ocrx_word' id='word_1_10' title='bbox 1826 727 2161 853; x_wconf 85' lang='grc' dir='ltr'><strong>ΤΩΝ</strong></span> <span class='ocrx_word' id='word_1_11' title='bbox 2240 725 3149 859; x_wconf 85' lang='grc' dir='ltr'><strong>ΘΗΣΑΥΡΩΝ</strong></span> 
     </span>
    </p>
   </div>
   <div class='ocr_carea' id='block_1_3' title="bbox 820 998 3285 1101">
    <p class='ocr_par' dir='ltr' id='par_1_3' title="bbox 820 998 3285 1101">
     <span class='ocr_line' id='line_1_3' title="bbox 820 998 3285 1101; baseline 0.006 -15"><span class='ocrx_word' id='word_1_12' title='bbox 820 1002 1074 1088; x_wconf 86' lang='grc' dir='ltr'><strong>ΠΕΡΙ</strong></span> <span class='ocrx_word' id='word_1_13' title='bbox 1145 1003 1362 1093; x_wconf 86' lang='grc' dir='ltr'><strong>ΤΗΣ</strong></span> <span class='ocrx_word' id='word_1_14' title='bbox 1428 998 1745 1092; x_wconf 84' lang='grc' dir='ltr'><strong>ΑΓΙΑΣ</strong></span> <span class='ocrx_word' id='word_1_15' title='bbox 1815 1002 2007 1093; x_wconf 83' lang='grc' dir='ltr'><strong>ΚΑΙ</strong></span> <span class='ocrx_word' id='word_1_16' title='bbox 2079 1007 2731 1096; x_wconf 88' lang='grc' dir='ltr'><strong>ΟΜΟΟΥΣΙΟΥ</strong></span> <span class='ocrx_word' id='word_1_17' title='bbox 2803 1012 3285 1101; x_wconf 90' lang='grc' dir='ltr'><strong>ΤΡΙΑΔΟΣ.</strong></span> 
     </span>
    </p>
   </div>
   <div class='ocr_carea' id='block_1_4' title="bbox 1630 1411 2463 1530">
    <p class='ocr_par' dir='ltr' id='par_1_4' title="bbox 1630 1411 2463 1530">
     <span class='ocr_line' id='line_1_4' title="bbox 1630 1411 2463 1530; baseline 0.005 -8"><span class='ocrx_word' id='word_1_18' title='bbox 1630 1411 2463 1530; x_wconf 81' lang='lat' dir='ltr'><strong>THESAURUS</strong></span> 
     </span>
    </p>
   </div>
   <div class='ocr_carea' id='block_1_5' title="bbox 1164 1670 2927 1743">
    <p class='ocr_par' dir='ltr' id='par_1_5' title="bbox 1164 1670 2927 1743">
     <span class='ocr_line' id='line_1_5' title="bbox 1164 1670 2927 1743; baseline 0.006 -12"><span class='ocrx_word' id='word_1_19' title='bbox 1164 1670 1263 1734; x_wconf 81' lang='lat' dir='ltr'><strong>DE</strong></span> <span class='ocrx_word' id='word_1_20' title='bbox 1305 1673 1589 1737; x_wconf 76' lang='lat' dir='ltr'><strong>SANCTA</strong></span> <span class='ocrx_word' id='word_1_21' title='bbox 1630 1674 1723 1738; x_wconf 84' lang='lat' dir='ltr'><strong>ET</strong></span> <span class='ocrx_word' id='word_1_22' title='bbox 1767 1678 2451 1741; x_wconf 72' lang='lat' dir='ltr'><strong>CONSUBSTANTIALi</strong></span> <span class='ocrx_word' id='word_1_23' title='bbox 2495 1683 2927 1743; x_wconf 70' lang='lat' dir='ltr'><strong>TRINITATE.</strong></span> 
     </span>
    </p>
   </div>
   <div class='ocr_carea' id='block_1_6' title="bbox 2004 1902 2075 1911">
    <p class='ocr_par' dir='ltr' id='par_1_6' title="bbox 2004 1902 2075 1911">
     <span class='ocr_line' id='line_1_6' title="bbox 2004 1902 2075 1911; baseline 0.028 -2"><span class='ocrx_word' id='word_1_24' title='bbox 2004 1902 2075 1911; x_wconf 64' lang='grc' dir='ltr'><strong>-ι-ν</strong></span> 
     </span>
    </p>
   </div>
   <div class='ocr_carea' id='block_1_7' title="bbox 862 2052 1579 2146">
    <p class='ocr_par' dir='ltr' id='par_1_7' title="bbox 862 2052 1579 2146">
     <span class='ocr_line' id='line_1_7' title="bbox 862 2052 1579 2146; baseline -0.001 -4"><span class='ocrx_word' id='word_1_25' title='bbox 862 2052 1425 2146; x_wconf 81' lang='lat' dir='ltr'><strong>ASSERTIO</strong></span> <span class='ocrx_word' id='word_1_26' title='bbox 1504 2060 1579 2143; x_wconf 87' lang='lat' dir='ltr'><strong>l.</strong></span> 
     </span>
    </p>
   </div>
   <div class='ocr_carea' id='block_1_8' title="bbox 924 2203 1532 2274">
    <p class='ocr_par' dir='ltr' id='par_1_8' title="bbox 924 2203 1532 2274">
     <span class='ocr_line' id='line_1_8' title="bbox 924 2203 1532 2274; baseline 0.007 -18"><span class='ocrx_word' id='word_1_27' title='bbox 924 2203 999 2258; x_wconf 73' lang='lat' dir='ltr'><strong>De</strong></span> <span class='ocrx_word' id='word_1_28' title='bbox 1022 2205 1193 2274; x_wconf 74' lang='lat' dir='ltr'><strong>genito</strong></span> <span class='ocrx_word' id='word_1_29' title='bbox 1212 2214 1261 2257; x_wconf 79' lang='lat' dir='ltr'><strong>et</strong></span> <span class='ocrx_word' id='word_1_30' title='bbox 1284 2206 1532 2274; x_wconf 77' lang='lat' dir='ltr'><strong>ingenito.</strong></span> 
     </span>
    </p>
   </div>
   <div class='ocr_carea' id='block_1_9' title="bbox 514 2313 2005 2394">
    <p class='ocr_par' dir='ltr' id='par_1_9' title="bbox 514 2313 2005 2394">
     <span class='ocr_line' id='line_1_9' title="bbox 514 2313 2005 2394; baseline 0.009 -27"><span class='ocrx_word' id='word_1_31' title='bbox 514 2315 610 2387; x_wconf 74' lang='grc' dir='ltr'><strong>ιι</strong></span> <span class='ocrx_word' id='word_1_32' title='bbox 662 2313 717 2369; x_wconf 90' lang='lat' dir='ltr'><strong>Si</strong></span> <span class='ocrx_word' id='word_1_33' title='bbox 772 2315 954 2370; x_wconf 80' lang='lat' dir='ltr'><strong>Ariani</strong></span> <span class='ocrx_word' id='word_1_34' title='bbox 1012 2332 1108 2370; x_wconf 89' lang='lat' dir='ltr'><strong>nos</strong></span> <span class='ocrx_word' id='word_1_35' title='bbox 1148 2318 1563 2392; x_wconf 73' lang='lat' dir='ltr'><strong>aggrediamur,</strong></span> <span class='ocrx_word' id='word_1_36' title='bbox 1612 2321 2005 2394; x_wconf 69' lang='lat' dir='ltr'><strong>interrogantes</strong></span> 
     </span>
    </p>
   </div>
   <div class='ocr_carea' id='block_1_10' title="bbox 447 2406 2005 2475">
    <p class='ocr_par' dir='ltr' id='par_1_10' title="bbox 447 2406 2005 2475">
     <span class='ocr_line' id='line_1_10' title="bbox 447 2406 2005 2475; baseline 0.01 -20"><span class='ocrx_word' id='word_1_37' title='bbox 447 2420 621 2460; x_wconf 85' lang='lat' dir='ltr'><strong>mrum</strong></span> <span class='ocrx_word' id='word_1_38' title='bbox 642 2414 803 2459; x_wconf 87' lang='lat' dir='ltr'><strong>unum</strong></span> <span class='ocrx_word' id='word_1_39' title='bbox 825 2406 1198 2475; x_wconf 88' lang='lat' dir='ltr'><strong>sitingenitum</strong></span> <span class='ocrx_word' id='word_1_40' title='bbox 1222 2423 1287 2460; x_wconf 87' lang='lat' dir='ltr'><strong>an</strong></span> <span class='ocrx_word' id='word_1_41' title='bbox 1305 2407 1431 2473; x_wconf 84' lang='lat' dir='ltr'><strong>duo,</strong></span> <span class='ocrx_word' id='word_1_42' title='bbox 1454 2418 1511 2461; x_wconf 88' lang='lat' dir='ltr'><strong>ut</strong></span> <span class='ocrx_word' id='word_1_43' title='bbox 1535 2424 1652 2464; x_wconf 90' lang='lat' dir='ltr'><strong>cum</strong></span> <span class='ocrx_word' id='word_1_44' title='bbox 1677 2428 1836 2467; x_wconf 87' lang='lat' dir='ltr'><strong>unum</strong></span> <span class='ocrx_word' id='word_1_45' title='bbox 1859 2426 2005 2470; x_wconf 86' lang='lat' dir='ltr'><strong>certe</strong></span> 
     </span>
    </p>
   </div>
   <div class='ocr_carea' id='block_1_11' title="bbox 2430 2061 3333 2149">
    <p class='ocr_par' dir='ltr' id='par_1_11' title="bbox 2430 2061 3333 2149">
     <span class='ocr_line' id='line_1_11' title="bbox 2430 2061 3333 2149; baseline 0.002 -2"><span class='ocrx_word' id='word_1_46' title='bbox 2430 2061 2792 2149; x_wconf 87' lang='grc' dir='ltr'><strong>ΛΟΓΟΣ</strong></span> <span class='ocrx_word' id='word_1_47' title='bbox 2869 2063 3333 2149; x_wconf 87' lang='grc' dir='ltr'><strong>ΠΡΩΤΟΣ.</strong></span> 
     </span>
    </p>
   </div>
   <div class='ocr_carea' id='block_1_12' title="bbox 2439 2199 3356 2271">
    <p class='ocr_par' dir='ltr' id='par_1_12' title="bbox 2439 2199 3356 2271">
     <span class='ocr_line' id='line_1_12' title="bbox 2439 2199 3356 2271; baseline 0 -16"><span class='ocrx_word' id='word_1_48' title='bbox 2439 2199 2579 2264; x_wconf 80' lang='grc' dir='ltr'>Περὶ</span> <span class='ocrx_word' id='word_1_49' title='bbox 2616 2202 2867 2268; x_wconf 61' lang='lat' dir='ltr'><strong>mea}</strong></span> <span class='ocrx_word' id='word_1_50' title='bbox 2905 2202 3000 2255; x_wconf 79' lang='grc' dir='ltr'>καί</span> <span class='ocrx_word' id='word_1_51' title='bbox 3042 2202 3356 2271; x_wconf 70' lang='grc' dir='ltr'>ἀγενήτου.</span> 
     </span>
    </p>
   </div>
   <div class='ocr_carea' id='block_1_13' title="bbox 2178 2310 3675 2387">
    <p class='ocr_par' dir='ltr' id='par_1_13' title="bbox 2178 2310 3675 2387">
     <span class='ocr_line' id='line_1_13' title="bbox 2178 2310 3675 2387; baseline 0.007 -26"><span class='ocrx_word' id='word_1_52' title='bbox 2178 2310 2238 2361; x_wconf 80' lang='lat' dir='ltr'><strong>Ei</strong></span> <span class='ocrx_word' id='word_1_53' title='bbox 2285 2310 2543 2382; x_wconf 74' lang='grc' dir='ltr'>διερωτᾷν</span> <span class='ocrx_word' id='word_1_54' title='bbox 2589 2314 2739 2383; x_wconf 76' lang='grc' dir='ltr'>ἡμᾶς</span> <span class='ocrx_word' id='word_1_55' title='bbox 2781 2315 3107 2385; x_wconf 69' lang='grc' dir='ltr'><strong>ἐπιχειροῖεν</strong></span> <span class='ocrx_word' id='word_1_56' title='bbox 3144 2316 3411 2387; x_wconf 73' lang='grc' dir='ltr'>Ἀρειαινοὶ</span> <span class='ocrx_word' id='word_1_57' title='bbox 3439 2355 3453 2383; x_wconf 91' lang='grc'><strong>,</strong></span> <span class='ocrx_word' id='word_1_58' title='bbox 3502 2316 3562 2371; x_wconf 77' lang='grc' dir='ltr'>ἓν</span> <span class='ocrx_word' id='word_1_59' title='bbox 3609 2318 3675 2372; x_wconf 65' lang='grc' dir='ltr'>τὸ</span> 
     </span>
    </p>
   </div>
   <div class='ocr_carea' id='block_1_14' title="bbox 2104 2396 3672 2475">
    <p class='ocr_par' dir='ltr' id='par_1_14' title="bbox 2104 2396 3672 2475">
     <span class='ocr_line' id='line_1_14' title="bbox 2104 2396 3672 2475; baseline 0.006 -23"><span class='ocrx_word' id='word_1_60' title='bbox 2104 2401 2418 2472; x_wconf 79' lang='grc' dir='ltr'>ἀγένητονή</span> <span class='ocrx_word' id='word_1_61' title='bbox 2448 2396 2577 2468; x_wconf 73' lang='grc' dir='ltr'>δύο,“</span> <span class='ocrx_word' id='word_1_62' title='bbox 2600 2404 2685 2457; x_wconf 81' lang='grc' dir='ltr'><strong>ἵνα</strong></span> <span class='ocrx_word' id='word_1_63' title='bbox 2723 2405 2878 2475; x_wconf 81' lang='grc' dir='ltr'>δῆθεν</span> <span class='ocrx_word' id='word_1_64' title='bbox 2909 2406 2968 2459; x_wconf 76' lang='grc' dir='ltr'>ἓν</span> <span class='ocrx_word' id='word_1_65' title='bbox 2997 2406 3241 2470; x_wconf 74' lang='grc' dir='ltr'><strong>εἰπόντες</strong></span> <span class='ocrx_word' id='word_1_66' title='bbox 3284 2406 3434 2473; x_wconf 74' lang='grc' dir='ltr'>αὐτὸ,</span> <span class='ocrx_word' id='word_1_67' title='bbox 3470 2409 3563 2461; x_wconf 80' lang='grc' dir='ltr'>καὶ</span> <span class='ocrx_word' id='word_1_68' title='bbox 3593 2410 3672 2472; x_wconf 72' lang='grc' dir='ltr'><strong>εἰς</strong></span> 
     </span>
    </p>
   </div>
   <div class='ocr_carea' id='block_1_15' title="bbox 447 2492 2000 2570">
    <p class='ocr_par' dir='ltr' id='par_1_15' title="bbox 447 2495 2000 2561">
     <span class='ocr_line' id='line_1_15' title="bbox 447 2495 2000 2561; baseline 0.008 -14"><span class='ocrx_word' id='word_1_69' title='bbox 447 2510 565 2549; x_wconf 77' lang='lat' dir='ltr'><strong>esse</strong></span> <span class='ocrx_word' id='word_1_70' title='bbox 595 2496 907 2560; x_wconf 75' lang='lat' dir='ltr'><strong>dixerimus,</strong></span> <span class='ocrx_word' id='word_1_71' title='bbox 926 2497 991 2549; x_wconf 90' lang='lat' dir='ltr'><strong>ad</strong></span> <span class='ocrx_word' id='word_1_72' title='bbox 1008 2495 1221 2559; x_wconf 82' lang='lat' dir='ltr'><strong>Patrem</strong></span> <span class='ocrx_word' id='word_1_73' title='bbox 1246 2497 1299 2551; x_wconf 85' lang='lat' dir='ltr'><strong>id</strong></span> <span class='ocrx_word' id='word_1_74' title='bbox 1321 2497 1631 2561; x_wconf 78' lang='lat' dir='ltr'><strong>referentes,</strong></span> <span class='ocrx_word' id='word_1_75' title='bbox 1651 2502 1841 2557; x_wconf 86' lang='lat' dir='ltr'><strong>Filium</strong></span> <span class='ocrx_word' id='word_1_76' title='bbox 1866 2505 2000 2560; x_wconf 88' lang='lat' dir='ltr'><strong>inter</strong></span> 
     </span>
    </p>
   </div>
   <div class='ocr_carea' id='block_1_16' title="bbox 2102 2492 3671 2570">
    <p class='ocr_par' dir='ltr' id='par_1_16' title="bbox 2102 2492 3671 2570">
     <span class='ocr_line' id='line_1_16' title="bbox 2102 2492 3671 2570; baseline 0.005 -25"><span class='ocrx_word' id='word_1_77' title='bbox 2102 2492 2192 2546; x_wconf 78' lang='grc' dir='ltr'>τὸν</span> <span class='ocrx_word' id='word_1_78' title='bbox 2215 2494 2431 2566; x_wconf 78' lang='grc' dir='ltr'><strong>Πατέρα</strong></span> <span class='ocrx_word' id='word_1_79' title='bbox 2461 2496 2735 2565; x_wconf 78' lang='grc' dir='ltr'>φέροντες,</span> <span class='ocrx_word' id='word_1_80' title='bbox 2764 2498 2821 2549; x_wconf 81' lang='grc' dir='ltr'>ὲν</span> <span class='ocrx_word' id='word_1_81' title='bbox 2848 2499 2960 2560; x_wconf 83' lang='grc' dir='ltr'>τοῖς</span> <span class='ocrx_word' id='word_1_82' title='bbox 2980 2500 3224 2567; x_wconf 83' lang='grc' dir='ltr'><strong>γενητοῖς</strong></span> <span class='ocrx_word' id='word_1_83' title='bbox 3249 2498 3671 2570; x_wconf 82' lang='grc' dir='ltr'>καταριθμήσω-</span> 
     </span>
    </p>
   </div>
   <div class='ocr_carea' id='block_1_17' title="bbox 449 2586 2001 2660">
    <p class='ocr_par' dir='ltr' id='par_1_17' title="bbox 449 2586 2001 2660">
     <span class='ocr_line' id='line_1_17' title="bbox 449 2586 2001 2660; baseline 0.006 -22"><span class='ocrx_word' id='word_1_84' title='bbox 449 2596 724 2640; x_wconf 84' lang='lat' dir='ltr'><strong>creaturas</strong></span> <span class='ocrx_word' id='word_1_85' title='bbox 740 2586 1060 2645; x_wconf 82' lang='lat' dir='ltr'><strong>collocemus</strong></span> <span class='ocrx_word' id='word_1_86' title='bbox 1079 2605 1091 2640; x_wconf 90' lang='lat'><strong>:</strong></span> <span class='ocrx_word' id='word_1_87' title='bbox 1107 2587 1179 2645; x_wconf 86' lang='lat' dir='ltr'><strong>ita</strong></span> <span class='ocrx_word' id='word_1_88' title='bbox 1198 2590 1738 2660; x_wconf 79' lang='lat' dir='ltr'><strong>respondereoportet</strong></span> <span class='ocrx_word' id='word_1_89' title='bbox 1758 2593 2001 2649; x_wconf 75' lang='lat' dir='ltr'><strong>frivolam</strong></span> 
     </span>
    </p>
   </div>
   <div class='ocr_carea' id='block_1_18' title="bbox 2107 2585 3669 2659">
    <p class='ocr_par' dir='ltr' id='par_1_18' title="bbox 2107 2585 3669 2659">
     <span class='ocr_line' id='line_1_18' title="bbox 2107 2585 3669 2659; baseline 0.005 -24"><span class='ocrx_word' id='word_1_90' title='bbox 2107 2601 2203 2652; x_wconf 87' lang='grc' dir='ltr'><strong>μεν</strong></span> <span class='ocrx_word' id='word_1_91' title='bbox 2246 2585 2334 2638; x_wconf 83' lang='grc' dir='ltr'>τὸν</span> <span class='ocrx_word' id='word_1_92' title='bbox 2369 2586 2517 2650; x_wconf 84' lang='grc' dir='ltr'>Υίὺν,</span> <span class='ocrx_word' id='word_1_93' title='bbox 2546 2587 2948 2657; x_wconf 82' lang='grc' dir='ltr'>ἀποκρίνασθαι</span> <span class='ocrx_word' id='word_1_94' title='bbox 2994 2588 3099 2659; x_wconf 83' lang='grc' dir='ltr'>χρὴ</span> <span class='ocrx_word' id='word_1_95' title='bbox 3141 2587 3398 2642; x_wconf 85' lang='grc' dir='ltr'>τοιῶσδε·</span> <span class='ocrx_word' id='word_1_96' title='bbox 3451 2590 3669 2658; x_wconf 73' lang='grc' dir='ltr'>πρῶτον</span> 
     </span>
    </p>
   </div>
   <div class='ocr_carea' id='block_1_19' title="bbox 450 2669 2000 2783">
    <p class='ocr_par' dir='ltr' id='par_1_19' title="bbox 450 2675 2000 2753">
     <span class='ocr_line' id='line_1_19' title="bbox 450 2675 2000 2753; baseline 0.007 -25"><span class='ocrx_word' id='word_1_97' title='bbox 450 2684 502 2729; x_wconf 70' lang='lat' dir='ltr'><strong>et</strong></span> <span class='ocrx_word' id='word_1_98' title='bbox 525 2677 754 2744; x_wconf 76' lang='lat' dir='ltr'><strong>ineptam</strong></span> <span class='ocrx_word' id='word_1_99' title='bbox 776 2675 1247 2744; x_wconf 82' lang='lat' dir='ltr'><strong>interrogationem</strong></span> <span class='ocrx_word' id='word_1_100' title='bbox 1272 2691 1422 2733; x_wconf 85' lang='lat' dir='ltr'><strong>esse:</strong></span> <span class='ocrx_word' id='word_1_101' title='bbox 1454 2682 1631 2736; x_wconf 83' lang='lat' dir='ltr'><strong>varias</strong></span> <span class='ocrx_word' id='word_1_102' title='bbox 1662 2684 1802 2737; x_wconf 90' lang='lat' dir='ltr'><strong>enim</strong></span> <span class='ocrx_word' id='word_1_103' title='bbox 1836 2684 2000 2753; x_wconf 86' lang='lat' dir='ltr'><strong>signi-</strong></span> 
     </span>
    </p>
   </div>
   <div class='ocr_carea' id='block_1_20' title="bbox 2102 2669 3672 2783">
    <p class='ocr_par' dir='ltr' id='par_1_20' title="bbox 2105 2669 3672 2763">
     <span class='ocr_line' id='line_1_20' title="bbox 2105 2669 3672 2763; baseline 0.005 -39"><span class='ocrx_word' id='word_1_104' title='bbox 2105 2673 2203 2741; x_wconf 80' lang='grc' dir='ltr'>μὲν</span> <span class='ocrx_word' id='word_1_105' title='bbox 2251 2669 2343 2726; x_wconf 81' lang='grc' dir='ltr'><strong>οὖν</strong></span> <span class='ocrx_word' id='word_1_106' title='bbox 2390 2675 2604 2747; x_wconf 78' lang='grc' dir='ltr'>ἀμαθὴς</span> <span class='ocrx_word' id='word_1_107' title='bbox 2655 2677 2748 2729; x_wconf 80' lang='grc' dir='ltr'><strong>καὶ</strong></span> <span class='ocrx_word' id='word_1_108' title='bbox 2789 2678 3170 2763; x_wconf 78' lang='grc' dir='ltr'>ἀπαίδευτοςή</span> <span class='ocrx_word' id='word_1_109' title='bbox 3202 2678 3502 2749; x_wconf 77' lang='grc' dir='ltr'>ἐρώτησις·</span> <span class='ocrx_word' id='word_1_110' title='bbox 3530 2678 3672 2732; x_wconf 75' lang='grc' dir='ltr'>κατὰ</span> 
     </span>
    </p>
   </div>
   <div class='ocr_carea' id='block_1_21' title="bbox 453 2759 2000 2842">
    <p class='ocr_par' dir='ltr' id='par_1_21' title="bbox 453 2763 1997 2842">
     <span class='ocr_line' id='line_1_21' title="bbox 453 2763 1997 2842; baseline 0.007 -23"><span class='ocrx_word' id='word_1_111' title='bbox 453 2766 734 2821; x_wconf 80' lang='lat' dir='ltr'><strong>ﬁcationes</strong></span> <span class='ocrx_word' id='word_1_112' title='bbox 763 2765 924 2821; x_wconf 84' lang='lat' dir='ltr'><strong>habet</strong></span> <span class='ocrx_word' id='word_1_113' title='bbox 953 2767 1256 2834; x_wconf 78' lang='lat' dir='ltr'><strong>ingenitum.</strong></span> <span class='ocrx_word' id='word_1_114' title='bbox 1281 2763 1726 2839; x_wconf 64' lang='lat' dir='ltr'><strong>Nam&#39;ingenilum</strong></span> <span class='ocrx_word' id='word_1_115' title='bbox 1753 2780 1836 2827; x_wconf 80' lang='lat' dir='ltr'><strong>est</strong></span> <span class='ocrx_word' id='word_1_116' title='bbox 1858 2775 1997 2842; x_wconf 84' lang='lat' dir='ltr'><strong>quod</strong></span> 
     </span>
    </p>
   </div>
   <div class='ocr_carea' id='block_1_22' title="bbox 2102 2759 3667 2842">
    <p class='ocr_par' dir='ltr' id='par_1_22' title="bbox 2102 2759 3667 2835">
     <span class='ocr_line' id='line_1_22' title="bbox 2102 2759 3667 2835; baseline 0.006 -24"><span class='ocrx_word' id='word_1_117' title='bbox 2102 2759 2268 2823; x_wconf 78' lang='grc' dir='ltr'>πολλὰ</span> <span class='ocrx_word' id='word_1_118' title='bbox 2296 2760 2401 2831; x_wconf 86' lang='grc' dir='ltr'>γὰρ</span> <span class='ocrx_word' id='word_1_119' title='bbox 2425 2764 2792 2831; x_wconf 78' lang='grc' dir='ltr'>σημαινόμενα</span> <span class='ocrx_word' id='word_1_120' title='bbox 2846 2766 2907 2817; x_wconf 84' lang='grc' dir='ltr'><strong>τὸ</strong></span> <span class='ocrx_word' id='word_1_121' title='bbox 2934 2760 3226 2833; x_wconf 76' lang='grc' dir='ltr'>ἀγένητον</span> <span class='ocrx_word' id='word_1_122' title='bbox 3249 2764 3667 2835; x_wconf 74' lang='grc' dir='ltr'>ἐκλαμϐάνεται.</span> 
     </span>
    </p>
   </div>
   <div class='ocr_carea' id='block_1_23' title="bbox 444 2854 1997 2933">
    <p class='ocr_par' dir='ltr' id='par_1_23' title="bbox 444 2854 1997 2933">
     <span class='ocr_line' id='line_1_23' title="bbox 444 2854 1997 2933; baseline 0.006 -25"><span class='ocrx_word' id='word_1_123' title='bbox 444 2854 680 2909; x_wconf 82' lang='lat' dir='ltr'><strong>nondum</strong></span> <span class='ocrx_word' id='word_1_124' title='bbox 711 2856 927 2925; x_wconf 82' lang='lat' dir='ltr'><strong>quidem</strong></span> <span class='ocrx_word' id='word_1_125' title='bbox 956 2856 1154 2911; x_wconf 80' lang='lat' dir='ltr'><strong>factum</strong></span> <span class='ocrx_word' id='word_1_126' title='bbox 1187 2864 1287 2921; x_wconf 85' lang='lat' dir='ltr'><strong>est,</strong></span> <span class='ocrx_word' id='word_1_127' title='bbox 1324 2866 1377 2912; x_wconf 86' lang='lat' dir='ltr'><strong>et</strong></span> <span class='ocrx_word' id='word_1_128' title='bbox 1407 2867 1584 2916; x_wconf 83' lang='lat' dir='ltr'><strong>tamen</strong></span> <span class='ocrx_word' id='word_1_129' title='bbox 1628 2862 1743 2917; x_wconf 80' lang='lat' dir='ltr'><strong>ﬁeri</strong></span> <span class='ocrx_word' id='word_1_130' title='bbox 1776 2873 1952 2933; x_wconf 79' lang='lat' dir='ltr'><strong>potest</strong></span> <span class='ocrx_word' id='word_1_131' title='bbox 1983 2881 1997 2919; x_wconf 90' lang='lat'><strong>:</strong></span> 
     </span>
    </p>
   </div>
   <div class='ocr_carea' id='block_1_24' title="bbox 445 2945 2000 3015">
    <p class='ocr_par' dir='ltr' id='par_1_24' title="bbox 445 2945 2000 3015">
     <span class='ocr_line' id='line_1_24' title="bbox 445 2945 2000 3015; baseline 0.006 -16"><span class='ocrx_word' id='word_1_132' title='bbox 445 2945 586 2999; x_wconf 84' lang='lat' dir='ltr'><strong>sicut</strong></span> <span class='ocrx_word' id='word_1_133' title='bbox 618 2958 648 2998; x_wconf 79' lang='grc' dir='ltr'><strong>ο</strong></span> <span class='ocrx_word' id='word_1_134' title='bbox 680 2945 824 3015; x_wconf 84' lang='lat' dir='ltr'><strong>ligno</strong></span> <span class='ocrx_word' id='word_1_135' title='bbox 852 2949 1072 3015; x_wconf 82' lang='lat' dir='ltr'><strong>scapha,</strong></span> <span class='ocrx_word' id='word_1_136' title='bbox 1103 2958 1154 3002; x_wconf 83' lang='lat' dir='ltr'><strong>et</strong></span> <span class='ocrx_word' id='word_1_137' title='bbox 1185 2962 1250 3002; x_wconf 81' lang='lat' dir='ltr'><strong>ex</strong></span> <span class='ocrx_word' id='word_1_138' title='bbox 1293 2964 1402 3004; x_wconf 71' lang='lat' dir='ltr'><strong>aere</strong></span> <span class='ocrx_word' id='word_1_139' title='bbox 1444 2959 1640 3006; x_wconf 90' lang='lat' dir='ltr'><strong>statua.</strong></span> <span class='ocrx_word' id='word_1_140' title='bbox 1678 2952 1885 3007; x_wconf 80' lang='lat' dir='ltr'><strong>Rursus</strong></span> <span class='ocrx_word' id='word_1_141' title='bbox 1914 2956 2000 3009; x_wconf 77' lang='lat' dir='ltr'><strong>in-</strong></span> 
     </span>
    </p>
   </div>
   <div class='ocr_carea' id='block_1_25' title="bbox 2113 2850 3673 2928">
    <p class='ocr_par' dir='ltr' id='par_1_25' title="bbox 2113 2850 3673 2928">
     <span class='ocr_line' id='line_1_25' title="bbox 2113 2850 3673 2928; baseline 0.003 -22"><span class='ocrx_word' id='word_1_142' title='bbox 2113 2850 2426 2919; x_wconf 75' lang='grc' dir='ltr'>Ἀγένητόν</span> <span class='ocrx_word' id='word_1_143' title='bbox 2457 2854 2659 2910; x_wconf 63' lang='lat' dir='ltr'><strong>sua.ch</strong></span> <span class='ocrx_word' id='word_1_144' title='bbox 2699 2856 2870 2925; x_wconf 78' lang='grc' dir='ltr'>μήπω</span> <span class='ocrx_word' id='word_1_145' title='bbox 2906 2856 3005 2923; x_wconf 88' lang='grc' dir='ltr'><strong>μὲν</strong></span> <span class='ocrx_word' id='word_1_146' title='bbox 3045 2856 3355 2925; x_wconf 85' lang='grc' dir='ltr'>γενόμενον,</span> <span class='ocrx_word' id='word_1_147' title='bbox 3390 2857 3673 2928; x_wconf 70' lang='grc' dir='ltr'>ὲνδεχόμευ</span> 
     </span>
    </p>
   </div>
   <div class='ocr_carea' id='block_1_26' title="bbox 2100 2942 3669 3019">
    <p class='ocr_par' dir='ltr' id='par_1_26' title="bbox 2100 2942 3669 3019">
     <span class='ocr_line' id='line_1_26' title="bbox 2100 2942 3669 3019; baseline 0.006 -27"><span class='ocrx_word' id='word_1_148' title='bbox 2100 2958 2189 2993; x_wconf 88' lang='grc' dir='ltr'><strong>νον</strong></span> <span class='ocrx_word' id='word_1_149' title='bbox 2215 2942 2270 2994; x_wconf 82' lang='grc' dir='ltr'>δὲ</span> <span class='ocrx_word' id='word_1_150' title='bbox 2296 2944 2566 3010; x_wconf 82' lang='grc' dir='ltr'>γενέσθαι,</span> <span class='ocrx_word' id='word_1_151' title='bbox 2597 2943 2671 3007; x_wconf 83' lang='grc' dir='ltr'>ὡς</span> <span class='ocrx_word' id='word_1_152' title='bbox 2694 2946 2802 2997; x_wconf 81' lang='grc' dir='ltr'><strong>άπὸ</strong></span> <span class='ocrx_word' id='word_1_153' title='bbox 2840 2944 2997 3009; x_wconf 78' lang='grc' dir='ltr'>ξύλου</span> <span class='ocrx_word' id='word_1_154' title='bbox 3031 2947 3255 3015; x_wconf 81' lang='grc' dir='ltr'><strong>σκάφος,</strong></span> <span class='ocrx_word' id='word_1_155' title='bbox 3289 2949 3329 3017; x_wconf 21' lang='grc' dir='ltr'>ἢν</span> <span class='ocrx_word' id='word_1_156' title='bbox 3361 2950 3424 3001; x_wconf 79' lang='grc' dir='ltr'><strong>ὲκ</strong></span> <span class='ocrx_word' id='word_1_157' title='bbox 3465 2948 3669 3019; x_wconf 86' lang='grc' dir='ltr'>χαλκοῦ</span> 
     </span>
    </p>
   </div>
   <div class='ocr_carea' id='block_1_27' title="bbox 445 3032 2000 3111">
    <p class='ocr_par' dir='ltr' id='par_1_27' title="bbox 445 3034 2000 3111">
     <span class='ocr_line' id='line_1_27' title="bbox 445 3034 2000 3111; baseline 0.008 -25"><span class='ocrx_word' id='word_1_158' title='bbox 445 3034 675 3099; x_wconf 80' lang='lat' dir='ltr'><strong>genitum</strong></span> <span class='ocrx_word' id='word_1_159' title='bbox 708 3034 924 3101; x_wconf 89' lang='lat' dir='ltr'><strong>dicitur,</strong></span> <span class='ocrx_word' id='word_1_160' title='bbox 964 3037 1108 3105; x_wconf 89' lang='lat' dir='ltr'><strong>quod</strong></span> <span class='ocrx_word' id='word_1_161' title='bbox 1142 3053 1413 3108; x_wconf 87' lang='lat' dir='ltr'><strong>nunquam</strong></span> <span class='ocrx_word' id='word_1_162' title='bbox 1447 3038 1647 3095; x_wconf 79' lang='lat' dir='ltr'><strong>factum</strong></span> <span class='ocrx_word' id='word_1_163' title='bbox 1696 3052 1797 3106; x_wconf 85' lang='lat' dir='ltr'><strong>est,</strong></span> <span class='ocrx_word' id='word_1_164' title='bbox 1831 3058 2000 3111; x_wconf 89' lang='lat' dir='ltr'><strong>neque</strong></span> 
     </span>
    </p>
   </div>
   <div class='ocr_carea' id='block_1_28' title="bbox 2102 3032 3670 3111">
    <p class='ocr_par' dir='ltr' id='par_1_28' title="bbox 2102 3032 3670 3109">
     <span class='ocr_line' id='line_1_28' title="bbox 2102 3032 3670 3109; baseline 0.005 -24"><span class='ocrx_word' id='word_1_165' title='bbox 2102 3032 2338 3103; x_wconf 77' lang='grc' dir='ltr'>ἀνδριάς.</span> <span class='ocrx_word' id='word_1_166' title='bbox 2371 3035 2480 3087; x_wconf 71' lang='grc' dir='ltr'>Καὶ</span> <span class='ocrx_word' id='word_1_167' title='bbox 2512 3034 2670 3088; x_wconf 84' lang='grc' dir='ltr'>πάλιν</span> <span class='ocrx_word' id='word_1_168' title='bbox 2702 3036 2993 3103; x_wconf 80' lang='grc' dir='ltr'>ἀγένητον</span> <span class='ocrx_word' id='word_1_169' title='bbox 3014 3035 3232 3105; x_wconf 85' lang='grc' dir='ltr'>λέγεται</span> <span class='ocrx_word' id='word_1_170' title='bbox 3262 3039 3323 3091; x_wconf 82' lang='grc' dir='ltr'><strong>τὸ</strong></span> <span class='ocrx_word' id='word_1_171' title='bbox 3358 3040 3493 3109; x_wconf 85' lang='grc' dir='ltr'>μήτε</span> <span class='ocrx_word' id='word_1_172' title='bbox 3524 3039 3670 3108; x_wconf 80' lang='grc' dir='ltr'>γενό-</span> 
     </span>
    </p>
   </div>
   <div class='ocr_carea' id='block_1_29' title="bbox 449 3121 1998 3199">
    <p class='ocr_par' dir='ltr' id='par_1_29' title="bbox 449 3121 1998 3199">
     <span class='ocr_line' id='line_1_29' title="bbox 449 3121 1998 3199; baseline 0.008 -26"><span class='ocrx_word' id='word_1_173' title='bbox 449 3121 561 3173; x_wconf 80' lang='lat' dir='ltr'><strong>ﬂeri</strong></span> <span class='ocrx_word' id='word_1_174' title='bbox 596 3131 769 3188; x_wconf 84' lang='lat' dir='ltr'><strong>potest</strong></span> <span class='ocrx_word' id='word_1_175' title='bbox 802 3139 816 3175; x_wconf 89' lang='lat'><strong>:</strong></span> <span class='ocrx_word' id='word_1_176' title='bbox 844 3132 921 3187; x_wconf 90' lang='lat' dir='ltr'><strong>ut,</strong></span> <span class='ocrx_word' id='word_1_177' title='bbox 946 3124 1175 3192; x_wconf 75' lang='lat' dir='ltr'><strong>exempli</strong></span> <span class='ocrx_word' id='word_1_178' title='bbox 1208 3127 1403 3194; x_wconf 84' lang='lat' dir='ltr'><strong>gratia,</strong></span> <span class='ocrx_word' id='word_1_179' title='bbox 1425 3128 1722 3199; x_wconf 83' lang='lat' dir='ltr'><strong>triangulus</strong></span> <span class='ocrx_word' id='word_1_180' title='bbox 1748 3144 1848 3183; x_wconf 93' lang='lat' dir='ltr'><strong>nec</strong></span> <span class='ocrx_word' id='word_1_181' title='bbox 1874 3129 1998 3193; x_wconf 83' lang='lat' dir='ltr'><strong>fuit,</strong></span> 
     </span>
    </p>
   </div>
   <div class='ocr_carea' id='block_1_30' title="bbox 2103 3123 3670 3200">
    <p class='ocr_par' dir='ltr' id='par_1_30' title="bbox 2103 3123 3670 3200">
     <span class='ocr_line' id='line_1_30' title="bbox 2103 3123 3670 3200; baseline 0.006 -27"><span class='ocrx_word' id='word_1_182' title='bbox 2103 3138 2261 3191; x_wconf 83' lang='grc' dir='ltr'>μενον</span> <span class='ocrx_word' id='word_1_183' title='bbox 2289 3123 2526 3185; x_wconf 82' lang='grc' dir='ltr'>πώποτε,</span> <span class='ocrx_word' id='word_1_184' title='bbox 2566 3126 2704 3195; x_wconf 83' lang='grc' dir='ltr'>μήτε</span> <span class='ocrx_word' id='word_1_185' title='bbox 2735 3123 2840 3194; x_wconf 83' lang='grc' dir='ltr'><strong>μὴν</strong></span> <span class='ocrx_word' id='word_1_186' title='bbox 2889 3123 3139 3192; x_wconf 81' lang='grc' dir='ltr'>γενέσθαι</span> <span class='ocrx_word' id='word_1_187' title='bbox 3167 3126 3463 3197; x_wconf 81' lang='grc' dir='ltr'>δυνάμενον</span> <span class='ocrx_word' id='word_1_188' title='bbox 3486 3142 3501 3156; x_wconf 82' lang='lat'>&#39;</span> <span class='ocrx_word' id='word_1_189' title='bbox 3534 3127 3670 3200; x_wconf 77' lang='grc' dir='ltr'>φέρι</span> 
     </span>
    </p>
   </div>
   <div class='ocr_carea' id='block_1_31' title="bbox 448 3213 2000 3297">
    <p class='ocr_par' dir='ltr' id='par_1_31' title="bbox 448 3213 2000 3290">
     <span class='ocr_line' id='line_1_31' title="bbox 448 3213 2000 3290; baseline 0.008 -30"><span class='ocrx_word' id='word_1_190' title='bbox 448 3225 546 3265; x_wconf 85' lang='lat' dir='ltr'><strong>nec</strong></span> <span class='ocrx_word' id='word_1_191' title='bbox 570 3213 675 3267; x_wconf 86' lang='lat' dir='ltr'><strong>erit</strong></span> <span class='ocrx_word' id='word_1_192' title='bbox 704 3228 935 3281; x_wconf 86' lang='lat' dir='ltr'><strong>unquam</strong></span> <span class='ocrx_word' id='word_1_193' title='bbox 969 3214 1390 3282; x_wconf 82' lang='lat' dir='ltr'><strong>quadrangulus.</strong></span> <span class='ocrx_word' id='word_1_194' title='bbox 1444 3217 1617 3272; x_wconf 87' lang='lat' dir='ltr'><strong>Simul</strong></span> <span class='ocrx_word' id='word_1_195' title='bbox 1668 3220 1810 3274; x_wconf 85' lang='lat' dir='ltr'><strong>enim</strong></span> <span class='ocrx_word' id='word_1_196' title='bbox 1868 3221 2000 3290; x_wconf 88' lang='lat' dir='ltr'><strong>perit</strong></span> 
     </span>
    </p>
   </div>
   <div class='ocr_carea' id='block_1_32' title="bbox 2102 3213 3671 3297">
    <p class='ocr_par' dir='ltr' id='par_1_32' title="bbox 2102 3215 3671 3297">
     <span class='ocr_line' id='line_1_32' title="bbox 2102 3215 3671 3297; baseline 0.006 -30"><span class='ocrx_word' id='word_1_197' title='bbox 2102 3216 2291 3278; x_wconf 70' lang='grc' dir='ltr'>εἰπεῖν,</span> <span class='ocrx_word' id='word_1_198' title='bbox 2329 3215 2388 3269; x_wconf 79' lang='grc' dir='ltr'>τὸ</span> <span class='ocrx_word' id='word_1_199' title='bbox 2424 3216 2685 3287; x_wconf 88' lang='grc' dir='ltr'>τρίγωνον</span> <span class='ocrx_word' id='word_1_200' title='bbox 2718 3218 2900 3288; x_wconf 80' lang='grc' dir='ltr'>σχῆμα</span> <span class='ocrx_word' id='word_1_201' title='bbox 2926 3220 2987 3273; x_wconf 84' lang='grc' dir='ltr'><strong>οὐ</strong></span> <span class='ocrx_word' id='word_1_202' title='bbox 3025 3219 3213 3297; x_wconf 84' lang='grc' dir='ltr'>γέγονὲ</span> <span class='ocrx_word' id='word_1_203' title='bbox 3249 3237 3377 3273; x_wconf 85' lang='grc' dir='ltr'>ποτε</span> <span class='ocrx_word' id='word_1_204' title='bbox 3401 3221 3671 3292; x_wconf 65' lang='grc' dir='ltr'>τετράγωη</span> 
     </span>
    </p>
   </div>
   <div class='ocr_carea' id='block_1_33' title="bbox 448 3302 2000 3378">
    <p class='ocr_par' dir='ltr' id='par_1_33' title="bbox 448 3302 2000 3377">
     <span class='ocr_line' id='line_1_33' title="bbox 448 3302 2000 3377; baseline 0.008 -25"><span class='ocrx_word' id='word_1_205' title='bbox 448 3302 697 3368; x_wconf 85' lang='lat' dir='ltr'><strong>trianguli</strong></span> <span class='ocrx_word' id='word_1_206' title='bbox 732 3302 925 3371; x_wconf 78' lang='lat' dir='ltr'><strong>ﬁgura,</strong></span> <span class='ocrx_word' id='word_1_207' title='bbox 969 3304 1071 3358; x_wconf 88' lang='lat' dir='ltr'><strong>alia</strong></span> <span class='ocrx_word' id='word_1_208' title='bbox 1118 3304 1361 3372; x_wconf 69' lang='lat' dir='ltr'><strong>quaedam</strong></span> <span class='ocrx_word' id='word_1_209' title='bbox 1411 3322 1572 3377; x_wconf 88' lang='lat' dir='ltr'><strong>quam</strong></span> <span class='ocrx_word' id='word_1_210' title='bbox 1611 3318 1747 3375; x_wconf 87' lang='lat' dir='ltr'><strong>erat,</strong></span> <span class='ocrx_word' id='word_1_211' title='bbox 1786 3309 1865 3363; x_wconf 79' lang='lat' dir='ltr'><strong>ﬁt.</strong></span> <span class='ocrx_word' id='word_1_212' title='bbox 1922 3311 2000 3365; x_wconf 82' lang='lat' dir='ltr'><strong>Ad</strong></span> 
     </span>
    </p>
   </div>
   <div class='ocr_carea' id='block_1_34' title="bbox 2102 3302 3667 3378">
    <p class='ocr_par' dir='ltr' id='par_1_34' title="bbox 2102 3302 3667 3378">
     <span class='ocr_line' id='line_1_34' title="bbox 2102 3302 3667 3378; baseline 0.004 -24"><span class='ocrx_word' id='word_1_213' title='bbox 2102 3319 2213 3366; x_wconf 84' lang='lat' dir='ltr'><strong>vov,</strong></span> <span class='ocrx_word' id='word_1_214' title='bbox 2250 3302 2359 3355; x_wconf 76' lang='grc' dir='ltr'>οὔτ’</span> <span class='ocrx_word' id='word_1_215' title='bbox 2393 3304 2457 3357; x_wconf 78' lang='grc' dir='ltr'>ἂν</span> <span class='ocrx_word' id='word_1_216' title='bbox 2492 3305 2699 3371; x_wconf 82' lang='grc' dir='ltr'>γένοιτό</span> <span class='ocrx_word' id='word_1_217' title='bbox 2733 3322 2862 3357; x_wconf 82' lang='grc' dir='ltr'>ποτε</span> <span class='ocrx_word' id='word_1_218' title='bbox 2885 3322 2897 3335; x_wconf 86' lang='grc'>·</span> <span class='ocrx_word' id='word_1_219' title='bbox 2932 3305 3050 3375; x_wconf 77' lang='grc' dir='ltr'><strong>ἅμα</strong></span> <span class='ocrx_word' id='word_1_220' title='bbox 3077 3306 3185 3378; x_wconf 80' lang='grc' dir='ltr'><strong>γὰρ</strong></span> <span class='ocrx_word' id='word_1_221' title='bbox 3225 3308 3545 3376; x_wconf 74' lang='grc' dir='ltr'>ἀφανίζεται</span> <span class='ocrx_word' id='word_1_222' title='bbox 3574 3308 3667 3362; x_wconf 82' lang='grc' dir='ltr'>τοῦ</span> 
     </span>
    </p>
   </div>
   <div class='ocr_carea' id='block_1_35' title="bbox 447 3390 2002 3465">
    <p class='ocr_par' dir='ltr' id='par_1_35' title="bbox 447 3390 2002 3465">
     <span class='ocr_line' id='line_1_35' title="bbox 447 3390 2002 3465; baseline 0.007 -22"><span class='ocrx_word' id='word_1_223' title='bbox 447 3390 559 3445; x_wconf 71' lang='lat' dir='ltr'><strong>haec</strong></span> <span class='ocrx_word' id='word_1_224' title='bbox 590 3392 874 3459; x_wconf 82' lang='lat' dir='ltr'><strong>ingenitum</strong></span> <span class='ocrx_word' id='word_1_225' title='bbox 917 3392 1131 3457; x_wconf 85' lang='lat' dir='ltr'><strong>dicitur,</strong></span> <span class='ocrx_word' id='word_1_226' title='bbox 1176 3396 1317 3465; x_wconf 91' lang='lat' dir='ltr'><strong>quod</strong></span> <span class='ocrx_word' id='word_1_227' title='bbox 1348 3398 1594 3465; x_wconf 84' lang='lat' dir='ltr'><strong>quamvis</strong></span> <span class='ocrx_word' id='word_1_228' title='bbox 1625 3399 1695 3453; x_wconf 90' lang='lat' dir='ltr'><strong>sit</strong></span> <span class='ocrx_word' id='word_1_229' title='bbox 1744 3409 1797 3452; x_wconf 90' lang='lat' dir='ltr'><strong>et</strong></span> <span class='ocrx_word' id='word_1_230' title='bbox 1828 3399 2002 3455; x_wconf 88' lang='lat' dir='ltr'><strong>subsi-</strong></span> 
     </span>
    </p>
   </div>
   <div class='ocr_carea' id='block_1_36' title="bbox 2101 3390 3669 3467">
    <p class='ocr_par' dir='ltr' id='par_1_36' title="bbox 2101 3390 3669 3467">
     <span class='ocr_line' id='line_1_36' title="bbox 2101 3390 3669 3467; baseline 0.006 -25"><span class='ocrx_word' id='word_1_231' title='bbox 2101 3390 2365 3460; x_wconf 85' lang='grc' dir='ltr'><strong>τριγώνου</strong></span> <span class='ocrx_word' id='word_1_232' title='bbox 2396 3390 2455 3443; x_wconf 82' lang='grc' dir='ltr'>τὸ</span> <span class='ocrx_word' id='word_1_233' title='bbox 2479 3392 2684 3461; x_wconf 87' lang='grc' dir='ltr'>σχῆμα,</span> <span class='ocrx_word' id='word_1_234' title='bbox 2719 3392 2905 3464; x_wconf 70' lang='grc' dir='ltr'>ἕτερόν</span> <span class='ocrx_word' id='word_1_235' title='bbox 2933 3411 2983 3446; x_wconf 78' lang='grc' dir='ltr'><strong>τι</strong></span> <span class='ocrx_word' id='word_1_236' title='bbox 3018 3394 3145 3463; x_wconf 83' lang='grc' dir='ltr'>παρ’</span> <span class='ocrx_word' id='word_1_237' title='bbox 3176 3396 3311 3465; x_wconf 85' lang='grc' dir='ltr'>ὅπερ</span> <span class='ocrx_word' id='word_1_238' title='bbox 3343 3391 3409 3467; x_wconf 82' lang='grc' dir='ltr'>ἦν</span> <span class='ocrx_word' id='word_1_239' title='bbox 3438 3397 3669 3464; x_wconf 76' lang='grc' dir='ltr'>γίνεται.</span> 
     </span>
    </p>
   </div>
   <div class='ocr_carea' id='block_1_37' title="bbox 447 3465 2000 3557">
    <p class='ocr_par' dir='ltr' id='par_1_37' title="bbox 447 3485 1996 3555">
     <span class='ocr_line' id='line_1_37' title="bbox 447 3485 1996 3555; baseline 0.008 -23"><span class='ocrx_word' id='word_1_240' title='bbox 447 3490 568 3541; x_wconf 84' lang='lat' dir='ltr'><strong>stat,</strong></span> <span class='ocrx_word' id='word_1_241' title='bbox 593 3496 861 3550; x_wconf 79' lang='lat' dir='ltr'><strong>nunquam</strong></span> <span class='ocrx_word' id='word_1_242' title='bbox 909 3492 1081 3538; x_wconf 84' lang='lat' dir='ltr'><strong>tamen</strong></span> <span class='ocrx_word' id='word_1_243' title='bbox 1115 3498 1179 3537; x_wconf 82' lang='lat' dir='ltr'><strong>ex</strong></span> <span class='ocrx_word' id='word_1_244' title='bbox 1216 3485 1399 3555; x_wconf 83' lang='lat' dir='ltr'><strong>aliquo</strong></span> <span class='ocrx_word' id='word_1_245' title='bbox 1434 3486 1633 3541; x_wconf 81' lang='lat' dir='ltr'><strong>factum</strong></span> <span class='ocrx_word' id='word_1_246' title='bbox 1706 3487 1827 3543; x_wconf 78' lang='lat' dir='ltr'><strong>fuit.</strong></span> <span class='ocrx_word' id='word_1_247' title='bbox 1862 3490 1996 3544; x_wconf 75' lang='lat' dir='ltr'><strong>Cum</strong></span> 
     </span>
    </p>
   </div>
   <div class='ocr_carea' id='block_1_38' title="bbox 2102 3465 3665 3557">
    <p class='ocr_par' dir='ltr' id='par_1_38' title="bbox 2102 3465 3665 3557">
     <span class='ocr_line' id='line_1_38' title="bbox 2102 3465 3665 3557; baseline 0.004 -23"><span class='ocrx_word' id='word_1_248' title='bbox 2102 3481 2332 3549; x_wconf 71' lang='grc' dir='ltr'>Λέγεται</span> <span class='ocrx_word' id='word_1_249' title='bbox 2370 3483 2530 3537; x_wconf 86' lang='grc' dir='ltr'>πάλιν</span> <span class='ocrx_word' id='word_1_250' title='bbox 2572 3484 2890 3552; x_wconf 65' lang='grc' dir='ltr'>ἀγένητον,</span> <span class='ocrx_word' id='word_1_251' title='bbox 2920 3484 2982 3537; x_wconf 82' lang='grc' dir='ltr'>τὸ</span> <span class='ocrx_word' id='word_1_252' title='bbox 3012 3486 3255 3557; x_wconf 82' lang='grc' dir='ltr'>ὑπάρχον</span> <span class='ocrx_word' id='word_1_253' title='bbox 3284 3465 3387 3557; x_wconf 80' lang='grc' dir='ltr'>μὲν</span> <span class='ocrx_word' id='word_1_254' title='bbox 3422 3488 3515 3541; x_wconf 68' lang='grc' dir='ltr'>καὶ</span> <span class='ocrx_word' id='word_1_255' title='bbox 3549 3487 3665 3556; x_wconf 79' lang='grc' dir='ltr'>ὐφ-</span> 
     </span>
    </p>
   </div>
   <div class='ocr_carea' id='block_1_39' title="bbox 445 3572 2000 3648">
    <p class='ocr_par' dir='ltr' id='par_1_39' title="bbox 445 3572 2000 3646">
     <span class='ocr_line' id='line_1_39' title="bbox 445 3572 2000 3646; baseline 0.006 -23"><span class='ocrx_word' id='word_1_256' title='bbox 445 3585 571 3639; x_wconf 79' lang='lat' dir='ltr'><strong>crgo</strong></span> <span class='ocrx_word' id='word_1_257' title='bbox 600 3572 778 3625; x_wconf 84' lang='lat' dir='ltr'><strong>multis</strong></span> <span class='ocrx_word' id='word_1_258' title='bbox 817 3573 918 3641; x_wconf 71' lang='lat'><strong>12</strong></span> <span class='ocrx_word' id='word_1_259' title='bbox 966 3574 1137 3628; x_wconf 89' lang='lat' dir='ltr'><strong>modis</strong></span> <span class='ocrx_word' id='word_1_260' title='bbox 1172 3575 1455 3645; x_wconf 78' lang='lat' dir='ltr'><strong>ingenitum</strong></span> <span class='ocrx_word' id='word_1_261' title='bbox 1502 3578 1781 3646; x_wconf 74' lang='lat' dir='ltr'><strong>capiatur,</strong></span> <span class='ocrx_word' id='word_1_262' title='bbox 1820 3578 2000 3633; x_wconf 86' lang='lat' dir='ltr'><strong>dicant</strong></span> 
     </span>
    </p>
   </div>
   <div class='ocr_carea' id='block_1_40' title="bbox 2102 3572 3669 3648">
    <p class='ocr_par' dir='ltr' id='par_1_40' title="bbox 2102 3573 3669 3648">
     <span class='ocr_line' id='line_1_40' title="bbox 2102 3573 3669 3648; baseline 0.004 -23"><span class='ocrx_word' id='word_1_263' title='bbox 2102 3573 2346 3643; x_wconf 78' lang='grc' dir='ltr'>εστηκὺς,</span> <span class='ocrx_word' id='word_1_264' title='bbox 2368 3574 2450 3648; x_wconf 28' lang='grc' dir='ltr'>μὴ,</span> <span class='ocrx_word' id='word_1_265' title='bbox 2470 3574 2575 3645; x_wconf 82' lang='grc' dir='ltr'><strong>μὴν</strong></span> <span class='ocrx_word' id='word_1_266' title='bbox 2594 3575 2955 3645; x_wconf 85' lang='grc' dir='ltr'>γεγενημένον</span> <span class='ocrx_word' id='word_1_267' title='bbox 2972 3576 3075 3629; x_wconf 84' lang='grc' dir='ltr'>ὑπό</span> <span class='ocrx_word' id='word_1_268' title='bbox 3096 3577 3421 3640; x_wconf 71' lang='grc' dir='ltr'>τινος-,Κατὰ</span> <span class='ocrx_word' id='word_1_269' title='bbox 3441 3576 3669 3640; x_wconf 76' lang='grc' dir='ltr'>πολλοὺς</span> 
     </span>
    </p>
   </div>
   <div class='ocr_carea' id='block_1_41' title="bbox 444 3662 2000 3738">
    <p class='ocr_par' dir='ltr' id='par_1_41' title="bbox 444 3662 2000 3738">
     <span class='ocr_line' id='line_1_41' title="bbox 444 3662 2000 3738; baseline 0.008 -26"><span class='ocrx_word' id='word_1_270' title='bbox 444 3662 573 3731; x_wconf 86' lang='lat' dir='ltr'><strong>quid</strong></span> <span class='ocrx_word' id='word_1_271' title='bbox 605 3663 765 3718; x_wconf 79' lang='lat' dir='ltr'><strong>velint</strong></span> <span class='ocrx_word' id='word_1_272' title='bbox 792 3664 1077 3733; x_wconf 64' lang='lat' dir='ltr'><strong>ingenitum</strong></span> <span class='ocrx_word' id='word_1_273' title='bbox 1115 3666 1167 3719; x_wconf 92' lang='lat' dir='ltr'><strong>in</strong></span> <span class='ocrx_word' id='word_1_274' title='bbox 1206 3666 1313 3721; x_wconf 88' lang='lat' dir='ltr'><strong>Deo</strong></span> <span class='ocrx_word' id='word_1_275' title='bbox 1350 3668 1678 3738; x_wconf 77' lang='lat' dir='ltr'><strong>signiﬁcare.</strong></span> <span class='ocrx_word' id='word_1_276' title='bbox 1707 3671 1781 3723; x_wconf 81' lang='lat' dir='ltr'><strong>Ac</strong></span> <span class='ocrx_word' id='word_1_277' title='bbox 1825 3670 2000 3725; x_wconf 87' lang='lat' dir='ltr'><strong>dicent</strong></span> 
     </span>
    </p>
   </div>
   <div class='ocr_carea' id='block_1_42' title="bbox 2102 3662 3666 3738">
    <p class='ocr_par' dir='ltr' id='par_1_42' title="bbox 2102 3665 3666 3737">
     <span class='ocr_line' id='line_1_42' title="bbox 2102 3665 3666 3737; baseline 0.002 -20"><span class='ocrx_word' id='word_1_278' title='bbox 2102 3665 2385 3736; x_wconf 78' lang='grc' dir='ltr'>τοιγαροῦν</span> <span class='ocrx_word' id='word_1_279' title='bbox 2431 3665 2715 3735; x_wconf 82' lang='grc' dir='ltr'>νοουμένου</span> <span class='ocrx_word' id='word_1_280' title='bbox 2749 3667 2979 3737; x_wconf 82' lang='grc' dir='ltr'>τρόπους</span> <span class='ocrx_word' id='word_1_281' title='bbox 3012 3667 3106 3721; x_wconf 78' lang='grc' dir='ltr'>τοῦ</span> <span class='ocrx_word' id='word_1_282' title='bbox 3141 3670 3453 3737; x_wconf 77' lang='grc' dir='ltr'>ἀτενήτου,</span> <span class='ocrx_word' id='word_1_283' title='bbox 3478 3668 3531 3720; x_wconf 88' lang='grc' dir='ltr'><strong>τί</strong></span> <span class='ocrx_word' id='word_1_284' title='bbox 3561 3669 3666 3735; x_wconf 79' lang='grc' dir='ltr'>ἄρα</span> 
     </span>
    </p>
   </div>
   <div class='ocr_carea' id='block_1_43' title="bbox 448 3754 1998 3833">
    <p class='ocr_par' dir='ltr' id='par_1_43' title="bbox 448 3754 1998 3833">
     <span class='ocr_line' id='line_1_43' title="bbox 448 3754 1998 3833; baseline 0.008 -29"><span class='ocrx_word' id='word_1_285' title='bbox 448 3754 694 3820; x_wconf 78' lang='lat' dir='ltr'><strong>fortasse,</strong></span> <span class='ocrx_word' id='word_1_286' title='bbox 729 3757 871 3825; x_wconf 88' lang='lat' dir='ltr'><strong>quod</strong></span> <span class='ocrx_word' id='word_1_287' title='bbox 898 3772 1169 3827; x_wconf 87' lang='lat' dir='ltr'><strong>nunquam</strong></span> <span class='ocrx_word' id='word_1_288' title='bbox 1201 3760 1440 3827; x_wconf 88' lang='lat' dir='ltr'><strong>genitum</strong></span> <span class='ocrx_word' id='word_1_289' title='bbox 1479 3762 1550 3815; x_wconf 89' lang='lat' dir='ltr'><strong>sit</strong></span> <span class='ocrx_word' id='word_1_290' title='bbox 1580 3779 1594 3815; x_wconf 92' lang='lat'><strong>:</strong></span> <span class='ocrx_word' id='word_1_291' title='bbox 1629 3762 1860 3817; x_wconf 80' lang='lat' dir='ltr'><strong>confessi</strong></span> <span class='ocrx_word' id='word_1_292' title='bbox 1887 3763 1998 3833; x_wconf 90' lang='lat' dir='ltr'><strong>pri-</strong></span> 
     </span>
    </p>
   </div>
   <div class='ocr_carea' id='block_1_44' title="bbox 447 3846 2003 3923">
    <p class='ocr_par' dir='ltr' id='par_1_44' title="bbox 447 3846 2003 3923">
     <span class='ocr_line' id='line_1_44' title="bbox 447 3846 2003 3923; baseline 0.009 -28"><span class='ocrx_word' id='word_1_293' title='bbox 447 3859 588 3898; x_wconf 89' lang='lat' dir='ltr'><strong>mum</strong></span> <span class='ocrx_word' id='word_1_294' title='bbox 621 3859 739 3900; x_wconf 88' lang='lat' dir='ltr'><strong>sese</strong></span> <span class='ocrx_word' id='word_1_295' title='bbox 770 3846 985 3904; x_wconf 89' lang='lat' dir='ltr'><strong>indocte</strong></span> <span class='ocrx_word' id='word_1_296' title='bbox 1034 3850 1419 3918; x_wconf 78' lang='lat' dir='ltr'><strong>interrogasse.</strong></span> <span class='ocrx_word' id='word_1_297' title='bbox 1465 3852 1771 3908; x_wconf 79' lang='lat' dir='ltr'><strong>Statuamus</strong></span> <span class='ocrx_word' id='word_1_298' title='bbox 1819 3855 2003 3923; x_wconf 82' lang='lat' dir='ltr'><strong>itaque</strong></span> 
     </span>
    </p>
   </div>
   <div class='ocr_carea' id='block_1_45' title="bbox 444 3934 2002 4011">
    <p class='ocr_par' dir='ltr' id='par_1_45' title="bbox 444 3934 2002 4011">
     <span class='ocr_line' id='line_1_45' title="bbox 444 3934 2002 4011; baseline 0.009 -25"><span class='ocrx_word' id='word_1_299' title='bbox 444 3934 607 3986; x_wconf 82' lang='lat' dir='ltr'><strong>etiam</strong></span> <span class='ocrx_word' id='word_1_300' title='bbox 639 3951 803 3989; x_wconf 88' lang='lat' dir='ltr'><strong>unum</strong></span> <span class='ocrx_word' id='word_1_301' title='bbox 829 3952 949 4011; x_wconf 85' lang='lat' dir='ltr'><strong>esse</strong></span> <span class='ocrx_word' id='word_1_302' title='bbox 977 3940 1293 4009; x_wconf 89' lang='lat' dir='ltr'><strong>ingenitum.</strong></span> <span class='ocrx_word' id='word_1_303' title='bbox 1330 3943 1483 4007; x_wconf 81' lang='lat' dir='ltr'><strong>Quod</strong></span> <span class='ocrx_word' id='word_1_304' title='bbox 1515 3943 1559 3997; x_wconf 87' lang='lat' dir='ltr'><strong>si</strong></span> <span class='ocrx_word' id='word_1_305' title='bbox 1601 3957 1668 3997; x_wconf 77' lang='lat' dir='ltr'><strong>ex</strong></span> <span class='ocrx_word' id='word_1_306' title='bbox 1709 3944 1811 3998; x_wconf 81' lang='lat' dir='ltr'><strong>hoc</strong></span> <span class='ocrx_word' id='word_1_307' title='bbox 1860 3944 2002 3999; x_wconf 79' lang='lat' dir='ltr'><strong>infe-</strong></span> 
     </span>
    </p>
   </div>
   <div class='ocr_carea' id='block_1_46' title="bbox 448 4030 2000 4089">
    <p class='ocr_par' dir='ltr' id='par_1_46' title="bbox 448 4030 2000 4089">
     <span class='ocr_line' id='line_1_46' title="bbox 448 4030 2000 4089; baseline 0.008 -14"><span class='ocrx_word' id='word_1_308' title='bbox 448 4032 586 4089; x_wconf 88' lang='lat' dir='ltr'><strong>rant,</strong></span> <span class='ocrx_word' id='word_1_309' title='bbox 623 4040 841 4081; x_wconf 82' lang='lat' dir='ltr'><strong>necesse</strong></span> <span class='ocrx_word' id='word_1_310' title='bbox 868 4030 1088 4084; x_wconf 88' lang='lat' dir='ltr'><strong>omnino</strong></span> <span class='ocrx_word' id='word_1_311' title='bbox 1129 4045 1248 4085; x_wconf 86' lang='lat' dir='ltr'><strong>esse</strong></span> <span class='ocrx_word' id='word_1_312' title='bbox 1278 4042 1335 4084; x_wconf 93' lang='lat' dir='ltr'><strong>ut</strong></span> <span class='ocrx_word' id='word_1_313' title='bbox 1370 4032 1567 4086; x_wconf 82' lang='lat' dir='ltr'><strong>factum</strong></span> <span class='ocrx_word' id='word_1_314' title='bbox 1594 4032 1786 4087; x_wconf 86' lang='lat' dir='ltr'><strong>Filium</strong></span> <span class='ocrx_word' id='word_1_315' title='bbox 1825 4035 2000 4088; x_wconf 63' lang='grc' dir='ltr'>ροηδε</span> 
     </span>
    </p>
   </div>
   <div class='ocr_carea' id='block_1_47' title="bbox 449 4117 1997 4192">
    <p class='ocr_par' dir='ltr' id='par_1_47' title="bbox 449 4117 1997 4192">
     <span class='ocr_line' id='line_1_47' title="bbox 449 4117 1997 4192; baseline 0.007 -28"><span class='ocrx_word' id='word_1_316' title='bbox 449 4122 675 4177; x_wconf 88' lang='lat' dir='ltr'><strong>teamur,</strong></span> <span class='ocrx_word' id='word_1_317' title='bbox 709 4117 960 4183; x_wconf 89' lang='lat' dir='ltr'><strong>quoniam</strong></span> <span class='ocrx_word' id='word_1_318' title='bbox 1008 4133 1147 4174; x_wconf 84' lang='lat' dir='ltr'><strong>unus</strong></span> <span class='ocrx_word' id='word_1_319' title='bbox 1193 4120 1529 4176; x_wconf 86' lang='lat' dir='ltr'><strong>solummodo</strong></span> <span class='ocrx_word' id='word_1_320' title='bbox 1584 4122 1852 4192; x_wconf 88' lang='lat' dir='ltr'><strong>ingenitus</strong></span> <span class='ocrx_word' id='word_1_321' title='bbox 1895 4132 1997 4187; x_wconf 92' lang='lat' dir='ltr'><strong>est,</strong></span> 
     </span>
    </p>
   </div>
   <div class='ocr_carea' id='block_1_48' title="bbox 445 4202 1998 4280">
    <p class='ocr_par' dir='ltr' id='par_1_48' title="bbox 445 4202 1998 4280">
     <span class='ocr_line' id='line_1_48' title="bbox 445 4202 1998 4280; baseline 0.006 -25"><span class='ocrx_word' id='word_1_322' title='bbox 445 4202 696 4258; x_wconf 80' lang='lat' dir='ltr'><strong>nimirum</strong></span> <span class='ocrx_word' id='word_1_323' title='bbox 733 4203 926 4271; x_wconf 75' lang='lat' dir='ltr'><strong>Pater;</strong></span> <span class='ocrx_word' id='word_1_324' title='bbox 959 4208 1071 4261; x_wconf 74' lang='lat' dir='ltr'><strong>haec</strong></span> <span class='ocrx_word' id='word_1_325' title='bbox 1112 4218 1298 4263; x_wconf 87' lang='lat' dir='ltr'><strong>contra</strong></span> <span class='ocrx_word' id='word_1_326' title='bbox 1326 4211 1544 4265; x_wconf 79' lang='lat' dir='ltr'><strong>audient</strong></span> <span class='ocrx_word' id='word_1_327' title='bbox 1576 4229 1588 4265; x_wconf 93' lang='lat'><strong>:</strong></span> <span class='ocrx_word' id='word_1_328' title='bbox 1623 4210 1679 4266; x_wconf 89' lang='lat' dir='ltr'><strong>Si</strong></span> <span class='ocrx_word' id='word_1_329' title='bbox 1713 4212 1998 4280; x_wconf 83' lang='lat' dir='ltr'><strong>sapientia,</strong></span> 
     </span>
    </p>
   </div>
   <div class='ocr_carea' id='block_1_49' title="bbox 446 4296 2002 4375">
    <p class='ocr_par' dir='ltr' id='par_1_49' title="bbox 446 4296 2002 4375">
     <span class='ocr_line' id='line_1_49' title="bbox 446 4296 2002 4375; baseline 0.008 -28"><span class='ocrx_word' id='word_1_330' title='bbox 446 4304 501 4348; x_wconf 90' lang='lat' dir='ltr'><strong>ct</strong></span> <span class='ocrx_word' id='word_1_331' title='bbox 527 4296 719 4361; x_wconf 73' lang='lat' dir='ltr'><strong>virtus,</strong></span> <span class='ocrx_word' id='word_1_332' title='bbox 734 4308 788 4352; x_wconf 85' lang='lat' dir='ltr'><strong>et</strong></span> <span class='ocrx_word' id='word_1_333' title='bbox 819 4305 1037 4354; x_wconf 82' lang='lat' dir='ltr'><strong>verbum</strong></span> <span class='ocrx_word' id='word_1_334' title='bbox 1065 4300 1242 4357; x_wconf 84' lang='lat' dir='ltr'><strong>Patris</strong></span> <span class='ocrx_word' id='word_1_335' title='bbox 1272 4312 1356 4357; x_wconf 89' lang='lat' dir='ltr'><strong>est</strong></span> <span class='ocrx_word' id='word_1_336' title='bbox 1377 4304 1574 4369; x_wconf 80' lang='lat' dir='ltr'><strong>Filius;</strong></span> <span class='ocrx_word' id='word_1_337' title='bbox 1606 4316 1832 4375; x_wconf 85' lang='lat' dir='ltr'><strong>eratque</strong></span> <span class='ocrx_word' id='word_1_338' title='bbox 1858 4321 2002 4360; x_wconf 84' lang='lat' dir='ltr'><strong>sem-</strong></span> 
     </span>
    </p>
   </div>
   <div class='ocr_carea' id='block_1_50' title="bbox 448 4385 1999 4460">
    <p class='ocr_par' dir='ltr' id='par_1_50' title="bbox 448 4385 1999 4460">
     <span class='ocr_line' id='line_1_50' title="bbox 448 4385 1999 4460; baseline 0.008 -21"><span class='ocrx_word' id='word_1_339' title='bbox 448 4400 541 4451; x_wconf 86' lang='lat' dir='ltr'><strong>per</strong></span> <span class='ocrx_word' id='word_1_340' title='bbox 571 4387 623 4441; x_wconf 88' lang='lat' dir='ltr'><strong>in</strong></span> <span class='ocrx_word' id='word_1_341' title='bbox 648 4385 805 4443; x_wconf 83' lang='lat' dir='ltr'><strong>Patre</strong></span> <span class='ocrx_word' id='word_1_342' title='bbox 839 4388 1104 4456; x_wconf 78' lang='lat' dir='ltr'><strong>Verbum,</strong></span> <span class='ocrx_word' id='word_1_343' title='bbox 1135 4402 1188 4447; x_wconf 90' lang='lat' dir='ltr'><strong>et</strong></span> <span class='ocrx_word' id='word_1_344' title='bbox 1208 4394 1494 4460; x_wconf 85' lang='lat' dir='ltr'><strong>sapientia,</strong></span> <span class='ocrx_word' id='word_1_345' title='bbox 1554 4404 1608 4449; x_wconf 90' lang='lat' dir='ltr'><strong>et</strong></span> <span class='ocrx_word' id='word_1_346' title='bbox 1648 4396 1820 4451; x_wconf 79' lang='lat' dir='ltr'><strong>virtus</strong></span> <span class='ocrx_word' id='word_1_347' title='bbox 1855 4413 1867 4449; x_wconf 94' lang='lat'>:</span> <span class='ocrx_word' id='word_1_348' title='bbox 1896 4411 1999 4451; x_wconf 80' lang='lat' dir='ltr'><strong>non</strong></span> 
     </span>
    </p>
   </div>
   <div class='ocr_carea' id='block_1_51' title="bbox 448 4474 2001 4551">
    <p class='ocr_par' dir='ltr' id='par_1_51' title="bbox 448 4474 2001 4551">
     <span class='ocr_line' id='line_1_51' title="bbox 448 4474 2001 4551; baseline 0.006 -24"><span class='ocrx_word' id='word_1_349' title='bbox 448 4474 609 4542; x_wconf 83' lang='lat' dir='ltr'><strong>igitur</strong></span> <span class='ocrx_word' id='word_1_350' title='bbox 637 4486 720 4531; x_wconf 90' lang='lat' dir='ltr'><strong>est</strong></span> <span class='ocrx_word' id='word_1_351' title='bbox 746 4479 1010 4546; x_wconf 88' lang='lat' dir='ltr'><strong>posterior</strong></span> <span class='ocrx_word' id='word_1_352' title='bbox 1040 4488 1160 4534; x_wconf 90' lang='lat' dir='ltr'><strong>ortu</strong></span> <span class='ocrx_word' id='word_1_353' title='bbox 1192 4478 1384 4546; x_wconf 74' lang='lat' dir='ltr'><strong>Filius,</strong></span> <span class='ocrx_word' id='word_1_354' title='bbox 1415 4482 1504 4550; x_wconf 90' lang='lat' dir='ltr'><strong>qui</strong></span> <span class='ocrx_word' id='word_1_355' title='bbox 1534 4482 1645 4536; x_wconf 66' lang='lat' dir='ltr'><strong>haec</strong></span> <span class='ocrx_word' id='word_1_356' title='bbox 1680 4482 1792 4551; x_wconf 88' lang='lat' dir='ltr'><strong>ipsa</strong></span> <span class='ocrx_word' id='word_1_357' title='bbox 1836 4492 1890 4536; x_wconf 83' lang='lat' dir='ltr'><strong>et</strong></span> <span class='ocrx_word' id='word_1_358' title='bbox 1920 4493 2001 4537; x_wconf 89' lang='lat' dir='ltr'><strong>est</strong></span> 
     </span>
    </p>
   </div>
   <div class='ocr_carea' id='block_1_52' title="bbox 442 4570 2000 4637">
    <p class='ocr_par' dir='ltr' id='par_1_52' title="bbox 442 4570 2000 4637">
     <span class='ocr_line' id='line_1_52' title="bbox 442 4570 2000 4637; baseline 0.007 -21"><span class='ocrx_word' id='word_1_359' title='bbox 442 4575 496 4617; x_wconf 77' lang='lat' dir='ltr'><strong>ct</strong></span> <span class='ocrx_word' id='word_1_360' title='bbox 526 4578 750 4620; x_wconf 79' lang='lat' dir='ltr'><strong>vocatur</strong></span> <span class='ocrx_word' id='word_1_361' title='bbox 780 4584 794 4621; x_wconf 90' lang='lat'><strong>:</strong></span> <span class='ocrx_word' id='word_1_362' title='bbox 828 4570 920 4621; x_wconf 88' lang='lat' dir='ltr'><strong>sed</strong></span> <span class='ocrx_word' id='word_1_363' title='bbox 957 4570 1403 4636; x_wconf 83' lang='lat' dir='ltr'><strong>quemadmodum</strong></span> <span class='ocrx_word' id='word_1_364' title='bbox 1428 4587 1492 4625; x_wconf 84' lang='lat' dir='ltr'><strong>ex</strong></span> <span class='ocrx_word' id='word_1_365' title='bbox 1526 4572 1635 4627; x_wconf 87' lang='lat' dir='ltr'><strong>Deo</strong></span> <span class='ocrx_word' id='word_1_366' title='bbox 1661 4572 1819 4637; x_wconf 87' lang='lat' dir='ltr'><strong>Deus,</strong></span> <span class='ocrx_word' id='word_1_367' title='bbox 1853 4584 1905 4626; x_wconf 91' lang='lat' dir='ltr'><strong>et</strong></span> <span class='ocrx_word' id='word_1_368' title='bbox 1936 4574 2000 4627; x_wconf 91' lang='lat' dir='ltr'><strong>de</strong></span> 
     </span>
    </p>
   </div>
   <div class='ocr_carea' id='block_1_53' title="bbox 445 4654 1991 4722">
    <p class='ocr_par' dir='ltr' id='par_1_53' title="bbox 445 4654 1991 4722">
     <span class='ocr_line' id='line_1_53' title="bbox 445 4654 1991 4722; baseline 0.006 -17"><span class='ocrx_word' id='word_1_369' title='bbox 445 4654 645 4709; x_wconf 89' lang='lat' dir='ltr'><strong>lumine</strong></span> <span class='ocrx_word' id='word_1_370' title='bbox 673 4655 848 4712; x_wconf 88' lang='lat' dir='ltr'><strong>lumen</strong></span> <span class='ocrx_word' id='word_1_371' title='bbox 880 4657 1098 4722; x_wconf 71' lang='lat' dir='ltr'><strong>eﬂulsit,</strong></span> <span class='ocrx_word' id='word_1_372' title='bbox 1132 4660 1211 4714; x_wconf 87' lang='lat' dir='ltr'><strong>sic</strong></span> <span class='ocrx_word' id='word_1_373' title='bbox 1232 4674 1296 4715; x_wconf 79' lang='lat' dir='ltr'><strong>ex</strong></span> <span class='ocrx_word' id='word_1_374' title='bbox 1329 4675 1432 4715; x_wconf 90' lang='lat' dir='ltr'><strong>non</strong></span> <span class='ocrx_word' id='word_1_375' title='bbox 1477 4659 1623 4715; x_wconf 82' lang='lat' dir='ltr'><strong>facto</strong></span> <span class='ocrx_word' id='word_1_376' title='bbox 1653 4677 1755 4716; x_wconf 91' lang='lat' dir='ltr'><strong>non</strong></span> <span class='ocrx_word' id='word_1_377' title='bbox 1790 4661 1991 4717; x_wconf 79' lang='lat' dir='ltr'><strong>factus.</strong></span> 
     </span>
    </p>
   </div>
   <div class='ocr_carea' id='block_1_54' title="bbox 442 4740 1997 4819">
    <p class='ocr_par' dir='ltr' id='par_1_54' title="bbox 442 4740 1997 4819">
     <span class='ocr_line' id='line_1_54' title="bbox 442 4740 1997 4819; baseline 0.006 -24"><span class='ocrx_word' id='word_1_378' title='bbox 442 4740 570 4797; x_wconf 85' lang='lat' dir='ltr'><strong>Tale</strong></span> <span class='ocrx_word' id='word_1_379' title='bbox 600 4759 827 4814; x_wconf 86' lang='lat' dir='ltr'><strong>namque</strong></span> <span class='ocrx_word' id='word_1_380' title='bbox 856 4757 1066 4817; x_wconf 85' lang='lat' dir='ltr'><strong>oportet</strong></span> <span class='ocrx_word' id='word_1_381' title='bbox 1089 4763 1207 4803; x_wconf 87' lang='lat' dir='ltr'><strong>esse</strong></span> <span class='ocrx_word' id='word_1_382' title='bbox 1228 4747 1483 4815; x_wconf 72' lang='lat' dir='ltr'><strong>Verbum,</strong></span> <span class='ocrx_word' id='word_1_383' title='bbox 1512 4750 1690 4819; x_wconf 86' lang='lat' dir='ltr'><strong>qualis</strong></span> <span class='ocrx_word' id='word_1_384' title='bbox 1724 4750 1885 4805; x_wconf 84' lang='lat' dir='ltr'><strong>etiam</strong></span> <span class='ocrx_word' id='word_1_385' title='bbox 1917 4761 1997 4807; x_wconf 90' lang='lat' dir='ltr'><strong>est</strong></span> 
     </span>
    </p>
   </div>
   <div class='ocr_carea' id='block_1_55' title="bbox 444 4814 2065 4910">
    <p class='ocr_par' dir='ltr' id='par_1_55' title="bbox 444 4814 2065 4910">
     <span class='ocr_line' id='line_1_55' title="bbox 444 4814 2065 4910; baseline 0.006 -25"><span class='ocrx_word' id='word_1_386' title='bbox 444 4835 536 4901; x_wconf 91' lang='lat' dir='ltr'><strong>qui</strong></span> <span class='ocrx_word' id='word_1_387' title='bbox 567 4833 741 4899; x_wconf 84' lang='lat' dir='ltr'><strong>ipsum</strong></span> <span class='ocrx_word' id='word_1_388' title='bbox 781 4814 983 4903; x_wconf 78' lang='lat' dir='ltr'><strong>genuit.</strong></span> <span class='ocrx_word' id='word_1_389' title='bbox 1016 4838 1091 4892; x_wconf 86' lang='lat' dir='ltr'><strong>Ita</strong></span> <span class='ocrx_word' id='word_1_390' title='bbox 1118 4839 1261 4893; x_wconf 90' lang='lat' dir='ltr'><strong>enim</strong></span> <span class='ocrx_word' id='word_1_391' title='bbox 1297 4840 1350 4895; x_wconf 91' lang='lat' dir='ltr'><strong>id</strong></span> <span class='ocrx_word' id='word_1_392' title='bbox 1375 4814 1715 4910; x_wconf 41' lang='lat' dir='ltr'><strong>quod-Patris</strong></span> <span class='ocrx_word' id='word_1_393' title='bbox 1741 4844 1993 4897; x_wconf 87' lang='lat' dir='ltr'><strong>substan-</strong></span> <span class='ocrx_word' id='word_1_394' title='bbox 2025 4814 2065 4870; x_wconf 65' lang='grc' dir='ltr'>δ</span> 
     </span>
    </p>
   </div>
   <div class='ocr_carea' id='block_1_56' title="bbox 446 4923 1997 5001">
    <p class='ocr_par' dir='ltr' id='par_1_56' title="bbox 446 4923 1997 5001">
     <span class='ocr_line' id='line_1_56' title="bbox 446 4923 1997 5001; baseline 0.009 -28"><span class='ocrx_word' id='word_1_395' title='bbox 446 4923 530 4975; x_wconf 73' lang='lat' dir='ltr'><strong>tiae</strong></span> <span class='ocrx_word' id='word_1_396' title='bbox 561 4925 831 4993; x_wconf 85' lang='lat' dir='ltr'><strong>proprium</strong></span> <span class='ocrx_word' id='word_1_397' title='bbox 860 4934 962 4989; x_wconf 76' lang='lat' dir='ltr'><strong>est,</strong></span> <span class='ocrx_word' id='word_1_398' title='bbox 1014 4944 1139 4984; x_wconf 83' lang='lat' dir='ltr'><strong>vere</strong></span> <span class='ocrx_word' id='word_1_399' title='bbox 1168 4930 1470 5001; x_wconf 84' lang='lat' dir='ltr'><strong>diceturiu</strong></span> <span class='ocrx_word' id='word_1_400' title='bbox 1525 4946 1590 4986; x_wconf 90' lang='lat' dir='ltr'><strong>eo</strong></span> <span class='ocrx_word' id='word_1_401' title='bbox 1625 4946 1766 4996; x_wconf 88' lang='lat' dir='ltr'><strong>esse,</strong></span> <span class='ocrx_word' id='word_1_402' title='bbox 1802 4933 1891 5001; x_wconf 92' lang='lat' dir='ltr'><strong>qui</strong></span> <span class='ocrx_word' id='word_1_403' title='bbox 1932 4949 1997 4987; x_wconf 79' lang='lat' dir='ltr'><strong>ex</strong></span> 
     </span>
    </p>
   </div>
   <div class='ocr_carea' id='block_1_57' title="bbox 444 4999 1995 5091">
    <p class='ocr_par' dir='ltr' id='par_1_57' title="bbox 444 4999 1995 5091">
     <span class='ocr_line' id='line_1_57' title="bbox 444 4999 1995 5091; baseline 0.01 -29"><span class='ocrx_word' id='word_1_404' title='bbox 444 5011 561 5077; x_wconf 81' lang='lat' dir='ltr'><strong>ipso</strong></span> <span class='ocrx_word' id='word_1_405' title='bbox 590 5015 800 5081; x_wconf 86' lang='lat' dir='ltr'><strong>genitus</strong></span> <span class='ocrx_word' id='word_1_406' title='bbox 828 5028 929 5070; x_wconf 86' lang='lat' dir='ltr'><strong>est.</strong></span> <span class='ocrx_word' id='word_1_407' title='bbox 973 5016 1113 5072; x_wconf 86' lang='lat' dir='ltr'><strong>Nihil</strong></span> <span class='ocrx_word' id='word_1_408' title='bbox 1146 5020 1305 5089; x_wconf 90' lang='lat' dir='ltr'><strong>igitur</strong></span> <span class='ocrx_word' id='word_1_409' title='bbox 1321 4999 1500 5075; x_wconf 58' lang='lat' dir='ltr'><strong>obstat</strong></span> <span class='ocrx_word' id='word_1_410' title='bbox 1548 4999 1834 5091; x_wconf 77' lang='lat' dir='ltr'><strong>quominus</strong></span> <span class='ocrx_word' id='word_1_411' title='bbox 1874 5038 1995 5077; x_wconf 90' lang='lat' dir='ltr'><strong>cum</strong></span> 
     </span>
    </p>
   </div>
   <div class='ocr_carea' id='block_1_58' title="bbox 445 5104 1993 5186">
    <p class='ocr_par' dir='ltr' id='par_1_58' title="bbox 445 5104 1993 5186">
     <span class='ocr_line' id='line_1_58' title="bbox 445 5104 1993 5186; baseline 0.011 -31"><span class='ocrx_word' id='word_1_412' title='bbox 445 5120 581 5157; x_wconf 86' lang='lat' dir='ltr'><strong>unus</strong></span> <span class='ocrx_word' id='word_1_413' title='bbox 616 5106 684 5158; x_wconf 89' lang='lat' dir='ltr'><strong>sit</strong></span> <span class='ocrx_word' id='word_1_414' title='bbox 730 5104 888 5161; x_wconf 88' lang='lat' dir='ltr'><strong>Pater</strong></span> <span class='ocrx_word' id='word_1_415' title='bbox 920 5125 1023 5163; x_wconf 94' lang='lat' dir='ltr'><strong>non</strong></span> <span class='ocrx_word' id='word_1_416' title='bbox 1072 5111 1267 5177; x_wconf 76' lang='lat' dir='ltr'><strong>factus,</strong></span> <span class='ocrx_word' id='word_1_417' title='bbox 1297 5112 1529 5168; x_wconf 79' lang='lat' dir='ltr'><strong>Verbum</strong></span> <span class='ocrx_word' id='word_1_418' title='bbox 1564 5116 1725 5169; x_wconf 82' lang='lat' dir='ltr'><strong>etiam</strong></span> <span class='ocrx_word' id='word_1_419' title='bbox 1756 5116 1897 5186; x_wconf 90' lang='lat' dir='ltr'><strong>quod</strong></span> <span class='ocrx_word' id='word_1_420' title='bbox 1931 5132 1993 5172; x_wconf 82' lang='lat' dir='ltr'><strong>ex</strong></span> 
     </span>
    </p>
   </div>
   <div class='ocr_carea' id='block_1_59' title="bbox 445 5194 1987 5275">
    <p class='ocr_par' dir='ltr' id='par_1_59' title="bbox 445 5194 1987 5275">
     <span class='ocr_line' id='line_1_59' title="bbox 445 5194 1987 5275; baseline 0.01 -32"><span class='ocrx_word' id='word_1_421' title='bbox 445 5194 559 5259; x_wconf 79' lang='lat' dir='ltr'><strong>ipso</strong></span> <span class='ocrx_word' id='word_1_422' title='bbox 585 5204 688 5261; x_wconf 81' lang='lat' dir='ltr'><strong>est,</strong></span> <span class='ocrx_word' id='word_1_423' title='bbox 718 5210 822 5249; x_wconf 91' lang='lat' dir='ltr'><strong>non</strong></span> <span class='ocrx_word' id='word_1_424' title='bbox 854 5198 922 5251; x_wconf 88' lang='lat' dir='ltr'><strong>sit</strong></span> <span class='ocrx_word' id='word_1_425' title='bbox 950 5198 1149 5254; x_wconf 81' lang='lat' dir='ltr'><strong>factum</strong></span> <span class='ocrx_word' id='word_1_426' title='bbox 1210 5220 1222 5255; x_wconf 93' lang='lat'>:</span> <span class='ocrx_word' id='word_1_427' title='bbox 1252 5205 1448 5275; x_wconf 89' lang='lat' dir='ltr'><strong>quippe</strong></span> <span class='ocrx_word' id='word_1_428' title='bbox 1473 5206 1615 5274; x_wconf 85' lang='lat' dir='ltr'><strong>quod</strong></span> <span class='ocrx_word' id='word_1_429' title='bbox 1669 5221 1832 5261; x_wconf 90' lang='lat' dir='ltr'><strong>unum</strong></span> <span class='ocrx_word' id='word_1_430' title='bbox 1867 5221 1987 5259; x_wconf 92' lang='lat' dir='ltr'><strong>cum</strong></span> 
     </span>
    </p>
   </div>
   <div class='ocr_carea' id='block_1_60' title="bbox 447 5280 1994 5362">
    <p class='ocr_par' dir='ltr' id='par_1_60' title="bbox 447 5280 1994 5362">
     <span class='ocr_line' id='line_1_60' title="bbox 447 5280 1994 5362; baseline 0.01 -26"><span class='ocrx_word' id='word_1_431' title='bbox 447 5283 602 5339; x_wconf 88' lang='lat' dir='ltr'><strong>Patre</strong></span> <span class='ocrx_word' id='word_1_432' title='bbox 633 5294 687 5340; x_wconf 90' lang='lat' dir='ltr'><strong>et</strong></span> <span class='ocrx_word' id='word_1_433' title='bbox 717 5287 769 5340; x_wconf 92' lang='lat' dir='ltr'><strong>in</strong></span> <span class='ocrx_word' id='word_1_434' title='bbox 800 5280 959 5345; x_wconf 78' lang='lat' dir='ltr'><strong>Patre</strong></span> <span class='ocrx_word' id='word_1_435' title='bbox 989 5302 1206 5362; x_wconf 84' lang='lat' dir='ltr'><strong>propter</strong></span> <span class='ocrx_word' id='word_1_436' title='bbox 1247 5304 1454 5351; x_wconf 74' lang='lat' dir='ltr'><strong>naturae</strong></span> <span class='ocrx_word' id='word_1_437' title='bbox 1489 5298 1994 5351; x_wconf 74' lang='lat' dir='ltr'><strong>incommutaliilita-</strong></span> 
     </span>
    </p>
   </div>
   <div class='ocr_carea' id='block_1_61' title="bbox 447 5377 1996 5456">
    <p class='ocr_par' dir='ltr' id='par_1_61' title="bbox 447 5377 1996 5456">
     <span class='ocr_line' id='line_1_61' title="bbox 447 5377 1996 5456; baseline 0.013 -33"><span class='ocrx_word' id='word_1_438' title='bbox 447 5383 550 5427; x_wconf 87' lang='lat' dir='ltr'><strong>tem</strong></span> <span class='ocrx_word' id='word_1_439' title='bbox 580 5390 697 5429; x_wconf 71' lang='lat' dir='ltr'><strong>esse</strong></span> <span class='ocrx_word' id='word_1_440' title='bbox 726 5377 1059 5449; x_wconf 78' lang='lat' dir='ltr'><strong>intelligitur.</strong></span> <span class='ocrx_word' id='word_1_441' title='bbox 1080 5383 1230 5450; x_wconf 87' lang='lat' dir='ltr'><strong>Quod</strong></span> <span class='ocrx_word' id='word_1_442' title='bbox 1252 5386 1465 5453; x_wconf 90' lang='lat' dir='ltr'><strong>quidem</strong></span> <span class='ocrx_word' id='word_1_443' title='bbox 1505 5388 1665 5441; x_wconf 91' lang='lat' dir='ltr'><strong>etiam</strong></span> <span class='ocrx_word' id='word_1_444' title='bbox 1703 5388 1815 5456; x_wconf 89' lang='lat' dir='ltr'><strong>ipse</strong></span> <span class='ocrx_word' id='word_1_445' title='bbox 1836 5390 1901 5441; x_wconf 88' lang='lat' dir='ltr'><strong>de</strong></span> <span class='ocrx_word' id='word_1_446' title='bbox 1938 5403 1996 5443; x_wconf 89' lang='lat' dir='ltr'><strong>sc</strong></span> 
     </span>
    </p>
   </div>
   <div class='ocr_carea' id='block_1_62' title="bbox 447 5464 1993 5543">
    <p class='ocr_par' dir='ltr' id='par_1_62' title="bbox 447 5464 1993 5543">
     <span class='ocr_line' id='line_1_62' title="bbox 447 5464 1993 5543; baseline 0.012 -31"><span class='ocrx_word' id='word_1_447' title='bbox 447 5464 520 5515; x_wconf 76' lang='lat' dir='ltr'><strong>ait</strong></span> <span class='ocrx_word' id='word_1_448' title='bbox 557 5482 568 5516; x_wconf 91' lang='lat'>:</span> <span class='ocrx_word' id='word_1_449' title='bbox 606 5483 623 5516; x_wconf 74' lang='grc' dir='ltr'><strong>ι</strong></span> <span class='ocrx_word' id='word_1_450' title='bbox 666 5466 776 5536; x_wconf 85' lang='lat' dir='ltr'><strong>Ego</strong></span> <span class='ocrx_word' id='word_1_451' title='bbox 829 5481 882 5523; x_wconf 87' lang='lat' dir='ltr'><strong>et</strong></span> <span class='ocrx_word' id='word_1_452' title='bbox 930 5469 1091 5527; x_wconf 82' lang='lat' dir='ltr'><strong>Pater</strong></span> <span class='ocrx_word' id='word_1_453' title='bbox 1134 5490 1296 5529; x_wconf 93' lang='lat' dir='ltr'><strong>unum</strong></span> <span class='ocrx_word' id='word_1_454' title='bbox 1340 5490 1525 5530; x_wconf 83' lang='lat' dir='ltr'><strong>sumus</strong></span> <span class='ocrx_word' id='word_1_455' title='bbox 1556 5478 1595 5529; x_wconf 83' lang='grc'><strong>⁵.</strong></span> <span class='ocrx_word' id='word_1_456' title='bbox 1630 5496 1647 5528; x_wconf 70' lang='grc' dir='ltr'><strong>ι</strong></span> <span class='ocrx_word' id='word_1_457' title='bbox 1686 5476 1816 5530; x_wconf 79' lang='lat' dir='ltr'><strong>Nam</strong></span> <span class='ocrx_word' id='word_1_458' title='bbox 1876 5492 1993 5543; x_wconf 90' lang='lat' dir='ltr'><strong>per,</strong></span> 
     </span>
    </p>
   </div>
   <div class='ocr_carea' id='block_1_63' title="bbox 448 5555 1991 5636">
    <p class='ocr_par' dir='ltr' id='par_1_63' title="bbox 448 5555 1991 5636">
     <span class='ocr_line' id='line_1_63' title="bbox 448 5555 1991 5636; baseline 0.02 -36"><span class='ocrx_word' id='word_1_459' title='bbox 448 5566 645 5617; x_wconf 83' lang='lat' dir='ltr'><strong>unum,</strong></span> <span class='ocrx_word' id='word_1_460' title='bbox 698 5555 1025 5614; x_wconf 86' lang='lat' dir='ltr'><strong>identitatem</strong></span> <span class='ocrx_word' id='word_1_461' title='bbox 1075 5563 1386 5619; x_wconf 71' lang='lat' dir='ltr'><strong>substantiae</strong></span> <span class='ocrx_word' id='word_1_462' title='bbox 1442 5564 1800 5636; x_wconf 79' lang='lat' dir='ltr'><strong>significavit:</strong></span> <span class='ocrx_word' id='word_1_463' title='bbox 1865 5579 1991 5634; x_wconf 66' lang='lat' dir='ltr'><strong>Per.</strong></span> 
     </span>
    </p>
   </div>
   <div class='ocr_carea' id='block_1_64' title="bbox 509 5726 912 5795">
    <p class='ocr_par' dir='ltr' id='par_1_64' title="bbox 509 5726 912 5795">
     <span class='ocr_line' id='line_1_64' title="bbox 509 5726 912 5795; baseline -0.002 -10"><span class='ocrx_word' id='word_1_464' title='bbox 509 5730 529 5764; x_wconf 86' lang='lat'>&#39;</span> <span class='ocrx_word' id='word_1_465' title='bbox 554 5726 705 5785; x_wconf 77' lang='lat' dir='ltr'><strong>Juan.</strong></span> <span class='ocrx_word' id='word_1_466' title='bbox 744 5748 794 5795; x_wconf 73' lang='grc' dir='ltr'>κ,</span> <span class='ocrx_word' id='word_1_467' title='bbox 827 5731 912 5784; x_wconf 83' lang='grc'><strong>50.</strong></span> 
     </span>
    </p>
   </div>
   <div class='ocr_carea' id='block_1_65' title="bbox 2104 3754 3667 3827">
    <p class='ocr_par' dir='ltr' id='par_1_65' title="bbox 2104 3754 3667 3827">
     <span class='ocr_line' id='line_1_65' title="bbox 2104 3754 3667 3827; baseline 0.003 -22"><span class='ocrx_word' id='word_1_468' title='bbox 2104 3754 2388 3825; x_wconf 80' lang='grc' dir='ltr'>σημαίνειν</span> <span class='ocrx_word' id='word_1_469' title='bbox 2419 3757 2512 3810; x_wconf 73' lang='grc' dir='ltr'><strong>ἐπὶ</strong></span> <span class='ocrx_word' id='word_1_470' title='bbox 2533 3755 2671 3810; x_wconf 76' lang='grc' dir='ltr'>Θεοῦ</span> <span class='ocrx_word' id='word_1_471' title='bbox 2700 3756 2975 3827; x_wconf 80' lang='grc' dir='ltr'>βούλονται</span> <span class='ocrx_word' id='word_1_472' title='bbox 3007 3758 3088 3821; x_wconf 76' lang='grc' dir='ltr'><strong>τὸ,</strong></span> <span class='ocrx_word' id='word_1_473' title='bbox 3129 3758 3461 3827; x_wconf 72' lang='grc' dir='ltr'>ἀγένητονξ</span> <span class='ocrx_word' id='word_1_474' title='bbox 3491 3757 3667 3822; x_wconf 43' lang='grc' dir='ltr'>,’Δλλ’</span> 
     </span>
    </p>
   </div>
   <div class='ocr_carea' id='block_1_66' title="bbox 2103 3844 3669 3919">
    <p class='ocr_par' dir='ltr' id='par_1_66' title="bbox 2103 3844 3669 3919">
     <span class='ocr_line' id='line_1_66' title="bbox 2103 3844 3669 3919; baseline 0.005 -23"><span class='ocrx_word' id='word_1_475' title='bbox 2103 3844 2233 3908; x_wconf 80' lang='grc' dir='ltr'>ἴσως</span> <span class='ocrx_word' id='word_1_476' title='bbox 2282 3845 2340 3897; x_wconf 78' lang='grc' dir='ltr'>τὸ</span> <span class='ocrx_word' id='word_1_477' title='bbox 2394 3846 2468 3916; x_wconf 82' lang='grc' dir='ltr'>μὴ</span> <span class='ocrx_word' id='word_1_478' title='bbox 2509 3847 2832 3916; x_wconf 81' lang='grc' dir='ltr'>γεγενῆσθαι</span> <span class='ocrx_word' id='word_1_479' title='bbox 2885 3849 3183 3919; x_wconf 83' lang='grc' dir='ltr'>φήσουσιν,</span> <span class='ocrx_word' id='word_1_480' title='bbox 3240 3850 3669 3919; x_wconf 79' lang='grc' dir='ltr'>ὁμολογήσαντες</span> 
     </span>
    </p>
   </div>
   <div class='ocr_carea' id='block_1_67' title="bbox 2102 3937 3665 4013">
    <p class='ocr_par' dir='ltr' id='par_1_67' title="bbox 2102 3937 3665 4013">
     <span class='ocr_line' id='line_1_67' title="bbox 2102 3937 3665 4013; baseline 0.005 -23"><span class='ocrx_word' id='word_1_481' title='bbox 2102 3937 2367 4007; x_wconf 81' lang='grc' dir='ltr'>πρότερον</span> <span class='ocrx_word' id='word_1_482' title='bbox 2405 3938 2739 4003; x_wconf 82' lang='grc' dir='ltr'><strong>ἀπαιδεύτως</strong></span> <span class='ocrx_word' id='word_1_483' title='bbox 2784 3940 3112 4010; x_wconf 81' lang='grc' dir='ltr'>πεποιῆσθαι</span> <span class='ocrx_word' id='word_1_484' title='bbox 3157 3941 3255 4013; x_wconf 85' lang='grc' dir='ltr'>τὴν</span> <span class='ocrx_word' id='word_1_485' title='bbox 3306 3942 3665 4013; x_wconf 70' lang='grc' dir='ltr'>ὲπερώνησιν.</span> 
     </span>
    </p>
   </div>
   <div class='ocr_carea' id='block_1_68' title="bbox 2101 4025 3665 4100">
    <p class='ocr_par' dir='ltr' id='par_1_68' title="bbox 2101 4025 3665 4100">
     <span class='ocr_line' id='line_1_68' title="bbox 2101 4025 3665 4100; baseline 0.004 -23"><span class='ocrx_word' id='word_1_486' title='bbox 2101 4025 2354 4093; x_wconf 84' lang='grc' dir='ltr'>Λεγέσθω</span> <span class='ocrx_word' id='word_1_487' title='bbox 2377 4026 2552 4080; x_wconf 78' lang='grc' dir='ltr'>τοίνυν</span> <span class='ocrx_word' id='word_1_488' title='bbox 2587 4027 2680 4081; x_wconf 76' lang='grc' dir='ltr'>καὶ</span> <span class='ocrx_word' id='word_1_489' title='bbox 2727 4030 2856 4099; x_wconf 84' lang='grc' dir='ltr'>παρ’</span> <span class='ocrx_word' id='word_1_490' title='bbox 2890 4032 2922 4098; x_wconf 86' lang='grc' dir='ltr'><strong>ή</strong></span> <span class='ocrx_word' id='word_1_491' title='bbox 2933 4031 3046 4098; x_wconf 83' lang='grc' dir='ltr'><strong>μῶν</strong></span> <span class='ocrx_word' id='word_1_492' title='bbox 3079 4032 3160 4083; x_wconf 81' lang='grc' dir='ltr'><strong>ὅτι</strong></span> <span class='ocrx_word' id='word_1_493' title='bbox 3194 4029 3249 4081; x_wconf 76' lang='grc' dir='ltr'>ἓν</span> <span class='ocrx_word' id='word_1_494' title='bbox 3294 4029 3354 4082; x_wconf 83' lang='grc' dir='ltr'>τὸ</span> <span class='ocrx_word' id='word_1_495' title='bbox 3384 4031 3665 4100; x_wconf 81' lang='grc' dir='ltr'>ἀγένητον.</span> 
     </span>
    </p>
   </div>
   <div class='ocr_carea' id='block_1_69' title="bbox 2100 4115 3669 4191">
    <p class='ocr_par' dir='ltr' id='par_1_69' title="bbox 2100 4115 3669 4191">
     <span class='ocr_line' id='line_1_69' title="bbox 2100 4115 3669 4191; baseline 0.005 -25"><span class='ocrx_word' id='word_1_496' title='bbox 2100 4115 2161 4167; x_wconf 82' lang='lat' dir='ltr'><strong>Ei</strong></span> <span class='ocrx_word' id='word_1_497' title='bbox 2208 4115 2263 4167; x_wconf 88' lang='grc' dir='ltr'>δὲ</span> <span class='ocrx_word' id='word_1_498' title='bbox 2309 4115 2444 4185; x_wconf 76' lang='grc' dir='ltr'>πρὸς</span> <span class='ocrx_word' id='word_1_499' title='bbox 2473 4116 2629 4170; x_wconf 80' lang='grc' dir='ltr'>τοῦτο</span> <span class='ocrx_word' id='word_1_500' title='bbox 2657 4119 2831 4185; x_wconf 83' lang='grc' dir='ltr'>φαῖεν,</span> <span class='ocrx_word' id='word_1_501' title='bbox 2863 4118 3071 4171; x_wconf 79' lang='grc' dir='ltr'>Οὐκοῦν</span> <span class='ocrx_word' id='word_1_502' title='bbox 3108 4119 3321 4191; x_wconf 78' lang='grc' dir='ltr'>ἀνάγκη</span> <span class='ocrx_word' id='word_1_503' title='bbox 3364 4122 3511 4174; x_wconf 79' lang='grc' dir='ltr'>πᾶσα</span> <span class='ocrx_word' id='word_1_504' title='bbox 3546 4137 3669 4173; x_wconf 83' lang='grc' dir='ltr'>συν-</span> 
     </span>
    </p>
   </div>
   <div class='ocr_carea' id='block_1_70' title="bbox 2100 4195 3666 4279">
    <p class='ocr_par' dir='ltr' id='par_1_70' title="bbox 2100 4195 3666 4279">
     <span class='ocr_line' id='line_1_70' title="bbox 2100 4195 3666 4279; baseline 0.004 -22"><span class='ocrx_word' id='word_1_505' title='bbox 2100 4206 2375 4273; x_wconf 85' lang='grc' dir='ltr'>ομολογεῖν</span> <span class='ocrx_word' id='word_1_506' title='bbox 2407 4206 2731 4276; x_wconf 76' lang='grc' dir='ltr'>γεγενῆσθαι</span> <span class='ocrx_word' id='word_1_507' title='bbox 2770 4207 2859 4259; x_wconf 76' lang='grc' dir='ltr'><strong>τὸν</strong></span> <span class='ocrx_word' id='word_1_508' title='bbox 2900 4208 3049 4272; x_wconf 70' lang='grc' dir='ltr'>Υἰὸν,</span> <span class='ocrx_word' id='word_1_509' title='bbox 3082 4210 3267 4277; x_wconf 77' lang='grc' dir='ltr'>ἐπειδὴ</span> <span class='ocrx_word' id='word_1_510' title='bbox 3312 4209 3372 4261; x_wconf 84' lang='grc' dir='ltr'><strong>τὸ</strong></span> <span class='ocrx_word' id='word_1_511' title='bbox 3402 4195 3666 4279; x_wconf 75' lang='grc' dir='ltr'>ἀγένητον</span> 
     </span>
    </p>
   </div>
   <div class='ocr_carea' id='block_1_71' title="bbox 2103 4296 3663 4370">
    <p class='ocr_par' dir='ltr' id='par_1_71' title="bbox 2103 4296 3663 4370">
     <span class='ocr_line' id='line_1_71' title="bbox 2103 4296 3663 4370; baseline 0.003 -23"><span class='ocrx_word' id='word_1_512' title='bbox 2103 4296 2180 4358; x_wconf 83' lang='grc' dir='ltr'>ἓν,</span> <span class='ocrx_word' id='word_1_513' title='bbox 2207 4296 2341 4365; x_wconf 82' lang='grc' dir='ltr'>ὅπερ</span> <span class='ocrx_word' id='word_1_514' title='bbox 2381 4298 2526 4349; x_wconf 70' lang='grc' dir='ltr'>ἐστὶν</span> <span class='ocrx_word' id='word_1_515' title='bbox 2571 4299 2599 4349; x_wconf 97' lang='lat'><strong>6</strong></span> <span class='ocrx_word' id='word_1_516' title='bbox 2645 4298 2851 4370; x_wconf 71' lang='grc' dir='ltr'>Πατὴρ,</span> <span class='ocrx_word' id='word_1_517' title='bbox 2882 4299 3303 4354; x_wconf 84' lang='grc' dir='ltr'>ἀντακούσονται</span> <span class='ocrx_word' id='word_1_518' title='bbox 3355 4300 3551 4354; x_wconf 85' lang='grc' dir='ltr'>πάλιν·</span> <span class='ocrx_word' id='word_1_519' title='bbox 3602 4301 3663 4354; x_wconf 71' lang='lat' dir='ltr'><strong>Et</strong></span> 
     </span>
    </p>
   </div>
   <div class='ocr_carea' id='block_1_72' title="bbox 2104 4384 3666 4455">
    <p class='ocr_par' dir='ltr' id='par_1_72' title="bbox 2104 4384 3666 4455">
     <span class='ocr_line' id='line_1_72' title="bbox 2104 4384 3666 4455; baseline 0.001 -18"><span class='ocrx_word' id='word_1_520' title='bbox 2104 4384 2261 4452; x_wconf 83' lang='grc' dir='ltr'>σοφία</span> <span class='ocrx_word' id='word_1_521' title='bbox 2294 4384 2387 4437; x_wconf 76' lang='grc' dir='ltr'>καὶ</span> <span class='ocrx_word' id='word_1_522' title='bbox 2422 4384 2665 4455; x_wconf 82' lang='grc' dir='ltr'>δύναμις,</span> <span class='ocrx_word' id='word_1_523' title='bbox 2710 4388 2803 4438; x_wconf 75' lang='grc' dir='ltr'>καὶ</span> <span class='ocrx_word' id='word_1_524' title='bbox 2848 4388 3003 4454; x_wconf 84' lang='grc' dir='ltr'>λόγος</span> <span class='ocrx_word' id='word_1_525' title='bbox 3046 4386 3137 4439; x_wconf 76' lang='grc' dir='ltr'>τοῦ</span> <span class='ocrx_word' id='word_1_526' title='bbox 3185 4388 3397 4455; x_wconf 78' lang='grc' dir='ltr'>Πατρός</span> <span class='ocrx_word' id='word_1_527' title='bbox 3444 4388 3589 4439; x_wconf 75' lang='grc' dir='ltr'>ἔστιν</span> <span class='ocrx_word' id='word_1_528' title='bbox 3638 4387 3666 4439; x_wconf 93' lang='lat'><strong>6</strong></span> 
     </span>
    </p>
   </div>
   <div class='ocr_carea' id='block_1_73' title="bbox 2102 4470 3667 4544">
    <p class='ocr_par' dir='ltr' id='par_1_73' title="bbox 2102 4470 3667 4544">
     <span class='ocr_line' id='line_1_73' title="bbox 2102 4470 3667 4544; baseline 0.002 -19"><span class='ocrx_word' id='word_1_529' title='bbox 2102 4474 2257 4536; x_wconf 69' lang='grc' dir='ltr'>Υἱός*</span> <span class='ocrx_word' id='word_1_530' title='bbox 2288 4470 2356 4543; x_wconf 85' lang='grc' dir='ltr'>ἦν</span> <span class='ocrx_word' id='word_1_531' title='bbox 2395 4474 2452 4527; x_wconf 83' lang='grc' dir='ltr'>δὲ</span> <span class='ocrx_word' id='word_1_532' title='bbox 2482 4473 2568 4527; x_wconf 71' lang='lat' dir='ltr'><strong>dei.</strong></span> <span class='ocrx_word' id='word_1_533' title='bbox 2607 4475 2664 4527; x_wconf 82' lang='grc' dir='ltr'>ὲν</span> <span class='ocrx_word' id='word_1_534' title='bbox 2702 4476 2876 4544; x_wconf 76' lang='grc' dir='ltr'>Πατρὶ</span> <span class='ocrx_word' id='word_1_535' title='bbox 2907 4476 3082 4542; x_wconf 83' lang='grc' dir='ltr'>λόγος,</span> <span class='ocrx_word' id='word_1_536' title='bbox 3126 4476 3221 4529; x_wconf 75' lang='grc' dir='ltr'>καὶ</span> <span class='ocrx_word' id='word_1_537' title='bbox 3251 4478 3428 4543; x_wconf 85' lang='grc' dir='ltr'>σοφία,</span> <span class='ocrx_word' id='word_1_538' title='bbox 3459 4476 3552 4528; x_wconf 76' lang='grc' dir='ltr'>καὶ</span> <span class='ocrx_word' id='word_1_539' title='bbox 3577 4475 3667 4528; x_wconf 85' lang='grc' dir='ltr'><strong>δύ-</strong></span> 
     </span>
    </p>
   </div>
   <div class='ocr_carea' id='block_1_74' title="bbox 2100 4561 3665 4633">
    <p class='ocr_par' dir='ltr' id='par_1_74' title="bbox 2100 4561 3665 4633">
     <span class='ocr_line' id='line_1_74' title="bbox 2100 4561 3665 4633; baseline 0.001 -18"><span class='ocrx_word' id='word_1_540' title='bbox 2100 4582 2281 4633; x_wconf 78' lang='grc' dir='ltr'>ναμις,</span> <span class='ocrx_word' id='word_1_541' title='bbox 2304 4564 2405 4616; x_wconf 86' lang='grc' dir='ltr'>οὐκ</span> <span class='ocrx_word' id='word_1_542' title='bbox 2434 4564 2747 4631; x_wconf 78' lang='grc' dir='ltr'>ὲπιγέγονεν</span> <span class='ocrx_word' id='word_1_543' title='bbox 2777 4561 2868 4619; x_wconf 77' lang='grc' dir='ltr'><strong>οὖν</strong></span> <span class='ocrx_word' id='word_1_544' title='bbox 2901 4566 2929 4617; x_wconf 88' lang='lat'><strong>6</strong></span> <span class='ocrx_word' id='word_1_545' title='bbox 2960 4565 3107 4629; x_wconf 77' lang='grc' dir='ltr'>Υἱὸς,</span> <span class='ocrx_word' id='word_1_546' title='bbox 3136 4564 3196 4628; x_wconf 84' lang='grc' dir='ltr'>ὃς</span> <span class='ocrx_word' id='word_1_547' title='bbox 3225 4564 3400 4618; x_wconf 82' lang='grc' dir='ltr'>ταῦτά</span> <span class='ocrx_word' id='word_1_548' title='bbox 3427 4566 3543 4617; x_wconf 69' lang='grc' dir='ltr'>ἐστι</span> <span class='ocrx_word' id='word_1_549' title='bbox 3571 4564 3665 4618; x_wconf 79' lang='grc' dir='ltr'>καὶ</span> 
     </span>
    </p>
   </div>
   <div class='ocr_carea' id='block_1_75' title="bbox 2099 4651 3665 4722">
    <p class='ocr_par' dir='ltr' id='par_1_75' title="bbox 2099 4651 3665 4722">
     <span class='ocr_line' id='line_1_75' title="bbox 2099 4651 3665 4722; baseline -0.001 -16"><span class='ocrx_word' id='word_1_550' title='bbox 2099 4652 2515 4708; x_wconf 75' lang='grc' dir='ltr'>καλεῖται.’Δλλ’</span> <span class='ocrx_word' id='word_1_551' title='bbox 2544 4654 2733 4722; x_wconf 82' lang='grc' dir='ltr'>ὥσπερ</span> <span class='ocrx_word' id='word_1_552' title='bbox 2778 4652 2843 4704; x_wconf 82' lang='grc' dir='ltr'><strong>ὲκ</strong></span> <span class='ocrx_word' id='word_1_553' title='bbox 2877 4652 3009 4705; x_wconf 83' lang='grc' dir='ltr'>Θεοῦ</span> <span class='ocrx_word' id='word_1_554' title='bbox 3056 4653 3206 4716; x_wconf 81' lang='grc' dir='ltr'>Θεὸς,</span> <span class='ocrx_word' id='word_1_555' title='bbox 3240 4654 3329 4704; x_wconf 67' lang='grc' dir='ltr'>καὶ</span> <span class='ocrx_word' id='word_1_556' title='bbox 3376 4654 3440 4705; x_wconf 82' lang='grc' dir='ltr'><strong>ὲκ</strong></span> <span class='ocrx_word' id='word_1_557' title='bbox 3489 4651 3665 4721; x_wconf 76' lang='grc' dir='ltr'>φωτὸς</span> 
     </span>
    </p>
   </div>
   <div class='ocr_carea' id='block_1_76' title="bbox 2101 4738 3664 4813">
    <p class='ocr_par' dir='ltr' id='par_1_76' title="bbox 2101 4738 3664 4813">
     <span class='ocr_line' id='line_1_76' title="bbox 2101 4738 3664 4813; baseline -0.002 -17"><span class='ocrx_word' id='word_1_558' title='bbox 2101 4740 2371 4813; x_wconf 68' lang='grc' dir='ltr'>ἐξέλαμψε</span> <span class='ocrx_word' id='word_1_559' title='bbox 2402 4740 2538 4809; x_wconf 72' lang='grc' dir='ltr'>φῶς,</span> <span class='ocrx_word' id='word_1_560' title='bbox 2571 4738 2715 4797; x_wconf 68' lang='grc' dir='ltr'>οὕτω</span> <span class='ocrx_word' id='word_1_561' title='bbox 2743 4740 2837 4793; x_wconf 75' lang='grc' dir='ltr'><strong>καὶ</strong></span> <span class='ocrx_word' id='word_1_562' title='bbox 2874 4739 2934 4806; x_wconf 75' lang='grc' dir='ltr'><strong>ἑξ</strong></span> <span class='ocrx_word' id='word_1_563' title='bbox 2968 4741 3229 4810; x_wconf 84' lang='grc' dir='ltr'>ἀγενήτου</span> <span class='ocrx_word' id='word_1_564' title='bbox 3258 4739 3539 4810; x_wconf 77' lang='grc' dir='ltr'>ἀγένητος.</span> <span class='ocrx_word' id='word_1_565' title='bbox 3572 4741 3664 4793; x_wconf 83' lang='grc' dir='ltr'><strong>Δεῖ</strong></span> 
     </span>
    </p>
   </div>
   <div class='ocr_carea' id='block_1_77' title="bbox 2102 4828 3680 4904">
    <p class='ocr_par' dir='ltr' id='par_1_77' title="bbox 2102 4828 3680 4904">
     <span class='ocr_line' id='line_1_77' title="bbox 2102 4828 3680 4904; baseline -0.003 -18"><span class='ocrx_word' id='word_1_566' title='bbox 2102 4835 2207 4904; x_wconf 76' lang='grc' dir='ltr'>γὰρ</span> <span class='ocrx_word' id='word_1_567' title='bbox 2232 4829 2368 4886; x_wconf 75' lang='grc' dir='ltr'>εἶναι</span> <span class='ocrx_word' id='word_1_568' title='bbox 2396 4832 2633 4885; x_wconf 81' lang='grc' dir='ltr'>τοιοῦτον</span> <span class='ocrx_word' id='word_1_569' title='bbox 2670 4831 2762 4885; x_wconf 80' lang='grc' dir='ltr'><strong>τὸν</strong></span> <span class='ocrx_word' id='word_1_570' title='bbox 2784 4831 2973 4899; x_wconf 87' lang='grc' dir='ltr'>Λόγον,</span> <span class='ocrx_word' id='word_1_571' title='bbox 3003 4830 3184 4893; x_wconf 83' lang='grc' dir='ltr'>ὁποῖός</span> <span class='ocrx_word' id='word_1_572' title='bbox 3218 4832 3331 4882; x_wconf 76' lang='grc' dir='ltr'>ἐστι</span> <span class='ocrx_word' id='word_1_573' title='bbox 3364 4828 3459 4883; x_wconf 74' lang='grc' dir='ltr'>καὶ</span> <span class='ocrx_word' id='word_1_574' title='bbox 3485 4832 3513 4883; x_wconf 93' lang='lat'><strong>6</strong></span> <span class='ocrx_word' id='word_1_575' title='bbox 3543 4846 3680 4899; x_wconf 73' lang='grc' dir='ltr'>τεν-ι</span> 
     </span>
    </p>
   </div>
   <div class='ocr_carea' id='block_1_78' title="bbox 2102 4921 3663 4996">
    <p class='ocr_par' dir='ltr' id='par_1_78' title="bbox 2102 4921 3663 4996">
     <span class='ocr_line' id='line_1_78' title="bbox 2102 4921 3663 4996; baseline -0.004 -17"><span class='ocrx_word' id='word_1_576' title='bbox 2102 4928 2269 4996; x_wconf 84' lang='grc' dir='ltr'>νήσας</span> <span class='ocrx_word' id='word_1_577' title='bbox 2301 4925 2479 4978; x_wconf 82' lang='grc' dir='ltr'>αὐτόν.</span> <span class='ocrx_word' id='word_1_578' title='bbox 2510 4923 2663 4977; x_wconf 76' lang='grc' dir='ltr'><strong>Οὕτω</strong></span> <span class='ocrx_word' id='word_1_579' title='bbox 2688 4924 2799 4994; x_wconf 79' lang='grc' dir='ltr'>γὰρ</span> <span class='ocrx_word' id='word_1_580' title='bbox 2823 4924 2888 4977; x_wconf 85' lang='grc' dir='ltr'><strong>ἂν</strong></span> <span class='ocrx_word' id='word_1_581' title='bbox 2912 4924 2973 4977; x_wconf 81' lang='grc' dir='ltr'><strong>τὸ</strong></span> <span class='ocrx_word' id='word_1_582' title='bbox 2991 4924 3090 4993; x_wconf 82' lang='grc' dir='ltr'>τῆς</span> <span class='ocrx_word' id='word_1_583' title='bbox 3118 4921 3211 4975; x_wconf 80' lang='grc' dir='ltr'>τοῦ</span> <span class='ocrx_word' id='word_1_584' title='bbox 3239 4921 3451 4993; x_wconf 84' lang='grc' dir='ltr'>Πατρὺς</span> <span class='ocrx_word' id='word_1_585' title='bbox 3477 4921 3663 4985; x_wconf 80' lang='grc' dir='ltr'>οὐσίας</span> 
     </span>
    </p>
   </div>
   <div class='ocr_carea' id='block_1_79' title="bbox 2100 5011 3663 5087">
    <p class='ocr_par' dir='ltr' id='par_1_79' title="bbox 2100 5011 3663 5087">
     <span class='ocr_line' id='line_1_79' title="bbox 2100 5011 3663 5087; baseline -0.003 -18"><span class='ocrx_word' id='word_1_586' title='bbox 2100 5018 2322 5087; x_wconf 87' lang='grc' dir='ltr'>γνήσιον</span> <span class='ocrx_word' id='word_1_587' title='bbox 2349 5014 2733 5085; x_wconf 84' lang='grc' dir='ltr'>ὲπαληθεύοιτο</span> <span class='ocrx_word' id='word_1_588' title='bbox 2762 5015 2835 5085; x_wconf 85' lang='grc' dir='ltr'>τῷ</span> <span class='ocrx_word' id='word_1_589' title='bbox 2875 5014 2935 5079; x_wconf 75' lang='grc' dir='ltr'>ἐξ</span> <span class='ocrx_word' id='word_1_590' title='bbox 2971 5012 3132 5067; x_wconf 80' lang='grc' dir='ltr'>αὐτοῦ</span> <span class='ocrx_word' id='word_1_591' title='bbox 3161 5011 3502 5082; x_wconf 84' lang='grc' dir='ltr'>γεννωμένῳ.</span> <span class='ocrx_word' id='word_1_592' title='bbox 3541 5012 3663 5065; x_wconf 80' lang='grc' dir='ltr'><strong>Κω-</strong></span> 
     </span>
    </p>
   </div>
   <div class='ocr_carea' id='block_1_80' title="bbox 2102 5101 3659 5175">
    <p class='ocr_par' dir='ltr' id='par_1_80' title="bbox 2102 5101 3659 5175">
     <span class='ocr_line' id='line_1_80' title="bbox 2102 5101 3659 5175; baseline -0.004 -15"><span class='ocrx_word' id='word_1_593' title='bbox 2102 5108 2216 5160; x_wconf 81' lang='grc' dir='ltr'>λύει</span> <span class='ocrx_word' id='word_1_594' title='bbox 2263 5106 2440 5160; x_wconf 83' lang='grc' dir='ltr'>τοίνυν</span> <span class='ocrx_word' id='word_1_595' title='bbox 2486 5106 2635 5166; x_wconf 76' lang='grc' dir='ltr'>οὐδὲν</span> <span class='ocrx_word' id='word_1_596' title='bbox 2668 5107 2782 5169; x_wconf 74' lang='grc' dir='ltr'>ἑνὸς</span> <span class='ocrx_word' id='word_1_597' title='bbox 2806 5106 2955 5169; x_wconf 79' lang='grc' dir='ltr'>ὄντος</span> <span class='ocrx_word' id='word_1_598' title='bbox 3000 5104 3092 5159; x_wconf 80' lang='grc' dir='ltr'>τοῦ</span> <span class='ocrx_word' id='word_1_599' title='bbox 3138 5106 3399 5175; x_wconf 85' lang='grc' dir='ltr'>ἀγενήτου</span> <span class='ocrx_word' id='word_1_600' title='bbox 3430 5101 3659 5173; x_wconf 76' lang='grc' dir='ltr'>Πατρὸς,</span> 
     </span>
    </p>
   </div>
   <div class='ocr_carea' id='block_1_81' title="bbox 2101 5192 3663 5269">
    <p class='ocr_par' dir='ltr' id='par_1_81' title="bbox 2101 5192 3663 5269">
     <span class='ocr_line' id='line_1_81' title="bbox 2101 5192 3663 5269; baseline -0.005 -16"><span class='ocrx_word' id='word_1_601' title='bbox 2101 5199 2364 5269; x_wconf 79' lang='grc' dir='ltr'>ἀγένητον</span> <span class='ocrx_word' id='word_1_602' title='bbox 2390 5193 2525 5251; x_wconf 74' lang='grc' dir='ltr'>εἶναι</span> <span class='ocrx_word' id='word_1_603' title='bbox 2551 5196 2643 5251; x_wconf 65' lang='grc' dir='ltr'><strong>καὶ⁹</strong></span> <span class='ocrx_word' id='word_1_604' title='bbox 2675 5198 2766 5250; x_wconf 83' lang='grc' dir='ltr'><strong>τὸν</strong></span> <span class='ocrx_word' id='word_1_605' title='bbox 2785 5196 2843 5261; x_wconf 79' lang='grc' dir='ltr'>ἐξ</span> <span class='ocrx_word' id='word_1_606' title='bbox 2871 5196 3032 5250; x_wconf 87' lang='grc' dir='ltr'><strong>αὑτοῦ</strong></span> <span class='ocrx_word' id='word_1_607' title='bbox 3055 5196 3242 5264; x_wconf 87' lang='grc' dir='ltr'>Λόγον,</span> <span class='ocrx_word' id='word_1_608' title='bbox 3259 5194 3330 5257; x_wconf 83' lang='grc' dir='ltr'>ὡς</span> <span class='ocrx_word' id='word_1_609' title='bbox 3362 5194 3419 5248; x_wconf 78' lang='grc' dir='ltr'>ἓν</span> <span class='ocrx_word' id='word_1_610' title='bbox 3445 5210 3497 5246; x_wconf 89' lang='grc' dir='ltr'><strong>τι</strong></span> <span class='ocrx_word' id='word_1_611' title='bbox 3526 5192 3663 5263; x_wconf 82' lang='grc' dir='ltr'>μετὰ</span> 
     </span>
    </p>
   </div>
   <div class='ocr_carea' id='block_1_82' title="bbox 2102 5283 3661 5363">
    <p class='ocr_par' dir='ltr' id='par_1_82' title="bbox 2102 5283 3661 5363">
     <span class='ocr_line' id='line_1_82' title="bbox 2102 5283 3661 5363; baseline -0.007 -17"><span class='ocrx_word' id='word_1_612' title='bbox 2102 5294 2311 5363; x_wconf 68' lang='grc' dir='ltr'>Πατρδς</span> <span class='ocrx_word' id='word_1_613' title='bbox 2360 5293 2453 5344; x_wconf 80' lang='grc' dir='ltr'>καὶ</span> <span class='ocrx_word' id='word_1_614' title='bbox 2485 5290 2542 5343; x_wconf 80' lang='grc' dir='ltr'>ὲν</span> <span class='ocrx_word' id='word_1_615' title='bbox 2574 5291 2748 5359; x_wconf 69' lang='grc' dir='ltr'>Πατρὶ</span> <span class='ocrx_word' id='word_1_616' title='bbox 2787 5288 3071 5358; x_wconf 81' lang='grc' dir='ltr'>νοούμενον</span> <span class='ocrx_word' id='word_1_617' title='bbox 3101 5286 3187 5338; x_wconf 80' lang='grc' dir='ltr'>διὰ</span> <span class='ocrx_word' id='word_1_618' title='bbox 3213 5287 3274 5338; x_wconf 84' lang='grc' dir='ltr'><strong>τὸ</strong></span> <span class='ocrx_word' id='word_1_619' title='bbox 3312 5286 3409 5356; x_wconf 76' lang='grc' dir='ltr'>τῆς</span> <span class='ocrx_word' id='word_1_620' title='bbox 3448 5283 3661 5354; x_wconf 81' lang='grc' dir='ltr'>φύσεως</span> 
     </span>
    </p>
   </div>
   <div class='ocr_carea' id='block_1_83' title="bbox 2100 5374 3656 5453">
    <p class='ocr_par' dir='ltr' id='par_1_83' title="bbox 2100 5374 3656 5453">
     <span class='ocr_line' id='line_1_83' title="bbox 2100 5374 3656 5453; baseline -0.007 -17"><span class='ocrx_word' id='word_1_621' title='bbox 2100 5382 2550 5453; x_wconf 77' lang='grc' dir='ltr'>ἀπαράλλακτονο</span> <span class='ocrx_word' id='word_1_622' title='bbox 2578 5378 2607 5431; x_wconf 82' lang='grc' dir='ltr'>ὃ</span> <span class='ocrx_word' id='word_1_623' title='bbox 2650 5378 2714 5445; x_wconf 81' lang='grc' dir='ltr'>δὴ</span> <span class='ocrx_word' id='word_1_624' title='bbox 2761 5378 2852 5432; x_wconf 77' lang='grc' dir='ltr'><strong>καὶ</strong></span> <span class='ocrx_word' id='word_1_625' title='bbox 2896 5376 3055 5438; x_wconf 78' lang='grc' dir='ltr'>αὐτὸς</span> <span class='ocrx_word' id='word_1_626' title='bbox 3084 5376 3210 5445; x_wconf 75' lang='grc' dir='ltr'>περὶ</span> <span class='ocrx_word' id='word_1_627' title='bbox 3246 5374 3435 5428; x_wconf 76' lang='grc' dir='ltr'>ἑαυτοῦ</span> <span class='ocrx_word' id='word_1_628' title='bbox 3466 5387 3656 5444; x_wconf 84' lang='grc' dir='ltr'>φησιν·</span> 
     </span>
    </p>
   </div>
   <div class='ocr_carea' id='block_1_84' title="bbox 2109 5463 3660 5541">
    <p class='ocr_par' dir='ltr' id='par_1_84' title="bbox 2109 5463 3660 5541">
     <span class='ocr_line' id='line_1_84' title="bbox 2109 5463 3660 5541; baseline -0.006 -16"><span class='ocrx_word' id='word_1_629' title='bbox 2109 5473 2291 5541; x_wconf 80' lang='grc' dir='ltr'>‹,Ἐγὼ</span> <span class='ocrx_word' id='word_1_630' title='bbox 2322 5471 2417 5525; x_wconf 73' lang='grc' dir='ltr'>καὶ</span> <span class='ocrx_word' id='word_1_631' title='bbox 2439 5473 2466 5524; x_wconf 92' lang='lat'><strong>6</strong></span> <span class='ocrx_word' id='word_1_632' title='bbox 2492 5472 2677 5541; x_wconf 84' lang='grc' dir='ltr'>Πατὴρ</span> <span class='ocrx_word' id='word_1_633' title='bbox 2710 5468 2767 5522; x_wconf 71' lang='grc' dir='ltr'>ἓν</span> <span class='ocrx_word' id='word_1_634' title='bbox 2798 5470 2983 5538; x_wconf 77' lang='grc' dir='ltr'>ἐσμεν,</span> <span class='ocrx_word' id='word_1_635' title='bbox 3011 5486 3030 5518; x_wconf 84' lang='grc'><strong>›</strong></span> <span class='ocrx_word' id='word_1_636' title='bbox 3060 5466 3146 5519; x_wconf 83' lang='grc' dir='ltr'>διὰ</span> <span class='ocrx_word' id='word_1_637' title='bbox 3188 5466 3283 5535; x_wconf 75' lang='grc' dir='ltr'>μὲν</span> <span class='ocrx_word' id='word_1_638' title='bbox 3311 5466 3425 5530; x_wconf 77' lang='grc' dir='ltr'>τοῦ,</span> <span class='ocrx_word' id='word_1_639' title='bbox 3453 5463 3542 5526; x_wconf 78' lang='grc' dir='ltr'><strong>ἓν,</strong></span> <span class='ocrx_word' id='word_1_640' title='bbox 3564 5464 3660 5533; x_wconf 73' lang='grc' dir='ltr'>τὴν</span> 
     </span>
    </p>
   </div>
   <div class='ocr_carea' id='block_1_85' title="bbox 2101 5555 3657 5635">
    <p class='ocr_par' dir='ltr' id='par_1_85' title="bbox 2101 5555 3657 5635">
     <span class='ocr_line' id='line_1_85' title="bbox 2101 5555 3657 5635; baseline -0.006 -19"><span class='ocrx_word' id='word_1_641' title='bbox 2101 5564 2401 5635; x_wconf 75' lang='grc' dir='ltr'>ταυτότητά</span> <span class='ocrx_word' id='word_1_642' title='bbox 2434 5561 2533 5632; x_wconf 78' lang='grc' dir='ltr'>τῆς</span> <span class='ocrx_word' id='word_1_643' title='bbox 2562 5560 2747 5625; x_wconf 77' lang='grc' dir='ltr'>οὐσίας</span> <span class='ocrx_word' id='word_1_644' title='bbox 2776 5559 3050 5631; x_wconf 83' lang='grc' dir='ltr'>σημαίνων</span> <span class='ocrx_word' id='word_1_645' title='bbox 3069 5575 3081 5588; x_wconf 72' lang='grc' dir='ltr'><strong>ο</strong></span> <span class='ocrx_word' id='word_1_646' title='bbox 3109 5557 3193 5610; x_wconf 80' lang='grc' dir='ltr'>διὰ</span> <span class='ocrx_word' id='word_1_647' title='bbox 3228 5557 3281 5610; x_wconf 82' lang='grc' dir='ltr'><strong>δὲ</strong></span> <span class='ocrx_word' id='word_1_648' title='bbox 3313 5555 3424 5623; x_wconf 75' lang='grc' dir='ltr'>τοῦ,</span> <span class='ocrx_word' id='word_1_649' title='bbox 3450 5555 3657 5625; x_wconf 78' lang='grc' dir='ltr'><strong>ἐσμὲν,</strong></span> 
     </span>
    </p>
   </div>
  </div>
