4012 6338
529 414 594 469 ῃ
1502 399 1559 456 S.
1598 394 1873 454 CYBILLI
1912 392 2381 450 ALEXANDRINI
2420 392 2741 448 ARCHIEP.
3684 399 3754 453 ΞΒ

530 536 636 595 est,
659 527 746 582 Dei
775 522 1058 596 appellatio
1092 520 1164 575 sit
1197 516 1475 581 sumenda,
1504 514 1627 569 inde
1656 514 1827 569 cuivis
1869 510 2080 581 pchpi-

2193 510 2249 563 Ei’
2275 528 2358 573 τις
2390 509 2495 581 γὰρ
2529 509 2744 579 ἐκείνην
2786 508 2884 580 τὴν
2924 507 3197 580 ἄφραστον
3242 509 3333 563 καὶ
3375 510 3755 583 ἀκατάληπτον

526 632 684 672 cuum
715 615 873 670 fuerit
900 653 916 669 .
946 610 1002 667 Si
1025 610 1143 680 quis
1173 608 1314 664 enim
1349 606 1491 660 illam
1528 603 1844 657 ineilabilem
1880 602 2083 655 incom-

530 692 1051 780 prcltensibilemque
1084 712 1332 757 naturam
1367 692 1727 761 vocct‘lleum,
1760 694 1826 747 ab
1844 709 1908 751 eo
1945 692 2084 761 quod

526 808 611 855 est
642 807 784 852 recte
812 795 1073 856 nominat,
1132 800 1185 845 et
1211 804 1333 844 cum
1369 787 1530 841 Deum
1562 786 1720 846 dixit,
1755 782 1897 836 illam
1932 790 2086 833 uatu-

530 905 645 946 ram
668 886 1006 959 signiﬁcavit.
1052 883 1110 939 Si
1144 884 1266 953 quis
1296 894 1421 934 vero
1465 877 1533 931 ab
1568 892 1633 931 eo
1665 876 1806 947 quod
1855 888 1960 928 non
2004 882 2087 928 est

522 996 651 1037 eum
683 979 959 1033 nominare
1004 973 1254 1035 voluerit,
1295 972 1633 1026 innocentem
1694 967 1776 1021 vel
1835 965 2083 1033 indepra-

529 1078 709 1123 vatutn
735 1080 855 1121 eum
881 1061 1169 1132 appellans,
1194 1073 1257 1115 eo
1292 1059 1435 1129 quod
1479 1056 1610 1111 nihil
1647 1054 1773 1109 mali
1800 1053 1882 1108 vel
1930 1054 2083 1123 pravi

532 1158 585 1213 in
607 1172 669 1213 ea
726 1155 830 1217 sit.
872 1168 1000 1209 vere
1046 1152 1258 1223 quidem
1296 1150 1516 1213 dixerit,
1558 1149 1653 1203 sed
1707 1162 1811 1202 non
1864 1144 2086 1200 omnino

534 1256 695 1301 Deum
730 1242 1078 1314 signiﬁcabit.
1130 1240 1271 1297 Sunt
1296 1238 1440 1296 enim
1476 1238 1637 1293 etiam
1670 1236 1813 1289 inter
1841 1234 2086 1299 homines

532 1336 796 1401 nonnulli,
822 1335 946 1391 mali
976 1345 1029 1391 et
1057 1332 1338 1406 pravitatis
1367 1339 1633 1400 expertes.
1655 1325 1924 1396 Ejusmodi
1956 1339 2086 1379 vero

529 1427 689 1484 etiam
722 1434 938 1482 sanctos
970 1424 1189 1494 angelos
1216 1437 1336 1479 esse
1366 1420 1657 1477 credimus.
1686 1419 1877 1475 Verius
1906 1422 2086 1487 itaque

532 1518 807 1589 magisque
852 1515 1065 1585 proprie
1091 1516 1159 1569 ab
1199 1514 1268 1569 iis
1291 1527 1411 1582 quae
1433 1520 1537 1579 est,
1567 1526 1729 1582 quam
1774 1510 1840 1566 ab
1870 1509 1937 1564 iis
1966 1524 2088 1579 qua:

530 1621 638 1664 non
655 1617 758 1674 est,
805 1600 1217 1674 signiﬁcabitur.

1118 1692 1222 1765 ιι
1260 1690 1488 1747 ALIUD.

598 1790 793 1843 Beatus
829 1786 990 1853 David
1014 1786 1258 1856 psallitet
1272 1785 1337 1838 ad
1361 1781 1554 1838 Filium
1584 1782 1744 1837 dicit:
1776 1798 1795 1833 ι
1831 1778 2082 1848 Propter-

529 1895 591 1937 ea
628 1881 783 1934 unxit
815 1887 865 1933 te
887 1876 1047 1942 Dens,
1082 1878 1221 1932 Deus
1256 1886 1379 1931 tuus
1418 1875 1536 1931 oleo
1568 1873 1945 1930 exsultationis
1976 1889 2084 1941 pra:

530 1970 881 2042 participibus
900 1970 1002 2024 tuis
1019 1952 1096 2023 δ.»
1120 1968 1174 2024 Si
1199 1983 1329 2038 ergo
1357 1968 1627 2023 diversum
1645 1976 1729 2021 est
1749 1966 1892 2036 quod
1920 1966 2087 2035 parti-

530 2062 673 2132 cipat
705 2063 773 2117 ab
794 2075 859 2116 eo
884 2061 1023 2130 quod
1054 2062 1407 2131 participatur
1436 2079 1450 2115 :
1486 2060 1631 2115 aliud
1683 2059 1825 2114 enim
1881 2058 1934 2112 in
1978 2057 2085 2111 alio

533 2149 934 2222 intelligendum
956 2159 1039 2205 est
1075 2168 1088 2203 :
1123 2148 1397 2219 particeps
1414 2148 1591 2204 autem
1629 2148 1687 2202 ﬁt
1715 2158 1964 2203 creatura
1999 2144 2087 2199 Fi-

534 2243 617 2309 lii,
650 2240 897 2298 diversus
928 2239 1169 2311 profecto
1192 2240 1355 2297 fuerit
1380 2254 1411 2296 a
1446 2248 1692 2297 creatura
1718 2253 1835 2308 qua
1860 2234 1942 2292 sui
1965 2253 2087 2307 par-

536 2336 703 2404 ticeps
726 2335 803 2393 ﬁt.
829 2334 1092 2402 Quocirca
1129 2350 1300 2405 neque
1325 2345 1559 2390 creatus.
1612 2332 1667 2389 Si
1706 2347 1835 2388 vero
1858 2346 1962 2385 non
2005 2340 2089 2385 est

531 2426 779 2482 diversus
806 2428 873 2481 ab
913 2425 999 2480 illa
1037 2425 1230 2485 Filius.
1260 2440 1445 2503 neque
1504 2424 1797 2479 secundum
1841 2430 2092 2475 naturam

534 2519 683 2575 abea
713 2520 1019 2584 distinctus,
1056 2520 1179 2589 quis
1220 2528 1303 2575 est
1332 2534 1461 2574 usus
1504 2516 1973 2589 participationis?
2008 2517 2089 2571 vel

491 2685 495 2687 Δ
533 2610 799 2681 quomodo
832 2610 952 2680 quis
971 2611 1242 2680 particeps
1272 2609 1499 2679 ﬁatejus
1532 2610 1673 2679 quod
1720 2610 1945 2679 ipsemet
1969 2609 2091 2663 est?

914 2736 1683 2829 ASSEBTIOJI.

603 2886 757 2953 Quod
782 2886 1067 2957 ingenitum
1100 2903 1200 2940 non
1227 2887 1294 2957 sit
1316 2875 1625 2951 substantia,
1658 2886 1750 2940 sed
1787 2884 2093 2940 substantia:

1123 2955 1549 3025 signiﬁcatisum.

603 3069 901 3141 lngenitum
927 3068 1079 3139 quasi
1130 3070 1451 3141 principium
1489 3078 1544 3125 et
1582 3084 1743 3126 causa
1809 3079 1861 3127 et
1892 3071 2091 3127 intelli-

2189 603 2347 672 φύσιν
2385 603 2574 671 καλοίη
2629 601 2780 665 Θεὸν,
2818 601 2911 670 ἀφ’
2946 597 3021 655 ὧν
3066 601 3212 655 ἐστιν
3246 602 3503 673 ὀνομάζει
3552 605 3753 671 καλῶς,

2186 695 2279 747 καὶ
2311 694 2441 747 Θεὸν
2478 693 2663 756 εἰπὼν,
2699 692 2914 756 πάντως
2941 694 3153 763 ἐκείνην
3183 694 3454 765 ἐσήμηνεν
3475 712 3490 727 ο
3518 699 3565 750 εί
3592 696 3646 750 δέ
3671 715 3755 761 τις

2185 788 2279 857 ἀφ’
2299 781 2373 841 ὧν
2406 788 2506 841 ούκ
2528 787 2673 841 ἔστιν
2699 788 3000 859 ἐπιχειροίη
3031 786 3314 857 σημαίνειν
3340 787 3531 857 αὐτὴν,
3550 788 3756 842 ἀκακον

2186 881 2279 935 καὶ
2302 881 2571 952 ἀπόνηρον
2606 881 2779 949 λέγων
2807 879 2895 934 διὰ
2923 880 2983 933 τὸ
3018 882 3093 951 μὴ
3122 880 3317 944 κακίαν
3344 878 3376 949 ἢ
3404 880 3668 951 πονηρίαν
3695 884 3754 935 ὲν

2185 971 2323 1041 αὐτῇ
2353 964 2524 1035 εἶναι,
2556 969 2842 1040 ἀληθεύσει
2878 968 2997 1041 μὲν,
3034 968 3148 1021 ἀλλ’
3181 968 3241 1021 οὐ
3295 968 3511 1031 πάντως
3558 967 3753 1038 μηνύει

2184 1060 2275 1114 τὸν
2296 1060 2428 1113 Θεόν
2446 1076 2461 1091 ο
2494 1061 2600 1114 eici.
2620 1060 2729 1131 γὰρ
2750 1061 2841 1114 καὶ
2867 1062 2924 1113 ὲν
2948 1058 3256 1132 ἀνθρώποις
3284 1060 3479 1114 ἀκακοι
3512 1060 3605 1113 καὶ
3625 1060 3755 1112 ἀπό·

2186 1167 2359 1222 νηροι.
2381 1151 2661 1219 Τοιούτους
2686 1151 2741 1204 δὲ
2774 1147 2915 1205 εἶναι
2949 1149 3275 1221 πιστεύομεν
3304 1152 3539 1214 καὶτοὺς
3568 1150 3755 1219 ἁγίους

2184 1243 2464 1311 ἀγγέλους.
2505 1243 2711 1297 Οὐκοῦν
2743 1245 2834 1313 ἀφ’
2864 1236 2941 1297 ὧν
2966 1244 3131 1309 ἔστιν,
3160 1243 3193 1314 ἢ
3223 1243 3315 1311 ἀφ’
3345 1236 3421 1296 ὦν
3450 1243 3551 1295 οὐκ
3586 1242 3755 1309 ἐστιν,

2185 1334 2541 1407 ἀληθιστερον
2563 1336 2656 1389 καὶ
2680 1335 3005 1406 οἰκειότερον
3034 1334 3469 1406 σημανθήσεται.

2866 1691 3073 1744 ΑΔΛΟ.

2266 1786 2323 1841 '0
2349 1787 2613 1858 μακάριος
2628 1785 2789 1840 Δασὶδ
2808 1785 3021 1856 ψάλλει,
3046 1783 3138 1838 καί
3160 1800 3293 1853 φησι
3322 1784 3457 1857 πρὸς
3475 1783 3566 1838 τὸν
3590 1783 3717 1837 Υίόν
3740 1820 3766 1838 ..

2118 1839 2159 1894 ⁸
2192 1897 2210 1931 ι
2238 1839 2538 1945 Διρίτοῡιέο
2586 1839 2767 1948 ἔχρισε
2818 1839 2877 1931 ἑτι
2915 1879 2943 1931 ι
2980 1839 3133 1941 at...
3172 1839 3387 1939 '59“;
3435 1839 3531 1928 σου
3577 1873 3757 1929 ea.»

2184 1971 2550 2041 ἀγαλλιάσεως
2597 1971 2749 2041 παρά
2793 1970 2918 2033 τοὺς
2972 1969 3230 2040 μετόχους
3265 1984 3377 2023 σου.
3409 1987 3428 2021 ι
3477 1969 3540 2022 Ei
3575 1968 3766 2022 τοίνυν

2183 2063 2368 2131 ἕτερόν
2396 2063 2447 2118 τί
2468 2063 2583 2117 ἐστι
2609 2065 2670 2118 τὸ
2702 2064 2927 2135 μετέχον
2973 2063 3119 2136 παρά
3144 2064 3205 2117 τδ
3236 2062 3763 2136 μετεχόμενονοάλλο

2186 2157 2293 2227 γὰρ
2321 2158 2379 2210 ὲν
2410 2155 2555 2227 ἀλλῳ
2587 2156 2824 2211 νοεῖσθαι
2862 2157 2989 2227 χρήο
3025 2155 3239 2227 μετέχει
3281 2155 3337 2209 δὲ
3382 2156 3415 2226 ὴ
3451 2154 3629 2217 κτίσις
3661 2152 3758 2207 τού

2187 2247 2340 2312 Tini,
2371 2246 2557 2319 ἕτερος
2582 2246 2648 2300 ἂν
2680 2246 2764 2317 εἴη
2796 2246 2947 2316 παρὰ
2964 2247 3063 2316 τήν
3091 2245 3425 2315 μετέχουσαν
3449 2243 3614 2297 αὑτοῦ
3636 2244 3757 2297 κτίο

2189 2355 2304 2392 σιν·
2338 2338 2535 2393 οὐκοῦν
2578 2338 2698 2392 οὐδὲ
2746 2338 2987 2409 γενητός.
3025 2338 3087 2391 Et
3139 2337 3198 2390 δὲ
3244 2338 3344 2390 οὐκ
3391 2337 3538 2389 ἐστιν
3570 2335 3763 2407 ἔτερος

2188 2432 2317 2503 παρ’
2346 2432 2562 2502 ἐκείνην
2582 2434 2610 2485 6
2641 2431 2782 2495 Υἱὸς,
2815 2431 2910 2484 καὶ
2932 2430 3072 2483 κατά
3102 2429 3263 2499 φύσιν
3294 2429 3461 2499 αὐτῆς
3491 2425 3757 2499 διῃρημέ-

2188 2540 2295 2587 νος,
2331 2522 2415 2585 τίς
2456 2523 2490 2593 ἡ
2534 2522 2691 2593 χρεία
2716 2522 2815 2591 τῆς
2849 2521 3118 2591 μετοχῆς;
3154 2518 3185 2591 ἢ
3224 2519 3342 2583 πῶς
3367 2519 3432 2572 ἀν
3466 2536 3547 2583 τις
3588 2516 3763 2589 μετά-

2191 2629 2307 2685 σχοι
2333 2611 2426 2669 τοῦ
2455 2614 2591 2685 ὅπερ
2615 2612 2762 2666 ἐστὶν
2800 2610 2994 2677 αύτό;;

2702 2736 3063 2821 ΛΟΓΟΣ
3137 2738 3247 2819 Βυ.

2287 2895 2410 2949 ’Ότι
2443 2890 2511 2945 τὸ
2547 2890 2842 2962 ἀγένητον
2878 2893 2987 2945 οὐκ
3024 2891 3228 2955 οὐσία,
3267 2890 3409 2946 ἀλλ’
3446 2890 3661 2957 οὐσίας

2777 2962 3168 3031 σημαντικόν.

2260 3080 2332 3134 Τὸ
2377 3078 2642 3149 ἀγένητον
2684 3076 2759 3140 ὠς
2805 3075 2948 3147 ἀρχὴ
2999 3074 3093 3128 καὶ
3140 3073 3313 3128 αἴτιον
3343 3072 3545 3126 νοεῖται
3573 3090 3631 3127 τε
3665 3073 3764 3126 καὶ

534 3161 677 3233 gitur
702 3169 757 3216 et
784 3168 885 3215 est.
917 3158 1130 3214 Nullum
1158 3171 1334 3215 autem
1372 3161 1713 3231 principium,
1755 3163 1807 3217 in
1831 3176 2087 3234 quantum

2193 3171 2354 3225 ἐστιν.
2396 3169 2636 3239 Οὐδεμία
2662 3168 2719 3221 δὲ
2743 3166 2903 3237 ἀρχὴ,
2936 3166 3069 3219 καθὸ
3115 3166 3253 3237 ἀρχή
3290 3168 3457 3237 ἐστιν,
3490 3164 3672 3235 ὅμοιόν
3706 3182 3759 3217 τι

538 3251 859 3325 principium
915 3260 1022 3319 est,
1074 3251 1249 3307 simile
1298 3252 1500 3321 aliquid
1536 3253 1744 3322 sibiipsi
1794 3265 1887 3308 aut
1937 3256 2095 3309 dissi-

538 3344 663 3400 mile
694 3344 979 3415 signiﬁcat.
1004 3343 1075 3399 At
1105 3358 1233 3399 vero
1258 3359 1358 3398 vox
1395 3345 1531 3406 haec,
1570 3345 1879 3414 ingenitum,
1928 3347 2095 3417 signi.

538 3436 663 3492 ﬁcat
691 3435 743 3492 id
777 3435 919 3506 quod
953 3445 1195 3490 creatum
1245 3444 1347 3499 est,
1400 3435 1659 3492 dissimile
1702 3438 1803 3492 sibi
1835 3452 1987 3503 esse;
2013 3448 2095 3494 est

535 3528 680 3584 enim
720 3528 822 3584 hoc
852 3529 899 3585 ei
930 3530 1257 3599 oppositum.
1305 3526 1420 3583 Non
1454 3536 1536 3595 est
1589 3527 1752 3598 igitur
1794 3530 2092 3600 ingenitum

537 3620 861 3687 substantia,
895 3619 991 3676 sed
1025 3620 1379 3676 substantiam
1416 3621 1501 3675 cui
1535 3620 1827 3691 Opponitur
1868 3636 1972 3676 non
2019 3621 2093 3676 ita

537 3728 597 3772 se
628 3714 832 3771 habere
850 3714 1140 3786 signiﬁcat.

1194 3802 1425 3862 ALIUD.

607 3897 760 3967 Quod
792 3897 1006 3967 quidem
1036 3896 1331 3967 ingenitum
1361 3896 1659 3952 substantia
1701 3912 1804 3953 non
1848 3897 1937 3962 sit,
1977 3901 2093 3969 jam

538 3999 812 4044 ostensum
847 3999 951 4045 est.
984 3988 1089 4044 Sed
1120 3990 1261 4044 dicet
1327 3989 1562 4045 forsitan
1608 3990 1823 4060 aliquis,
1848 3991 2095 4045 substan-

540 4080 667 4134 tiam
701 4080 916 4148 quidem
948 4094 1051 4135 non
1091 4094 1233 4146 esse,
1273 4080 1369 4136 sed
1416 4079 1793 4137 differentiam.
1828 4080 2094 4137 Caeterum

537 4172 699 4227 etiam
740 4172 840 4226 hoc
872 4170 1105 4228 absurde
1137 4170 1318 4228 dicere
1354 4173 1690 4228 ostendetur.
1716 4171 1773 4227 Si
1801 4172 1944 4227 enim
1976 4186 2095 4227 om-

540 4263 625 4318 nis
646 4261 944 4319 ditferentia
987 4263 1132 4319 circa
1183 4264 1510 4319 substantias
1562 4263 1641 4331 ﬁt,
1687 4264 1977 4334 quaarcnda
2011 4270 2097 4319 est

538 4354 866 4419 substantia,
895 4353 1051 4424 cujus
1075 4342 1378 4409 differentia
1399 4354 1471 4409 sit
1502 4354 1821 4425 ingenitum.
1852 4354 2096 4424 Exempli

540 4444 731 4515 gratia,
757 4443 982 4500 deﬁnias
1012 4443 1210 4499 animal
1245 4445 1348 4501 boc
1380 4454 1537 4515 pacto
1569 4462 1583 4499 :
1618 4444 1927 4500 substantia
1974 4446 2095 4501 ani-

2195 3264 2356 3333 ἑαυτῇ
2410 3262 2442 3333 ἢ
2490 3262 2741 3331 ἀνόμοιον
2790 3258 3139 3330 σημαίνει.Ἥ
3184 3257 3239 3309 δὲ
3284 3254 3572 3325 ἀγένητος
3607 3254 3765 3325 φωνὴ

2197 3353 2447 3424 σημαίνει
2480 3352 2540 3405 τὸ
2578 3351 2801 3422 γενητὸν
2832 3350 3079 3419 ἀνόμοιον
3112 3347 3355 3417 ὑπάρχον
3387 3345 3535 3415 αὐτῷ
3556 3363 3570 3376 ·
3603 3342 3771 3397 τοῦτο

2194 3448 2301 3517 γὰρ
2330 3446 2389 3499 τὸ
2421 3444 2813 3513 ἀντικείμενον.
2848 3442 2961 3494 Ούκ
3006 3440 3115 3511 ἄρα
3158 3438 3221 3492 τὸ
3267 3438 3531 3507 ἀγένητον
3578 3434 3756 3492 οὐσία.

2194 3538 2331 3591 ἀλλὰ
2377 3536 2468 3590 τοῦ
2517 3536 2591 3606 μὴ
2641 3532 2863 3587 τοιῶσδι
2911 3528 3049 3585 εἶναι
3080 3530 3178 3602 τὴν
3206 3529 3411 3595 οὐσίαν,
3447 3526 3569 3583 καθ’
3597 3523 3665 3599 ἧς
3693 3525 3763 3580 ἂν

2193 3631 2438 3686 τάττοιτο
2467 3628 2531 3683 τὸ
2562 3625 2915 3700 σημαντικόν.

2873 3808 3075 3863 AAAO.

2264 3905 2387 3959 Ὅτι
2436 3905 2534 3976 μὶν
2576 3903 2680 3957 οὐκ
2719 3900 2876 3955 οὐσία
2928 3900 2988 3953 τὸ
3036 3897 3317 3969 ἀγένητον,
3349 3896 3447 3969 ἤδη
3472 3897 3771 3951 δέδεικται..

2206 3998 2344 4052 Ἀλλ’
2377 3998 2490 4068 ἐρεῖ
2517 4012 2599 4061 τις
2625 3994 2804 4064 τυχὸν,
2832 3992 3016 4045 οὐσίαν
3049 3991 3147 4062 μὲν
3172 3990 3271 4043 οὐκ
3296 3984 3454 4054 εἶναι,
3498 3987 3775 4059 διαφορὰν.

2192 4090 2248 4143 δέ.
2272 4109 2283 4119 ·
2319 4087 2545 4159 ἀμαθῶς
2572 4085 2628 4138 δὲ
2647 4087 2739 4137 καὶ
2763 4083 2921 4137 τοῦτο
2941 4083 3113 4152 λέγων
3133 4080 3541 4152 ἐλεγχθήσεται.
3567 4080 3629 4132 Εἰ
3651 4078 3760 4149 γὰρ

2195 4182 2342 4234 πᾶσα
2375 4177 2605 4249 διαφορὰ
2636 4176 2764 4246 περὶ
2791 4176 2889 4238 τάς
2914 4174 3101 4237 οὐσίας
3130 4173 3365 4241 γίνεται,
3387 4171 3569 4242 ζητεῖν
3598 4168 3761 4237 ἀνάτ-

2194 4291 2294 4344 κης
2325 4272 2390 4324 ἂν
2411 4272 2494 4340 εῐη
2517 4270 2615 4339 τὴν
2641 4268 2850 4333 οὐσίαν,
2873 4262 2940 4339 ἧς
2968 4265 3362 4335 ἐσταιδιαφορά
3392 4265 3449 4317 τὸ
3476 4263 3767 4333 ἀγένητον..

2194 4360 2473 4434 οἴον.φέρε
2501 4363 2692 4425 εἰπεῖν,
2725 4359 2963 4431 ὁρίζεται
2988 4357 3126 4423 ζῶον
3148 4356 3224 4429 τῷ
3248 4356 3437 4428 τοιῷδε
3466 4356 3636 4426 λόγῳ·
3656 4353 3762 4408 06-

2196 4456 2285 4510 σία
2317 4454 2554 4525 ἔμψυχος
2593 4449 2905 4520 αἰσθητικὴ.
2938 4448 3072 4517 Περὶ
3117 4448 3320 4517 ταύτην
3365 4445 3465 4516 τὴν
3506 4443 3693 4497 οὐσίαν
3726 4443 3771 4513 ἡκ

537 4543 681 4589 mata
710 4549 870 4589 sensu
896 4534 1149 4604 praedita.
1174 4532 1328 4588 Circa
1366 4534 1507 4588 hanc
1547 4534 1906 4589 substantiam
1935 4534 2089 4591 tliﬁ'e—

2193 4524 2421 4616 διαφορά
2447 4544 2675 4611 γίνεται.
2698 4541 2771 4595 Τδ
2806 4540 2905 4611 μὲν
2932 4538 3040 4609 γάρ
3073 4539 3189 4590 ἔστι
3217 4536 3353 4602 ζῶον
3372 4534 3607 4603 λογικὸν,
3632 4533 3775 4602 θνη-.

542 4626 712 4682 rentia
746 4626 827 4681 ﬁt.
852 4620 1006 4681 Aliud
1028 4627 1169 4681 enim
1204 4626 1402 4681 animal
1430 4626 1690 4681 rationale
1712 4636 1813 4693 est,
1839 4626 2090 4690 mortale,

540 4716 903 4786 intelligentia
940 4726 995 4772 et
1040 4718 1276 4773 scientia:
1321 4733 1513 4785 capax,
1564 4727 1623 4772 ut
1677 4719 1859 4773 homo.
1934 4718 2090 4773 Aliud

538 4809 738 4864 animal
768 4809 1097 4876 irrationale,
1143 4820 1202 4864 ut
1245 4826 1436 4880 equus.
1470 4810 1864 4880 Prmsupposita
1911 4811 2092 4880 itaque

540 4899 874 4965 substantia,
926 4898 1241 4957 diﬁ‘ereutia:
1311 4911 1494 4972 postea
1548 4903 1968 4957 constituuntur.
2034 4901 2091 4957 Si

540 5006 672 5060 ergo
724 4992 1018 5061 ingenitum
1072 4990 1377 5047 differentia
1439 5004 1541 5059 est,
1611 4992 1887 5064 quzeratur
1929 4996 2093 5051 etiam

541 5082 868 5146 substantia,
892 5079 1045 5149 cujus
1076 5084 1179 5137 erit
1219 5081 1546 5139 diﬁ'erentia.
1598 5084 1902 5140 Absurdum
1950 5086 2095 5139 enim

541 5181 624 5227 cst
685 5169 1043 5227 dilerentiam
1076 5175 1389 5229 substantiae
1413 5176 1677 5230 rationem
1710 5177 1975 5231 obtinere.

1216 5266 1440 5323 ALIUD.

618 5356 674 5411 Si
700 5357 992 5428 ingeriitnm
1022 5359 1322 5414 substantia
1344 5369 1448 5428 est,
1471 5374 1644 5429 neque
1675 5360 2091 5431 signiﬁcativum

548 5448 687 5513 quod
715 5448 763 5501 id
790 5448 855 5503 de
887 5464 992 5519 quo
1018 5449 1215 5505 dicitur
1254 5452 1492 5521 genitum
1533 5467 1638 5506 non
1688 5454 1780 5515 sit,
1833 5455 2100 5521 quomodo

2191 4637 2304 4701 τὸν,
2334 4634 2425 4689 νοῦ
2470 4634 2564 4689 καὶ
2597 4634 2905 4701 ἐπιστήμης
2952 4629 3214 4695 δεκτικὸν,
3239 4622 3349 4682 οἷον
3376 4631 3404 4681 6
3434 4627 3720 4699 ἄνθρωπος
3742 4643 3757 4657 ’

2191 4728 2253 4782 τὸ
2299 4727 2357 4781 δὲ
2378 4725 2514 4792 ζῶον
2551 4724 2765 4792 ἄλογον,
2802 4717 2911 4777 οἷον
2942 4722 3129 4784 ἵππος.
3164 4718 3394 4784 Οὐκοῦν,
3427 4722 3762 4789 προϋποκει-

2196 4820 2359 4893 μένης
2388 4818 2485 4888 τῆς
2517 4814 2724 4881 οὐσίας,
2751 4816 2807 4868 αἱ
2855 4814 3113 4887 διαφοραὶ
3164 4811 3661 4885 προσεπινοοῦνται.
3699 4811 3760 4863 Ei

2191 4911 2369 4967 τοίνυν
2412 4907 2643 4979 διαφορά
2688 4908 2749 4961 τὸ
2790 4906 3072 4976 ἀγένητον,
3104 4904 3370 4976 ζητείσθω
3402 4903 3495 4957 καὶ
3525 4905 3554 4973 ἡ
3582 4902 3759 4962 οὐσία,

2192 5001 2335 5067 τίνος
2370 5000 2521 5054 ἔσται
2550 4999 2807 5069 διαφορά·
2844 4998 3123 5068 ἀμήχανον
3168 4994 3277 5066 γὰρ
3317 4995 3505 5057 οὐσίας
3535 4990 3762 5064 φορέσαι

2192 5094 2349 5163 λόχον
2377 5091 2475 5163 τὴν
2509 5089 2792 5160 διαφοράν.

2893 5261 3096 5316 AAAO.

2270 5359 2334 5414 El
2370 5330 2431 5411 Et
2473 5356 2735 5426 ἀγένητον
2767 5352 2943 5417 οὐσία,
2974 5352 3068 5405 καὶ
3115 5351 3176 5405 οὐ
3219 5348 3313 5404 τοῦ
3354 5351 3427 5421 μὴ
3470 5350 3765 5423 γενηθῆναι

2206 5449 2534 5520 σημαντικόν
2574 5449 2711 5514 ἐστι,
2743 5444 2882 5499 κατὰ
2906 5442 3024 5497 τίνα
3052 5444 3251 5515 τρόπον
3289 5445 3317 5497 6
3356 5444 3482 5507 Υἱὸς
3515 5444 3766 5513 ἀνόμοιος

551 5536 718 5593 Filius
740 5539 1015 5595 dissimilis
1060 5542 1165 5597 erit
1213 5540 1381 5607 Patri,
1424 5558 1547 5599 cum
1603 5559 1672 5600 ex
1727 5545 1843 5612 ipso
1892 5546 2090 5613 genitus

2206 5544 2358 5597 ἔσται
2382 5540 2460 5611 τῷ
2488 5539 2681 5612 Πατρὶ,
2704 5535 2975 5608 γεννητῶς
2999 5536 3257 5607 ὑπάρχων
3278 5535 3337 5599 ἐξ
3364 5534 3549 5599 αὐτοῦ;
3577 5536 3639 5589 El
3658 5534 3766 5605 γὰρ

550 5629 658 5686 sit?
685 5630 815 5685 Nam
846 5633 890 5687 si
926 5632 1042 5688 bare
1065 5634 1279 5689 nomina
1310 5634 1511 5690 nullum
1538 5635 1678 5691 inter
1706 5650 1766 5692 se
1812 5637 2100 5692 discrimen

629 5811 663 5843 ἐ
681 5814 822 5867 l'sal.
857 5831 999 5882 λων,
1030 5818 1081 5871 9.

2213 5637 2287 5706 μή
2317 5650 2439 5687 τινα
2471 5630 2717 5702 διαφορεῖ
2740 5629 2808 5684 τά
2833 5627 3068 5698 ὀνόματα
3096 5628 3232 5698 πρὸς
3259 5627 3459 5697 ἄλληλα
3488 5626 3584 5699 τὴν
3617 5627 3765 5682 ἀντι-
