4012 6338
368 400 430 457 3i
1383 393 1442 449 S.
1483 386 1763 448 CYRILLI
1800 382 2270 442 ΑιεΧΑΝωιιΝι
2309 382 2629 440 ARCHIEP.
3552 388 3624 443 S’l
3678 384 3679 387 “

370 520 546 575 debet.
585 516 642 574 Si
672 531 800 588 ergo
824 516 1250 574 substantiarum
1289 509 1631 568 deﬁnitiones
1670 524 1776 563 non
1807 520 1941 562 con-

2084 504 2449 559 ατατάττοιτο.
2488 505 2551 557 Ei
2595 504 2773 558 τοίνυν
2817 506 2866 559 οι
2910 503 3019 557 τῶν
3059 503 3256 557 οὐσιῶν
3290 502 3406 574 ὅροι
3434 499 3532 555 οὐκ
3561 502 3625 555 ὲκ

368 616 517 664 stant
538 622 604 664 ex
625 608 941 679 aquivocis,
971 622 1147 677 neque
1170 620 1237 662 ex
1271 603 1522 659 terminis
1550 601 1731 657 varias
1773 600 1942 670 signi-

374 699 649 755 ﬁcationes
676 699 997 755 habentibus
1019 683 1236 768 (neque
1263 694 1408 751 enim
1441 692 1492 748 id
1516 693 1659 762 quod
1688 691 1943 747 deﬁnitur

373 789 747 860 explicabitur,
778 789 823 845 si
850 804 914 846 ex
952 790 1016 844 iis
1059 785 1324 855 constet),
1355 785 1576 855 ingeniti
1636 797 1767 839 vero
1816 798 1941 848 vos,

375 886 435 933 ut
469 881 627 934 modo
654 879 911 946 diximus,
950 878 1225 948 mquivoca
1265 885 1350 934 est
1389 894 1404 932 :
1440 881 1590 931 certe
1639 874 1942 945 ingenitum

376 968 615 1026 deﬁnitio
642 984 762 1026 esse
792 984 896 1024 non
927 978 1125 1040 potest.

1046 1078 1203 1162 aut;
1216 1079 1276 1134 ο.

450 1193 505 1248 Si
541 1209 734 1249 nomen
761 1194 878 1249 sive
906 1208 1007 1248 vox
1055 1193 1295 1262 ingeniti,
1336 1190 1583 1255 deﬁnitio
1614 1198 1720 1255 est,
1764 1191 1948 1249 susci-

380 1287 490 1355 piet
521 1282 761 1356 proiecto
784 1286 938 1355 juxta
988 1284 1252 1341 rationem
1283 1283 1683 1347 deﬁnitionum,
1717 1296 1945 1336 conver-

381 1376 603 1432 sionem.
634 1376 809 1439 Veluti
837 1377 880 1431 si
909 1376 1031 1446 quis
1060 1376 1333 1431 hominem
1351 1375 1632 1436 deﬁniens,
1656 1374 1802 1428 dicat
1828 1386 1949 1428 esse

382 1464 581 1519 animal
612 1464 891 1528 rationale,
914 1450 1169 1541 mortale,
1233 1464 1602 1535 intelligentiae
1668 1471 1725 1519 et
1775 1464 1949 1519 scien-

384 1557 471 1609 tia:
500 1569 702 1624 capax;
748 1557 951 1627 poterit
993 1558 1097 1612 hoc
1153 1556 1326 1625 ipsum
1375 1570 1567 1613 rursus
1605 1562 1945 1623 convertere,

383 1646 607 1701 dicens:
641 1646 695 1701 Si
731 1647 874 1716 quod
912 1648 1108 1702 animal
1138 1658 1222 1703 est
1265 1647 1548 1715 rationale,
1582 1646 1833 1711 mortale,
1867 1648 1949 1701 in-

2042 596 2151 649 τῶν
2202 595 2528 667 ὁμωνύμων,
2575 596 2683 650 οὐδ’
2720 598 2784 651 ὲκ
2835 597 2944 650 τῶν
2991 596 3274 666 πολλαχῶς
3316 593 3621 665 νοουμένων

2044 688 2408 757 λαμϐάνονται
2442 687 2591 758 (οὐδὲ
2625 686 2734 758 γάρ
2782 687 2937 741 ἔσται
2988 686 3156 756 σαφὲς
3187 685 3249 747 τὸ
3289 683 3624 754 ὁριζόμενον,

2045 781 2093 832 εί
2139 782 2203 833 ἐκ
2248 778 2454 833 τούτων
2499 778 2873 849 λαμϐάνοιτο),
2925 780 2959 849 ή
3013 778 3069 831 δὲ
3115 765 3401 847 ἀγένητος
3453 772 3618 844 φωνὴ,

2044 870 2293 944 καθάπερ
2320 872 2419 943 ήδη
2450 869 2802 943 προείπομεν,
2840 871 2950 925 τῶν
2982 870 3292 942 ὁμωνύμων
3328 868 3500 932 ἐστὶν,
3527 866 3625 918 οὑγ

2048 962 2113 1016 ἀν
2142 963 2226 1035 ετη
2254 964 2375 1033 ὄρος
2410 961 2471 1015 τὸ
2497 962 2791 1034 ἀγένητον.

2737 1077 2941 1130 ΑΔΛΟ.

2116 1188 2178 1242 El
2205 1189 2327 1261 ὅρος
2355 1188 2469 1242 ἐστὶ
2501 1189 2561 1242 τδ
2583 1188 2911 1258 ἀγέννητος
2937 1188 3107 1259 ὄνομα
3136 1187 3255 1257 ήτοι
3279 1186 3450 1256 φωνὴ,
3488 1184 3633 1250 δέξε-

2047 1298 2137 1333 ται
2162 1281 2404 1351 δηλονότι
2433 1282 2576 1353 κατά
2602 1281 2663 1334 τὸ
2694 1280 2801 1334 τῶν
2826 1282 2967 1352 ὅρων
3004 1280 3189 1351 σχῆμα
3218 1279 3317 1349 τὴν
3349 1280 3633 1348 ἀντιστρο-

2050 1374 2184 1442 φήν’
2220 1371 2410 1444 ῶσπερ
2456 1373 2509 1426 ετ
2553 1390 2639 1436 τις
2686 1372 2778 1426 τὸν
2825 1370 3109 1443 ἄνθρωπον
3155 1369 3373 1441 ὁρίζων,
3418 1370 3493 1429 ὡς
3545 1367 3632 1437 Ern

2051 1463 2187 1528 ζῶον
2233 1463 2469 1533 λογικὸν,
2503 1464 2714 1535 Θνητδν,
2750 1463 2843 1519 νοῦ
2880 1464 2974 1518 καὶ
3008 1463 3321 1533 ἐπιστήμης
3360 1460 3629 1524 δεκτικὸν,

2050 1554 2420 1625 ἀντιστρέφων
2455 1554 2618 1609 πάλιν
2655 1556 2786 1609 αὐτὸ
2812 1555 2993 1623 λέγοι·
3025 1555 3093 1610 Ei
3125 1572 3209 1617 τις
3233 1552 3371 1617 ζῶον
3395 1550 3635 1620 λογικὸν.

2052 1645 2263 1717 θνητὸν,
2300 1647 2391 1701 νοῦ
2441 1648 2537 1701 καὶ
2570 1648 2885 1718 ἐπιστήμης
2919 1647 3187 1711 δεκτικὸν,
3224 1645 3385 1699 τοῦτο
3417 1645 3637 1708 πάντως

386 1735 691 1805 telligentia:
712 1748 765 1790 et
788 1737 1029 1792 scientia:
1053 1753 1244 1808 capax,
1276 1738 1328 1793 id
1350 1737 1762 1794 omnino-etiam
1790 1735 1953 1793 homo

2082 1737 2151 1792 :al.
2185 1737 2487 1807 ἄνθρωπος.
2518 1739 2581 1791 El
2605 1739 2781 1792 τοίνυν
2817 1738 2875 1792 τὸ
2902 1738 3187 1810 ἀγένητον,
3239 1737 3494 1807 καθάπερ
3521 1735 3637 1806 ἤδη

383 1834 487 1880 est.
521 1825 853 1897 Quapropter
878 1829 923 1886 si
960 1829 1256 1901 ingenitum
1285 1830 1468 1901 (sicut
1494 1831 1652 1889 modo
1678 1828 1948 1901 diximus)

2082 1828 2407 1901 ιροείπομεν,
2432 1830 2557 1899 ὅρος
2580 1830 2715 1893 ἐστὶ,
2742 1828 2816 1899 μή
2841 1829 3214 1900 παραιτείσθω
3230 1829 3329 1898 τὴν
3358 1829 3640 1897 ἀντιστρο-

384 1914 626 1971 deﬁnitio
693 1927 819 1985 est,
848 1934 917 1975 ne
964 1930 1179 1978 recuset
1210 1923 1640 1979 conversionem.
1692 1920 1750 1977 Si
1801 1923 1947 1978 enim

2082 1924 2197 1992 ιήνο
2250 1921 2299 1973 εί
2348 1920 2456 1992 γὰρ
2495 1921 2555 1973 τὸ
2588 1920 2848 1991 ἀγένητον
2878 1920 3053 1984 οὐσία,
3087 1921 3180 1973 καὶ
3230 1921 3262 1989 ὴ
3304 1920 3461 1972 οὐσία
3506 1917 3639 1985 ἀγέ-

386 2008 678 2077 ingenitum
711 2005 1013 2067 substantia
1046 2021 1130 2068 est
1171 2031 1186 2067 :
1221 2013 1519 2070 substantia
1548 2014 1713 2070 etiam
1755 2022 1840 2068 est
1865 2014 1951 2067 iu-

2082 2031 2245 2085 ιητον’
2298 2013 2414 2067 ἀλλ’
2454 2014 2553 2066 οὐκ
2603 2015 2972 2085 ἀντιστρέφει.
3016 2016 3089 2068 Οὐ
3132 2014 3240 2086 γὰρ
3290 2014 3439 2067 πᾶσα
3481 2010 3639 2066 οὐσία

386 2098 644 2167 genitum,
681 2102 775 2156 sed
821 2117 925 2157 non
966 2106 1320 2160 convertitur.
1367 2104 1555 2175 Neque
1598 2106 1743 2161 enim
1778 2104 1953 2161 omnis

2082 2106 2273 2168 πάντως
2301 2104 2419 2157 ἐστὶ
2456 2105 2550 2158 καὶ
2597 2104 2860 2176 ἀγένητος
2880 2121 2895 2136 ο
2929 2105 3079 2177 ’μὸνῳ
3110 2107 3165 2159 δὲ
3196 2106 3315 2177 Θεῷ
3357 2104 3478 2159 κατ’
3504 2102 3644 2167 ἐξαί-

386 2189 685 2245 substantia
739 2193 792 2246 in
847 2194 1154 2250 universum
1203 2197 1365 2250 etiam
1416 2196 1652 2266 ingenita
1686 2204 1800 2262 est;
1850 2194 1952 2251 soli

2082 2211 2213 2247 ›ετον
2243 2191 2398 2247 τοῦτὸ
2426 2194 2771 2266 ἐστιν.”ορος
2798 2189 2891 2248 οὖν
2916 2195 3016 2248 οὐκ
3046 2194 3112 2248 ἂν
3144 2196 3225 2267 εἴη
3256 2195 3316 2247 τὸ
3342 2194 3605 2264 ἀγένητον
3624 2207 3638 2221 ·

386 2281 527 2333 enim
560 2282 666 2336 Deo
715 2284 814 2339 hoc
846 2286 1113 2354 peculiare
1148 2297 1249 2342 est.
1300 2283 1417 2341 Non
1454 2296 1537 2342 est
1581 2304 1709 2357 ergo
1754 2302 1947 2341 nomen

2055 2286 2172 2347 ἀλλ’
2201 2286 2283 2339 ὅτι
2319 2285 2394 2357 μὴ
2420 2284 2715 2356 γεγένηται
2748 2285 2907 2355 μόνον
2940 2286 3216 2357 σημαίνει.

388 2372 608 2439 ὶιιεεηὶιί
636 2374 874 2430 deﬁnitio
907 2394 922 2430 :
956 2377 1050 2432 sed
1079 2386 1283 2433 tantum
1319 2395 1425 2434 non
1450 2393 1572 2436 esse
1599 2380 1851 2450 genitum
1873 2377 2168 2449 signiﬁcat.

760 2504 1022 2594 ASSE
1047 2507 1328 2599 BT10
1407 2509 1596 2596 Ill.

392 2648 660 2707 Refutruio
708 2653 779 2706 ad
815 2654 1043 2719 verbum,
1083 2656 1221 2725 quod
1268 2656 1554 2725 ingenitum
1600 2674 1702 2711 non
1730 2658 1799 2711 sit
1843 2660 1960 2712 sub-

461 2724 678 2788 stantia,
708 2725 796 2776 sed
842 2732 1047 2777 tantum
1093 2724 1345 2795 signiﬁcet
1386 2726 1554 2781 Deum
1588 2728 1823 2799 genitum
1856 2745 1960 2783 non

459 2806 586 2845 εαε.

462 2900 519 2958 Si
556 2905 847 2974 ingenitum
897 2908 1194 2962 substantia
1223 2920 1329 2973 est,
1375 2921 1431 2965 et
1464 2911 1783 2967 substantia;
1826 2912 1961 2967 nihil

394 3002 477 3047 est
511 2996 866 3061 contrarium,
902 2997 1035 3050 nihil
1080 2998 1184 3052 erit
1226 2999 1461 3069 ingenito
1505 3001 1854 3055 contrarium.
1898 2999 1957 3055 Si

393 3100 524 3139 vero
582 3088 909 3141 contrarium
964 3098 1045 3142 est
1094 3090 1333 3160 ingenito
1371 3092 1609 3167 genitum
1638 3132 1653 3157 ,
1699 3093 1955 3146 substauc

2575 2498 2939 2586 ΛΟΓΟΣ
3013 2501 3123 2585 Γ“.

2079 2653 2766 2725 'Axo.loﬂq_abt_01s£si,
2798 2656 2886 2709 ὅτι
2909 2656 2994 2724 μὴ
3022 2656 3087 2708 τὸ
3120 2654 3414 2725 ἀγένητον
3440 2656 3643 2715 οὐσία.

2132 2723 2325 2846 μέζον
2355 2722 2423 2775 δέ
2454 2723 2561 2779 τοῦ
2583 2724 2669 2795 μὴ
2703 2722 3005 2795 γεγονέναι
3038 2725 3143 2779 τὸν
3169 2722 3335 2792 Θεὸν,
3364 2742 3646 2795 σημαντι-

2140 2810 2179 2845 κ
2256 2830 2270 2845 .

2140 2810 2270 2845 κον.

2140 2905 2202 2956 Εί
2240 2904 2301 2957 τὸ
2336 2905 2600 2974 ἀγένητον
2635 2905 2813 2973 οὐσία,
2848 2909 2912 2978 τῇ
2940 2908 2996 2959 δὲ
3022 2908 3180 2978 οὐσίᾳ
3206 2907 3356 2960 οὐδὲν
3386 2908 3647 2974 ἐναντίον,

2068 2992 2217 3045 οὐδὲν
2266 2994 2374 3064 ἀρα
2427 2993 2579 3047 ἔσται
2611 2994 2686 3064 τῷ
2717 2996 2967 3066 ἀγενήτῳ
3012 2997 3271 3050 ἐναντίον.
3303 2997 3365 3049 Ei
3402 2997 3459 3049 δέ
3504 2998 3650 3050 ἐστιν

2064 3084 2304 3137 ἐναντίον
2355 3084 2431 3155 τῷ
2464 3086 2711 3157 ἀγενήτῳ
2745 3086 2806 3138 τὸ
2843 3088 3086 3157 γενητὸν,
3128 3091 3194 3157 τῇ
3224 3088 3278 3141 δὲ
3307 3089 3463 3160 οὐσίᾳ
3500 3090 3651 3142 οὐδὲν

400 3176 485 3228 tiu:
524 3185 700 3231 autem
752 3180 883 3233 nihil
928 3182 1296 3249 contrarium,
1354 3184 1654 3253 ingenitum
1702 3202 1805 3242 non
1855 3189 1961 3243 erit

2082 3173 2328 3240 lzvat‘rriov,
2359 3174 2420 3227 τὸ
2457 3175 2720 3246 ἀγένητον
2754 3177 2859 3230 οὐκ
2880 3176 3030 3231 ἔσται
3067 3178 3245 3231 οὐσία.

397 3268 716 3325 substantia.

994 3363 1096 3433 17
1138 3363 1371 3421 ALIUD.

472 3465 529 3522 Si
553 3468 844 3539 ingenitum
878 3482 962 3527 est
987 3474 1305 3543 substantia,
1333 3479 1645 3535 necessario
1674 3480 1838 3537 etiam
1871 3498 1969 3553 ge-

400 3558 569 3613 nitum
596 3562 698 3616 erit
736 3561 1033 3618 substantia
1074 3582 1087 3617 :
1123 3566 1166 3621 si
1198 3582 1325 3623 vero
1358 3576 1648 3641 utrumque
1692 3581 1776 3627 est
1836 3576 1967 3629 sub-

2753 3360 2959 3414 ΑΛΛΟ.

2140 3474 2204 3527 El
2246 3473 2309 3529 τὸ
2345 3473 2613 3545 ἀγένητον
2659 3475 2838 3543 οὐσία,
2891 3475 2949 3542 ἐξ
2993 3476 3238 3547 ἀνάγκης
3282 3476 3432 3530 ἔσται
3468 3477 3561 3530 καὶ
3593 3477 3653 3530 τὸ

2069 3565 2296 3636 γενητὸν
2322 3565 2478 3620 οὐσία
2500 3582 2515 3598 ·
2545 3568 2594 3619 εἰ
2624 3565 2681 3619 δὲ
2704 3566 2862 3620 οὐσία
2894 3566 3151 3637 ἑκάτερα,
3196 3569 3296 3621 οὐκ
3327 3568 3478 3621 ἔσται
3502 3571 3653 3621 ἐναν-

400 3654 621 3717 stantia,
654 3670 757 3707 nou
792 3657 894 3710 erit
923 3659 1253 3713 contrarium
1280 3660 1515 3731 ingenito
1549 3664 1809 3730 genitum,
1873 3668 1961 3721 sed

2082 3657 2182 3710 τίον
2220 3657 2298 3728 τῷ
2334 3659 2584 3729 ἀγενήτῳ
2612 3658 2672 3711 τὸ
2724 3660 2972 3728 γενητὸν,
3015 3659 3153 3714 ἀλλὰ
3198 3662 3415 3714 ταυτὸν.
3443 3662 3516 3714 Οὐ
3545 3661 3654 3731 γὰρ

401 3741 561 3796 idem.
596 3742 782 3815 Neque
809 3746 950 3811 enim
980 3748 1281 3804 substantia
1337 3752 1653 3809 substantia:
1689 3758 1962 3817 contraria

397 3843 501 3887 est.

1060 3954 1295 4011 ALIUD.

474 4058 527 4117 Si
571 4058 863 4129 ingenitum
922 4064 1279 4120 subStautiam
1344 4066 1435 4123 Dei
1506 4066 1797 4137 significat,
1861 4085 1966 4124 non

400 4163 531 4204 vero
562 4158 709 4207 notat
732 4153 1083 4209 substantiam
1114 4158 1349 4228 genitam
1404 4173 1507 4214 non
1532 4174 1671 4222 esse,
1732 4161 1969 4229 genitum

404 4255 617 4311 quoque
641 4243 892 4299 similiter
917 4250 1273 4309 substantiam
1350 4250 1692 4319 signiﬁcabit,
1752 4266 1853 4305 nec
1880 4268 1973 4319 ge-

407 4336 574 4391 nitum
606 4354 726 4395 esse
747 4338 974 4393 notabit.
1006 4338 1140 4393 Cum
1170 4350 1349 4394 autem
1383 4349 1672 4410 utrumque
1722 4342 1974 4396 substan-

409 4430 533 4482 tiam
560 4429 842 4498 signiﬁcet,
872 4431 1322 4502 undecognoscct
1392 4432 1513 4502 quis
1580 4433 1804 4488 alteram
1854 4436 1976 4505 qui—

2070 3751 2307 3805 ὲναντίον
2331 3751 2489 3805 οὐσία
2521 3751 2657 3822 πρὸς
2685 3750 2890 3806 οὐσίαν.

2751 3948 2953 4005 ΑΛΛΟ.

2142 4061 2204 4114 Εί
2237 4061 2296 4115 τὸ
2338 4061 2598 4132 ἀγένητον
2637 4062 2825 4115 οὐσίαν
2866 4059 3002 4114 Θεοῦ
3037 4060 3309 4131 σημαίνει,
3336 4060 3451 4117 ἀλλ’
3498 4061 3558 4114 οὗ
3596 4061 3655 4113 τὸ

2074 4154 2147 4225 μὴ
2182 4155 2433 4224 γενέσθαι
2462 4156 2559 4226 τὴν
2592 4156 2801 4220 οὐσίαν,
2839 4157 2931 4208 καὶ
2971 4155 3030 4208 τὸ
3055 4156 3279 4226 γενητὸν
3307 4157 3531 4220 είκὸτως
3566 4158 3655 4210 οὑ-

2075 4247 2216 4312 σίαν,
2245 4247 2361 4301 ἀλλ’
2393 4249 2452 4299 οὑ
2499 4246 2561 4299 τὸ
2600 4247 2874 4317 γενέσθαι.
2924 4248 3127 4301 Οὐσίαν
3178 4249 3236 4301 δὲ
3279 4249 3655 4319 σημαινόντων

2076 4337 2371 4408 ἑκατέρων,
2404 4338 2567 4391 πόθεν
2608 4338 2720 4409 γνῷ
2768 4358 2850 4402 τις
2895 4339 2994 4411 τὴν
3026 4341 3122 4410 μὲν
3155 4339 3435 4405 ποιοῦσαν,
3470 4341 3566 4411 τὴν
3598 4339 3656 4393 δὲ

2073 4426 2383 4497 γινομένην,
2430 4426 2575 4493 ἅπαξ
2632 4427 2739 4480 τῶν
2786 4426 3070 4495 ὀνομάτων
3126 4426 3279 4480 οὐδὲν
3330 4425 3652 4496 δηλούντων,

405 4522 525 4575 dem
548 4522 875 4592 gignentem,
900 4522 1122 4577 alteram
1151 4524 1404 4594 genitam,
1431 4539 1549 4579 cum
1599 4527 1814 4582 nomina
1839 4528 1961 4583 nilti}

2082 4516 2189 4570 ἀλλ’
2222 4518 2255 4588 ἢ
2296 4518 2454 4588 μόνον
2488 4517 2710 4583 οὐσίαν;

406 4611 710 4683 signiﬁcent
740 4612 839 4667 nisi
863 4613 1259 4668 substantiam?
1782 4617 1836 4664 δ

1070 4720 1301 4779 ALIUD.

478 4836 536 4892 Si
566 4837 860 4907 ingenitum
885 4836 1185 4892 substantia
1216 4845 1317 4900 est,
1346 4835 1654 4892 substantia
1703 4848 1884 4891 autem
1912 4838 1977 4892 de

406 4928 657 4984 omnibus
706 4928 935 4982 univoce
988 4927 1226 4983 dicitur:
1281 4927 1577 4997 ingenitum
1632 4929 1695 4982 de
1722 4929 1974 4982 omnibus

408 5021 722 5076 substantiis
748 5019 973 5084 dicetur,
999 5029 1091 5073 aut
1113 5020 1178 5074 de
1238 5019 1488 5073 omnibus
1532 5035 1649 5089 qum
1678 5020 1779 5073 sub
1844 5020 1976 5088 ipsis

409 5121 553 5167 sunt.
588 5109 642 5165 Si
662 5112 1099 5181 veroingenitum
1125 5111 1189 5166 de
1217 5112 1467 5166 omnibus
1498 5126 1602 5166 non
1632 5111 1976 5181 praedicatur,

410 5203 707 5267 substantia
734 5213 914 5257 autem
940 5202 1006 5257 de
1032 5204 1282 5258 omnibus
1305 5242 1319 5269 ,
1350 5218 1456 5273 quo
1483 5213 1641 5273 pacto
1667 5219 1829 5257 unum
1865 5204 1979 5259 fue-

414 5297 521 5351 rint
550 5298 847 5351 substantia
877 5306 932 5351 et
956 5296 1298 5368 ingenitum?

1076 5405 1305 5462 ALIUD.

486 5522 541 5577 Si
570 5521 865 5592 ingenitum
895 5520 1196 5581 substantia
1220 5529 1324 5587 est,
1378 5520 1431 5575 in
1493 5522 1790 5577 substantia
1849 5537 1983 5577 vero

416 5632 520 5670 non
546 5615 691 5669 cadit
729 5613 897 5684 magis
923 5623 975 5669 et
1039 5616 1239 5679 minus,
1322 5628 1428 5668 non
1481 5616 1587 5671 erit
1643 5617 1746 5670 bac
1775 5616 1984 5669 ratione

418 5708 587 5774 magis
614 5708 924 5778 ingenitum,
957 5709 1051 5764 sed
1085 5723 1257 5779 neque
1286 5709 1461 5763 minus
1493 5706 1644 5777 quid.
1686 5707 1741 5761 Si
1799 5715 1979 5761 autem

417 5799 595 5855 Omnia
625 5802 832 5857 excedit
862 5801 1177 5871 ingenitum,
1245 5814 1578 5871 nequaquam
1626 5813 1751 5854 vero
1818 5798 1980 5854 etiam

2768 4723 2970 4781 MAG.

2148 4838 2211 4892 Εί
2242 4836 2589 4908 τδηάγένητον
2610 4837 2857 4907 οὐσία·ή
2895 4837 2951 4891 δὲ
2978 4837 3131 4891 οὐσία
3170 4838 3260 4892 ἐπὶ
3290 4840 3505 4895 πάντων
3532 4845 3658 4895 συν-

2077 4928 2309 4999 ωνύμως
2350 4929 2600 4997 λέγεται·
2665 4928 2726 4981 τὸ
2770 4929 3027 4999 ἀγένητον
3068 4931 3159 4983 ἐπὶ
3204 4930 3391 4987 πασῶν
3422 4933 3529 4985 τῶν
3562 4935 3659 4987 οὑ-

2080 5019 2211 5071 σιῶν
2240 5018 2584 5089 λεχθήσεται,
2618 5018 2651 5088 ἢ
2684 5019 2776 5072 ἐπὶ
2824 5020 3038 5072 πάντων
3074 5019 3181 5074 τῶν
3216 5022 3307 5073 ὑπ’
3342 5021 3555 5086 αὐταῖς.
3594 5025 3658 5076 Ei

2079 5109 2226 5161 δὲτὸ
2274 5111 2536 5180 ἀγένητον
2566 5111 2657 5162 ἐπὶ
2700 5110 2915 5163 πάντων
2957 5112 3019 5162 οὐ
3074 5115 3480 5181 κατηγορεῖται,
3529 5113 3563 5183 ή
3603 5113 3661 5166 δὲ

2080 5200 2235 5255 οὐσία
2268 5202 2359 5253 ἐπὶ
2398 5202 2632 5267 πάντων,
2670 5201 2785 5265 πῶς
2812 5201 3008 5257 ταυτὸν
3036 5202 3192 5256 οὐσία
3225 5204 3317 5257 καὶ
3361 5203 3655 5272 ἀγένητονο

2760 5406 2964 5460 ΔΛΛΟ.

2155 5522 2215 5574 Εἰ
2247 5521 2304 5573 τὸ
2349 5521 2611 5589 ἀγένητον
2656 5520 2831 5584 οὐσία,
2862 5522 3018 5575 οὐσία
3068 5523 3122 5576 δὲ
3175 5525 3360 5588 οὐσίας
3407 5525 3505 5577 οὐκ
3544 5523 3659 5576 ἐστι

2089 5613 2286 5684 μᾶλλον
2314 5613 2408 5665 καὶ
2455 5608 2635 5683 ἦττον,
2672 5613 2769 5665 οὐκ
2812 5613 2961 5667 ἔσται
3002 5616 3141 5669 κατὰ
3170 5617 3326 5669 τοῦτο
3371 5616 3569 5685 μᾶλλον
3599 5613 3662 5666 τὸ

2088 5707 2370 5775 ἀγένητον,
2423 5705 2535 5757 ἀλλ’
2570 5705 2689 5758 οὐδὲ
2720 5701 2880 5776 ἦττὸν
2912 5725 2964 5759 τι
3014 5707 3199 5763 αὐτοῦ.
3250 5709 3313 5761 Ei
3343 5709 3396 5760 δὲ
3443 5708 3661 5761 πάντων

2092 5800 2184 5870 μὲν
2220 5797 2473 5869 ὑπερέχει
2519 5797 2578 5851 τὸ
2632 5798 2912 5870 ἀγένητον,
2951 5800 3132 5854 οὐκέτι
3165 5799 3218 5853 δὲ
3266 5801 3355 5854 καὶ
3394 5802 3424 5866 ἡ
3468 5798 3656 5852 οὐσία·
