  <div class='ocr_page' id='page_1' title='image "/cluster/home/n/w/nwhite01/storage/ocr_20150623/75/pst.000005712748/024.png"; bbox 0 0 4012 6338; ppageno 0'>
   <div class='ocr_carea' id='block_1_1' title="bbox 270 446 338 501">
    <p class='ocr_par' dir='ltr' id='par_1_1' title="bbox 270 446 338 501">
     <span class='ocr_line' id='line_1_1' title="bbox 270 446 338 501; baseline -0.059 0"><span class='ocrx_word' id='word_1_1' title='bbox 270 446 338 501; x_wconf 75' lang='lat'><strong>5&#39;5</strong></span> 
     </span>
    </p>
   </div>
   <div class='ocr_carea' id='block_1_2' title="bbox 1682 384 1887 463">
    <p class='ocr_par' dir='ltr' id='par_1_2' title="bbox 1682 408 1887 463">
     <span class='ocr_line' id='line_1_2' title="bbox 1682 408 1887 463; baseline -0.01 0"><span class='ocrx_word' id='word_1_2' title='bbox 1682 416 1712 463; x_wconf 81' lang='grc' dir='ltr'><strong>ἰ</strong></span> <span class='ocrx_word' id='word_1_3' title='bbox 1730 408 1887 463; x_wconf 68' lang='grc' dir='ltr'><strong>118δέ</strong></span> 
     </span>
    </p>
   </div>
   <div class='ocr_carea' id='block_1_3' title="bbox 2009 384 3554 463">
    <p class='ocr_par' dir='ltr' id='par_1_3' title="bbox 2016 384 3554 459">
     <span class='ocr_line' id='line_1_3' title="bbox 2016 384 3554 459; baseline -0.01 -2"><span class='ocrx_word' id='word_1_4' title='bbox 2016 402 2125 459; x_wconf 90' lang='lat' dir='ltr'><strong>US.</strong></span> <span class='ocrx_word' id='word_1_5' title='bbox 3481 384 3554 442; x_wconf 67' lang='grc'><strong>54</strong></span> 
     </span>
    </p>
   </div>
   <div class='ocr_carea' id='block_1_4' title="bbox 270 511 1887 629">
    <p class='ocr_par' dir='ltr' id='par_1_4' title="bbox 270 531 1867 629">
     <span class='ocr_line' id='line_1_4' title="bbox 270 531 1867 629; baseline -0.021 -13"><span class='ocrx_word' id='word_1_6' title='bbox 270 566 318 617; x_wconf 77' lang='grc' dir='ltr'>ιι</span> <span class='ocrx_word' id='word_1_7' title='bbox 340 560 399 615; x_wconf 65' lang='grc' dir='ltr'><strong>δὲ</strong></span> <span class='ocrx_word' id='word_1_8' title='bbox 434 558 532 629; x_wconf 80' lang='grc' dir='ltr'><strong>μὴ,</strong></span> <span class='ocrx_word' id='word_1_9' title='bbox 560 555 746 608; x_wconf 81' lang='grc' dir='ltr'>πάντα</span> <span class='ocrx_word' id='word_1_10' title='bbox 772 550 991 605; x_wconf 79' lang='grc' dir='ltr'>πάντων</span> <span class='ocrx_word' id='word_1_11' title='bbox 1028 542 1281 615; x_wconf 69' lang='grc' dir='ltr'>ὑπερέξει</span> <span class='ocrx_word' id='word_1_12' title='bbox 1307 557 1319 571; x_wconf 78' lang='grc' dir='ltr'><strong>ο</strong></span> <span class='ocrx_word' id='word_1_13' title='bbox 1354 538 1453 593; x_wconf 78' lang='grc' dir='ltr'>οὐκ</span> <span class='ocrx_word' id='word_1_14' title='bbox 1486 535 1594 608; x_wconf 81' lang='grc' dir='ltr'><strong>ἀρα</strong></span> <span class='ocrx_word' id='word_1_15' title='bbox 1626 534 1777 586; x_wconf 76' lang='grc' dir='ltr'>ἔσται</span> <span class='ocrx_word' id='word_1_16' title='bbox 1805 531 1867 583; x_wconf 83' lang='grc' dir='ltr'>τὸ</span> 
     </span>
    </p>
   </div>
   <div class='ocr_carea' id='block_1_5' title="bbox 2009 511 3556 629">
    <p class='ocr_par' dir='ltr' id='par_1_5' title="bbox 2009 511 3556 587">
     <span class='ocr_line' id='line_1_5' title="bbox 2009 511 3556 587; baseline -0.01 -6"><span class='ocrx_word' id='word_1_17' title='bbox 2009 522 2313 581; x_wconf 81' lang='lat' dir='ltr'><strong>abstantia:</strong></span> <span class='ocrx_word' id='word_1_18' title='bbox 2366 517 2564 587; x_wconf 83' lang='lat' dir='ltr'><strong>alioqui</strong></span> <span class='ocrx_word' id='word_1_19' title='bbox 2616 516 2800 573; x_wconf 82' lang='lat' dir='ltr'><strong>omnia</strong></span> <span class='ocrx_word' id='word_1_20' title='bbox 2871 512 3204 585; x_wconf 64' lang='lat' dir='ltr'><strong>praestabunt</strong></span> <span class='ocrx_word' id='word_1_21' title='bbox 3264 511 3556 570; x_wconf 85' lang='lat' dir='ltr'><strong>omnibus:</strong></span> 
     </span>
    </p>
   </div>
   <div class='ocr_carea' id='block_1_6' title="bbox 284 645 747 722">
    <p class='ocr_par' dir='ltr' id='par_1_6' title="bbox 284 645 747 722">
     <span class='ocr_line' id='line_1_6' title="bbox 284 645 747 722; baseline -0.026 -14"><span class='ocrx_word' id='word_1_22' title='bbox 284 654 530 722; x_wconf 72' lang='grc' dir='ltr'>ἰγινητον</span> <span class='ocrx_word' id='word_1_23' title='bbox 562 645 747 699; x_wconf 83' lang='grc' dir='ltr'>οὐσία.</span> 
     </span>
    </p>
   </div>
   <div class='ocr_carea' id='block_1_7' title="bbox 962 751 1163 806">
    <p class='ocr_par' dir='ltr' id='par_1_7' title="bbox 962 751 1163 806">
     <span class='ocr_line' id='line_1_7' title="bbox 962 751 1163 806; baseline -0.02 1"><span class='ocrx_word' id='word_1_24' title='bbox 962 751 1163 806; x_wconf 74' lang='lat' dir='ltr'><strong>AAAO.</strong></span> 
     </span>
    </p>
   </div>
   <div class='ocr_carea' id='block_1_8' title="bbox 346 852 1863 943">
    <p class='ocr_par' dir='ltr' id='par_1_8' title="bbox 346 852 1863 943">
     <span class='ocr_line' id='line_1_8' title="bbox 346 852 1863 943; baseline -0.018 -11"><span class='ocrx_word' id='word_1_25' title='bbox 346 878 409 933; x_wconf 82' lang='grc' dir='ltr'>Εί</span> <span class='ocrx_word' id='word_1_26' title='bbox 442 876 504 929; x_wconf 77' lang='grc' dir='ltr'>τὸ</span> <span class='ocrx_word' id='word_1_27' title='bbox 534 875 800 943; x_wconf 78' lang='grc' dir='ltr'>ἀγένητον</span> <span class='ocrx_word' id='word_1_28' title='bbox 848 868 1035 923; x_wconf 86' lang='grc' dir='ltr'>οὐσίαν</span> <span class='ocrx_word' id='word_1_29' title='bbox 1068 862 1202 918; x_wconf 84' lang='grc' dir='ltr'><strong>Θεοῦ</strong></span> <span class='ocrx_word' id='word_1_30' title='bbox 1249 859 1526 932; x_wconf 75' lang='grc' dir='ltr'><strong>σημαίνει,</strong></span> <span class='ocrx_word' id='word_1_31' title='bbox 1569 854 1684 909; x_wconf 80' lang='grc' dir='ltr'>ἀλλ’</span> <span class='ocrx_word' id='word_1_32' title='bbox 1714 852 1773 907; x_wconf 89' lang='grc' dir='ltr'>οὐ</span> <span class='ocrx_word' id='word_1_33' title='bbox 1803 853 1863 905; x_wconf 78' lang='grc' dir='ltr'>τὸ</span> 
     </span>
    </p>
   </div>
   <div class='ocr_carea' id='block_1_9' title="bbox 278 944 1862 1043">
    <p class='ocr_par' dir='ltr' id='par_1_9' title="bbox 278 944 1862 1043">
     <span class='ocr_line' id='line_1_9' title="bbox 278 944 1862 1043; baseline -0.03 -14"><span class='ocrx_word' id='word_1_34' title='bbox 278 974 356 1043; x_wconf 81' lang='grc' dir='ltr'><strong>μὴ</strong></span> <span class='ocrx_word' id='word_1_35' title='bbox 388 968 661 1037; x_wconf 75' lang='grc' dir='ltr'>γενέσθαι,</span> <span class='ocrx_word' id='word_1_36' title='bbox 715 962 995 1030; x_wconf 81' lang='grc' dir='ltr'><strong>ὀνομάτων</strong></span> <span class='ocrx_word' id='word_1_37' title='bbox 1031 955 1179 1026; x_wconf 81' lang='grc' dir='ltr'><strong>αὐτῷ</strong></span> <span class='ocrx_word' id='word_1_38' title='bbox 1225 953 1425 1023; x_wconf 80' lang='grc' dir='ltr'>ἐτέρων</span> <span class='ocrx_word' id='word_1_39' title='bbox 1449 947 1607 1021; x_wconf 78' lang='grc' dir='ltr'>χρεία</span> <span class='ocrx_word' id='word_1_40' title='bbox 1643 945 1749 997; x_wconf 69' lang='grc' dir='ltr'><strong>τῶν</strong></span> <span class='ocrx_word' id='word_1_41' title='bbox 1771 944 1862 996; x_wconf 83' lang='grc' dir='ltr'><strong>δυ-</strong></span> 
     </span>
    </p>
   </div>
   <div class='ocr_carea' id='block_1_10' title="bbox 285 1036 1865 1134">
    <p class='ocr_par' dir='ltr' id='par_1_10' title="bbox 285 1036 1865 1134">
     <span class='ocr_line' id='line_1_10' title="bbox 285 1036 1865 1134; baseline -0.02 -16"><span class='ocrx_word' id='word_1_42' title='bbox 285 1036 529 1134; x_wconf 47' lang='grc' dir='ltr'><strong>ίκιξιένων</strong></span> <span class='ocrx_word' id='word_1_43' title='bbox 574 1058 764 1123; x_wconf 83' lang='grc' dir='ltr'>δεῖξαι,</span> <span class='ocrx_word' id='word_1_44' title='bbox 802 1056 862 1109; x_wconf 81' lang='grc' dir='ltr'>τὸ</span> <span class='ocrx_word' id='word_1_45' title='bbox 899 1054 973 1125; x_wconf 80' lang='grc' dir='ltr'><strong>μὴ</strong></span> <span class='ocrx_word' id='word_1_46' title='bbox 1007 1052 1070 1105; x_wconf 78' lang='grc' dir='ltr'><strong>ἐκ</strong></span> <span class='ocrx_word' id='word_1_47' title='bbox 1096 1064 1241 1111; x_wconf 82' lang='grc' dir='ltr'>τινος</span> <span class='ocrx_word' id='word_1_48' title='bbox 1266 1044 1441 1100; x_wconf 86' lang='grc' dir='ltr'>αίτίου</span> <span class='ocrx_word' id='word_1_49' title='bbox 1474 1038 1728 1110; x_wconf 79' lang='grc' dir='ltr'>γενέσθαι</span> <span class='ocrx_word' id='word_1_50' title='bbox 1772 1036 1865 1134; x_wconf 68' lang='grc' dir='ltr'><strong>τον</strong></span> 
     </span>
    </p>
   </div>
   <div class='ocr_carea' id='block_1_11' title="bbox 278 1127 1867 1219">
    <p class='ocr_par' dir='ltr' id='par_1_11' title="bbox 278 1127 1867 1219">
     <span class='ocr_line' id='line_1_11' title="bbox 278 1127 1867 1219; baseline -0.019 -11"><span class='ocrx_word' id='word_1_51' title='bbox 278 1127 434 1209; x_wconf 60' lang='grc' dir='ltr'>Θεον.</span> <span class='ocrx_word' id='word_1_52' title='bbox 460 1151 646 1215; x_wconf 75' lang='grc' dir='ltr'>Ἀπαξ</span> <span class='ocrx_word' id='word_1_53' title='bbox 670 1149 778 1219; x_wconf 84' lang='grc' dir='ltr'><strong>γὰρ</strong></span> <span class='ocrx_word' id='word_1_54' title='bbox 806 1146 867 1199; x_wconf 81' lang='grc' dir='ltr'>τὸ</span> <span class='ocrx_word' id='word_1_55' title='bbox 895 1144 1158 1213; x_wconf 73' lang='grc' dir='ltr'>ἀγένητον</span> <span class='ocrx_word' id='word_1_56' title='bbox 1188 1137 1283 1193; x_wconf 81' lang='grc' dir='ltr'>τοῦ</span> <span class='ocrx_word' id='word_1_57' title='bbox 1321 1134 1456 1189; x_wconf 82' lang='grc' dir='ltr'>Θεοῦ</span> <span class='ocrx_word' id='word_1_58' title='bbox 1486 1131 1640 1187; x_wconf 78' lang='grc' dir='ltr'>οὐδὲν</span> <span class='ocrx_word' id='word_1_59' title='bbox 1668 1127 1867 1199; x_wconf 80' lang='grc' dir='ltr'><strong>σημαί-</strong></span> 
     </span>
    </p>
   </div>
   <div class='ocr_carea' id='block_1_12' title="bbox 279 1232 1185 1315">
    <p class='ocr_par' dir='ltr' id='par_1_12' title="bbox 279 1232 1185 1315">
     <span class='ocr_line' id='line_1_12' title="bbox 279 1232 1185 1315; baseline -0.011 -15"><span class='ocrx_word' id='word_1_60' title='bbox 279 1264 382 1315; x_wconf 81' lang='grc' dir='ltr'>νει,</span> <span class='ocrx_word' id='word_1_61' title='bbox 409 1245 525 1301; x_wconf 79' lang='grc' dir='ltr'>ἀλλ’</span> <span class='ocrx_word' id='word_1_62' title='bbox 556 1246 591 1313; x_wconf 78' lang='grc' dir='ltr'><strong>ἢ</strong></span> <span class='ocrx_word' id='word_1_63' title='bbox 628 1242 787 1313; x_wconf 84' lang='grc' dir='ltr'>μόνον</span> <span class='ocrx_word' id='word_1_64' title='bbox 817 1238 1006 1293; x_wconf 85' lang='grc' dir='ltr'>οὐσίαν</span> <span class='ocrx_word' id='word_1_65' title='bbox 1028 1232 1185 1290; x_wconf 76' lang='grc' dir='ltr'>Θεοῦ.</span> 
     </span>
    </p>
   </div>
   <div class='ocr_carea' id='block_1_13' title="bbox 985 1438 1187 1493">
    <p class='ocr_par' dir='ltr' id='par_1_13' title="bbox 985 1438 1187 1493">
     <span class='ocr_line' id='line_1_13' title="bbox 985 1438 1187 1493; baseline -0.015 0"><span class='ocrx_word' id='word_1_66' title='bbox 985 1438 1187 1493; x_wconf 76' lang='grc' dir='ltr'><strong>ᾹΛΑΟ.</strong></span> 
     </span>
    </p>
   </div>
   <div class='ocr_carea' id='block_1_14' title="bbox 358 1538 1873 1638">
    <p class='ocr_par' dir='ltr' id='par_1_14' title="bbox 358 1538 1873 1638">
     <span class='ocr_line' id='line_1_14' title="bbox 358 1538 1873 1638; baseline -0.02 -15"><span class='ocrx_word' id='word_1_67' title='bbox 358 1570 420 1624; x_wconf 75' lang='lat' dir='ltr'><strong>Ei</strong></span> <span class='ocrx_word' id='word_1_68' title='bbox 449 1571 483 1638; x_wconf 80' lang='grc' dir='ltr'>ἠ</span> <span class='ocrx_word' id='word_1_69' title='bbox 516 1562 675 1619; x_wconf 88' lang='grc' dir='ltr'>οὐσία</span> <span class='ocrx_word' id='word_1_70' title='bbox 697 1559 790 1614; x_wconf 81' lang='grc' dir='ltr'><strong>τοῦ</strong></span> <span class='ocrx_word' id='word_1_71' title='bbox 818 1554 954 1609; x_wconf 76' lang='grc' dir='ltr'>Θεοῦ</span> <span class='ocrx_word' id='word_1_72' title='bbox 987 1544 1044 1605; x_wconf 74' lang='grc' dir='ltr'>ἓν</span> <span class='ocrx_word' id='word_1_73' title='bbox 1072 1550 1123 1604; x_wconf 91' lang='grc' dir='ltr'>τί</span> <span class='ocrx_word' id='word_1_74' title='bbox 1152 1550 1323 1609; x_wconf 72' lang='grc' dir='ltr'>ἐστιν,</span> <span class='ocrx_word' id='word_1_75' title='bbox 1355 1545 1470 1600; x_wconf 82' lang='grc' dir='ltr'>ἀλλ’</span> <span class='ocrx_word' id='word_1_76' title='bbox 1502 1544 1562 1597; x_wconf 86' lang='grc' dir='ltr'><strong>οὐ</strong></span> <span class='ocrx_word' id='word_1_77' title='bbox 1590 1540 1760 1595; x_wconf 82' lang='grc' dir='ltr'>πολλά</span> <span class='ocrx_word' id='word_1_78' title='bbox 1794 1538 1873 1608; x_wconf 87' lang='grc' dir='ltr'><strong>τῷ</strong></span> 
     </span>
    </p>
   </div>
   <div class='ocr_carea' id='block_1_15' title="bbox 287 1631 1875 1733">
    <p class='ocr_par' dir='ltr' id='par_1_15' title="bbox 287 1631 1875 1733">
     <span class='ocr_line' id='line_1_15' title="bbox 287 1631 1875 1733; baseline -0.02 -17"><span class='ocrx_word' id='word_1_79' title='bbox 287 1631 531 1733; x_wconf 54' lang='grc' dir='ltr'>ἀριθμῷ,</span> <span class='ocrx_word' id='word_1_80' title='bbox 561 1656 623 1709; x_wconf 70' lang='grc' dir='ltr'>τὸ</span> <span class='ocrx_word' id='word_1_81' title='bbox 674 1653 743 1707; x_wconf 49' lang='grc' dir='ltr'><strong>δὲν</strong></span> <span class='ocrx_word' id='word_1_82' title='bbox 781 1648 983 1717; x_wconf 75' lang='grc' dir='ltr'>ἀγένητ</span> <span class='ocrx_word' id='word_1_83' title='bbox 1031 1662 1063 1708; x_wconf 82' lang='grc' dir='ltr'><strong>ι,</strong></span> <span class='ocrx_word' id='word_1_84' title='bbox 1106 1637 1205 1695; x_wconf 74' lang='grc' dir='ltr'><strong>καὶ</strong></span> <span class='ocrx_word' id='word_1_85' title='bbox 1252 1637 1625 1698; x_wconf 78' lang='grc' dir='ltr'>ἀϐασίλευτον,</span> <span class='ocrx_word' id='word_1_86' title='bbox 1680 1632 1776 1733; x_wconf 67' lang='grc' dir='ltr'><strong>καὶ</strong></span> <span class='ocrx_word' id='word_1_87' title='bbox 1805 1631 1875 1684; x_wconf 84' lang='grc' dir='ltr'>τὰ</span> 
     </span>
    </p>
   </div>
   <div class='ocr_carea' id='block_1_16' title="bbox 287 1720 1874 1813">
    <p class='ocr_par' dir='ltr' id='par_1_16' title="bbox 287 1720 1874 1813">
     <span class='ocr_line' id='line_1_16' title="bbox 287 1720 1874 1813; baseline -0.023 -6"><span class='ocrx_word' id='word_1_88' title='bbox 287 1720 717 1813; x_wconf 51' lang='grc' dir='ltr'>λὰπὰξάυλλά,</span> <span class='ocrx_word' id='word_1_89' title='bbox 759 1738 873 1794; x_wconf 77' lang='grc' dir='ltr'>ἀλλ’</span> <span class='ocrx_word' id='word_1_90' title='bbox 909 1736 1005 1805; x_wconf 88' lang='grc' dir='ltr'><strong>οὐχ</strong></span> <span class='ocrx_word' id='word_1_91' title='bbox 1056 1732 1113 1786; x_wconf 79' lang='grc' dir='ltr'>ἓν</span> <span class='ocrx_word' id='word_1_92' title='bbox 1166 1730 1243 1801; x_wconf 82' lang='grc' dir='ltr'>τῷ</span> <span class='ocrx_word' id='word_1_93' title='bbox 1290 1725 1543 1799; x_wconf 79' lang='grc' dir='ltr'>ἀριθμῷ·</span> <span class='ocrx_word' id='word_1_94' title='bbox 1590 1725 1690 1776; x_wconf 86' lang='grc' dir='ltr'><strong>οὐκ</strong></span> <span class='ocrx_word' id='word_1_95' title='bbox 1723 1720 1874 1813; x_wconf 77' lang='grc' dir='ltr'>ἔσται</span> 
     </span>
    </p>
   </div>
   <div class='ocr_carea' id='block_1_17' title="bbox 290 1812 1877 1914">
    <p class='ocr_par' dir='ltr' id='par_1_17' title="bbox 290 1812 1877 1914">
     <span class='ocr_line' id='line_1_17' title="bbox 290 1812 1877 1914; baseline -0.022 -15"><span class='ocrx_word' id='word_1_96' title='bbox 290 1844 398 1914; x_wconf 74' lang='grc' dir='ltr'>ἄρα</span> <span class='ocrx_word' id='word_1_97' title='bbox 426 1838 624 1894; x_wconf 82' lang='grc' dir='ltr'>ταυτὸν</span> <span class='ocrx_word' id='word_1_98' title='bbox 648 1838 681 1902; x_wconf 82' lang='grc' dir='ltr'>ἠ</span> <span class='ocrx_word' id='word_1_99' title='bbox 713 1832 873 1886; x_wconf 88' lang='grc' dir='ltr'>οὐσία</span> <span class='ocrx_word' id='word_1_100' title='bbox 900 1828 979 1899; x_wconf 79' lang='grc' dir='ltr'>τῷ</span> <span class='ocrx_word' id='word_1_101' title='bbox 1011 1825 1261 1895; x_wconf 76' lang='grc' dir='ltr'><strong>ἀγενήτῳ</strong></span> <span class='ocrx_word' id='word_1_102' title='bbox 1290 1821 1385 1875; x_wconf 78' lang='grc' dir='ltr'><strong>καὶ</strong></span> <span class='ocrx_word' id='word_1_103' title='bbox 1414 1814 1772 1883; x_wconf 79' lang='grc' dir='ltr'>ἀὸασιλεύτῳ,</span> <span class='ocrx_word' id='word_1_104' title='bbox 1801 1812 1877 1875; x_wconf 81' lang='grc' dir='ltr'>ὡς</span> 
     </span>
    </p>
   </div>
   <div class='ocr_carea' id='block_1_18' title="bbox 287 1922 984 1989">
    <p class='ocr_par' dir='ltr' id='par_1_18' title="bbox 287 1922 984 1989">
     <span class='ocr_line' id='line_1_18' title="bbox 287 1922 984 1989; baseline -0.026 1"><span class='ocrx_word' id='word_1_105' title='bbox 287 1935 411 1989; x_wconf 77' lang='grc' dir='ltr'><strong>οὐδὲ</strong></span> <span class='ocrx_word' id='word_1_106' title='bbox 444 1932 506 1985; x_wconf 82' lang='grc' dir='ltr'>τὸ</span> <span class='ocrx_word' id='word_1_107' title='bbox 534 1930 592 1983; x_wconf 79' lang='grc' dir='ltr'>ἓν</span> <span class='ocrx_word' id='word_1_108' title='bbox 612 1929 725 1987; x_wconf 79' lang='grc' dir='ltr'>τοῖς</span> <span class='ocrx_word' id='word_1_109' title='bbox 748 1922 984 1984; x_wconf 78' lang='grc' dir='ltr'><strong>πολλοῖς.</strong></span> 
     </span>
    </p>
   </div>
   <div class='ocr_carea' id='block_1_19' title="bbox 987 2113 1190 2169">
    <p class='ocr_par' dir='ltr' id='par_1_19' title="bbox 987 2113 1190 2169">
     <span class='ocr_line' id='line_1_19' title="bbox 987 2113 1190 2169; baseline -0.015 0"><span class='ocrx_word' id='word_1_110' title='bbox 987 2113 1190 2169; x_wconf 68' lang='lat' dir='ltr'><strong>AAAO.</strong></span> 
     </span>
    </p>
   </div>
   <div class='ocr_carea' id='block_1_20' title="bbox 366 2210 1883 2304">
    <p class='ocr_par' dir='ltr' id='par_1_20' title="bbox 366 2210 1883 2304">
     <span class='ocr_line' id='line_1_20' title="bbox 366 2210 1883 2304; baseline -0.022 -10"><span class='ocrx_word' id='word_1_111' title='bbox 366 2242 430 2294; x_wconf 81' lang='lat' dir='ltr'><strong>Ei</strong></span> <span class='ocrx_word' id='word_1_112' title='bbox 457 2238 518 2291; x_wconf 80' lang='grc' dir='ltr'>τὸ</span> <span class='ocrx_word' id='word_1_113' title='bbox 550 2228 945 2304; x_wconf 75' lang='grc' dir='ltr'>ἀτίνητον,καὶ</span> <span class='ocrx_word' id='word_1_114' title='bbox 978 2226 1038 2279; x_wconf 78' lang='grc' dir='ltr'><strong>τὸ</strong></span> <span class='ocrx_word' id='word_1_115' title='bbox 1059 2220 1304 2293; x_wconf 81' lang='grc' dir='ltr'>γενητὸν,</span> <span class='ocrx_word' id='word_1_116' title='bbox 1344 2218 1437 2272; x_wconf 80' lang='grc' dir='ltr'>καὶ</span> <span class='ocrx_word' id='word_1_117' title='bbox 1476 2216 1544 2271; x_wconf 88' lang='grc' dir='ltr'>τὰ</span> <span class='ocrx_word' id='word_1_118' title='bbox 1575 2212 1758 2275; x_wconf 81' lang='grc' dir='ltr'>λοιπὰ,</span> <span class='ocrx_word' id='word_1_119' title='bbox 1790 2210 1883 2264; x_wconf 86' lang='grc' dir='ltr'><strong>οὐ·</strong></span> 
     </span>
    </p>
   </div>
   <div class='ocr_carea' id='block_1_21' title="bbox 296 2304 1883 2394">
    <p class='ocr_par' dir='ltr' id='par_1_21' title="bbox 296 2304 1883 2394">
     <span class='ocr_line' id='line_1_21' title="bbox 296 2304 1883 2394; baseline -0.02 -8"><span class='ocrx_word' id='word_1_120' title='bbox 296 2334 389 2386; x_wconf 90' lang='grc' dir='ltr'>σία</span> <span class='ocrx_word' id='word_1_121' title='bbox 417 2329 577 2391; x_wconf 78' lang='grc' dir='ltr'>Θεοῦ,</span> <span class='ocrx_word' id='word_1_122' title='bbox 611 2327 774 2394; x_wconf 69' lang='grc' dir='ltr'>ἕτερα</span> <span class='ocrx_word' id='word_1_123' title='bbox 800 2322 856 2374; x_wconf 80' lang='grc' dir='ltr'><strong>δέ</strong></span> <span class='ocrx_word' id='word_1_124' title='bbox 897 2322 1001 2372; x_wconf 90' lang='grc' dir='ltr'>είσι</span> <span class='ocrx_word' id='word_1_125' title='bbox 1040 2315 1213 2370; x_wconf 80' lang='grc' dir='ltr'>ταῦτα</span> <span class='ocrx_word' id='word_1_126' title='bbox 1255 2313 1376 2374; x_wconf 78' lang='grc' dir='ltr'>ταῖς</span> <span class='ocrx_word' id='word_1_127' title='bbox 1414 2310 1639 2377; x_wconf 77' lang='grc' dir='ltr'>φωναῖς,</span> <span class='ocrx_word' id='word_1_128' title='bbox 1670 2304 1883 2372; x_wconf 80' lang='grc' dir='ltr'><strong>ἀνάγκη</strong></span> 
     </span>
    </p>
   </div>
   <div class='ocr_carea' id='block_1_22' title="bbox 294 2394 1887 2495">
    <p class='ocr_par' dir='ltr' id='par_1_22' title="bbox 294 2394 1887 2495">
     <span class='ocr_line' id='line_1_22' title="bbox 294 2394 1887 2495; baseline -0.021 -18"><span class='ocrx_word' id='word_1_129' title='bbox 294 2426 397 2495; x_wconf 79' lang='grc' dir='ltr'>τὴν</span> <span class='ocrx_word' id='word_1_130' title='bbox 426 2421 615 2474; x_wconf 82' lang='grc' dir='ltr'>οὐσίαν</span> <span class='ocrx_word' id='word_1_131' title='bbox 642 2416 858 2482; x_wconf 71' lang='grc' dir='ltr'>εκείνην</span> <span class='ocrx_word' id='word_1_132' title='bbox 882 2411 1024 2464; x_wconf 75' lang='grc' dir='ltr'>οὕτω</span> <span class='ocrx_word' id='word_1_133' title='bbox 1062 2403 1381 2475; x_wconf 77' lang='grc' dir='ltr'>συγκεῖσθαι</span> <span class='ocrx_word' id='word_1_134' title='bbox 1409 2400 1549 2453; x_wconf 82' lang='grc' dir='ltr'>κατά</span> <span class='ocrx_word' id='word_1_135' title='bbox 1570 2398 1670 2460; x_wconf 84' lang='grc' dir='ltr'><strong>τὰς</strong></span> <span class='ocrx_word' id='word_1_136' title='bbox 1698 2394 1887 2495; x_wconf 43' lang='lat' dir='ltr'><strong>fta??-</strong></span> 
     </span>
    </p>
   </div>
   <div class='ocr_carea' id='block_1_23' title="bbox 298 2482 1887 2583">
    <p class='ocr_par' dir='ltr' id='par_1_23' title="bbox 298 2482 1887 2583">
     <span class='ocr_line' id='line_1_23' title="bbox 298 2482 1887 2583; baseline -0.02 -18"><span class='ocrx_word' id='word_1_137' title='bbox 298 2482 427 2583; x_wconf 74' lang='grc' dir='ltr'>ρους</span> <span class='ocrx_word' id='word_1_138' title='bbox 488 2507 669 2577; x_wconf 69' lang='grc' dir='ltr'>ςωνάς</span> <span class='ocrx_word' id='word_1_139' title='bbox 692 2521 706 2534; x_wconf 90' lang='grc'><strong>·</strong></span> <span class='ocrx_word' id='word_1_140' title='bbox 739 2502 806 2554; x_wconf 81' lang='grc' dir='ltr'><strong>ἵν’</strong></span> <span class='ocrx_word' id='word_1_141' title='bbox 853 2500 1073 2560; x_wconf 82' lang='grc' dir='ltr'><strong>οίκείως</strong></span> <span class='ocrx_word' id='word_1_142' title='bbox 1118 2497 1175 2549; x_wconf 87' lang='grc' dir='ltr'><strong>αί</strong></span> <span class='ocrx_word' id='word_1_143' title='bbox 1214 2491 1391 2562; x_wconf 75' lang='grc' dir='ltr'>φωναὶ</span> <span class='ocrx_word' id='word_1_144' title='bbox 1426 2488 1546 2543; x_wconf 80' lang='grc' dir='ltr'>κατ’</span> <span class='ocrx_word' id='word_1_145' title='bbox 1595 2482 1887 2583; x_wconf 52' lang='grc' dir='ltr'><strong>αὐτῆς.λὲ-</strong></span> 
     </span>
    </p>
   </div>
   <div class='ocr_carea' id='block_1_24' title="bbox 293 2568 1886 2669">
    <p class='ocr_par' dir='ltr' id='par_1_24' title="bbox 293 2568 1886 2669">
     <span class='ocr_line' id='line_1_24' title="bbox 293 2568 1886 2669; baseline -0.019 -14"><span class='ocrx_word' id='word_1_146' title='bbox 293 2568 535 2669; x_wconf 24' lang='lat' dir='ltr'><strong>quantm:</strong></span> <span class='ocrx_word' id='word_1_147' title='bbox 573 2596 607 2666; x_wconf 83' lang='grc' dir='ltr'>ἦ</span> <span class='ocrx_word' id='word_1_148' title='bbox 657 2593 732 2665; x_wconf 77' lang='grc' dir='ltr'><strong>μὴ</strong></span> <span class='ocrx_word' id='word_1_149' title='bbox 786 2588 1149 2660; x_wconf 83' lang='grc' dir='ltr'><strong>συγκειμένης</strong></span> <span class='ocrx_word' id='word_1_150' title='bbox 1192 2583 1382 2653; x_wconf 78' lang='grc' dir='ltr'>αὐτῆς,</span> <span class='ocrx_word' id='word_1_151' title='bbox 1426 2575 1717 2632; x_wconf 77' lang='grc' dir='ltr'>ἀκόλουθον</span> <span class='ocrx_word' id='word_1_152' title='bbox 1746 2568 1886 2626; x_wconf 78' lang='grc' dir='ltr'>εἶναι</span> 
     </span>
    </p>
   </div>
   <div class='ocr_carea' id='block_1_25' title="bbox 296 2662 1887 2756">
    <p class='ocr_par' dir='ltr' id='par_1_25' title="bbox 296 2662 1887 2756">
     <span class='ocr_line' id='line_1_25' title="bbox 296 2662 1887 2756; baseline -0.019 -10"><span class='ocrx_word' id='word_1_153' title='bbox 296 2693 472 2746; x_wconf 83' lang='grc' dir='ltr'>ταῦτα</span> <span class='ocrx_word' id='word_1_154' title='bbox 500 2689 610 2741; x_wconf 86' lang='grc' dir='ltr'><strong>τῶν</strong></span> <span class='ocrx_word' id='word_1_155' title='bbox 656 2683 968 2756; x_wconf 82' lang='grc' dir='ltr'><strong>προσόντων</strong></span> <span class='ocrx_word' id='word_1_156' title='bbox 998 2682 1067 2750; x_wconf 78' lang='grc' dir='ltr'>τῇ</span> <span class='ocrx_word' id='word_1_157' title='bbox 1092 2677 1251 2747; x_wconf 62' lang='grc' dir='ltr'><strong>οὐσίᾳ⁸</strong></span> <span class='ocrx_word' id='word_1_158' title='bbox 1295 2670 1628 2745; x_wconf 72' lang='grc' dir='ltr'>σημαντικά,</span> <span class='ocrx_word' id='word_1_159' title='bbox 1679 2662 1791 2723; x_wconf 76' lang='grc' dir='ltr'>ἀλλῖ</span> <span class='ocrx_word' id='word_1_160' title='bbox 1825 2665 1887 2717; x_wconf 90' lang='grc' dir='ltr'>οὐ</span> 
     </span>
    </p>
   </div>
   <div class='ocr_carea' id='block_1_26' title="bbox 298 2777 838 2840">
    <p class='ocr_par' dir='ltr' id='par_1_26' title="bbox 298 2777 838 2840">
     <span class='ocr_line' id='line_1_26' title="bbox 298 2777 838 2840; baseline -0.019 -1"><span class='ocrx_word' id='word_1_161' title='bbox 298 2784 424 2839; x_wconf 76' lang='grc' dir='ltr'><strong>καθ’</strong></span> <span class='ocrx_word' id='word_1_162' title='bbox 457 2780 599 2835; x_wconf 81' lang='grc' dir='ltr'>αὐτά</span> <span class='ocrx_word' id='word_1_163' title='bbox 632 2777 838 2840; x_wconf 81' lang='grc' dir='ltr'><strong>οὐσίας.</strong></span> 
     </span>
    </p>
   </div>
   <div class='ocr_carea' id='block_1_27' title="bbox 987 2884 1190 2939">
    <p class='ocr_par' dir='ltr' id='par_1_27' title="bbox 987 2884 1190 2939">
     <span class='ocr_line' id='line_1_27' title="bbox 987 2884 1190 2939; baseline -0.03 0"><span class='ocrx_word' id='word_1_164' title='bbox 987 2884 1190 2939; x_wconf 78' lang='grc' dir='ltr'><strong>ΑΛΛΟ.</strong></span> 
     </span>
    </p>
   </div>
   <div class='ocr_carea' id='block_1_28' title="bbox 373 2982 1893 3077">
    <p class='ocr_par' dir='ltr' id='par_1_28' title="bbox 373 2982 1893 3077">
     <span class='ocr_line' id='line_1_28' title="bbox 373 2982 1893 3077; baseline -0.019 -15"><span class='ocrx_word' id='word_1_165' title='bbox 373 3010 438 3062; x_wconf 75' lang='lat' dir='ltr'><strong>El</strong></span> <span class='ocrx_word' id='word_1_166' title='bbox 467 3010 502 3077; x_wconf 84' lang='grc' dir='ltr'>ἡ</span> <span class='ocrx_word' id='word_1_167' title='bbox 531 3005 688 3059; x_wconf 86' lang='grc' dir='ltr'>οὐσία</span> <span class='ocrx_word' id='word_1_168' title='bbox 734 3000 829 3055; x_wconf 81' lang='grc' dir='ltr'>τοῦ</span> <span class='ocrx_word' id='word_1_169' title='bbox 862 2998 998 3053; x_wconf 80' lang='grc' dir='ltr'>Θεοῦ</span> <span class='ocrx_word' id='word_1_170' title='bbox 1044 2997 1104 3049; x_wconf 81' lang='grc' dir='ltr'>οὐ</span> <span class='ocrx_word' id='word_1_171' title='bbox 1132 2993 1219 3048; x_wconf 83' lang='grc' dir='ltr'>διά</span> <span class='ocrx_word' id='word_1_172' title='bbox 1250 3010 1303 3045; x_wconf 88' lang='grc' dir='ltr'><strong>τι</strong></span> <span class='ocrx_word' id='word_1_173' title='bbox 1341 2990 1557 3058; x_wconf 81' lang='grc' dir='ltr'>λέγεται</span> <span class='ocrx_word' id='word_1_174' title='bbox 1599 2984 1737 3056; x_wconf 73' lang='grc' dir='ltr'>(ἔστι</span> <span class='ocrx_word' id='word_1_175' title='bbox 1784 2982 1893 3053; x_wconf 87' lang='grc' dir='ltr'><strong>γὰρ</strong></span> 
     </span>
    </p>
   </div>
   <div class='ocr_carea' id='block_1_29' title="bbox 296 3073 1894 3167">
    <p class='ocr_par' dir='ltr' id='par_1_29' title="bbox 296 3073 1894 3167">
     <span class='ocr_line' id='line_1_29' title="bbox 296 3073 1894 3167; baseline -0.019 -11"><span class='ocrx_word' id='word_1_176' title='bbox 296 3103 369 3156; x_wconf 78' lang='grc' dir='ltr'><strong>δι’</strong></span> <span class='ocrx_word' id='word_1_177' title='bbox 400 3073 596 3167; x_wconf 62' lang='grc' dir='ltr'><strong>οὐδὲν),</strong></span> <span class='ocrx_word' id='word_1_178' title='bbox 620 3098 655 3166; x_wconf 78' lang='grc' dir='ltr'><strong>ἡ</strong></span> <span class='ocrx_word' id='word_1_179' title='bbox 683 3094 743 3148; x_wconf 78' lang='grc' dir='ltr'><strong>δὲ</strong></span> <span class='ocrx_word' id='word_1_180' title='bbox 769 3084 1262 3162; x_wconf 59' lang='grc' dir='ltr'>ἀγένητοςφωνὴ,</span> <span class='ocrx_word' id='word_1_181' title='bbox 1282 3083 1369 3136; x_wconf 82' lang='grc' dir='ltr'><strong>διὰ</strong></span> <span class='ocrx_word' id='word_1_182' title='bbox 1397 3080 1459 3133; x_wconf 81' lang='grc' dir='ltr'>τὸ</span> <span class='ocrx_word' id='word_1_183' title='bbox 1488 3079 1705 3133; x_wconf 81' lang='grc' dir='ltr'>πάντων</span> <span class='ocrx_word' id='word_1_184' title='bbox 1730 3073 1894 3167; x_wconf 62' lang='grc' dir='ltr'>αὐτον</span> 
     </span>
    </p>
   </div>
   <div class='ocr_carea' id='block_1_30' title="bbox 1965 604 3091 682">
    <p class='ocr_par' dir='ltr' id='par_1_30' title="bbox 1965 604 3091 682">
     <span class='ocr_line' id='line_1_30' title="bbox 1965 604 3091 682; baseline -0.012 -10"><span class='ocrx_word' id='word_1_185' title='bbox 1965 624 2113 672; x_wconf 88' lang='lat' dir='ltr'><strong>certe</strong></span> <span class='ocrx_word' id='word_1_186' title='bbox 2153 610 2447 682; x_wconf 81' lang='lat' dir='ltr'><strong>ingenitum</strong></span> <span class='ocrx_word' id='word_1_187' title='bbox 2484 608 2788 665; x_wconf 74' lang='lat' dir='ltr'><strong>substantia</strong></span> <span class='ocrx_word' id='word_1_188' title='bbox 2827 621 2932 661; x_wconf 90' lang='lat' dir='ltr'><strong>non</strong></span> <span class='ocrx_word' id='word_1_189' title='bbox 2963 604 3091 659; x_wconf 87' lang='lat' dir='ltr'><strong>erit.</strong></span> 
     </span>
    </p>
   </div>
   <div class='ocr_carea' id='block_1_31' title="bbox 2641 716 2875 773">
    <p class='ocr_par' dir='ltr' id='par_1_31' title="bbox 2641 716 2875 773">
     <span class='ocr_line' id='line_1_31' title="bbox 2641 716 2875 773; baseline -0.009 0"><span class='ocrx_word' id='word_1_190' title='bbox 2641 716 2875 773; x_wconf 76' lang='lat' dir='ltr'><strong>ALIUD.</strong></span> 
     </span>
    </p>
   </div>
   <div class='ocr_carea' id='block_1_32' title="bbox 2041 826 3558 907">
    <p class='ocr_par' dir='ltr' id='par_1_32' title="bbox 2041 826 3558 907">
     <span class='ocr_line' id='line_1_32' title="bbox 2041 826 3558 907; baseline -0.012 -14"><span class='ocrx_word' id='word_1_191' title='bbox 2041 838 2099 893; x_wconf 90' lang='lat' dir='ltr'><strong>Si</strong></span> <span class='ocrx_word' id='word_1_192' title='bbox 2132 837 2426 907; x_wconf 79' lang='lat' dir='ltr'><strong>ingenitum</strong></span> <span class='ocrx_word' id='word_1_193' title='bbox 2448 831 2809 889; x_wconf 80' lang='lat' dir='ltr'><strong>substantiam</strong></span> <span class='ocrx_word' id='word_1_194' title='bbox 2834 828 2927 883; x_wconf 93' lang='lat' dir='ltr'><strong>Dei</strong></span> <span class='ocrx_word' id='word_1_195' title='bbox 2946 826 3355 897; x_wconf 76' lang='lat' dir='ltr'><strong>signiﬁcat,non</strong></span> <span class='ocrx_word' id='word_1_196' title='bbox 3378 832 3558 877; x_wconf 83' lang='lat' dir='ltr'><strong>autem</strong></span> 
     </span>
    </p>
   </div>
   <div class='ocr_carea' id='block_1_33' title="bbox 1970 915 3564 1000">
    <p class='ocr_par' dir='ltr' id='par_1_33' title="bbox 1970 915 3564 1000">
     <span class='ocr_line' id='line_1_33' title="bbox 1970 915 3564 1000; baseline -0.012 -15"><span class='ocrx_word' id='word_1_197' title='bbox 1970 930 2112 1000; x_wconf 92' lang='lat' dir='ltr'><strong>quod</strong></span> <span class='ocrx_word' id='word_1_198' title='bbox 2144 929 2360 999; x_wconf 73' lang='lat' dir='ltr'><strong>genitus</strong></span> <span class='ocrx_word' id='word_1_199' title='bbox 2414 941 2521 981; x_wconf 89' lang='lat' dir='ltr'><strong>non</strong></span> <span class='ocrx_word' id='word_1_200' title='bbox 2594 924 2685 988; x_wconf 90' lang='lat' dir='ltr'><strong>sit,</strong></span> <span class='ocrx_word' id='word_1_201' title='bbox 2729 921 2850 975; x_wconf 86' lang='lat' dir='ltr'><strong>aliis</strong></span> <span class='ocrx_word' id='word_1_202' title='bbox 2906 919 3218 975; x_wconf 79' lang='lat' dir='ltr'><strong>nominibus</strong></span> <span class='ocrx_word' id='word_1_203' title='bbox 3272 930 3409 984; x_wconf 88' lang='lat' dir='ltr'><strong>opus</strong></span> <span class='ocrx_word' id='word_1_204' title='bbox 3459 915 3564 967; x_wconf 88' lang='lat' dir='ltr'><strong>erit</strong></span> 
     </span>
    </p>
   </div>
   <div class='ocr_carea' id='block_1_34' title="bbox 1971 1007 3563 1089">
    <p class='ocr_par' dir='ltr' id='par_1_34' title="bbox 1971 1007 3563 1089">
     <span class='ocr_line' id='line_1_34' title="bbox 1971 1007 3563 1089; baseline -0.009 -15"><span class='ocrx_word' id='word_1_205' title='bbox 1971 1034 2093 1089; x_wconf 72' lang='lat' dir='ltr'><strong>quae</strong></span> <span class='ocrx_word' id='word_1_206' title='bbox 2121 1019 2357 1073; x_wconf 89' lang='lat' dir='ltr'><strong>habeant</strong></span> <span class='ocrx_word' id='word_1_207' title='bbox 2392 1018 2500 1070; x_wconf 88' lang='lat' dir='ltr'><strong>vim</strong></span> <span class='ocrx_word' id='word_1_208' title='bbox 2536 1013 2850 1069; x_wconf 83' lang='lat' dir='ltr'><strong>declarandi</strong></span> <span class='ocrx_word' id='word_1_209' title='bbox 2912 1012 3081 1065; x_wconf 83' lang='lat' dir='ltr'><strong>Deum</strong></span> <span class='ocrx_word' id='word_1_210' title='bbox 3140 1024 3207 1063; x_wconf 78' lang='lat' dir='ltr'><strong>ex</strong></span> <span class='ocrx_word' id='word_1_211' title='bbox 3266 1007 3369 1063; x_wconf 88' lang='lat' dir='ltr'><strong>alia</strong></span> <span class='ocrx_word' id='word_1_212' title='bbox 3400 1020 3563 1060; x_wconf 80' lang='lat' dir='ltr'><strong>causa</strong></span> 
     </span>
    </p>
   </div>
   <div class='ocr_carea' id='block_1_35' title="bbox 1973 1096 3564 1181">
    <p class='ocr_par' dir='ltr' id='par_1_35' title="bbox 1973 1096 3564 1181">
     <span class='ocr_line' id='line_1_35' title="bbox 1973 1096 3564 1181; baseline -0.009 -16"><span class='ocrx_word' id='word_1_213' title='bbox 1973 1113 2089 1166; x_wconf 84' lang='lat' dir='ltr'><strong>sive</strong></span> <span class='ocrx_word' id='word_1_214' title='bbox 2112 1111 2322 1181; x_wconf 73' lang='lat' dir='ltr'><strong>origine</strong></span> <span class='ocrx_word' id='word_1_215' title='bbox 2343 1108 2586 1179; x_wconf 74' lang='lat' dir='ltr'><strong>genitum</strong></span> <span class='ocrx_word' id='word_1_216' title='bbox 2614 1121 2721 1160; x_wconf 87' lang='lat' dir='ltr'><strong>non</strong></span> <span class='ocrx_word' id='word_1_217' title='bbox 2764 1118 2905 1160; x_wconf 84' lang='lat' dir='ltr'><strong>esse.</strong></span> <span class='ocrx_word' id='word_1_218' title='bbox 2926 1101 3234 1172; x_wconf 73' lang='lat' dir='ltr'><strong>Iugenitum</strong></span> <span class='ocrx_word' id='word_1_219' title='bbox 3294 1098 3442 1153; x_wconf 83' lang='lat' dir='ltr'><strong>enim</strong></span> <span class='ocrx_word' id='word_1_220' title='bbox 3470 1096 3564 1151; x_wconf 85' lang='lat' dir='ltr'><strong>Dei</strong></span> 
     </span>
    </p>
   </div>
   <div class='ocr_carea' id='block_1_36' title="bbox 1973 1190 3568 1268">
    <p class='ocr_par' dir='ltr' id='par_1_36' title="bbox 1973 1190 3568 1268">
     <span class='ocr_line' id='line_1_36' title="bbox 1973 1190 3568 1268; baseline -0.008 -11"><span class='ocrx_word' id='word_1_221' title='bbox 1973 1203 2108 1257; x_wconf 79' lang='lat' dir='ltr'><strong>nihil</strong></span> <span class='ocrx_word' id='word_1_222' title='bbox 2161 1202 2384 1257; x_wconf 84' lang='lat' dir='ltr'><strong>omnino</strong></span> <span class='ocrx_word' id='word_1_223' title='bbox 2444 1198 2742 1268; x_wconf 75' lang='lat' dir='ltr'><strong>signiﬁcat,</strong></span> <span class='ocrx_word' id='word_1_224' title='bbox 2803 1195 2901 1252; x_wconf 88' lang='lat' dir='ltr'><strong>sed</strong></span> <span class='ocrx_word' id='word_1_225' title='bbox 2944 1204 3155 1249; x_wconf 87' lang='lat' dir='ltr'><strong>tantum</strong></span> <span class='ocrx_word' id='word_1_226' title='bbox 3207 1190 3568 1247; x_wconf 81' lang='lat' dir='ltr'><strong>substantiam</strong></span> 
     </span>
    </p>
   </div>
   <div class='ocr_carea' id='block_1_37' title="bbox 1972 1294 2093 1348">
    <p class='ocr_par' dir='ltr' id='par_1_37' title="bbox 1972 1294 2093 1348">
     <span class='ocr_line' id='line_1_37' title="bbox 1972 1294 2093 1348; baseline -0.008 0"><span class='ocrx_word' id='word_1_227' title='bbox 1972 1294 2093 1348; x_wconf 84' lang='lat' dir='ltr'><strong>Dei.</strong></span> 
     </span>
    </p>
   </div>
   <div class='ocr_carea' id='block_1_38' title="bbox 2654 1383 2996 1461">
    <p class='ocr_par' dir='ltr' id='par_1_38' title="bbox 2654 1383 2996 1461">
     <span class='ocr_line' id='line_1_38' title="bbox 2654 1383 2996 1461; baseline -0.012 -2"><span class='ocrx_word' id='word_1_228' title='bbox 2654 1402 2887 1461; x_wconf 64' lang='lat' dir='ltr'><strong>suun.</strong></span> <span class='ocrx_word' id='word_1_229' title='bbox 2992 1383 2996 1389; x_wconf 85' lang='grc'><em>’</em></span> 
     </span>
    </p>
   </div>
   <div class='ocr_carea' id='block_1_39' title="bbox 2054 1515 3568 1587">
    <p class='ocr_par' dir='ltr' id='par_1_39' title="bbox 2054 1515 3568 1587">
     <span class='ocr_line' id='line_1_39' title="bbox 2054 1515 3568 1587; baseline -0.008 -10"><span class='ocrx_word' id='word_1_230' title='bbox 2054 1522 2110 1577; x_wconf 89' lang='lat' dir='ltr'><strong>Si</strong></span> <span class='ocrx_word' id='word_1_231' title='bbox 2135 1520 2438 1577; x_wconf 87' lang='lat' dir='ltr'><strong>substantia</strong></span> <span class='ocrx_word' id='word_1_232' title='bbox 2475 1520 2569 1574; x_wconf 86' lang='lat' dir='ltr'><strong>Dei</strong></span> <span class='ocrx_word' id='word_1_233' title='bbox 2615 1534 2783 1575; x_wconf 90' lang='lat' dir='ltr'><strong>unum</strong></span> <span class='ocrx_word' id='word_1_234' title='bbox 2824 1515 3029 1587; x_wconf 87' lang='lat' dir='ltr'><strong>aliquid</strong></span> <span class='ocrx_word' id='word_1_235' title='bbox 3081 1523 3185 1579; x_wconf 88' lang='lat' dir='ltr'><strong>est,</strong></span> <span class='ocrx_word' id='word_1_236' title='bbox 3225 1530 3331 1569; x_wconf 86' lang='lat' dir='ltr'><strong>non</strong></span> <span class='ocrx_word' id='word_1_237' title='bbox 3389 1522 3568 1568; x_wconf 86' lang='lat' dir='ltr'><strong>autem</strong></span> 
     </span>
    </p>
   </div>
   <div class='ocr_carea' id='block_1_40' title="bbox 1981 1606 3572 1685">
    <p class='ocr_par' dir='ltr' id='par_1_40' title="bbox 1981 1606 3572 1685">
     <span class='ocr_line' id='line_1_40' title="bbox 1981 1606 3572 1685; baseline -0.011 -12"><span class='ocrx_word' id='word_1_238' title='bbox 1981 1616 2153 1673; x_wconf 89' lang='lat' dir='ltr'><strong>multa</strong></span> <span class='ocrx_word' id='word_1_239' title='bbox 2176 1630 2400 1671; x_wconf 89' lang='lat' dir='ltr'><strong>numero</strong></span> <span class='ocrx_word' id='word_1_240' title='bbox 2424 1632 2439 1681; x_wconf 88' lang='lat'>;</span> <span class='ocrx_word' id='word_1_241' title='bbox 2462 1616 2760 1685; x_wconf 77' lang='lat' dir='ltr'><strong>ingenitum</strong></span> <span class='ocrx_word' id='word_1_242' title='bbox 2830 1626 2980 1675; x_wconf 89' lang='lat' dir='ltr'><strong>vero,</strong></span> <span class='ocrx_word' id='word_1_243' title='bbox 3012 1620 3067 1665; x_wconf 86' lang='lat' dir='ltr'><strong>et</strong></span> <span class='ocrx_word' id='word_1_244' title='bbox 3109 1606 3467 1662; x_wconf 76' lang='grc' dir='ltr'>ἀϐασίλευτον</span> <span class='ocrx_word' id='word_1_245' title='bbox 3499 1606 3572 1675; x_wconf 85' lang='lat' dir='ltr'><strong>(id</strong></span> 
     </span>
    </p>
   </div>
   <div class='ocr_carea' id='block_1_41' title="bbox 1979 1699 3571 1778">
    <p class='ocr_par' dir='ltr' id='par_1_41' title="bbox 1979 1699 3571 1778">
     <span class='ocr_line' id='line_1_41' title="bbox 1979 1699 3571 1778; baseline -0.008 -15"><span class='ocrx_word' id='word_1_246' title='bbox 1979 1717 2084 1773; x_wconf 90' lang='lat' dir='ltr'><strong>est,</strong></span> <span class='ocrx_word' id='word_1_247' title='bbox 2126 1708 2571 1778; x_wconf 87' lang='lat' dir='ltr'><strong>nulliusimperio</strong></span> <span class='ocrx_word' id='word_1_248' title='bbox 2602 1701 2929 1776; x_wconf 84' lang='lat' dir='ltr'><strong>subditum),</strong></span> <span class='ocrx_word' id='word_1_249' title='bbox 2955 1711 3011 1757; x_wconf 92' lang='lat' dir='ltr'><strong>et</strong></span> <span class='ocrx_word' id='word_1_250' title='bbox 3045 1701 3152 1757; x_wconf 87' lang='lat' dir='ltr'><strong>alia</strong></span> <span class='ocrx_word' id='word_1_251' title='bbox 3189 1701 3305 1769; x_wconf 85' lang='lat' dir='ltr'><strong>ejus</strong></span> <span class='ocrx_word' id='word_1_252' title='bbox 3334 1699 3571 1769; x_wconf 78' lang='lat' dir='ltr'><strong>generis,</strong></span> 
     </span>
    </p>
   </div>
   <div class='ocr_carea' id='block_1_42' title="bbox 1984 1792 3576 1869">
    <p class='ocr_par' dir='ltr' id='par_1_42' title="bbox 1984 1792 3576 1869">
     <span class='ocr_line' id='line_1_42' title="bbox 1984 1792 3576 1869; baseline -0.009 -12"><span class='ocrx_word' id='word_1_253' title='bbox 1984 1811 2111 1857; x_wconf 90' lang='lat' dir='ltr'><strong>sunt</strong></span> <span class='ocrx_word' id='word_1_254' title='bbox 2138 1801 2328 1867; x_wconf 85' lang='lat' dir='ltr'><strong>multa,</strong></span> <span class='ocrx_word' id='word_1_255' title='bbox 2357 1813 2533 1869; x_wconf 84' lang='lat' dir='ltr'><strong>neque</strong></span> <span class='ocrx_word' id='word_1_256' title='bbox 2562 1815 2730 1855; x_wconf 90' lang='lat' dir='ltr'><strong>unum</strong></span> <span class='ocrx_word' id='word_1_257' title='bbox 2770 1811 2996 1853; x_wconf 81' lang='lat' dir='ltr'><strong>numero</strong></span> <span class='ocrx_word' id='word_1_258' title='bbox 3034 1810 3185 1850; x_wconf 88' lang='lat' dir='ltr'><strong>:non</strong></span> <span class='ocrx_word' id='word_1_259' title='bbox 3245 1793 3352 1846; x_wconf 88' lang='lat' dir='ltr'><strong>erit</strong></span> <span class='ocrx_word' id='word_1_260' title='bbox 3390 1792 3576 1859; x_wconf 86' lang='lat' dir='ltr'><strong>utique</strong></span> 
     </span>
    </p>
   </div>
   <div class='ocr_carea' id='block_1_43' title="bbox 1908 1882 3567 1961">
    <p class='ocr_par' dir='ltr' id='par_1_43' title="bbox 1908 1882 3567 1961">
     <span class='ocr_line' id='line_1_43' title="bbox 1908 1882 3567 1961; baseline -0.008 -9"><span class='ocrx_word' id='word_1_261' title='bbox 1908 1901 1951 1956; x_wconf 83' lang='grc' dir='ltr'>Β</span> <span class='ocrx_word' id='word_1_262' title='bbox 1982 1895 2121 1950; x_wconf 86' lang='lat' dir='ltr'><strong>idem</strong></span> <span class='ocrx_word' id='word_1_263' title='bbox 2148 1893 2453 1949; x_wconf 82' lang='lat' dir='ltr'><strong>substantia</strong></span> <span class='ocrx_word' id='word_1_264' title='bbox 2483 1907 2605 1948; x_wconf 89' lang='lat' dir='ltr'><strong>curn</strong></span> <span class='ocrx_word' id='word_1_265' title='bbox 2637 1891 2877 1961; x_wconf 76' lang='lat' dir='ltr'><strong>ingenito</strong></span> <span class='ocrx_word' id='word_1_266' title='bbox 2894 1898 2949 1945; x_wconf 93' lang='lat' dir='ltr'><strong>et</strong></span> <span class='ocrx_word' id='word_1_267' title='bbox 2970 1887 3173 1944; x_wconf 86' lang='lat' dir='ltr'><strong>nullius</strong></span> <span class='ocrx_word' id='word_1_268' title='bbox 3191 1886 3419 1956; x_wconf 84' lang='lat' dir='ltr'><strong>imperio</strong></span> <span class='ocrx_word' id='word_1_269' title='bbox 3449 1882 3567 1939; x_wconf 47' lang='lat' dir='ltr'><strong>suh‘</strong></span> 
     </span>
    </p>
   </div>
   <div class='ocr_carea' id='block_1_44' title="bbox 1984 1980 3029 2049">
    <p class='ocr_par' dir='ltr' id='par_1_44' title="bbox 1984 1980 3029 2049">
     <span class='ocr_line' id='line_1_44' title="bbox 1984 1980 3029 2049; baseline -0.006 -9"><span class='ocrx_word' id='word_1_270' title='bbox 1984 1984 2118 2049; x_wconf 77' lang='lat' dir='ltr'><strong>dito,</strong></span> <span class='ocrx_word' id='word_1_271' title='bbox 2146 1983 2287 2039; x_wconf 83' lang='lat' dir='ltr'><strong>sicut</strong></span> <span class='ocrx_word' id='word_1_272' title='bbox 2314 1998 2414 2039; x_wconf 79' lang='lat' dir='ltr'><strong>nec</strong></span> <span class='ocrx_word' id='word_1_273' title='bbox 2444 1999 2610 2039; x_wconf 88' lang='lat' dir='ltr'><strong>unum</strong></span> <span class='ocrx_word' id='word_1_274' title='bbox 2638 1997 2766 2039; x_wconf 90' lang='lat' dir='ltr'><strong>cum</strong></span> <span class='ocrx_word' id='word_1_275' title='bbox 2790 1980 3029 2037; x_wconf 84' lang='lat' dir='ltr'><strong>multis.’</strong></span> 
     </span>
    </p>
   </div>
   <div class='ocr_carea' id='block_1_45' title="bbox 2660 2092 2900 2150">
    <p class='ocr_par' dir='ltr' id='par_1_45' title="bbox 2660 2092 2900 2150">
     <span class='ocr_line' id='line_1_45' title="bbox 2660 2092 2900 2150; baseline -0.004 -1"><span class='ocrx_word' id='word_1_276' title='bbox 2660 2092 2900 2150; x_wconf 85' lang='lat' dir='ltr'><strong>ALIUD.</strong></span> 
     </span>
    </p>
   </div>
   <div class='ocr_carea' id='block_1_46' title="bbox 2060 2200 3579 2280">
    <p class='ocr_par' dir='ltr' id='par_1_46' title="bbox 2060 2200 3579 2280">
     <span class='ocr_line' id='line_1_46' title="bbox 2060 2200 3579 2280; baseline -0.005 -17"><span class='ocrx_word' id='word_1_277' title='bbox 2060 2208 2117 2263; x_wconf 88' lang='lat' dir='ltr'><strong>Si</strong></span> <span class='ocrx_word' id='word_1_278' title='bbox 2147 2208 2451 2280; x_wconf 78' lang='lat' dir='ltr'><strong>ingenitum</strong></span> <span class='ocrx_word' id='word_1_279' title='bbox 2486 2215 2540 2263; x_wconf 89' lang='lat' dir='ltr'><strong>et</strong></span> <span class='ocrx_word' id='word_1_280' title='bbox 2562 2208 3137 2278; x_wconf 80' lang='lat' dir='ltr'><strong>genitum,etc:etera,</strong></span> <span class='ocrx_word' id='word_1_281' title='bbox 3164 2212 3290 2258; x_wconf 89' lang='lat' dir='ltr'><strong>sunt</strong></span> <span class='ocrx_word' id='word_1_282' title='bbox 3324 2200 3579 2257; x_wconf 82' lang='lat' dir='ltr'><strong>substan-</strong></span> 
     </span>
    </p>
   </div>
   <div class='ocr_carea' id='block_1_47' title="bbox 1990 2293 3575 2364">
    <p class='ocr_par' dir='ltr' id='par_1_47' title="bbox 1990 2293 3575 2364">
     <span class='ocr_line' id='line_1_47' title="bbox 1990 2293 3575 2364; baseline -0.004 -12"><span class='ocrx_word' id='word_1_283' title='bbox 1990 2301 2061 2353; x_wconf 87' lang='lat' dir='ltr'><strong>tia</strong></span> <span class='ocrx_word' id='word_1_284' title='bbox 2098 2300 2214 2364; x_wconf 88' lang='lat' dir='ltr'><strong>Dei,</strong></span> <span class='ocrx_word' id='word_1_285' title='bbox 2242 2302 2458 2359; x_wconf 85' lang='lat' dir='ltr'><strong>diversa</strong></span> <span class='ocrx_word' id='word_1_286' title='bbox 2495 2312 2627 2354; x_wconf 84' lang='lat' dir='ltr'><strong>vero</strong></span> <span class='ocrx_word' id='word_1_287' title='bbox 2663 2307 2791 2352; x_wconf 82' lang='lat' dir='ltr'><strong>sum.</strong></span> <span class='ocrx_word' id='word_1_288' title='bbox 2824 2299 2941 2352; x_wconf 60' lang='lat' dir='ltr'><strong>haec</strong></span> <span class='ocrx_word' id='word_1_289' title='bbox 2969 2295 3247 2351; x_wconf 79' lang='lat' dir='ltr'><strong>vocabulis</strong></span> <span class='ocrx_word' id='word_1_290' title='bbox 3293 2293 3443 2363; x_wconf 83' lang='lat' dir='ltr'><strong>ipsis,</strong></span> <span class='ocrx_word' id='word_1_291' title='bbox 3488 2308 3575 2347; x_wconf 88' lang='lat' dir='ltr'><strong>ne-</strong></span> 
     </span>
    </p>
   </div>
   <div class='ocr_carea' id='block_1_48' title="bbox 1989 2387 3584 2455">
    <p class='ocr_par' dir='ltr' id='par_1_48' title="bbox 1989 2387 3584 2455">
     <span class='ocr_line' id='line_1_48' title="bbox 1989 2387 3584 2455; baseline -0.004 -10"><span class='ocrx_word' id='word_1_292' title='bbox 1989 2405 2145 2445; x_wconf 84' lang='lat' dir='ltr'><strong>cesse</strong></span> <span class='ocrx_word' id='word_1_293' title='bbox 2174 2390 2641 2445; x_wconf 83' lang='lat' dir='ltr'><strong>estsubstautiam</strong></span> <span class='ocrx_word' id='word_1_294' title='bbox 2681 2388 2826 2443; x_wconf 86' lang='lat' dir='ltr'><strong>illam</strong></span> <span class='ocrx_word' id='word_1_295' title='bbox 2862 2388 2935 2443; x_wconf 88' lang='lat' dir='ltr'><strong>ita</strong></span> <span class='ocrx_word' id='word_1_296' title='bbox 2969 2387 3328 2455; x_wconf 79' lang='lat' dir='ltr'><strong>compositam</strong></span> <span class='ocrx_word' id='word_1_297' title='bbox 3350 2400 3471 2441; x_wconf 89' lang='lat' dir='ltr'><strong>esse</strong></span> <span class='ocrx_word' id='word_1_298' title='bbox 3496 2401 3584 2439; x_wconf 85' lang='lat' dir='ltr'><strong>sc-</strong></span> 
     </span>
    </p>
   </div>
   <div class='ocr_carea' id='block_1_49' title="bbox 1990 2478 3698 2548">
    <p class='ocr_par' dir='ltr' id='par_1_49' title="bbox 1990 2478 3698 2548">
     <span class='ocr_line' id='line_1_49' title="bbox 1990 2478 3698 2548; baseline -0.006 -11"><span class='ocrx_word' id='word_1_299' title='bbox 1990 2484 2226 2538; x_wconf 88' lang='lat' dir='ltr'><strong>cundum</strong></span> <span class='ocrx_word' id='word_1_300' title='bbox 2288 2480 2591 2536; x_wconf 71' lang='lat' dir='ltr'><strong>diﬂ‘erentia</strong></span> <span class='ocrx_word' id='word_1_301' title='bbox 2663 2480 2949 2546; x_wconf 83' lang='lat' dir='ltr'><strong>vocabula,</strong></span> <span class='ocrx_word' id='word_1_302' title='bbox 2986 2488 3047 2533; x_wconf 92' lang='lat' dir='ltr'><strong>ut</strong></span> <span class='ocrx_word' id='word_1_303' title='bbox 3094 2479 3310 2548; x_wconf 81' lang='lat' dir='ltr'><strong>proprie</strong></span> <span class='ocrx_word' id='word_1_304' title='bbox 3357 2478 3424 2532; x_wconf 91' lang='lat' dir='ltr'><strong>de</strong></span> <span class='ocrx_word' id='word_1_305' title='bbox 3468 2478 3584 2545; x_wconf 87' lang='lat' dir='ltr'><strong>ipsa</strong></span> <span class='ocrx_word' id='word_1_306' title='bbox 3695 2524 3698 2527; x_wconf 78' lang='lat'><strong>.</strong></span> 
     </span>
    </p>
   </div>
   <div class='ocr_carea' id='block_1_50' title="bbox 1990 2570 3587 2645">
    <p class='ocr_par' dir='ltr' id='par_1_50' title="bbox 1990 2570 3587 2645">
     <span class='ocr_line' id='line_1_50' title="bbox 1990 2570 3587 2645; baseline -0.004 -17"><span class='ocrx_word' id='word_1_307' title='bbox 1990 2574 2095 2629; x_wconf 89' lang='lat' dir='ltr'><strong>dici</strong></span> <span class='ocrx_word' id='word_1_308' title='bbox 2145 2575 2397 2645; x_wconf 81' lang='lat' dir='ltr'><strong>possint:</strong></span> <span class='ocrx_word' id='word_1_309' title='bbox 2432 2583 2527 2629; x_wconf 90' lang='lat' dir='ltr'><strong>aut</strong></span> <span class='ocrx_word' id='word_1_310' title='bbox 2551 2575 2596 2629; x_wconf 88' lang='lat' dir='ltr'><strong>si</strong></span> <span class='ocrx_word' id='word_1_311' title='bbox 2628 2572 2929 2642; x_wconf 83' lang='lat' dir='ltr'><strong>composita</strong></span> <span class='ocrx_word' id='word_1_312' title='bbox 2962 2572 3077 2640; x_wconf 85' lang='lat' dir='ltr'><strong>ipsa</strong></span> <span class='ocrx_word' id='word_1_313' title='bbox 3112 2586 3219 2625; x_wconf 75' lang='lat' dir='ltr'><strong>non</strong></span> <span class='ocrx_word' id='word_1_314' title='bbox 3262 2570 3356 2634; x_wconf 89' lang='lat' dir='ltr'><strong>sit,</strong></span> <span class='ocrx_word' id='word_1_315' title='bbox 3392 2584 3587 2623; x_wconf 67' lang='lat' dir='ltr'><strong>conse-</strong></span> 
     </span>
    </p>
   </div>
   <div class='ocr_carea' id='block_1_51' title="bbox 1989 2661 3587 2736">
    <p class='ocr_par' dir='ltr' id='par_1_51' title="bbox 1989 2661 3587 2736">
     <span class='ocr_line' id='line_1_51' title="bbox 1989 2661 3587 2736; baseline -0.001 -19"><span class='ocrx_word' id='word_1_316' title='bbox 1989 2680 2162 2736; x_wconf 84' lang='lat' dir='ltr'><strong>quens</strong></span> <span class='ocrx_word' id='word_1_317' title='bbox 2188 2677 2269 2720; x_wconf 85' lang='lat' dir='ltr'><strong>est</strong></span> <span class='ocrx_word' id='word_1_318' title='bbox 2293 2664 2383 2719; x_wconf 82' lang='lat' dir='ltr'><strong>illa</strong></span> <span class='ocrx_word' id='word_1_319' title='bbox 2425 2679 2531 2719; x_wconf 91' lang='lat' dir='ltr'><strong>nou</strong></span> <span class='ocrx_word' id='word_1_320' title='bbox 2564 2680 2661 2735; x_wconf 89' lang='lat' dir='ltr'><strong>per</strong></span> <span class='ocrx_word' id='word_1_321' title='bbox 2695 2678 2753 2719; x_wconf 90' lang='lat' dir='ltr'><strong>se</strong></span> <span class='ocrx_word' id='word_1_322' title='bbox 2773 2662 3271 2729; x_wconf 86' lang='lat' dir='ltr'><strong>substantiam,sed</strong></span> <span class='ocrx_word' id='word_1_323' title='bbox 3298 2676 3417 2731; x_wconf 71' lang='lat' dir='ltr'><strong>qua:</strong></span> <span class='ocrx_word' id='word_1_324' title='bbox 3458 2661 3587 2716; x_wconf 90' lang='lat' dir='ltr'><strong>sub-</strong></span> 
     </span>
    </p>
   </div>
   <div class='ocr_carea' id='block_1_52' title="bbox 1990 2756 2849 2829">
    <p class='ocr_par' dir='ltr' id='par_1_52' title="bbox 1990 2756 2849 2829">
     <span class='ocr_line' id='line_1_52' title="bbox 1990 2756 2849 2829; baseline -0.007 -14"><span class='ocrx_word' id='word_1_325' title='bbox 1990 2760 2205 2815; x_wconf 73' lang='lat' dir='ltr'><strong>stantiae</strong></span> <span class='ocrx_word' id='word_1_326' title='bbox 2237 2757 2494 2813; x_wconf 88' lang='lat' dir='ltr'><strong>accidunt</strong></span> <span class='ocrx_word' id='word_1_327' title='bbox 2516 2756 2849 2829; x_wconf 77' lang='lat' dir='ltr'><strong>signiﬁcare.</strong></span> 
     </span>
    </p>
   </div>
   <div class='ocr_carea' id='block_1_53' title="bbox 2635 2868 3014 2940">
    <p class='ocr_par' dir='ltr' id='par_1_53' title="bbox 2635 2868 3014 2940">
     <span class='ocr_line' id='line_1_53' title="bbox 2635 2868 3014 2940; baseline 0 -16"><span class='ocrx_word' id='word_1_328' title='bbox 2635 2870 2744 2940; x_wconf 73' lang='grc' dir='ltr'><strong>ιε</strong></span> <span class='ocrx_word' id='word_1_329' title='bbox 2776 2868 3014 2926; x_wconf 80' lang='lat' dir='ltr'><strong>ALIUD.</strong></span> 
     </span>
    </p>
   </div>
   <div class='ocr_carea' id='block_1_54' title="bbox 2068 2976 3579 3049">
    <p class='ocr_par' dir='ltr' id='par_1_54' title="bbox 2068 2976 3579 3049">
     <span class='ocr_line' id='line_1_54' title="bbox 2068 2976 3579 3049; baseline -0.001 -14"><span class='ocrx_word' id='word_1_330' title='bbox 2068 2980 2126 3035; x_wconf 91' lang='lat' dir='ltr'><strong>Si</strong></span> <span class='ocrx_word' id='word_1_331' title='bbox 2162 2978 2469 3035; x_wconf 88' lang='lat' dir='ltr'><strong>substantia</strong></span> <span class='ocrx_word' id='word_1_332' title='bbox 2486 2976 2581 3035; x_wconf 87' lang='lat' dir='ltr'><strong>Dei</strong></span> <span class='ocrx_word' id='word_1_333' title='bbox 2603 2993 2709 3034; x_wconf 88' lang='lat' dir='ltr'><strong>non</strong></span> <span class='ocrx_word' id='word_1_334' title='bbox 2738 2980 2921 3049; x_wconf 85' lang='lat' dir='ltr'><strong>aliqua</strong></span> <span class='ocrx_word' id='word_1_335' title='bbox 2947 2993 3014 3034; x_wconf 80' lang='lat' dir='ltr'><strong>ex</strong></span> <span class='ocrx_word' id='word_1_336' title='bbox 3045 2993 3209 3035; x_wconf 87' lang='lat' dir='ltr'><strong>causa</strong></span> <span class='ocrx_word' id='word_1_337' title='bbox 3254 2978 3456 3033; x_wconf 76' lang='lat' dir='ltr'><strong>dicitur</strong></span> <span class='ocrx_word' id='word_1_338' title='bbox 3489 2977 3579 3048; x_wconf 72' lang='lat' dir='ltr'><strong>(ex</strong></span> 
     </span>
    </p>
   </div>
   <div class='ocr_carea' id='block_1_55' title="bbox 1996 3071 3589 3141">
    <p class='ocr_par' dir='ltr' id='par_1_55' title="bbox 1996 3071 3589 3141">
     <span class='ocr_line' id='line_1_55' title="bbox 1996 3071 3589 3141; baseline -0.003 -14"><span class='ocrx_word' id='word_1_339' title='bbox 1996 3072 2139 3127; x_wconf 86' lang='lat' dir='ltr'><strong>nulla</strong></span> <span class='ocrx_word' id='word_1_340' title='bbox 2162 3073 2307 3127; x_wconf 85' lang='lat' dir='ltr'><strong>euim</strong></span> <span class='ocrx_word' id='word_1_341' title='bbox 2330 3086 2492 3127; x_wconf 85' lang='lat' dir='ltr'><strong>causa</strong></span> <span class='ocrx_word' id='word_1_342' title='bbox 2516 3071 2643 3141; x_wconf 87' lang='lat' dir='ltr'><strong>est),</strong></span> <span class='ocrx_word' id='word_1_343' title='bbox 2677 3086 2781 3127; x_wconf 82' lang='lat' dir='ltr'><strong>vox</strong></span> <span class='ocrx_word' id='word_1_344' title='bbox 2818 3080 2999 3125; x_wconf 90' lang='lat' dir='ltr'><strong>autem</strong></span> <span class='ocrx_word' id='word_1_345' title='bbox 3028 3071 3249 3140; x_wconf 65' lang='lat' dir='ltr'><strong>ingenui</strong></span> <span class='ocrx_word' id='word_1_346' title='bbox 3278 3085 3340 3125; x_wconf 90' lang='lat' dir='ltr'><strong>ea</strong></span> <span class='ocrx_word' id='word_1_347' title='bbox 3374 3071 3439 3125; x_wconf 84' lang='lat' dir='ltr'><strong>de</strong></span> <span class='ocrx_word' id='word_1_348' title='bbox 3456 3086 3589 3124; x_wconf 84' lang='lat' dir='ltr'><strong>cau-</strong></span> 
     </span>
    </p>
   </div>
   <div class='ocr_carea' id='block_1_56' title="bbox 300 3161 1887 3258">
    <p class='ocr_par' dir='ltr' id='par_1_56' title="bbox 300 3161 1887 3258">
     <span class='ocr_line' id='line_1_56' title="bbox 300 3161 1887 3258; baseline -0.019 -14"><span class='ocrx_word' id='word_1_349' title='bbox 300 3187 445 3244; x_wconf 76' lang='grc' dir='ltr'>εἷναι</span> <span class='ocrx_word' id='word_1_350' title='bbox 470 3161 706 3258; x_wconf 76' lang='grc' dir='ltr'>κρείττω</span> <span class='ocrx_word' id='word_1_351' title='bbox 738 3161 831 3235; x_wconf 55' lang='grc' dir='ltr'><strong>καὶ</strong></span> <span class='ocrx_word' id='word_1_352' title='bbox 870 3177 1159 3249; x_wconf 82' lang='grc' dir='ltr'>ὑπερέχειν</span> <span class='ocrx_word' id='word_1_353' title='bbox 1181 3190 1195 3205; x_wconf 79' lang='grc' dir='ltr'><strong>ο</strong></span> <span class='ocrx_word' id='word_1_354' title='bbox 1223 3172 1325 3226; x_wconf 84' lang='grc' dir='ltr'>οὐκ</span> <span class='ocrx_word' id='word_1_355' title='bbox 1367 3169 1521 3222; x_wconf 77' lang='grc' dir='ltr'>ἐσται</span> <span class='ocrx_word' id='word_1_356' title='bbox 1557 3167 1667 3236; x_wconf 81' lang='grc' dir='ltr'>ἄρα</span> <span class='ocrx_word' id='word_1_357' title='bbox 1698 3161 1887 3218; x_wconf 83' lang='grc' dir='ltr'>ταυτὸν</span> 
     </span>
    </p>
   </div>
   <div class='ocr_carea' id='block_1_57' title="bbox 2009 3161 3587 3258">
    <p class='ocr_par' dir='ltr' id='par_1_57' title="bbox 2009 3161 3587 3233">
     <span class='ocr_line' id='line_1_57' title="bbox 2009 3161 3587 3233; baseline -0.003 -14"><span class='ocrx_word' id='word_1_358' title='bbox 2009 3179 2057 3219; x_wconf 76' lang='lat' dir='ltr'><strong>sa</strong></span> <span class='ocrx_word' id='word_1_359' title='bbox 2086 3165 2287 3219; x_wconf 84' lang='lat' dir='ltr'><strong>dicitur</strong></span> <span class='ocrx_word' id='word_1_360' title='bbox 2310 3163 2455 3233; x_wconf 87' lang='lat' dir='ltr'><strong>quod</strong></span> <span class='ocrx_word' id='word_1_361' title='bbox 2482 3164 2735 3218; x_wconf 89' lang='lat' dir='ltr'><strong>omnibus</strong></span> <span class='ocrx_word' id='word_1_362' title='bbox 2758 3161 3047 3217; x_wconf 85' lang='lat' dir='ltr'><strong>antecellat</strong></span> <span class='ocrx_word' id='word_1_363' title='bbox 3102 3171 3156 3216; x_wconf 90' lang='lat' dir='ltr'><strong>et</strong></span> <span class='ocrx_word' id='word_1_364' title='bbox 3188 3170 3407 3231; x_wconf 65' lang='lat' dir='ltr'><strong>prmstet</strong></span> <span class='ocrx_word' id='word_1_365' title='bbox 3432 3178 3447 3215; x_wconf 88' lang='lat'><strong>:</strong></span> <span class='ocrx_word' id='word_1_366' title='bbox 3480 3178 3587 3215; x_wconf 79' lang='lat' dir='ltr'><strong>nun</strong></span> 
     </span>
    </p>
   </div>
   <div class='ocr_carea' id='block_1_58' title="bbox 298 3257 1701 3351">
    <p class='ocr_par' dir='ltr' id='par_1_58' title="bbox 298 3257 1701 3351">
     <span class='ocr_line' id='line_1_58' title="bbox 298 3257 1701 3351; baseline -0.019 -15"><span class='ocrx_word' id='word_1_367' title='bbox 298 3284 339 3351; x_wconf 53' lang='lat' dir='ltr'><strong>vi</strong></span> <span class='ocrx_word' id='word_1_368' title='bbox 373 3280 450 3351; x_wconf 77' lang='grc' dir='ltr'><strong>μὴ</strong></span> <span class='ocrx_word' id='word_1_369' title='bbox 481 3257 571 3333; x_wconf 55' lang='grc' dir='ltr'><strong>διά</strong></span> <span class='ocrx_word' id='word_1_370' title='bbox 594 3293 647 3329; x_wconf 83' lang='grc' dir='ltr'><strong>τι</strong></span> <span class='ocrx_word' id='word_1_371' title='bbox 680 3271 951 3343; x_wconf 75' lang='grc' dir='ltr'><strong>λεγομένη</strong></span> <span class='ocrx_word' id='word_1_372' title='bbox 982 3267 1060 3338; x_wconf 82' lang='grc' dir='ltr'>τῷ</span> <span class='ocrx_word' id='word_1_373' title='bbox 1088 3265 1155 3318; x_wconf 86' lang='grc' dir='ltr'>δι’</span> <span class='ocrx_word' id='word_1_374' title='bbox 1188 3262 1370 3319; x_wconf 84' lang='grc' dir='ltr'>αίτίαν</span> <span class='ocrx_word' id='word_1_375' title='bbox 1401 3257 1701 3329; x_wconf 77' lang='grc' dir='ltr'><strong>λεγομένῳ.</strong></span> 
     </span>
    </p>
   </div>
   <div class='ocr_carea' id='block_1_59' title="bbox 996 3469 1202 3523">
    <p class='ocr_par' dir='ltr' id='par_1_59' title="bbox 996 3469 1202 3523">
     <span class='ocr_line' id='line_1_59' title="bbox 996 3469 1202 3523; baseline -0.01 0"><span class='ocrx_word' id='word_1_376' title='bbox 996 3469 1202 3523; x_wconf 79' lang='grc' dir='ltr'><strong>ΑΛΛΟ.</strong></span> 
     </span>
    </p>
   </div>
   <div class='ocr_carea' id='block_1_60' title="bbox 378 3574 1895 3659">
    <p class='ocr_par' dir='ltr' id='par_1_60' title="bbox 378 3574 1895 3659">
     <span class='ocr_line' id='line_1_60' title="bbox 378 3574 1895 3659; baseline -0.016 -11"><span class='ocrx_word' id='word_1_377' title='bbox 378 3594 445 3648; x_wconf 86' lang='grc' dir='ltr'><strong>Εί</strong></span> <span class='ocrx_word' id='word_1_378' title='bbox 474 3592 535 3645; x_wconf 82' lang='grc' dir='ltr'>τὸ</span> <span class='ocrx_word' id='word_1_379' title='bbox 563 3591 827 3659; x_wconf 81' lang='grc' dir='ltr'>ἀγένητον</span> <span class='ocrx_word' id='word_1_380' title='bbox 858 3584 994 3657; x_wconf 73' lang='grc' dir='ltr'><strong>πρὸς</strong></span> <span class='ocrx_word' id='word_1_381' title='bbox 1030 3582 1129 3654; x_wconf 77' lang='grc' dir='ltr'>τὴν</span> <span class='ocrx_word' id='word_1_382' title='bbox 1161 3578 1458 3651; x_wconf 79' lang='grc' dir='ltr'>ἀγενησίαν</span> <span class='ocrx_word' id='word_1_383' title='bbox 1487 3576 1600 3647; x_wconf 67' lang='grc' dir='ltr'><strong>ἔχει</strong></span> <span class='ocrx_word' id='word_1_384' title='bbox 1624 3574 1724 3646; x_wconf 83' lang='grc' dir='ltr'>τὴν</span> <span class='ocrx_word' id='word_1_385' title='bbox 1764 3575 1895 3631; x_wconf 81' lang='grc' dir='ltr'>ἀνα-</span> 
     </span>
    </p>
   </div>
   <div class='ocr_carea' id='block_1_61' title="bbox 305 3664 1894 3755">
    <p class='ocr_par' dir='ltr' id='par_1_61' title="bbox 305 3664 1894 3755">
     <span class='ocr_line' id='line_1_61' title="bbox 305 3664 1894 3755; baseline -0.015 -15"><span class='ocrx_word' id='word_1_386' title='bbox 305 3686 506 3755; x_wconf 76' lang='grc' dir='ltr'>φορὰν,</span> <span class='ocrx_word' id='word_1_387' title='bbox 534 3686 567 3753; x_wconf 75' lang='grc' dir='ltr'><strong>ἡ</strong></span> <span class='ocrx_word' id='word_1_388' title='bbox 592 3680 649 3737; x_wconf 71' lang='grc' dir='ltr'><strong>δὲ</strong></span> <span class='ocrx_word' id='word_1_389' title='bbox 687 3680 849 3733; x_wconf 87' lang='grc' dir='ltr'>οὐσία</span> <span class='ocrx_word' id='word_1_390' title='bbox 878 3675 971 3730; x_wconf 74' lang='grc' dir='ltr'><strong>τοῦ</strong></span> <span class='ocrx_word' id='word_1_391' title='bbox 1009 3674 1146 3728; x_wconf 87' lang='grc' dir='ltr'>Θεοῦ</span> <span class='ocrx_word' id='word_1_392' title='bbox 1174 3673 1311 3742; x_wconf 76' lang='grc' dir='ltr'>πρὸς</span> <span class='ocrx_word' id='word_1_393' title='bbox 1332 3670 1484 3724; x_wconf 77' lang='grc' dir='ltr'>οὐδὲν</span> <span class='ocrx_word' id='word_1_394' title='bbox 1504 3668 1617 3739; x_wconf 78' lang='grc' dir='ltr'><strong>ἔχει</strong></span> <span class='ocrx_word' id='word_1_395' title='bbox 1642 3668 1743 3737; x_wconf 78' lang='grc' dir='ltr'>τὴν</span> <span class='ocrx_word' id='word_1_396' title='bbox 1768 3664 1894 3734; x_wconf 82' lang='grc' dir='ltr'><strong>σχέ-</strong></span> 
     </span>
    </p>
   </div>
   <div class='ocr_carea' id='block_1_62' title="bbox 310 3756 1896 3840">
    <p class='ocr_par' dir='ltr' id='par_1_62' title="bbox 310 3756 1896 3840">
     <span class='ocr_line' id='line_1_62' title="bbox 310 3756 1896 3840; baseline -0.016 -9"><span class='ocrx_word' id='word_1_397' title='bbox 310 3794 419 3840; x_wconf 85' lang='grc' dir='ltr'>σιν,</span> <span class='ocrx_word' id='word_1_398' title='bbox 456 3775 575 3837; x_wconf 79' lang='grc' dir='ltr'>πῷς</span> <span class='ocrx_word' id='word_1_399' title='bbox 600 3772 800 3827; x_wconf 81' lang='grc' dir='ltr'>ταυτὸν</span> <span class='ocrx_word' id='word_1_400' title='bbox 833 3768 986 3822; x_wconf 72' lang='grc' dir='ltr'>ἔσται</span> <span class='ocrx_word' id='word_1_401' title='bbox 1015 3767 1075 3819; x_wconf 78' lang='grc' dir='ltr'>τὸ</span> <span class='ocrx_word' id='word_1_402' title='bbox 1113 3764 1250 3836; x_wconf 78' lang='grc' dir='ltr'>πρὸς</span> <span class='ocrx_word' id='word_1_403' title='bbox 1279 3762 1330 3816; x_wconf 83' lang='grc' dir='ltr'>τί</span> <span class='ocrx_word' id='word_1_404' title='bbox 1359 3778 1477 3825; x_wconf 85' lang='grc' dir='ltr'><strong>πως</strong></span> <span class='ocrx_word' id='word_1_405' title='bbox 1518 3759 1640 3830; x_wconf 80' lang='grc' dir='ltr'>ἔχον</span> <span class='ocrx_word' id='word_1_406' title='bbox 1662 3758 1729 3828; x_wconf 77' lang='grc' dir='ltr'><strong>τῇ</strong></span> <span class='ocrx_word' id='word_1_407' title='bbox 1758 3756 1896 3826; x_wconf 80' lang='grc' dir='ltr'>πρὸς</span> 
     </span>
    </p>
   </div>
   <div class='ocr_carea' id='block_1_63' title="bbox 312 3861 943 3939">
    <p class='ocr_par' dir='ltr' id='par_1_63' title="bbox 312 3861 943 3939">
     <span class='ocr_line' id='line_1_63' title="bbox 312 3861 943 3939; baseline -0.014 -17"><span class='ocrx_word' id='word_1_408' title='bbox 312 3867 482 3939; x_wconf 71' lang='grc' dir='ltr'><strong>μηδὲν</strong></span> <span class='ocrx_word' id='word_1_409' title='bbox 512 3863 714 3936; x_wconf 73' lang='grc' dir='ltr'><strong>ἐχούσῃ</strong></span> <span class='ocrx_word' id='word_1_410' title='bbox 746 3861 907 3933; x_wconf 75' lang='grc' dir='ltr'>οὐσίᾳ</span> <span class='ocrx_word' id='word_1_411' title='bbox 926 3876 943 3927; x_wconf 84' lang='lat'><strong>;</strong></span> 
     </span>
    </p>
   </div>
   <div class='ocr_carea' id='block_1_64' title="bbox 1008 4036 1211 4092">
    <p class='ocr_par' dir='ltr' id='par_1_64' title="bbox 1008 4036 1211 4092">
     <span class='ocr_line' id='line_1_64' title="bbox 1008 4036 1211 4092; baseline -0.025 0"><span class='ocrx_word' id='word_1_412' title='bbox 1008 4036 1211 4092; x_wconf 75' lang='grc' dir='ltr'><strong>ΔΛΔΟ.</strong></span> 
     </span>
    </p>
   </div>
   <div class='ocr_carea' id='block_1_65' title="bbox 384 4140 1897 4231">
    <p class='ocr_par' dir='ltr' id='par_1_65' title="bbox 384 4140 1897 4231">
     <span class='ocr_line' id='line_1_65' title="bbox 384 4140 1897 4231; baseline -0.014 -16"><span class='ocrx_word' id='word_1_413' title='bbox 384 4162 451 4215; x_wconf 78' lang='lat' dir='ltr'><strong>El</strong></span> <span class='ocrx_word' id='word_1_414' title='bbox 477 4163 543 4231; x_wconf 81' lang='grc' dir='ltr'>τῇ</span> <span class='ocrx_word' id='word_1_415' title='bbox 570 4158 660 4212; x_wconf 80' lang='grc' dir='ltr'>τοῦ</span> <span class='ocrx_word' id='word_1_416' title='bbox 685 4155 821 4210; x_wconf 88' lang='grc' dir='ltr'>Θεοῦ</span> <span class='ocrx_word' id='word_1_417' title='bbox 847 4154 1005 4226; x_wconf 75' lang='grc' dir='ltr'>οὐσίᾳ.</span> <span class='ocrx_word' id='word_1_418' title='bbox 1027 4152 1179 4205; x_wconf 82' lang='grc' dir='ltr'>οὐδὲν</span> <span class='ocrx_word' id='word_1_419' title='bbox 1196 4140 1818 4231; x_wconf 31' lang='grc' dir='ltr'>ἀντιδιαστέλλεταικτῷ</span> <span class='ocrx_word' id='word_1_420' title='bbox 1839 4141 1897 4195; x_wconf 77' lang='grc' dir='ltr'><strong>δὲ</strong></span> 
     </span>
    </p>
   </div>
   <div class='ocr_carea' id='block_1_66' title="bbox 308 4226 1897 4321">
    <p class='ocr_par' dir='ltr' id='par_1_66' title="bbox 308 4226 1897 4321">
     <span class='ocr_line' id='line_1_66' title="bbox 308 4226 1897 4321; baseline -0.016 -14"><span class='ocrx_word' id='word_1_421' title='bbox 308 4226 563 4321; x_wconf 72' lang='grc' dir='ltr'>ἀγενήτῷ</span> <span class='ocrx_word' id='word_1_422' title='bbox 606 4242 1098 4301; x_wconf 75' lang='grc' dir='ltr'><strong>ἀντιδιαστέλλεται</strong></span> <span class='ocrx_word' id='word_1_423' title='bbox 1144 4239 1205 4293; x_wconf 77' lang='grc' dir='ltr'>τὸ</span> <span class='ocrx_word' id='word_1_424' title='bbox 1247 4235 1492 4308; x_wconf 78' lang='grc' dir='ltr'>γενητὸν,</span> <span class='ocrx_word' id='word_1_425' title='bbox 1539 4234 1658 4295; x_wconf 84' lang='grc' dir='ltr'><strong>πῶς</strong></span> <span class='ocrx_word' id='word_1_426' title='bbox 1694 4226 1805 4286; x_wconf 79' lang='grc' dir='ltr'>οἷόν</span> <span class='ocrx_word' id='word_1_427' title='bbox 1838 4245 1897 4283; x_wconf 82' lang='grc' dir='ltr'>τε</span> 
     </span>
    </p>
   </div>
   <div class='ocr_carea' id='block_1_67' title="bbox 309 4332 1339 4402">
    <p class='ocr_par' dir='ltr' id='par_1_67' title="bbox 309 4332 1339 4402">
     <span class='ocr_line' id='line_1_67' title="bbox 309 4332 1339 4402; baseline -0.017 -3"><span class='ocrx_word' id='word_1_428' title='bbox 309 4342 455 4398; x_wconf 81' lang='grc' dir='ltr'>εἶναι</span> <span class='ocrx_word' id='word_1_429' title='bbox 477 4339 676 4395; x_wconf 78' lang='grc' dir='ltr'>ταυτὸν</span> <span class='ocrx_word' id='word_1_430' title='bbox 699 4336 886 4390; x_wconf 87' lang='grc' dir='ltr'>οὐσίαν</span> <span class='ocrx_word' id='word_1_431' title='bbox 912 4334 1005 4386; x_wconf 80' lang='grc' dir='ltr'><strong>καὶ</strong></span> <span class='ocrx_word' id='word_1_432' title='bbox 1035 4332 1297 4402; x_wconf 78' lang='grc' dir='ltr'>ἀγένητον</span> <span class='ocrx_word' id='word_1_433' title='bbox 1322 4346 1339 4396; x_wconf 86' lang='lat'><strong>;</strong></span> 
     </span>
    </p>
   </div>
   <div class='ocr_carea' id='block_1_68' title="bbox 1008 4446 1211 4499">
    <p class='ocr_par' dir='ltr' id='par_1_68' title="bbox 1008 4446 1211 4499">
     <span class='ocr_line' id='line_1_68' title="bbox 1008 4446 1211 4499; baseline -0.01 0"><span class='ocrx_word' id='word_1_434' title='bbox 1008 4446 1211 4499; x_wconf 74' lang='lat' dir='ltr'><strong>AAAO.</strong></span> 
     </span>
    </p>
   </div>
   <div class='ocr_carea' id='block_1_69' title="bbox 1922 3230 3590 3322">
    <p class='ocr_par' dir='ltr' id='par_1_69' title="bbox 1922 3230 3590 3322">
     <span class='ocr_line' id='line_1_69' title="bbox 1922 3230 3590 3322; baseline -0.001 -15"><span class='ocrx_word' id='word_1_435' title='bbox 1922 3230 1965 3289; x_wconf 66' lang='grc' dir='ltr'><strong>δ</strong></span> <span class='ocrx_word' id='word_1_436' title='bbox 1998 3254 2105 3307; x_wconf 90' lang='lat' dir='ltr'><strong>erit</strong></span> <span class='ocrx_word' id='word_1_437' title='bbox 2137 3253 2277 3308; x_wconf 90' lang='lat' dir='ltr'><strong>idem</strong></span> <span class='ocrx_word' id='word_1_438' title='bbox 2304 3253 2356 3307; x_wconf 90' lang='lat' dir='ltr'><strong>id</strong></span> <span class='ocrx_word' id='word_1_439' title='bbox 2387 3252 2531 3322; x_wconf 87' lang='lat' dir='ltr'><strong>quod</strong></span> <span class='ocrx_word' id='word_1_440' title='bbox 2562 3252 2706 3306; x_wconf 86' lang='lat' dir='ltr'><strong>nulla</strong></span> <span class='ocrx_word' id='word_1_441' title='bbox 2737 3267 2803 3306; x_wconf 81' lang='lat' dir='ltr'><strong>ex</strong></span> <span class='ocrx_word' id='word_1_442' title='bbox 2835 3265 2997 3305; x_wconf 87' lang='lat' dir='ltr'><strong>causa</strong></span> <span class='ocrx_word' id='word_1_443' title='bbox 3054 3230 3276 3316; x_wconf 84' lang='lat' dir='ltr'><strong>dicitur,</strong></span> <span class='ocrx_word' id='word_1_444' title='bbox 3338 3265 3464 3305; x_wconf 82' lang='lat' dir='ltr'><strong>cum</strong></span> <span class='ocrx_word' id='word_1_445' title='bbox 3521 3265 3590 3305; x_wconf 86' lang='lat' dir='ltr'><strong>eo</strong></span> 
     </span>
    </p>
   </div>
   <div class='ocr_carea' id='block_1_70' title="bbox 1995 3344 2890 3417">
    <p class='ocr_par' dir='ltr' id='par_1_70' title="bbox 1995 3344 2890 3417">
     <span class='ocr_line' id='line_1_70' title="bbox 1995 3344 2890 3417; baseline -0.003 -18"><span class='ocrx_word' id='word_1_446' title='bbox 1995 3348 2138 3417; x_wconf 88' lang='lat' dir='ltr'><strong>quod</strong></span> <span class='ocrx_word' id='word_1_447' title='bbox 2172 3346 2354 3415; x_wconf 86' lang='lat' dir='ltr'><strong>aliqua</strong></span> <span class='ocrx_word' id='word_1_448' title='bbox 2385 3360 2453 3401; x_wconf 81' lang='lat' dir='ltr'><strong>ex</strong></span> <span class='ocrx_word' id='word_1_449' title='bbox 2487 3360 2649 3401; x_wconf 85' lang='lat' dir='ltr'><strong>causa</strong></span> <span class='ocrx_word' id='word_1_450' title='bbox 2674 3344 2890 3398; x_wconf 88' lang='lat' dir='ltr'><strong>dicitur.</strong></span> 
     </span>
    </p>
   </div>
   <div class='ocr_carea' id='block_1_71' title="bbox 2671 3452 2906 3509">
    <p class='ocr_par' dir='ltr' id='par_1_71' title="bbox 2671 3452 2906 3509">
     <span class='ocr_line' id='line_1_71' title="bbox 2671 3452 2906 3509; baseline 0 0"><span class='ocrx_word' id='word_1_451' title='bbox 2671 3452 2906 3509; x_wconf 81' lang='lat' dir='ltr'><strong>ALIUD.</strong></span> 
     </span>
    </p>
   </div>
   <div class='ocr_carea' id='block_1_72' title="bbox 2069 3566 3594 3640">
    <p class='ocr_par' dir='ltr' id='par_1_72' title="bbox 2069 3566 3594 3640">
     <span class='ocr_line' id='line_1_72' title="bbox 2069 3566 3594 3640; baseline -0.001 -16"><span class='ocrx_word' id='word_1_452' title='bbox 2069 3570 2125 3624; x_wconf 89' lang='lat' dir='ltr'><strong>Si</strong></span> <span class='ocrx_word' id='word_1_453' title='bbox 2159 3570 2460 3640; x_wconf 74' lang='lat' dir='ltr'><strong>ingenitum</strong></span> <span class='ocrx_word' id='word_1_454' title='bbox 2486 3569 2807 3625; x_wconf 86' lang='lat' dir='ltr'><strong>relationem</strong></span> <span class='ocrx_word' id='word_1_455' title='bbox 2847 3569 3009 3623; x_wconf 84' lang='lat' dir='ltr'><strong>habet</strong></span> <span class='ocrx_word' id='word_1_456' title='bbox 3040 3567 3107 3623; x_wconf 88' lang='lat' dir='ltr'><strong>ad</strong></span> <span class='ocrx_word' id='word_1_457' title='bbox 3130 3566 3594 3638; x_wconf 75' lang='grc' dir='ltr'>ἀγενηόίαν,ειιι)-</span> 
     </span>
    </p>
   </div>
   <div class='ocr_carea' id='block_1_73' title="bbox 1997 3660 3596 3731">
    <p class='ocr_par' dir='ltr' id='par_1_73' title="bbox 1997 3660 3596 3731">
     <span class='ocr_line' id='line_1_73' title="bbox 1997 3660 3596 3731; baseline -0.003 -13"><span class='ocrx_word' id='word_1_458' title='bbox 1997 3662 2195 3718; x_wconf 87' lang='lat' dir='ltr'><strong>stantia</strong></span> <span class='ocrx_word' id='word_1_459' title='bbox 2224 3677 2350 3718; x_wconf 88' lang='lat' dir='ltr'><strong>vero</strong></span> <span class='ocrx_word' id='word_1_460' title='bbox 2383 3660 2475 3717; x_wconf 91' lang='lat' dir='ltr'><strong>Dei</strong></span> <span class='ocrx_word' id='word_1_461' title='bbox 2498 3662 2698 3717; x_wconf 83' lang='lat' dir='ltr'><strong>nullam</strong></span> <span class='ocrx_word' id='word_1_462' title='bbox 2733 3662 2801 3716; x_wconf 87' lang='lat' dir='ltr'><strong>ad</strong></span> <span class='ocrx_word' id='word_1_463' title='bbox 2838 3660 3043 3731; x_wconf 85' lang='lat' dir='ltr'><strong>aliquid</strong></span> <span class='ocrx_word' id='word_1_464' title='bbox 3090 3660 3408 3714; x_wconf 85' lang='lat' dir='ltr'><strong>relationem</strong></span> <span class='ocrx_word' id='word_1_465' title='bbox 3471 3676 3596 3713; x_wconf 82' lang='lat' dir='ltr'><strong>sus-</strong></span> 
     </span>
    </p>
   </div>
   <div class='ocr_carea' id='block_1_74' title="bbox 2000 3751 3597 3824">
    <p class='ocr_par' dir='ltr' id='par_1_74' title="bbox 2000 3751 3597 3824">
     <span class='ocr_line' id='line_1_74' title="bbox 2000 3751 3597 3824; baseline -0.003 -15"><span class='ocrx_word' id='word_1_466' title='bbox 2000 3756 2133 3824; x_wconf 85' lang='lat' dir='ltr'><strong>cipit</strong></span> <span class='ocrx_word' id='word_1_467' title='bbox 2165 3775 2176 3809; x_wconf 89' lang='lat'><strong>:</strong></span> <span class='ocrx_word' id='word_1_468' title='bbox 2208 3769 2317 3823; x_wconf 87' lang='lat' dir='ltr'><strong>quo</strong></span> <span class='ocrx_word' id='word_1_469' title='bbox 2356 3762 2514 3823; x_wconf 87' lang='lat' dir='ltr'><strong>pacto</strong></span> <span class='ocrx_word' id='word_1_470' title='bbox 2558 3754 2701 3809; x_wconf 87' lang='lat' dir='ltr'><strong>idem</strong></span> <span class='ocrx_word' id='word_1_471' title='bbox 2750 3753 2960 3816; x_wconf 53' lang='lat' dir='ltr'><strong>eritrid</strong></span> <span class='ocrx_word' id='word_1_472' title='bbox 2990 3752 3132 3822; x_wconf 87' lang='lat' dir='ltr'><strong>quod</strong></span> <span class='ocrx_word' id='word_1_473' title='bbox 3164 3753 3230 3805; x_wconf 88' lang='lat' dir='ltr'><strong>ad</strong></span> <span class='ocrx_word' id='word_1_474' title='bbox 3276 3751 3475 3821; x_wconf 82' lang='lat' dir='ltr'><strong>aliquid</strong></span> <span class='ocrx_word' id='word_1_475' title='bbox 3510 3767 3597 3805; x_wconf 77' lang='lat' dir='ltr'><strong>re-</strong></span> 
     </span>
    </p>
   </div>
   <div class='ocr_carea' id='block_1_75' title="bbox 1998 3839 3645 3912">
    <p class='ocr_par' dir='ltr' id='par_1_75' title="bbox 1998 3839 3645 3912">
     <span class='ocr_line' id='line_1_75' title="bbox 1998 3839 3645 3912; baseline -0.001 -15"><span class='ocrx_word' id='word_1_476' title='bbox 1998 3842 2172 3899; x_wconf 80' lang='lat' dir='ltr'><strong>fertur</strong></span> <span class='ocrx_word' id='word_1_477' title='bbox 2199 3860 2320 3898; x_wconf 81' lang='lat' dir='ltr'><strong>cum</strong></span> <span class='ocrx_word' id='word_1_478' title='bbox 2350 3843 2654 3901; x_wconf 79' lang='lat' dir='ltr'><strong>substantia</strong></span> <span class='ocrx_word' id='word_1_479' title='bbox 2688 3843 2743 3898; x_wconf 90' lang='lat' dir='ltr'><strong>in</strong></span> <span class='ocrx_word' id='word_1_480' title='bbox 2801 3857 2963 3912; x_wconf 84' lang='lat' dir='ltr'><strong>quam</strong></span> <span class='ocrx_word' id='word_1_481' title='bbox 3022 3840 3213 3895; x_wconf 78' lang='lat' dir='ltr'><strong>relatio</strong></span> <span class='ocrx_word' id='word_1_482' title='bbox 3272 3843 3341 3896; x_wconf 83' lang='lat' dir='ltr'><strong>ad</strong></span> <span class='ocrx_word' id='word_1_483' title='bbox 3388 3839 3596 3910; x_wconf 85' lang='lat' dir='ltr'><strong>aliquid</strong></span> <span class='ocrx_word' id='word_1_484' title='bbox 3642 3858 3645 3859; x_wconf 61' lang='lat'><strong><em>&#39;</em></strong></span> 
     </span>
    </p>
   </div>
   <div class='ocr_carea' id='block_1_76' title="bbox 1999 3937 2340 3992">
    <p class='ocr_par' dir='ltr' id='par_1_76' title="bbox 1999 3937 2340 3992">
     <span class='ocr_line' id='line_1_76' title="bbox 1999 3937 2340 3992; baseline -0.006 0"><span class='ocrx_word' id='word_1_485' title='bbox 1999 3953 2105 3992; x_wconf 86' lang='lat' dir='ltr'><strong>non</strong></span> <span class='ocrx_word' id='word_1_486' title='bbox 2153 3937 2340 3992; x_wconf 76' lang='lat' dir='ltr'><strong>cadit?</strong></span> 
     </span>
    </p>
   </div>
   <div class='ocr_carea' id='block_1_77' title="bbox 2676 4025 2913 4082">
    <p class='ocr_par' dir='ltr' id='par_1_77' title="bbox 2676 4025 2913 4082">
     <span class='ocr_line' id='line_1_77' title="bbox 2676 4025 2913 4082; baseline 0.004 -1"><span class='ocrx_word' id='word_1_487' title='bbox 2676 4025 2913 4082; x_wconf 82' lang='lat' dir='ltr'><strong>ALIUD.</strong></span> 
     </span>
    </p>
   </div>
   <div class='ocr_carea' id='block_1_78' title="bbox 2073 4143 3601 4213">
    <p class='ocr_par' dir='ltr' id='par_1_78' title="bbox 2073 4143 3601 4213">
     <span class='ocr_line' id='line_1_78' title="bbox 2073 4143 3601 4213; baseline -0.002 -12"><span class='ocrx_word' id='word_1_488' title='bbox 2073 4147 2133 4202; x_wconf 89' lang='lat' dir='ltr'><strong>Si</strong></span> <span class='ocrx_word' id='word_1_489' title='bbox 2170 4147 2261 4201; x_wconf 89' lang='lat' dir='ltr'><strong>Dei</strong></span> <span class='ocrx_word' id='word_1_490' title='bbox 2282 4144 2597 4202; x_wconf 64' lang='lat' dir='ltr'><strong>substantia:</strong></span> <span class='ocrx_word' id='word_1_491' title='bbox 2629 4144 2762 4198; x_wconf 92' lang='lat' dir='ltr'><strong>nihil</strong></span> <span class='ocrx_word' id='word_1_492' title='bbox 2785 4143 3109 4213; x_wconf 83' lang='lat' dir='ltr'><strong>apponitur,</strong></span> <span class='ocrx_word' id='word_1_493' title='bbox 3149 4144 3390 4213; x_wconf 72' lang='lat' dir='ltr'><strong>tngeuito</strong></span> <span class='ocrx_word' id='word_1_494' title='bbox 3412 4150 3601 4198; x_wconf 72' lang='lat' dir='ltr'><strong>autem“</strong></span> 
     </span>
    </p>
   </div>
   <div class='ocr_carea' id='block_1_79' title="bbox 2000 4233 3598 4308">
    <p class='ocr_par' dir='ltr' id='par_1_79' title="bbox 2000 4233 3598 4308">
     <span class='ocr_line' id='line_1_79' title="bbox 2000 4233 3598 4308; baseline -0.003 -15"><span class='ocrx_word' id='word_1_495' title='bbox 2000 4238 2291 4308; x_wconf 87' lang='lat' dir='ltr'><strong>opponitur</strong></span> <span class='ocrx_word' id='word_1_496' title='bbox 2322 4238 2565 4308; x_wconf 78' lang='lat' dir='ltr'><strong>genitum</strong></span> <span class='ocrx_word' id='word_1_497' title='bbox 2598 4254 2611 4289; x_wconf 93' lang='lat'>:</span> <span class='ocrx_word' id='word_1_498' title='bbox 2638 4234 2913 4306; x_wconf 89' lang='lat' dir='ltr'><strong>quomodo</strong></span> <span class='ocrx_word' id='word_1_499' title='bbox 2952 4233 3096 4288; x_wconf 87' lang='lat' dir='ltr'><strong>idem</strong></span> <span class='ocrx_word' id='word_1_500' title='bbox 3128 4248 3249 4289; x_wconf 86' lang='lat' dir='ltr'><strong>esse</strong></span> <span class='ocrx_word' id='word_1_501' title='bbox 3266 4234 3441 4305; x_wconf 85' lang='lat' dir='ltr'><strong>possit</strong></span> <span class='ocrx_word' id='word_1_502' title='bbox 3465 4236 3598 4289; x_wconf 56' lang='lat' dir='ltr'><strong>sub.</strong></span> 
     </span>
    </p>
   </div>
   <div class='ocr_carea' id='block_1_80' title="bbox 2001 4329 2635 4399">
    <p class='ocr_par' dir='ltr' id='par_1_80' title="bbox 2001 4329 2635 4399">
     <span class='ocr_line' id='line_1_80' title="bbox 2001 4329 2635 4399; baseline -0.005 -14"><span class='ocrx_word' id='word_1_503' title='bbox 2001 4330 2202 4386; x_wconf 89' lang='lat' dir='ltr'><strong>stantia</strong></span> <span class='ocrx_word' id='word_1_504' title='bbox 2220 4338 2276 4384; x_wconf 91' lang='lat' dir='ltr'><strong>et</strong></span> <span class='ocrx_word' id='word_1_505' title='bbox 2294 4329 2635 4399; x_wconf 72' lang='lat' dir='ltr'><strong>ingenitum?</strong></span> 
     </span>
    </p>
   </div>
   <div class='ocr_carea' id='block_1_81' title="bbox 2669 4434 2903 4499">
    <p class='ocr_par' dir='ltr' id='par_1_81' title="bbox 2669 4434 2903 4499">
     <span class='ocr_line' id='line_1_81' title="bbox 2669 4434 2903 4499; baseline -0.004 -3"><span class='ocrx_word' id='word_1_506' title='bbox 2669 4434 2903 4499; x_wconf 79' lang='lat' dir='ltr'><strong>ALIUD.</strong></span> 
     </span>
    </p>
   </div>
   <div class='ocr_carea' id='block_1_82' title="bbox 386 4546 1887 4631">
    <p class='ocr_par' dir='ltr' id='par_1_82' title="bbox 386 4546 1887 4631">
     <span class='ocr_line' id='line_1_82' title="bbox 386 4546 1887 4631; baseline -0.013 -11"><span class='ocrx_word' id='word_1_507' title='bbox 386 4568 450 4619; x_wconf 77' lang='lat' dir='ltr'><strong>El</strong></span> <span class='ocrx_word' id='word_1_508' title='bbox 480 4565 632 4618; x_wconf 79' lang='grc' dir='ltr'>πᾶσα</span> <span class='ocrx_word' id='word_1_509' title='bbox 666 4561 823 4615; x_wconf 88' lang='grc' dir='ltr'>οὐσία</span> <span class='ocrx_word' id='word_1_510' title='bbox 869 4559 1095 4631; x_wconf 80' lang='grc' dir='ltr'>ρηθεῖσα</span> <span class='ocrx_word' id='word_1_511' title='bbox 1124 4554 1332 4621; x_wconf 81' lang='grc' dir='ltr'>θατέρα</span> <span class='ocrx_word' id='word_1_512' title='bbox 1362 4552 1497 4625; x_wconf 76' lang='grc' dir='ltr'>πρὸς</span> <span class='ocrx_word' id='word_1_513' title='bbox 1536 4550 1793 4619; x_wconf 85' lang='grc' dir='ltr'>θατὲραν,</span> <span class='ocrx_word' id='word_1_514' title='bbox 1836 4546 1887 4600; x_wconf 80' lang='grc' dir='ltr'>οί</span> 
     </span>
    </p>
   </div>
   <div class='ocr_carea' id='block_1_83' title="bbox 2009 4546 3595 4631">
    <p class='ocr_par' dir='ltr' id='par_1_83' title="bbox 2076 4553 3595 4621">
     <span class='ocr_line' id='line_1_83' title="bbox 2076 4553 3595 4621; baseline -0.002 -9"><span class='ocrx_word' id='word_1_515' title='bbox 2076 4555 2133 4612; x_wconf 88' lang='lat' dir='ltr'><strong>Si</strong></span> <span class='ocrx_word' id='word_1_516' title='bbox 2163 4556 2341 4611; x_wconf 82' lang='lat' dir='ltr'><strong>omnis</strong></span> <span class='ocrx_word' id='word_1_517' title='bbox 2364 4555 2668 4612; x_wconf 89' lang='lat' dir='ltr'><strong>substantia</strong></span> <span class='ocrx_word' id='word_1_518' title='bbox 2688 4557 2981 4612; x_wconf 71' lang='lat' dir='ltr'><strong>’nomiuata</strong></span> <span class='ocrx_word' id='word_1_519' title='bbox 3007 4554 3177 4609; x_wconf 86' lang='lat' dir='ltr'><strong>altera</strong></span> <span class='ocrx_word' id='word_1_520' title='bbox 3226 4553 3296 4610; x_wconf 87' lang='lat' dir='ltr'><strong>ad</strong></span> <span class='ocrx_word' id='word_1_521' title='bbox 3340 4554 3595 4621; x_wconf 85' lang='lat' dir='ltr'><strong>alteram,</strong></span> 
     </span>
    </p>
   </div>
   <div class='ocr_carea' id='block_1_84' title="bbox 310 4640 1898 4728">
    <p class='ocr_par' dir='ltr' id='par_1_84' title="bbox 310 4640 1898 4728">
     <span class='ocr_line' id='line_1_84' title="bbox 310 4640 1898 4728; baseline -0.013 -16"><span class='ocrx_word' id='word_1_522' title='bbox 310 4658 464 4728; x_wconf 76' lang='grc' dir='ltr'>δηλοῖ</span> <span class='ocrx_word' id='word_1_523' title='bbox 503 4655 603 4726; x_wconf 80' lang='grc' dir='ltr'><strong>τὴν</strong></span> <span class='ocrx_word' id='word_1_524' title='bbox 635 4652 835 4723; x_wconf 75' lang='grc' dir='ltr'>ἑαυτῆς</span> <span class='ocrx_word' id='word_1_525' title='bbox 878 4646 1172 4720; x_wconf 80' lang='grc' dir='ltr'>ὑπεροχὴν,</span> <span class='ocrx_word' id='word_1_526' title='bbox 1216 4646 1291 4715; x_wconf 81' lang='grc' dir='ltr'><strong>μὴ</strong></span> <span class='ocrx_word' id='word_1_527' title='bbox 1336 4640 1898 4714; x_wconf 77' lang='grc' dir='ltr'>συμπαραληφθέντος</span> 
     </span>
    </p>
   </div>
   <div class='ocr_carea' id='block_1_85' title="bbox 312 4734 1900 4817">
    <p class='ocr_par' dir='ltr' id='par_1_85' title="bbox 312 4734 1900 4817">
     <span class='ocr_line' id='line_1_85' title="bbox 312 4734 1900 4817; baseline -0.013 -14"><span class='ocrx_word' id='word_1_528' title='bbox 312 4747 409 4804; x_wconf 82' lang='grc' dir='ltr'>τοῦ</span> <span class='ocrx_word' id='word_1_529' title='bbox 440 4746 539 4817; x_wconf 80' lang='grc' dir='ltr'><strong>τῆς</strong></span> <span class='ocrx_word' id='word_1_530' title='bbox 585 4742 861 4815; x_wconf 77' lang='grc' dir='ltr'>ὑπεροχῆς</span> <span class='ocrx_word' id='word_1_531' title='bbox 907 4740 1189 4811; x_wconf 82' lang='grc' dir='ltr'>ὀνόματος,</span> <span class='ocrx_word' id='word_1_532' title='bbox 1242 4736 1403 4809; x_wconf 77' lang='grc' dir='ltr'>ῥηθὲν</span> <span class='ocrx_word' id='word_1_533' title='bbox 1445 4734 1499 4787; x_wconf 79' lang='grc' dir='ltr'><strong>δὲ</strong></span> <span class='ocrx_word' id='word_1_534' title='bbox 1528 4734 1589 4787; x_wconf 77' lang='grc' dir='ltr'>τὸ</span> <span class='ocrx_word' id='word_1_535' title='bbox 1636 4734 1900 4801; x_wconf 82' lang='grc' dir='ltr'>ἀγένητον</span> 
     </span>
    </p>
   </div>
   <div class='ocr_carea' id='block_1_86' title="bbox 313 4825 1903 4907">
    <p class='ocr_par' dir='ltr' id='par_1_86' title="bbox 313 4825 1903 4907">
     <span class='ocr_line' id='line_1_86' title="bbox 313 4825 1903 4907; baseline -0.013 -11"><span class='ocrx_word' id='word_1_536' title='bbox 313 4839 478 4903; x_wconf 71' lang='grc' dir='ltr'>εὐθὺς</span> <span class='ocrx_word' id='word_1_537' title='bbox 516 4837 770 4907; x_wconf 74' lang='grc' dir='ltr'>ἐμφαίνει</span> <span class='ocrx_word' id='word_1_538' title='bbox 798 4833 1081 4903; x_wconf 77' lang='grc' dir='ltr'>διαφορὰν,</span> <span class='ocrx_word' id='word_1_539' title='bbox 1104 4828 1221 4892; x_wconf 79' lang='grc' dir='ltr'><strong>πῶς</strong></span> <span class='ocrx_word' id='word_1_540' title='bbox 1242 4829 1362 4899; x_wconf 79' lang='grc' dir='ltr'><strong>οὐχὶ</strong></span> <span class='ocrx_word' id='word_1_541' title='bbox 1388 4827 1438 4880; x_wconf 83' lang='grc' dir='ltr'><strong>οἱ</strong></span> <span class='ocrx_word' id='word_1_542' title='bbox 1462 4826 1732 4894; x_wconf 80' lang='grc' dir='ltr'>λέγοντες,</span> <span class='ocrx_word' id='word_1_543' title='bbox 1760 4825 1903 4877; x_wconf 87' lang='grc' dir='ltr'>Ταυ-</span> 
     </span>
    </p>
   </div>
   <div class='ocr_carea' id='block_1_87' title="bbox 312 4919 1498 4993">
    <p class='ocr_par' dir='ltr' id='par_1_87' title="bbox 312 4919 1498 4993">
     <span class='ocr_line' id='line_1_87' title="bbox 312 4919 1498 4993; baseline -0.013 -8"><span class='ocrx_word' id='word_1_544' title='bbox 312 4931 407 4985; x_wconf 75' lang='grc' dir='ltr'><strong>τὸν</strong></span> <span class='ocrx_word' id='word_1_545' title='bbox 438 4926 603 4982; x_wconf 90' lang='grc' dir='ltr'>οὐσία</span> <span class='ocrx_word' id='word_1_546' title='bbox 628 4925 723 4978; x_wconf 72' lang='grc' dir='ltr'><strong>καὶ</strong></span> <span class='ocrx_word' id='word_1_547' title='bbox 746 4922 1036 4993; x_wconf 80' lang='grc' dir='ltr'>ἀγένητον,</span> <span class='ocrx_word' id='word_1_548' title='bbox 1066 4919 1458 4991; x_wconf 78' lang='grc' dir='ltr'><strong>ἀφρονέστατοι</strong></span> <span class='ocrx_word' id='word_1_549' title='bbox 1482 4932 1498 4982; x_wconf 88' lang='grc'><strong>;</strong></span> 
     </span>
    </p>
   </div>
   <div class='ocr_carea' id='block_1_88' title="bbox 1003 5146 1210 5200">
    <p class='ocr_par' dir='ltr' id='par_1_88' title="bbox 1003 5146 1210 5200">
     <span class='ocr_line' id='line_1_88' title="bbox 1003 5146 1210 5200; baseline -0.01 -1"><span class='ocrx_word' id='word_1_550' title='bbox 1003 5146 1210 5200; x_wconf 78' lang='grc' dir='ltr'><strong>ΔΛΛΟ.</strong></span> 
     </span>
    </p>
   </div>
   <div class='ocr_carea' id='block_1_89' title="bbox 387 5252 1898 5333">
    <p class='ocr_par' dir='ltr' id='par_1_89' title="bbox 387 5252 1898 5333">
     <span class='ocr_line' id='line_1_89' title="bbox 387 5252 1898 5333; baseline -0.012 -12"><span class='ocrx_word' id='word_1_551' title='bbox 387 5268 450 5321; x_wconf 79' lang='lat' dir='ltr'><strong>Ei</strong></span> <span class='ocrx_word' id='word_1_552' title='bbox 476 5266 540 5319; x_wconf 84' lang='grc' dir='ltr'>τδ</span> <span class='ocrx_word' id='word_1_553' title='bbox 566 5262 827 5333; x_wconf 68' lang='grc' dir='ltr'>ἀγένητον</span> <span class='ocrx_word' id='word_1_554' title='bbox 856 5260 1034 5324; x_wconf 88' lang='grc' dir='ltr'>οὐσία,</span> <span class='ocrx_word' id='word_1_555' title='bbox 1064 5258 1219 5311; x_wconf 63' lang='grc' dir='ltr'>ἕσται</span> <span class='ocrx_word' id='word_1_556' title='bbox 1251 5256 1401 5309; x_wconf 79' lang='grc' dir='ltr'><strong>πᾶσα</strong></span> <span class='ocrx_word' id='word_1_557' title='bbox 1430 5252 1586 5307; x_wconf 90' lang='grc' dir='ltr'>οὐσία</span> <span class='ocrx_word' id='word_1_558' title='bbox 1611 5252 1898 5323; x_wconf 82' lang='grc' dir='ltr'>ἀγένητον,</span> 
     </span>
    </p>
   </div>
   <div class='ocr_carea' id='block_1_90' title="bbox 313 5352 720 5428">
    <p class='ocr_par' dir='ltr' id='par_1_90' title="bbox 313 5352 720 5428">
     <span class='ocr_line' id='line_1_90' title="bbox 313 5352 720 5428; baseline -0.022 -15"><span class='ocrx_word' id='word_1_559' title='bbox 313 5358 457 5428; x_wconf 72' lang='grc' dir='ltr'><strong>ὅπερ</strong></span> <span class='ocrx_word' id='word_1_560' title='bbox 495 5352 720 5416; x_wconf 72' lang='grc' dir='ltr'><strong>ἀσεῆἐς.</strong></span> 
     </span>
    </p>
   </div>
   <div class='ocr_carea' id='block_1_91' title="bbox 1008 5458 1207 5512">
    <p class='ocr_par' dir='ltr' id='par_1_91' title="bbox 1008 5458 1207 5512">
     <span class='ocr_line' id='line_1_91' title="bbox 1008 5458 1207 5512; baseline 0.005 -1"><span class='ocrx_word' id='word_1_561' title='bbox 1008 5458 1207 5512; x_wconf 71' lang='lat' dir='ltr'><strong>AAAO.</strong></span> 
     </span>
    </p>
   </div>
   <div class='ocr_carea' id='block_1_92' title="bbox 388 5567 1905 5646">
    <p class='ocr_par' dir='ltr' id='par_1_92' title="bbox 388 5567 1905 5646">
     <span class='ocr_line' id='line_1_92' title="bbox 388 5567 1905 5646; baseline -0.01 -12"><span class='ocrx_word' id='word_1_562' title='bbox 388 5580 449 5634; x_wconf 81' lang='grc' dir='ltr'><strong>Εί</strong></span> <span class='ocrx_word' id='word_1_563' title='bbox 504 5578 566 5632; x_wconf 84' lang='grc' dir='ltr'>τὸ</span> <span class='ocrx_word' id='word_1_564' title='bbox 613 5577 881 5646; x_wconf 75' lang='grc' dir='ltr'>ἀγένητον</span> <span class='ocrx_word' id='word_1_565' title='bbox 932 5573 1112 5636; x_wconf 82' lang='grc' dir='ltr'>οὐσία,</span> <span class='ocrx_word' id='word_1_566' title='bbox 1146 5571 1276 5625; x_wconf 82' lang='grc' dir='ltr'>ῐδιον</span> <span class='ocrx_word' id='word_1_567' title='bbox 1309 5569 1367 5623; x_wconf 77' lang='grc' dir='ltr'><strong>δὲ</strong></span> <span class='ocrx_word' id='word_1_568' title='bbox 1408 5567 1595 5631; x_wconf 87' lang='grc' dir='ltr'>οὐσίας</span> <span class='ocrx_word' id='word_1_569' title='bbox 1639 5567 1905 5621; x_wconf 85' lang='grc' dir='ltr'>τάναντία</span> 
     </span>
    </p>
   </div>
   <div class='ocr_carea' id='block_1_93' title="bbox 311 5658 1905 5741">
    <p class='ocr_par' dir='ltr' id='par_1_93' title="bbox 311 5658 1905 5741">
     <span class='ocr_line' id='line_1_93' title="bbox 311 5658 1905 5741; baseline -0.009 -17"><span class='ocrx_word' id='word_1_570' title='bbox 311 5670 595 5741; x_wconf 66' lang='grc' dir='ltr'>δέχεσθαι,</span> <span class='ocrx_word' id='word_1_571' title='bbox 621 5668 731 5721; x_wconf 85' lang='grc' dir='ltr'><strong>τῶν</strong></span> <span class='ocrx_word' id='word_1_572' title='bbox 757 5664 1021 5719; x_wconf 67' lang='grc' dir='ltr'>ἐναντίων</span> <span class='ocrx_word' id='word_1_573' title='bbox 1048 5662 1383 5717; x_wconf 67' lang='grc' dir='ltr'>ἐπιδεκτικὸν</span> <span class='ocrx_word' id='word_1_574' title='bbox 1416 5659 1569 5712; x_wconf 78' lang='grc' dir='ltr'>ἔσται</span> <span class='ocrx_word' id='word_1_575' title='bbox 1596 5658 1659 5711; x_wconf 75' lang='grc' dir='ltr'>τὸ</span> <span class='ocrx_word' id='word_1_576' title='bbox 1707 5658 1905 5729; x_wconf 81' lang='grc' dir='ltr'><strong>ἀγένη-</strong></span> 
     </span>
    </p>
   </div>
   <div class='ocr_carea' id='block_1_94' title="bbox 2008 4645 3597 4718">
    <p class='ocr_par' dir='ltr' id='par_1_94' title="bbox 2008 4645 3597 4718">
     <span class='ocr_line' id='line_1_94' title="bbox 2008 4645 3597 4718; baseline -0.001 -16"><span class='ocrx_word' id='word_1_577' title='bbox 2008 4662 2161 4702; x_wconf 89' lang='lat' dir='ltr'><strong>suam</strong></span> <span class='ocrx_word' id='word_1_578' title='bbox 2189 4648 2361 4717; x_wconf 87' lang='lat' dir='ltr'><strong>ipsius</strong></span> <span class='ocrx_word' id='word_1_579' title='bbox 2390 4648 2761 4718; x_wconf 60' lang='lat' dir='ltr'><strong>praestantiam</strong></span> <span class='ocrx_word' id='word_1_580' title='bbox 2790 4662 2893 4702; x_wconf 90' lang='lat' dir='ltr'><strong>non</strong></span> <span class='ocrx_word' id='word_1_581' title='bbox 2942 4646 3203 4710; x_wconf 77' lang='lat' dir='ltr'><strong>declarat,</strong></span> <span class='ocrx_word' id='word_1_582' title='bbox 3239 4645 3340 4701; x_wconf 89' lang='lat' dir='ltr'><strong>nisi</strong></span> <span class='ocrx_word' id='word_1_583' title='bbox 3397 4660 3597 4701; x_wconf 89' lang='lat' dir='ltr'><strong>nomen</strong></span> 
     </span>
    </p>
   </div>
   <div class='ocr_carea' id='block_1_95' title="bbox 2010 4735 3595 4808">
    <p class='ocr_par' dir='ltr' id='par_1_95' title="bbox 2010 4735 3595 4808">
     <span class='ocr_line' id='line_1_95' title="bbox 2010 4735 3595 4808; baseline -0.001 -15"><span class='ocrx_word' id='word_1_584' title='bbox 2010 4740 2184 4808; x_wconf 90' lang='lat' dir='ltr'><strong>ipsum</strong></span> <span class='ocrx_word' id='word_1_585' title='bbox 2209 4740 2537 4808; x_wconf 71' lang='lat' dir='ltr'><strong>pmstantize</strong></span> <span class='ocrx_word' id='word_1_586' title='bbox 2565 4739 2873 4807; x_wconf 83' lang='lat' dir='ltr'><strong>adjiciatur,</strong></span> <span class='ocrx_word' id='word_1_587' title='bbox 2912 4735 3210 4807; x_wconf 77' lang='lat' dir='ltr'><strong>ingenitum</strong></span> <span class='ocrx_word' id='word_1_588' title='bbox 3270 4750 3397 4790; x_wconf 90' lang='lat' dir='ltr'><strong>vero</strong></span> <span class='ocrx_word' id='word_1_589' title='bbox 3434 4737 3595 4791; x_wconf 88' lang='lat' dir='ltr'><strong>simul</strong></span> 
     </span>
    </p>
   </div>
   <div class='ocr_carea' id='block_1_96' title="bbox 2018 4828 3598 4903">
    <p class='ocr_par' dir='ltr' id='par_1_96' title="bbox 2018 4828 3598 4903">
     <span class='ocr_line' id='line_1_96' title="bbox 2018 4828 3598 4903; baseline -0.003 -16"><span class='ocrx_word' id='word_1_590' title='bbox 2018 4844 2183 4903; x_wconf 86' lang='lat' dir='ltr'><strong>atque</strong></span> <span class='ocrx_word' id='word_1_591' title='bbox 2209 4830 2520 4886; x_wconf 87' lang='lat' dir='ltr'><strong>nominatur</strong></span> <span class='ocrx_word' id='word_1_592' title='bbox 2549 4830 2910 4885; x_wconf 81' lang='lat' dir='ltr'><strong>diﬂ&#39;erentiam</strong></span> <span class='ocrx_word' id='word_1_593' title='bbox 2968 4828 3253 4884; x_wconf 83' lang='lat' dir='ltr'><strong>declarat:</strong></span> <span class='ocrx_word' id='word_1_594' title='bbox 3296 4841 3403 4897; x_wconf 88' lang='lat' dir='ltr'><strong>quo</strong></span> <span class='ocrx_word' id='word_1_595' title='bbox 3438 4840 3598 4898; x_wconf 88' lang='lat' dir='ltr'><strong>pacto</strong></span> 
     </span>
    </p>
   </div>
   <div class='ocr_carea' id='block_1_97' title="bbox 2014 4921 3603 4994">
    <p class='ocr_par' dir='ltr' id='par_1_97' title="bbox 2014 4921 3603 4994">
     <span class='ocr_line' id='line_1_97' title="bbox 2014 4921 3603 4994; baseline -0.002 -14"><span class='ocrx_word' id='word_1_596' title='bbox 2014 4943 2118 4981; x_wconf 91' lang='lat' dir='ltr'><strong>non</strong></span> <span class='ocrx_word' id='word_1_597' title='bbox 2145 4926 2426 4981; x_wconf 87' lang='lat' dir='ltr'><strong>dementes</strong></span> <span class='ocrx_word' id='word_1_598' title='bbox 2454 4924 2734 4994; x_wconf 73' lang='lat' dir='ltr'><strong>iudicandi</strong></span> <span class='ocrx_word' id='word_1_599' title='bbox 2770 4934 2920 4987; x_wconf 91' lang='lat' dir='ltr'><strong>sunt,</strong></span> <span class='ocrx_word' id='word_1_600' title='bbox 2945 4922 3040 4993; x_wconf 88' lang='lat' dir='ltr'><strong>qui</strong></span> <span class='ocrx_word' id='word_1_601' title='bbox 3074 4921 3219 4977; x_wconf 89' lang='lat' dir='ltr'><strong>idem</strong></span> <span class='ocrx_word' id='word_1_602' title='bbox 3253 4936 3374 4978; x_wconf 84' lang='lat' dir='ltr'><strong>esse</strong></span> <span class='ocrx_word' id='word_1_603' title='bbox 3410 4921 3603 4977; x_wconf 85' lang='lat' dir='ltr'><strong>dicunt</strong></span> 
     </span>
    </p>
   </div>
   <div class='ocr_carea' id='block_1_98' title="bbox 2007 5015 2818 5087">
    <p class='ocr_par' dir='ltr' id='par_1_98' title="bbox 2007 5015 2818 5087">
     <span class='ocr_line' id='line_1_98' title="bbox 2007 5015 2818 5087; baseline -0.005 -15"><span class='ocrx_word' id='word_1_604' title='bbox 2007 5018 2367 5073; x_wconf 85' lang='lat' dir='ltr'><strong>substantiam</strong></span> <span class='ocrx_word' id='word_1_605' title='bbox 2401 5026 2455 5072; x_wconf 89' lang='lat' dir='ltr'><strong>et</strong></span> <span class='ocrx_word' id='word_1_606' title='bbox 2486 5015 2818 5087; x_wconf 74' lang='lat' dir='ltr'><strong>ingenitum?</strong></span> 
     </span>
    </p>
   </div>
   <div class='ocr_carea' id='block_1_99' title="bbox 2684 5124 2919 5181">
    <p class='ocr_par' dir='ltr' id='par_1_99' title="bbox 2684 5124 2919 5181">
     <span class='ocr_line' id='line_1_99' title="bbox 2684 5124 2919 5181; baseline -0.013 0"><span class='ocrx_word' id='word_1_607' title='bbox 2684 5124 2919 5181; x_wconf 82' lang='lat' dir='ltr'><strong>ALIUD.</strong></span> 
     </span>
    </p>
   </div>
   <div class='ocr_carea' id='block_1_100' title="bbox 2083 5237 3601 5309">
    <p class='ocr_par' dir='ltr' id='par_1_100' title="bbox 2083 5237 3601 5309">
     <span class='ocr_line' id='line_1_100' title="bbox 2083 5237 3601 5309; baseline 0.001 -16"><span class='ocrx_word' id='word_1_608' title='bbox 2083 5240 2140 5293; x_wconf 90' lang='lat' dir='ltr'><strong>Si</strong></span> <span class='ocrx_word' id='word_1_609' title='bbox 2175 5239 2474 5309; x_wconf 76' lang='lat' dir='ltr'><strong>ingenitum</strong></span> <span class='ocrx_word' id='word_1_610' title='bbox 2514 5237 2819 5293; x_wconf 87' lang='lat' dir='ltr'><strong>substantia</strong></span> <span class='ocrx_word' id='word_1_611' title='bbox 2859 5247 2965 5305; x_wconf 87' lang='lat' dir='ltr'><strong>est,</strong></span> <span class='ocrx_word' id='word_1_612' title='bbox 3033 5238 3139 5293; x_wconf 83' lang='lat' dir='ltr'><strong>erit</strong></span> <span class='ocrx_word' id='word_1_613' title='bbox 3196 5237 3363 5294; x_wconf 86' lang='lat' dir='ltr'><strong>etiam</strong></span> <span class='ocrx_word' id='word_1_614' title='bbox 3420 5237 3601 5294; x_wconf 85' lang='lat' dir='ltr'><strong>omnis</strong></span> 
     </span>
    </p>
   </div>
   <div class='ocr_carea' id='block_1_101' title="bbox 2012 5326 3219 5400">
    <p class='ocr_par' dir='ltr' id='par_1_101' title="bbox 2012 5326 3219 5400">
     <span class='ocr_line' id='line_1_101' title="bbox 2012 5326 3219 5400; baseline -0.001 -16"><span class='ocrx_word' id='word_1_615' title='bbox 2012 5326 2316 5385; x_wconf 81' lang='lat' dir='ltr'><strong>substantia</strong></span> <span class='ocrx_word' id='word_1_616' title='bbox 2348 5329 2668 5399; x_wconf 79' lang='lat' dir='ltr'><strong>ingenitum,</strong></span> <span class='ocrx_word' id='word_1_617' title='bbox 2691 5330 2835 5400; x_wconf 87' lang='lat' dir='ltr'><strong>quod</strong></span> <span class='ocrx_word' id='word_1_618' title='bbox 2860 5329 3089 5399; x_wconf 89' lang='lat' dir='ltr'><strong>impium</strong></span> <span class='ocrx_word' id='word_1_619' title='bbox 3116 5339 3219 5385; x_wconf 87' lang='lat' dir='ltr'><strong>est.</strong></span> 
     </span>
    </p>
   </div>
   <div class='ocr_carea' id='block_1_102' title="bbox 2686 5441 2921 5501">
    <p class='ocr_par' dir='ltr' id='par_1_102' title="bbox 2686 5441 2921 5501">
     <span class='ocr_line' id='line_1_102' title="bbox 2686 5441 2921 5501; baseline 0.009 -5"><span class='ocrx_word' id='word_1_620' title='bbox 2686 5441 2847 5501; x_wconf 84' lang='lat' dir='ltr'><strong>ALIU</strong></span> <span class='ocrx_word' id='word_1_621' title='bbox 2859 5445 2921 5499; x_wconf 84' lang='grc' dir='ltr'><strong>ι).</strong></span> 
     </span>
    </p>
   </div>
   <div class='ocr_carea' id='block_1_103' title="bbox 2084 5556 3606 5628">
    <p class='ocr_par' dir='ltr' id='par_1_103' title="bbox 2084 5556 3606 5628">
     <span class='ocr_line' id='line_1_103' title="bbox 2084 5556 3606 5628; baseline -0.001 -15"><span class='ocrx_word' id='word_1_622' title='bbox 2084 5557 2139 5613; x_wconf 90' lang='lat' dir='ltr'><strong>Si</strong></span> <span class='ocrx_word' id='word_1_623' title='bbox 2174 5558 2469 5628; x_wconf 77' lang='lat' dir='ltr'><strong>ingenitum</strong></span> <span class='ocrx_word' id='word_1_624' title='bbox 2505 5557 2807 5612; x_wconf 85' lang='lat' dir='ltr'><strong>substantia</strong></span> <span class='ocrx_word' id='word_1_625' title='bbox 2833 5568 2937 5624; x_wconf 89' lang='lat' dir='ltr'><strong>est,</strong></span> <span class='ocrx_word' id='word_1_626' title='bbox 2963 5556 3239 5627; x_wconf 88' lang='lat' dir='ltr'><strong>proprium</strong></span> <span class='ocrx_word' id='word_1_627' title='bbox 3264 5564 3442 5611; x_wconf 84' lang='lat' dir='ltr'><strong>autem</strong></span> <span class='ocrx_word' id='word_1_628' title='bbox 3476 5557 3606 5612; x_wconf 87' lang='lat' dir='ltr'><strong>sub-</strong></span> 
     </span>
    </p>
   </div>
   <div class='ocr_carea' id='block_1_104' title="bbox 2016 5648 3606 5720">
    <p class='ocr_par' dir='ltr' id='par_1_104' title="bbox 2016 5648 3606 5720">
     <span class='ocr_line' id='line_1_104' title="bbox 2016 5648 3606 5720; baseline -0.004 -15"><span class='ocrx_word' id='word_1_629' title='bbox 2016 5650 2233 5705; x_wconf 65' lang='lat' dir='ltr'><strong>stantia;</strong></span> <span class='ocrx_word' id='word_1_630' title='bbox 2265 5650 2547 5720; x_wconf 84' lang='lat' dir='ltr'><strong>suscipere</strong></span> <span class='ocrx_word' id='word_1_631' title='bbox 2570 5651 2870 5715; x_wconf 87' lang='lat' dir='ltr'><strong>contraria,</strong></span> <span class='ocrx_word' id='word_1_632' title='bbox 2932 5648 3233 5718; x_wconf 78' lang='lat' dir='ltr'><strong>ingenitum</strong></span> <span class='ocrx_word' id='word_1_633' title='bbox 3281 5649 3443 5703; x_wconf 87' lang='lat' dir='ltr'><strong>etiam</strong></span> <span class='ocrx_word' id='word_1_634' title='bbox 3476 5663 3606 5702; x_wconf 88' lang='lat' dir='ltr'><strong>cou-</strong></span> 
     </span>
    </p>
   </div>
   <div class='ocr_carea' id='block_1_105' title="bbox 309 5740 1887 5831">
    <p class='ocr_par' dir='ltr' id='par_1_105' title="bbox 309 5740 1887 5831">
     <span class='ocr_line' id='line_1_105' title="bbox 309 5740 1887 5831; baseline -0.01 -13"><span class='ocrx_word' id='word_1_635' title='bbox 309 5740 418 5819; x_wconf 85' lang='grc' dir='ltr'>τον.</span> <span class='ocrx_word' id='word_1_636' title='bbox 449 5766 515 5821; x_wconf 84' lang='grc' dir='ltr'><strong>Εί</strong></span> <span class='ocrx_word' id='word_1_637' title='bbox 535 5764 592 5817; x_wconf 83' lang='grc' dir='ltr'><strong>δὲ</strong></span> <span class='ocrx_word' id='word_1_638' title='bbox 616 5762 749 5816; x_wconf 78' lang='grc' dir='ltr'>ἴδιον</span> <span class='ocrx_word' id='word_1_639' title='bbox 777 5760 879 5831; x_wconf 82' lang='grc' dir='ltr'><strong>μὲν</strong></span> <span class='ocrx_word' id='word_1_640' title='bbox 903 5757 1062 5813; x_wconf 78' lang='grc' dir='ltr'>τοῦτο</span> <span class='ocrx_word' id='word_1_641' title='bbox 1077 5756 1261 5819; x_wconf 85' lang='grc' dir='ltr'>οὐσίας</span> <span class='ocrx_word' id='word_1_642' title='bbox 1284 5754 1383 5827; x_wconf 79' lang='grc' dir='ltr'>(τῷ</span> <span class='ocrx_word' id='word_1_643' title='bbox 1409 5754 1517 5825; x_wconf 82' lang='grc' dir='ltr'>γὰρ</span> <span class='ocrx_word' id='word_1_644' title='bbox 1548 5753 1622 5822; x_wconf 82' lang='grc' dir='ltr'><strong>μὴ</strong></span> <span class='ocrx_word' id='word_1_645' title='bbox 1647 5752 1887 5822; x_wconf 77' lang='grc' dir='ltr'>δημιουρ</span> 
     </span>
    </p>
   </div>
   <div class='ocr_carea' id='block_1_106' title="bbox 2009 5740 3603 5831">
    <p class='ocr_par' dir='ltr' id='par_1_106' title="bbox 2014 5740 3603 5811">
     <span class='ocr_line' id='line_1_106' title="bbox 2014 5740 3603 5811; baseline -0.003 -13"><span class='ocrx_word' id='word_1_646' title='bbox 2014 5744 2179 5798; x_wconf 88' lang='lat' dir='ltr'><strong>traria</strong></span> <span class='ocrx_word' id='word_1_647' title='bbox 2200 5742 2478 5811; x_wconf 87' lang='lat' dir='ltr'><strong>suscipiet.</strong></span> <span class='ocrx_word' id='word_1_648' title='bbox 2510 5742 2567 5796; x_wconf 90' lang='lat' dir='ltr'><strong>Si</strong></span> <span class='ocrx_word' id='word_1_649' title='bbox 2595 5758 2724 5797; x_wconf 86' lang='lat' dir='ltr'><strong>vero</strong></span> <span class='ocrx_word' id='word_1_650' title='bbox 2773 5743 2874 5796; x_wconf 89' lang='lat' dir='ltr'><strong>hoc</strong></span> <span class='ocrx_word' id='word_1_651' title='bbox 2920 5740 3142 5809; x_wconf 90' lang='lat' dir='ltr'><strong>quidem</strong></span> <span class='ocrx_word' id='word_1_652' title='bbox 3200 5740 3477 5809; x_wconf 88' lang='lat' dir='ltr'><strong>proprium</strong></span> <span class='ocrx_word' id='word_1_653' title='bbox 3517 5750 3603 5793; x_wconf 71' lang='lat' dir='ltr'><strong>est</strong></span> 
     </span>
    </p>
   </div>
   <div class='ocr_carea' id='block_1_107' title="bbox 311 5842 1903 5925">
    <p class='ocr_par' dir='ltr' id='par_1_107' title="bbox 311 5842 1903 5925">
     <span class='ocr_line' id='line_1_107' title="bbox 311 5842 1903 5925; baseline -0.011 -15"><span class='ocrx_word' id='word_1_654' title='bbox 311 5859 424 5925; x_wconf 79' lang='grc' dir='ltr'>τείν</span> <span class='ocrx_word' id='word_1_655' title='bbox 458 5856 522 5912; x_wconf 84' lang='grc' dir='ltr'>τὸ</span> <span class='ocrx_word' id='word_1_656' title='bbox 572 5853 935 5925; x_wconf 68' lang='grc' dir='ltr'>δημιουργεῖν</span> <span class='ocrx_word' id='word_1_657' title='bbox 994 5848 1315 5917; x_wconf 84' lang='grc' dir='ltr'>ἀντίκειται,</span> <span class='ocrx_word' id='word_1_658' title='bbox 1353 5846 1538 5900; x_wconf 78' lang='grc' dir='ltr'>οὐκέτι</span> <span class='ocrx_word' id='word_1_659' title='bbox 1592 5844 1648 5899; x_wconf 76' lang='grc' dir='ltr'><strong>δὲ</strong></span> <span class='ocrx_word' id='word_1_660' title='bbox 1699 5843 1792 5897; x_wconf 78' lang='grc' dir='ltr'><strong>καὶ</strong></span> <span class='ocrx_word' id='word_1_661' title='bbox 1826 5842 1903 5913; x_wconf 79' lang='grc' dir='ltr'><strong>τῷ</strong></span> 
     </span>
    </p>
   </div>
   <div class='ocr_carea' id='block_1_108' title="bbox 2012 5834 3603 5905">
    <p class='ocr_par' dir='ltr' id='par_1_108' title="bbox 2012 5834 3603 5905">
     <span class='ocr_line' id='line_1_108' title="bbox 2012 5834 3603 5905; baseline -0.006 -11"><span class='ocrx_word' id='word_1_662' title='bbox 2012 5836 2331 5895; x_wconf 65' lang='lat' dir='ltr'><strong>substantias</strong></span> <span class='ocrx_word' id='word_1_663' title='bbox 2360 5841 2571 5903; x_wconf 79' lang='lat' dir='ltr'><strong>(creare</strong></span> <span class='ocrx_word' id='word_1_664' title='bbox 2604 5835 2749 5893; x_wconf 87' lang='lat' dir='ltr'><strong>enim</strong></span> <span class='ocrx_word' id='word_1_665' title='bbox 2787 5834 3208 5905; x_wconf 82' lang='lat' dir='ltr'><strong>opponituruou</strong></span> <span class='ocrx_word' id='word_1_666' title='bbox 3248 5845 3455 5895; x_wconf 78' lang='lat' dir='ltr'><strong>creare,</strong></span> <span class='ocrx_word' id='word_1_667' title='bbox 3492 5845 3603 5885; x_wconf 82' lang='lat' dir='ltr'><strong>non</strong></span> 
     </span>
    </p>
   </div>
  </div>
