4012 6338
575 458 645 516 45
1591 452 1649 506 S.
1692 450 1969 507 CYRILLI
2005 450 2130 505 ALl'I

2229 449 2471 506 .NDRINI
2508 454 2821 509 ARCHIEP.
3724 448 3795 505 li.

575 578 839 622 creatum.
894 567 949 622 Si
997 578 1173 620 autem
1218 567 1330 619 -hoc
1382 581 1564 618 verum
1613 574 1714 628 est,
1765 580 1869 619 non
1919 564 2130 620 habebit

2237 567 2381 636 μένῳ
2410 567 2469 620 τὸ
2500 569 2828 637 κτιξόμενον.
2889 567 2949 619 Εἰ
2997 567 3053 619 δὲ
3097 564 3251 618 τοῦτο
3290 562 3520 633 ἀληθὲς,
3548 562 3644 632 οὐχ
3682 564 3795 628 ἕξει

579 658 751 713 locum
784 658 930 723 illud,
976 657 1095 711 Non
1126 666 1256 720 erat,
1291 658 1353 708 de
1385 655 1539 722 Filio,
1592 658 1732 723 quod
1772 655 2022 709 nimirum
2067 655 2131 708 de

578 749 705 803 solis
738 748 1001 804 creaturis
1027 749 1239 819 proprie
1273 748 1493 808 dicitur.

1251 857 1473 911 ALIUD.

652 972 707 1026 Si
740 972 907 1027 Filius
935 972 1145 1041 genitus
1174 980 1253 1025 est
1286 987 1312 1023 a
1350 970 1506 1024 Patre
1538 986 1551 1023 :
1582 969 1708 1022 illud
1741 983 1870 1021 vero
1896 966 2033 1036 quod
2066 982 2129 1020 ex

581 1061 734 1116 Patre
764 1063 999 1130 genitum
1034 1070 1134 1125 est,
1166 1060 1397 1115 Verbum
1436 1060 1601 1128 ipsius
1632 1069 1732 1121 est,
1769 1068 1821 1111 et
1850 1057 2130 1125 sapientia,

577 1162 631 1205 et
670 1152 925 1220 splendor
945 1151 1025 1216 ³⁹;
1064 1152 1153 1220 qui
1204 1152 1389 1205 dicunt
1422 1149 1592 1205 :Erat
1635 1150 1841 1217 quando
1884 1165 1983 1201 non
2022 1157 2132 1201 erat
2172 1162 2177 1167 ·

583 1236 772 1302 Filius,
803 1240 985 1308 procul
1023 1240 1183 1293 dubio
1215 1249 1460 1293 asserunt
1489 1239 1653 1292 fuisse
1684 1246 1891 1306 tempus
1922 1235 2147 1303 quando

576 1325 734 1381 Pater
795 1326 998 1394 absque
1056 1325 1253 1390 Verbo,
1310 1327 1513 1394 absque
1564 1324 1844 1394 sapientia,
1904 1324 2135 1392 denique

576 1415 779 1483 absque
828 1414 1046 1482 proprio
1093 1428 1190 1467 suo
1234 1413 1513 1482 splendore
1542 1413 1829 1467 exstiterit.
1876 1412 1969 1465 Sin
2008 1426 2133 1463 vero

580 1508 678 1559 hoc
711 1507 1001 1558 absurdum
1032 1513 1134 1569 est,
1165 1514 1309 1557 certe
1354 1504 1501 1565 illud,
1555 1502 1675 1555 Non
1706 1514 1840 1564 erat,
1880 1503 1944 1556 de
1976 1502 2128 1564 Filio,

576 1597 805 1649 otiosum
841 1594 964 1649 erit.
1010 1594 1123 1647 Erit
1154 1596 1333 1661 itaque
1364 1593 1508 1646 Patri
1542 1604 1863 1647 comtcrnus.

1223 1683 1448 1737 ALIUD.

579 1797 812 1863 Objectio
854 1812 953 1847 non
991 1811 1132 1857 vera,
1162 1810 1276 1861 qum
1314 1793 1441 1845 Filii
1476 1794 1814 1846 wternitutem
1843 1793 2133 1845 subvertere

1239 1864 1460 1916 videtur.

644 1978 723 2044 Si,
762 1977 1027 2045 inquiunt,
1070 1974 1247 2028 divina
1294 1983 1484 2027 natura
1519 1974 1834 2027 divisionem
1885 1987 1985 2025 nou
2035 1972 2121 2026 ad-

579 2072 761 2134 mittit,
792 2085 854 2123 eo
875 2070 1012 2137 quod
1044 2067 1187 2120 nulla
1222 2066 1398 2135 passio
1430 2065 1480 2117 in
1508 2080 1623 2118 eam
1654 2064 1792 2115 endit
1822 2064 1961 2131 (qua:
1988 2062 2129 2115 enim

576 2160 810 2227 passioni
860 2159 1087 2212 obnoxia
1124 2168 1271 2219 sunt,
1308 2157 1373 2210 iis
1406 2157 1565 2209 etiam
1596 2154 1868 2222 proprium
1921 2164 1999 2207 est
2050 2155 2129 2207 di-

577 2251 703 2318 ridi)
736 2266 838 2303 non
871 2261 954 2302 est
984 2247 1091 2318 24
1126 2248 1383 2299 dicendus
1404 2244 1569 2297 Filius
1601 2259 1664 2297 cx
1694 2244 1926 2296 essentia
1959 2243 2130 2296 Putris

572 2356 713 2403 esse,
756 2324 1021 2407 ne'passio
1050 2340 1226 2405 aliqua
1273 2345 1326 2390 et
1356 2334 1547 2388 divisio
1577 2334 1627 2386 in
1672 2333 1899 2401 simplici
1939 2343 2125 2387 natura

574 2434 831 2486 rideatur.
882 2430 935 2483 Si
972 2430 1115 2483 enim
1166 2429 1213 2480 id
1251 2425 1391 2495 quod
1447 2440 1509 2479 ex
1546 2424 1726 2491 aliquo
1756 2425 2015 2493 procedit,
2054 2426 2128 2477 di-

549 2537 782 2576 -versum
831 2522 985 2590 plane
1026 2532 1254 2573 numero
1306 2525 1389 2571 est
1436 2515 1501 2568 ab
1550 2530 1615 2569 eo
1670 2519 1805 2569 unde
1846 2518 2127 2581 processit,

575 2612 767 2664 divisio
797 2610 1039 2678 quzedam
1072 2618 1231 2675 atque
1266 2606 1435 2659 sectio
1472 2605 1525 2656 in
1559 2606 1732 2657 divina
1768 2615 1957 2658 natura
1986 2607 2130 2660 vide-

576 2708 680 2761 tur,
724 2698 766 2749 si
811 2714 912 2751 non
958 2697 1314 2757 extrinsecus,
1358 2696 1450 2747 sed
1514 2710 1697 2747 revera
1750 2711 1814 2749 ex
1858 2697 1972 2763 ipsa
2005 2712 2125 2765 pro-
2168 2708 2175 2714 ”

573 2788 800 2841 cessisse
830 2786 1021 2838 Filium
1062 2793 1385 2837 statuamus.
1420 2780 1475 2835 Si
1507 2798 1633 2837 vero
1664 2785 1995 2839 extrinsecus
2024 2794 2125 2849 est,

573 2891 699 2947 ergo
727 2890 889 2943 super
915 2875 1165 2938 accessit,
1209 2887 1381 2942 neque
1410 2881 1493 2927 est
1530 2872 1676 2928 Patri
1699 2884 2019 2929 comternus.

1069 3044 1272 3101 Salutio
1305 3047 1628 3116 objectionis.

642 3155 775 3211 Male
816 3157 1169 3226 imperiteque
1213 3172 1501 3227 corporum
1551 3158 1904 3227 proprietates
1945 3157 2126 3212 incor—

575 3262 747 3315 porere
778 3247 1027 3302 essentia
1059 3248 1489 3301 accommodant.
1541 3247 1595 3298 lu
1630 3242 1945 3315 corporibus
1984 3247 2125 3301 enim

575 3347 720 3392 recte
770 3337 876 3392 dici
915 3345 1091 3405 potest
1122 3337 1237 3389 ﬁeri
1287 3338 1590 3404 passionem
1638 3346 1690 3389 et
1742 3336 2033 3390 sectionem
2067 3352 2129 3391 ac

572 3427 924 3494 divisionem;
972 3436 1027 3479 at
1074 3427 1127 3479 in
1160 3435 1406 3480 naturam
1440 3428 1813 3496 incorpoream
1860 3426 1995 3480 nihil
2032 3428 2129 3480 ho-

576 3534 690 3572 rum
748 3519 913 3572 cadit.
960 3516 1016 3571 Si
1060 3530 1186 3571 vero
1236 3517 1376 3571 Deus
1424 3518 1774 3585 incorporeus
1815 3526 1915 3581 est,
1962 3515 2129 3588 gigriit

573 3609 705 3663 citra
742 3611 820 3663 sui
872 3608 1215 3674 divisionem,
1250 3619 1473 3680 generat
1526 3609 1661 3664 citra
1710 3610 2026 3663 sectionem.
2067 3609 2124 3663 Si

574 3701 788 3769 quidem
817 3700 982 3755 etiam
1028 3700 1167 3772 ignis
1195 3701 1364 3771 gignit
1385 3715 1449 3756 ex
1472 3715 1530 3756 se
1556 3700 1759 3765 lumen,
1811 3699 2013 3755 nullam
2045 3709 2128 3755 ta-

575 3806 692 3845 men
717 3792 1025 3846 divisionem
1051 3791 1272 3859 patitur,
1301 3790 1509 3846 tametsi
1536 3790 1864 3860 cogitatione
1887 3792 2126 3861 separari

573 3882 959 3950 quodammodo
993 3883 1060 3936 ab
1103 3898 1169 3938 eo
1197 3884 1443 3943 rideatur
1470 3882 1521 3936 id
1553 3881 1697 3951 quod
1737 3895 1803 3936 ex
1842 3896 1908 3936 eo
1938 3896 2124 3949 proce-

572 3974 669 4025 dit.
702 3970 759 4025 Si
793 3974 914 4041 quis
939 3986 1066 4025 vero
1099 3985 1373 4040 corporeae
1418 3970 1724 4026 necessitati
1756 3971 2124 4039 incorpoream

574 4074 820 4116 naturain
868 4063 1141 4131 subjiciat,
1196 4063 1393 4118 mentis
1426 4077 1536 4118 sum
1582 4062 2002 4117 imbecillitatem
2046 4062 2128 4116 in-

574 4159 741 4217 cuset,
774 4166 891 4219 qua:
920 4167 981 4205 ea
1008 4152 1309 4220 intelligere
1336 4154 1525 4221 nequit
1556 4166 1674 4220 quae
1704 4162 1912 4206 natura:
1950 4153 2128 4208 ineor-

573 4251 745 4304 poreaa
774 4239 1119 4292 conveniunt.
1149 4239 1214 4293 Et
1242 4253 1453 4293 rursum
1487 4258 1500 4293 :
1533 4238 1588 4293 Si
1621 4240 1859 4294 nonnulli
1891 4241 1942 4294 in
1970 4241 2127 4297 intel-

572 4327 779 4396 ligenda
829 4335 1029 4380 mterna
1073 4325 1195 4380 Filii
1250 4342 1312 4381 ex
1345 4338 1548 4381 aeterno
1594 4325 1752 4380 Patre
1781 4328 2127 4396 generatione

2231 660 2392 711 τόπον
2425 660 2503 723 τὸ,
2548 663 2667 714 Οὐκ
2723 656 2819 728 ἦν,
2855 661 2937 728 ἐφ’
2973 658 3123 723 Υίοῦ,
3163 658 3302 711 κατὰ
3362 658 3534 726 μόνων
3568 657 3796 725 κτισμά-

2229 770 2337 805 των
2372 753 2573 822 κυρίως
2605 752 2909 819 τιθέμενον.

2928 865 3130 916 ᾹΛΛΟ.

2301 977 2361 1028 El
2405 975 2665 1042 ἐγεννήθη
2707 975 2733 1025 δ
2768 974 2892 1036 Υἱὸς
2939 974 3085 1043 παρά
3134 972 3224 1026 τοῦ
3261 970 3491 1041 Πατρὸς,
3532 970 3590 1023 τὸ
3631 970 3685 1022 δὲ
3733 969 3797 1021 ἐκ

2231 1064 2323 1115 τοῦ
2370 1065 2576 1133 Πατρὸς
2626 1064 2878 1132 γεννηθὲν
2937 1063 3160 1129 ὒΛόγος
3209 1063 3355 1114 ἐστὶν
3405 1058 3593 1121 αὑτοῦ,
3640 1059 3729 1110 καὶ
3760 1060 3793 1126 ἡ

2233 1157 2414 1222 σοφία,
2440 1156 2530 1209 καὶ
2556 1154 2615 1206 τὺ
2641 1154 2996 1222 ἀπαύγασμα,
3026 1155 3071 1205 οἱ
3098 1152 3344 1220 λέγοντες
3364 1167 3377 1180 ’
3414 1146 3521 1205 Ἦν·
3557 1149 3652 1202 ὅτε
3685 1153 3797 1202 οὐκ

2232 1247 2312 1314 ἦν
2336 1250 2367 1299 ό
2390 1248 2542 1311 Υἱὸς,
2571 1246 2825 1314 ἄντικρυς
2850 1244 3117 1312 λέγουσιν,
3148 1238 3256 1297 τΗν
3284 1243 3371 1296 ὅτε
3400 1240 3588 1308 ἄλογος
3603 1236 3670 1311 ἦν
3702 1240 3801 1293 καὶ

2231 1338 2448 1405 ἄσοφος,
2475 1338 2564 1389 καὶ
2592 1338 2760 1405 χωρὶς
2784 1336 2877 1387 τοῦ
2907 1335 3035 1387 ἰδίου
3067 1333 3500 1402 άπαυγάσματος
3525 1336 3552 1385 ὁ
3583 1332 3797 1400 Πατήρ.

2233 1428 2295 1482 Εἰ
2330 1429 2383 1482 δὲ
2425 1429 2580 1481 τοῦτο
2613 1428 2832 1490 ἄτοπον,
2876 1426 3103 1496 ἀργήσει
3144 1426 3359 1486 πάντως
3389 1424 3480 1476 ἐπὶ
3533 1422 3625 1474 τοῦ
3667 1419 3797 1474 Tia-3

2234 1518 2312 1582 τὸ,
2346 1520 2467 1571 Οὐκ
2504 1514 2599 1571 ἦν.
2634 1518 2823 1569 Ἔσται
2857 1513 2949 1567 οὖν
2978 1514 3054 1568 τῶ
3090 1512 3265 1583 Πατρὶ
3303 1511 3585 1572 συναῖδιος.

2916 1686 3111 1739 ΑΛΆΟ.

2245 1802 2561 1866 Ἀντίθεσις
2584 1818 2698 1854 ουκ
2733 1800 2986 1867 ἀληθὴς,
3016 1799 3365 1865 ἀνατρέπειν
3392 1797 3653 1851 δοκοῦσα
3692 1796 3800 1849 τοῦ

2791 1871 2922 1924 Υἱοῦ
2954 1871 3018 1923 τὸ
3052 1868 3260 1922 ἀΐδιον.

2301 1984 2362 2034 Εἰ
2400 1981 2589 2051 τομὴν,
2624 1982 2805 2049 φησιν,
2835 1983 2867 2050 ὴ
2903 1980 3020 2033 θεία
3044 1981 3199 2048 φύσις
3228 1981 3327 2031 οὐκ
3359 1980 3681 2046 ἐπιδέχεται,
3713 1979 3803 2029 διὰ

2228 2075 2290 2125 τὸ
2327 2074 2400 2142 μὴ
2445 2071 2582 2125 εἶναι
2626 2072 2828 2135 πάθους
2875 2072 3124 2141 δεκτικὴν
3175 2066 3287 2141 (οἷς
3328 2071 3434 2142 γὰρ
3475 2072 3532 2124 τὸ
3573 2071 3803 2140 πάσχειν
3864 2090 3889 2097 ι

2232 2162 2563 2228 κατὰφύσιν
2599 2161 2862 2229 ὑπάρχει,
2912 2162 3117 2221 τούτοις
3171 2160 3317 2211 ἐστὶν
3349 2161 3544 2211 οἰκεῖον
3595 2158 3688 2209 καὶ
3739 2155 3803 2206 τὸ

2229 2251 2564 2321 τέμνεσθαι),
2594 2253 2652 2302 οὐ
2690 2250 2792 2320 χρὴ
2822 2252 2999 2317 λέγειν
3032 2252 3093 2301 ὲκ
3122 2250 3219 2318 τῆς
3252 2249 3437 2309 οὐσίας
3464 2247 3555 2299 τοῦ
3590 2246 3801 2313 Πατρὸς

2229 2338 2367 2397 εἶναι
2401 2343 2489 2395 τὸν
2528 2342 2671 2405 Υἰὸν,
2718 2342 2801 2393 ἵνα
2834 2342 2905 2409 μή
2950 2358 3000 2391 τι
3034 2339 3203 2402 πάθος
3238 2340 3327 2391 καὶ
3375 2338 3638 2408 διαίρεσις
3672 2338 3804 2405 περὶ

2229 2436 2323 2503 τὴν
2354 2434 2527 2502 ἁπλῆν
2564 2432 2816 2502 φαίνηται
2850 2432 3028 2499 φύσιν.
3076 2432 3133 2482 Εἰ
3171 2432 3277 2499 γὰρ
3308 2431 3365 2481 τὸ
3396 2429 3458 2480 ἐκ
3495 2445 3635 2488 τινος
3667 2444 3803 2495 προ-

2228 2526 2398 2590 ελθὸν,
2430 2525 2612 2594 ἕτερόν
2647 2540 2699 2574 τι
2745 2524 2959 2583 πάντως
3001 2522 3075 2590 τῷ
3108 2519 3323 2591 ἀριθμῷ
3362 2521 3488 2589 παρ’
3514 2521 3705 2578 ἐκεῖνο,
3743 2515 3803 2577 ἐξ

2229 2612 2287 2669 οὗ
2323 2619 2415 2670 καὶ
2453 2614 2707 2686 προῆλθε,
2750 2614 3012 2683 μερισμός
3038 2630 3125 2675 τις
3161 2612 3253 2664 καὶ
3282 2611 3512 2681 διακοπὴ
3549 2610 3673 2677 περὶ
3703 2606 3809 2677 τὴν

2230 2707 2377 2758 θείαν
2408 2707 2595 2773 ὁρᾶται
2628 2704 2805 2771 φύσιν,
2834 2704 2879 2753 εἰ
2918 2702 2989 2771 μὴ
3023 2700 3240 2765 ἔξωθεν,
3274 2699 3386 2751 ἀλλ’
3414 2698 3577 2757 ὅντως
3611 2697 3667 2760 ἐξ
3698 2696 3796 2747 αὐ-

2226 2797 2322 2866 τῆς
2355 2795 2574 2864 δοίημεν
2613 2793 2890 2863 προελθεῖν
2921 2793 3012 2843 τὸν
3044 2792 3190 2844 Υἱὸν.
3223 2792 3283 2843 El
3319 2791 3374 2842 δὲ
3405 2788 3601 2851 ἔξωθέν
3629 2791 3799 2849 ἐστιν,

2227 2886 2661 2956 ὲπισυμὸἐϐηκεν
2702 2883 2838 2955 ἄρα,
2884 2885 2980 2937 καὶ
3014 2884 3113 2936 οὐκ
3161 2883 3272 2935 ἔστι
3326 2881 3401 2950 τῷ
3456 2880 3629 2938 Πατρὶ
3679 2895 3802 2930 συν-

2227 2976 2413 3039 αῒδιος.

2717 3066 2869 3134 Πρὸς
2893 3065 3068 3119 τοῦτο
3101 3066 3299 3129 λύσις.

2296 3178 2498 3241 Κακῶς
2528 3179 2618 3232 καὶ
2646 3178 2986 3241 ἀπαιδεύτως
3016 3178 3084 3230 τὰ
3121 3179 3390 3247 σωμάτων
3424 3174 3527 3228 ἴδια
3560 3177 3624 3245 τῇ
3658 3176 3799 3228 ἀσωο

2231 3271 2383 3341 μάτῳ
2409 3272 2550 3333 τινὲς
2582 3270 2983 3340 προσάπτουσιν
3016 3268 3193 3338 οὐσίᾳ.
3234 3268 3357 3320 Ἐπὶ
3394 3266 3659 3336 σωμάτων
3700 3267 3800 3334 μὲν

2227 3360 2334 3428 γὰρ
2365 3359 2592 3429 ἁρμόσει
2625 3359 2825 3426 λέγειν,
2867 3357 3036 3420 πάθος
3063 3356 3308 3425 γίνεσθαι
3351 3356 3446 3408 καὶ
3487 3354 3657 3424 τομὴν
3709 3356 3799 3408 καὶ

2226 3448 2515 3518 διαίρεσιν·
2558 3448 2649 3500 ἐπὶ
2680 3448 2737 3501 δὲ
2768 3449 2868 3517 τῆς
2912 3449 3208 3518 ἀσωμάτου
3254 3447 3466 3515 φύσεως
3495 3445 3642 3498 οὐδέν
3684 3447 3799 3498 ἐστι

2227 3539 2335 3592 τῶν
2372 3538 2644 3593 τοιούτων.
2691 3540 2752 3591 Εἰ
2798 3538 2853 3592 δὲ
2890 3538 3177 3609 ἀσώματος
3224 3538 3252 3589 ὁ
3287 3536 3449 3599 Θεὸς,
3497 3537 3669 3588 τίκτει
3726 3535 3799 3605 μὴ

2229 3632 2603 3702 μεριζόμενος,
2648 3631 2811 3701 γεννᾷ
2847 3628 2921 3699 μὴ
2956 3629 3306 3700 τεμνόμενος.
3351 3626 3566 3695 Ἐπειδὴ
3604 3628 3697 3679 καὶ
3740 3626 3799 3677 τὸ

2227 3720 2338 3791 πῦρ
2381 3721 2443 3785 ἐξ
2483 3721 2677 3774 ἑαυτοῦ
2716 3719 2889 3772 τίκτει
2935 3720 2995 3771 τὸ
3039 3717 3188 3787 φῶς,
3241 3716 3495 3787 οὐδεμίαν
3531 3714 3798 3784 ὑπομένον

2223 3813 2504 3885 διαίρεσιν,
2536 3811 2639 3866 κᾶν
2667 3814 2731 3879 τῇ
2774 3810 2985 3881 ἐπινοίᾳ
3014 3808 3337 3879 χωρίζεσθαι
3370 3808 3497 3876 δοκῇ
3544 3824 3662 3868 πως
3701 3807 3798 3858 αὺ-

2226 3902 2319 3955 τοῦ
2356 3902 2417 3954 τὸ
2452 3902 2511 3967 ἐξ
2553 3904 2715 3957 αὐτοῦ
2760 3902 3041 3973 προελθόν.
3089 3901 3151 3953 El
3180 3900 3236 3953 δέ
3270 3917 3351 3963 τις
3396 3901 3511 3962 ταῖς
3554 3915 3797 3966 σωματι-

2227 3996 2350 4057 καῖς
2372 3995 2633 4063 ἀνάγκαις
2665 3994 2951 4048 ὑποϐάλλοι
2980 3993 3041 4046 τὸ
3074 3991 3380 4063 ἀσώματον,
3415 3988 3675 4044 αἰτιάσθω
3703 3987 3796 4040 τοῦ

2227 4086 2426 4137 οἰκείου
2459 4084 2549 4137 νοῦ
2577 4084 2671 4153 τὴν
2703 4082 3009 4147 ἀσθένειαν,
3032 4083 3091 4136 οὗ
3131 4081 3427 4151 δυναμένου
3465 4083 3603 4132 νοεῖν
3629 4080 3696 4131 τά
3728 4081 3792 4148 τῇ

2225 4175 2499 4245 ἀσωμάτῳ
2533 4176 2806 4244 πρέποντα
2844 4174 3027 4243 φύσει.
3067 4174 3176 4225 Καὶ
3214 4172 3402 4226 πάλιν·
3433 4172 3481 4222 εἰ
3515 4168 3797 4223 ἀσθενοῦσι

2223 4283 2368 4330 τινες
2398 4267 2525 4335 περὶ
2550 4266 2610 4318 τὸ
2641 4266 2831 4334 νοῆσαι
2858 4265 2955 4337 τὴν
2984 4265 3042 4332 ἐξ
3072 4265 3239 4317 ἀϊδίου
3270 4263 3479 4334 Πατρὸς
3508 4262 3674 4315 ἀΐδιον
3703 4260 3795 4314 τοῦ

2227 4355 2356 4410 Υίοῦ
2386 4359 2658 4425 γέννησιν,
2685 4357 2857 4409 διά-τε
2886 4357 3043 4410 τοῦτο
3071 4360 3191 4419 ταῖς
3220 4356 3553 4425 σωματικαῖς
3577 4353 3798 4406 ἀκολου-

572 4417 852 4479 laborant,
900 4426 1063 4482 atque
1092 4415 1210 4469 ideo
1238 4416 1509 4483 corporeis
1543 4414 1843 4469 rationibus
1881 4425 2124 4472 naturam

2229 4446 2365 4510 θίαις
2397 4447 2747 4501 ὑποϐάλλουσι
2774 4448 2833 4501 τὺ
2859 4447 3167 4517 ἀσώματον,
3200 4446 3387 4516 ἐπειδὴ
3416 4446 3509 4498 καὶ
3534 4444 3590 4496 τί
3620 4446 3789 4506 ἐστιν,

572 4506 942 4574 incorpoream
991 4505 1285 4573 subjiciunt
1317 4522 1331 4559 :
1366 4520 1485 4559 cum
1541 4519 1714 4574 neque
1760 4506 1885 4575 quid
1934 4507 2005 4562 sit
2045 4508 2123 4562 vel

2229 4536 2258 4608 ἢ
2288 4505 2521 4601 ποδαπὸς

569 4594 746 4662 qualis
778 4594 1074 4648 secundum
1118 4606 1365 4647 tiaturam
1412 4595 1485 4647 sit
1511 4591 1673 4649 Pater
1700 4609 1803 4649 non
1836 4596 2126 4663 inveniant,

572 4693 769 4752 negent
815 4683 979 4738 etiam
1028 4685 1222 4753 ipsum.
1275 4682 1333 4739 Si
1389 4699 1515 4739 vero
1556 4699 1619 4739 ea
1667 4700 1786 4755 quae
1824 4702 1984 4757 supra
2033 4703 2129 4745 nos

573 4779 720 4839 sunt,
748 4772 854 4828 ﬁde
894 4773 1392 4842 apprehenduntur,
1423 4785 1477 4828 et
1503 4772 1624 4828 Filii
1658 4776 1936 4843 generatio
1966 4790 2125 4847 supra

575 4875 674 4918 nos
722 4872 827 4931 est,
903 4877 1059 4918 nemo
1126 4864 1268 4917 enim
1335 4863 1450 4930 ejus
1495 4867 1890 4934 generationem
1940 4883 2128 4923 narra-

575 4954 671 5018 bit,
727 4963 788 5008 ut
832 4953 909 5008 ait
958 4955 1215 5024 propheta
1252 4953 1320 5019 “,
1356 4955 1520 5009 etiam
1564 4957 1666 5012 hoc
1714 4956 1817 5013 [ide
1864 4959 2126 5028 suscipia-

576 5050 681 5105 tur,
712 5040 1029 5110 irritumque
1059 5042 1131 5095 sit
1167 5041 1318 5108 illud,
1351 5043 1475 5097 Non
1504 5055 1638 5111 erat,
1683 5061 1747 5101 ex
1788 5047 2006 5107 humani
2047 5048 2129 5103 ln-

577 5130 816 5187 tellectus
847 5132 1214 5188 imbecillitate
1247 5134 1537 5189 invectum.

1008 5242 1235 5300 ALIUD.
1275 5243 1352 5300 De
1374 5248 1685 5302 aeternitate.

577 5353 918 5437 Syllogismus
950 5359 1319 5437 cum‘quadam
1349 5360 1635 5437 questique
1670 5373 2122 5437 cannea;us,_uude

642 5425 906 5493 colligitur
952 5426 1299 5491 conﬁtendum
1350 5425 1499 5482 esse:
1537 5427 1621 5482 Ea:
1677 5435 1899 5486 essentia
1942 5425 2122 5491 Patria

641 5508 769 5572 esse,
804 5510 905 5572 non
943 5496 1570 5572 ertrinucuspccegiuq
1601 5496 1801 5554 Filium
1827 5517 1847 5557 :
1873 5502 1921 5555 si
1949 5515 2124 5559 autem

643 5565 714 5614 ita
747 5571 844 5628 est,
885 5574 1197 5618 coaternum
1222 5566 1379 5619 etiam
1412 5565 1566 5621 Patri
1592 5584 1722 5623 esse.

647 5805 690 5839 "
722 5804 741 5859 Ι
769 5806 897 5861 Cor.
930 5823 966 5874 I,
997 5806 1097 5873 24;
1138 5808 1293 5863 llcbr.
1328 5825 1363 5871 ι,
1399 5810 1451 5864 5.
1530 5811 1572 5841 ⁴⁰
1603 5810 1699 5863 lsa.
1737 5826 1851 5878 Llll,
1888 5812 1939 5868 8.

2547 4540 2576 4591 ὁ
2603 4537 2792 4606 Πατὴρ
2818 4537 2959 4591 κατὰ
2984 4539 3081 4606 τὴν
3107 4535 3265 4604 φύσιν
3294 4536 3391 4605 οὐχ
3435 4533 3793 4603 εὑρίσκουσιν,

2230 4626 2599 4698 ἀρνείσθωσαν
2630 4631 2725 4680 καὶ
2754 4628 2934 4682 αὐτόν.
2966 4627 3029 4680 Εἰ
3067 4626 3122 4680 δὲ
3162 4625 3339 4679 πίστει
3376 4626 3442 4679 τὰ
3470 4626 3613 4696 ὑπὲρ
3651 4626 3796 4694 ἡμᾶς

2232 4718 2741 4790 παραλαμϐάνεται,
2771 4720 2911 4791 ὑπὲρ
2944 4720 3087 4789 ἡμᾶς
3111 4718 3167 4773 δὲ
3193 4719 3287 4773 καὶ
3314 4718 3347 4787 ἡ
3382 4717 3474 4771 τοῦ
3516 4716 3647 4769 Υίοῦ
3682 4716 3797 4785 γένο

2230 4827 2383 4881 νησις
2400 4828 2415 4842 ο
2438 4810 2610 4875 οὐδεὶς
2635 4811 2743 4883 γὰρ
2775 4812 2936 4866 αὐτοῦ
2963 4812 3058 4883 τὴν
3084 4811 3274 4881 γενεὰν
3297 4811 3631 4882 διηγήσεται,
3658 4808 3795 4862 καοά

2229 4910 2396 4971 φησιν
2425 4902 2453 4953 ὁ
2487 4903 2791 4973 προφήτης,
2843 4902 3025 4955 πίστει
3070 4901 3307 4972 δεχέσθω
3351 4901 3446 4953 καὶ
3484 4899 3660 4963 τοῦτο,
3705 4898 3795 4951 καὶ

2229 4990 2467 5063 ἀργείτω
2484 4992 2566 5057 es,
2593 4995 2712 5047 Οὐκ
2738 4988 2835 5063 ἦν,
2863 4996 2922 5057 ἐξ
2949 4992 3302 5063 ἀνθρωπίνων
3331 4990 3605 5061 λογισμῶν
3638 4988 3795 5043 ἀσθε-

2233 5081 2338 5144 νῶς
2370 5082 2521 5151 είσφε
2531 5082 2774 5153 ρόμενον.

2624 5261 2825 5315 ΑΔΛΟ.
2870 5263 3005 5331 Περι
3038 5263 3393 5333 ἀϊδιότητος.

2227 5369 2664 5447 Συλλρτισμός.
2690 5371 3047 5447 μετά-τινος
3096 5376 3524 5447 ἐπαπορήσεως
3577 5380 3793 5447 assulae-

2295 5438 2541 5526 ιξένεςέ
2570 5439 2670 5526 “ei
2694 5438 3127 5526 Ϊςτυνάτευν-⁷εις
3143 5516 3155 5526 .
3172 5438 3635 5526 δμοὲἓότίειίςοῦ
3670 5439 3794 5526 ᾇεῖν

2310 5508 2404 5560 Ἐκ
2441 5508 2553 5582 τῆς
2585 5510 2796 5582 οὐσίας
2827 5508 2934 5582 τοῦ
2971 5508 3227 5582 Πατρός-⁷,
3262 5508 3377 5570 οὐδέ
3413 5517 3635 5581 ἔξωθεν
3667 5516 3790 5570 ἐπι·-

2299 5581 2579 5698 Ψσνότα
2609 5577 2715 5631 τὸν
2750 5580 2884 5660 Υίρν
2917 5577 3395 5654 ὐπολὶιμϐἇνειν·
3422 5577 3477 5641 εἰ
3505 5586 3572 5640 δὲ
3598 5585 3788 5649 τοῦτο,

2339 5649 2495 5698 ηλον
2523 5646 2613 5698 ὅτι
2638 5648 2735 5698 καὶ
2770 5666 2846 5698 τω
2887 5654 3063 5698 Nam!
3099 5655 3430 5698 mimﬂi‘mv-

2339 5646 2495 5713 ἧλον
2523 5646 2613 5702 ὅτι
2638 5648 2735 5702 καὶ
2770 5650 2846 5715 τῷ
2883 5654 3063 5723 Πατρί
3099 5646 3431 5712 ἀυναΐδιον.
