4012 6338
493 528 500 530 _
595 456 662 512 47
1585 455 1642 510 S.
1683 453 1954 510 CYRILLI
1996 451 2468 513 ALEXANDRINI
2507 453 2826 514 ARCHIEP.
3776 449 3845 506 ιε

600 576 708 630 rior
731 579 873 629 enim
899 583 980 630 est
1006 573 1149 630 omni
1180 582 1419 642 tempore
1447 573 1616 639 Deus;
1655 575 1747 629 sed
1774 585 1831 629 ut
1865 575 2014 630 illum
2039 576 2159 646 qui-

2274 576 2440 642 εάξιν·
2487 576 2601 631 ἀνω
2648 576 2756 646 γὰρ
2794 572 2996 637 παντὸς
3043 573 3237 646 χρόνον
3277 573 3445 638 Θεὸς,
3490 573 3612 627 ἀλλ’
3639 572 3724 628 ἴνα
3757 574 3849 626 τὸν

595 666 716 720 dem
745 675 800 719 ut
830 664 1160 729 Genitorem,
1191 671 1333 734 quod
1367 663 1536 731 patris
1562 670 1645 719 est
1670 662 1945 733 proprium
1972 680 1988 729 ;
2018 664 2162 718 hunc

599 771 722 811 vero
744 766 800 810 ut
828 756 1121 825 legitimum
1153 755 1347 809 Filium
1382 752 1726 809 ineli‘abiliter
1751 769 1817 809 ex
1857 753 2158 810 substantia

599 847 772 901 Patris
799 847 1036 915 genitum
1061 845 1364 899 adoremus.
1394 844 1552 898 Pater
1577 843 1776 913 itaque,
1804 843 1929 913 quia
1952 842 2158 912 genuit,

595 938 784 1006 Filius,
817 939 941 1008 quia
982 937 1237 1008 genitus:
1266 945 1321 992 et
1366 937 1466 992 hoc
1501 937 1674 993 solum
1719 937 1994 991 nominum
2032 948 2162 990 usus

594 1044 661 1083 ex
710 1029 1066 1084 similitudine
1122 1028 1278 1083 nobis
1311 1029 1597 1092 signiﬁcat.
1634 1029 1691 1084 Si
1745 1030 1911 1097 igitur
1950 1029 2003 1082 in
2051 1026 2161 1081 Deo

595 1135 814 1186 nomen,
864 1118 1052 1184 Pater,
1086 1119 1256 1175 solum
1305 1129 1649 1189 generantem
1686 1117 1974 1189 signiﬁcat,
2014 1116 2160 1171 nulla

597 1212 732 1265 ratio
757 1221 840 1265 est
869 1226 986 1279 quae
1013 1217 1173 1280 cogat
1205 1220 1260 1264 ut
1301 1211 1463 1275 Deus,
1496 1211 1585 1278 qui
1633 1210 1752 1264 sine
1795 1218 2040 1279 tempore
2069 1223 2161 1279 ge-

596 1313 774 1368 nerat,
812 1304 1020 1371 primus
1057 1303 1334 1358 exstitisse
1376 1303 1609 1368 dicatur,
1639 1317 1799 1370 quam
1831 1301 1881 1356 id
1919 1299 2061 1369 quod
2093 1300 2162 1354 ab

593 1408 656 1447 eo
683 1393 922 1464 genitum
964 1400 1065 1446 est.
1098 1391 1164 1446 Et
1189 1393 1234 1446 si
1283 1391 1488 1446 nullum
1536 1402 1749 1461 tempus
1781 1390 2158 1459 interpositum

595 1485 695 1538 fuit
743 1485 884 1538 inter
912 1491 1262 1553 generantem
1297 1491 1347 1538 et
1403 1483 1664 1553 genitum,
1716 1496 1822 1536 non
1858 1483 2041 1551 utique
2080 1489 2162 1535 est

595 1571 861 1641 posterior
897 1581 1158 1641 tempore,
1193 1573 1285 1627 sed
1323 1580 1623 1626 coaeternus
1654 1582 1736 1627 est
1773 1568 1922 1626 Patri
1968 1570 2155 1626 Filius.

766 1715 822 1756 ί
1253 1753 1484 1811 ALlUD.

664 1845 718 1899 Si
757 1843 897 1898 Deus
927 1857 991 1898 ex
1041 1851 1232 1897 natura
1279 1857 1381 1897 sua
1421 1850 1504 1896 est
1549 1850 1785 1906 creator,
1833 1855 2008 1910 neque
2045 1843 2160 1894 haec

2270 665 2367 735 μὲν
2396 666 2471 730 ὡς
2504 664 2864 736 Γεννήσαντα,
2893 666 3032 735 όπερ
3059 664 3176 719 ἐστὶ
3219 665 3428 736 πατρὸς
3477 663 3606 718 ἴδιον
3628 681 3642 695 ·
3674 665 3764 717 τὸν
3792 664 3849 716 δὲ

2266 758 2343 820 ὡς
2379 758 2602 829 γνήσιον
2635 755 2761 811 Υἱὸν
2794 756 3034 829 ἄρρητον
3060 757 3125 810 ἐκ
3154 757 3252 830 τῆς
3295 756 3480 820 οὐσίας
3506 755 3600 808 τοῦ
3639 755 3852 823 Πατρος

2266 850 2538 921 ἐσχηκότα
2563 849 2662 922 τὴν
2689 850 2942 920 γέννησιν
2972 849 3390 922 προσκυνῶμεν.
3423 848 3614 920 Πατὴρ
3644 843 3740 901 οὖν
3770 847 3852 899 ὃτι

2265 942 2624 1014 γεγέννηκενο
2662 942 2795 1006 Υίὸς
2830 942 2911 1007 δὲ,
2949 943 3032 996 ὅτι
3078 940 3314 1013 ἐγενήθη
3336 957 3350 970 ·
3383 943 3479 994 καὶ
3517 940 3654 1010 πρὸς
3693 937 3854 1008 μόνον

2265 1034 2374 1088 τῶν
2406 1035 2686 1106 ὀνομάτων
2717 1035 2750 1104 ἡ
2789 1033 2951 1105 χρεία
2994 1035 3090 1088 mi.
3122 1033 3182 1086 τὸ
3215 1031 3302 1086 διά
3349 1031 3452 1102 τῆς
3503 1031 3640 1100 πρὸς
3695 1027 3854 1098 ἡμῶν

2265 1124 2577 1195 ὁμοιώσεως
2636 1123 3059 1195 σημαινόμενον.
3107 1123 3170 1176 Ei
3228 1123 3409 1175 τοίνυν
3457 1120 3552 1172 ἐπὶ
3603 1119 3741 1172 Θεοῦ
3793 1118 3856 1170 τὸ

2265 1216 2469 1285 Πατὴρ
2516 1215 2689 1287 ὄνομα
2738 1216 2900 1286 μόνου
2943 1214 3038 1270 τοῦ
3088 1216 3282 1287 γεννᾷν
3327 1216 3447 1268 ἐστι
3496 1209 3852 1283 σημαντικὸν,

2265 1307 2448 1370 οὐδεὶς
2491 1305 2792 1375 ἀναγκάσει
2825 1305 2982 1374 λόγος
3015 1305 3392 1375 προϋπάρχειν
3431 1301 3527 1355 τοῦ
3561 1301 3689 1354 ίδίου
3734 1316 3857 1366 γενι-

2268 1400 2507 1469 νὴματος
2536 1399 2628 1452 τὸν
2668 1398 2914 1468 ἀχρόνως
2959 1397 3230 1466 γεννῶντα
3257 1396 3410 1449 Θεόν.
3441 1394 3552 1447 Καὶ
3582 1395 3632 1446 εἰ
3663 1390 3858 1463 χρόνος

2263 1484 2331 1560 ἦν
2360 1489 2535 1552 οὐδεὶς
2573 1488 2778 1559 μεταξὺ
2816 1489 2912 1542 τοῦ
2959 1490 3319 1559 γεννήσαντος
3366 1486 3458 1540 καὶ
3506 1483 3853 1553 γενηθέντος,

2265 1580 2365 1633 οὐκ
2411 1579 2748 1647 ἔπιγέγονεν,
2798 1579 2911 1632 ἀλλ’
2952 1574 3136 1650 ἦνλάεὶ
3182 1578 3258 1649 τῷ
3307 1577 3484 1648 Harp!
3517 1573 3782 1638 συναῖδιος
3823 1573 3856 1625 6

2268 1672 2412 1734 Υἱός.

2957 1762 3168 1816 ΔΛΛυ.

2337 1855 2400 1908 Εί
2432 1856 2661 1926 ποιητής
2689 1857 2807 1908 ἐστι
2852 1852 2995 1908 κατά
3024 1855 3184 1925 φύσιν
3224 1856 3252 1908 6
3284 1853 3436 1918 Θεὸς,
3469 1853 3565 1907 καὶ
3597 1854 3698 1906 οὐκ
3729 1852 3854 1904 ἔπι-

597 1934 818 1990 iacultas
849 1935 1188 1988 extrinsecus
1217 1933 1463 1996 advenit,
1503 1944 1562 1986 ut
1599 1941 1783 2002 posset
1822 1945 1908 1986 res
1949 1937 2160 1984 creatas

2274 1945 2483 2015 γέγονεν
2510 1945 2659 2018 αὑτῷ
2685 1947 2745 2000 τὸ
2771 1945 3032 2000 δύνασθαι
3063 1947 3335 2019 παράγειν
3367 1948 3432 1999 ἐκ
3461 1945 3554 1998 τοῦ
3585 1945 3661 2015 μὴ
3701 1944 3857 2005 ὄντος

595 2041 661 2080 ex
686 2025 851 2078 nihilo
879 2024 1175 2092 producere
1204 2023 1270 2077 ad
1298 2035 1448 2090 esse;
1481 2024 1659 2077 omnia
1700 2037 1827 2078 vero
1851 2037 1945 2092 per
1968 2019 2161 2077 Filium

597 2117 726 2172 l'acit
759 2125 919 2184 atque
943 2124 1220 2184 operatur,
1248 2129 1354 2183 quo
1401 2124 1561 2184 pacto
1597 2129 1701 2168 non
1735 2115 1897 2169 fuerit
1943 2114 2163 2184 impium

597 2208 776 2261 dicere
807 2225 820 2261 :
872 2203 1002 2258 Erat
1038 2205 1250 2275 quando
1279 2221 1383 2259 non
1420 2202 1576 2260 erat?
1602 2205 1834 2263 Perinde
1864 2207 2009 2260 enim
2059 2205 2163 2259 hoc

596 2307 677 2353 est
713 2311 777 2352 ac
812 2296 858 2351 si
891 2296 1076 2351 dicas:
1111 2295 1240 2349 Erat
1265 2297 1481 2364 quando
1509 2311 1616 2351 non
1667 2305 1787 2351 erat
1828 2295 1988 2359 Deus,
2022 2293 2164 2365 qu‘od

599 2390 866 2461 posterius
918 2387 1117 2443 factum
1166 2390 1237 2443 sit
1286 2388 1520 2444 Verbum
1575 2404 1671 2458 per
1716 2389 1858 2459 quod
1914 2390 2164 2442 universa

596 2491 774 2536 creata
812 2489 973 2534 sunt:
1011 2479 1186 2534 i-Sine
1236 2482 1352 2550 ipso
1387 2481 1529 2535 enim
1579 2479 1778 2535 factum
1827 2491 1906 2535 est
1953 2480 2109 2545 nihil,
2142 2497 2160 2531 ι

600 2581 658 2625 ιιι
701 2572 774 2625 ait
811 2569 1048 2625 Joannes
1069 2568 1137 2622 ³⁵.
1167 2569 1220 2624 Si
1254 2585 1381 2624 vero
1411 2585 1625 2638 semper
1661 2582 1714 2624 et
1750 2572 2042 2624 secundum
2081 2583 2170 2622 na-

600 2674 771 2718 turam
808 2672 1024 2718 creatur
1053 2672 1136 2716 est
1168 2661 1308 2716 Deus
1340 2676 1404 2716 ac
1442 2661 1628 2727 l'ater,
1673 2675 1792 2717 erat
1825 2663 2009 2730 utique
2042 2676 2166 2715 cum

599 2757 716 2825 ipso
759 2754 805 2808 is
871 2763 966 2823 per
1010 2767 1166 2822 quem
1220 2762 1435 2807 creator
1483 2761 1597 2817 est,
1655 2754 1756 2807 hoc
1799 2763 1881 2808 est
1934 2748 2167 2809 Verbum

601 2844 790 2914 ipsius.
841 2841 1300 2910 Quemadmodum
1351 2843 1494 2898 enim
1559 2843 1612 2896 id
1660 2844 1804 2914 quod
1851 2844 2172 2899 naturaliter

600 2939 804 2996 h'on‘iini
845 2939 1006 3004 inest,
1035 2937 1273 3006 separari
1315 2936 1382 2992 ab
1414 2951 1478 2991 eo
1511 2944 1616 2991 non
1649 2943 1848 3006 potest,
1901 2936 1975 2990 ita
2008 2951 2105 2992 nec
2141 2953 2171 2992 a

602 3031 709 3086 Deo
738 3029 996 3100 quidquid
1043 3031 1096 3082 in
1132 3028 1248 3098 ipso
1291 3039 1346 3082 et
1375 3042 1440 3083 ex
1473 3026 1593 3096 ipso
1619 3036 1722 3082 est.
1759 3026 1856 3080 Est
1895 3035 2074 3081 autem
2118 3026 2170 3081 in

601 3121 762 3175 Patre
785 3127 840 3174 et
876 3134 942 3175 ex
990 3118 1150 3175 Patre
1181 3116 1417 3174 Verbum
1446 3135 1458 3171 :
1494 3117 1854 3188 inseparabile
1891 3119 2074 3188 itaque
2121 3127 2175 3173 et

602 3222 947 3267 coaernum.

774 3303 1015 3370 ALIUD,
1052 3318 1145 3372 per
1191 3303 1544 3358 reductionem
1587 3306 1654 3358 ad
1685 3305 1994 3362 absurdum.

678 3416 735 3471 Si
783 3431 890 3470 non
960 3422 1045 3468 est
1093 3410 1264 3467 Filius
1304 3411 1449 3467 Patri
1500 3421 1840 3478 coaeternus,
1895 3411 1990 3468 sed
2043 3411 2173 3466 Erat

602 3511 809 3584 quando
833 3523 934 3561 non
957 3513 1095 3569 erat,
1120 3516 1176 3558 ut
1196 3519 1292 3560 vos
1319 3503 1639 3575 opinamini,
1667 3515 1890 3560 necesse
1915 3504 2019 3558 erit
2044 3519 2175 3560 con-

603 3605 795 3658 cedere
825 3600 1200 3672 imperfectam
1235 3597 1528 3670 aliquando
1556 3597 1726 3656 fuisse
1753 3613 1994 3657 sanctam
2050 3600 2174 3657 Tri-

606 3697 846 3749 nitatem.
883 3693 1012 3747 Erat
1045 3692 1188 3749 enim
1226 3692 1425 3759 unitas,
1459 3699 1517 3744 ut
1539 3690 1772 3758 videtur,
1799 3702 1925 3747 ante
1956 3691 2170 3747 Filium.

605 3787 799 3840 Postea
841 3793 1020 3838 autem
1063 3781 1202 3836 facta
1252 3791 1335 3837 est
1370 3781 1626 3849 Trinitas,
1651 3783 1757 3853 27
1779 3798 1900 3839 cum
1944 3782 2174 3839 accessit

603 3876 746 3946 quod
783 3875 986 3928 deerat.
1029 3872 1162 3926 Cum
1194 3887 1324 3926 vero
1357 3872 1615 3940 quidquid
1653 3872 1966 3927 accessione
1997 3871 2172 3941 aliqua

605 3969 812 4031 crevit,
855 3964 1193 4019 detractione
1257 3964 1571 4017 decrescere
1618 3965 1821 4031 possit,
1883 3963 2172 4017 verendum

605 4070 688 4116 cst
718 4075 786 4114 ue
805 4074 912 4129 qua
945 4059 1081 4111 ratio
1102 4071 1206 4112 nos
1231 4071 1389 4127 cogat
1417 4055 1688 4120 conﬁteri,
1718 4064 1963 4111 sanctam
1997 4054 2174 4109 Trini-

609 4160 771 4206 tatem
813 4165 999 4205 rnrsus
1030 4149 1095 4203 ad
1153 4149 1415 4202 unitatem
1464 4145 1632 4217 redigi
1681 4161 1858 4216 posse.
1905 4147 1961 4200 Si
1987 4154 2170 4200 autem

609 4246 679 4298 ita
710 4243 917 4298 sentire
968 4240 1051 4295 vel
1103 4240 1247 4309 loqui
1279 4254 1494 4294 omnem
1529 4239 1863 4307 impietatem
1908 4246 2171 4308 superat;

605 4344 724 4389 erat
783 4332 1004 4386 omniuo
1053 4346 1268 4400 semper
1321 4345 1443 4385 eum
1496 4339 1684 4386 sancta
1735 4329 2007 4384 Trinitate
2057 4329 2173 4391 ejus

606 4425 896 4497 plenitudo.

1088 4513 1296 4568 ALIUD
1335 4515 1455 4568 huic
1491 4514 1682 4568 simile.

2263 2039 2345 2100 είς
2384 2036 2445 2091 τὸ
2485 2032 2626 2091 εἶναι
2657 2039 2726 2092 τά
2766 2038 2930 2092 ὄντα·
2964 2038 3144 2092 πάντα
3185 2039 3241 2091 δὲ
3274 2037 3342 2090 δι’
3386 2036 3516 2091 Υἱοῦ
3565 2040 3711 2090 ποιεῖ
3753 2038 3859 2090 καὶ

2266 2129 2695 2200 κατεργάζεται,
2740 2130 2856 2194 πῶς
2894 2130 2994 2183 οὐκ
3043 2129 3235 2193 ἀσεϐὲς
3277 2129 3336 2182 τὸ
3374 2129 3582 2197 λέγειν’
3612 2124 3723 2186 Ἦν
3757 2129 3859 2182 δῖε

2265 2223 2378 2275 οὐκ
2415 2217 2527 2290 vir;
2576 2221 2690 2275 ἴσον
2723 2222 2829 2294 γάρ
2871 2223 3018 2275 ἐστιν
3066 2223 3276 2275 εἰπεῖν·
3307 2217 3416 2275 Ἦν
3447 2223 3536 2275 ὅτε
3577 2222 3679 2274 οὐκ
3721 2214 3792 2292 ἦν
3830 2227 3860 2274 ό

2264 2313 2418 2377 Θεὸς,
2453 2312 2676 2385 ὕστερον
2705 2312 3092 2385 ἐπιγενομένου
3124 2312 3217 2367 τοῦ
3252 2313 3472 2366 πάντων
3516 2310 3858 2383 δημιουργδῦ

2267 2407 2470 2476 Λόγου·
2511 2426 2530 2458 ι
2561 2408 2744 2478 Χωρὶς
2785 2424 2894 2479 γαρ
2934 2406 3100 2461 αὐτοῦ
3135 2407 3352 2476 ἐγένετο
3383 2407 3506 2459 οὐδὲ
3549 2406 3629 2471 ἓν,
3661 2426 3677 2458 ι
3712 2405 3860 2460 κατά

2267 2500 2364 2569 τὴν
2397 2493 2650 2554 Ἰωάννου
2681 2501 2886 2570 φωνήν.
2916 2499 2978 2552 Ei
3006 2499 3063 2551 δὲ
3096 2499 3182 2552 ἀεὶ
3210 2500 3301 2552 καὶ
3329 2495 3470 2554 κατά
3500 2497 3664 2568 φύσιν
3695 2515 3860 2568 ποιη-

2268 2591 2367 2661 τὴς
2405 2593 2433 2644 6
2463 2591 2595 2654 Θεὸς
2627 2591 2719 2644 καὶ
2746 2591 2960 2661 Πατὴρ,
2986 2586 3055 2661 ἦν
3087 2590 3194 2662 ἄρα
3225 2591 3322 2643 σὺν
3351 2589 3501 2659 αὐτῷ
3522 2591 3587 2643 δι’
3617 2585 3677 2644 οὗ
3712 2608 3867 2661 ποιη-

2269 2682 2367 2753 τὴς
2397 2681 2671 2750 ἐφαίνετο,
2697 2682 2979 2736 τουτέστιν
3008 2684 3037 2735 6
3067 2683 3237 2750 Λόγος
3294 2681 3481 2736 αὗτοῦ.
3512 2683 3720 2753 Ὥσπερ
3751 2681 3866 2751 γάρ

2276 2771 2578 2843 ἀχώριστον
2627 2771 2918 2843 ἀνθρώπου
2971 2774 3080 2826 πᾶν
3119 2772 3179 2825 τὸ
3233 2772 3393 2839 φύσει
3426 2772 3624 2843 προσὸν
3679 2772 3863 2841 αὐτῷ·

2271 2862 2417 2917 οὕτω
2447 2865 2541 2917 καὶ
2587 2863 2723 2918 Θεοῦ
2767 2866 2874 2918 πᾶν
2906 2865 2967 2918 τὸ
3014 2866 3072 2917 ὲν
3108 2864 3258 2935 αὐτῷ
3305 2865 3400 2918 καὶ
3445 2865 3504 2934 QE
3546 2864 3732 2918 αὐτοῦ.
3774 2854 3865 2917 Ἐν

2274 2954 2447 3024 Πατρὶ
2485 2953 2541 3006 δὲ
2582 2954 2678 3006 καὶ
2723 2953 2786 3006 ὲκ
2829 2953 3042 3024 Πατρὸς
3084 2955 3111 3006 6
3149 2955 3355 3022 Λόγος·
3402 2954 3704 3026 ἀχώριστος
3753 2955 3865 3025 ἄρα

2276 3044 2368 3097 καὶ
2397 3043 2684 3106 συναῖδιος.

2469 3304 2677 3369 ΑΛΛῦ,
2706 3303 2818 3357 διὰ
2831 3304 2939 3373 τῆς
2972 3309 3060 3372 είς
3089 3306 3317 3361 ἄτοπον
3359 3309 3707 3381 ἀπαγωγῆς-ε

2344 3416 2408 3468 Ei
2436 3421 2536 3468 οὑκ
2568 3416 2714 3471 ἔστιν
2741 3418 2770 3471 6
2804 3419 2933 3482 Υἱὸς
2963 3420 3040 3491 τῷ
3075 3421 3250 3491 Πατρὶ
3285 3423 3574 3489 συναΐδιος,
3607 3417 3723 3477 ἀλλ’
3751 3420 3867 3480 Ἦν

2273 3506 2372 3562 ὅτε
2403 3509 2514 3562 οὐκ
2547 3505 2647 3579 ἦν,
2676 3509 2798 3564 καθ’
2843 3512 3008 3582 ὑμᾶς,
3034 3513 3247 3584 ἀνάγκη
3283 3517 3660 3585 συνομολογεῖν
3691 3519 3866 3590 ἀτελῆ

2273 3618 2402 3655 ποτε
2449 3602 2714 3674 ὑπάρχειν
2742 3603 2840 3675 τὴν
2876 3605 3037 3675 ἁγίαν
3080 3600 3312 3678 Τριάδα.
3341 3604 3452 3662 Ἦν
3501 3609 3610 3681 γὰρ
3666 3612 3863 3680 μονὰς,

2271 3691 2346 3756 ὡς
2374 3693 2539 3760 είκὺς,
2570 3690 2856 3766 πρὸ-Υἱοῧ.
2886 3696 3083 3765 Γέγονε
3129 3698 3185 3752 δὲ
3226 3698 3452 3768 ὕστερον
3500 3699 3692 3770 Τριάς,
3735 3703 3867 3755 ἑπι-

2271 3786 2564 3856 γενομένου
2611 3787 2704 3840 τοῦ
2737 3788 3036 3852 λείποντος.
3083 3789 3301 3862 Ἐπειδὴ
3343 3791 3402 3845 δὲ
3450 3793 3557 3845 πᾶν
3608 3793 3746 3862 ὅπερ
3789 3794 3866 3847 ἂν

2274 3875 2476 3946 συμϐῇ,
2507 3877 2601 3929 καὶ
2647 3877 3032 3950 ἀποσυμϐἧναι
3081 3878 3332 3944 δύναται,
3377 3881 3495 3945 δέος
3533 3882 3606 3953 μὴ
3643 3883 3735 3936 καί
3777 3901 3866 3948 τις

2273 3968 2420 4038 ἡμᾶς
2448 3968 2736 4042 ἀναγκάσῃ
2763 3968 2919 4038 λόγος
2953 3971 3237 4040 ὁμολογεῖν
3266 3972 3526 4028 δύνασθαι
3564 3975 3664 4045 τὴν
3696 3976 3865 4044 άγίαν

2273 4057 2481 4130 Τριάδα
2508 4059 2645 4129 πρὸς
2683 4061 2846 4114 ἑνόιδα
2888 4061 3292 4134 παλινδρομεῖν.
3325 4065 3388 4116 Εί
3432 4065 3488 4118 δὲ
3524 4067 3682 4118 τοῦτο
3725 4084 3869 4138 φρο-

2271 4155 2382 4207 νεῖν
2411 4153 2443 4223 ἦ
2483 4153 2661 4221 λέγειν
2706 4155 2924 4225 ἁπάσης
2956 4158 3074 4210 ἐστὶ
3105 4158 3424 4224 δυσσεϐείας
3459 4161 3748 4226 ἐπέκεινα,
3793 4161 3864 4236 ἦν

2273 4242 2358 4295 ἀεὶ
2402 4243 2539 4311 μετά
2581 4245 2795 4313 Harpe;
2826 4246 2925 4315 τῆς
2953 4247 3112 4315 ἁγίας
3143 4250 3186 4303 Τ
3189 4250 3372 4317 ριάδος
3398 4253 3458 4304 τὸ
3489 4253 3785 4324 πλήρωμα.

2733 4512 2941 4576 ΛΛΛΟ,
2964 4521 3148 4577 τούτῳ
3176 4516 3395 4580 ὅμοιον.

678 4630 735 4684 Si
779 4628 946 4683 Filius
988 4642 1090 4681 non
1133 4636 1217 4681 est
1254 4627 1528 4697 proprium
1569 4627 1816 4698 genimen
1858 4626 2167 4682 substantia.

2348 4624 2410 4677 Ei
2449 4626 2547 4678 οὐκ
2583 4625 2727 4677 ἐστιν
2754 4627 2782 4677 6
2817 4625 2943 4688 Υίὸς
2980 4625 3109 4679 ἴδιον
3143 4625 3387 4698 γέννημα
3418 4630 3516 4698 τῆς
3543 4632 3732 4696 οὐσίας
3764 4634 3859 4690 τοῦ

609 4723 815 4786 Patris,
846 4720 938 4774 sed
970 4737 1034 4775 ex
1069 4719 1235 4774 niliilo
1268 4718 1440 4774 factus
1470 4727 1584 4784 est,
1617 4718 1896 4774 dissimilis
1930 4719 2031 4775 sibi
2071 4719 2170 4789 ipsi

607 4813 980 4869 fuerit‘sancta
1002 4811 1242 4865 Trinitas
1267 4825 1333 4865 ex
1361 4809 1529 4865 nibilo
1552 4824 1705 4865 suam
1733 4810 2170 4867 constitutionem

609 4906 849 4961 trahens.
877 4906 1050 4975 Atque
1076 4903 1148 4958 ita
1178 4903 1431 4971 deinceps
1455 4911 1703 4956 creatura
1729 4902 1970 4960 Creatori
1997 4918 2169 4957 anim-

611 4996 922 5061 merabitur,
951 5004 1006 5049 et
1035 5007 1170 5063 opus
1202 4993 1442 5063 ejusdem
1478 4994 1580 5048 erit
1613 5008 1734 5048 cum
1766 4992 1961 5063 opiﬁce
1996 4992 2172 5063 digni-

610 5087 753 5142 tatis.
791 5086 860 5140 At
903 5085 950 5140 si
982 5087 1082 5139 hoc
1123 5085 1340 5155 impium
1381 5095 1496 5149 est,
1537 5099 1640 5138 una
1691 5085 1831 5139 enim
1872 5097 1956 5140 est
1997 5085 2175 5140 Deitas

609 5180 807 5228 sancta:
829 5171 1144 5240 Trinitatis,
1173 5188 1275 5228 una
1307 5172 1646 5242 gloriﬁcatio,
1673 5176 1967 5244 eademque
1999 5176 2173 5230 domi-

613 5265 791 5330 natio;
829 5263 1008 5332 inique
1043 5263 1207 5332 igitur
1238 5265 1290 5318 in
1325 5261 1636 5320 diil‘erentes
1669 5264 1933 5319 essentias
1966 5266 2169 5328 scindi-

611 5371 716 5412 tur.
754 5355 870 5423 Quo
907 5366 1062 5424 pacto
1105 5365 1283 5410 autem
1328 5372 1432 5411 non
1474 5355 1636 5412 fuerit
1676 5356 2007 5421 absurdum,
2048 5371 2168 5411 cum

609 5449 764 5502 Pater
794 5447 865 5499 sit
893 5456 1146 5511 aeternus,
1181 5447 1381 5500 audere
1416 5447 1595 5504 dicere
1621 5447 1856 5503 Verbum
1894 5450 2037 5516 quod
2072 5448 2168 5515 ipsi

604 5540 806 5593 assidet
846 5551 1056 5606 unaque
1094 5548 1315 5607 regnat,
1353 5539 1644 5609 aliquando
1679 5555 1786 5594 non
1826 5539 2028 5605 fuisse;
2071 5540 2166 5594 sed

604 5628 880 5699 postmodo
916 5626 1112 5681 factum
1146 5642 1286 5693 esse,
1320 5638 1373 5682 et
1411 5645 1604 5684 novum
1644 5630 1933 5701 quemdam
1977 5643 2040 5684 ac
2083 5643 2166 5683 re-

606 5738 727 5778 cens
754 5721 951 5774 factum
983 5718 1148 5774 Deum
1176 5720 1474 5776 inducere?

660 5878 714 5911 “
736 5875 892 5935 Joan.
925 5896 964 5951 ι,
988 5882 1040 5937 3.

2278 4717 2522 4789 Πατρδς,
2547 4715 2660 4769 ἀλλ’
2701 4714 2758 4779 ἐξ
2792 4716 2890 4769 οὐκ
2931 4715 3097 4770 ὄντων
3125 4717 3358 4785 ἐγένετο,
3404 4720 3657 4790 ἀνόμοιος
3703 4723 3862 4778 ἔσται

2281 4809 2415 4882 πρὸς
2441 4809 2638 4881 ἑαυτὴν
2659 4811 2694 4879 ἠ
2732 4808 2863 4877 ἁγία
2893 4809 3062 4878 Τριάς
3101 4809 3159 4873 ἐξ
3191 4811 3288 4864 οὐκ
3321 4812 3489 4864 ὄντων
3519 4813 3716 4883 ἔχουσα
3761 4815 3864 4886 τὴν

2280 4902 2555 4955 σύστασιν.
2597 4902 2706 4954 Καὶ
2745 4899 2928 4978 λοιπον
2955 4901 3016 4952 τὸ
3045 4902 3249 4972 κτίσμα
3277 4902 3355 4973 τῷ
3389 4904 3594 4976 Κτίστῃ
3640 4918 3866 4979 συναρι..

2279 4996 2514 5066 θμεῖται,
2542 4995 2636 5050 καὶ
2673 4994 2735 5046 τὸ
2774 4993 2985 5063 ποίημα
3018 4995 3095 5064 τῷ
3132 4999 3329 5068 ποιητῇ
3363 4996 3762 5063 συνδοξάξεται.
3797 5001 3864 5054 Ei

2279 5089 2335 5142 δὲ
2367 5087 2523 5142 τοῦτο
2559 5086 2774 5149 ἀσεϐὲς,
2809 5088 2904 5156 μία
2938 5087 3042 5158 γὰρ
3070 5087 3258 5158 θεότης
3289 5089 3384 5159 τῆς
3421 5089 3581 5158 ἁγίας
3609 5090 3862 5160 Τριάὸος,

2285 5178 2381 5248 μία
2428 5176 2730 5244 δοξολογία,
2768 5177 3090 5248 κυριότηςή
3138 5178 3309 5248 αὐτὴ,
3357 5180 3457 5232 οὐκ
3492 5181 3726 5249 εὐλόγως
3779 5185 3864 5248 είς

2277 5268 2566 5344 διαφόρους
2607 5267 2794 5329 οὐσίας
2824 5267 3083 5336 σχίζεται.
3135 5270 3259 5331 Πῶς
3288 5270 3344 5322 δὲ
3378 5271 3477 5324 οὐκ
3511 5272 3710 5326 άτοπον
3761 5274 3862 5328 τοῦ

2279 5362 2490 5432 Πατρὸς
2548 5361 2699 5423 δντος
2730 5359 2921 5423 ἀϊδίου,
2971 5361 3058 5413 τὸν
3111 5361 3525 5432 συγκαθήμενον
3579 5364 3726 5436 αὐτῷ
3764 5368 3863 5421 καὶ

2279 5450 2746 5522 συμϐασιλεύοντα
2793 5450 2963 5517 Λόγον
3017 5450 3286 5521 τολμῆσαι
3337 5450 3515 5521 λέγειν
3564 5455 3666 5509 οὐκ
3718 5450 3862 5511 εἶναι

2280 5543 2376 5612 μέν
2410 5557 2538 5594 ποτε
2559 5559 2572 5573 ο
2613 5539 2984 5608 ὲπιγεγονέναι
3017 5541 3072 5594 δὲ
3122 5541 3369 5613 ὕστερον,
3419 5546 3511 5598 καὶ
3548 5544 3861 5615 πρόσφατον

2276 5637 2405 5705 ἡμῖν
2436 5632 2784 5704 εἰσφέρεσθαι
2821 5630 2952 5686 Θεόν
2976 5651 2990 5700 ;
