4012 6338
191 359 274 415 59
1621 368 2058 425 TllESA-URUS.
3407 370 3479 426 50

895 481 1103 534 ΛΑΜ).

2567 483 2797 538 ALIUD.

273 585 431 656 Πηγὴ
461 588 652 656 σοφίας
693 591 790 644 καὶ
826 588 974 669 ζωῆς
995 593 1237 650 καλεῖται
1266 598 1358 649 καὶ
1387 596 1530 647 ἐστιν
1559 597 1586 647 6
1624 595 1772 656 Θεὸς.
1809 591 1853 647 Α

1955 593 2092 648 Fons
2127 597 2402 663 sapientiae
2435 606 2490 650 et
2525 598 2642 651 vitae
2673 607 2899 651 vocatur
2927 589 3095 650 et‘est
3131 596 3294 650 Deus.
3331 596 3465 650 Nam

190 677 300 728 Διᾶ
341 678 439 745 μὲν
483 679 592 750 γὰρ
628 681 891 754 Ἱερεμίου
941 685 1104 754 φησίν
1131 703 1145 718 ·
1189 705 1208 736 ‹
1249 687 1376 756 Ἐμὲ
1427 685 1774 752 ἐγκατέλιπον

1890 701 1984 756 per
2023 687 2309 742 Jeremiam
2359 689 2428 742 ita
2477 689 2552 743 ait
2600 709 2612 744 :
2664 707 2681 740 ι
2738 688 3096 757 Reliquerunt
3142 705 3226 742 me
3273 688 3473 740 fontem

191 767 384 835 πηγὴν
415 767 603 830 ὓδατος
648 771 869 836 ζῶντος.
901 793 918 824 ι
956 775 1066 828 Καὶ
1111 777 1271 831 πάλιν
1292 795 1306 808 ο
1346 795 1363 827 ι
1395 776 1592 845 Θρὸνος
1624 774 1775 844 δόξης

1888 793 2039 844 aqua:
2067 778 2282 832 vivae“.
2316 797 2334 830 ι
2373 779 2438 832 Et
2470 795 2683 833 rursum
2720 797 2734 832 :
2775 799 2791 830 ι
2828 778 3079 832 Throuus
3110 777 3292 846 gloriae
3319 777 3469 831 exal-

192 857 506 926 ὐψωμένος,
535 862 780 933 άγὶασμα
812 865 987 936 ἡμῶν,
1020 869 1262 940 ὑπομονὴ
1297 869 1526 939 Ἰσραὴλ,
1555 869 1775 938 Κύριος-

1891 879 2049 930 tatus,
2082 871 2438 926 sanctificatio
2471 882 2673 936 nostra,
2706 871 3042 940 exSpectatio
3075 871 3260 935 Israel,
3295 870 3473 924 Domi—

191 944 414 1009 Πάντες
449 949 498 1000 oi
542 949 932 1036 καταλιπόντες
979 974 1036 1009 σε
1074 958 1640 1030 καταισχυνθήτωσαν,
1681 959 1775 1025 ἀφ-

1891 977 2006 1016 nus.
2058 962 2392 1017 Erubescant
2438 980 2624 1021 omnes
2671 965 2760 1032 qui
2810 964 3146 1032 reliquerunt
3194 972 3266 1025 te,
3319 976 3471 1016 rece-

189 1037 496 1104 εστηκότες
526 1042 617 1092 ἐπὶ
642 1043 742 1110 τῆς
772 1045 894 1120 γῆς,
928 1048 1300 1119 Γραφήτωσαν
1330 1051 1409 1103 ὅτι
1432 1049 1773 1116 ἐγκατέλιπον

1889 1051 2074 1104 dentes
2117 1067 2146 1103 ο
2193 1062 2354 1106 terra.
2402 1053 2722 1106 Scribuntur
2761 1054 3016 1121 quoniam
3062 1051 3473 1120 dereliquerunt

193 1127 390 1195 πηγὴν
442 1128 586 1198 ζωῆς
639 1133 730 1184 τὸν
795 1135 1012 1205 Κύριον.
1047 1155 1064 1186 ι
1121 1136 1218 1192 Διὰ
1272 1137 1330 1190 δὲ
1384 1137 1476 1190 τοῦ
1532 1137 1777 1206 Βαρούχ·

1892 1141 2090 1196 fontem
2126 1143 2248 1197 vita:
2286 1143 2568 1198 Dominum
2589 1145 2655 1196 ⁸⁷.
2697 1163 2714 1194 ι
2751 1145 2815 1198 Ει
2849 1158 2944 1210 per
2973 1143 3183 1196 Baruch
3221 1160 3233 1195 :
3271 1161 3288 1193 ι
3328 1140 3470 1195 Fon-

200 1231 219 1261 ι
270 1214 693 1280 Ἐγκατελίπετε
724 1223 820 1292 τὴν
855 1224 1033 1294 πηγὴν
1064 1225 1159 1296 τῆς
1190 1227 1398 1293 σοφίας.
1434 1246 1450 1276 ι
1493 1225 1647 1279 Οὖτω
1677 1227 1782 1278 τοί-

1891 1241 1996 1287 tem
2041 1235 2319 1300 sapientia:
2358 1236 2725 1304 dereliquistis
2745 1235 2812 1288 ⁸⁸.
2862 1255 2879 1286 ι
2923 1236 3055 1290 Cum
3105 1236 3286 1303 itaque
3327 1234 3473 1305 ejus-

192 1319 297 1355 νυν
341 1305 492 1370 ὄντος
543 1327 600 1362 τε
640 1313 730 1365 καὶ
780 1314 1112 1386 καλουμένου
1147 1317 1241 1370 τοῦ
1279 1315 1435 1380 Θεοῦ,
1491 1315 1776 1370 ἀκόλουθόν

1891 1325 2032 1380 modi
2078 1327 2148 1378 sit
2189 1345 2242 1380 et
2282 1338 2503 1381 vocetur
2545 1328 2706 1393 Deus,
2752 1341 3094 1394 consequens
3138 1336 3222 1379 est
3267 1335 3327 1380 ut
3366 1343 3469 1380 una

191 1395 321 1486 ἐστι
358 1399 422 1466 τῇ
473 1402 620 1469 πηγῇ
669 1401 767 1470 τῆς
805 1405 995 1473 σοφίας
1052 1409 1416 1476 συνυπάρχειν
1461 1407 1529 1460 τά
1576 1406 1635 1470 ἐξ
1680 1408 1775 1458 αὖ·

1891 1430 2013 1467 cum
2047 1414 2191 1469 fonte
2222 1417 2487 1471 exsistant
2518 1433 2637 1486 qua:
2665 1433 2726 1470 cx
2755 1431 2821 1471 eo
2849 1426 3088 1471 manant.
3116 1416 3302 1484 Neque
3329 1419 3470 1470 enim

322 1503 334 1515 '
365 1490 486 1542 ἐπεὶ
513 1492 610 1543 οὐκ
642 1493 707 1546 ἂν
741 1495 826 1565 εἴη
859 1497 1010 1567 πηγὴ
1055 1497 1219 1568 μηδὲν
1253 1499 1647 1562 ἀναϐλύζουσα.
1678 1501 1775 1552 Οὑ-

1894 1506 2052 1560 fuerit
2096 1507 2216 1562 fons
2259 1510 2357 1563 nisi
2406 1485 2606 1563 manet.
2650 1509 2890 1564 Dicendo
2934 1511 3098 1579 igitur
3139 1527 3152 1562 :
3199 1507 3331 1562 Erat
3376 1509 3470 1562 ali-

193 1577 334 1629 κοῦν
375 1580 433 1632 ὲν
469 1582 545 1652 τῷ
581 1585 796 1653 λέγειν’
832 1585 940 1642 Ἦν
984 1590 1083 1643 ὅτε
1115 1594 1226 1645 οὐκ
1270 1588 1348 1661 ἦν
1406 1592 1564 1657 Υἱὸς,
1611 1594 1637 1644 6
1695 1592 1777 1642 λέ-

1889 1603 2100 1666 quando
2145 1600 2354 1667 quando
2401 1617 2502 1653 non
2554 1610 2666 1654 erat
2718 1599 2922 1662 Filius,
2960 1577 3061 1669 ⁷(ιιιί
3115 1600 3245 1653 dicit
3299 1617 3312 1652 :
3365 1598 3472 1668 Ego

193 1689 349 1738 των⁶
393 1676 530 1745 Ἐγώ
570 1680 682 1748 εἰμι
712 1681 744 1750 ή
789 1678 920 1750 ζωὴ,
954 1683 1046 1734 καὶ
1081 1683 1191 1749 ἐγὼ
1221 1685 1253 1753 ή
1301 1682 1480 1750 σοφία,
1513 1683 1752 1749 κατεσκή

1891 1703 2006 1740 sum
2038 1690 2176 1752 vita,
2210 1700 2263 1744 et
2297 1705 2395 1759 ego
2429 1689 2702 1758 Sapientia
2736 1691 2968 1744 habitavi
3006 1691 3058 1743 in
3092 1689 3362 1754 consiliis,
3396 1689 3475 1742 fa-

192 1781 348 1816 νωσα
391 1765 604 1838 βουλὴν,
639 1775 1017 1840 συνομολογεῖν
1049 1773 1161 1826 ἐστι
1196 1774 1384 1841 σαφῶς
1431 1774 1599 1843 ξηράν
1649 1789 1776 1825 ποτε

1893 1781 2108 1833 tendum
2144 1783 2366 1834 omnino
2398 1782 2501 1835 erit
2536 1782 2738 1836 siccum
2775 1791 2937 1852 atque
2971 1782 3315 1836 infecundum
3355 1795 3473 1835 esse

192 1859 294 1909 καὶ
329 1857 514 1925 ἄγονον
544 1859 679 1915 εἶναι
720 1866 815 1934 τὴν
846 1868 1045 1938 πηγήν.
1077 1869 1140 1919 Εἰ
1169 1867 1223 1919 δὲ
1257 1867 1414 1920 τοῦτο
1450 1868 1662 1930 ἀσεϐὲς,
1694 1868 1776 1919 ἀεὶ

1891 1869 2113 1921 fontem.
2153 1868 2207 1922 Si
2250 1884 2374 1924 vero
2419 1871 2518 1924 hoc
2559 1870 2781 1938 impium
2826 1879 2936 1934 est,
2977 1869 3204 1924 fecunda
3240 1870 3383 1923 enim
3419 1881 3472 1924 ct

191 1947 309 2017 γὰρ
339 1954 674 2020 καρπογόνος
700 1957 732 2025 ή
781 1957 898 2010 Θεία
927 1958 1108 2027 φύσις,
1138 1961 1230 2011 καὶ
1268 1961 1418 2012 οὐδὲν
1461 1961 1517 2011 ὲν
1548 1961 1682 2030 αὐτῇ
1724 1958 1775 2011 τὸ

1891 1957 2165 2013 fructifera
2200 1975 2412 2030 semper
2445 1968 2526 2015 est
2567 1961 2746 2014 divina
2783 1970 3004 2022 natura,
3043 1960 3286 2028 nihilque
3321 1960 3371 2013 in
3406 1974 3471 2014 ea

191 2043 404 2108 καινὸν,
434 2039 499 2112 ἦν
526 2045 633 2115 ἄρα
665 2047 743 2116 τῷ
778 2050 816 2100 Γ
821 2053 1120 2120 εννήσαντι’
1151 2053 1418 2115 συναῖδιος
1452 2055 1479 2104 ὁ
1523 2052 1580 2115 ἐξ
1614 2049 1775 2104 αὑτοῦ

1891 2049 2069 2115 inane,
2098 2059 2214 2105 erat
2245 2053 2428 2121 utique
2457 2062 2785 2106 coaeternum
2819 2051 2963 2105 Patri
2996 2050 3226 2106 Verbum
3259 2066 3323 2106 ex
3357 2051 3475 2120 ipso

192 2133 419 2200 γνήσιος
447 2137 636 2204 Λόγος,
665 2137 851 2211 ὥσπερ
880 2142 986 2195 ὀιπὸ
1015 2160 1159 2206 τινος
1188 2143 1368 2214 πηγῆς
1397 2145 1493 2213 τῆς
1525 2142 1776 2214 πατριὲλ-ις

1890 2142 2149 2209 genitum,
2178 2156 2208 2196 e
2234 2152 2456 2212 paterna
2487 2144 2718 2198 essentia
2748 2142 2912 2197 veluti
2946 2143 3093 2197 fonte
3120 2157 3471 2212 promanans.

191 2222 517 2286 ἁναὸλύζων
547 2227 754 2291 οὐσίας.

524 2342 729 2396 ΔΛΛΟ.
763 2348 865 2410 Εἰς
896 2346 962 2399 τὸ
994 2347 1141 2400 αὐτὸ
1175 2349 1447 2402 πιθανόν.

2141 2343 2252 2413 28
2292 2341 2529 2405 ALIUD,
2570 2325 2803 2410 ejusdem
2844 2343 2918 2396 rei
2957 2342 3209 2412 probatio.

282 2447 704 2517 Ἐπαγγέλλεται
755 2458 1002 2526 ποιήσειν
1028 2461 1057 2510 6
1097 2457 1228 2522 Θεὸς
1279 2461 1400 2522 τοὺς
1433 2460 1782 2524 δουλεύοντας

1959 2457 2230 2513 Promittit
2263 2457 2404 2511 Deus
2435 2457 2702 2512 facturum
2735 2472 2792 2512 se
2825 2472 2920 2512 eos
2949 2458 3039 2526 qui
3072 2457 3171 2523 ipsi
3204 2455 3470 2517 serviunt,

191 2538 369 2608 αὐτῷ,
399 2541 472 2604 ὡς
509 2546 689 2616 πηγὴν
720 2547 785 2615 ἢν
819 2550 892 2619 μὴ
936 2549 1180 2616 ἐξέλιπεν
1222 2552 1383 2622 ὕδωρ.
1413 2553 1566 2614 Οὕτω
1607 2571 1664 2607 τε
1694 2555 1775 2607 διὰ

1890 2548 2036 2601 velut
2066 2548 2286 2609 fontem,
2318 2545 2473 2612 cuius
2509 2562 2647 2616 aqua
2681 2563 2956 2616 nunquam
2991 2548 3192 2601 deficit.
3223 2546 3296 2598 Ita
3328 2546 3470 2600 enim

190 2631 291 2683 τοῦ
356 2638 634 2702 προφήτου
679 2641 842 2708 φησὶν
897 2643 1155 2695 Ἡσαΐου·
1211 2646 1366 2697 «Καὶ
1420 2646 1774 2719 ἐμπλησθήσῃ

1890 2654 1986 2702 per
2010 2638 2157 2692 Isaiae
2185 2639 2459 2707 propheta:
2482 2652 2669 2693 vocem
2699 2642 2774 2691 alt
2804 2657 2816 2690 :
2852 2656 2871 2690 ι
2908 2637 2968 2691 Et
3001 2637 3310 2706 impleberis
3336 2636 3474 2690 sicut

194 2723 453 2793 καθάπερ
480 2727 788 2799 ἐπιθυμεῑὴ
818 2731 959 2803 ψυχή
989 2751 1103 2795 σου,
1131 2737 1222 2790 καὶ
1248 2737 1316 2789 τὰ
1339 2738 1475 2790 ὀστᾶ
1501 2756 1593 2790 σου
1626 2755 1778 2790 πιαν-

1890 2731 2067 2785 anima
2111 2740 2197 2784 tua
2239 2729 2543 2790 desiderat,
2581 2739 2634 2782 et
2681 2729 3034 2799 pinguescent
3075 2744 3195 2782 ossa
3242 2737 3330 2781 tua
3372 2745 3383 2779 :
3421 2737 3472 2781 el

192 2816 458 2884 ῦήσεται·
492 2821 582 2872 καὶ
617 2821 768 2874 ἔσται
801 2823 876 2886 ὡς
919 2828 1093 2895 κῆπος
1128 2829 1362 2896 μεθύων,
1405 2831 1496 2883 καὶ
1526 2829 1599 2892 ὡς
1633 2831 1776 2900 πηγὴ

1892 2832 2050 2876 erunt
2093 2821 2244 2889 quasi
2291 2821 2480 2875 hortus
2529 2821 2802 2890 irriguus,
2851 2833 2904 2874 et
2947 2820 3108 2874 veluti
3159 2819 3278 2874 fons
3322 2819 3476 2884 cujus

190 2901 264 2974 ἧς
297 2907 372 2977 μὴ
402 2907 644 2972 ἐξέλιπεν
673 2913 869 2986 ὕδωρ.)
899 2917 1081 2970 Ταῦτα
1116 2918 1209 2970 τοῦ
1242 2919 1378 2973 Θεοῦ
1424 2923 1666 2988 ποιήσειν
1697 2922 1774 2972 ἐπ

1891 2927 2026 2980 aqua
2051 2927 2156 2965 non
2175 2910 2352 2964 deficit
2377 2909 2441 2962 ι’.
2465 2928 2483 2960 ι
2512 2908 2636 2964 llaec
2669 2925 2790 2964 cum
2816 2908 2958 2964 Deus
2988 2910 3041 2963 in
3077 2909 3385 2962 hominibus
3415 2921 3473 2960 se

193 2995 504 3064 ἀνθρώπων
560 3002 1008 3077 ὑπισχνουμένου,
1063 3009 1179 3072 πῶς
1239 3009 1298 3064 ού
1334 3012 1516 3082 πάσης
1561 3012 1625 3063 ἂν
1676 3006 1777 3063 εἷεν

1895 3006 2254 3076 ριίοειίιιιτιιιιι
2293 3003 2603 3071 promittat,
2636 3017 2743 3071 quo
2777 3011 2931 3068 pacto
2963 3016 3064 3054 non
3095 2996 3339 3054 extre'me
3373 2998 3479 3052 im-

195 3086 460 3152 ἀσεϐείας
504 3091 821 3160 ὑπεύθυνοι,
854 3098 902 3150 οἱ
937 3100 1034 3168 τὴν
1066 3098 1217 3152 Θείαν
1260 3101 1477 3170 ἐκείνην
1528 3102 1618 3152 καὶ
1648 3102 1779 3170 ἀκή-

1894 3097 1965 3164 pii
2006 3094 2260 3149 censendi
2302 3103 2454 3157 sunt,
2493 3095 2581 3162 qui
2621 3093 2862 3147 divinum
2901 3092 3048 3145 illum
3086 3102 3246 3161 atque
3284 3104 3477 3158 peren-

198 3195 371 3246 ρκτον
403 3182 580 3251 πηγὴν
615 3184 781 3254 ξηράν
828 3205 958 3242 ποτε
1009 3191 1336 3261 γεγενῆσθαι
1380 3192 1658 3257 λέγοντες·
1699 3193 1782 3244 ἵνα

1893 3202 2014 3240 nem
2047 3186 2284 3248 fontem,
2317 3185 2521 3238 siccum
2556 3183 2846 3252 aliquando
2880 3183 3046 3237 fuisse
3076 3183 3296 3246 dicunt,
3329 3192 3386 3236 ut
3419 3189 3474 3236 et

197 3271 300 3321 καὶ
344 3271 641 3343 ἀνθρώπων
671 3277 919 3349 δεύτερος
967 3283 1223 3353 φαίνηται
1256 3285 1423 3349 Θε-5ς;
1453 3285 1515 3337 Ei
1547 3285 1602 3337 δὲ
1629 3284 1781 3337 τοῦτο

1894 3278 2161 3333 secundus
2191 3275 2410 3346 quidam
2446 3275 2726 3328 hominum
2760 3273 2901 3329 Deus
2936 3289 3058 3328 esse
3089 3272 3374 3326 videatur?
3405 3273 3474 3326 At

195 3361 424 3425 ἄτοπον,
458 3361 523 3434 ἦν
555 3367 662 3437 ἄρα
693 3371 748 3421 ἐν
777 3375 840 3440 τῇ
876 3376 1026 3444 πηγῆ
1057 3377 1115 3427 τὸ
1149 3377 1291 3447 ὕδωρ
1319 3365 1417 3447 τῆς
1450 3377 1595 3446 ζωῆς
1626 3381 1719 3430 καὶ
1751 3381 1779 3449 ἡ

1895 3385 2020 3422 vero
2049 3369 2093 3422 si
2129 3370 2226 3421 hoc
2254 3367 2546 3420 absurdum
2574 3375 2679 3431 est,
2711 3375 2828 3420 erat
2855 3366 3041 3435 utique
3069 3367 3120 3418 in
3155 3365 3304 3420 fonte
3333 3379 3469 3434 aqua

197 3452 258 3516 ἐξ
287 3453 462 3524 αὐτῆς
491 3459 668 3526 σοφία,
701 3464 979 3517 τουτέστιν
1005 3468 1032 3519 ὁ
1061 3468 1208 3531 Υἱός.

1894 3461 2014 3515 vitae
2053 3469 2106 3515 et
2149 3459 2410 3528 sapientia
2451 3473 2573 3528 quae
2615 3458 2738 3512 inde
2777 3464 3080 3526 promanat,
3123 3457 3225 3511 hoc
3262 3466 3346 3511 est
3385 3456 3476 3510 Fi-

1894 3551 2016 3604 lius.

381 3637 583 3704 ΔΛΛΟ,
614 3639 711 3695 διὰ
750 3642 858 3711 τῆς
886 3648 970 3711 εἰς
1000 3647 1225 3702 ἄτοπον
1260 3651 1603 3720 ἀπαγωγῆς.

2069 3636 2308 3701 ALIUD,
2353 3653 2443 3705 per
2480 3637 2832 3689 reductionem
2874 3636 2943 3687 ad
2982 3635 3294 3688 absurdum.

272 3747 588 3818 Γέγραπται
609 3768 622 3782 °
664 3774 681 3806 ι
709 3751 805 3819 Εἷς
833 3759 964 3822 Θεὸς
993 3760 1020 3811 6
1054 3762 1260 3835 Πατὴρ,
1293 3765 1350 3829 ἐξ
1391 3761 1452 3820 οὗ
1481 3769 1547 3820 τά
1583 3770 1784 3834 πάντα,

1966 3751 2241 3820 Scriptum
2270 3759 2351 3805 est
2380 3767 2393 3802 :
2429 3767 2447 3800 ι
2481 3748 2630 3804 Unus
2661 3748 2800 3802 Deus
2828 3747 3009 3813 Pater,
3038 3764 3101 3801 ex
3133 3763 3241 3816 quo
3269 3747 3472 3810 omnia,

195 3840 296 3932 παὶ
320 3842 482 3932 ipsi;
504 3845 582 3906 εἰς
618 3846 778 3900 αὐτόν
795 3867 807 3878 ·
839 3851 932 3902 καὶ
955 3845 1034 3914 εἷς
1059 3853 1264 3926 Κύριος
1297 3858 1503 3932 Ίησοξς
1528 3862 1779 3932 Χριστὸς.

1894 3849 1948 3896 et
1974 3856 2070 3895 uos
2097 3841 2147 3894 in
2176 3841 2293 3910 ipso
2321 3859 2334 3894 :
2364 3847 2415 3893 et
2446 3852 2587 3892 unus
2616 3837 2875 3891 Dominus
2901 3837 3056 3892 Jesus
3082 3838 3353 3900 Christus,
3380 3853 3474 3905 per

195 3929 265 3980 δι’
288 3923 350 3982 οὗ
382 3932 451 3985 τὰ
484 3934 681 4002 πάντα,
707 3941 798 3991 καὶ
839 3943 1000 4010 ἡμεῖς
1020 3941 1084 3996 δι’
1112 3946 1297 4010 αὑτοῦ,
1329 3973 1345 3998 ι
1381 3915 1494 4002 ἀλλ’
1523 3915 1674 4016 εἴιτις
1699 3953 1779 4005 τὸν

1895 3947 2052 3998 quem
2089 3933 2266 3986 omnia
2289 3970 2303 3994 ,
2337 3940 2390 3985 et
2426 3946 2521 3984 nos
2559 3945 2654 3998 per
2685 3930 2855 3999 ipsum
2878 3929 2957 3992 l"';
2997 3948 3014 3980 ι
3055 3929 3099 3983 si
3135 3929 3255 3998 quis
3293 3941 3471 3983 autem

197 4021 261 4073 δι’
293 4018 353 4076 οὗ
389 4025 456 4078 τὰ
490 4026 666 4080 πάντα
699 4031 939 4099 γέγονεν,
971 4033 1065 4087 ἕνα
1099 4037 1206 4089 τῶν
1254 4040 1470 4094 πάντων
1509 4039 1648 4096 εἶναι
1697 4044 1781 4096 λέ-

1896 4026 2042 4078 illum
2070 4039 2167 4091 per
2191 4037 2348 4092 quem
2377 4022 2556 4076 omnia
2589 4021 2730 4077 facta
2764 4030 2910 4084 sunt,
2939 4037 3101 4074 unum
3131 4036 3193 4075 ex
3224 4021 3473 4074 omnibus

196 4132 309 4181 γοι,
337 4117 396 4168 τὸ
427 4119 635 4173 κωλύον
669 4123 842 4185 οὐδὲν,
888 4126 981 4178 καὶ
1010 4127 1101 4179 τὸν
1146 4129 1203 4193 es
1241 4123 1302 4182 οὗ
1351 4130 1420 4184 τὰ
1465 4134 1640 4186 πάντα
1675 4138 1780 4198 τοῖς

1894 4131 2014 4171 esse
2061 4116 2237 4180 dicat;
2292 4114 2426 4168 nihil
2475 4114 2650 4169 oberit
2695 4113 2985 4182 quominus
3029 4113 3190 4168 etiam
3237 4127 3358 4166 eum
3407 4129 3471 4166 ex

198 4208 381 4270 αὐτοῖς
412 4209 736 4293 ὑτωϐάλλειν
770 4215 1165 4288 συλλογισμοῖς.
1198 4221 1257 4273 Ei
1290 4223 1346 4274 δὲ
1378 4223 1535 4276 τοῦτο
1564 4226 1780 4293 ἀσεϐὲς,

1893 4222 2001 4276 quo
2030 4207 2244 4272 omnia,
2279 4208 2465 4260 eodem
2501 4207 2551 4258 in
2583 4206 2771 4259 ordine
2801 4221 2922 4256 cum
2954 4205 3207 4259 omnibus
3239 4203 3473 4258 colloce-

196 4299 321 4350 οὐδὲ
351 4303 378 4352 ὁ
413 4299 542 4363 Υἱὸς
575 4301 632 4354 ἓν
673 4303 821 4357 ἔσται
860 4305 967 4360 τῶν
1009 4319 1243 4375 παντων,
1280 4313 1347 4364 δι’
1386 4307 1446 4364 οὗ
1496 4314 1562 4365 τὲ
1609 4320 1780 4370 πάντα

1896 4316 2033 4355 mus.
2063 4299 2119 4354 Si
2149 4315 2275 4353 vero
2307 4299 2359 4352 id
2391 4297 2673 4353 manifeste
2706 4298 2932 4366 impium
2963 4307 3063 4363 est,
3100 4313 3275 4366 neque
3305 4297 3472 4352 Filius

196 4390 442 4457 γέγονεν,
465 4393 634 4456 ἀΐδιος
657 4393 767 4450 οὖν,
787 4397 845 4450 'U
876 4400 979 4469 γὰρ
1014 4402 1150 4465 ὅλως
1188 4403 1248 4455 τὸ
1280 4399 1418 4457 εἶναι
1456 4407 1659 4475 κτίσμα
1694 4409 1780 4460 καὶ

1895 4407 2055 4443 unum
2086 4391 2190 4444 erit
2213 4407 2276 4442 ex
2305 4389 2585 4452 omnibus,
2615 4405 2711 4457 per
2737 4406 2894 4458 quem
2927 4391 3107 4444 omnia
3140 4391 3280 4444 facta
3311 4402 3470 4454 Sunt,

200 4480 413 4549 ποίημα
438 4483 834 4554 διαπεφευγιέλς,
865 4489 964 4540 οὐκ
989 4491 1048 4542 ὲν
1069 4494 1178 4555 τοῖς
1208 4494 1369 4545 πᾶσιν
1393 4494 1488 4559 ὥν,
1513 4496 1625 4548 ἀλλ’
1647 4498 1784 4567 ὑπὲρ

1893 4494 2125 4537 aeternus
2165 4482 2366 4550 itaque.
2402 4483 2445 4534 A
2482 4497 2586 4549 quo
2621 4485 2764 4536 enim
2803 4483 2854 4536 in
2894 4482 3204 4535 universum
3252 4483 3301 4534 id
3345 4483 3474 4537 alie-

200 4570 380 4622 πάντα
411 4573 508 4624 καὶ
542 4574 632 4626 ἐπὶ
668 4575 882 4630 πάντων
913 4578 1043 4643 Θεὸς
1075 4580 1414 4652 νοηϐἡσεται.

1896 4593 2055 4640 num,
2087 4589 2147 4630 ut
2174 4591 2307 4644 npus
2338 4585 2430 4628 aut
2460 4585 2708 4628 creatura
2739 4575 2842 4636 sit,
2878 4575 2923 4628 is
2957 4591 3059 4628 non
3094 4590 3230 4628 unus
3261 4590 3324 4628 ex
3358 4590 3472 4629 om-

1896 4669 2074 4731 nibus,
2116 4668 2210 4722 scd
2254 4683 2413 4737 super
2451 4667 2633 4720 omnia
2679 4677 2733 4719 ct
2775 4666 2828 4719 in
2878 4666 3128 4720 omnibus
3175 4665 3313 4720 Deus
3354 4681 3471 4720 csse

1894 4761 2221 4816 censebitur.

577 4859 755 4910 AftAA
790 4861 955 4916 ἁπλᾶ
994 4880 1092 4915 και
1125 4863 1418 4917 ἀπόλυτα.

2185 4869 2341 4923 ALlA
2382 4869 2641 4938 simplicia
2683 4880 2726 4921 et
2770 4867 3177 4921 indissolubilia.

273 4968 336 5019 Ei
370 4967 488 5035 φῶς
520 4971 668 5024 ἐστιν
701 4971 729 5022 ὁ
766 4970 896 5034 Θεὸς
937 4974 1031 5025 καὶ
1073 4975 1284 5045 Πατὴρ,
1314 4972 1380 5046 ἦν
1410 4976 1497 5028 ἀεὶ
1540 4978 1596 5028 ἐν
1638 4978 1786 5048 αὐτῷ

1966 4979 2019 5034 Si
2060 4981 2196 5034 Deus
2231 4989 2287 5034 et
2318 4980 2478 5034 Pater
2511 4980 2689 5034 lumen
2723 4989 2836 5043 est,
2869 4989 2986 5035 erat
3020 4994 3233 5050 semper
3265 4980 3318 5035 in
3353 4982 3469 5049 ipso

200 5060 258 5111 τὸ
295 5060 636 5131 ἀπαύγασμα
660 5063 846 5116 αὑτοῦ.
881 5065 942 5117 Ei
977 5067 1262 5136 χαρακτήρ
1297 5069 1444 5119 ἐστιν
1473 5070 1501 5121 6
1528 5068 1657 5131 Υἱὸς
1685 5070 1784 5138 τῆς

1893 5073 2069 5124 lumen
2107 5073 2242 5138 ejus.
2276 5068 2334 5124 Si
2367 5071 2537 5125 Filius
2564 5080 2646 5124 est
2675 5071 2960 5124 character
2992 5071 3107 5126 sive
3139 5070 3314 5126 forma
3346 5073 3472 5126 sub-

201 5151 293 5202 τοῦ
328 5153 537 5220 [ἰατρὸς
584 5156 955 5218 ὑποστάσεως,
988 5158 1129 5210 κατὰ
1163 5159 1258 5228 τὴν
1287 5158 1381 5212 τοῦ
1424 5161 1635 5214 Παύλου
1669 5179 1782 5228 φω-

1890 5154 2344 5224 stantia-Patris,
2383 5161 2534 5230 juxta
2573 5160 2723 5215 Pauli
2763 5177 2949 5216 vocem
2974 5164 3046 5227 ³³,
3088 5162 3269 5217 dicant
3307 5163 3340 5216 ii
3379 5165 3466 5230 qui

199 5242 318 5306 νὴν,
350 5243 656 5309 λεγέτωσαν
691 5247 740 5296 οἱ
775 5247 862 5298 ἐπ’
889 5247 1051 5300 αὑτοῦ
1078 5249 1160 5310 τὸ,
1192 5253 1313 5303 Οὐκ
1346 5248 1444 5320 ἦν,
1480 5251 1783 5321 τολμῶντες

1888 5256 2010 5317 hoc,
2050 5251 2172 5306 Non
2213 5262 2346 5316 erat,
2389 5255 2456 5306 de
2498 5269 2562 5306 eo
2606 5254 2785 5306 dicere
2829 5254 3046 5317 audent,
3083 5254 3298 5321 quando
3343 5254 3469 5306 sub-

202 5333 409 5402 φέρειν,
448 5335 576 5388 πότε
619 5339 967 5410 χαρακτῆρος
997 5341 1164 5411 χωρὶς
1206 5339 1273 5412 ἦν
1305 5347 1336 5412 ὴ
1369 5344 1662 5407 ὑπόστασις
1695 5344 1785 5396 τοῦ

1888 5346 2084 5400 stantia
2117 5344 2295 5398 Patris
2328 5345 2532 5412 absque
2562 5362 2659 5399 suo
2692 5345 3007 5398 charactere
3037 5346 3345 5399 exstiterit?
3379 5346 3467 5400 Si-

203 5423 447 5490 Πατρός
487 5425 652 5494 Ὁμοῦ
686 5425 798 5496 γὰρ
834 5430 897 5498 τῇ
929 5430 1222 5484 ὑποστάσει
1253 5435 1347 5485 καὶ
1389 5437 1414 5486 6
1453 5435 1653 5503 ταύτης
1697 5451 1787 5502 χα-

1891 5437 2002 5489 mul
2035 5436 2177 5488 enim
2214 5450 2338 5490 cum
2373 5436 2670 5490 substantia
2707 5437 2870 5490 etiam
2906 5439 3190 5492 character
3221 5438 3339 5507 ejus
3383 5441 3465 5491 in-

205 5515 416 5584 ρακτὴρ
450 5520 848 5586 συνεισάγεται.
883 5522 943 5573 Εἰ
981 5523 1207 5592 ἀλήθεια
1248 5527 1339 5578 καὶ
1395 5527 1563 5591 σοφία,
1589 5528 1734 5579 ἐστὶν
1764 5530 1789 5579 ὀ

1892 5526 2126 5578 ducitur.
2149 5524 2204 5579 Si
2230 5525 2427 5579 veritas
2450 5534 2501 5578 et
2525 5527 2786 5595 sapientia
2811 5536 2894 5581 est
2915 5527 3106 5592 Filius,
3125 5529 3340 5596 quando
3363 5544 3465 5582 non

207 5757 244 5787 υ
273 5689 640 5813 ";Jlo3t'eiii._n,
683 5695 765 5750 l5.
885 5697 924 5728 "7
952 5696 1146 5753 Jcrrm.
1186 5715 1312 5762 xm,
1371 5703 1449 5763 l2,
1498 5703 1576 5755 l5.
1695 5704 1734 5731 ἐ
1763 5701 1791 5754 Ε

327 5779 429 5814 ριν.
469 5781 506 5814 ι.
549 5783 603 5814 ο.
1205 5804 1216 5813 .

1879 5702 1970 5756 ucli
2031 5719 2111 5764 tu,
2159 5702 2241 5755 12.
2357 5704 2398 5733 “'
2437 5703 2535 5756 lsa.
2573 5717 2725 5766 LVIII,
2763 5705 2840 5756 ll.
2958 5704 3001 5734 ³ο
3040 5703 3057 5756 l
3096 5705 3217 5757 (lor.
3257 5719 3372 5767 rm,
3412 5703 3463 5759 6.

327 5780 429 5816 cur.
469 5781 506 5827 ι,
549 5783 603 5817 a.
