4012 6338
423 408 489 462 65
1415 402 1470 458 S.
1513 403 1791 458 CYRILLI
1826 403 2293 460 ALI‘JXANDRINI
2327 404 2639 460 ARCIIIEP.
3602 397 3670 454 σι

1094 520 1316 574 Salutio.

494 634 650 700 Atqui
701 634 796 686 lioc
841 632 1257 701 nugacissimum
1305 642 1419 695 est,
1457 643 1510 686 et
1559 632 1994 700 ineomparabilis
2024 631 2068 684 Α

361 710 368 716 ’
420 722 694 789 cujusdam
732 723 1010 774 dementia:
1047 721 1386 775 manifestum
1424 731 1817 790 argumentum.
1857 724 1986 788 Quis

420 814 560 864 enim
588 813 796 881 ignorat
818 813 880 865 de
904 813 1123 879 singulis
1143 814 1304 867 etiam
1332 816 1593 868 creaturis
1623 816 1985 884 producendis

421 904 747 955 voluntatem
781 904 831 955 in
865 903 996 958 Filio
1025 905 1224 958 fuisse?
1251 904 1442 958 Volens
1474 906 1614 958 enim
1656 908 1832 959 omnia
1863 906 1988 960 fecit

421 992 670 1058 Creator,
715 1009 885 1060 neque
948 997 1151 1064 absque
1215 997 1328 1064 ejus
1396 997 1666 1051 voluntate
1728 1010 1991 1052 creatura:

420 1085 585 1150 ipsius
618 1087 903 1138 exsistunt.
934 1086 1190 1151 Quanam
1228 1088 1389 1155 igitur
1414 1098 1495 1142 est
1531 1087 1830 1142 differentia
1866 1090 1987 1143 Filii

419 1185 472 1226 et
508 1173 754 1239 facturae,
782 1185 1044 1232 creatura:
1080 1188 1132 1231 ct
1168 1178 1488 1245 geniminis,
1520 1178 1625 1248 37
1663 1181 1703 1232 si
1744 1179 1990 1234 voluntas

327 1312 334 1317 .
419 1264 482 1315 de
523 1265 762 1331 utrisque
798 1265 850 1318 in
889 1266 996 1319 Deo
1031 1268 1130 1321 sita
1167 1267 1282 1322 est?
1317 1266 1576 1332 Quisnam
1613 1285 1758 1323 sana:
1796 1272 1988 1325 mentis

420 1355 486 1407 iis
510 1355 600 1422 qui
635 1358 704 1407 ita
737 1359 977 1410 sentiunt
1006 1374 1108 1410 non
1141 1360 1432 1423 acclamet,
1459 1361 1597 1426 quod
1625 1377 1684 1414 ea
1719 1377 1837 1430 quae
1870 1374 1988 1415 tan-

420 1453 598 1512 tnpere
633 1448 770 1500 inter
801 1462 858 1502 se
891 1450 1094 1501 ratione
1122 1460 1325 1502 natura:
1354 1452 1582 1512 distant,
1611 1455 1796 1505 eodem
1831 1457 1986 1508 modo

417 1538 712 1599 a-stinient,
749 1539 798 1590 in
851 1540 961 1591 sula
1013 1538 1102 1592 Dei
1155 1537 1488 1609 prrenotione
1539 1553 1767 1611 utraque
1816 1547 1985 1612 posita

416 1643 533 1679 esse
575 1637 899 1693 statuentes,
935 1641 986 1684 et
1023 1629 1196 1684 Verbo
1236 1631 1380 1699 quod
1422 1648 1485 1684 cx
1535 1635 1766 1686 essentia
1813 1635 1988 1690 Patris

417 1726 676 1789 processit
708 1725 832 1775 nihil
869 1725 1095 1792 amplius
1124 1739 1280 1792 quam
1311 1728 1573 1778 creaturis
1604 1726 1873 1781 tribuant?

1118 1925 1342 1981 ALIUD.

487 2037 542 2089 Si
569 2036 732 2090 Filius
756 2052 857 2090 non
895 2047 1012 2089 erat
1042 2053 1254 2106 semper
1284 2053 1402 2091 cum
1436 2039 1594 2093 Patre
1621 2055 1683 2094 ex
1738 2055 1863 2110 Ipso'
1901 2057 1986 2096 se-

416 2130 645 2180 cundum
677 2139 920 2181 naturam
952 2131 1220 2182 exsistens
1250 2139 1302 2183 et
1327 2135 1764 2195 coazternns,sed
1805 2142 1988 2201 postea

415 2221 461 2271 ei
492 2221 688 2272 accidit
728 2232 781 2270 ut
809 2228 970 2282 esset,
1012 2220 1208 2274 accidit
1239 2220 1424 2287 procul
1451 2221 1613 2275 dubio
1641 2223 1800 2276 etiam
1844 2224 1986 2277 Patri

417 2319 474 2360 ut
507 2309 656 2360 tieret
689 2307 864 2361 Pater.
903 2309 1080 2375 Atque
1116 2309 1186 2360 ita
1241 2311 1465 2364 mutatio
1521 2312 1766 2379 quasdam
1830 2324 1992 2381 atque

415 2398 660 2450 alteratio
691 2399 742 2450 in
782 2399 892 2466 ipso
934 2398 1073 2452 facta
1115 2401 1348 2454 videtur.
1385 2400 1617 2466 Nam,“
1658 2411 1835 2456 vestra
1866 2417 1990 2456 sen-

418 2489 579 2542 tentia
613 2530 627 2553 ,
661 2492 798 2559 quod
829 2492 977 2557 prius
1020 2508 1121 2545 non
1153 2503 1289 2553 erat,
1321 2493 1370 2546 id
1407 2505 1588 2562 postea
1653 2496 1828 2548 factus
1885 2505 1986 2548 est.

413 2584 482 2635 Αι
515 2597 640 2634 vero
671 2581 721 2633 in
762 2581 992 2634 divinam
1027 2593 1276 2637 naturam
1311 2583 1453 2635 nulla
1489 2585 1718 2640 mutatio
1772 2596 1863 2638 aut
1915 2586 1994 2637 al-

418 2672 604 2725 teratio
631 2672 792 2725 cadit.
827 2673 940 2725 Non
985 2674 1148 2742 igitur
1171 2676 1368 2728 accidit
1396 2677 1502 2728 Deo
1533 2686 1589 2728 ut
1615 2675 1773 2730 Pater
1796 2676 1987 2730 fieret:

415 2764 508 2817 sed
536 2773 650 2816 erat
691 2763 737 2816 ei
770 2775 1094 2818 comternum
1129 2768 1271 2835 quod
1307 2783 1370 2821 ex
1416 2768 1531 2836 ipso
1573 2766 1992 2836 processitVer-

415 2855 536 2907 Imm
573 2871 588 2919 ;
624 2857 1077 2923 quemadmodum
1115 2860 1262 2910 calor
1299 2859 1350 2910 in
1385 2859 1526 2928 igne,
1551 2861 1639 2928 qui
1674 2861 1888 2928 quidem
1925 2875 1989 2913 ex

415 2947 536 3015 igne
553 2948 786 3016 gignitur
805 2957 857 3002 et
885 2964 1099 3017 semper
1128 2966 1249 3003 eum
1273 2965 1337 3004 eo
1354 2952 1587 3016 exsistit,
1623 2961 1676 3006 et
1701 2967 1765 3006 ex
1793 2951 1992 3006 lumine

413 3038 650 3108 gignitur
682 3040 1013 3094 exteriorum
1045 3041 1395 3096 illuminatio.

629 3175 871 3240 ALIUD,
913 3177 995 3231 Ea:
1025 3179 1314 3247 objections
1353 3178 1735 3234 Itwreticorum.

487 3285 540 3340 Si
569 3289 856 3355 perfectus,
887 3291 1159 3358 inquiunt,
1183 3301 1264 3344 est
1292 3290 1451 3345 Pater
1479 3294 1529 3346 in
1563 3309 1659 3346 sua
1686 3294 1987 3364 majestate,

416 3393 589 3446 neque
671 3379 784 3445 ejus
855 3391 1058 3435 natura:
1125 3383 1413 3450 quidquam
1485 3385 1551 3437 ad
1625 3385 1726 3439 hoc
1806 3387 1988 3452 deest,

416 3485 870 3536 supervacaneum
964 3483 1046 3526 est
1115 3474 1280 3526 veluti
1357 3475 1788 3543 supplementum
1874 3480 1993 3533 sive

417 3562 800 3627 plenitudinem
885 3564 1099 3619 deitatis
1166 3565 1334 3634 ipsius
1411 3565 1603 3620 Filium
1667 3569 1715 3622 ei
1785 3569 1988 3639 adjun-

415 3665 560 3720 gere.

1093 3767 1320 3824 Salutio.

487 3892 760 3947 Perfectus
806 3895 1020 3964 quidem
1056 3906 1138 3950 est
1162 3895 1321 3950 Pater
1357 3899 1407 3953 in
1433 3914 1530 3953 sua
1567 3901 1868 3971 majestate,
1896 3919 1991 3958 ne-

415 4001 518 4053 que
553 3988 830 4054 quisquam
857 4003 1000 4041 sana:
1030 3989 1222 4042 mentis
1272 3991 1321 4042 id
1356 3993 1663 4060 negaverit;
1724 3993 1993 4062 perfectus

415 4084 591 4129 autem
631 4089 710 4130 est
749 4095 853 4131 non
885 4094 947 4132 eo
983 4089 1186 4134 tantum
1229 4081 1443 4136 nomine
1487 4087 1627 4151 quod
1687 4085 1860 4150 Deus,
1899 4103 1989 4142 ve-

419 4180 532 4217 rum
569 4166 726 4217 etiam
763 4168 901 4234 quod
933 4166 1111 4222 Pater.
1130 4166 1263 4221 Nam
1295 4171 1337 4222 si
1359 4169 1462 4224 Deo
1491 4171 1757 4226 ademeris
1775 4173 1989 4230 Patrem

415 4267 552 4313 esse.
577 4255 955 4308 fecunditatem
991 4271 1021 4310 e
1049 4258 1224 4310 divina
1259 4267 1446 4311 natura
1479 4263 1794 4316 sustuleris:
1834 4266 1904 4318 ita
1937 4278 1992 4319 ut

415 4345 687 4410 perfectus
728 4361 1060 4414 nequaquam
1096 4349 1186 4410 sit,
1223 4363 1342 4401 cum
1381 4353 1668 4418 generandi
1738 4354 1993 4411 facultate

417 4446 618 4490 careat.
654 4437 1037 4492 Documentum
1081 4439 1259 4509 itaque
1287 4441 1637 4511 perfectionis
1677 4456 1757 4500 est
1806 4446 1992 4502 fecun-

419 4530 587 4591 ditas,
645 4539 693 4582 et
740 4530 949 4600 signum
1017 4533 1160 4599 quod
1213 4533 1428 4589 Patrem
1500 4537 1794 4605 perfectura
1871 4554 1990 4595 esse

2097 4550 2298 4617 σφαγὶς
2323 4549 2398 4618 τῷ
2434 4551 2607 4621 Πατρὶ
2642 4555 2734 4607 τοῦ
2765 4551 2904 4613 εἶναι
2935 4560 3158 4625 τέλειον,
3190 4564 3217 4614 6
3251 4562 3308 4625 ἐξ

417 4622 669 4686 ostendit,
716 4633 797 4677 est
854 4621 1045 4691 Filius,
1087 4626 1175 4693 qui
1211 4640 1276 4680 ex
1344 4627 1460 4697 ipso
1491 4629 1558 4681 ab
1606 4639 1807 4685 :eterno
1867 4647 1991 4701 pro—

419 4725 601 4767 CCSSH.

1097 4830 1330 4886 ALIUD.

489 4963 543 5014 Si
568 4962 740 5016 Patris
756 4966 1003 5019 essentia:
1016 4965 1318 5022 fecunditas
1347 4970 1664 5026 naturaliter
1684 4988 1787 5026 non
1834 4974 1992 5040 inest,

420 5052 684 5119 perfectus
728 5071 851 5110 vero
872 5068 950 5111 est
974 5059 1135 5111 etiam
1162 5061 1299 5114 citra
1333 5063 1621 5128 generandi
1657 5063 1988 5130 facultatem,

420 5141 742 5212 superﬂuum
778 5147 941 5216 igitur
1001 5159 1161 5217 atque
1221 5154 1578 5208 adventitium
1611 5157 1710 5209 hoc
1735 5158 1784 5209 ei
1852 5160 1994 5212 acci-

419 5235 531 5287 dit:
573 5245 662 5288 aut
696 5240 871 5304 potius
893 5253 955 5292 eo
986 5240 1225 5310 indiguit.
1252 5242 1495 5308 Quonam
1543 5260 1669 5298 vero
1704 5259 1856 5316 pacto
1880 5265 1994 5318 per-

420 5329 588 5380 lectus
617 5328 773 5381 fuerit
805 5331 894 5397 qui
922 5333 1100 5400 aliquo
1140 5335 1428 5404 eget?38
1449 5345 1542 5389 aut
1571 5353 1678 5405 quo
1708 5351 1861 5406 pacto
1889 5359 1988 5395 non

419 5418 705 5471 absurdum
756 5421 827 5473 sit
871 5422 1068 5490 aliquid
1127 5425 1470 5480 extrinsecus
1517 5429 1748 5496 adjicere
1801 5433 1992 5486 divime

423 5519 643 5572 natum,
705 5513 922 5580 perinde
981 5529 1044 5568 ac
1091 5516 1134 5569 si
1202 5515 1583 5585 perfectionem
1656 5536 1721 5574 ex
1780 5538 1836 5575 se
1879 5527 1988 5592 ipsa

422 5617 523 5653 non
558 5600 801 5655 habeat?
861 5602 1130 5660 Naturalis
1193 5609 1371 5676 itaque
1418 5619 1499 5664 est
1556 5611 1702 5665 Patri
1746 5614 1990 5667 fecundi-

422 5703 502 5746 tas
534 5733 547 5756 ,
581 5704 742 5762 atque
783 5695 898 5751 ideo
925 5698 1192 5767 perfectus
1234 5709 1347 5767 est,
1383 5703 1522 5772 quod
1559 5707 1736 5773 genuit
1797 5708 1990 5762 nullius

421 5785 541 5840 Itoni
583 5787 806 5855 indigus.

2587 519 2739 589 Πρός
2768 520 2940 575 τοῦτο
2977 520 3175 584 λύσις.

2186 636 2319 688 Ἀλλ’
2386 636 2501 690 ἐστι
2550 634 2708 687 τοῦτο
2766 634 3003 703 φλυαρία
3068 630 3275 700 πολλὴ,
3335 629 3426 682 καὶ
3485 626 3668 689 ἀνοίας

2095 727 2423 792 ἁσυγκρίτου
2460 727 2632 795 σαφὴς
2685 725 2976 788 ἀπόδειξις.
3012 725 3128 776 Τίνι
3163 722 3270 792 γὰρ
3299 723 3399 773 οὐκ
3433 721 3546 772 ἔστι
3575 719 3667 787 δῆ-

2093 814 2180 866 λον
2203 817 2284 867 ὃτι
2312 818 2374 886 δὴ
2400 821 2493 870 καὶ
2518 816 2644 886 περὶ
2679 817 2908 868 ἑκάστου
2935 814 3043 867 τῶν
3098 812 3480 881 πεποιημένων
3510 805 3576 879 ἦν
3611 810 3668 858 ἐν

2094 907 2172 975 τῷ
2203 907 2320 976 Θεῷ
2351 909 2408 959 τὸ
2430 907 2634 971 θέλειν,
2667 907 2912 975 Θελὴσας
2939 905 3045 974 γὰρ
3084 903 3339 959 τὰστάντα
3370 901 3668 970 πεποίηκεν

2089 1001 2116 1050 6
2147 999 2494 1069 δημιουργός·
2519 999 2610 1051 καὶ
2641 1001 2740 1051 οὐκ
2774 998 3012 1066 ἀοέλητά
3056 998 3202 1048 ἐστιν
3248 994 3394 1064 αὑτῴ
3442 994 3509 1047 τὰ
3539 992 3666 1062 παρ’

2091 1091 2255 1144 αὐτοῦ
2316 1093 2803 1162 πεποιημένα.Τίς
2857 1089 2946 1144 οὖν
3006 1095 3037 1160 ἡ
3100 1091 3334 1160 διαφορὰ
3395 1088 3526 1142 Υἰοῦ
3576 1089 3669 1141 καὶ

2093 1185 2417 1254 ποιήματος,
2445 1187 2672 1248 κτίσεως
2720 1188 2812 1239 καὶ
2868 1187 3195 1252 γενήματος,
3222 1187 3270 1234 εἰ
3296 1184 3356 1235 τὸ
3385 1183 3559 1236 Θέλειν
3611 1183 3669 1233 ὲν

2092 1274 2210 1342 Θεῷ
2237 1278 2416 1328 κεῖται
2449 1277 2576 1347 περὶ
2625 1277 2865 1344 ἁμφοῖνς
2916 1275 3033 1328 Οὐκ
3064 1275 3126 1327 ἄν
3157 1292 3239 1336 τις
3282 1274 3520 1340 εὐλόγως
3561 1272 3669 1325 τῶν

2091 1365 2247 1418 τοῦτο
2285 1367 2622 1436 φρονούντων
2653 1367 3061 1436 καταϐοήσειεν,
3085 1384 3167 1419 οτι
3199 1367 3264 1418 τὰ
3285 1366 3539 1417 τοσοῦτον
3573 1364 3670 1418 ἁλο-

2091 1456 2265 1525 λήλων
2296 1457 2616 1528 διεστηκότα
2647 1457 2788 1510 κατᾶ
2809 1458 2901 1509 τὸν
2930 1459 3026 1527 τῆς
3051 1455 3263 1525 φύσεως
3302 1456 3458 1524 λόγον
3486 1458 3542 1508 ἐν
3571 1454 3669 1523 ἴσῳ

2096 1549 2278 1621 μέτρῳ
2306 1552 2472 1621 τιμᾷν
2497 1550 2884 1621 ἐπιχειροῦσιν,
2938 1551 3176 1622 ἐνμόνῃ
3214 1549 3520 1619 προγνώσει
3575 1547 3668 1601 τοῦ

2090 1642 2224 1695 Θεοῦ
2258 1641 2469 1696 κεῖσθαι
2525 1642 2756 1705 διδόντες
2795 1641 3100 1711 ἀμφότερα,
3159 1642 3255 1694 καὶ
3305 1641 3462 1693 πλέον
3517 1639 3668 1692 οὐδὲν

2093 1735 2238 1803 ἔχειν
2274 1733 2382 1786 τῶν
2407 1733 2650 1804 γενητῶν
2683 1733 3141 1803 παραχωροῦντες
3190 1731 3267 1802 τῷ
3318 1734 3380 1784 ὲκ
3423 1734 3524 1801 τῆς
3573 1730 3665 1784 τοῦ

2092 1827 2302 1898 Πατρός
2327 1827 2513 1888 οὐσίας
2545 1826 2856 1896 προελθόντι
2881 1826 3072 1896 Λόγῳ;

2786 1939 2986 1992 ΑΛΛΟ.

2163 2055 2226 2107 Et
2264 2053 2338 2124 μὴ
2406 2055 2569 2122 συνῆν
2602 2055 2629 2107 ὀ
2669 2053 2794 2116 Υἱὸς
2829 2053 2916 2106 ἀεὶ
2950 2051 3029 2122 τῷ
3073 2052 3245 2122 Πατρὶ
3294 2051 3352 2116 ἐξ
3396 2051 3564 2105 αὐτοῦ
3607 2067 3666 2105 τε

2092 2146 2167 2199 ὢν
2195 2147 2336 2200 κατὰ
2365 2147 2523 2214 φύσιν
2554 2148 2647 2200 καὶ
2678 2146 2959 2210 συναῖδιος,
3004 2145 3318 2215 συμϐέϐηκε
3348 2143 3404 2196 δὲ
3433 2144 3582 2197 αὑτῶ
3611 2145 3671 2196 τὸ

2093 2233 2253 2302 εἶναι,
2292 2237 2486 2306 συνέϐη
2522 2236 2761 2307 δηλονότι
2803 2237 2898 2288 καὶ
2941 2235 3016 2305 τῷ
3056 2235 3265 2288 τεκόντι
3306 2235 3366 2286 τὸ
3415 2235 3670 2302 γενέσθαι

2095 2332 2332 2403 Πατέρα.
2366 2333 2475 2383 Καὶ
2507 2330 2776 2400 μεταϐολή
2808 2348 2890 2393 τις
2923 2331 3046 2401 περὶ
3077 2329 3238 2382 αὐτὸν
3264 2331 3357 2382 καὶ
3390 2329 3671 2391 ἀλλοίωσις

2093 2423 2353 2494 γενομένη
2407 2421 2680 2491 φαίνεται.
2735 2423 2799 2474 Ὃ
2831 2422 2940 2491 γὰρ
2987 2423 3086 2474 οὐκ
3129 2416 3197 2490 ἦν
3226 2421 3510 2491 πρότερον,
3547 2419 3670 2473 καθ’

2095 2515 2260 2582 ὑμᾶς,
2285 2511 2443 2565 τοῦτο
2467 2513 2690 2580 γέγονεν
2717 2511 2963 2581 ὕστερον.
2995 2513 3214 2581 Τροπῆς
3243 2511 3298 2564 δὲ
3331 2513 3549 2580 ἀπάσης
3576 2513 3669 2565 καὶ

2096 2604 2434 2666 ἀλλοιώσεως
2487 2603 2835 2666 ἀνεπίδεκτῡς
2887 2603 2919 2670 ἡ
2976 2602 3094 2654 Θεία
3151 2601 3330 2670 φύσις.
3391 2603 3505 2655 Οὐκ
3563 2604 3669 2674 ἄρα

2096 2695 2297 2762 συνέϐη
2329 2695 2407 2764 τῷ
2436 2694 2555 2764 Θεῷ
2585 2695 2645 2746 τὸ
2681 2693 2933 2761 γενέσθαι
2977 2693 3231 2764 Πατέρα·
3277 2693 3392 2746 ἀλλ’
3425 2689 3492 2763 ἦν
3523 2694 3672 2765 αὐτῷ

2095 2787 2362 2850 συναῒδιος
2407 2787 2435 2838 ό
2481 2787 2539 2850 ἐξ
2588 2786 2752 2840 αὑτοῦ
2786 2785 3066 2856 προελθὼν
3101 2787 3291 2852 Λόγος,
3341 2786 3594 2858 καθάπερ
3637 2790 3669 2858 ἡ

2095 2879 2365 2950 θερμότης
2395 2882 2452 2933 ἐν
2488 2880 2640 2950 πυρὶ,
2672 2879 2946 2948 γεννητῶς
2987 2877 3045 2942 ἐξ
3081 2878 3244 2930 αὑτοῦ
3277 2881 3539 2946 προϊοῦσα
3578 2880 3672 2932 καὶ

2093 2972 2182 3024 ἀεὶ
2212 2973 2654 3042 συνυπάρχουσι,
2690 2971 2785 3024 καὶ
2814 2973 2877 3023 ὲκ
2911 2970 3089 3040 φωτὸς
3116 2971 3143 3023 6
3178 2971 3306 3042 περὶ
3335 2971 3401 3024 τὰ
3435 2971 3538 3036 ἔξω
3568 2989 3671 3040 φω-

2093 3063 2303 3132 τισμός.

2218 3199 2419 3261 ΑΛᾹΟ,
2463 3199 2540 3263 ὡς
2571 3199 2638 3262 ἐξ
2671 3198 3031 3266 ἀντιθέσεως
3069 3199 3186 3252 τῶν
3224 3200 3550 3266 αἱρετικῶν.

2165 3311 2226 3362 Εἰ
2254 3311 2480 3374 τέλειος.
2513 3315 2696 3382 φησιν,
2731 3313 2876 3364 ἔστιν
2905 3316 2931 3364 6
2963 3313 3152 3386 Πατὴρ
3182 3315 3237 3364 ὲν
3271 3317 3336 3384 τῇ
3364 3315 3540 3384 οἰκείᾳ
3572 3333 3670 3384 με·

2093 3400 2398 3470 γαλειότητι
2448 3403 2540 3454 καὶ
2573 3402 2723 3454 οὐδὲν
2769 3403 3002 3455 ἐλλείπει
3050 3404 3184 3471 πρὸς
3214 3403 3372 3455 τοῦτο
3398 3407 3461 3475 τῇ
3502 3405 3668 3460 αὑτοῦ

2094 3491 2273 3557 φύσει,
2306 3493 2573 3563 περιττῶς
2602 3495 2675 3556 ὡς
2713 3495 2986 3564 πλήρωμα
3026 3495 3123 3564 τῆς
3165 3494 3416 3561 θεότητος
3447 3498 3613 3551 αὑτοῦ
3643 3501 3672 3552 6

2093 3583 2222 3646 Υἱὸς
2255 3585 2659 3654 ἐπεισφέρεται.

2582 3791 2738 3857 Πρὸς
2769 3793 2943 3846 τοῦτο
2974 3795 3174 3861 λύσις.

2165 3915 2378 3978 Τέλειος
2423 3918 2520 3985 μὲν
2549 3918 2577 3969 ὁ
2610 3921 2797 3990 Πατὴρ
2830 3922 2886 3972 ὲν
2930 3927 2999 3992 τῇ
3031 3925 3225 3977 ἑαυτοῦ
3260 3928 3667 4000 μεγαλειότητι·

2095 4004 2188 4055 καὶ
2215 4005 2313 4056 οὐκ
2342 4005 2406 4058 ἄν
2435 4022 2516 4068 τις
2545 4005 2700 4059 τοῦτο
2736 4009 2842 4062 τῶν
2874 4006 2932 4062 εῦ
2970 4013 3308 4080 φρονούντων
3343 4016 3638 4099 ἀρνήσεται

2095 4095 2296 4155 τέλειος
2326 4093 2400 4157 δὲ,
2431 4096 2527 4164 οὐχ
2556 4098 2635 4149 ὅτι
2670 4098 2826 4166 μόνον
2862 4099 2977 4152 ἐστὶ
3005 4101 3155 4165 Θεὸς,
3187 4103 3301 4155 ἀλλ’
3328 4106 3410 4158 ὅτι
3439 4093 3533 4160 κάι
3562 4109 3672 4162 Πα-

2094 4187 2217 4254 τήρ.
2254 4187 2315 4238 Εἰ
2342 4186 2447 4256 γὰρ
2472 4187 2691 4254 ἀφέλοις
2721 4189 2815 4242 τοῦ
2847 4190 2982 4244 Θεοῦ
3014 4193 3072 4245 τὸ
3095 4189 3233 4247 εἶναι
3259 4196 3495 4266 Πατέρα,
3528 4201 3675 4253 ἀναι-

2099 4276 2284 4345 ρήσεις
2313 4277 2409 4345 τῆς
2440 4276 2587 4340 Θείας
2623 4280 2835 4348 φύσεως
2869 4283 2928 4336 τὸ
2965 4286 3323 4356 καρπογόνον,
3360 4289 3444 4342 ἵνα
3479 4291 3672 4360 μηκέτι

2095 4365 2155 4416 τὸ
2193 4366 2392 4418 τέλειον
2437 4367 2570 4436 ἔχοι,
2608 4370 2886 4437 λείποντος
2938 4377 3074 4447 αὐτῇ
3124 4377 3218 4431 τοῦ
3272 4381 3487 4451 γεννᾷν.
3534 4381 3673 4435 Γνώ-

2101 4474 2269 4527 ρισμα
2316 4458 2491 4511 τοίνυν
2532 4461 2630 4528 τῆς
2681 4465 3038 4536 τελειότητος,
3086 4472 3117 4537 ἡ
3170 4473 3527 4541 καρπογονία,
3581 4474 3672 4527 rx".

3282 4563 3309 4630 ξ
3341 4563 3505 4617 αὑτοῦ
3543 4582 3671 4635 προ-

2095 4637 2262 4690 ελθὼν
2289 4639 2358 4708 ἁχ
2368 4639 2532 4709 ρόνως
2563 4642 2708 4705 Υἱός.

2784 4835 2982 4887 ΑΛᾹΟ,

2167 4980 2225 5030 Εἰ
2263 4979 2335 5049 μὴ
2371 4979 2508 5031 κατὰ
2538 4978 2697 5046 φύσιν
2735 4981 2990 5050 πρόσεστι
3025 4984 3088 5051 τῇ
3138 4981 3228 5035 τοῦ
3263 4983 3474 5054 Πατρός
3514 4985 3670 5056 οὐσία

2091 5069 2150 5121 τὸ
2181 5070 2538 5138 καρπογόνον,
2568 5070 2770 5132 τέλειος
2818 5071 2874 5123 δέ
2906 5073 3019 5124 ἐστι
3064 5073 3154 5124 καὶ
3199 5073 3318 5142 δίχα
3370 5074 3464 5127 τοῦ
3511 5077 3670 5129 δύνα-

2095 5159 2216 5211 σΟαι
2249 5161 2459 5229 γεννᾷν,
2501 5163 2749 5229 περιττδν
2774 5163 2880 5231 ἄρα.
2909 5163 3002 5214 καὶ
3031 5163 3351 5217 ἐπείσακτον
3381 5165 3668 5234 ἐγγέγονεν

2093 5257 2239 5326 αὑτῷ
2264 5256 2435 5308 τοῦτο·
2473 5255 2670 5325 μᾶλλον
2695 5255 2750 5308 δὲ
2788 5254 2977 5325 ἐδεήθη
3009 5256 3220 5308 τούτου.
3265 5257 3375 5309 Καὶ
3406 5256 3523 5320 πῶς
3559 5259 3671 5309 ἐστι

2092 5349 2291 5410 τέλειος
2318 5351 2345 5401 6
2366 5348 2573 5418 δεηθείς
2598 5365 2739 5410 τινος
2762 5365 2774 5413 ;
2814 5349 2928 5410 πῶς
2960 5348 3016 5401 δὲ
3048 5349 3146 5401 οὐκ
3171 5349 3370 5402 ἄτοπον
3404 5350 3463 5402 τὸ
3491 5352 3671 5402 ἐπεισ-

2093 5441 2319 5507 ἀγε-σθαί
2345 5458 2396 5492 τι
2427 5444 2490 5511 τῇ
2523 5441 2644 5510 θείᾳ
2676 5439 2855 5507 φύσει,
2890 5442 2964 5504 ὡς
2995 5442 3094 5494 οὐκ
3124 5441 3322 5514 ἐχούσῃ
3368 5442 3430 5494 τὸ
3465 5443 3668 5495 τέλειον

2092 5532 2149 5597 ἐξ
2172 5533 2398 5602 έαυτῆςξ
2426 5532 2654 5584 Φυσικὸν
2681 5529 2770 5586 οὖν
2799 5533 2875 5602 τῷ
2902 5535 3075 5603 Ιίατρὶ
3104 5533 3164 5585 τὸ
3189 5532 3546 5603 καρπογόνον,
3579 5535 3669 5586 καὶ

2092 5622 2178 5675 διὰ
2208 5624 2361 5676 τοῦτο
2388 5624 2617 5688 τέλειος,
2655 5624 2731 5678 ὅτι
2765 5625 2856 5678 καὶ
2887 5626 3106 5678 τέτοκεν
3144 5627 3356 5690 οὐδενὸς
3383 5627 3490 5679 τῶν
3529 5627 3667 5696 ἁγα-

2093 5712 2200 5764 eam
2238 5714 2576 5778 λειπόμενος.
