4012 6338
356 440 422 499 σε
1776 434 2224 494 τηεελυιιυε.
3570 429 3641 486 δε

727 555 932 620 AAAO,
964 549 1558 620 dtnmtarexdirspor.

2506 549 2717 606 ALIUD
2749 589 2762 614 ,
2789 512 3122 619 οηῖιξςηιειη.

422 667 484 719 Ei
509 665 716 729 τέλειός
744 668 889 718 ἑστιν
911 666 939 717 ὁ
966 663 1153 733 Πατὴρ
1183 664 1239 714 ὲν
1265 665 1330 732 τῇ
1355 661 1519 713 αὑτοῦ
1554 663 1929 730 μεγαλειότητι

2111 662 2167 715 Si
2199 659 2470 730 perfectus
2507 671 2592 716 est
2637 661 2798 716 Pater
2829 661 2881 714 in
2945 676 3044 715 sua
3095 661 3379 732 majestate
3411 661 3638 716 etiami

352 757 454 810 κᾶν
487 755 692 826 μηδένα
727 755 938 825 καρπὸν
974 752 1074 824 ἔχῃ
1108 749 1228 802 καθ’
1263 751 1427 819 ὑμᾶς,
1459 747 1660 813 ἔξωθεν
1690 746 1797 817 ἄρα
1841 747 1933 799 καὶ

351 849 448 903 οὐκ
476 850 541 900 ἐκ
570 849 672 916 τῆς
703 847 889 909 οὐσίας
916 843 1082 898 αὐτοῦ
1119 844 1345 910 γέγονεν
1375 841 1403 894 ὁ
1443 842 1592 904 Υίὸς,
1625 839 1812 910 ὥσπερ
1842 839 1935 892 καὶ

349 943 417 995 τά
441 943 754 1011 ποιήματα·
797 937 1026 1008 περιττὴ
1065 935 1122 988 δὲ
1154 937 1282 999 ἴσως
1319 935 1413 987 καὶ
1442 933 1562 986 οὐδὲ
1607 933 1740 996 ὅλως
1766 933 1931 1000 ἀναγ-

355 1033 480 1086 ιιαία
516 1034 550 1102 ἡ
596 1033 677 1098 εἰς
716 1031 778 1083 τὸ
809 1025 948 1082 εἶναι
994 1027 1226 1097 πάροδος
1254 1025 1442 1093 αὐτοῦ,
1488 1024 1739 1096 καθάπερ
1774 1026 1807 1093 ὴ
1840 1017 1934 1076 ἀύ-

350 1122 585 1194 θρὼπων
616 1123 776 1193 τυχὸν
805 1123 898 1175 καὶ
925 1124 958 1191 ἡ
981 1120 1090 1172 τῶν
1116 1120 1290 1175 ἄλλων
1317 1119 1657 1190 ποιημάτων.
1693 1117 1802 1170 Καὶ
1824 1116 1932 1188 γὰρ

349 1214 444 1266 καὶ
493 1213 624 1283 πρὶν
661 1212 818 1283 ἡμῶν
861 1209 1138 1280 γενέσθαι,
1169 1206 1238 1281 ἦν
1269 1209 1426 1262 τοῦτο
1471 1208 1605 1272 Θεὸς
1650 1208 1786 1278 ὅπερ
1837 1208 1932 1259 νῦν

348 1301 483 1369 ἐστι,
518 1306 613 1358 καὶ
639 1304 945 1374 γενομένων
969 1302 1149 1374 ἡμῶν,
1180 1304 1236 1354 ὲν
1257 1301 1540 1372 ταυτότητι
1567 1299 1736 1370 μένει.
1767 1299 1934 1352 Οὐδὲν

351 1397 458 1465 γάρ
481 1397 632 1463 αὺτῷ
670 1394 1032 1465 προστίθεμεν
1073 1395 1138 1447 ὲκ
1183 1393 1276 1448 τοῦ
1305 1394 1382 1463 μὴ
1411 1392 1564 1455 ὄντος
1603 1394 1681 1455 είς
1708 1391 1768 1444 τὸ
1793 1387 1932 1444 εἶναι

348 1487 699 1555 καλουμενοι·
749 1484 872 1538 οὔτε
919 1485 1024 1556 μὴν
1075 1482 1496 1554 ἀφαιρησόμεθα
1537 1500 1590 1535 τι
1638 1484 1737 1554 τὴν
1782 1483 1932 1536 θείαν

357 1576 509 1645 ⁴ιιιῖσιν
549 1575 736 1636 αὑτοῦ,
782 1574 934 1628 οὔπω
971 1574 1034 1627 τὸ
1072 1570 1210 1627 εἶναι
1257 1573 1532 1643 λαχόντες.
1578 1573 1791 1643 ’Ὥσπερ
1836 1568 1930 1626 οὖν

348 1668 525 1736 ἡμεῖς,
579 1666 764 1736 ἐπειδὴ
815 1665 1182 1735 πεποιήμεθα,
1232 1665 1391 1734 χάριν
1450 1663 1643 1733 ἔχομεν
1695 1663 1772 1733 τῷ
1821 1666 1929 1734 Δη-

350 1758 617 1829 μιουργῷ,
665 1757 994 1826 ὁμολογείτω
1025 1757 1118 1809 καὶ
1169 1757 1197 1808 ὁ
1249 1755 1408 1817 Υἱόςο
1451 1755 1543 1806 καὶ
1591 1753 1732 1806 ἔστω
1764 1753 1928 1808 πάλιν

348 1851 476 1919 ἡμῖν
512 1852 615 1901 κάν
644 1847 818 1918 τούτῳ
850 1846 1257 1916 παραπλήσιος,
1289 1844 1488 1910 ἔξωθεν
1523 1846 1612 1897 καὶ
1641 1845 1803 1906 αὐτὸς
1839 1862 1929 1914 γε·

346 1939 538 2008 γονὼς,
574 1939 826 2010 καθάπερ
854 1940 1033 2010 ἡμεῖς.
1077 1937 1216 1989 ‘AD.’
1264 1938 1378 1989 ἐστι
1412 1935 1568 1989 τοῦτο
1610 1936 1770 2006 βυθὸς
1802 1936 1922 1990 δυσο

346 2016 577 2101 φημίας.
636 2029 864 2097 Φεύγειν
909 2025 1002 2082 οῦν
1046 2029 1344 2096 ἀναγκαῖον
1381 2027 1531 2089 αὐτὸ,
1574 2027 1667 2080 καὶ
1695 2026 1772 2095 τῷ
1808 2043 1929 2093 γεν-

343 2125 544 2193 νήματι
593 2120 788 2184 σώζειν
832 2119 894 2173 τὸ
942 2122 1006 2173 ὲκ
1052 2121 1152 2188 τῆς
1181 2117 1275 2198 τοῦ
1319 2117 1709 2187 γεγεννηκότος
1742 2117 1926 2181 οὐσίας

343 2212 611 2281 ὑπάρχειν
635 2209 829 2262 ’τοῦτω
863 2208 968 2279 γὰρ
999 2208 1064 2262 ἂν
1092 2208 1297 2279 εἴη-καὶ
1325 2208 1592 2277 γέννημα.
1643 2207 1927 2275 ’Λγὲνητος

343 2303 397 2354 δὲ
446 2304 477 2370 ἡ
528 2301 690 2352 οὐσία
736 2299 830 2352 τοῦ
879 2299 1128 2372 Πατρός·
1169 2299 1430 2367 ἀγένητον
1466 2297 1574 2366 ἄρα
1618 2297 1714 2350 καὶ
1762 2298 1823 2350 τὸ
1870 2296 1928 2361 ἐξ

343 2392 510 2460 αὐτῆς
541 2392 836 2462 προελθὸν,
869 2392 1148 2444 τουτέστιν
1181 2392 1209 2443 ὁ
1239 2389 1385 2452 Υἱός.

476 2505 685 2570 ΑΛΛΟ,
719 2505 800 2570 ὡς
829 2504 897 2570 ἐξ
925 2501 1284 2568 ἀντιθέσεως
1321 2501 1442 2555 τῶν
1471 2502 1795 2570 αἰρετικῶν.

409 2598 484 2648 Ui)
511 2595 755 2660 πάντως,
787 2598 941 2666 φησι,
967 2595 1053 2650 διὰ
1073 2606 1132 2649 το
1166 2590 1306 2648 εἶναι
1330 2593 1691 2664 καρπογόνον,
1719 2593 1925 2657 τέλειός

339 2687 486 2738 ἐστιν
520 2690 548 2739 ὁ
577 2688 730 2751 Θεός.
773 2687 934 2740 Ἀλλά
961 2686 1093 2749 Θεὸς
1118 2685 1216 2750 ὢν,
1248 2686 1342 2740 καὶ
1386 2686 1473 2739 διὰ
1508 2684 1665 2738 τοῦτο
1697 2686 1923 2751 τέλειος,

341 2778 528 2846 γέγονε
557 2780 654 2831 καὶ
689 2773 898 2850 Πατήρ.

840 2891 993 2959 Πρὸς
1023 2889 1198 2944 τοῦτο
1234 2889 1436 2955 λύσις.

409 2984 616 3036 Εἴπατε
641 2981 928 3054 τοιγαροῦν
959 2983 1092 3052 ἡμῖν
1121 2981 1169 3033 οἱ
1197 2980 1332 3049 πρὸς
1365 2977 1634 3049 τοσαύτην
1670 2977 1924 3030 ἀσέϐειαν

340 3075 613 3129 ἐκϐαίνειν
661 3076 721 3126 οὐ
759 3074 1210 3144 παραιτούμενοι,
1249 3074 1296 3124 εί
1344 3069 1638 3140 ἐπισυνέϐη
1686 3069 1764 3139 τῷ
1805 3068 1924 3139 Θεῷ

342 3169 398 3221 τὸ
417 3165 676 3236 γενέσθαι
707 3165 943 3234 Πατέρα,
972 3164 1021 3216 τί
1048 3159 1112 3235 ἦν
1145 3163 1251 3232 ἄρα
1277 3163 1405 3233 πρὶν
1435 3162 1659 3231 γένηται
1694 3160 1920 3229 Πατήρ;

2042 752 2306 829 fecundus
2347 769 2452 806 non
2483 755 2657 818 sit,.ut
2683 769 2777 808 vos
2808 752 3132 821 opinamini,
3170 761 3226 806 et
3258 752 3601 808 extrinsecus
3621 792 3637 817 ,

2050 861 2155 900 non
2181 854 2360 899 autem
2395 861 2461 900 ex
2499 845 2615 913 ejus
2640 846 2875 900 essentia
2923 845 3100 901 factus
3144 852 3225 898 est
3260 843 3451 910 Filius,
3497 846 3640 899 sicut

2041 948 2093 989 et
2128 947 2430 992 creaturae:
2464 936 2734 1006 superﬂua
2767 936 2932 991 fuerit
2966 950 3142 1004 neque
3179 936 3399 990 omnino
3446 950 3640 991 neces-

2041 1029 2182 1081 saria
2197 1027 2322 1095 ejus
2353 1029 2562 1082 adesse
2593 1026 2896 1095 productio,
2940 1025 3395 1093 quemadmodum
3463 1026 3641 1080 bonn-

2042 1132 2167 1169 num
2229 1115 2370 1170 l'orte
2428 1125 2484 1170 et
2540 1115 2772 1169 aliarum
2844 1126 3245 1170 creaturarum.
3312 1115 3637 1186 Priusquam

2039 1208 2182 1260 enim
2219 1221 2318 1260 nos
2351 1221 2683 1270 crearentur,
2710 1207 2851 1262 Deus
2884 1208 2934 1261 id
2967 1207 3141 1277 ipsum
3174 1215 3292 1262 erat
3323 1208 3467 1277 quod
3495 1223 3641 1263 nunc

2037 1309 2142 1362 est,
2177 1305 2230 1352 et
2261 1298 2468 1352 creatis
2497 1297 2654 1352 nobis
2679 1298 2820 1351 idem
2853 1298 3178 1365 permansit.
3216 1297 3362 1353 Nihil
3393 1299 3539 1353 enim
3586 1298 3639 1355 ei

2039 1391 2342 1444 addidimus
2369 1405 2435 1443 ex
2456 1390 2624 1444 nihilo
2655 1391 2722 1443 ad
2753 1405 2877 1445 esse
2909 1391 3142 1445 traducti
3171 1407 3186 1456 ;
3237 1406 3412 1461 neque
3475 1391 3636 1461 quid-

2037 1497 2198 1550 quam
2264 1482 2461 1536 divinae
2537 1481 2654 1550 ejus
2732 1493 2940 1537 naturae
2993 1484 3342 1538 detrahemus
3401 1486 3638 1539 nondum

2039 1571 2314 1625 consecuti
2353 1580 2410 1625 ut
2448 1572 2640 1625 simus.
2691 1570 3156 1637 Quemadmodum
3192 1573 3354 1642 igitur
3390 1588 3488 1628 nos
3507 1589 3637 1643 gra-

2041 1665 2142 1716 tias
2163 1663 2371 1728 agimus
2399 1663 2667 1726 Creatori,
2701 1666 2843 1731 quod
2869 1662 2998 1717 facti
3029 1678 3240 1728 sumus,
3274 1663 3446 1717 Filius
3495 1679 3637 1734 quo-

2037 1768 2141 1822 que
2165 1754 2418 1808 similiter
2441 1764 2564 1824 agat
2585 1772 2597 1808 :
2620 1754 2917 1824 eademque
2941 1756 3151 1810 ratione
3175 1765 3448 1811 statuatur
3471 1758 3635 1812 etiam

2039 1845 2193 1899 nobis
2228 1845 2443 1910 similis,
2463 1844 2716 1899 nimirum
2742 1846 3105 1913 extrinsecus,
3129 1848 3270 1902 sicut
3289 1862 3407 1912 nos,
3439 1847 3634 1903 factus.

2037 1936 2305 1990 Cmterum
2342 1937 2456 1991 bzec
2484 1945 2543 1991 ut
2573 1947 2786 1992 summa
2818 1936 3157 2008 blasphemia
3185 1940 3503 1993 detestanda
3535 1953 3636 1995 no-

2039 2029 2118 2082 bis
2147 2037 2248 2091 est,
2284 2039 2335 2082 et
2359 2029 2618 2098 genimini
2652 2031 2755 2086 hoc
2785 2031 3136 2085 tribuendum
3171 2039 3276 2095 est,
3305 2040 3364 2085 ut
3419 2046 3486 2086 ex
3526 2031 3636 2087 Ge-

2039 2121 2230 2173 nitoris
2283 2121 2517 2174 essentia
2594 2124 2843 2176 exsistat.
2909 2121 3002 2176 Sic
3049 2122 3194 2174 enim
3245 2121 3410 2176 etiam
3484 2124 3637 2193 geni-

2039 2230 2161 2266 men
2221 2213 2402 2267 fuerit.
2449 2211 2566 2268 Non
2628 2224 2710 2269 est
2777 2225 2955 2270 autem
3024 2215 3170 2270 facta
3230 2217 3470 2270 essentia
3529 2216 3634 2270 Pa-

2037 2305 2136 2358 tris
2169 2323 2183 2370 ;
2214 2321 2342 2376 ergo
2390 2321 2488 2359 uec
2544 2306 2594 2359 id
2647 2309 2792 2376 quod
2840 2323 2904 2360 ex
2955 2320 3019 2360 ea
3067 2307 3353 2377 procedit,
3404 2307 3504 2362 hoc
3551 2318 3638 2363 est

2037 2391 2224 2447 Filius.

2283 2509 2497 2564 ALIUD
2519 2550 2533 2573 ,
2573 2526 2637 2562 ex
2670 2510 2957 2578 objectione
2989 2510 3379 2563 luereticorum.

2107 2599 2224 2653 Non
2262 2601 2315 2653 in
2350 2605 2686 2665 universum,
2719 2602 2988 2670 inquiunt,
3027 2601 3150 2669 quia
3208 2600 3472 2654 fecundus
3525 2611 3629 2667 est,

2035 2690 2310 2759 perfectus
2348 2702 2429 2746 est
2465 2694 2623 2746 Deus.
2660 2692 2766 2746 Sed
2805 2693 2952 2745 Deus
2982 2709 3103 2746 eum
3158 2693 3250 2758 sit,
3297 2704 3458 2763 atque
3483 2685 3553 2748 ob
3583 2696 3634 2748 id

2037 2781 2332 2849 perfectus,
2363 2783 2537 2836 factus
2568 2793 2649 2837 est
2671 2785 2836 2836 etiam
2869 2782 3050 2836 Pater.

2720 2895 2950 2948 Solidio.

2096 2984 2279 3041 Dicite
2311 3001 2438 3056 ergo
2473 2987 2744 3056 nobisqui
2773 2987 2824 3038 in
2876 2987 3082 3041 tantam
3109 2988 3444 3055 impietatem
3497 3005 3624 3058 pro-

2034 3093 2285 3146 rumpere
2314 3093 2418 3131 non
2450 3079 2731 3141 veremini,
2763 3078 2808 3132 si
2858 3079 2960 3132 hoc
2996 3087 3176 3145 postea
3236 3080 3468 3133 accessit
3525 3082 3634 3134 Deo

2034 3179 2090 3221 ut
2116 3168 2277 3221 Pater
2328 3167 2500 3230 ﬂeret,
2545 3168 2671 3234 quid
2699 3177 2818 3220 erat
2854 3167 3169 3234 priusquam
3230 3166 3384 3222 ﬁeret
3418 3168 3582 3223 Pater
3612 3171 3635 3224 7

343 3262 413 3313 Τὸ
445 3261 556 3328 γὰρ
583 3258 721 3320 ὅλως
747 3257 826 3320 ὃν,
860 3256 973 3310 ἔστι
1002 3273 1055 3309 τι
1091 3257 1307 3319 πάντως
1327 3270 1340 3285 ·
1363 3256 1396 3326 ἢ
1429 3256 1539 3324 γὰρ
1557 3253 1806 3322 λέγοντες
1828 3253 1927 3305 οὐκ

2043 3256 2172 3310 Nam
2203 3259 2252 3311 id
2289 3258 2431 3326 quod
2456 3265 2558 3320 est,
2593 3257 2794 3327 aliquid
2823 3258 3045 3311 omnino
3073 3258 3142 3310 sit
3172 3269 3416 3328 oportet;
3463 3271 3554 3313 aut
3586 3261 3632 3314 si

341 3347 480 3405 εἷναί
515 3349 901 3419 ποτεΠατέρα
944 3350 1034 3402 τὸν
1074 3347 1225 3409 Θεὸν,
1282 3346 1580 3419 μαχόμενοι
1613 3347 1813 3408 πάσαις
1842 3345 1931 3397 εὑ-

345 3441 644 3513 ρεθήσεσθε
668 3444 788 3503 ταῖς
818 3440 1061 3510 Γραφαῖς
1085 3455 1096 3466 ·
1131 3439 1192 3490 οὐ
1222 3437 1331 3506 γὰρ
1363 3437 1510 3489 ίσασι
1540 3436 1630 3489 τὸν
1661 3436 1795 3488 Θεὸν
1832 3438 1932 3489 οὐκ

343 3535 468 3586 εντα
494 3533 716 3601 Πατέρα
739 3531 814 3600 ’ἢ
846 3531 938 3582 καὶ
979 3530 1133 3582 αὐτοὶ⁴
1164 3525 1573 3598 συγχωροῦντες
1604 3527 1932 3596 ἐνυπάρχειν

346 3625 431 3678 ἀεὶ
459 3623 538 3694 τῷ
572 3623 692 3694 Θεῷ
719 3625 818 3691 τὴν
853 3620 946 3674 τοῦ
990 3617 1206 3692 Πατρὸς
1239 3619 1578 3689 ἐπωνυμίαν,
1618 3618 1931 3686 ἀναγκαίως

345 3715 493 3786 αὺτῷ
539 3717 600 3768 τὸ
626 3714 684 3781 ἐξ
714 3712 881 3767 αὐτοῦ
933 3712 1318 3764 συνεισοίσετε.
1368 3712 1442 3765 Οὐ
1478 3710 1586 3782 γὰρ
1622 3709 1688 3763 ἂν
1722 3709 1932 3777 λέγοιτο

350 3806 534 3878 Πατὴρ
574 3807 675 3859 οὐκ
707 3807 856 3868 δντος
892 3803 1043 3857 Υίοῦ.

1036 3983 1242 4037 AAAO.

418 4103 480 4155 Εἰ
525 4100 669 4170 μέγα
699 4117 752 4151 τι
786 4090 1105 4168 χαρίζεσθαι
1141 4095 1454 4166 νομίζουσιν
1488 4098 1536 4149 oi
1573 4095 1930 4166 χριστομάχοι

347 4192 423 4263 τῷ
456 4191 599 4262 Θεῷ,
647 4190 867 4260 Πατέρα
925 4189 1020 4258 μὲν
1070 4186 1128 4254 ἐξ
1175 4183 1349 4259 ἀρχῆς
1402 4189 1499 4259 οὐχ
1544 4187 1931 4257 ὁμολογοῦντες

348 4279 529 4346 αὑτὸν,
573 4280 706 4333 Θεὸν
736 4280 792 4332 δὲ
821 4275 958 4332 εἶναι
1004 4279 1258 4341 διδόντες,
1303 4279 1649 4331 ἀκουέτωσαν
1681 4280 1762 4332 ὃτι
1811 4278 1930 4331 λίαν

349 4375 652 4447 ὑϐρίζουσι,
679 4374 1002 4443 πράγματος
1037 4370 1460 4441 ἁξιολογωτέρου
1485 4369 1584 4440 τὴν
1613 4369 1762 4422 θείαν
1794 4370 1930 4422 ἀπο-

350 4467 670 4538 στεροῦντες
705 4464 885 4534 φύσιν.
921 4465 1052 4526 Θεὸς
1101 4463 1199 4532 μὲν
1232 4461 1341 4532 γὰρ
1381 4461 1456 4523 ὼς
1489 4461 1621 4531 πρὸς
1665 4461 1732 4514 τὰ
1768 4459 1932 4515 δοῦλα

349 4558 536 4612 καὶτὰ
563 4556 798 4626 γενητὴν
831 4555 1023 4626 ἔχοντα
1062 4553 1161 4624 τὴν
1191 4554 1378 4608 οὐσίαν
1416 4553 1528 4624 ἔχει
1561 4554 1658 4625 τὴν
1705 4556 1888 4625 σχέσιν
1914 4571 1927 4584 ·

2037 3367 2140 3403 non
2177 3365 2298 3404 esse
2327 3349 2543 3404 Patrem
2575 3349 2741 3402 Deum
2775 3350 2991 3414 dicatis,
3034 3352 3286 3405 omnibus
3317 3353 3492 3405 sacris
3522 3351 3633 3406 Lit-

2038 3437 2166 3490 teris
2197 3451 2495 3506 repugnare
2521 3436 3039 3505 deprehendemini:
3095 3454 3272 3508 neque
3327 3443 3470 3493 enim
3528 3442 3633 3497 ilhc

2034 3535 2331 3592 agnoscunt
2371 3525 2558 3589 Deum,
2602 3527 2690 3594 qui
2725 3525 2883 3580 Pater
2915 3544 3020 3580 non
3061 3529 3128 3581 sit
3158 3546 3171 3593 ;
3200 3537 3292 3583 aut
3322 3530 3364 3582 si
3401 3546 3496 3584 vos
3527 3531 3631 3601 ipsi

2033 3617 2334 3671 coriceditis
2368 3633 2585 3686 semper
2619 3620 2798 3672 inesse
2825 3618 2931 3673 Deo
2957 3620 3136 3675 Patris
3186 3623 3629 3691 appellationem,

2036 3709 2343 3763 necessario
2401 3710 2565 3763 etiam
2627 3711 2678 3764 id
2725 3711 2866 3779 quod
2930 3726 2992 3764 ex
3069 3715 3183 3779 ipso
3266 3715 3509 3781 proceiit
3579 3716 3630 3771 ei

2036 3798 2306 3861 tribuetis.
2359 3799 2544 3869 Neque
2599 3802 2741 3855 enim
2794 3799 2955 3855 Pater
3008 3803 3113 3855 diri
3173 3813 3351 3870 potest
3397 3819 3503 3856 non
3535 3820 3632 3858 ex-

2036 3890 2278 3945 sistentis
2303 3889 2452 3946 Filii.

2667 3981 2777 4052 39
2818 3979 3050 4036 ALIUD.

2106 4094 2162 4150 Si
2188 4095 2425 4149 haeretici
2466 4095 2645 4165 magni
2676 4095 2876 4164 aliquid
2903 4110 3024 4148 sese
3053 4095 3292 4150 tribuere
3311 4095 3419 4151 Deo
3442 4095 3630 4153 existi-

2035 4199 2206 4251 mant,
2231 4189 2372 4257 quod
2414 4188 2624 4241 Patrem
2657 4189 2826 4258 ipsum
2856 4189 2923 4242 ab
2959 4189 3110 4242 initio
3161 4187 3327 4244 fuisse
3387 4204 3582 4260 negent
3608 4231 3628 4258 ,

2033 4280 2201 4334 Deum
2230 4280 2444 4333 interim
2483 4295 2601 4334 esse
2630 4280 2983 4342 conﬁtentes,
3023 4280 3130 4334 imo
3183 4296 3378 4348 magna
3436 4295 3626 4338 contu-

2036 4372 2192 4427 tuclia
2227 4387 2345 4427 sese
2371 4388 2493 4427 eum
2531 4371 2743 4427 alIicere
2771 4373 3018 4436 credant,
3051 4386 3176 4426 cum
3233 4373 3468 4426 divinam
3528 4393 3627 4428 na-

2039 4474 2208 4518 turam
2243 4465 2488 4535 digniore
2529 4463 2682 4519 titulo
2711 4467 2944 4534 privarit.
2984 4463 3117 4517 Nam
3154 4473 3211 4518 ut
3243 4464 3385 4520 Deus
3410 4467 3630 4522 relatio-

2038 4572 2157 4609 nem
2196 4555 2355 4611 habet
2383 4557 2449 4609 ad
2484 4556 2699 4611 servilia
2730 4565 2786 4609 et
2812 4565 3051 4609 creatam
3105 4557 3464 4609 substantiam
3525 4560 3623 4612 ha-

233 4651 246 4666 ’
351 4649 539 4720 Πατὴρ
586 4648 642 4701 δὲ
672 4647 746 4711 ὡς
794 4646 930 4716 πρὸς
965 4645 1112 4699 Υίόν.
1153 4646 1418 4714 Λέγοντες
1450 4644 1628 4700 τοίνυν
1669 4648 1748 4699 ὅτι
1797 4647 1929 4710 Θεὸς

2043 4649 2260 4702 bentia:
2297 4647 2371 4701 ita
2408 4647 2572 4702 Pater
2630 4648 2696 4714 ad
2751 4647 2974 4701 Filium.
3024 4645 3160 4700 Cum
3212 4647 3394 4712 itaque
3441 4649 3626 4706 dicunt

353 4743 450 4814 μὲν
483 4739 554 4812 ἦν
590 4739 846 4809 ἑξαρχῆς,
879 4737 1032 4790 οῠπω
1080 4736 1138 4788 δὲ
1181 4737 1276 4790 καὶ
1309 4737 1519 4808 Πατὴρ,
1565 4737 1662 4806 τὴν
1696 4738 1832 4807 πρὸς
1862 4738 1929 4791 τὰ

2043 4741 2198 4794 Deum
2237 4742 2451 4808 quidem
2487 4742 2554 4796 ab
2595 4741 2753 4796 initio
2787 4741 3086 4805 exstitisse,
3113 4739 3326 4794 Patrem
3357 4757 3485 4797 vero
3520 4760 3626 4798 non

348 4837 510 4892 δοῦλα
565 4834 750 4903 σχέσιν
797 4832 1172 4903 προσάπτουσι
1219 4829 1297 4898 τῷ
1349 4830 1486 4900 Θεῷ,
1537 4832 1629 4883 τοῦ
1688 4833 1929 4902 μείζονος

2043 4832 2183 4895 item,
2217 4832 2678 4901 comparationem
2743 4833 2860 4886 sive
2904 4832 3219 4888 relationem
3282 4835 3349 4886 ad
3409 4835 3624 4887 servilia

349 4923 784 4997 ἀποστεροῦντες
810 4923 974 4975 αὐτόν
993 4938 1007 4950 ·
1043 4923 1294 4992 κρεῖττον
1330 4923 1438 4992 γάρ
1467 4922 1527 4974 τὸ
1565 4924 1783 4992 Πατέρα
1810 4941 1929 4992 γεν-

2043 4922 2144 4975 Deo
2169 4923 2600 4989 accommodant,
2636 4925 3014 4994 praestantiore
3055 4924 3321 4979 relatione
3353 4939 3476 4978 eum
3509 4929 3624 4995 pri-

351 5023 594 5090 νήματος
648 5012 805 5078 εἶναι,
855 5013 952 5066 καὶ
979 5011 1253 5078 τοσοῦτον,
1292 5013 1401 5082 ὅσῳ
1454 5015 1754 5084 ποιήματος
1809 5014 1929 5078 Υἱὸς

2043 5025 2230 5069 vantes
2260 5032 2274 5067 :
2307 5016 2656 5084 praestantius
2683 5018 2826 5070 enim
2856 5026 2938 5070 est
2966 5015 3177 5068 Patrem
3199 5016 3488 5083 genitninis
3505 5033 3626 5071 esse

351 5110 622 5180 διαφέρει.
689 5108 801 5175 Ἐφ’
829 5105 987 5176 ἡμῶν
1042 5105 1141 5176 μὲν
1205 5105 1314 5176 γὰρ
1346 5105 1596 5174 λέγεται·
1656 5125 1674 5160 ι
1741 5106 1929 5177 Ἡμεῖς

2043 5116 2092 5156 et
2123 5107 2338 5174 quidem
2374 5117 2542 5168 tanto,
2581 5117 2780 5174 quanto
2808 5107 2980 5161 Filius
3005 5115 3254 5161 creatura
3300 5116 3381 5161 est
3441 5109 3626 5163 excel-

353 5203 478 5266 λαὸς
515 5199 686 5271 νομῆς
708 5197 895 5260 αὑτοῦ,
929 5197 1021 5249 καὶ
1048 5197 1293 5266 πρόϐατα
1327 5197 1508 5268 χειρὸς
1534 5196 1719 5250 αὐτοῦ.
1751 5217 1768 5248 ι
1795 5199 1929 5270 Περὶ

2043 5198 2254 5251 lentior.
2287 5197 2422 5251 Nam
2447 5199 2517 5253 de
2542 5199 2700 5253 nobis
2726 5198 2951 5253 dicitur:
2974 5217 2992 5249 ι
3024 5199 3133 5252 Nos
3154 5199 3382 5268 populus
3412 5214 3625 5267 pascua:

353 5294 412 5348 δὲ
443 5293 611 5346 Υἱοῦ·
652 5310 668 5342 ι
718 5291 813 5353 ’ος
842 5291 899 5342 ἓν
933 5290 1113 5360 μορφῇ
1147 5287 1279 5341 Θεοῦ
1312 5289 1592 5360 ὑπάρχων,
1623 5291 1722 5360 οὐχ
1756 5292 1929 5361 ἁρπα-

2043 5289 2174 5355 cjus,
2207 5298 2261 5342 et
2293 5303 2637 5343 ovestuanus
2671 5304 2781 5343 suae
2810 5289 2912 5340 ⁵⁵.»
2953 5289 3025 5342 De
3056 5287 3194 5342 Filio
3225 5299 3401 5342 autem
3425 5307 3436 5342 :
3463 5309 3480 5340 ι
3522 5289 3621 5356 Qui

356 5386 493 5455 γμὸν
526 5385 774 5453 ἡγήσατο
808 5380 866 5433 τὸ
918 5375 1054 5432 εἶναι
1105 5382 1194 5432 ἶσα
1415 5398 1434 5431 ι
1469 5382 1563 5433 καὶ
1597 5383 1756 5435 πάλιν
1798 5383 1929 5453 πρὸς

2043 5395 2153 5432 eum
2191 5388 2332 5434 esset
2374 5381 2426 5433 in
2460 5380 2628 5433 forma
2666 5379 2782 5447 Dei,
2806 5396 2912 5433 non
2952 5381 3195 5449 rapinam
3221 5389 3308 5434 est
3331 5382 3625 5436 arbitratus

358 5476 517 5529 αὐτόν
539 5491 553 5504 ·
588 5493 604 5524 ι
637 5471 819 5526 Κάθου
853 5473 914 5523 ὲκ
942 5471 1132 5537 δεξιῶν
1158 5450 1279 5542 μουῖ
1321 5490 1338 5522 ι
1379 5471 1519 5539 Ὀση
1549 5473 1631 5535 τίς
1662 5468 1754 5526 οὖν
1787 5475 1929 5526 ἐστιν

2043 5484 2090 5522 se
2113 5484 2233 5524 esse
2263 5472 2527 5540 aequalem
2569 5470 2678 5525 Deo
2727 5472 2773 5503 "
2807 5488 2821 5535 ;
2859 5491 2876 5523 ι
2937 5481 2991 5524 et
3027 5486 3238 5526 rursum
3282 5471 3346 5524 ad
3402 5473 3576 5539 ipsnm
3608 5492 3622 5528 :

359 5563 392 5633 ἡ
425 5562 656 5631 διαφορὰ
687 5559 990 5630 ποιήματος
1023 5559 1117 5611 καὶ
1153 5558 1303 5623 Υἱοῦ,
1357 5561 1450 5612 καὶ
1489 5560 1576 5614 διὰ
1615 5562 1816 5614 τούτων
1863 5565 1937 5614 εξ-

363 5652 584 5720 σόμεθα.

423 5846 472 5879 ³⁵
512 5848 650 5902 Psal.
699 5864 840 5913 acu,
881 5850 936 5904 5.
1013 5853 1057 5883 "
1094 5850 1324 5920 Philipp.
1358 5869 1416 5917 ιι,
1459 5853 1510 5906 7.

2040 5577 2055 5608 ί
2090 5559 2228 5615 Sede
2285 5577 2314 5615 a
2356 5562 2563 5616 dextris
2621 5565 2758 5619 meis
2812 5563 2876 5616 ⁸⁷.
2926 5583 2943 5613 ι
3007 5560 3280 5628 Quantum
3337 5563 3499 5631 igitur
3545 5565 3625 5617 in-

2038 5653 2191 5705 tersit
2239 5654 2376 5710 inter
2425 5667 2729 5709 creaturam
2782 5665 2835 5710 et
2892 5654 3108 5719 Filium,
3163 5670 3224 5708 ex
3279 5654 3362 5708 his
3424 5654 3621 5712 inte!“-

2037 5758 2232 5809 guttus.

1554 5854 1595 5882 ¹⁶τ
1640 5853 1782 5910 i’sal.
1825 5871 1932 5920 tttx,
1983 5859 2030 5910 ί.
