4012 6338
243 416 315 477 1;
1648 378 2090 442 ruessunus.
3439 364 3508 417 τι

250 529 311 595 ιε
337 524 525 589 αὑτοῦ,
564 522 679 577 ἀλλ’
717 520 941 587 ἔξωθεν,
969 514 1221 571 καὶκατὰ
1242 514 1466 582 δύναμιν
1493 508 1591 580 τὴν
1615 509 1673 560 ὲν
1704 506 1823 576 βου·

1973 513 2103 567 eque
2141 512 2207 551 ex
2238 495 2356 564 ipso
2386 506 2528 557 esse,
2583 489 2675 543 sed
2719 489 3064 541 extrinsecus
3108 489 3163 536 et
3208 478 3506 533 secundum

2051 590 2061 595 ‘
2329 587 2339 595 '
2530 591 2539 595 -
2625 580 2657 595 -'
2964 576 3012 595 2—
3070 572 3179 595 -.-1-
3234 568 3506 595 ..ΑΙ..........

436 568 571 687 μόνῃ
595 612 695 683 τὴν
728 568 1060 681 σῖδνύπαρέιν
1088 568 1220 677 ἔξει.
1377 568 1391 582 ὶ
1548 568 1560 580 ’
1705 568 1716 576 ’

1973 590 2235 645 cultatem
2298 587 2413 640 sive
2457 580 2751 651 potentiam
2793 592 2915 647 qua:
2963 576 3017 630 in
3066 572 3183 628 sola
3234 568 3510 624 voluntate

1921 694 2023 747 est,
2056 678 2407 736 coexsistere.

2426 811 2635 869 Salutio
2671 811 2733 863 ob
2735 807 2996 880 jectiom’s.

1998 929 2162 985 Paulo
2191 928 2376 991 altius,
2420 926 2564 981 bone
2595 924 2702 985 vir,
2743 935 2906 987 supra
2953 929 3182 986 corpora
3217 923 3519 980 eorumque

1928 1022 2243 1077 affectiones
2269 1026 2506 1073 mentem
2536 1014 2728 1069 attolle
2762 1030 2775 1066 :
2804 1011 2871 1067 de
2903 1010 3013 1063 Deo
3045 1008 3190 1062 enim
3222 1007 3280 1059 tit
3311 1018 3515 1058 sermo.

1929 1114 1987 1169 Si
2016 1112 2161 1167 enim
2197 1124 2390 1165 censes
2426 1106 2537 1162 Deo
2567 1104 2795 1174 perinde
2832 1110 2997 1171 atque
3029 1097 3232 1153 homini
3266 1096 3318 1148 in
3351 1108 3517 1163 gene-

1932 1205 2103 1260 rando
2133 1201 2335 1270 aliquid
2366 1200 2658 1262 decedere,
2705 1210 2886 1265 neque
2915 1194 2967 1248 id
3008 1191 3189 1246 facere
3222 1201 3381 1256 posse
3413 1184 3521 1239 nisi

1933 1296 2135 1366 aliquid
2154 1295 2231 1350 illi
2254 1296 2532 1363 depereat,
2569 1293 2643 1346 ita
2670 1299 2728 1344 ut
2756 1284 3155 1359 quodammodo
3177 1284 3230 1337 in
3260 1281 3520 1345 Verbum,

1934 1390 2077 1457 quod
2108 1402 2175 1441 ex
2205 1386 2320 1456 ipso
2342 1383 2605 1453 procedit,
2632 1376 3070 1447 dividatur,quid
3090 1374 3363 1431 obstiterit
3384 1386 3525 1441 quo-

1937 1480 2116 1532 minus
2147 1476 2395 1531 eatndem
2422 1472 2815 1544 blasphemiam
2857 1470 2924 1523 ad
2967 1468 3205 1537 reliquas
3243 1464 3363 1535 ejus
3395 1477 3523 1532 pro-

1936 1571 2193 1639 prietates
2226 1564 2745 1624 accommodemus?
2792 1562 2849 1615 Si
2894 1562 3038 1616 enim
3071 1574 3167 1628 per
3198 1556 3401 1612 ﬂuxum
3446 1555 3526 1623 gi-

246 1672 425 1724 τίκτει
459 1667 715 1739 ρευστῶς,
744 1664 1138 1736 δημιουργήσει
1163 1661 1256 1713 καὶ
1283 1658 1358 1719 ὡς
1386 1655 1671 1725 ἄνθρωπος
1696 1650 1837 1722 μετὰ

1974 1662 2053 1715 nit
2095 1670 2152 1714 ut
2195 1661 2380 1722 hamo,
2417 1658 2624 1713 creabit
2653 1658 2820 1711 etiam
2857 1662 2914 1708 ut
2954 1654 3117 1708 bomo
3144 1665 3266 1706 cum
3318 1648 3525 1704 labore.

249 1763 440 1814 πόνου.
471 1760 535 1812 E1
580 1758 637 1810 δὲ
667 1756 825 1811 τοῦτο
852 1756 1053 1811 ἄτοπον
1088 1752 1187 1820 (οὐ
1217 1749 1322 1819 γὰρ
1374 1746 1449 1809 ὡς
1492 1743 1776 1820 ἄνθρωπος
1807 1742 1837 1793 ό

1973 1763 2009 1806 ιι
2036 1753 2080 1806 si
2114 1752 2165 1805 id
2189 1750 2485 1806 absurdum
2508 1757 2591 1804 est
2621 1747 2821 1819 (neque
2838 1746 2982 1801 enim
3010 1745 3151 1799 Deus
3183 1745 3257 1799 ita
3282 1752 3340 1797 ut
3364 1742 3528 1796 homo

248 1852 385 1913 Θεὸς
413 1848 797 1920 δημιουργεῖ),
840 1845 961 1899 οὐδὲ
1000 1842 1076 1906 ὡς
1101 1840 1383 1909 ἄνθρωπος
1415 1838 1523 1907 ἄρα
1562 1834 1832 1904 γεννήσει,

1979 1852 2093 1897 reat
2113 1842 2155 1912 ),
2188 1856 2367 1911 neque
2390 1840 2557 1911 igitur
2584 1842 2765 1909 gignet
2795 1846 2852 1891 ut
2881 1838 3066 1901 homo,
3097 1837 3191 1891 sed
3231 1836 3527 1889 humanam

250 1942 390 1996 ἀ).λά
418 1942 517 2011 τὴν
548 1939 840 2009 ἀνθρώπου
859 1937 1021 2005 φύσιν
1046 1935 1149 1987 κὰν
1172 1930 1347 2000 τούτῳ
1371 1926 1535 1982 πάλιν
1560 1923 1831 1994 ἀναϐήσε-

1976 1945 2187 1989 aturam
2235 1934 2403 1988 etiam
2450 1932 2506 1987 in
2556 1931 2661 1986 hoc
2694 1928 3014 1999 superabit,
3062 1941 3331 1998 generans
3388 1925 3529 1979 citra

250 2054 364 2100 ται,
401 2032 608 2103 γεννῶν
633 2029 971 2101 ἁμερίστως.

1979 2023 2283 2080 ivisionem.

963 2142 1168 2196 ΛΑΜ).
2625 2136 2854 2194 ALIUD.

326 2262 391 2313 Et
422 2258 672 2329 καθάπερ
700 2256 983 2327 ἄνθρωπος
1017 2252 1190 2305 τίκτει
1215 2248 1370 2311 Θεὸς,
1400 2245 1695 2319 ἐργάζεται
1746 2242 1840 2295 καὶ

2014 2254 2073 2309 Si
2098 2255 2241 2309 Deus
2269 2253 2439 2325 gignit
2466 2251 2657 2307 eadem
2683 2250 2894 2305 ratione
2920 2263 3025 2318 qua
3052 2249 3240 2313 homo,
3270 2254 3533 2317 operatur

214 2422 221 2427 Ι
250 2354 331 2417 ὡς
358 2352 665 2420 ἄνθρωπος,
695 2350 805 2403 Καὶ
834 2345 1133 2415 ἐπειδήπερ
1156 2344 1315 2414 ἡμεῖς
1346 2338 1479 2410 ὕλης
1499 2334 1843 2427 παρακειμέ-

1973 2347 2109 2401 tiam
2161 2356 2221 2401 ut
2265 2348 2449 2402 homo.
2488 2344 2552 2399 Et
2601 2360 2724 2399 cum
2752 2343 3030 2412 proposita
3072 2342 3256 2409 aliqua
3305 2339 3533 2394 materia

254 2462 355 2514 νης
379 2443 525 2505 τινὸς
552 2442 642 2495 διὰ
669 2440 938 2507 κινήσεως
982 2433 1180 2506 χειρῶν
1223 2428 1594 2499 ἀποτελοῦμεν
1632 2445 1686 2479 τι
1736 2423 1844 2477 τῶν

1973 2438 2278 2493 ιύιιιῑηίευιο
2305 2452 2559 2491 manuum
2593 2450 2657 2491 ea
2680 2450 2800 2505 quae
2829 2434 3077 2488 volumus
3099 2431 3433 2501 perﬁcimus,
3460 2430 3534 2480 ita

255 2538 359 2591 ὅσα
412 2537 588 2588 ποιεῖν
635 2530 959 2603 βουλόμεθα,
991 2530 1136 2583 οὕτω
1183 2526 1278 2580 καὶ
1321 2524 1475 2586 Θεός.
1528 2522 1591 2573 El
1629 2518 1688 2572 δὲ
1719 2517 1846 2587 δίχα

1973 2545 2077 2601 ιτεο
2105 2532 2271 2585 etiam
2322 2530 2485 2583 Deus.
2539 2528 2609 2581 At
2658 2528 2706 2582 si
2762 2526 2905 2580 Deus
2948 2526 3157 2594 absque
3184 2520 3437 2578 manibus
3483 2532 3539 2574 ct

732 830 889 897 Πρὸς
926 824 1097 880 τοῦτο
1134 824 1336 886 λύσις.

327 943 559 1013 Μικρὸν,
594 936 640 993 ὦ
664 941 931 1011 βέλτιστε,
969 935 1162 991 σαυτὸν
1190 935 1302 987 ἄνω
1333 930 1600 998 σωμάτων
1622 926 1714 997 ἔχε
1734 927 1826 978 καὶ

248 1036 358 1089 τῶν
388 1036 517 1105 περὶ
542 1034 614 1088 τὰ
640 1033 867 1101 σώματα
894 1028 1111 1083 παθῶν
1144 1024 1271 1095 περὶ
1296 1021 1432 1076 Θεοῦ
1465 1021 1575 1089 γὰρ
1597 1021 1625 1071 ὁ
1646 1018 1824 1085 λόγος.

249 1128 313 1180 Et
359 1126 471 1195 γὰρ
516 1124 617 1177 οῐει
665 1121 914 1191 καθάπερ
944 1117 1229 1187 ἄνθρωπον
1260 1112 1509 1166 τίκτοντα
1552 1108 1645 1161 τὸν
1694 1105 1828 1159 Θεὸν

248 1215 601 1271 narratis-0a.!
629 1231 741 1276 πως
768 1213 885 1275 ταῖς
917 1207 1257 1279 ἀπορροίαις,
1297 1204 1391 1257 καὶ
1416 1202 1539 1271 δίχα
1569 1200 1713 1263 τινὸς
1734 1200 1831 1268 ζη-

252 1308 384 1377 μίας
422 1304 499 1375 μὴ
538 1302 799 1357 δύνασθαι
839 1294 998 1354 τοῦτο
1024 1299 1220 1361 ποιεῖν,
1256 1294 1611 1366 μεριζόμενον
1642 1290 1830 1359 ὥσπερ

247 1400 331 1461 είς
360 1396 454 1449 τὸν
478 1394 545 1459 ἐξ
569 1394 732 1447 αὑτοῦ
776 1390 1109 1463 προελθόντα
1151 1387 1346 1455 Λόγον,
1370 1386 1423 1439 τί
1465 1382 1706 1437 κωλύσαι
1734 1380 1831 1451 τὴν

247 1487 423 1557 αὐτὴν
468 1487 765 1553 ἐπαγαγεῖν
806 1480 1184 1553 βλασφημίαν,
1213 1478 1308 1530 καὶ
1359 1476 1455 1528 ἐπὶ
1494 1476 1607 1534 τοῖς
1654 1471 1833 1531 ἄλλοις

249 1583 425 1636 ἅπασι
479 1579 593 1641 τοῖς
642 1575 939 1647 προσοῦσιν
982 1572 1163 1641 abst};
1209 1570 1271 1623 Εί
1304 1568 1413 1638 γὰρ
1439 1566 1513 1629 ὠς
1548 1564 1835 1632 ἄνθρωπος

257 2626 458 2697 χειρῶν
506 2624 601 2677 καί
640 2623 773 2692 ὕλης
805 2624 871 2675 ὲκ
913 2621 1007 2675 τοῦ
1059 2620 1133 2691 μὴ
1179 2618 1332 2679 ὄντος
1359 2615 1439 2677 είς
1491 2611 1552 2666 τὺ
1595 2605 1734 2663 εἶναι
1777 2606 1848 2661 τὰ

1973 2622 2177 2676 nateria
2225 2637 2291 2675 ex
2342 2620 2510 2675 nihilo
2548 2628 2745 2674 cuncta
2796 2618 2963 2673 verbo
3007 2618 3074 2671 ad
3122 2631 3246 2671 esse
3282 2616 3533 2677 traducit,

262 2717 441 2769 πάντα
474 2714 622 2783 λόγῳ
669 2712 931 2783 παράγει,
957 2710 1056 2778 τὴν
1102 2705 1389 2778 ἀνθρώπου
1440 2701 1607 2774 φύσιν
1656 2699 1847 2764 νικῶν,

261 2807 477 2877 νικήσει
509 2805 727 2867 πάντως
756 2803 927 2874 αὐτὴν
959 2803 1052 2856 καὶ
1079 2800 1210 2872 περὶ
1237 2799 1329 2852 τὸν
1353 2796 1447 2851 τοῦ
1482 2796 1679 2867 γεννᾷν
1722 2793 1849 2864 τρό-

262 2913 387 2951 πον.

960 3004 1162 3056 AAAO.

336 3116 419 3170 re
469 3114 764 3185 συνέχοντα
810 3131 953 3181 τινα,
1004 3115 1167 3167 οίονεὶ
1218 3114 1405 3184 κύκλῳ
1460 3107 1851 3183 περιτετάσθαι

1951 2714 2239 2768 humanam
2271 2722 2520 2766 naturam
2553 2711 2712 2777 longe
2746 2723 3038 2779 superans,
3062 2708 3227 2763 etiam
3261 2706 3541 2777 superabit

1952 2800 2124 2870 ipsam
2160 2799 2211 2853 in
2236 2800 2527 2871 generandi
2559 2798 2742 2854 modo.

2630 3002 2859 3058 ALIUD.

2030 3119 2103 3173 Ea
2134 3133 2255 3188 quae
2285 3118 2387 3171 alia
2422 3118 2475 3171 in
2500 3132 2559 3171 se
2590 3120 2893 3181 continent,
2926 3129 3152 3171 necesse
3182 3122 3266 3169 est
3292 3124 3351 3169 ut
3376 3112 3543 3168 veluti

267 3210 487 3271 πάντως
515 3209 812 3275 ἀναγκαῖον
843 3205 951 3259 τῶν
970 3206 1071 3258 ὅσα
1098 3206 1333 3275 συνέχει.
1355 3204 1429 3256 Τὸ
1455 3203 1512 3255 δὲ
1542 3205 1622 3264 είς
1648 3199 1849 3253 κύκλον

1973 3226 2012 3263 in
2047 3212 2233 3265 orbem
2271 3208 2617 3273 circumiecta
2661 3208 3058 3262 sintomnibus
3108 3207 3177 3261 iis
3210 3221 3331 3275 qua:
3369 3206 3550 3260 conti-

267 3297 608 3353 ὲκτείνεσθαι
653 3296 921 3365 σωμάτων
952 3296 1100 3349 ῐδιον.
1133 3295 1259 3357 Πῶς
1290 3288 1383 3348 οὖν
1419 3294 1488 3346 τὰ
1520 3294 1700 3346 πάντα
1729 3307 1852 3344 συν·

269 3391 386 3459 ἔχει
427 3390 457 3441 ό
501 3388 635 3451 Θεὸς
683 3388 968 3458 ἀσώματος
1022 3387 1117 3451 ὢν,
1150 3388 1245 3441 καὶ
1290 3386 1379 3441 διὰ
1424 3384 1583 3439 τοῦτο
1631 3383 1766 3454 μηδὲ
1794 3383 1852 3435 ὲν

267 3480 423 3551 τόπῳ
449 3479 683 3533 νοεῖσθαι
712 3478 1041 3549 δυνάμενοςς
1077 3477 1239 3531 Ἀλλὰ
1273 3478 1484 3546 συνέχει
1522 3475 1622 3544 τὴν
1647 3476 1706 3527 ὲν
1726 3474 1853 3526 τού-

270 3588 386 3634 τοις
416 3570 758 3633 ἀκολουθίαν,
776 3569 852 3632 ὡς
895 3568 1049 3632 Θεὸς,
1083 3569 1409 3622 ἀναϐαίνων.
1440 3568 1556 3620 Οὐκ
1601 3565 1710 3636 ἄρα
1744 3566 1856 3627 τοῖς

1963 3312 2111 3357 nent.
2159 3302 2230 3354 At
2255 3315 2382 3355 vero
2412 3301 2464 3355 in
2498 3299 2685 3353 orbem
2730 3297 2873 3352 ﬂecti
2909 3307 3073 3366 atque
3100 3297 3318 3352 extendi
3352 3310 3551 3365 corpoo

1964 3409 2080 3448 rum
2108 3402 2211 3446 est.
2234 3392 2351 3459 Quo
2380 3400 2537 3460 pacto
2566 3391 2728 3458 igitur
2754 3389 2936 3443 omnia
2956 3389 3205 3442 continet
3229 3387 3391 3451 Deus,
3420 3402 3549 3441 cum

1962 3485 2034 3540 sit
2064 3486 2431 3552 incorporeus,
2461 3480 2572 3553 44
2605 3492 2767 3550 atque
2795 3479 2865 3533 ul)
2888 3480 2940 3534 itI
2981 3495 3049 3533 Ite
3093 3479 3146 3532 in
3183 3478 3299 3532 loco
3331 3476 3553 3545 quidem

1964 3589 2086 3630 esse
2123 3573 2347 3643 intelligi
2386 3574 2595 3643 possit?
2622 3570 2731 3626 Sed
2766 3571 3011 3625 continet
3051 3570 3298 3625 ordinem
3344 3584 3552 3636 rerum,

274 3660 602 3733 σωματικῶν
632 3658 978 3713 ὑποκείσεται
1002 3658 1188 3728 νόμοις
1205 3674 1217 3687 ·
1241 3655 1438 3712 οὐκοῦν
1460 3656 1579 3710 οὐδὲ
1598 3655 1673 3719 ὡς
1696 3654 1852 3725 σῶμα

1973 3676 2026 3721 ut
2049 3666 2214 3731 Deus,
2244 3666 2656 3720 transcendens.
2682 3661 2798 3717 Non
2831 3662 3016 3733 itaque
3043 3662 3322 3730 corporeis
3344 3661 3557 3731 legibus

273 3753 550 3823 γεννήσειο
1968 3756 2270 3826 subjacebit
2298 3770 2315 3809 :
2346 3770 2478 3826 ergo
2508 3770 2684 3825 neque
2714 3764 2774 3809 ut
2808 3769 3008 3823 corpus
3037 3752 3342 3824 generabit.

974 3864 1176 3918 ΑΛΛΟ.

2646 3862 2877 3920 ALIUD.

355 3983 428 4036 Τδ
456 3984 513 4036 ὲν
541 3983 705 4035 πᾶσιν
730 3980 790 4033 ὃν
826 3981 919 4033 καὶ
948 3980 1036 4033 διὰ
1066 3980 1284 4033 πάντων
1312 3977 1517 4047 διῆκον,
1552 3977 1852 4047 συμπλέκε-

2042 3979 2099 4034 Id
2128 3979 2270 4049 quod
2312 3979 2367 4034 in
2410 3978 2663 4035 omnibus
2694 3977 2911 4033 exsistit
2945 3987 3251 4046 cunctaque
3292 3985 3559 4045 permeat,

281 4074 408 4130 σθαι
439 4077 551 4138 τοῖς
578 4077 745 4128 πᾶσιν
776 4076 1091 4141 ἀναγκαῖον.
1130 4071 1285 4125 Οὕτω
1313 4072 1419 4142 γὰρ
1456 4071 1522 4125 ἂν
1552 4071 1639 4139 εἴη
1683 4071 1776 4124 καὶ
1805 4072 1852 4123 ὲν

1973 4071 2218 4128 connecti
2245 4071 2499 4126 omnibus
2526 4084 2751 4125 necesse
2783 4078 2886 4123 est.
2923 4069 3002 4122 lta
3031 4068 3177 4123 enim
3217 4067 3272 4121 in
3309 4068 3563 4121 omnibus

281 4169 468 4222 πᾶσιν.
511 4166 649 4219 Ἀλλ’
678 4166 739 4219 οὐ
789 4163 1201 4235 συμπεπλέχθαι
1249 4164 1348 4234 μὲν
1392 4162 1491 4234 τὴν
1539 4164 1726 4216 οὐσίαν
1766 4159 1852 4213 τοῐ

1973 4164 2158 4220 fuerit.
2185 4164 2454 4219 Caeterum
2485 4178 2829 4233 nequaquam
2861 4160 3155 4216 fatebimur
3193 4160 3288 4215 Dei
3312 4159 3564 4215 substan-

216 4332 219 4333 ν
280 4257 511 4329 Θεοῦτῇ
540 4257 783 4328 ποικιλίᾳ
805 4257 913 4332 τῶν
1025 4256 1214 4326 κόσμῳ
1244 4254 1513 4327 σωμάτων
1538 4254 1852 4324 ὁμολογήσω

1978 4258 2107 4319 tiam
2168 4256 2338 4310 variis
2402 4256 2586 4310 mundi
2622 4253 3331 4325 .corporibus'connex'am
3388 4250 3563 4307 esse:
3642 4281 3647 4285 ν

286 4366 421 4420 μεν·
464 4351 612 4420 μένει
643 4348 750 4418 γὰρ
784 4348 869 4416 ἐφ’
891 4347 1091 4417 ἑαυτῆς
1123 4346 1343 4417 καθαρά
1371 4364 1430 4400 τε
1468 4346 1561 4399 καὶ⁹
1587 4346 1688 4415 τῆς
1729 4347 1852 4418 πρὸς

1977 4360 2163 4405 tuanet
2195 4350 2340 4404 enim
2365 4349 2452 4402 illa
2488 4350 2541 4403 in
2558 4361 2633 4419 _se
2662 4360 2798 4418 pura
2829 4356 2886 4402 et
2914 4344 3205 4411 naturalis,
3239 4358 3362 4399 cum
3395 4344 3568 4399 altero

280 4443 475 4510 ἕτερον
511 4441 815 4506 κοινωνίας,
839 4440 1191 4510 ἁσύμπλοκος
1219 4441 1467 4509 φυσικῶς
1485 4457 1500 4470 ⁸
1550 4442 1727 4511 διήκει
1754 4441 1812 4493 δὲ
1841 4445 1852 4494 ί

1978 4442 2333 4497 connexionis
2376 4456 2617 4511 expers;
2670 4447 2916 4510 permeat
2944 4448 3123 4494 tamen
3164 4438 3344 4492 omnia
3386 4438 3567 4491 admi-

288 4531 391 4602 μὲν
426 4531 515 4584 διὰ
553 4530 771 4584 πάντων
820 4530 1140 4601 παραδόξως
1172 4530 1268 4585 καὶ
1298 4532 1575 4602 ἀρρήτως.
1613 4532 1727 4585 Οὐκ
1762 4531 1852 4602 ἀρε

1980 4534 2150 4589 rando
2197 4532 2431 4603 quodam
2483 4543 2647 4601 atque
2700 4529 2957 4586 inell'abili
3003 4530 3184 4585 modo.
3236 4528 3351 4584 Non
3406 4530 3570 4600 igitur

282 4622 410 4683 ταῖς
438 4621 705 4691 σωμάτων
746 4619 1086 4684 ἀκολουθίαις
1117 4620 1489 4675 ὑποκείσεται.
1523 4621 1722 4691 Διόπερ
1750 4621 1852 4675 οῠδέ

1979 4638 2266 4692 corporum
2317 4621 2644 4677 connexiuni
2690 4621 2968 4689 subjectus
3020 4629 3129 4674 est.
3195 4618 3340 4690 Ergo
3392 4634 3572 4690 neque

286 4712 434 4766 κατὰ
466 4712 564 4783 τὴν
586 4712 695 4765 τῶν
730 4711 1000 4781 σωμάτων
1030 4711 1194 4781 φύσιν
1219 4712 1489 4781 γεννήσει.

966 4848 1171 4903 ΔΛΛΟ.

366 4959 431 5012 ΕΞ
478 4957 678 5022 ἁπλοῦς
716 4960 812 5013 καὶ
855 4958 1147 5021 ἁσύνθετός
1179 4958 1296 5010 ἔστι
1340 4959 1437 5011 καὶ
1479 4960 1678 5011 νοεῖται
1718 4956 1873 5025 Θεὸς,

291 5050 415 5113 πῶς
464 5050 753 5121 διαφόρους
810 5051 909 5104 καὶ⁸
958 5050 1208 5114 ποικίλας
1259 5050 1373 5120 ἔχει
1420 5049 1520 5113 τὰς
1574 5049 1874 5121 ἐνεργείαῖν

289 5139 468 5193 πολλὰ
511 5140 832 5210 ποιημάτων
862 5140 980 5210 εἴδη
1020 5140 1165 5194 κατὰ
1209 5142 1436 5210 καιροὺς
1478 5141 1876 5212 ἐργαςόμενοςς

294 5230 364 5282 Et
388 5229 445 5281 δὲ
477 5230 627 5282 οὐδὲν
656 5232 735 5293 εἰς
762 5231 826 5282 τὸ
852 5229 1056 5294 ἁπλοῦς
1082 5226 1222 5284 εἶναι
1247 5230 1575 5302 βλαϐήσεται
1607 5230 1881 5300 διαφόρως

292 5323 361 5373 ἰν
395 5322 609 5391 ἑκάστῳ
641 5322 751 5374 τῶν
783 5321 953 5375 ὄντων
985 5322 1243 5391 ἐνεργῶν,
1280 5324 1402 5375 ἐπεὶ
1443 5324 1517 5393 μὴ
1552 5322 1690 5374 κατὰ
1723 5320 1883 5391 σῶμά

292 5416 470 5478 ἐστιν,
501 5412 615 5465 ἂνω
644 5412 913 5482 σωμάτων
948 5415 1039 5466 καὶ
1072 5416 1130 5465 ἐν
1156 5412 1236 5484 τῷ
1264 5415 1458 5485 γεννᾷν
1484 5414 1745 5467 κείσεται.

563 5615 895 5685 Ἀντιθεσις
929 5619 1011 5686 ὡς
1047 5619 1116 5673 ἐκ
1154 5618 1273 5673 τῶν
1311 5622 1637 5691 Εὑνομίου.

365 5730 429 5783 El
484 5726 766 5799 βούλεσθε,
792 5729 949 5799 φησὶ,
980 5729 1071 5783 τὸν
1099 5730 1225 5784 Υίὸν
1273 5732 1340 5783 ὲκ
1384 5732 1483 5801 τῆς
1529 5730 1625 5783 τοῦ
1676 5732 1887 5801 Πατρὸς

1977 4715 2130 4783 juxta
2158 4728 2448 4784 corporum
2484 4721 2735 4768 naturam
2767 4711 3071 4781 generabit.

2662 4846 2894 4903 ALIUD.

2055 4963 2113 5017 Si
2142 4962 2371 5032 simplex
2388 4971 2443 5018 et
2470 4975 2578 5017 non
2598 4961 2933 5030 compositus
2950 4970 3040 5016 est
3058 4970 3224 5030 atque
3252 4958 3577 5031 intelligitur

1987 5054 2150 5118 Deus,
2175 5070 2284 5123 quo
2316 5064 2474 5123 pacto
2506 5053 2748 5107 diversas
2782 5052 3072 5123 variasque
3098 5052 3260 5108 habet
3300 5052 3576 5122 operatio-

1988 5162 2105 5211 nes,
2162 5146 2358 5200 multas
2379 5157 2758 5202 creaturarum
2790 5149 3003 5217 species
3032 5164 3129 5217 per
3152 5157 3397 5218 tempora
3440 5162 3576 5218 ope-

1990 5238 2161 5293 rans?
2190 5235 2247 5293 Si
2284 5253 2414 5293 vero
2450 5239 2664 5295 diversa
2707 5241 2824 5309 ejus
2852 5242 2903 5295 in
2930 5240 3157 5311 singulis
3187 5240 3438 5310 operatio
3468 5255 3575 5293 non

1990 5328 2217 5398 impedit
2243 5330 2536 5397 quominus
2582 5331 2811 5400 simplex
2844 5333 2935 5397 sit,
2973 5346 3098 5386 cum
3145 5349 3249 5386 non
3280 5332 3580 5386 secundant

1990 5433 2188 5487 Corpus
2243 5420 2498 5483 exsistat,
2547 5436 2839 5493 corporum
2899 5424 3065 5479 etiam
3112 5423 3485 5480 conditionem
3521 5423 3578 5477 in

1993 5511 2302 5577 generando
2340 5514 2641 5583 superabit.

2520 5628 2757 5698 Objectio
2789 5631 3057 5690 Eunomii.

2072 5738 2127 5793 Si
2179 5738 2380 5807 velitis,
2432 5742 2631 5811 inquit,
2684 5740 2879 5797 Filium
2930 5757 2995 5798 ex
3052 5742 3229 5798 Patris
3279 5743 3582 5798 substantia

287 5821 483 5887 οὐσίας
515 5821 929 5895 προεληλυθότα
945 5821 1144 5890 λέγειν,
1167 5823 1382 5895 ἀνάγκη
1411 5825 1676 5896 πρότερον
1701 5826 1852 5897 ὁμολι

1999 5833 2352 5902 processisse,
2382 5832 2659 5891 latendum
2683 5835 2906 5893 omnino
2931 5845 3013 5892 cst
3046 5851 3169 5891 cum
3204 5836 3356 5905 prius
3386 5838 3442 5890 in
3466 5835 3586 5905 ipso

627 5910 907 5977 Parant.
949 5915 1069 5977 Gs.
1103 5915 1199 5977 LX
1217 5916 1348 5978 XV.

3186 5925 3221 5987 3
