4012 6338
492 431 561 486 75
755 391 759 399 ’
1518 425 1574 479 s.
1618 418 1889 478 cmeu
1929 417 2058 474 ALE

2164 415 2392 473 NLRINI
2434 411 2749 470 ARCIllliP.
3660 404 3736 465 76

493 545 786 604 exstitisse.
812 544 885 599 ita
908 543 1049 598 enim
1073 556 1136 598 es
1166 555 1229 597 eo
1253 546 1581 611 processisse
1605 542 1889 597 videbitur.
1914 543 1984 596 At
2006 541 2051 595 si

2164 539 2274 610 γεῖν
2301 536 2727 607 προϋποκεῖσθαι
2746 528 2932 581 τοῦτον
2958 527 3014 579 ὲν
3041 524 3209 596 αὐτῷ.
3237 522 3392 577 Οῦτω
3416 523 3523 593 γάρ
3549 520 3614 592 δὴ
3639 526 3734 575 καὶ

497 638 687 692 Filium
722 622 901 698 Pater,
933 633 1243 702 nullumque
1285 619 1447 685 alium
1478 640 1600 699 post
1628 646 1749 686 enm
1775 633 2055 702 geniturus

2164 627 2217 692 ἑξ
2257 625 2418 681 αὐτοῦ
2453 622 2729 696 προελθὼν
2778 620 3036 689 φαίνοιτο.
3072 617 3181 670 Καὶ
3214 617 3262 669 εί
3295 615 3385 668 τὸν
3418 614 3544 667 Υἱδν
3573 613 3735 682 ἐγέν-

493 725 926 808 θειλυηίεοιιὶῑιιε
948 725 1090 778 enim
1114 726 1241 793 est),
1257 736 1475 776 necesse
1495 730 1576 775 est
1600 730 1656 774 ut
1674 722 1914 775 dicamus
1933 736 2054 775 eum

2164 736 2319 791 νησεν
2342 721 2370 771 6
2401 716 2612 787 Πατὴρ,
2646 715 2739 767 καὶ
2786 713 2971 782 ἕτερον
2996 709 3083 762 ἐπ’
3116 709 3265 779 αὐτῷ
3297 707 3487 760 ούδένα
3520 705 3738 769 τέξεται

493 817 785 885 generandi
817 824 1078 885 potestate
1111 815 1375 883 privatum
1414 828 1557 877 esse,
1604 816 1771 881 ‘alque
1802 826 1865 865 ex
1905 821 2057 880 parte

497 908 857 972 imminutum,
891 906 1071 977 genito
1106 905 1272 960 semel
1304 905 1465 969 Filio,
1500 919 1676 975 neque
1722 902 1951 973 amplius
2002 902 2055 957 in

495 1014 561 1054 eo
591 1007 647 1053 ut
677 998 828 1068 prius
853 997 1163 1052 exsistente.

1159 1191 1383 1247 Salutio.

565 1328 772 1384 Rursus
800 1342 862 1384 ea
902 1343 1021 1396 qua:
1047 1326 1363 1397 corporibus
1394 1327 1609 1396 propria
1656 1336 1784 1381 sunt
1818 1326 1908 1379 Dei
1966 1342 2059 1378 na-

500 1430 629 1473 tura:
651 1419 922 1473 ascribere
942 1433 1045 1471 non
1070 1416 1385 1471 erubescis?
1408 1415 1594 1483 Neque
1610 1417 1752 1470 enim
1785 1426 1842 1469 ut
1866 1430 2063 1484 corpus

499 1513 549 1564 in
575 1525 817 1578 corpore,
843 1510 914 1563 ita
945 1507 1137 1562 Filium
1162 1509 1214 1562 in
1240 1508 1401 1563 Patre
1427 1508 1693 1563 contineri
1721 1509 2060 1579 cogitandum

495 1609 596 1655 est.
627 1602 810 1668 Neque
862 1600 1313 1670 quemadmodum
1336 1613 1455 1669 quae
1496 1614 1559 1653 ex
1593 1599 1746 1654 nobis
1777 1600 2063 1667 gignuntur

498 1694 549 1745 in
580 1697 861 1758 parentum
890 1688 1339 1758 lumbisjacuisse
1359 1689 1668 1753 creduntur,
1690 1686 1760 1739 ita
1784 1686 1851 1741 de
1880 1686 2063 1740 divino

495 1779 764 1849 genimine
796 1779 1134 1834 sentiendum
1164 1788 1265 1833 est.
1312 1778 1369 1833 Si
1417 1779 1538 1847 quis
1565 1779 1707 1833 enim
1731 1792 1797 1834 eo
1829 1778 2062 1831 audaciae

2160 808 2476 881 (μονογενὴς
2495 804 2650 878 γὰρ),
2670 802 2987 877 ἀφῃρῆσθαι
3018 802 3112 855 καὶ
3135 798 3298 853 αὑτὸν
3319 799 3531 867 ἀνάγκη
3557 795 3740 863 λέγειν

2157 902 2258 970 τῆς
2285 897 2607 968 γεννητικῆς
2634 896 2935 965 δυνάμεως,
2961 891 3302 963 ἠλαττῶσθαι
3332 890 3389 943 δὲ
3420 890 3516 944 καὶ
3544 890 3609 942 ἐκ
3633 886 3738 958 μέ-

2161 1008 2307 1065 ρους,
2338 989 2689 1059 γεννηθέντος
2722 988 2868 1053 ἆπαξ
2914 985 3006 1040 τοῦ
3044 983 3175 1038 Υίοῦ
3214 984 3309 1038 καὶ
3357 984 3556 1054 μηκέτι
3584 982 3741 1044 ῦντος

2160 1084 2217 1136 δν
2246 1080 2394 1153 αύτῷ
2419 1079 2667 1150 καθάπερ
2703 1079 2797 1131 καὶ
2829 1078 3113 1150 πρότερον.

2640 1191 2796 1259 Πρὸς
2832 1190 3007 1245 τοῦτο
3044 1190 3243 1251 λύσις.

2230 1323 2398 1378 Πάλιν
2426 1323 2494 1376 τὰ
2526 1321 2792 1391 σωμάτων
2817 1321 2927 1375 ἴδια
2955 1324 3020 1393 τῇ
3058 1322 3152 1375 τοῦ
3180 1321 3313 1376 Θεοῦ
3344 1321 3502 1391 φύσει
3532 1338 3746 1394 mpm-

2163 1415 2398 1479 Oelcobx
2426 1414 2709 1485 ἐρυθριᾷς
2743 1414 2818 1466 Οὐ
2843 1415 2951 1483 γὰρ
2978 1414 3229 1483 καθάπερ
3258 1416 3418 1484 σῶμα
3446 1416 3503 1468 ὲν
3528 1414 3742 1485 σώματι

2162 1508 2253 1563 τὸν
2298 1508 2426 1561 Υῑὸν
2483 1509 2541 1560 ὲν
2595 1505 2768 1575 llava
2825 1506 3037 1561 κεῖσθαι
3089 1506 3296 1559 δίκαιον
3351 1508 3572 1562 ἐννοεῖν.
3602 1506 3741 1560 Οὐδὲ

2162 1598 2350 1669 ὥσπερ
2390 1598 2457 1650 τὰ
2508 1597 2566 1663 ἐξ
2610 1596 2767 1667 ήμῶν
2802 1595 3116 1666 γεννώμενα
3160 1601 3225 1667 τῇ
3272 1597 3382 1650 τῶν
3428 1597 3742 1665 γεννώντων

2162 1688 2323 1757 ὀσφύϊ
2352 1688 2697 1758 περιέχεσθαι
2726 1687 3003 1742 πιστεύειν
3032 1689 3325 1760 εὐπρεπὲς,
3353 1689 3495 1744 οὕτω
3524 1690 3618 1743 καὶ
3647 1688 3741 1743 tati

2163 1782 2256 1835 τοῦ
2282 1781 2426 1842 θείου
2449 1781 2785 1851 γεννήματος
2815 1780 3130 1850 φρονητέον.
3153 1782 3215 1834 Εἰ
3240 1782 3347 1851 γάρ
3370 1800 3452 1845 τις
3480 1782 3559 1845 είς
3583 1782 3742 1835 τοῦτο

495 1871 797 1940 proruperit
842 1881 900 1925 ut
948 1870 1014 1925 ad
1073 1884 1360 1938 corporum
1414 1869 1687 1925 miseriam
1739 1867 2058 1923 ineffabilem

2164 1873 2444 1945 προϐαίνει
2467 1872 2672 1943 τόλμης
2695 1872 2770 1935 ὡς
2797 1873 2875 1934 είς
2897 1872 2998 1945 τὴν
3025 1873 3135 1925 τῶν
3158 1873 3426 1944 σωμάτων
3451 1872 3742 1943 ἀθλιότητα

496 1958 589 2013 Dei
632 1960 919 2014 essentiam
968 1960 1271 2029 protrudat,
1300 1958 1430 2028 quid
1460 1958 1728 2013 obstiterit
1769 1958 2054 2024 quominus

494 2062 562 2102 ne
584 2061 868 2116 generasse
890 2047 1104 2115 quidem
1138 2046 1352 2101 Patrem
1390 2046 1719 2100 contendat?
1762 2045 1869 2117 45
1903 2045 2055 2111 Quod

496 2137 749 2189 nimirum
787 2151 980 2205 parere
1014 2136 1173 2190 matri
1200 2136 1382 2205 potius
1414 2150 1573 2204 quam
1597 2134 1715 2189 viro
1734 2135 2059 2189 conveniat?

491 2226 624 2279 Cum
658 2241 785 2281 vero
813 2226 954 2281 Deus
1001 2228 1353 2296 incorporeus
1391 2226 1484 2293 sit,
1525 2240 1695 2296 neque
1742 2223 2057 2281 differentiis

492 2332 612 2387 quae
638 2318 689 2371 in
721 2332 944 2386 corpora
978 2318 1177 2372 cadunt
1198 2316 1466 2372 obnoxius
1496 2315 1807 2386 (masculus
1836 2316 1977 2371 enim
2004 2323 2058 2370 et

494 2407 693 2461 femina
727 2417 933 2462 tantum
959 2408 1013 2463 in
1043 2407 1230 2463 formis
1254 2408 1530 2477 corporeis
1557 2405 1929 2480 quaeruntur),
1962 2410 2055 2463 sed

494 2498 753 2568 simplicis
778 2498 1213 2569 incorporeasque
1238 2510 1464 2565 naturae,
1481 2508 1536 2555 et
1564 2514 1715 2555 mens
1745 2498 2054 2568 purissima,

492 2604 610 2645 eam
639 2590 708 2646 ob
735 2605 975 2655 causam,
1013 2590 1225 2659 opinor,
1271 2590 1315 2646 si
1347 2590 1469 2659 quis
1512 2591 1912 2660 generationem
1942 2605 2059 2659 quae

496 2680 604 2734 Deo
635 2679 887 2734 convenit
917 2678 1244 2748 investigare
1269 2678 1418 2742 velit,
1442 2676 1824 2732 fecunditatem
1859 2692 1977 2747 quae
2005 2679 2056 2731 in

494 2780 671 2826 mente
693 2769 940 2825 consistit
964 2771 1309 2824 considerare
1337 2770 1513 2835 debet,
1548 2778 1711 2837 atque
1736 2768 1859 2822 hinc
1880 2768 2057 2837 potius

492 2861 653 2918 Verbi
704 2860 1099 2930 generationem
1146 2876 1486 2931 comparare,
1532 2875 1638 2915 non
1669 2869 1848 2915 autem
1880 2860 2058 2917 dicere

495 2955 661 3008 Deum
714 2953 889 3006 minus
928 2967 1050 3008 esse
1120 2950 1404 3005 fecundum
1446 2966 1610 3022 quam
1654 2952 1761 3007 sint
1808 2967 2054 3022 corpora.

493 3045 679 3113 Neque
693 3043 832 3097 enim
851 3051 909 3096 ut
927 3057 1124 3112 corpus
1142 3052 1382 3109 generat,
1402 3043 1667 3110 siquidem
1689 3052 1744 3098 et
1766 3044 2057 3099 humanam

494 3146 728 3189 mentem
780 3133 1000 3204 gignere
1027 3134 1256 3187 dicimus
1281 3133 1631 3202 cogitationes
1654 3133 1843 3189 bonas.
1877 3134 2058 3191 Bonus

2157 1964 2255 2034 τὴν
2289 1964 2526 2035 ᾶρῥητον
2554 1960 2651 2015 τοῦ
2677 1960 2812 2015 Θεοῦ
2836 1963 3167 2034 καταφέρειν
3194 1965 3406 2029 οὐσίαν,
3431 1964 3483 2018 τί
3507 1964 3740 2019 κωλύσει

2158 2055 2333 2123 λέγειν
2369 2054 2503 2126 μηδὲ
2529 2054 2663 2118 ὅλως
2695 2056 3082 2127 γεγεννηκέναι
3130 2055 3219 2109 τὸν
3269 2056 3527 2128 Πατέρα;
3586 2057 3741 2111 Ἐπεὶ

2158 2146 2219 2199 τὸ
2248 2146 2451 2200 τίκτειν
2486 2147 2656 2217 μητρὶ
2708 2147 2910 2217 μᾶλλον
2958 2147 2990 2219 ἦ
3039 2148 3195 2218 ἀνδρὶ
3246 2148 3738 2218 πρεπωδέστερονς

2172 2237 2386 2306 Ἐπειδὴ
2432 2236 2488 2290 δὲ
2534 2235 2656 2290 οὔτε
2696 2236 2857 2309 σῶμα
2906 2237 3060 2302 Θεὸς,
3090 2236 3214 2291 οὔτε
3265 2236 3371 2309 μὴν
3414 2237 3511 2307 τὴν
3543 2239 3601 2290 ὲν
3628 2240 3747 2302 τοῖς

2162 2326 2406 2397 σώμασιν
2442 2326 2553 2397 ἔχει
2579 2325 2838 2399 διαφορὰν
2867 2327 3053 2397 (ἄρσεν
3084 2326 3191 2397 γὰρ
3218 2328 3313 2381 καὶ
3344 2327 3477 2398 θῆλυ
3502 2327 3661 2399 μόνον
3683 2330 3741 2381 ἐν

2159 2420 2271 2481 τοῖς
2317 2417 2426 2472 τῶν
2476 2418 2742 2487 σωμάτων
2788 2404 3034 2488 ζητεῖται
3073 2418 3405 2489 σχήμασιν),
3444 2418 3649 2482 ἀπλοῦς
3684 2418 3741 2472 δὲ

2161 2509 2253 2562 καὶ
2288 2507 2594 2580 ἀσώματος,
2646 2509 2741 2563 καὶ
2786 2510 2918 2563 αὐτὸ
2961 2509 3025 2580 δὴ
3072 2509 3228 2563 τοῦτο
3284 2510 3408 2574 νοῦς
3447 2513 3475 2564 6
3527 2511 3742 2566 πάντων

2162 2597 2565 2669 καθαρώτατος,
2596 2599 2693 2653 διά
2733 2600 2937 2671 ταύτην
2988 2596 3142 2671 οἶμαι
3188 2601 3285 2673 τὴν
3334 2602 3513 2655 αἰτίαν
3544 2602 3742 2673 χρῆναι

2160 2691 2269 2745 δεῖν
2289 2692 2547 2756 τοὺςόσοι
2577 2693 2673 2762 τὴν
2707 2694 2793 2746 ἐπ’
2821 2693 2986 2747 αὑτοῦ
3016 2694 3271 2763 γέννησιν
3315 2693 3587 2773 εξετάζειν
3615 2694 3741 2764 βού-

2161 2782 2359 2850 λονται,
2384 2781 2484 2846 τὰς
2523 2784 2585 2837 ὲκ
2618 2782 2711 2837 νοῦ
2751 2784 3129 2856 καρποφορίας
3162 2784 3364 2851 ζητεῖν,
3394 2785 3489 2838 καὶ
3516 2786 3742 2850 ταύταις

2164 2874 2363 2947 μᾶλλον
2390 2873 2666 2944 ἐξομοιοῦν
2689 2875 3002 2945 ἐπείγεσθαι
3028 2875 3119 2929 τοῦ
3145 2876 3317 2943 Λόγου
3341 2876 3437 2945 τὴν
3463 2877 3739 2948 γέννησιν,

2162 2964 2257 3017 καὶ
2287 2962 2361 3033 μὴ
2388 2962 2565 3031 λέγειν
2611 2965 2877 3035 σωμάτων
2907 2962 3244 3035 ἀτονώτερον
3274 2958 3412 3017 εἶναι
3436 2964 3587 3031 Θεὸν,
3618 2966 3743 3019 ἐπεὶ

2165 3055 2239 3127 μὴ
2273 3056 2349 3119 ὡς
2382 3054 2540 3125 σῶμα
2578 3057 2760 3126 γεννᾷ.
2791 3056 2831 3109 Γ
2834 3058 2990 3126 εννᾷν
3028 3055 3127 3125 μὲν
3150 3054 3256 3127 γάρ
3282 3055 3377 3108 καὶ
3413 3055 3501 3110 τὸν
3527 3057 3735 3128 ἀνθρώ-

2162 3160 2313 3197 πινον
2360 3144 2484 3199 νοῦν
2532 3145 2751 3209 πάντως
2783 3146 2849 3199 ἂν
2890 3145 3326 3216 ὁμολογήσαιμεν
3359 3146 3744 3218 διαλογισμοὺς

493 3225 635 3279 enim
664 3224 765 3291 vir,
792 3223 966 3294 inquit
989 3222 1267 3290 Servator,
1308 3238 1340 3279 e
1378 3225 1539 3280 corde
1570 3226 1776 3294 profert
1811 3227 1948 3282 bona
1987 3227 2051 3281 “.

2164 3233 2416 3301 ἀγαθούς.
2474 3235 2606 3289 Ἀπὸ
2641 3235 2749 3307 γὰρ
2775 3236 2872 3307 τῆς
2898 3236 3126 3307 καρδίας
3153 3238 3179 3287 6
3208 3235 3409 3304 ἀγαθὸς
3432 3237 3741 3309 ἄνθρωπος,

498 3314 553 3369 Si
572 3330 697 3383 ergo
722 3314 943 3384 impium
963 3323 1045 3369 est
1069 3313 1247 3369 dicere
1264 3324 1496 3369 mentem
1515 3316 1806 3372 humanam
1829 3317 2058 3373 fructum

499 3406 698 3457 nullum
733 3403 993 3473 proferre,
1043 3418 1161 3457 cum
1214 3405 1265 3459 id
1319 3406 1576 3462 Dominus
1613 3408 1726 3476 ipse
1758 3415 1981 3464 testetur
2009 3420 2064 3465 et

500 3511 583 3549 res
635 3496 744 3565 ipsa
795 3496 1002 3564 probet,
1036 3512 1142 3566 quo
1193 3506 1350 3565 pacto
1404 3512 1510 3551 non
1561 3499 1851 3554 absurdum
1904 3500 2062 3555 fuerit

497 3585 674 3639 dicere
728 3601 1032 3654 supremam
1089 3587 1329 3641 omnium
1403 3597 1634 3644 mentem
1693 3589 2059 3658 iufrugiferam

496 3691 634 3740 esse,
671 3685 723 3731 et
745 3676 1074 3733 fecunditate
1106 3694 1226 3748 qnze
1252 3682 1302 3735 ei
1329 3683 1577 3735 convenit
1609 3682 1822 3750 privare
1849 3699 1867 3749 -,
1893 3695 1984 3737 aut
2016 3683 2060 3737 si

497 3772 695 3835 dicant,
731 3783 1013 3839 generare,
1054 3772 1324 3841 corporeis
1368 3772 1572 3842 legibus
1599 3773 1870 3843 subjicere
1903 3786 2062 3843 atque

499 3861 568 3912 ita
595 3859 814 3928 perinde
836 3874 897 3913 ac
920 3874 1114 3928 corpus
1134 3877 1417 3932 generare,
1439 3878 1561 3920 cum
1593 3880 1661 3919 ne
1680 3880 1831 3921 mens
1849 3866 2061 3935 quidem

498 3962 615 4014 quae
649 3952 701 4001 tn
745 3948 896 4003 nobis
927 3960 1010 4004 est
1055 3965 1313 4020 corporeo
1358 3954 1516 4010 modo
1551 3957 1809 4025 generet?
1847 3958 1913 4010 At
1940 3972 2063 4013 vero

498 4039 589 4107 qui
614 4039 862 4095 universa
888 4043 1220 4098 transcendit
1244 4043 1504 4115 longeque
1530 4056 1746 4115 superat
1769 4048 1928 4112 Deus,
1958 4062 2065 4116 quo

498 4139 653 4195 pacto
694 4145 799 4185 non
832 4142 1069 4187 mentem
1099 4134 1261 4189 etiam
1305 4136 1671 4204 generationis
1713 4138 1871 4193 modo
1913 4153 2067 4207 supe-

498 4217 656 4284 rabit,
702 4235 807 4273 non
841 4222 1131 4278 amissione
1172 4232 1259 4283 aut
1302 4226 1447 4280 ﬂuxu
1487 4227 1798 4298 cujusquam
1839 4230 1978 4298 quod
2013 4230 2060 4283 ei

497 4307 647 4375 prius
678 4309 869 4375 inerat,
901 4313 993 4367 sed
1022 4313 1376 4369 illustratione
1395 4316 1529 4371 citra
1556 4317 1717 4371 ullam
1744 4318 2061 4373 divisionem

496 4413 563 4450 cx
605 4400 783 4468 seipso
856 4402 1079 4471 gignens
1118 4403 1353 4469 Filium,
1410 4411 1699 4461 secundum
1745 4408 2062 4464 iucﬁ‘ahilem

497 4503 657 4559 atque
691 4493 1109 4550 inenarrabilem
1161 4498 1355 4553 divinae
1383 4500 1742 4569 generationis
1772 4501 2030 4555 modunn?

1171 4694 1396 4751 ALIUD.

566 4821 832 4892 Quidquid
862 4826 927 4879 ad
956 4827 1356 4882 similitudinem
1380 4830 1601 4885 alterius
1631 4835 1829 4888 factum
1863 4844 1967 4901 est,
1992 4839 2059 4889 ab

498 4912 797 4979 mqualitate
827 4916 983 4984 primi
1010 4922 1337 4991 exemplaris
1366 4925 1586 4991 recedit,
1622 4937 1676 4979 et
1706 4930 1968 4982 secundas
1990 4930 2056 4983 ah

500 4999 588 5053 illo
613 5012 796 5068 partes
822 5016 983 5062 tenet.
1004 5009 1190 5065 Creata
1226 5014 1404 5081 itaque
1430 5026 1619 5069 natura
1646 5032 1742 5085 per
1763 5020 2053 5085 potentiam

500 5092 592 5145 Dei
635 5091 821 5149 ellecla
856 5110 939 5152 est
969 5099 1220 5167 fecunda,
1262 5115 1317 5159 et
1362 5105 1537 5161 cﬂicta
1582 5124 1677 5177 per
1712 5110 1939 5179 gratiam
1991 5114 2053 5165 ad

499 5182 642 5272 illam
666 5201 783 5254 quae
803 5203 927 5246 vere
948 5207 1009 5247 ac
1028 5198 1239 5263 proprie
1261 5197 1487 5252 fecunda
1504 5210 1605 5255 est.
1628 5200 1851 5257 Deficiet
1878 5204 2056 5272 itaque

499 5269 715 5362 omnino
743 5274 810 5327 ab
840 5274 924 5345 illa
958 5279 1179 5336 veritate
1206 5300 1321 5351 qua:
1353 5286 1424 5339 illi
1454 5288 1591 5342 inest
1624 5290 1675 5343 in
1715 5294 1869 5347 modo
1897 5269 2060 5362 gene—

501 5359 650 5452 randi
670 5378 685 5452 ς
709 5370 761 5415 et
790 5368 1066 5432 generabit
1095 5372 1334 5441 quidem,
1371 5379 1462 5431 sed
1490 5394 1596 5432 non
1626 5380 1699 5433 ita
1738 5359 2059 5452 atque'illius

499 5449 566 5500 ad
599 5451 751 5520 cujus
782 5457 1183 5516 similitudinem
1213 5464 1443 5521 efﬁctum
1469 5479 1570 5523 est.
1601 5471 1752 5538 Quod
1778 5449 1826 5527 si
1861 5477 1931 5529 ita
1958 5487 2059 5542 est,

581 5760 622 5791 ⁶³
646 5766 834 5825 Matth.
874 5787 971 5839 xu,
1003 5776 1089 5830 55.

2164 3325 2306 3380 καθά
2351 3343 2515 3396 φησιν
2547 3328 2575 3379 ὁ
2598 3328 2811 3398 Σωτὴρ,
2843 3328 3108 3399 προφέρει
3138 3329 3204 3382 τὰ
3236 3330 3434 3397 ἀγαθά.
3473 3331 3535 3383 Εἰ
3562 3331 3745 3387 τοίνυν

2164 3415 2355 3478 ἀσεϐὲς
2377 3419 2550 3470 εἰπεῖν
2573 3418 2663 3471 τὸν
2692 3417 3031 3487 ἀνθρώπινον
3065 3418 3189 3472 νοῦν
3219 3420 3429 3492 καρπὸν
3448 3421 3547 3474 οὐκ
3572 3420 3740 3490 ἔχειν,

2165 3505 2257 3558 καὶ
2286 3504 2379 3559 τοῦ
2411 3507 2616 3577 Κυρίου
2654 3508 2954 3575 φάσκοντος
2991 3510 3083 3562 καὶ
3116 3508 3277 3562 αὐτοῦ
3308 3510 3362 3562 δὲ
3392 3509 3619 3580 βοῶντος
3644 3511 3741 3564 τοῦ

2165 3596 2509 3666 πράγματος,
2542 3598 2659 3659 πῶς
2705 3598 2804 3651 οὑκ
2840 3597 3040 3653 ἄτοπον
3074 3599 3164 3652 τὸν
3209 3600 3347 3671 ὑπὲρ
3389 3602 3567 3655 πάντα
3616 3601 3743 3656 νοῦν

2163 3685 2411 3755 ἄκαρπον
2437 3682 2575 3739 εἶναι
2604 3686 2806 3754 λέγειν,
2837 3689 2930 3740 καὶ
2956 3688 3056 3758 τῆς
3083 3690 3399 3761 πρεπούσης
3427 3692 3577 3762 αὐτῷ
3603 3710 3740 3765 καρ-

2165 3776 2428 3846 ποφορίας
2459 3779 2814 3847 άποστερεϊνς
2863 3777 2896 3848 ἢ
2924 3780 2972 3831 εί
3006 3778 3253 3847 λέγονται
3278 3786 3493 3853 γεννᾷν,
3522 3785 3742 3840 ὑποκεῖ-

2168 3867 2291 3920 σθαι
2323 3870 2443 3930 ταῖς
2477 3868 2583 3921 τῶν
2613 3868 2879 3939 σωμάτων
2906 3870 3171 3939 ἀνάγκαις
3204 3873 3627 3945 ὑπολαμϐάνειν,
3647 3879 3742 3932 καὶ

2165 3956 2333 4022 οὓτως
2379 3959 2538 4012 αὐτὸν
2570 3960 2645 4021 ὡς
2674 3959 2829 4030 σῶμα
2876 3963 3088 4034 γεννᾷν,
3114 3964 3235 4019 οὐδὲ
3261 3965 3352 4019 τοῦ
3382 3969 3438 4020 ὲν
3468 3970 3600 4039 ἡμῖν
3637 3971 3741 4024 ύπ·

2166 4048 2419 4119 άρχοντος
2465 4051 2556 4103 νοῦ
2599 4051 2737 4104 κατὰ
2774 4051 2864 4106 τὸν
2892 4052 3000 4107 τῶν
3036 4058 3300 4127 σωμάτων
3330 4061 3625 4128 γεννῶντος
3656 4065 3743 4118 νό-

2167 4157 2300 4210 μον;
2332 4140 2388 4195 '0
2408 4142 2466 4194 δὲ
2495 4143 2607 4196 ἀνω
2634 4143 2850 4200 πάντων
2876 4146 3231 4217 ἀναϐεϐηκὼς
3253 4152 3346 4205 καὶ
3373 4154 3549 4206 πάντα
3571 4156 3740 4228 ὑπερ-

2166 4231 2413 4302 κείμενος
2438 4233 2589 4298 Θεὸς,
2622 4236 2739 4299 πῶς
2780 4237 2842 4291 οὐ
2889 4240 3141 4309 γεννήσει
3172 4242 3265 4295 καὶ
3291 4242 3431 4314 ὑπὲρ
3463 4244 3608 4311 νοῦν,
3639 4247 3740 4302 οὐκ

2165 4321 2436 4392 ἀποϐολὴν
2464 4324 2497 4392 ἢ
2531 4324 2831 4396 ἀπόρροιαν
2866 4329 3337 4399 προῦποκειμένου
3355 4332 3499 4396 τινὸς
3530 4335 3740 4405 ὐπομὲ-

2164 4429 2289 4479 νων,
2323 4413 2438 4467 ἀλλ’
2470 4416 2755 4487 ἐκλάμψας
2798 4420 3110 4492 ἀμερίστως
3153 4422 3209 4488 ἐξ
3244 4423 3437 4477 ἑαυτοῦ
3469 4426 3559 4480 τὸν
3589 4427 3736 4494 Υίὸν,

2164 4503 2304 4555 κατὰ
2336 4502 2425 4556 τὸν
2454 4505 2689 4576 ἄρῤητόν
2721 4525 2780 4563 τε
2814 4510 2907 4563 καὶ
2940 4512 3216 4582 ἄφραστον
3251 4514 3346 4584 τῆς
3376 4514 3523 4580 θείας
3548 4506 3738 4591 γεννή-

2094 4572 2138 4626 θ
2170 4609 2304 4654 σεως
2331 4572 2564 4663 τρόπονξ

2847 4732 3048 4784 AAAO.

2232 4849 2346 4901 Πᾶν
2373 4851 2507 4920 ὅπερ
2550 4854 2615 4907 ἂν
2644 4856 2762 4908 καθ’
2788 4857 3044 4927 ὁμοίωσιν
3088 4860 3294 4927 γένοιτό
3328 4879 3490 4925 τινος,
3518 4864 3734 4917 ἀπολεί-

2164 4956 2323 4992 πεται
2357 4941 2571 5006 πάντως
2604 4946 2703 5014 τῆς
2727 4949 2861 5019 πρὸς
2888 4950 2947 5001 τὸ
2976 4953 3325 5022 πρωτότυπον
3352 4954 3611 5025 ἰσότητος,
3638 4957 3733 5010 καὶ

2162 5029 2260 5099 τῆς
2292 5034 2498 5084 ἐκείνου
2544 5034 2698 5106 δόξης
2732 5039 2848 5091 ἐστὶ
2886 5040 3392 5111 δεύτερον,’¹Λγεται
3437 5047 3614 5099 τοίνυν
3644 5048 3732 5100 διὰ

2162 5120 2441 5191 δυνάμεως
2490 5125 2620 5177 Θεοῦ
2674 5129 2809 5198 πρὸς
2856 5134 3503 5206 καρπογονίανήγενητὴ
3550 5137 3729 5205 φύσις,

2164 5212 2299 5279 πρὸς
2326 5215 2540 5284 ἐκείνην
2570 5222 2915 5291 μορφουμένη
2945 5224 3031 5276 διὰ
3058 5225 3273 5295 χάριτος
3308 5226 3405 5297 τὴν
3432 5228 3599 5291 ὅντως
3639 5230 3733 5281 καὶ

2162 5305 2377 5373 ἀληθῶς
2403 5312 2888 5385 καρπογόνον.¹Ἀρ’
2912 5310 3004 5367 οὖν
3035 5314 3485 5388 ἀπολειφθήσεται
3514 5319 3731 5382 πάντως

2164 5396 2381 5466 καὶτῆς
2428 5398 2606 5469 ἐκείνῃ
2662 5404 2968 5472 προσούσης
3008 5406 3272 5474 ἀληθείας
3325 5410 3452 5477 περὶ
3498 5408 3586 5461 τὸν
3634 5410 3731 5462 τοῦ

739 5489 1183 5569 ἷ.οι;;ιιιιιυυιιιΰιιι
1213 5489 1443 5521 curetum
1469 5489 1570 5523 εει.
1601 5489 1751 5538 uttoa
1778 5489 1821 5527 Sl
1861 5489 1931 5529 tta
1958 5489 2059 5542 est,
2152 5489 2354 5556 -γεννᾷν
2382 5490 2577 5558 τρόπον
2603 5507 2614 5518 ο
2665 5494 2757 5544 καὶ
2790 5498 3039 5565 γεννήσει
3083 5499 3197 5567 μὲν,
3226 5501 3319 5569 ούγ
3350 5500 3423 5564 ὡς
3454 5503 3627 5553 ἐκεῖνο
3652 5502 3728 5567 δὲ,

496 5544 775 5607 generabit
827 5548 981 5616 Deus,
1011 5569 1117 5608 non
1160 5567 1215 5611 ut
1254 5572 1498 5615 creatura
1535 5578 1651 5632 quae
1698 5581 1793 5635 per
1832 5570 2056 5635 gratiam

2164 5544 2346 5645 πρὸίό
2376 5544 2470 5631 καὶ
2517 5544 2890 5653 μεμόρφωται.
2922 5544 2984 5640 ἐξ
3014 5589 3067 5640 δὲ
3083 5544 3252 5642 Γτοῦτο

3095 5590 3252 5642 τοῦτο
3286 5591 3499 5661 ἀληθὲς,
3536 5594 3695 5662 γεννή
3707 5623 3727 5632 -
