4012 6338
168 454 228 509 77
861 435 870 453 ‘
1576 437 1949 495 russsunu
1962 437 2017 491 s.
3352 420 3419 472 τε

170 590 252 628 σει
281 571 378 641 μὲν
418 574 445 624 ὁ
493 571 653 634 Θεὸς,
685 571 784 639 οὐχ
811 569 883 630 ὡς
928 569 958 637 ἡ
1007 566 1181 627 κτίσις
1210 565 1267 618 ὁὶ
1301 562 1439 615 κατὰ
1467 560 1626 630 χάριν
1654 558 1746 610 καὶ

1890 568 1989 608 anc
2017 567 2138 607 cum
2162 566 2226 605 eo
2258 545 2668 604 similitudinem
2701 551 2781 598 est
2809 548 3117 598 consecma,
3152 535 3245 591 sed
3273 532 3427 600 longe

170 664 373 732 ταύτην
401 660 646 714 λαϐοῦσα
675 660 771 730 τήν
805 659 935 728 πρὸς
970 656 1129 709 αὑτὸν
1169 653 1444 724 ὁμοίωσιν,
1476 650 1587 706 ἀλλ’
1610 650 1745 717 ὑπὲρ

173 755 347 807 πάντα
382 754 446 805 τά
474 752 702 820 γενητὰ.

820 863 1019 915 AAAO.

451 973 768 1039 Ἐρώτησις
803 972 883 1037 ὡς
921 972 988 1023 ἐκ
1027 968 1132 1022 τοῦ
1171 952 1491 1036 Ε’ὺνομίου,

263 1086 319 1139 Ὀ
355 1087 541 1157 Πατὴρ
572 1085 861 1153 ἐγέννησεν
890 1083 948 1149 ἐξ
980 1080 1174 1135 ἑαυτοῦ
1206 1081 1295 1133 τὸν
1324 1064 1473 1143 Υίὸν,
1504 1076 1755 1147 καθάπερ

172 1178 337 1247 ὑμεῖς
389 1194 523 1245 φατε
571 1177 621 1228 οί
670 1176 762 1227 ὲπὶ
808 1174 974 1244 πολλῇ
1010 1174 1128 1226 λίαν
1177 1172 1427 1243 ὀρθότητι
1471 1170 1755 1237 δογμάτων

174 1266 710 1335 άποσεμνυνὸμενοι·
761 1264 875 1316 ἀλλ’
902 1264 1064 1334 ὁρᾶτε
1109 1261 1205 1314 καὶ
1240 1259 1413 1313 τοῦτο.
1451 1259 1666 1321 Τέλειος
1690 1253 1757 1327 ἦν

175 1363 203 1413 ό
232 1360 426 1429 Πατήρ
460 1358 565 1426 πρὸ
610 1356 708 1425 τῆς
755 1357 1059 1425 γεννήσεως
1101 1353 1195 1405 τοῦ
1230 1352 1381 1414 Υίοῦ,
1414 1349 1530 1403 ἀλλ’
1562 1351 1609 1402 εί
1638 1366 1757 1417 γεν-

174 1453 345 1521 νήσας
378 1452 457 1511 είς
488 1448 651 1501 δυάδα
686 1447 1031 1516 μεμέρισται,
1060 1443 1180 1507 πῶς
1200 1443 1279 1496 ἔτι
1301 1442 1361 1494 τὸ
1383 1442 1583 1495 τέλειον
1611 1440 1755 1505 ἔξεις

176 1544 225 1594 εί
257 1542 333 1611 μὴ
363 1542 470 1610 ἄρα
502 1540 692 1607 γέγονε
717 1538 847 1607 περὶ
874 1537 974 1606 τὴν
1003 1535 1193 1587 οὐσίαν
1224 1532 1387 1586 αὑτοῦ
1419 1530 1757 1601 πληθυσμὸς,

172 1630 343 1685 οἱονεὶ
377 1629 435 1680 τὸ
468 1626 701 1680 κενωθὲν
730 1624 1077 1694 ἀναπληρῶν.
1097 1622 1333 1691 Ἀνάγκη
1368 1621 1477 1691 γὰρ
1512 1623 1660 1673 πᾶσα
1698 1620 1760 1672 τὸ

175 1724 236 1786 ἐξ
267 1721 453 1783 ὲνάδος
482 1721 563 1782 είς
584 1718 753 1771 δυάδα
782 1718 1134 1787 τεμνόμενον,
1166 1716 1387 1768 ἔλαττον
1416 1712 1610 1766 ἑαυτοῦ
1637 1713 1761 1781 φαί-

173 1818 388 1877 νεσθαι,
423 1818 469 1867 εί
506 1816 579 1884 μή
618 1831 701 1877 τις
735 1810 875 1882 αὔξη
904 1808 1386 1881 παρεισδραμοῦσα
1413 1806 1675 1877 προσθείη
1700 1806 1760 1857 τὺ

1854 644 2234 699 excellentiorc
2260 655 2423 709 quam
2453 652 2642 692 numes
2669 644 2933 691 creatura:
2964 630 3142 686 modo.

2530 844 2760 899 ALIUD.

2108 959 2461 1028 Interrogatio
2501 974 2564 1011 ex
2594 956 2882 1024 objectione
2920 951 3182 1039 Eunomii.

1928 1076 2091 1129 Pater
2120 1073 2304 1144 genuit
2335 1070 2531 1125 Filium
2566 1085 2633 1123 ex
2671 1068 2871 1135 seipso,
2912 1073 2970 1117 ιιι
2996 1078 3088 1116 vus
3118 1062 3231 1133 56
3258 1059 3439 1114 dicitis

1859 1168 1949 1237 qui
1993 1167 2060 1219 de
2108 1180 2317 1220 Summa
2357 1164 2667 1233 dogmatum
2720 1159 3046 1213 rectitudine
3096 1153 3436 1225 gloriamini;

1860 1260 1953 1315 sed
1987 1259 2164 1312 videte
2195 1258 2359 1311 etiam
2392 1257 2512 1310 hoc.
2538 1254 2701 1307 Pater
2731 1262 2855 1306 ante
2883 1249 3283 1318 generationem
3320 1243 3442 1301 Filii

1860 1350 2134 1421 perlectus
2157 1357 2305 1414 erat;
2334 1350 2426 1401 sed
2454 1348 2497 1401 si
2531 1356 2811 1413 postquam
2844 1342 3029 1411 genuit
3057 1342 3108 1393 in
3133 1338 3443 1391 dualitatem

1861 1444 2065 1498 divisus
2092 1453 2195 1506 est,
2227 1456 2335 1510 qup
2370 1451 2526 1509 pacto
2556 1435 2795 1491 manebit
2840 1430 3147 1502 perfectus?
3189 1427 3291 1482 nisi
3336 1426 3446 1480 lor-

1866 1547 2009 1591 tasse
2058 1537 2109 1589 in
2164 1534 2281 1604 ejus
2330 1530 2634 1586 substantia
2687 1526 2955 1596 suppletio
3001 1521 3245 1591 quadam
3301 1518 3443 1571 facta

1863 1626 2050 1689 fuerit,
2084 1638 2202 1691 qua:
2230 1622 2628 1693 quodammodo
2662 1620 2710 1671 id
2733 1617 2879 1687 quod
2912 1616 3232 1670 exhaustum
3272 1610 3448 1664 fuerat

1862 1718 2147 1787 supplevit.
2194 1713 2571 1769 Necessarium
2614 1712 2760 1765 enim
2809 1723 3032 1778 prorsus
3069 1716 3155 1760 est
3207 1713 3266 1757 ut
3305 1704 3447 1771 quod

1864 1824 1928 1863 ex
1985 1808 2192 1861 unitate
2248 1808 2300 1861 in
2362 1806 2678 1860 dualitatem
2736 1812 2975 1862 secatur,
3034 1800 3212 1851 minus
3268 1795 3449 1862 seipso

173 1908 509 1970 ικὶελοιπός.
540 1907 602 1959 Εί
644 1906 700 1959 δὲ
739 1904 979 1958 τοιοῦτον
1009 1904 1163 1956 οὐδὲν
1193 1903 1319 1972 περὶ
1349 1901 1451 1970 τὴν
1483 1899 1635 1952 θείαν
1667 1898 1760 1951 οὐ·

1884 1898 2154 1961 rﬂiciatur,
2198 1900 2300 1952 nisi
2346 1898 2741 1953 incrementum
2775 1890 2992 1960 aliquod
3038 1888 3261 1942 accedat
3305 1886 3448 1954 quod

175 2002 301 2055 σίαν
334 1998 656 2070 συμβαίνειν
693 1996 937 2059 δύναται,
967 1994 1067 2048 οὐκ
1094 1993 1383 2063 ἐγέννησεν
1412 1992 1519 2061 ἄρα
1545 1990 1603 2055 ἒξ
1636 1992 1761 2043 ἐαυ-

172 2091 272 2144 τοῦ
301 2091 391 2143 τδν
424 2091 551 2143 Υίὸν
583 2092 611 2143 ό
640 2088 847 2157 Πατήρ,
881 2088 967 2139 ἵνα
995 2086 1068 2155 μὴ
1096 2086 1349 2155 φαίνηται
1384 2083 1757 2155 μεριζόμενοςο

176 2179 454 2247 ὖπέπησε
482 2178 542 2231 δὲ
566 2176 729 2231 αὐτὸν
757 2178 942 2247 ὅμοιον
967 2173 1143 2244 ἐαυτῷ
1172 2174 1313 2227 κατὰ
1337 2174 1532 2228 πάντα.

658 2483 813 2551 Πρὸς
852 2482 1029 2537 τοῦτο
1046 2484 1268 2568 νλύσις.

256 2599 411 2651 Ἐστι
447 2597 546 2667 μὲν
596 2598 688 2650 καὶ
722 2597 779 2663 ἐξ
813 2597 1016 2670 ἑτέρων
1063 2597 1192 2649 ίδεῐν
1224 2598 1306 2650 ὅτι
1341 2598 1538 2669 πολλὴν
1567 2599 1616 2651 οἱ
1650 2616 1768 2669 χρι-

182 2689 445 2758 στομάχοι
472 2682 689 2741 νοσοῦσι
716 2688 930 2759 φρενῶν
958 2688 1215 2760 ἐρημίαν,
1238 2689 1385 2743 οὐδὲν
1408 2690 1466 2743 δὲ
1490 2686 1652 2760 ἦττον
1674 2692 1768 2745 καὶ

176 2784 273 2837 διὰ
295 2782 519 2836 τούτων.
556 2781 871 2834 Πλανῶνται
918 2782 1029 2853 γάρ
1077 2781 1266 2846 ὅντως,
1305 2782 1378 2851 μὴ
1427 2782 1629 2847 εἰδότες
1672 2784 1770 2848 τὰς

178 2873 407 2942 Γραφάς
442 2870 578 2940 μηδὲ
610 2870 707 2940 τὴν
730 2869 961 2940 δύναμιν
992 2869 1086 2922 τοῦ
1118 2869 1272 2923 Θεοῦ.
1304 2869 1427 2933 Πῶς
1454 2870 1562 2939 γὰρ
1586 2873 1771 2941 ὅμοιον

179 2967 339 3019 ἔσται
372 2964 515 3019 κατὰ
544 2966 721 3017 πάντα
750 2963 829 3033 τῷ
866 2964 1109 3033 ἀκτίστῳ
1145 2963 1241 3016 καὶ
1270 2964 1355 3016 ἀεὶ
1383 2963 1497 3015 ὄντι
1530 2964 1649 3034 Θεῷ
1676 2968 1770 3018 καὶ

179 3058 384 3125 Πατρὶ,
416 3055 476 3108 τὸ
516 3052 577 3117 ἐξ
617 3054 717 3106 οὐκ
756 3052 926 3105 ὄντων
957 3054 1037 3115 είς
1068 3054 1362 3108 ὑπόστασιν
1409 3056 1661 3125 ὲνεχθέν;
1708 3058 1770 3109 Εἰ

179 3149 299 3219 γὰρ
326 3150 461 3211 ὅλως
490 3148 720 3217 ὑπέστη.
744 3147 845 3199 οὐκ
879 3141 945 3216 ἦν
982 3144 1223 3216 δηλονότι
1250 3146 1403 3219 ποτέ.
1436 3147 1559 3211 Πῶς
1587 3148 1644 3201 δὲ
1672 3150 1773 3203 οὐκ

1865 1990 2137 2045 defectum
2164 1984 2479 2056 compenset
2518 2002 2582 2041 ac
2618 1984 2885 2054 suppleat.
2926 1982 2981 2035 Si
3027 1993 3158 2035 vero
3194 1988 3449 2032 neutrum

1865 2082 2058 2135 horum
2103 2082 2154 2135 in
2199 2080 2381 2134 divina
2414 2089 2605 2133 natura
2647 2075 2898 2131 accidere
2934 2080 3133 2143 potest,
3172 2083 3301 2137 ergo
3342 2081 3449 2120 non

1865 2172 2050 2241 genuit
2077 2171 2237 2227 Pater
2262 2186 2326 2225 ex
2353 2172 2531 2239 seipso
2554 2168 2772 2231 Filium,
2802 2180 2869 2220 ne
2896 2164 3101 2218 divisus
3119 2176 3241 2216 esse
3270 2159 3453 2213 videa-

1866 2274 1995 2327 ωτς
2026 2279 2147 2320 eum
2184 2279 2314 2319 vero
2339 2263 2440 2318 sibi
2468 2260 2705 2317 similem
2736 2259 2791 2313 in
2831 2257 3086 2313 omnibus
3126 2253 3255 2310 fecit
3291 2260 3454 2321 atque

1864 2356 2164 2411 constituit.

2377 2489 2587 2545 Salutio
2618 2487 2947 2555 objectiom's.

1941 2600 2076 2655 Cum
2108 2614 2172 2654 ex
2198 2600 2317 2655 aliis
2344 2600 2528 2655 multis
2547 2609 2761 2655 constet
2785 2606 2986 2667 quanta
3036 2596 3232 2651 mentis
3274 2594 3455 2663 inopia

1872 2689 2121 2745 laborent
2173 2691 2357 2745 hostes
2420 2690 2548 2755 Dei,
2622 2698 2769 2749 tum,
2794 2687 3145 2742 nihilominus
3197 2700 3263 2741 ex
3315 2684 3456 2739 istis.

1872 2782 2072 2836 Errant
2125 2783 2269 2837 enim
2326 2796 2569 2850 prorsus,
2621 2794 2798 2848 neque
2835 2780 3071 2833 scientes
3122 2778 3459 2845 Scripturas,

1875 2888 2050 2942 neque
2088 2874 2341 2927 virtutem
2397 2872 2488 2924 Dei
2522 2871 2586 2923 ⁸⁸.
2627 2870 2907 2936 Quomodo
2934 2870 3079 2922 enim
3112 2866 3320 2937 aequale
3365 2882 3464 2937 per

1874 2965 2058 3019 omnia
2098 2964 2205 3017 Deo
2235 2978 2300 3018 ac
2341 2963 2487 3016 Patri
2532 2963 2775 3016 increato
2810 2974 3135 3032 semperque
3175 2960 3460 3013 essistenti

1878 3057 2041 3110 inerit
2072 3056 2121 3108 id
2154 3056 2295 3123 quod
2329 3070 2396 3108 ex
2439 3053 2609 3119 nihilo
2642 3052 2707 3105 ad
2748 3067 2871 3119 esse
2907 3054 3211 3107 traductum
3243 3052 3364 3105 est?
3404 3052 3462 3104 Si

1875 3152 2021 3205 enim
2064 3151 2241 3204 factus
2283 3161 2337 3205 et
2375 3152 2706 3206 constitutus
2741 3150 2861 3215 fuit,
2913 3150 3101 3219 procul
3148 3150 3315 3204 dubio
3367 3150 3464 3202 ali-

179 3239 532 3309 αίσχὺνονται
574 3238 876 3309 μερισμοὺς
906 3240 998 3290 καὶ
1030 3224 1315 3306 ἀποτομὰς
1347 3238 1475 3307 περὶ
1502 3239 1599 3309 τὴν
1626 3238 1774 3292 θείαν

1884 3241 2092 3309 quando
2134 3258 2237 3294 non
2271 3242 2393 3297 fuit.
2430 3242 2545 3308 Quo
2580 3251 2739 3310 pacto
2785 3251 2967 3295 autent
3013 3256 3117 3293 non
3160 3242 3325 3308 pudet
3372 3256 3466 3293 eos

187 3332 442 3401 γέννησιν
489 3329 855 3399 εἰσφέροντες,
900 3330 995 3380 καὶ
1025 3330 1137 3391 τοῖς
1166 3328 1269 3396 τῆς
1300 3329 1531 3399 γενητῆς
1562 3330 1775 3398 φύσεως

186 3424 375 3491 νόμους
405 3420 751 3495 ὕποτιθέντες
795 3420 893 3489 τὴν
934 3420 1172 3491 ἄρρητον
1197 3420 1421 3484 οὐσίαν;
1467 3421 1541 3472 Οὐ
1574 3420 1683 3491 γὰρ
1711 3421 1773 3492 δή

183 3530 297 3567 που
345 3516 459 3577 τοῖς
508 3512 727 3575 οἰκείοις
775 3513 1073 3583 ποιήμασιν
1121 3514 1235 3575 ίσος
1280 3512 1431 3565 ἔσται
1466 3512 1620 3577 Θεὸς,
1657 3515 1777 3567 οὐδὲ

187 3603 336 3659 οὕτω
372 3603 623 3673 γεννήσει
654 3601 906 3673 καθάπερ
938 3604 1142 3655 ὲκείναο
1166 3601 1282 3654 ἀλλ’
1323 3601 1513 3673 ὥσπερ
1539 3605 1597 3655 ὲν
1630 3604 1775 3657 άπα-

194 3716 285 3752 ειν
335 3695 593 3767 ὑπερέχει
642 3694 844 3756 usum,
900 3693 1075 3756 οὕτως
1125 3693 1380 3767 ὑπερέξει
1431 3694 1532 3746 κάν
1580 3693 1775 3764 τούτῳ.

190 3788 304 3841 Καὶ
336 3788 384 3840 εἰ
415 3764 592 3856 πάσης
636 3785 749 3839 ἄνω
774 3785 1009 3855 γενητῆς
1055 3785 1245 3847 οὐσίας
1276 3764 1424 3839 ἔστιν
1464 3789 1493 3839 ὁ
1522 3785 1655 3849 Θεὸς
1684 3786 1781 3840 καὶ

191 3878 407 3947 Πατὴρ,
444 3879 554 3931 ἄνω
603 3877 767 3931 πάλιν
796 3877 966 3945 αὐτῆς
1004 3876 1154 3928 ἔσται
1198 3878 1291 3929 καὶ
1330 3876 1471 3930 κατὰ
1499 3876 1587 3929 τὸν
1615 3878 1673 3930 ὲν
1704 3875 1781 3944 τῷ

190 3972 391 4039 γεννᾷν
433 3969 655 4040 τρόπον,
697 3969 951 4039 ἀρρήτως
994 3967 1152 4021 τοῦτο
1199 3967 1368 4021 ποιῶν
1415 3968 1509 4023 καὶ
1557 3967 1781 4039 θεοπρε-

190 4059 337 4124 πῶς.

884 4172 1087 4225 ΑΛΛΟ.

268 4287 590 4360 Μερισμοὺς
606 4286 698 4339 καὶ
716 4283 1044 4347 ἐλαττώσεις
1064 4284 1379 4354 ὑπομένειν,
1410 4285 1584 4357 αὔξην
1604 4302 1663 4339 τε
1690 4289 1783 4341 καὶ

194 4378 548 4448 πληθυσμδν,
565 4378 657 4429 καὶ
689 4377 790 4439 τὰς
824 4379 880 4428 ὲν
923 4375 1000 4445 τῷ
1032 4376 1238 4429 τίκτειν
1268 4376 1567 4448 ἀπορροίας
1600 4379 1784 4449 σωμά-

194 4488 327 4534 των,
362 4469 494 4521 ἴδιον
528 4466 623 4520 καὶ
654 4467 763 4518 τῶν
796 4467 895 4518 ὅσα
922 4465 1023 4534 τῆς
1044 4467 1278 4535 γενητῆς
1311 4467 1498 4529 οὐσίας
1526 4468 1691 4522 ἐστίν.
1721 4470 1784 4521 Ei

196 4562 378 4613 τοίνυν
407 4558 551 4611 οὕτω
574 4558 745 4610 τίκτει
786 4557 937 4619 Θεὸς,
967 4557 1157 4627 ὥσπερ
1187 4558 1280 4610 καὶ
1309 4559 1378 4613 τὰ
1412 4558 1656 4630 σώματα,
1690 4562 1784 4614 καὶ

199 4651 469 4721 κρατήσει
496 4648 658 4717 νόμος
689 4648 775 4699 ἐπ’
798 4647 963 4701 αὑτοῦ
992 4648 1233 4712 τοιοῦτος
1261 4650 1445 4713 ὁποῖος
1476 4653 1533 4703 ὲν
1556 4655 1668 4715 τοῖς
1688 4670 1787 4705 πε-

200 4741 544 4812 ποιημένοις,
574 4740 717 4792 οὕτω
761 4738 857 4792 καὶ
884 4740 1279 4811 δημιουργήσει
1316 4742 1567 4811 καθάπερ
1595 4744 1689 4795 καὶ
1717 4744 1787 4798 τά

202 4836 457 4907 σώματα,
489 4834 741 4903 ὀργάνοις
767 4832 965 4903 δηλαδὴ
1001 4834 1096 4886 καὶ
1129 4836 1282 4904 χερσὶ
1330 4836 1685 4907 κεχρημένος.
1723 4840 1788 4891 Ei

199 4930 257 4983 δὲ
283 4930 385 4998 τῆς
414 4925 731 4995 σωματικῆς
762 4924 857 4978 καὶ
885 4924 1119 4994 γενητῆς
1148 4926 1359 4992 φύσεως
1392 4921 1535 4980 οὕτω
1559 4930 1789 4999 δυναμέ-

205 5037 302 5091 νης
330 5019 690 5088 δημιουργεῖν
720 5016 815 5069 καὶ
838 5015 936 5085 οὐχ
962 5016 1182 5083 ἑτέρως,
1199 5016 1343 5087 λόγῳ
1370 5019 1436 5071 τὰ
1464 5019 1640 5073 πάντα
1661 5020 1791 5083 Θεὸς

204 5106 525 5183 ἐργάζεται,
572 5106 667 5159 καὶ
711 5106 769 5157 ὲν
802 5107 868 5175 τῇ
916 5102 1081 5158 αὑτοῦ
1121 5103 1371 5175 βουλήσει
1414 5108 1481 5160 τά
1522 5107 1648 5161 ὄντα
1693 5110 1792 5178 τὴν

208 5205 471 5259 σύστασιν
500 5200 634 5270 ἔχει,
652 5198 771 5262 πῶς
794 5198 855 5250 οὐ
884 5198 1088 5267 γελοῖον
1121 5201 1178 5251 ἐν
1206 5203 1319 5263 τοῖς
1350 5200 1795 5271 ἀξιολογωτέροις

210 5298 307 5351 καὶ
337 5294 549 5366 μείζοσι
583 5290 657 5362 μὴ
693 5290 805 5343 ἆνω
834 5290 1047 5344 κεῖσθαι
1075 5291 1283 5354 πάθους
1334 5291 1423 5344 τὸν
1468 5292 1620 5357 Θεὸν,
1658 5294 1791 5364 μηδὲ

210 5385 528 5454 ἐξάλλεσθαι
558 5383 628 5436 τὰ
655 5385 769 5445 τοῖς
796 5380 1039 5452 σώμασιν
1069 5384 1295 5436 εἰωθότα
1327 5384 1641 5455 συμϐαίνειν
1665 5388 1795 5457 περὶ

208 5479 269 5531 ἐδ
293 5478 488 5545 γεννᾷν
513 5516 528 5539 ν
560 5474 677 5526 ἀλλ’
716 5472 791 5535 ὼς
826 5472 885 5537 ἐξ
918 5474 1165 5545 ἀνάγκης
1197 5474 1368 5538 οὕτως
1404 5474 1541 5529 εἶναι
1573 5479 1701 5547 περὶ
1734 5479 1795 5530 τὸ

209 5568 427 5637 γεννᾷν,
446 5563 819 5633 καθάπερικαὶ
842 5565 909 5617 τά
935 5564 1360 5633 σώματα.“Ωσπε
1369 5584 1398 5634 ρ
1422 5562 1515 5619 οὖν
1535 5568 1795 5637 δημιουρ-

211 5660 301 5727 γεῖ
333 5657 427 5727 μὲν
482 5656 582 5725 οὐχ
609 5654 687 5715 ὡς
718 5652 1023 5722 ἄνθρωπος,
1064 5656 1183 5707 οὐδὲ
1228 5655 1302 5719 ὠς
1331 5656 1509 5725 σῶμα,
1534 5657 1676 5709 οὕτω
1704 5659 1797 5710 καὶ

215 5750 377 5820 γεννᾷ
396 5750 515 5811 ταῖς
535 5746 646 5799 τῶν
675 5745 946 5814 σωμάτων
967 5746 1273 5817 συνηθείαις
1291 5750 1385 5819 οὐχ
1415 5750 1792 5821 ὑποκείμενος.

286 5868 329 5902 ⁸⁸
366 5867 554 5923 Matth.
603 5877 744 5919 ςκιι.
784 5860 872 5916 ‘29.

1880 3332 2175 3385 divisiones
2227 3342 2284 3386 et
2334 3333 2604 3387 sectiones
2654 3334 2706 3386 in
2758 3333 2995 3387 divinam
3057 3333 3464 3401 generationem

1882 3421 2158 3488 inducere,
2183 3432 2237 3475 et
2264 3421 2589 3477 ineﬂ'abilem
2630 3422 2989 3477 substantiam
3032 3432 3228 3476 creata:
3260 3433 3467 3476 naturae

1880 3513 2090 3583 legibus
2136 3514 2451 3583 subjicere?
2499 3514 2684 3585 Neque
2734 3516 2879 3569 enim
2938 3515 3201 3568 creaturis
3256 3516 3351 3569 abs
3410 3530 3467 3570 se

1882 3603 2043 3659 factis
2062 3604 2291 3673 aequalis
2314 3614 2400 3659 est
2425 3604 2587 3670 Deus,
2609 3620 2783 3674 neque
2802 3606 2988 3658 eadem
3011 3604 3224 3658 ratione
3244 3614 3468 3674 generat

1882 3711 1988 3765 qua
2018 3696 2142 3761 illa;
2177 3699 2270 3750 sed
2308 3698 2451 3751 sicut
2482 3698 2533 3750 iu
2564 3696 2777 3750 caeteris
2803 3696 3057 3751 onmihus
3077 3696 3195 3750 illas
3222 3697 3466 3762 excellit,

1883 3788 1959 3841 ita
1989 3788 2149 3841 etiam
2185 3788 2237 3840 in
2264 3788 2389 3843 hoc.
2420 3785 2489 3840 Et
2518 3786 2562 3840 si
2590 3801 2804 3841 omnem
2835 3793 3071 3840 creatam
3105 3786 3468 3841 substantiam

1885 3878 2030 3931 Deus
2048 3892 2111 3931 ac
2143 3876 2308 3932 Pater
2342 3877 2499 3949 longe
2530 3887 2771 3946 superat,
2797 3877 2905 3932 erit
2933 3879 3097 3933 etiam
3122 3893 3184 3933 ea
3219 3879 3470 3949 superior

1885 3971 2182 4039 generandi
2218 3972 2399 4035 modo,
2450 3968 2798 4026 ineﬂ‘abiliter
2833 3972 3120 4042 divineque
3150 3973 3204 4029 id
3238 3973 3465 4031 faciens.

2557 4170 2786 4227 ALIUD.

1971 4282 2273 4337 Divisiones
2353 4290 2409 4337 et
2488 4281 2915 4351 imminutiones,
2993 4284 3351 4351 incrementa,
3418 4296 3475 4342 et

1886 4375 2257 4444 suppletiones
2308 4388 2371 4427 ac
2418 4371 2663 4428 delluxus
2713 4373 2766 4427 in
2820 4377 3130 4444 generando
3180 4390 3473 4442 corporum

1889 4468 2108 4541 propria
2160 4474 2306 4530 sunt,
2346 4475 2401 4519 ct
2430 4480 2618 4519 eorum
2669 4480 2791 4535 qua}
2821 4476 3060 4522 creatam
3110 4468 3471 4523 substantiam

1888 4558 2111 4613 habent.
2162 4557 2218 4611 Si
2268 4558 2433 4627 igitur
2479 4556 2624 4612 Deus
2688 4558 2761 4611 ita
2812 4558 2987 4629 gignit
3028 4558 3167 4613 sicut
3216 4574 3471 4629 corpora,

1892 4651 2191 4719 eademque
2225 4651 2341 4719 lege
2371 4660 2582 4705 tenetur
2604 4665 2710 4720 qua
2742 4662 3026 4715 creaturae,
3067 4652 3279 4707 creabit
3306 4653 3472 4706 etiam

1894 4742 2357 4811 quemadmodum
2390 4756 2641 4810 corpora,
2692 4741 3071 4797 instrumentis
3118 4743 3375 4801 nimirum
3420 4755 3476 4798 et

1895 4835 2150 4889 manibus
2191 4843 2370 4888 utens.
2423 4834 2478 4887 Si
2532 4848 2663 4887 vero
2712 4849 2835 4887 cum
2886 4848 3146 4903 corporea
3193 4844 3248 4889 et
3292 4845 3475 4890 creata

1896 4937 2092 4981 natura
2143 4926 2214 4980 ita
2243 4925 2457 4995 operari
2498 4926 2668 4994 possit
2714 4940 2889 4995 neque
2919 4925 3094 4988 aliter.
3143 4926 3285 4980 Dens
3312 4927 3477 4982 verbo

1896 5018 2079 5071 omnia
2125 5024 2401 5085 Operatur,
2448 5024 2504 5069 et
2545 5015 2600 5069 in
2637 5015 2755 5085 ejus
2794 5015 3071 5069 voluntate
3116 5018 3296 5070 omnia
3343 5032 3476 5072 con-

1900 5109 2118 5171 sistunt,
2153 5122 2259 5175 quo
2305 5115 2462 5175 pacto
2506 5120 2612 5159 non
2666 5106 2952 5160 ridiculum
3008 5105 3173 5162 fuerit
3214 5107 3267 5161 in
3318 5107 3480 5163 rebus

1902 5198 2243 5269 dignioribus
2286 5208 2340 5250 et
2376 5198 2630 5251 momenti
2686 5197 2856 5251 Deum
2904 5213 3007 5252 non
3040 5212 3161 5252 esse
3200 5209 3482 5268 expertem

1902 5290 2192 5357 passionis,
2226 5289 2331 5361 47
2352 5305 2527 5359 neque
2553 5304 2837 5357 corporum
2869 5290 2922 5344 in
2946 5290 3256 5360 generando
3290 5292 3479 5345 condi-

1902 5383 2101 5437 tionem
2135 5396 2393 5451 superare
2414 5423 2428 5447 ,
2453 5382 2547 5435 sed
2576 5380 2738 5435 veluti
2781 5383 3108 5437 necessitate
3147 5384 3377 5451 quadam
3408 5385 3477 5438 ita

1901 5488 2160 5543 generare
2218 5481 2276 5525 ut
2316 5472 2549 5540 corpus?
2590 5471 3055 5538 Quemadmodum
3113 5472 3276 5539 igitur
3332 5487 3480 5529 creat

1902 5581 2005 5619 non
2038 5575 2094 5616 ut
2132 5565 2311 5628 homo,
2350 5579 2524 5633 neque
2571 5574 2629 5619 ut
2672 5578 2893 5634 corpus,
2933 5566 3005 5618 ita
3056 5566 3217 5618 etiam
3260 5580 3485 5636 generat

1900 5673 2189 5730 corporum
2214 5656 2589 5715 consuetudini
2628 5670 2968 5728 nequaquam
3000 5658 3281 5715 astrictus.
