4012 6338
577 463 648 522 79
786 514 790 520 .
1551 465 1607 521 S.
1645 459 1911 520 CYBlLLl
1951 463 2417 520 ALEXANDRINI
2457 463 2779 524 ARClllEP.
3729 459 3803 518 80

913 576 1140 645 ALIUD,
1165 581 1245 634 ad'
1263 581 1334 634 rei
1367 581 1784 650 explicationem.

653 694 808 746 Pater
840 690 1030 745 Filium
1059 705 1122 745 ex
1153 690 1330 760 seipso
1354 691 1558 759 absque
1589 691 1856 745 divisione
1903 701 1996 744 aut
2042 692 2126 744 in-

577 780 798 838 tervallo
836 780 1104 848 produxit,
1145 780 1600 848 quemadmodum
1646 788 1698 834 et
1751 779 1832 834 sol
1879 780 2129 848 splendo-

579 889 691 928 rem
717 887 780 926 ex
829 886 889 927 se
935 871 1214 925 emissum.
1251 866 1514 936 Quamvis
1555 870 1808 939 splendor
1841 870 1974 926 solis
2018 886 2125 925 non

577 965 774 1019 habeat
823 961 1092 1032 propriam
1138 960 1491 1029 hypostasim,
1529 974 1702 1027 neque
1740 959 1977 1034 perfecte
2014 960 2130 1030 ipse

578 1055 631 1107 in
674 1054 852 1122 seipse
884 1055 1118 1106 essentia
1165 1051 1238 1104 sit
1273 1067 1287 1103 :
1339 1051 1498 1104 habet
1531 1050 1676 1104 enim
1719 1065 1877 1104 suum
1908 1064 2029 1104 esse
2074 1052 2125 1105 in

576 1143 718 1209 sole;
765 1143 1006 1197 divinum
1048 1155 1179 1195 vero
1223 1140 1469 1208 genimen
1517 1141 1618 1194 hoc
1669 1149 1874 1194 tantum
1918 1154 1980 1195 ex
2027 1141 2126 1194 hoc

575 1237 817 1306 exetnplo
837 1235 1001 1287 habet
1046 1232 1186 1300 quod
1229 1245 1296 1285 ex
1335 1216 1496 1284 Patre
1534 1229 1789 1299 procedat
1829 1231 1965 1284 citra
1994 1230 2128 1284 divi-

575 1328 781 1382 sionem
811 1325 972 1379 ullam
1012 1332 1066 1378 et
1091 1323 1296 1391 absque
1332 1323 1529 1391 spatio,
1559 1323 1938 1390 propriamque
1967 1322 2128 1376 habet

577 1415 908 1486 hypostasim
937 1428 1041 1466 non
1068 1420 1371 1480 separatam
1413 1426 1442 1464 a
1468 1410 1645 1474 Patre,
1678 1411 1773 1465 sed
1804 1413 1856 1465 in
1881 1410 2040 1466 Patre
2073 1421 2129 1465 et

575 1521 694 1559 cum
748 1504 907 1558 Patre
945 1501 1268 1557 intellectam
1313 1508 1474 1567 atque
1526 1500 1898 1554 exsistentem.
1941 1499 2129 1554 Dicere

575 1604 753 1650 autem
794 1594 1084 1649 sectionem
1139 1601 1192 1646 et
1233 1590 1557 1645 decisionem
1601 1589 1655 1645 in
1684 1591 1862 1645 divina
1914 1605 2129 1660 genera-

577 1686 722 1737 tione
748 1681 944 1736 factam
970 1682 1154 1744 fuisse,
1187 1681 1438 1734 immanis
1471 1678 1692 1733 insaniae
1725 1688 1808 1733 est
1837 1681 2130 1733 documen-

567 1783 710 1827 tum.
740 1772 869 1826 Cum
900 1771 1041 1825 enim
1065 1770 1316 1824 divinitas
1348 1769 1465 1823 loco
1495 1785 1600 1823 non
1624 1767 2122 1831 circumscribatur,

576 1877 644 1917 ne
675 1864 723 1917 id
746 1861 961 1931 quidem
991 1861 1132 1930 quod
1154 1875 1221 1916 ex
1247 1875 1312 1915 eo
1331 1860 1572 1929 procedit
1595 1860 1646 1913 in
1678 1859 1796 1914 loco
1832 1859 1954 1913 erit.
1974 1857 2124 1924 Quod

577 1969 704 2009 vero
726 1967 897 2022 nequc
921 1953 972 2006 in
1008 1953 1126 2006 loco
1152 1961 1257 2016 est,
1285 1965 1460 2020 neque
1491 1966 1610 2005 esse
1637 1959 1833 2020 potest,
1862 1949 2129 2019 quomodo
2162 1941 2204 2000 Β

576 2047 811 2115 separari
833 2044 1042 2114 potest?
1062 2044 1305 2110 Quonam
1333 2045 1474 2097 ettim
1500 2042 1596 2097 ibit
1617 2041 1761 2110 quod
1785 2050 1988 2095 sectum
2011 2038 2129 2092 est?

577 2145 668 2191 ant
692 2151 724 2190 e
758 2149 864 2204 quo
891 2135 942 2188 in
966 2149 1123 2204 quem
1157 2131 1551 2187 transferetur?
1579 2132 1694 2185 haec
1719 2128 1982 2198 siquidem
2010 2142 2132 2183 coro

577 2240 764 2296 porum
814 2233 938 2278 sunt
984 2223 1241 2292 propria,
1288 2222 1357 2276 ab
1409 2221 1905 2288 incorporea,vero
1938 2228 2127 2272 natura

576 2331 797 2388 prorsus
843 2314 1037 2368 aliena.
1081 2312 1157 2368 Ne
1206 2314 1369 2382 igitur
1403 2313 1566 2380 impie
1595 2314 1647 2366 in
1695 2311 1874 2366 divina
1903 2324 2133 2382 genera-

581 2408 724 2462 tione
773 2401 1054 2465 deﬂuxus,
1111 2403 1502 2470 separationes,
1571 2411 1733 2469 atque
1789 2402 1874 2456 his
1937 2401 2133 2456 similia

576 2493 1080 2550 comminiscantur.
1119 2488 1381 2559 Suprema
1433 2490 1574 2544 enim
1621 2489 1710 2544 illa
1748 2490 1988 2544 omnium
2033 2504 2131 2543 na-

580 2599 697 2641 tura
723 2584 854 2639 nulli
881 2582 1138 2652 passioni,
1172 2580 1493 2650 separationi
1529 2591 1622 2634 aut
1649 2580 1874 2636 section!
1924 2588 2009 2635 est
2035 2581 2133 2634 ob-

581 2676 762 2740 noxia,
820 2686 995 2742 neque
1043 2686 1327 2739 corporum
1381 2671 1736 2739 proprietates
1786 2671 1996 2740 recipit.
2026 2669 2132 2725 Sed

578 2764 1022 2834 quemadmodum
1076 2769 1224 2815 creat
1282 2760 1642 2824 mirabiliter,
1698 2759 1965 2829 longeque
2028 2759 2135 2812 alio

579 2868 737 2922 quam
790 2860 973 2904 nostra
1019 2849 1350 2905 consuetudo
1383 2849 1487 2903 fert
1518 2847 1697 2914 modo,
1753 2848 1826 2910 ita
1864 2848 2024 2903 etiam
2049 2860 2136 2915 ge-

581 2951 731 2998 nerat
756 2958 821 2997 cx
854 2955 915 2996 se
947 2939 1049 2994 alia
1081 2939 1290 2993 ratione
1316 2951 1477 3006 quam
1509 2951 1631 2992 nos.

583 3076 842 3144 Exempla
891 3074 1240 3142 particulatim
1285 3071 1610 3144 declargntia
1647 3086 1748 3137 quo
1773 3081 1924 3138 pacto
1963 3070 2009 3125 F
2013 3071 2136 3128 ilius

809 3139 940 3200 citra
971 3143 1350 3213 separatione»:
1388 3156 1415 3194 e
1446 3139 1605 3194 Patre
1626 3144 1898 3208 processit.

653 3280 844 3334 Sermo
872 3275 1261 3359 enuntiativus,
1293 3288 1401 3342 quo
1431 3274 1654 3339 utimur,
1689 3274 1742 3328 in
1781 3283 1960 3330 mente
1989 3284 2042 3329 et
2069 3289 2136 3330 ex
2162 3268 2204 3324 C

583 3381 763 3425 mente
788 3367 1046 3440 gignitur,
1078 3376 1239 3435 atque
1261 3364 1400 3420 alius
1423 3363 1639 3435 quidem
1679 3364 1892 3418 videtur
1916 3379 2039 3419 esse
2069 3366 2137 3418 ab

582 3475 647 3514 eo
682 3458 772 3528 qui
814 3459 866 3511 in
908 3457 1068 3512 corde
1101 3454 1359 3524 agitatur,
1389 3462 1657 3523 quatenus
1689 3464 1845 3509 extra
1878 3468 1941 3509 os
1970 3454 2136 3510 veluti

581 3566 612 3606 e
640 3549 878 3604 tenebris
910 3549 963 3602 in
992 3546 1166 3601 lucem
1195 3544 1502 3609 emittitur;
1532 3553 1618 3601 est
1646 3554 1826 3600 autem
1862 3560 2052 3601 rursus
2084 3546 2134 3599 in

581 3657 667 3706 eo,
692 3640 989 3708 similisque
1025 3639 1073 3693 ei
1125 3647 1208 3692 est
1247 3651 1343 3705 per
1374 3637 1576 3691 omnia.
1615 3636 1669 3690 ln
1711 3651 1959 3692 sermone
1991 3635 2137 3692 enim

580 3731 792 3786 videtur
831 3728 1087 3798 c0gitatio
1117 3726 1317 3789 cordis,
1341 3734 1395 3780 et
1433 3741 1618 3781 rursus
1655 3725 1706 3780 in
1736 3735 1916 3781 mente
1958 3740 2138 3780 sermo

581 3823 816 3878 nondum
867 3817 1133 3887 loquendo
1169 3831 1484 3885 expressus.
1512 3816 1587 3869 lta
1627 3816 1788 3871 etiam
1823 3815 1991 3871 Filius
2021 3815 2138 3878 Dei,

584 3916 786 3984 absque
827 3909 1173 3980 separatione
1215 3922 1246 3962 e
1288 3907 1449 3962 Patre
1497 3907 1813 3981 procedens,
1858 3905 1971 3978 5.8
2011 3906 2141 3962 cha-

585 4014 763 4060 racter
791 4013 874 4058 est
897 4011 948 4057 et
973 4013 1230 4070 expressa
1261 3999 1430 4068 ﬁgura
1458 3987 1805 4068 proprietatis
1825 4014 1935 4053 sua:
1961 4015 1975 4051 :
2007 3998 2142 4053 Ver-

582 4097 708 4152 bum
745 4093 888 4149 enim
937 4101 1019 4147 est
1059 4091 1395 4160 hypostatice
1438 4088 1705 4143 exsistens
1749 4097 1803 4143 et
1849 4087 2035 4142 vivens
2073 4103 2139 4142 ex

500 4241 524 4260 ε
581 4188 703 4241 vivo
733 4183 910 4239 Patre.

1185 4323 1194 4327 ‘
1251 4306 1473 4365 ALIUD.
1585 4356 1594 4362 ,
1657 4353 1662 4356 .

654 4426 729 4480 lta
761 4423 944 4495 genuit
965 4438 1031 4477 ex
1058 4435 1115 4476 se
1147 4420 1305 4475 Pater
1328 4421 1521 4474 Filium
1553 4423 1756 4489 absque
1781 4395 2142 4491 separatione,

2157 593 2204 641 Δ

2673 582 2876 641 ΔΛΛΟ,
2905 575 3355 649 διηγηματικῶς.

2312 696 2371 748 '0
2401 695 2587 766 Πατὴρ
2621 692 2916 762 ἐξέλαμψεν
2963 691 3023 755 ἐξ
3062 690 3255 744 ἑαυτοῦ
3288 690 3377 742 τὸν
3431 688 3559 741 Υίδν
3606 688 3789 759 ἀμερίο

2232 801 2370 848 στως
2410 802 2470 837 τε
2509 785 2602 837 καὶ
2629 782 2984 845 ἀδιαστάτως,
3025 779 3213 849 ὥσπερ
3251 773 3343 832 οὖν
3371 779 3463 831 καὶΙ
3499 780 3528 831 ὁ
3553 779 3701 849 ἦλιος
3738 777 3803 830 τὸ

2231 873 2290 940 ἐξ
2326 871 2492 925 αὑτοῦ
2535 871 2884 942 πεμπόμενον
2925 869 3287 939 ἀπαύγασμα.
3328 867 3464 920 Ἀλλ’
3497 868 3673 920 ἐκεῖνο
3704 868 3805 937 μὲν

2229 965 2329 1016 οὑκ
2373 962 2737 1016 ἰδιοσύστατον
2778 959 2899 1013 οὐδὲ
2925 960 3022 1029 τὴν
3054 960 3241 1012 οὐσίαν
3269 957 3480 1020 ἐντελὲς
3513 957 3645 1019 αὑτὸ
3675 955 3806 1010 καθ’

2231 1053 2394 1108 αὑτό·
2428 1053 2540 1122 ἔχει
2593 1052 2700 1123 γὰρ
2745 1053 2803 1104 ὲν
2844 1049 2920 1120 τῷ
2955 1050 3093 1119 ἡλίῳ
3131 1048 3192 1101 τὸ
3237 1044 3412 1101 εἶναι·
3450 1047 3510 1099 τὸ
3554 1046 3634 1099 δὲ’
3659 1047 3807 1099 θεῖον

2230 1144 2474 1214 γέννημα
2524 1142 2686 1214 μόνον’
2732 1141 2855 1212 ἔχον
2901 1141 2966 1193 ἐκ
3008 1139 3102 1192 τοῦ
3152 1139 3596 1209 παραδείγματος
3629 1137 3689 1189 τὸ
3736 1137 3809 1189 ὲκ

2232 1231 2439 1303 [ἰατρὸς
2469 1228 2747 1302 προελθεῖν
2791 1228 3104 1299 ἀμερίστως
3134 1228 3227 1280 καὶ
3272 1227 3630 1289 ἁδιαστάτως,
3668 1224 3810 1277 ἰδίαν

2229 1322 2340 1392 ἔχει
2375 1323 2473 1391 τὴν
2507 1319 2738 1393 ὕπαρξιν
2767 1320 2828 1372 οὑ
2861 1317 3274 1388 κεχωρισμένην
3299 1316 3395 1370 τοῦ
3424 1316 3655 1386 Πατρὸς,
3687 1307 3808 1369 ἀλλ’

2230 1416 2287 1466 ἐν
2319 1413 2493 1481 Πατρὶ
2522 1412 2617 1463 καὶ
2650 1409 2788 1479 μετὰ
2813 1408 3024 1480 Πατρδς
3067 1409 3363 1478 νοουμένην
3398 1408 3494 1460 καὶ
3531 1407 3808 1476 ὑπάρχου-

2233 1519 2351 1556 σαν.
2379 1501 2451 1554 Τὸ
2478 1501 2534 1554 δὲ
2571 1500 2748 1568 λέγειν
2791 1501 2873 1553 ὅτι
2904 1499 3046 1569 τομὴ
3098 1500 3192 1551 καὶ
3239 1499 3492 1569 ἁποκοπὴ
3537 1499 3664 1568 περὶ
3705 1496 3810 1567 τὴν

2230 1595 2480 1666 γέννησιν
2528 1594 2692 1647 αὐτοῦ
2732 1594 2975 1662 γέγονε,
3033 1593 3229 1663 μανίας
3285 1592 3523 1662 ἀμέτρου
3581 1592 3809 1661 σημεῖόν

2230 1688 2394 1740 ἐστιν.
2438 1684 2654 1753 Ἐπειδὴ
2706 1685 2815 1754 γὰρ
2863 1685 2964 1738 οὑκ
2995 1686 3053 1737 ὲν
3099 1684 3250 1753 τόπῳ
3307 1683 3693 1754 περιείληπται
3745 1681 3810 1734 τὸ

2232 1773 2395 1837 θεῖον,
2433 1775 2553 1829 οὐδὲ
2580 1777 2637 1828 ἑν
2667 1779 2818 1845 τόπῳ
2845 1774 3070 1846 τοιούτῳ
3099 1775 3158 1828 τὸ
3192 1773 3253 1839 ἐξ
3284 1774 3468 1827 αὑτοῦ.
3516 1774 3590 1826 Τὸ
3634 1772 3692 1826 δὲ
3727 1772 3808 1842 μὴ

2229 1863 2289 1917 ὃν
2319 1865 2378 1917 ἐν
2405 1865 2572 1934 τόπῳ,
2615 1866 2646 1934 ἢ
2680 1867 2773 1918 καὶ
2809 1865 2883 1936 μὴ
2928 1861 3065 1918 εἶναι
3110 1865 3426 1934 δυνάμενον,
3461 1863 3580 1926 πῶς
3624 1863 3806 1916 ἐπιδέ-

2231 1971 2381 2024 χεται
2426 1955 2721 2025 μερισμ6ν;
2767 1956 2866 2007 Ποῖ
2923 1955 3031 2024 γὰρ
3070 1957 3311 2026 χωρήσει
3339 1955 3400 2007 τὸ
3433 1954 3806 2024 τεμνόμενον;

2231 2048 2264 2116 ἢ
2292 2048 2356 2100 ὲκ
2382 2046 2524 2110 τίνος
2548 2048 2627 2108 είς
2654 2047 2706 2098 τί
2739 2049 3118 2117 μετοιχήσεται
3147 2065 3160 2112 ;
3190 2047 3364 2100 ταῦτα
3393 2046 3503 2116 γὰρ
3538 2046 3811 2116 σωμάτων

2235 2137 2334 2207 μὲν
2366 2137 2502 2202 ἴδια,
2533 2137 2635 2205 τῆς
2676 2137 2734 2189 δὲ
2762 2138 3053 2207 ἀσωμάτου
3091 2137 3304 2206 φύσεως
3347 2135 3626 2198 παντελῶς
3653 2136 3811 2190 ἀλλό-

2232 2244 2377 2297 τρια.
2411 2226 2503 2297 Μὴ
2534 2227 2711 2279 τοίνυν
2735 2225 3010 2289 δυσπδῶς
3039 2225 3471 2280 ἁναπλάττωσάν
3500 2243 3646 2288 τινες
3679 2226 3812 2295 περὶ

2231 2319 2331 2388 τὴν
2374 2317 2525 2371 θείαν
2569 2318 2820 2386 γέννησιν
2860 2318 2958 2380 τάς
2985 2336 3046 2371 τε
3096 2319 3440 2388 καλουμένας
3468 2314 3810 2390 ἀπορροίας,

2235 2407 2329 2461 καὶ
2364 2414 2684 2478 μερισμους,
2731 2409 2825 2461 καὶ
2852 2408 2952 2461 ὅσα
2979 2406 3125 2480 ’πρὸς
3164 2410 3337 2463 ταῦτα
3363 2410 3461 2480 τὴν
3489 2409 3813 2477 συγγένειαν

2235 2494 2366 2565 ἔχει.
2400 2498 2546 2549 "Avo:
2592 2499 2703 2566 γὰρ
2738 2496 2942 2560 πάθους
2972 2498 3071 2551 καὶ
3107 2497 3378 2569 μερισμοῦ
3409 2499 3504 2552 καὶ
3534 2499 3734 2569 τομῆς,
3775 2500 3811 2567 ή

2234 2585 2342 2638 τῶν
2372 2587 2588 2639 πάντων
2626 2587 2993 2656 ὑπερκειμένη
3024 2586 3206 2655 φύσις,
3234 2589 3330 2641 καὶ
3365 2590 3466 2641 οὑκ
3499 2587 3808 2652 ὲπιδέξεται

2234 2675 2304 2728 τὰ
2351 2677 2618 2746 σωμάτων
2649 2677 2774 2730 ῐδια.
2819 2678 2958 2731 Ἀλλ’
2987 2679 3178 2749 ὥσπερ
3217 2680 3542 2752 δημιουργεῖ
3569 2681 3810 2751 παραδό-

2236 2765 2374 2831 ξως,
2416 2767 2477 2818 οὕ
2509 2767 2649 2820 κατὰ
2691 2768 2781 2821 τὸν
2827 2771 2926 2839 τῆς
2969 2769 3277 2841 κρατούσης
3329 2771 3461 2842 παρ’
3505 2774 3640 2842 ἡμῖν
3683 2789 3814 2825 συν-

2233 2857 2419 2929 ηθείας
2452 2859 2632 2929 νόμον,
2663 2861 2804 2914 οὕτω
2835 2863 2927 2915 καὶ
2965 2863 3212 2932 γεννήσει
3240 2863 3301 2915 τὺ
3334 2862 3393 2929 ἐξ
3434 2863 3608 2933 αύτῆς
3646 2864 3816 2930 ξένως

2236 2947 2269 3019 ἢ
2295 2946 2415 3002 καθ’
2444 2948 2623 3020 ἡμῶν.

2252 3080 2683 3150 ’Υποδείγματα
2747 3083 3002 3150 μερικῶς
3071 3083 3446 3149 σημαίνοντα
3515 3083 3613 3145 τὸ,
3690 3081 3817 3149 πῶς

2379 3151 2712 3219 ἀμερίστως
2739 3151 2806 3204 ἐκ
2847 3152 3077 3218 Πατρός
3111 3151 3419 3220 προῆλθεν
3450 3155 3484 3206 ὀ
3516 3154 3668 3217 Υἱός.

2319 3283 2375 3335 Ὀ
2428 3282 2580 3350 λόγος
2617 3275 2770 3345 οὕτος
2817 3284 2845 3335 ὁ
2883 3282 3212 3353 προφορικὸς
3351 3282 3701 3355 κεχρήμεθα,
3735 3286 3819 3347 είς

2239 3373 2362 3427 νοῦν
2391 3374 2486 3427 καὶ
2517 3374 2582 3428 ὲκ
2613 3373 2703 3427 νοῦ
2745 3376 3022 3443 γεννᾶται,
3053 3376 3148 3429 καὶ
3187 3377 3334 3429 δοκεῖ
3367 3378 3468 3447 μὲν
3506 3378 3692 3449 ἕτερος
3738 3374 3820 3431 εῖ-

2241 3481 2328 3517 ναι
2357 3462 2507 3534 παρὰ
2536 3463 2627 3516 τδν
2655 3465 2714 3517 ἐν
2742 3463 2939 3535 καρδίᾳ
2977 3469 3362 3535 στρεφόμενον,
3398 3465 3535 3518 καθὸ
3566 3466 3671 3532 ἔξω
3700 3469 3821 3521 στό-

2242 3569 2411 3622 ματος
2463 3551 2702 3620 γίγνεται
2745 3553 3098 3623 πεμπόμενος
3139 3554 3328 3624 ὥσπερ
3378 3557 3442 3607 ὲκ
3497 3554 3693 3625 βάθους
3737 3559 3822 3619 εἰς

2239 3642 2372 3711 φῶς.
2406 3643 2560 3696 Ἔστι
2591 3643 2648 3696 δὲ
2685 3642 2847 3696 πάλιν
2867 3645 2935 3696 -ἐν
2963 3643 3132 3713 αὐτῷ,
3165 3645 3258 3697 καὶ
3286 3647 3469 3715 ὅμοιος
3499 3646 3648 3716 αὑτῷ
3676 3649 3820 3702 κατὰ

2239 3733 2434 3788 πάντα.
2461 3734 2616 3788 Ἔστι
2657 3734 2766 3806 γὰρ
2797 3735 2923 3788 ἰδεῖν
2966 3737 3024 3787 ὲν
3053 3735 3202 3806 αύτῷ
3237 3736 3380 3808 λόγῳ
3412 3738 3502 3791 τὸν
3532 3739 3590 3792 ἐν
3619 3741 3820 3810 καρδία

2240 3823 2505 3892 κληθέντα
2533 3825 2813 3896 λογισμὸν,
2840 3825 2933 3878 καὶ
2957 3826 3120 3880 πάλιν
3150 3828 3207 3881 ὲν
3237 3827 3314 3899 τῷ
3335 3827 3412 3898 νῷ
3437 3829 3527 3883 τὸν
3552 3830 3710 3898 λόγον
3735 3830 3817 3884 ῑτι

2243 3919 2612 3992 σιωπώμενον.
2655 3920 2812 3976 Οὕτω
2845 3924 2941 3977 καὶ·
2967 3925 2994 3976 ὁ
3028 3921 3157 3986 Υἱὸς
3190 3922 3281 3976 τοῦ
3314 3923 3473 3988 Θεοῦ,
3503 3925 3816 3996 ἀμερίστως

2240 4014 2306 4066 ἐκ
2327 4012 2540 4084 Πατρδς
2561 4000 2858 4083 προελθὼν,
2878 4015 3165 4084 χαρακτήρ
3185 4015 3300 4068 ἐστι
3326 4015 3421 4068 καὶ
3441 4015 3688 4086 ὁμοίωμα
3716 4017 3818 4088 τῆς

2244 4106 2500 4177 ἰδιότητος
2546 4107 2730 4170 αὑτοῦ,
2758 4105 2928 4173 Λόγος
2955 4105 3033 4158 ὢν
3079 4105 3446 4170 ἐνυπόστατος
3493 4107 3587 4160 καὶ
3617 4105 3724 4170 ζῶν
3754 4110 3819 4162 ἐκ

2241 4197 2437 4262 ζῶντος
2477 4199 2706 4268 Πατρός.

2793 4328 2822 4361 ε’
2860 4362 2866 4364 ν
2922 4327 3126 4384 ΑΛᾸΟ.

2313 4443 2499 4507 Οὕτως
2559 4443 2848 4515 ἐγέννησεν
2895 4443 2957 4509 ἐξ
3009 4443 3200 4497 ἑαυτοῦ
3252 4444 3344 4498 τὸν
3390 4445 3517 4498 Υἱὸν
3565 4447 3594 4497 δ
3628 4446 3817 4517 Πατὴρ

582 4531 647 4571 ac
678 4517 722 4570 si
752 4514 966 4581 sapiens
991 4511 1188 4579 aliquis
1229 4512 1414 4580 gignat
1446 4510 1664 4580 aliquod
1701 4513 1999 4576 inventum,
2028 4513 2137 4568 sive

2244 4510 2695 4604 ἀμερίστωςξὼς
2730 4510 2796 4586 ἂν
2827 4535 2878 4587 εί
2919 4533 3081 4601 σοφὸς
3114 4533 3372 4585 ἀποτέκοι
3417 4533 3596 4604 νόημα
3632 4510 3814 4604 σοφὸν,

586 4604 979 4664 mechanicum,
1016 4602 1128 4655 sive
1153 4602 1564 4670 geometricum,
1600 4601 1714 4657 sive
1747 4602 2008 4670 ejusmodi
2039 4604 2137 4657 ali-

2245 4601 2552 4691 μηχανικὴν
2597 4621 2779 4689 τυχὸν,
2825 4619 2860 4690 ἢ
2893 4620 3254 4690 γεωμετρίαν,
3301 4620 3336 4690 ἢ
3382 4601 3567 4692 ἕτερύν
3608 4640 3660 4676 τι
3708 4601 3817 4677 τῶν

583 4694 731 4764 quid.
756 4691 1016 4747 Videntur
1043 4690 1185 4743 enim
1217 4689 1618 4759 quodammodo
1641 4693 1920 4761 sapientia
1935 4694 2142 4750 fructus

583 4799 724 4848 esse,
752 4793 912 4851 atque
939 4781 1010 4834 ita
1043 4787 1238 4833 natura
1268 4794 1326 4834 se
1369 4781 1603 4848 habent;
1631 4784 1781 4851 atqui
1813 4798 1921 4838 non
1947 4793 2031 4838 est
2058 4798 2143 4839 se-

586 4884 770 4944 parata
803 4887 832 4924 a
877 4869 1139 4937 sapientia
1184 4882 1272 4923 ars
1303 4883 1419 4937 qua:
1465 4885 1530 4924 ex
1577 4886 1639 4925 ea
1672 4881 1755 4926 est
1793 4874 2141 4942 excogitata:

586 4963 681 5019 sed
711 4973 792 5019 cst
830 4977 895 5017 ex
943 4961 1056 5028 ipsa
1089 4971 1144 5014 et
1173 4960 1225 5012 in
1275 4961 1387 5028 ipsa
1413 4961 1690 5030 genitricis
1723 4978 1832 5018 sure
1857 4964 2142 5033 imaginem

587 5056 930 5123 exprimens,
981 5061 1036 5104 et
1071 5051 1204 5105 citra
1245 5053 1642 5120 separationem
1680 5055 1824 5110 aliud
1864 5057 2142 5127 quidpiam

591 5161 712 5201 esse
739 5145 966 5198 videtur.
992 5142 1070 5195 lta
1115 5152 1168 5195 et
1203 5145 1477 5212 generatio
1506 5144 1648 5210 Filii,
1677 5162 1797 5199 cum
1830 5148 1899 5201 sit
1936 5150 2142 5218 absque

587 5239 925 5305 separatione
971 5249 1036 5288 ex
1077 5233 1254 5298 Patre,
1306 5237 1356 5289 in
1405 5251 1499 5291 sua
1548 5238 1818 5308 hypostasi
1857 5249 2140 5303 servatur,

585 5333 746 5398 longe
773 5339 949 5381 tamen
992 5326 1148 5393 hujus
1179 5328 1407 5396 exempli
1465 5329 1577 5384 sive
1609 5330 1976 5386 similitudinis
2037 5332 2141 5385 vim

566 5416 866 5474 ‘exccdens.

1247 5531 1475 5589 ALIUD.

656 5645 755 5712 Qui
782 5645 1080 5699 divinorum
1109 5645 1414 5713 dogmatqu
1438 5646 1719 5701 veritatem
1743 5661 2014 5718 quaerunt,
2037 5667 2141 5704 non

588 5735 929 5791 inhumanas
981 5735 1213 5789 rationes
1251 5736 1447 5790 mentis
1469 5737 1656 5792 oculos
1693 5739 2009 5806 conjiciunt.
2041 5739 2143 5793 Nc—

587 5841 692 5897 que
749 5828 872 5897 quia
906 5826 1065 5884 Pater
1101 5827 1283 5897 genuit
1329 5826 1567 5889 Filium.
1630 5829 1973 5888 imminutum
2019 5848 2139 5888 eum

2242 4709 2519 4764 τοιούτων.
2550 4713 2706 4764 Δοκεῖ
2741 4712 2838 4782 μὲν
2871 4711 2981 4783 γάρ
3019 4729 3137 4775 πως
3182 4713 3374 4781 σοφίας
3426 4709 3563 4768 εἶναι
3610 4717 3818 4786 καρπὸς

2243 4801 2309 4855 τὰ
2356 4801 2605 4866 τοιαῦτα,
2638 4804 2733 4854 καὶ
2775 4800 2948 4866 οὕτως
2977 4801 3089 4873 ἔχει
3119 4802 3217 4873 τὴν
3250 4804 3443 4873 φύσιν·
3477 4805 3590 4858 ἀλλ’
3623 4807 3684 4859 οὐ
3718 4825 3816 4877 με·

2247 4893 2497 4963 μέρισται
2525 4895 2624 4962 τῆς
2656 4893 2847 4961 σοφίας
2885 4895 2917 4962 ἡ
2953 4892 3011 4959 ἐξ,
3039 4894 3208 4965 αὐτῆς
3253 4895 3602 4965 ὲπινοηθεῖσα
3623 4897 3814 4968 τέχνη·

2243 4982 2356 5035 ἀλλ’
2379 4982 2527 5035 ἔστιν
2560 4981 2619 5048 ἐξ
2654 4982 2824 5052 αὐτῆς
2863 4983 2956 5036 καὶ
2993 4983 3050 5037 ὲν
3085 4983 3221 5054 αὐτῇ
3252 4984 3351 5055 τὴν
3390 4986 3654 5040 τεκοῦσαν
3681 4988 3819 5052 ἔξεις

2243 5072 2552 5137 κονίζουσα,
2593 5072 2688 5125 καὶ
2725 5073 3034 5144 ἅμερίστως
3062 5075 3247 5146 ἒτερόν
3277 5093 3330 5130 τι
3371 5080 3500 5149 παρ’
3533 5080 3703 5150 αὑτὴν
3737 5075 3817 5133 εἴν

2244 5180 2331 5215 ναι
2356 5161 2608 5216 δοκοῦσα.
2633 5162 2816 5227 Οὕτως
2839 5167 2872 5234 ἡ
2897 5163 3027 5217 Υίοῦ
3053 5167 3324 5235 γέννησις,
3353 5169 3663 5240 ἀμερίστως
3686 5166 3820 5225 οὖσα

2245 5253 2308 5305 ὲκ
2353 5252 2585 5322 Πατρδς,
2616 5255 2670 5306 ὲν
2705 5253 2808 5324 ἰδίᾳ
2839 5255 3132 5309 ὑποστάσει
3178 5257 3429 5324 σώζεται,
3460 5262 3559 5329 τὴν
3591 5262 3684 5315 τοῦ
3717 5279 3821 5316 πα-

2250 5342 2604 5414 ραδείγματος
2633 5345 2999 5416 ὑπεραίρουσα
3030 5348 3276 5418 δύναμιν.

2317 5659 2379 5712 Οἱ
2409 5660 2508 5729 τὴν
2531 5662 2588 5712 ὲν
2617 5663 2726 5724 τοῖς
2753 5661 2915 5726 θείοις
2943 5665 3172 5735 δόγμασι
3200 5666 3487 5736 ζητοῦντες
3513 5668 3816 5737 ἀκρίϐειαν,

2245 5753 2305 5804 οι)
2329 5753 2454 5812 ,ταῖς
2486 5751 2848 5821 ἀνθρωπίναις
2877 5757 3270 5820 ἐνατενίζουσιν
3298 5757 3658 5820 ἀκολουοὶαις.
3685 5762 3817 5814 neas

2250 5843 2435 5912 ἐπειδὴ
2478 5844 2768 5914 γεγέννηκε
2823 5846 2913 5899 τὸν
2969 5847 3090 5899 Υἱὸν
3126 5851 3152 5900 ὀ
3201 5847 3422 5918 Πατὴρ,
3475 5848 3819 5917 ἠλαττῶεθναι
