4012 6338
177 454 230 512 a,
1559 415 2000 482 THESAURUS.
3357 385 3428 441 83

176 576 412 646 pﬁsouatv
456 568 642 633 αὐτὸν,
673 568 750 630 ὡς
783 565 862 629 εἰς
909 562 1076 617 δυάδα
1130 553 1543 646 μεμερισμένονΔ
1569 544 1741 646 (οὗτος
1773 548 1816 604 Α
1847 541 2094 646 censent,

295 663 400 724 τοῖς
437 657 828 729 χριστομάχοις
856 655 885 706 ὁ
914 651 1114 720 λόγος),
1143 647 1267 702 οὔτε
1438 637 1738 735 ἀπόρροιαν

176 772 279 807 τινα
319 749 601 820 γίγνεσθαι
655 747 786 818 περὶ
837 745 934 815 τὴν
997 742 1186 796 οὐσίαν
1249 734 1414 793 αὐτοῦ
1464 731 1734 804 νομιοῦσι.

176 843 338 898 Ταῦτα
369 843 478 912 γὰρ
508 841 594 908 ἐφ’
638 837 798 910 ἡμῶν
829 837 928 906 μὲν
962 831 1255 889 ἀκόλουθον
1287 829 1488 882 ἐννοεῖν
1514 842 1526 854 ·
1559 823 1652 877 ἐπὶ
1683 822 1740 875 δὲ

175 932 290 986 Θεοῦ
318 932 434 985 λίαν
448 911 681 992 γὰσεϐἐς.
709 925 972 980 Φευκτέον
997 919 1287 993 τοιγαροῦν
1311 918 1414 989 τὴν
1443 919 1502 969 ἐν
1529 911 1742 973 τούτοις

176 1024 403 1086 ἀτοπίαν,
435 1023 534 1076 καὶ
566 1019 784 1090 νοητέον
819 1018 960 1071 οὕτω
995 1010 1352 1083 γεγεννῆσθαι
1383 1008 1475 1061 τὸν
1507 1006 1636 1060 Υῐὸν
1680 1005 1742 1057 ἐκ

178 1116 255 1171 τοῦ
299 1115 542 1185 Πατρὸς,
577 1113 654 1178 ὡς
688 1110 878 1181 σοφίαν
921 1109 986 1162 ἐκ
1031 1107 1145 1171 νοῦ,
1187 1106 1222 1176 ἢ
1263 1103 1357 1157 καὶ
1409 1098 1502 1155 τοῦ
1552 1096 1743 1166 γεννή-

179 1224 346 1269 σαντος
368 1205 474 1270 ἔξω
503 1221 623 1267 πως
655 1201 907 1273 γενέσθαι
928 1197 1160 1253 δοκοῦσα
1192 1194 1333 1250 κατὰ
1353 1193 1453 1264 τὴν
1483 1191 1745 1260 ἐκφανσιν

179 1299 343 1367 αὐτῆς,
371 1296 538 1350 πάλιν
569 1295 715 1349 ἐστιν
740 1295 798 1348 ἐν
823 1292 993 1362 αὐτῷ,
1017 1291 1078 1344 οὐ
1112 1285 1530 1359 μεμερισμένως
1562 1279 1747 1353 προελ-

181 1389 345 1443 θοῦσα.
389 1387 533 1442 Οὔτε
577 1387 684 1458 μὴν
733 1382 1030 1456 ἀπόρροιαν
1067 1398 1190 1434 τινα
1259 1376 1508 1446 γενέσθαι
1565 1389 1744 1443 παρα-

182 1463 475 1533 σκευάσασᾶ
508 1478 642 1549 περὶ
665 1479 757 1530 τὸν
785 1474 910 1530 νοῦν
935 1474 1026 1528 τὸν
1068 1471 1522 1539 ἀπογεννήσαντα
1556 1463 1745 1534 αὐτὴν,

302 1572 358 1624 ἐν
388 1570 674 1641 ὁλοκλήρῳ
701 1567 1031 1622 καταστάσει
1069 1563 1388 1636 τηρήσασα,
1421 1559 1514 1613 καὶ
1545 1557 1665 1609 ὅλον
1692 1556 1749 1608 ἐν

182 1663 326 1733 ἑαυτῇ
355 1660 747 1732 ζωγραφοῦσα,
783 1659 876 1713 καὶ
903 1657 1156 1728 ὁρωμένη
1191 1654 1352 1710 πάλιν
1387 1653 1444 1705 ἐν
1468 1648 1637 1718 αὐτῷ.

853 1867 1057 1919 AAAO.

244 1978 487 2034 Τοιοῦτον
537 1978 690 2034 ἔσται
740 1977 800 2032 τὺ
852 1975 1167 2048 γεννητικὸν
1216 1973 1309 2028 τοῦ
1357 1971 1514 2036 Θεοῦ,
1567 1971 1750 2024 ὁποῖον

185 2070 241 2123 ἄν
287 2088 366 2134 τις
407 2070 672 2124 ὑπολάϐοι
735 2068 831 2122 καὶ
860 2069 920 2122 τὸ
968 2067 1377 2138 δημιουργικόν.
1405 2066 1616 2135 Ὀνπερ
1643 2061 1753 2132 γὰρ

185 2159 362 2228 τρόπον
382 2159 554 2213 πολλὰ
571 2159 667 2212 καὶ
685 2159 916 2230 διάφορα
937 2158 1304 2230 δημιουργῶν,
1327 2157 1426 2210 οὐκ
1448 2157 1528 2219 εἰς
1549 2155 1753 2208 ἐκαστα

185 2250 279 2302 τῶν
315 2250 618 2322 γινομένων
655 2248 936 2320 μερίζεται
995 2249 1137 2303 κατὰ
1174 2249 1274 2319 τὴν
1317 2247 1527 2311 οὐσίαν,
1575 2246 1752 2300 καίτοι

186 2340 434 2410 διαφόρως
485 2339 729 2409 ἐνεργῶν
764 2340 848 2407 ἐφ’
878 2339 1125 2409 ἑκάστῳ,
1173 2337 1311 2392 ἀλλὰ
1358 2336 1446 2390 διὰ
1498 2336 1626 2406 μιᾶς
1660 2331 1754 2386 καὶ

188 2430 404 2499 ὰρῤήτου
441 2428 730 2498 δυνάμεως
771 2428 840 2482 τὰ
874 2427 1049 2482 πάντα
1090 2427 1442 2498 δημιουργεῖ,
1475 2425 1617 2478 οὕτω
1659 2423 1755 2476 καὶ

188 2520 347 2590 γεννᾷ.
381 2521 440 2574 οῦ
477 2520 855 2591 μεριζόμενος,
885 2519 962 2582 ὡς
998 2518 1192 2572 ἐκεῖνοί
1225 2534 1379 2586 φασι.
1409 2517 1516 2570 Καὶ
1552 2515 1716 2568 πάλιν
1739 2533 1750 2545 ·

190 2608 381 2678 Ὥσπερ
416 2609 479 2661 τὸ
529 2607 753 2678 Πνεῦμα
795 2609 856 2661 τὸ
888 2608 1044 2674 ἅγιον
1074 2607 1134 2659 οὐ
1181 2604 1446 2677 μερισμὸν
1494 2603 1755 2673 ὑπομένει

193 2701 305 2770 περὶ
340 2701 435 2772 τὴν
471 2700 684 2765 οὐσίαν,
716 2700 1003 2770 διαφόρους
1051 2697 1334 2768 ἐκπέμπον
1373 2698 1499 2760 τοὺς
1543 2697 1603 2748 ἐν
1643 2698 1757 2758 τοῖς

192 2793 472 2862 χαρίσμασι
501 2793 743 2864 τρόπους
773 2792 867 2844 καὶ
900 2791 1036 2862 πρὸς
1066 2789 1126 2842 τὸ
1156 2788 1388 2842 ἑκάστου
1416 2789 1612 2858 μέτρον
1645 2789 1757 2849 τοῖς

193 2881 340 2947 ἀξίοις
369 2884 662 2954 χορηγοῦν,
696 2882 811 2936 ἀλλ’
833 2881 981 2935 ἔστιν
1014 2880 1072 2934 ἐν
1103 2881 1197 2934 καὶ
1234 2880 1295 2933 τὸ
1331 2879 1464 2932 αὐτὸ
1498 2877 1759 2940 ποικίλως

196 2977 275 3028 καὶ
314 2976 540 3040 ἀπαθῶς
571 2977 640 3029 ’ἐν
675 2978 838 3029 πᾶσιν
881 2972 1158 3044 ἐνεργοῦν,
1201 2971 1342 3025 οὕτω
1375 2971 1470 3024 καὶ
1503 2970 1604 3040 τὴν
1639 2986 1761 3037 γεν-

196 3067 398 3138 νητικὴν
423 3068 616 3121 οὐσίαν
643 3067 734 3121 τοῦ
765 3065 898 3121 Θεοῦ
928 3067 1028 3119 οὐκ
1065 3065 1128 3119 ἄν
1158 3081 1242 3127 τις
1270 3063 1378 3116 τῶν
1409 3058 1466 3116 εὖ
1503 3059 1761 3131 φρονοῦν·

194 3172 289 3212 των
310 3157 609 3212 ἀδικεῖσθαι
633 3159 854 3229 φήσειεν
876 3157 909 3227 ἥ
944 3155 1230 3226 μερισμὸν,
1256 3155 1288 3225 ἢ
1315 3152 1616 3225 ἀπόρῤοιάν
1643 3169 1763 3204 τινα

2126 527 2350 602 perinde
2387 539 2450 581 ae
2499 523 2543 579 si
2599 523 2652 576 in
2701 515 3019 575 dualitatem
3048 509 3264 566 divisus.
3285 515 3432 562 esset

1850 633 1944 703 (ita
1977 596 2142 686 enim-
2165 626 2350 680 hostes
2380 618 2470 673 Dei
2511 609 2856 686 opinantur),
2888 620 2990 662 nec
3015 602 3286 703 dedamur
3332 596 3430 700 ali-

1845 689 2006 792 quem
2057 719 2110 771 in
2154 714 2337 768 divina
2379 707 2616 764 essentia
2665 701 3060 771 imaginantur.
3109 691 3239 747 ιιωο
3285 689 3428 744 enim

1844 780 1990 868 sicut
2024 811 2090 863 de
2119 805 2275 862 nobis
2301 817 2426 857 vere
2474 798 2579 854 dici
2617 800 2882 866 possunt,
2912 789 2984 844 ita
3018 788 3083 842 de
3117 785 3226 839 Deo
3269 780 3434 849 impie

1846 903 2174 972 cogitantur.
2209 891 2536 950 Detestanda
2566 889 2729 958 igitur
2765 893 2850 940 est
2883 883 3000 937 haec
3022 873 3434 972 absurditasLet

1852 961 2199 1048 statuendum
2223 983 2380 1040 nobis
2406 988 2491 1037 est
2523 981 2598 1034 ita
2627 993 2691 1032 ex
2727 975 2893 1031 Patre
2919 968 3164 1043 genitum
3196 977 3316 1020 esse
3341 961 3434 1017 Fi-

1847 1087 2000 1150 lium,
2023 1089 2082 1136 ut
2107 1077 2428 1150 sapientiam
2449 1087 2514 1130 ex
2548 1077 2729 1129 mente
2760 1086 2774 1121 :
2799 1080 2920 1138 quae
2945 1071 3001 1119 et
3036 1054 3436 1150 quodammodo

1847 1145 2002 1233 extra
2033 1145 2333 1245 genitorem
2385 1179 2509 1222 esse
2557 1162 2795 1225 videtur,
2827 1155 3038 1213 ratione
3067 1145 3438 1222 expressionis

1850 1269 1967 1323 sive
1991 1257 2511 1335 repmsentatiorris,
2541 1262 2597 1310 et
2621 1264 2815 1308 rursus
2850 1248 2904 1302 in
2941 1246 3062 1317 ipso
3087 1251 3196 1306 est,
3222 1254 3329 1295 non
3355 1251 3438 1292 se-

1851 1327 2082 1424 paratim
2117 1361 2426 1424 progressa.
2458 1342 2648 1412 Neque
2673 1337 2920 1395 deﬂuxus
2960 1333 3160 1403 aliquis
3203 1337 3298 1424 aut
3345 1327 3440 1424 im:

1852 1420 2083 1504 minutio
2117 1420 2286 1499 menti
2327 1453 2449 1511 qua:
2487 1434 2635 1491 illam
2671 1430 2860 1503 genuit
2910 1428 3036 1484 inde
3081 1422 3300 1486 accidit,
3343 1420 3439 1476 sed

1854 1543 2064 1612 integra
2109 1534 2308 1592 mentis
2357 1528 2705 1588 conservatio
2751 1524 3037 1586 retinetur,
3082 1527 3139 1571 et
3174 1512 3438 1585 sapientia

1855 1607 2116 1702 integram
2152 1625 2298 1682 illam
2325 1624 2378 1678 in
2403 1636 2462 1678 se
2484 1619 2750 1691 depingit,
2773 1625 2828 1673 et
2850 1616 2902 1670 in
2930 1611 3022 1668 illa
3053 1607 3293 1665 vicissim
3321 1617 3439 1660 cer-

1855 1733 2020 1778 Illllll'.

2521 1821 2765 1907 suun.

1929 1943 2076 1999 Talis
2113 1950 2194 1997 est
2240 1937 2549 2010 generativa
2601 1934 2829 1990 facultas
2897 1931 3012 1994 Dei,
3056 1926 3270 1998 qualem
3320 1922 3443 1992 quis

1855 2038 2018 2093 etiam
2051 2032 2348 2091 creativam
2377 2044 2499 2086 esse
2533 2027 2814 2084 statuerit.
2848 2023 3050 2078 Eodem
3091 2020 3238 2075 enim
3282 2015 3443 2073 modo

1857 2139 2019 2200 atque
2051 2127 2214 2182 multa
2244 2140 2307 2179 ac
2332 2124 2542 2180 diversa
2569 2133 2783 2182 creans,
2805 2130 2912 2171 non
2948 2123 3125 2168 tamen
3147 2107 3442 2164 secundum

1857 2197 2151 2277 essentiam
2178 2232 2332 2274 suam
2363 2218 2416 2272 in
2447 2212 2656 2284 singula
2685 2219 2866 2267 creata
2898 2206 3183 2268 dividitur,
3224 2197 3441 2256 tametsi

1858 2311 2218 2368 diversimode
2274 2311 2328 2364 in
2381 2308 2462 2364 eis
2503 2312 2779 2376 operetur,
2820 2301 2914 2356 sed
2957 2313 3053 2370 per
3079 2309 3243 2351 unam
3281 2300 3446 2362 atque

1860 2405 2187 2462 ineffabilem
2235 2401 2535 2474 potentiam
2575 2405 2766 2454 cuncta
2815 2402 3001 2460 creat;
3045 2391 3118 2446 ita
3156 2387 3319 2444 etiam
3357 2399 3443 2453 ge-

1861 2505 2039 2563 nerat,
2107 2509 2214 2551 non
2279 2493 2506 2556 divisus,
2561 2498 2620 2545 ut
2667 2488 2745 2544 illi
2818 2486 3029 2542 volunt.
3082 2481 3151 2535 Et
3207 2491 3440 2534 rursus:

1861 2587 2328 2658 Quemadmodum
2354 2585 2592 2656 Spiritus
2627 2589 2851 2638 sanctus
2881 2577 3087 2632 nullam
3117 2574 3170 2628 in
3203 2569 3444 2627 essentia

1861 2682 2258 2754 separationem
2299 2679 2469 2746 subit,
2511 2674 2762 2746 quamvis
2807 2669 3040 2726 diversis
3077 2665 3253 2722 modis
3306 2665 3446 2718 dona

1863 2791 1960 2830 sua
2013 2775 2248 2836 emittat,
2288 2780 2342 2827 et
2393 2784 2489 2840 pro
2535 2764 2967 2833 uniuscujusque
3014 2757 3232 2815 modulo
3270 2754 3451 2824 dignis

1864 2868 2162 2939 largiatur,
2209 2866 2350 2921 idem
2400 2873 2579 2917 tamen
2629 2871 2735 2922 est,
2768 2859 3024 2926 idemque
3053 2853 3223 2909 variis
3270 2849 3448 2905 modis

1864 2963 2000 3015 citra
2042 2957 2206 3012 ullam
2242 2956 2555 3025 passionem
2597 2955 2650 3008 in
2693 2950 2806 3024 49
2837 2945 3093 3003 omnibus
3128 2949 3398 3014 ,operatur
3427 2953 3443 3004 ;

1867 3051 1947 3107 sic
1979 3051 2145 3105 etiam
2181 3062 2341 3104 nemo
2377 3053 2524 3101 recte
2563 3044 2805 3101 sentiens
2837 3041 3036 3096 dixerit
3077 3034 3450 3108 generativam

1871 3141 1962 3195 Dei
1988 3142 2281 3197 essentiam
2323 3141 2578 3194 damnum
2614 3137 2786 3190 ullum
2814 3132 3085 3202 accipere,
3113 3138 3201 3182 aut
3231 3141 3453 3196 separa-

197 3249 390 3317 παθείν,
417 3248 516 3303 ἕνα
545 3217 658 3303 καὶ.
686 3217 843 3319 μόνον
881 3217 1168 3317 έέέαυτῆς
1208 3217 1568 3317 ἐκλάμψασαν
1610 3243 1758 3296 Υἱόν.

1871 3234 2072 3288 tionem
2109 3233 2272 3286 ullam
2309 3231 2393 3286 vel
2418 3229 2670 3284 ellluxum
2705 3228 2839 3299 pati,
2887 3239 3012 3281 cum
3043 3236 3183 3277 unus
3212 3234 3274 3276 ac
3303 3217 3451 3275 solus

871 3446 1073 3498 ΑΛΛΟ.

468 3558 791 3625 Ἀντλθεσις
825 3557 903 3625 ὡς
928 3558 997 3611 ἐκ
1029 3556 1147 3611 τῶν
1179 3559 1502 3627 Εὐνομίαν.

261 3664 318 3720 El
367 3670 688 3738 γεγέννηκε,
737 3667 922 3738 φησὶν,
954 3667 1012 3735 ἐξ
1061 3668 1253 3721 ἑαυτοῦ
1286 3669 1379 3721 τὸν
1423 3669 1548 3722 Υἱὸν
1586 3671 1613 3723 ὁ
1656 3671 1768 3722 Πα-

203 3757 308 3829 τὴρ,
336 3761 426 3813 καὶ
463 3761 614 3812 ἐστιν
650 3759 837 3830 ἔτερος
865 3760 994 3831 παρ’
1020 3760 1181 3813 αὐτὸν
1215 3763 1272 3813 ἐν
1306 3760 1410 3832 ἰδίᾳ
1436 3778 1494 3814 τε
1523 3760 1597 3814 ῶν
1635 3763 1767 3814 ὑπο-

204 3852 391 3918 στάσει,
431 3855 526 3907 καὶ
565 3852 695 3906 Υἱοῦ
728 3853 916 3924 Πατὴρ
947 3853 1256 3923 νοούμενος,
1309 3854 1638 3925 μεμέρισται
1671 3855 1768 3924 δη-

204 3942 320 4012 λαδὴ
356 3944 447 3998 καὶ
489 3945 669 3998 πάντα
714 3946 781 3998 τὰ
823 3945 915 3998 τοῦ
961 3945 1201 4016 Πατρὸς,
1246 3946 1342 4000 καὶ
1385 3947 1484 4000 οὐκ
1523 3949 1578 4000 ἐν
1621 3946 1770 4017 αὐτῷ

207 4037 442 4104 μείναντα
492 4037 665 4107 μόνῳ,
704 4037 842 4090 ἀλλὰ
873 4038 965 4090 καὶ
994 4037 1072 4100 εἰς
1102 4037 1192 4091 τὺν
1229 4038 1381 4102 Υἰὸν,
1407 4038 1770 4110 διαϐεϐηκότα

205 4126 451 4192 φαίνεται.
484 4128 697 4182 Οὐκοῦν
730 4128 762 4201 ἢ
798 4129 978 4183 οὐκέτι
1023 4129 1234 4183 τελείαν
1263 4129 1375 4200 ἔχει
1422 4130 1518 4200 τὴν
1555 4130 1713 4197 δόξαν
1743 4133 1772 4183 ὁ

205 4217 395 4291 Πατὴρ,
434 4220 849 4292 μεμερισμένης
893 4221 986 4273 καὶ
1032 4221 1200 4292 αὐτῆς
1240 4222 1298 4273 ἐν
1331 4220 1409 4291 τῷ
1461 4220 1596 4291 Υἱῷ,
1646 4221 1679 4292 ἢ
1721 4223 1770 4274 εἰ

206 4310 397 4365 τελείαν
433 4312 546 4381 ἔχει
579 4311 674 4383 τὴν
700 4312 876 4376 δόξαν,
907 4311 1200 4382 ἀποστερεῖ
1230 4313 1322 4366 τὸν
1352 4311 1502 4378 Υἰὸν,
1530 4313 1592 4364 τὸ
1621 4311 1771 4365 δοθὲν

205 4401 378 4476 ὥσπερ
415 4407 495 4469 εἰς
545 4403 738 4457 ἑαυτὸν
781 4400 940 4466 αὖθις
989 4403 1392 4458 ἐττςινακλίνων⁸
1423 4403 1518 4456 καὶ
1560 4405 1593 4474 ἡ
1639 4402 1775 4474 πρό-

206 4507 345 4562 τερον
374 4497 431 4547 ὲν
463 4493 656 4565 μονάδι
689 4493 879 4564 θεότης
909 4493 1117 4547 τελείαν
1147 4492 1348 4564 ἔχουσα
1377 4493 1552 4557 δόξαν,
1588 4494 1685 4547 νῦν
1714 4494 1773 4545 ἐν

1870 3341 1933 3380 ex
1965 3339 2025 3380 ea
2057 3322 2309 3394 effulgent
2329 3321 2519 3377 Filius.

2525 3397 2771 3489 ALIUD.

2342 3547 2577 3616 Objectio
2609 3563 2673 3600 ea:
2704 3543 2989 3600 Eunomia.

1945 3665 2001 3720 Si
2035 3665 2216 3728 Pater,
2270 3663 2463 3733 inquit,
2500 3661 2679 3732 genuit
2718 3659 2912 3714 Filium
2947 3673 3013 3714 ex
3051 3656 3254 3726 seipso,
3289 3663 3342 3709 et
3371 3660 3456 3709 cst

1874 3757 2013 3811 alius
2036 3755 2102 3810 ab
2127 3755 2242 3824 ipso
2270 3754 2319 3807 in
2353 3753 2567 3823 propria
2599 3751 2870 3806 exsistens
2907 3746 3210 3820 hypostasi,
3238 3754 3294 3800 et
3327 3744 3451 3798 Filii

1875 3848 2034 3902 Pater
2085 3845 2410 3909 intellectus,
2464 3843 2632 3898 divisa
2689 3850 2832 3898 certe
2881 3847 3041 3896 erunt
3096 3838 3275 3892 omnia
3331 3849 3455 3902 quae

1873 3941 2054 3996 Patris
2079 3949 2224 4002 sunt,
2246 3954 2346 3993 nec
2368 3939 2420 3991 in
2443 3937 2560 4004 ipso
2581 3935 2696 3990 solo
2729 3931 3026 3996 manentia,
3055 3929 3149 3984 sed
3183 3930 3235 3984 in
3258 3926 3454 3982 Filium

1876 4049 2091 4103 quoque
2110 4032 2424 4086 transmissa
2446 4029 2788 4082 videbuntur.
2810 4026 3074 4090 Quocirca
3105 4031 3199 4075 aut
3217 4035 3322 4074 non
3343 4018 3455 4088 jam

1875 4125 2104 4195 amplius
2115 4122 2406 4193 perfectam
2423 4119 2644 4190 gloria-ui
2668 4120 2828 4172 habet
2848 4115 3028 4177 Pater,
3051 4129 3172 4167 cum
3190 4127 3310 4167 eam
3329 4124 3455 4166 cum

1873 4215 2012 4270 Filio
2044 4215 2274 4282 partitus
2315 4213 2414 4277 sit;
2445 4221 2538 4264 aut
2577 4209 2622 4265 si
2673 4207 2972 4278 perfectam
3007 4206 3169 4260 habet
3198 4203 3454 4274 gloriam,

1875 4307 2108 4380 privabit
2137 4305 2354 4370 Filium,
2380 4304 2634 4357 nimirum
2667 4301 2718 4355 id
2744 4299 2888 4370 quod
2931 4299 2979 4354 ei
3027 4298 3251 4353 dederat
3289 4297 3358 4351 ad
3398 4311 3460 4352 se

1876 4401 2173 4469 recipiens;
2210 4407 2263 4452 et
2289 4396 2464 4451 dcitas
2498 4409 2617 4464 quae
2644 4392 2796 4463 prius
2828 4392 2882 4445 iu
2920 4391 3129 4444 unitate
3161 4389 3456 4458 perfectam

1878 4492 2108 4546 habebat
2136 4489 2382 4560 gloriam,
2415 4503 2556 4542 nunc
2596 4488 2648 4541 in
2678 4487 2939 4541 dualitate
2969 4484 3298 4551 constituta,
3334 4498 3459 4552 per-

206 4581 338 4636 δυάδι
384 4583 689 4656 γενομένη,
737 4585 799 4638 τὸ
845 4584 1046 4638 τέλειον
1090 4585 1188 4637 οὐκ
1238 4584 1368 4655 ἔχει.
1406 4585 1574 4648 Μόλις
1624 4586 1680 4638 δέ
1714 4587 1761 4652 ἐξ

1881 4585 2165 4640 lectionem
2226 4597 2332 4636 non
2395 4578 2637 4636 habebit.
2694 4578 2866 4650 [Egre
2918 4589 3095 4633 autem
3158 4594 3221 4634 ex
3277 4578 3457 4646 seipsa

209 4676 388 4745 ἑαυτῆς
416 4675 727 4747 ἐρανίζεται
769 4675 944 4742 τοῦτο,
969 4677 1267 4747 κιχρῶντος
1304 4677 1502 4746 tpdrtov
1530 4678 1650 4732 τινὰ
1679 4677 1773 4730 τοῦ

211 4764 405 4834 [ἰατρὸς
443 4764 522 4834 τῷ
577 4764 691 4835 Tit};
720 4765 818 4836 τὴν
863 4765 1082 4829 ἑαυτοῦ,
1127 4767 1219 4818 καὶ
1252 4767 1412 4820 πάλιν
1453 4769 1776 4838 ἀντικιχρω-

214 4855 361 4920 μένου
392 4857 519 4926 παρ’
547 4857 716 4910 αὐτοῦ
746 4859 844 4927 τὴν
871 4857 1114 4911 δοθεῖσαν
1143 4858 1311 4928 αὐτῷ.

685 4994 839 5062 Πρὸς
880 4993 1055 5048 τοῦτο
1094 4996 1294 5062 λύσις.

275 5126 437 5182 Πάλιν
462 5129 534 5182 τὰ
561 5129 831 5199 σωμάτων
871 5128 976 5183 ἴδια
1002 5131 1068 5199 τῇ
1114 5129 1391 5200 ἀσωμάτῳ
1421 5130 1581 5200 φύσει
1635 5148 1782 5202 περι-

210 5216 433 5283 τιθέντες
456 5219 559 5271 obit
588 5217 954 5288 αἰσχύνονται,
1005 5219 1307 5288 μερισμοῦς
1347 5219 1442 5273 καὶ
1475 5222 1777 5291 ἀποτομὰς,

213 5308 506 5375 διαστάσεις
547 5327 609 5364 τε
639 5311 734 5364 καὶ
769 5312 1079 5381 χωρισμοὺς
1125 5311 1216 5363 ἐπὶ
1257 5311 1357 5381 τῆς
1400 5311 1553 5376 θείας
1599 5313 1782 5382 εἰσφέ-

218 5415 387 5468 ροντες
423 5402 611 5465 οὐσίας
654 5399 914 5471 ἀμαθῶς·
949 5399 1051 5453 οὐκ
1096 5400 1296 5463 εἰδότες
1329 5401 1413 5454 ὅτι
1465 5383 1782 5473 μερῖςεσθαι

218 5488 445 5558 λέγοντες
489 5495 733 5563 σχήματι
790 5490 1120 5560 σωματικῷ,
1167 5493 1247 5554 εἰς
1283 5491 1382 5560 τὴν
1428 5492 1522 5544 τοῦ
1571 5494 1782 5565 Πατρδς

219 5581 386 5636 οὐσίαν
415 5584 739 5637 δυσσεϐοῦσι
770 5583 1041 5652 μεγάλως,
1071 5581 1397 5651 ἠλλοιῶσθαι
1426 5583 1519 5636 καὶ
1551 5601 1784 5654 παρατε-

220 5674 440 5744 τράφθαι
467 5677 722 5746 λέγοντες
766 5675 947 5738 αὐτὸν,
979 5674 1076 5728 καὶ
1121 5675 1185 5725 ἐκ
1229 5672 1436 5726 τελείου
1481 5675 1784 5746 καταϐεϐη-

224 5764 359 5819 uti-mi.
392 5769 526 5839 πρὸς
554 5769 615 5821 τι
653 5768 860 5832 ἀτελές.
893 5769 955 5820 Ui
986 5767 1094 5836 γὰρ
1121 5765 1256 5828 ὅλως
1291 5764 1649 5836 ἐκϐεϐηκέναι
1690 5766 1782 5821 τοῦ

229 5855 416 5928 lia-.95;
463 5861 576 5932 riga
601 5860 788 5914 οὐσίαν
821 5860 1054 5929 οἰόμενοι
1101 5858 1189 5912 τὸν
1223 5857 1346 5912 Υξδν
1395 5856 1691 5921 summa;
1727 5877 1780 5912 τ;

1878 4692 1999 4733 eam
2033 4675 2286 4746 acquirit,
2322 4688 2443 4729 cum
2480 4673 2881 4742 quodammodo
2929 4670 3090 4727 Pater
3138 4685 3292 4725 suam
3327 4670 3462 4725 Filio

1879 4765 2220 4819 commodata
2267 4764 2386 4828 det;
2427 4762 2650 4832 ipseque
2696 4777 2885 4816 rursus
2916 4761 3060 4816 illam
3097 4759 3166 4815 ab
3207 4776 3272 4816 co
3307 4776 3459 4816 com-

1882 4855 2095 4908 modato
2128 4853 2379 4922 accipiat,
2408 4865 2569 4919 quam
2607 4851 2655 4905 ei
2688 4849 2928 4905 dederat.

2387 4984 2596 5040 So‘lulio
2632 4983 2959 5054 objectionis.

1953 5121 2164 5176 Rursus
2219 5119 2557 5188 impudenter
2595 5132 2656 5174 ea
2689 5135 2810 5189 quae
2866 5119 3189 5190 corporibus
3242 5121 3460 5189 propria

1883 5224 2031 5279 sunt,
2071 5215 2405 5282 incorporea:
2439 5219 2645 5265 naturze
2675 5212 2973 5279 ascribunt,
3005 5213 3388 5282 partitionibus
3411 5223 3466 5269 et

1886 5303 2333 5368 dissectiouihus,
2362 5301 2662 5356 intervallis
2687 5311 2741 5357 et
2763 5303 3201 5372 separatiouibus
3224 5302 3465 5358 divinam

1885 5397 2175 5453 essentiam
2201 5394 2449 5464 imperite
2472 5403 2798 5458 onerautes;
2824 5394 3129 5449 nescientes
3147 5393 3314 5464 quod,
3340 5396 3466 5450 dum

1887 5502 2149 5559 corporea
2184 5487 2352 5556 ﬁgura
2382 5487 2626 5556 separari
2662 5487 2868 5552 dicunt,
2898 5488 3245 5541 vehementer
3275 5484 3329 5541 in
3360 5485 3468 5542 Pa-

1889 5582 1986 5634 tris
2042 5579 2331 5635 essentiam
2384 5578 2682 5644 blasphemi
2742 5587 2888 5644 sunt,
2951 5581 3237 5634 alteratum
3291 5588 3470 5634 muta-

1892 5683 2112 5742 tunique
2145 5686 2266 5726 esse
2287 5670 2551 5735 dicentes,
2580 5679 2634 5723 et
2664 5685 2692 5722 a
2727 5669 2970 5738 perfecto
2996 5670 3059 5724 ad
3092 5671 3468 5739 imperfecuim

1889 5767 2188 5818 redactum.
2244 5762 2344 5828 Qui
2393 5761 2534 5815 enim
2581 5761 2633 5815 in
2669 5762 2983 5816 universum
3037 5777 3315 5830 egressum
3351 5777 3469 5817 esse

1891 5855 2082 5911 Filium
2117 5856 2406 5910 essentiam
2441 5851 2616 5919 Patris
2648 5853 2969 5908 existimant
3011 5851 3238 5907 sem-sim
3278 5868 3339 5907 ac
3377 5865 3465 5908 se-
