4012 6338
562 441 630 494 83
1542 441 1599 493 S.
1641 438 1915 495 CVRILLI
1956 437 2423 495 ALEXANDBINI
2463 442 2776 498 ARCHIEP.
3724 438 3799 494 86

553 554 808 624 paratim,
843 561 1001 623 atque
1050 553 1170 607 ideo
1202 552 1367 607 divisa
1418 568 1538 609 esse
1598 556 1779 609 omnia
1823 570 1942 625 qua:
1998 555 2113 624 ejus

2223 560 2309 611 καὶ
2351 560 2800 632 κεχωρισμένως.
2840 560 2931 613 καὶ
2970 559 3056 612 διὰ
3098 558 3255 613 τοῦτο
3288 558 3585 627 φάσκοντες
3628 572 3799 627 μεμε-

554 655 678 698 sunt
711 645 1061 706 contendunt,
1107 652 1161 697 et
1192 644 1257 697 ad
1309 644 1586 698 dimidium
1622 646 1805 713 gloriae
1833 645 2109 699 redactum

556 752 675 791 esse
704 737 889 791 dicunt
918 735 1057 805 quod
1084 735 1249 790 altera
1269 736 1527 790 medietas
1555 737 1607 789 in
1632 736 1824 791 Filium
1853 738 2111 792 translata

553 829 646 891 sit,
670 843 776 881 non
802 829 1107 895 intelligunt
1136 829 1189 881 in
1226 837 1478 896 quantam
1510 829 1896 884 absurditatem
1933 831 2112 898 prola-

553 920 767 972 hantur.
808 919 864 972 Si
914 920 1151 986 quidem,
1187 926 1243 970 ut
1282 918 1381 987 ipsi
1436 918 1643 984 volunt,
1693 935 1813 973 cum
1865 921 2012 988 prius
2058 921 2113 975 in

554 1008 757 1062 unitate
787 1009 1110 1063 constitutus
1156 1018 1322 1072 esset,
1364 1008 1522 1063 Pater
1550 1010 1763 1064 creandi
1802 1010 2111 1066 facultatem

554 1098 761 1153 habens
815 1100 867 1152 in
914 1114 971 1153 se
1016 1100 1133 1168 ipso
1172 1098 1421 1167 produxit
1450 1097 1677 1165 Filium,
1706 1109 1762 1154 et
1806 1116 1901 1169 per
1940 1103 2112 1167 ipsum

554 1200 745 1243 cuncta
803 1199 984 1256 creat,
1032 1204 1352 1260 omnemque
1401 1192 1617 1246 creandi
1670 1201 1992 1260 potestatem
2046 1206 2112 1246 ex

554 1281 787 1336 essentia
822 1296 915 1335 sua
948 1282 1179 1348 dimisit,
1210 1292 1265 1337 et
1303 1283 1445 1351 quod
1475 1292 1631 1336 antea
1669 1297 1772 1336 non
1802 1293 1939 1350 erat,
1974 1292 2116 1352 post-

556 1372 773 1425 modum
806 1372 979 1425 factus
1018 1381 1119 1437 est,
1148 1388 1342 1441 expers
1376 1372 1628 1426 nimirum
1660 1372 1908 1427 creativaa
1944 1373 2114 1426 virtu-

555 1462 624 1515 tis
658 1480 671 1515 :
709 1465 801 1517 sed
837 1462 938 1516 hoc
971 1463 1051 1517 vel
1096 1465 1360 1534 cogitare,
1404 1464 1486 1519 vel
1516 1466 1695 1520 dicere
1727 1474 1971 1518 extreme
2010 1466 2113 1518 im-

552 1553 698 1621 pium
740 1561 821 1607 est
851 1571 865 1607 :
901 1552 1007 1624 50
1042 1572 1060 1605 ι
1086 1553 1246 1609 Pater
1286 1556 1427 1610 enim
1482 1558 1778 1626 usquedum
1839 1568 2115 1627 operatur,

554 1653 609 1698 et
648 1659 747 1715 ego
775 1660 987 1715 operor,
1020 1667 1037 1698 ι
1079 1648 1251 1716 inquit
1287 1647 1533 1703 Christus
1558 1649 1623 1703 ".
1654 1649 2115 1715 Quemadmodum

556 1736 718 1805 igitur
748 1737 982 1790 creativa
1012 1738 1238 1793 facultas
1266 1736 1445 1793 Patris
1473 1755 1579 1795 non
1614 1750 1697 1795 est
1725 1741 1916 1808 divisa,
1946 1756 2117 1810 neque

555 1825 869 1894 imperfecta
898 1837 981 1881 est
1002 1827 1052 1880 in
1086 1826 1200 1895 ejus
1227 1830 1484 1892 essentia,
1513 1830 1741 1884 habente
1767 1832 1929 1885 etiam
1972 1832 2115 1885 illam

554 1915 791 1984 perfecte
816 1917 993 1971 Filio:
1025 1921 1096 1972 ita
1135 1919 1298 1971 etiam
1344 1918 1637 1987 perfectam
1674 1921 1830 1975 habet
1867 1920 2115 1990 gloriam,

555 2023 676 2061 cum
700 2008 968 2077 perfectus
1004 2012 1167 2064 etiam
1203 2011 1257 2064 in
1292 2011 1460 2079 gloria
1494 2012 1565 2067 sit
1592 2012 1784 2067 Filius.
1808 2012 1942 2066 Cum
1971 2014 2116 2067 enim

556 2096 745 2152 similis
776 2114 870 2165 per
898 2100 1075 2153 omnia
1121 2101 1191 2154 sit
1237 2100 1479 2156 Genitori
1522 2117 1648 2165 suo,
1680 2103 1800 2157 ideo
1828 2103 2117 2171 perfectam

557 2188 715 2241 etiam
748 2189 906 2243 habet
932 2189 1175 2258 gloriam,
1236 2191 1502 2260 siquidem
1532 2208 1594 2247 ex
1624 2192 1784 2247 Patre
1828 2193 2118 2262 perfectam

558 2277 781 2345 gloriam
808 2278 1036 2335 habente
1058 2282 1271 2351 genitus
1305 2292 1410 2337 est.

897 2429 1467 2523 ASSERTWO
1550 2436 1772 2523 VlL

557 2577 824 2650 Adversus
860 2578 1085 2650 ιρι-ηυξ
1131 2576 1422 2650 objiciunt:
1452 2578 1640 2634 Utrum
1691 2581 1852 2636 Pater
1904 2582 2118 2650 fortuito

671 2646 843 2715 genuit
874 2644 1096 2712 Filium,
1127 2644 1201 2700 (ιη’
1226 2649 1484 2702 voluntate
1513 2668 1607 2703 sua
1640 2644 2004 2719 pra'cedett'te.’

952 2758 1303 2829 Interrogatio
1339 2762 1723 2819 ltwreticorum.

626 2867 889 2931 Fortuito,
935 2869 1203 2939 inquiunt,
1255 2882 1309 2928 et
1360 2875 1750 2931 inconsiderate
1794 2881 1975 2947 genuit
2028 2890 2119 2933 aut

561 2959 686 3013 fecit
718 2958 911 3014 Filium
939 2960 1123 3029 Pater,
1155 2972 1245 3016 aut
1279 2965 1552 3021 voluntate
1586 2984 1681 3023 sua
1718 2969 2122 3027 intercedente?

561 3050 718 3117 Atqui
748 3051 791 3104 si
835 3051 1056 3106 fortuito
1082 3055 1287 3121 genuit,
1322 3071 1511 3124 passus
1559 3070 1641 3113 est
1684 3060 1884 3130 aliquid
1926 3072 2123 3129 prmter

558 3139 917 3207 voluntatem;
954 3142 999 3196 si
1028 3154 1203 3197 autem
1237 3144 1440 3212 volens,
1476 3156 1528 3201 et
1572 3164 1794 3204 necesse
1833 3151 1903 3204 sit
1940 3153 2119 3206 consi-

2217 653 2399 722 ρξσθαι
2430 654 2607 706 πάντα
2634 653 2702 705 τά
2732 651 2918 717 αὐτοῦ,
2967 654 3062 704 καὶ
3104 653 3183 714 εἰς
3210 652 3380 721 ἥμισυ
3430 650 3587 719 δόξης
3637 647 3801 701 αὑτὸν

2216 741 2389 794 ἐλθεῖν
2437 741 2523 795 διά
2561 741 2622 794 τὸ
2676 741 2961 812 βεϐηκέναι
3019 740 3082 792 τὸ
3125 739 3313 791 λεῖπον
3363 739 3442 801 είς
3496 738 3587 790 τὸν
3634 736 3796 796 Υίὸν,

2215 832 2499 901 ἀγνοοῦσιν
2546 832 2642 903 οἴῳ
2686 834 3106 903 περιπίπτουσιν
3140 832 3475 898 ἀτοπήματι.
3508 828 3648 898 "Aput.
3687 825 3801 896 γὰρ

2216 926 2533 998 ἐπειδήπερ,
2565 926 2640 989 ὡς
2674 925 2824 979 αὐτοί
2868 941 3050 993 φασιν,
3090 925 3149 976 ὲν
3197 922 3384 993 μονάδι
3430 921 3694 993 πρότερον
3721 917 3800 970 ὣν

2215 1018 2243 1070 6
2285 1017 2497 1088 Πατὴρ,
2546 1016 2641 1069 καὶ
2692 1014 2790 1085 τὴν
2826 1013 3223 1085 δημιουργικὴν
3273 1012 3503 1081 δύναμιν
3555 1010 3691 1079 ἔχων
3739 1010 3801 1060 ἐν

2217 1106 2413 1177 ἐαυτῷ,
2456 1105 2784 1179 προεϐάλετο
2816 1106 2906 1158 τὸν
2960 1104 3109 1168 Υίὸν,
3160 1104 3253 1157 καὶ
3296 1103 3366 1154 δι’
3407 1100 3571 1155 αὐτοῦ
3618 1099 3803 1151 πάντα

2214 1200 2557 1269 δημιουργεῖ,
2597 1198 2701 1264 ἔξω
2736 1199 2834 1268 τῆς
2871 1197 3057 1260 οὐσίας
3082 1198 3182 1267 τῆς
3219 1195 3415 1249 ἑαυτοῦ
3450 1195 3549 1264 τὴν
3584 1194 3675 1246 ἐπὶ
3718 1191 3802 1261 τῷ

2215 1287 2471 1342 δύνασθαι
2517 1288 2869 1358 δημιουργεῖν
2926 1286 3139 1356 ἔπεμψε
3188 1284 3458 1355 δύναμιν,
3500 1284 3596 1335 καὶ
3640 1282 3668 1334 6
3719 1281 3801 1351 μὴ

2216 1379 2479 1450 πρότερον
2509 1373 2597 1450 ἦν,
2634 1378 2791 1431 τοῦτο
2825 1378 3044 1446 γέγονεν
3085 1376 3331 1445 ὕστερον,
3362 1374 3567 1446 ἔρημός
3599 1389 3656 1425 τε
3699 1371 3801 1425 νῦν

2217 1469 2364 1523 ἐστιν
2416 1467 2597 1538 ἰσχύος
2632 1467 3062 1538 δημιουργικῆς·
3114 1464 3249 1519 ἀλλά
3299 1464 3458 1517 τοῦτο
3507 1462 3721 1532 φρονεῖν
3759 1462 3802 1530 ἢ

2217 1561 2396 1629 λέγειν
2420 1561 2657 1631 ἄμετρον
2684 1558 2795 1629 ἔχει
2824 1558 2923 1629 τὴν
2953 1556 3271 1612 δυσσέϐειαν
3291 1571 3304 1583 ³
3335 1573 3353 1605 ι
3399 1555 3458 1606 ’0
3476 1552 3666 1623 Πατὴρ
3688 1550 3803 1621 γὰρ

2217 1654 2319 1716 ἓως
2366 1653 2490 1723 άρτι
2547 1650 2871 1721 ἐργάζεται,
2924 1648 3079 1716 κάγὼ
3131 1646 3464 1719 ἐργάζομαι,
3502 1663 3520 1695 ι
3560 1644 3723 1712 φησιν
3770 1643 3804 1693 6

2219 1741 2470 1811 Χριστός.
2498 1739 2707 1809 Ὠσπερ
2750 1733 2842 1791 οὖν
2880 1738 2941 1790 οὐ
2979 1736 3305 1806 μεμέρισται
3340 1733 3434 1787 τοῦ
3483 1730 3694 1801 Πατρὸς
3736 1730 3803 1783 τὸ

2219 1828 2752 1900 δημιουργικὸν,οὒὸὲ
2774 1827 2968 1898 ἀτελής
2994 1829 3109 1879 ὲστι
3140 1825 3234 1880 νῦν
3256 1825 3313 1877 ἐν
3340 1827 3408 1893 τῇ
3432 1824 3588 1892 οὐσίᾳ
3608 1819 3802 1884 αὑτοῦ,

2223 1923 2432 1993 ἔχοντος
2454 1920 2671 1984 τελείως
2697 1919 2855 1972 τοῦτο
2877 1917 2971 1971 καὶ
2996 1916 3089 1968 τοῦ
3121 1914 3273 1980 Υἰοῦ,
3299 1914 3441 1968 οὕτω
3465 1914 3559 1966 καὶ
3587 1911 3802 1965 τελείαν

2222 2016 2335 2085 ἔχει
2368 2016 2464 2086 τὴν
2490 2012 2668 2079 δόξαν,
2694 2010 2905 2081 ἔχοντος
2931 2008 3092 2062 πάλιν
3112 2008 3206 2061 τοῦ
3232 2006 3364 2060 Υἱοῦ
3390 2007 3482 2059 καὶ
3506 2007 3563 2058 ὲν
3584 2004 3711 2076 δόξῃ
3737 2002 3803 2055 τδ

2223 2108 2453 2161 τέλειον.
2478 2104 2702 2173 Ὃμοιος
2733 2102 2841 2170 γὰρ
2870 2099 2944 2154 ὢν
2978 2100 3119 2153 κατὰ
3142 2099 3318 2152 πάντα
3339 2097 3415 2168 τῷ
3449 2096 3803 2166 γεννήσαντι,

2221 2198 2310 2252 διὰ
2342 2197 2498 2249 τοῦτο
2534 2194 2739 2247 τελείαν
2782 2192 2892 2261 ἔχει
2933 2193 3032 2261 τὴν
3068 2190 3244 2256 δόξαν,
3278 2188 3576 2258 ἐπειδήπερ
3617 2187 3681 2240 ὲκ
3714 2202 3803 2240 τεο

2221 2290 2369 2343 λείαν
2398 2289 2611 2359 ἔχοντος
2636 2284 2793 2350 δόξαν
2821 2282 3084 2353 ἐγεννήθη
3113 2283 3374 2351 Πατρός..

2724 2425 3088 2512 ΛΟΓΟΣ
3176 2420 3282 2517 Ζ.

2223 2586 2375 2652 Πρὸς
2413 2584 2551 2649 τοὺς
2586 2584 3006 2650 προτείνοντας
3042 2583 3126 2634 τό*
3174 2576 3608 2652 Ἆϐουλήῗζωςιῆ
3650 2574 3803 2630 κατὰ

2375 2645 2685 2721 ,βούλησὺδ
2714 2645 3003 2722 ἐγέννησε
3035 2652 3141 2704 τὸν
3175 2649 3313 2702 Υιὸν
3344 2651 3375 2701 ό
3408 2645 3632 2713 Πατιὶιις

2498 2767 2811 2835 Ἐρώτησις
2843 2767 2921 2831 ὡς
2949 2765 3017 2817 ἐκ
3046 2762 3166 2817 τῶν
3199 2758 3533 2830 αἱρετικῶν.

2305 2878 2638 2949 Ἀϐουλήτως
2670 2879 2795 2949 ἄρα,
2843 2879 3004 2947 φασὶ,
3036 2879 3131 2930 καὶ
3180 2875 3469 2939 ἀσκέπτως
3510 2874 3805 2943 ἐγέννησεν

2224 2968 2340 3037 ἦτοι
2387 2968 2653 3037 πεποίηκε
2682 2967 2771 3019 τὸν
2820 2966 2949 3019 Υἱὸν
2992 2969 3019 3019 6
3051 2966 3260 3036 Πατὴρ,
3303 2965 3336 3035 ἢ
3370 2962 3511 3017 κατά
3546 2961 3805 3032 βούλησιν

2224 3058 2466 3122 οίκείαν;
2521 3057 2585 3110 Ei
2640 3058 2739 3126 μὲν
2772 3054 2863 3111 οὖν
2899 3057 3212 3127 ἀϐουλήτως
3274 3056 3563 3126 ἐγέννησεν
3611 3053 3803 3117 αὑτὸν,

2225 3147 2461 3200 πέπονθέ
2490 3165 2542 3199 τι
2572 3147 2680 3200 τῶν
2715 3147 2864 3220 παρὰ
2892 3147 3138 3217 γνώμην·
3182 3148 3228 3199 εἰ
3256 3146 3315 3199 δὲ
3352 3146 3492 3199 κατὰ
3523 3143 3801 3213 βούλησιν,

558 3228 891 3283 iterationem
928 3231 993 3284 de
1038 3232 1213 3300 aliqua
1248 3250 1304 3288 re
1348 3236 1579 3304 priorem
1626 3254 1746 3293 esse
1796 3256 1952 3309 quam
2003 3243 2116 3312 ipsa

2225 3239 2597 3309 προῦπάρχειν
2624 3239 2679 3291 δὲ
2706 3238 2815 3291 τῶν
2845 3238 3145 3307 γινομένων
3172 3238 3386 3306 ἀνάγκη
3420 3236 3517 3306 τὴν
3549 3235 3676 3305 περὶ
3707 3233 3805 3287 αὑ·-

560 3319 853 3388 tiat,prier
904 3322 1082 3391 itaque
1129 3325 1225 3378 fuit
1277 3324 1436 3381 Pater
1480 3327 1636 3394 Filio,
1696 3346 1817 3385 cum
1880 3332 2121 3388 voluntas

561 3419 1347 3484 generationempraecesserit.

1193 3520 1489 3591 Refutatt'o.

632 3629 803 3695 Unde,
834 3633 1080 3701 obsecro,
1117 3635 1259 3692 hunc
1309 3638 1557 3706 loquendi
1590 3656 1789 3697 morem
1833 3647 2121 3717 accepistis

560 3716 856 3785 dementes,
894 3728 1033 3793 quod
1065 3735 1158 3780 aut
1180 3743 1245 3781 ex
1278 3744 1370 3781 sua
1404 3733 1675 3787 voluntate
1702 3744 1792 3788 aut
1816 3737 1947 3791 citra
1965 3716 2120 3794 suam

559 3808 888 3866 voluntatem
917 3818 1163 3883 genuerit
1209 3817 1435 3884 Filium;
1468 3831 1559 3875 aut
1602 3838 1667 3877 ex
1693 3841 1798 3893 quo
1831 3826 2121 3894 Scriptura:

561 3898 678 3959 loco
736 3905 1103 3974 hujuscemodi
1156 3912 1477 3977 qutestiones
1537 3915 1778 3982 proferre
1823 3918 2123 3974 didicistis?

562 4002 694 4069 Quis
730 4017 855 4057 vero
890 4011 1195 4057 sanctorum
1238 4004 1391 4072 dixit,
1424 4014 1517 4059 aut
1566 4022 1629 4060 ex
1684 4008 1975 4075 voluntate,
2034 4022 2123 4067 aut

563 4093 701 4146 citra
729 4091 1082 4157 voluntatem,
1110 4092 1301 4147 Filium
1336 4110 1400 4149 ex
1430 4094 1587 4151 Patre
1631 4102 1992 4166 processisse?
2018 4104 2125 4159 Aut

561 4183 680 4252 quis
723 4182 1024 4251 hujusmodi
1058 4186 1331 4238 vocabulis
1361 4195 1442 4240 est
1488 4189 1663 4242 usus?
1707 4189 1856 4255 Quod
1909 4194 2122 4261 quidem

562 4284 679 4328 erat
706 4286 760 4328 et
784 4284 864 4327 est
902 4274 991 4328 Dei
1034 4273 1285 4342 Verbum,
1316 4291 1379 4329 ex
1423 4293 1574 4332 sacra
1608 4280 1887 4351 Scriptura
1926 4300 2125 4354 cogno—

563 4364 783 4419 scimus.
824 4363 953 4416 lllud
980 4379 1126 4427 vero,
1161 4366 1292 4417 citra
1337 4370 1662 4423 voluntatem
1694 4382 1785 4423 aut
1815 4381 2024 4434 contra,
2058 4390 2121 4428 ex

564 4452 716 4506 vobis
763 4452 893 4507 solis
924 4453 1244 4507 audivimus.
1286 4453 1533 4509 Ostendit
1569 4459 1708 4511 enim
1740 4460 1931 4514 Filium
1966 4462 2123 4516 Pater

2222 3328 2329 3380 τῶν
2371 3328 2583 3397 σκέψιν,
2617 3328 2791 3398 προῆν
2825 3329 2931 3399 ἄρα
2970 3327 3063 3381 τοῦ
3104 3326 3236 3380 Υίοῦ
3262 3328 3290 3378 6
3325 3325 3534 3395 Πατὴρ,
3572 3323 3804 3394 μεσολα-

2224 3418 2421 3490 ϐούσης
2455 3419 2553 3489 τὴν
2580 3419 2831 3491 γέννησιν
2860 3420 2955 3490 τῆς
2987 3419 3117 3487 περὶ
3146 3417 3311 3470 αὑτοῦ
3341 3416 3669 3486 βουλήσεως.

2655 3533 2961 3601 Ἀπολογία
2996 3532 3145 3600 πρὸς
3175 3530 3369 3585 τοῦτο.
3408 3576 3411 3577 ν

2295 3643 2461 3700 Πόθεν
2507 3646 2683 3716 ὑμεῖς,
2726 3639 2772 3699 ὧ
2799 3639 2975 3708 οὗτοι,
3023 3644 3164 3698 κατὰ
3202 3642 3455 3713 βούλησιν
3493 3642 3526 3713 ἧ
3568 3640 3800 3713 ἀϐουλή-

2221 3754 2328 3800 τως
2356 3736 2711 3806 γεγεννῆσθαι
2745 3734 2921 3803 λέγειν
2949 3734 3039 3787 τὸν
3070 3735 3216 3799 Υίὺν,
3248 3735 3281 3805 ἢ
3318 3736 3411 3786 καὶ
3441 3732 3576 3795 ὅλως
3617 3731 3802 3797 τοιαύτ

2222 3847 2320 3891 τας
2352 3831 2464 3890 τοῖς
2495 3826 2879 3895 ἐντυγχάνουσι
2929 3825 3028 3889 τάς
3063 3826 3282 3889 πεύσεις
3328 3824 3645 3895 προσάγειν,
3690 3823 3802 3878 ἀπὸ

2226 3917 2383 3981 ποίας
2420 3917 2577 3969 τοῦτο
2608 3916 2961 3987 μεμαθήκατε
2995 3916 3242 3986 Γραφῆς;
3278 3916 3375 3977 Τίς
3397 3915 3454 3967 δὲ
3491 3915 3598 3966 τῶν
3625 3914 3801 3981 ἁγίων

2224 4009 2423 4079 ἢκατὰ
2468 4008 2716 4079 βούλησιν
2746 4010 2779 4079 ἢ
2813 4007 3125 4078 ἀϐουλήτως
3167 4006 3329 4060 αὐτὸν
3373 4006 3570 4074 ἔφησεν
3601 4007 3663 4058 ὲκ
3702 4004 3800 4058 τοῦ

2224 4100 2435 4171 Πατρὸς
2472 4099 2785 4169 προελοεῖν;
2834 4100 2993 4169 Παρὰ
3030 4100 3133 4151 τίνι
3162 4099 3218 4150 δὲ
3250 4097 3563 4166 ὠνόμασται
3593 4094 3659 4148 τά
3688 4111 3803 4147 τοι-

2224 4192 2359 4245 αῦτα
2387 4194 2640 4263 ρἠατας
2665 4192 2787 4244 Ὀτι
2821 4192 2916 4261 μὲν
2944 4190 3052 4261 γὰρ
3080 4185 3147 4260 ἦν
3177 4189 3271 4242 καὶ
3301 4188 3447 4241 ἔστιν
3479 4189 3506 4240 6
3535 4184 3627 4239 τοῦ
3659 4184 3799 4238 θεοῦ

2224 4283 2413 4349 Λόγος,
2444 4283 2687 4353 ἔγνωμεν
2719 4282 2827 4336 ἀπὸ
2851 4282 2949 4351 τῆς
2977 4282 3124 4344 Οείας
3157 4282 3196 4333 Γ
3201 4280 3398 4352 ραφῆς.
3428 4280 3501 4333 Τὸ
3529 4278 3605 4345 δὲ,
3633 4277 3801 4332 ἀϐουο

2224 4375 2400 4447 λήτως
2437 4376 2468 4445 ἦ
2512 4375 2619 4446 μὴ,
2656 4376 2808 4447 παρά
2846 4376 3019 4446 μόνων
3069 4373 3221 4443 ὑμῶν
3268 4372 3599 4443 ἠκούσαμεν.
3639 4372 3800 4424 Ἀπο-

2225 4468 2485 4521 καλύπτει
2527 4468 2625 4537 μὲν
2650 4468 2757 4536 γὰρ
2782 4468 2871 4521 τὸν
2899 4468 3024 4521 Υίδν
3049 4469 3076 4520 6
3110 4466 3297 4536 Πατὴρ
3333 4465 3391 4529 ὲξ
3421 4463 3672 4535 οὐρανοῦ,
3702 4462 3798 4518 καί

562 4557 628 4598 ex
664 4542 798 4597 coelo
822 4544 1041 4597 dicens:
1072 4563 1089 4595 ‹
1122 4544 1215 4599 llic
1248 4556 1330 4599 est
1360 4545 1526 4601 Filius
1560 4564 1711 4605 meus
1745 4552 1970 4609 dilectus
1996 4556 2061 4621 “;
2099 4576 2115 4606 ι

2229 4551 2389 4629 φησιν
2410 4574 2422 4589 ⁸
2465 4575 2483 4609 ι
2510 4552 2676 4618 Οὗτός
2709 4558 2855 4607 ἐστιν
2887 4557 2915 4608 6
2947 4555 3074 4617 Υἱός
3107 4572 3204 4625 μου
3233 4557 3261 4607 6
3293 4554 3576 4624 ἀγαπητός
3596 4570 3608 4581 ·
3645 4570 3663 4602 ι
3704 4551 3799 4606 καὶ

563 4643 616 4687 et
653 4647 748 4701 per
776 4633 940 4687 David
971 4649 985 4688 :
1022 4652 1039 4684 ι
1073 4634 1348 4689 Eruetavit
1378 4652 1472 4691 cor
1512 4654 1686 4695 meum
1741 4640 1973 4698 Verbum
2027 4645 2123 4700 bo-

564 4739 690 4777 num
722 4723 800 4790 ‘7;
840 4743 859 4775 ι
904 4732 959 4779 et
1000 4726 1428 4793 sapientissimus
1468 4728 1703 4785 Joannes
1736 4777 1747 4787 .
1788 4752 1806 4783 ι
1842 4734 1894 4789 lu
1931 4737 2127 4805 princi-

567 4814 674 4881 pio,
726 4815 920 4884 inquit,
970 4826 1086 4869 erat
1139 4817 1395 4886 Verbum,
1448 4834 1501 4873 et
1554 4821 1783 4878 Verbum
1825 4837 1941 4880 erat
1986 4831 2124 4896 apud

570 4906 753 4969 Deum,
783 4913 838 4958 et
870 4904 1007 4959 Deus
1037 4915 1154 4960 erat
1190 4906 1415 4962 Verbum
1443 4910 1505 4961 ⁸⁸.
1550 4932 1566 4961 ι
1600 4912 1663 4966 Et
1690 4913 1972 4970 Psalmista
2004 4933 2125 4972 rur-

567 5008 658 5048 sus
682 4998 745 5048 ad
769 4994 981 5049 Patrem
1027 4996 1154 5050 dicit
1187 5011 1201 5049 :
1241 5016 1258 5048 ε
1294 4997 1553 5063 Quoniam
1579 5004 1716 5069 apud
1770 5014 1819 5057 te
1868 5016 1952 5060 est
2004 5006 2123 5061 fons

568 5085 709 5150 vitae,
737 5095 787 5139 et
811 5074 869 5138 in
892 5078 1087 5142 lumine
1122 5098 1209 5143 tuo
1242 5088 1540 5145 videbimus
1563 5093 1737 5147 lumen
1770 5095 1834 5147 θ’.
1868 5114 1887 5149 ι
1922 5098 2122 5153 Paulus

566 5176 922 5245 Splendorem,
956 5188 1010 5232 et
1042 5179 1285 5245 fortnam,
1309 5191 1363 5234 et
1394 5182 1677 5254 indaginem
1706 5187 1805 5257 51
1840 5190 2120 5245 invisibilis

568 5267 658 5321 Dei
696 5277 852 5323 vocat
880 5269 947 5322 ".
982 5268 1254 5326 Neminem
1298 5287 1425 5327 vero
1471 5277 1659 5329 horum
1718 5281 1983 5347 repereris
2030 5283 2119 5351 qui

565 5356 757 5411 Filium
822 5373 888 5412 ex
944 5359 1217 5415 voluntate
1276 5372 1367 5415 aut
1416 5366 1548 5418 citra
1594 5367 1919 5423 voluntatem
1972 5371 2122 5438 geni-

568 5455 676 5499 tum
722 5447 886 5502 dicat.
920 5448 1023 5503 Sed
1057 5466 1177 5504 cum
1221 5453 1474 5518 dixerint,
1512 5466 1645 5522 erat,
1686 5467 1759 5523 et,
1792 5469 1886 5523 est,
1920 5461 2118 5516 nullum

567 5535 883 5607 principium
915 5540 966 5592 in
993 5549 1229 5610 tempore
1252 5545 1556 5601 tribuerunt
1582 5547 1628 5602 ei
1660 5552 1749 5618 qui
1776 5552 1967 5607 Saecula
1992 5542 2120 5608 con-

638 5732 682 5765 "
713 5731 869 5790 Joan.
911 5754 962 5800 v,
1006 5738 1090 5791 l7.

570 5815 631 5870 tt,
656 5802 687 5856 ti
721 5821 734 5871 ;
776 5804 935 5861 llebr.
976 5823 1014 5872 ι,
1049 5809 1082 5862 2
1112 5828 1126 5875 ;
1160 5809 1363 5865 Coloss.
1408 5827 1445 5876 ι,
1490 5811 1573 5868 15.

1284 5738 1472 5792 Maltlt.
1496 5758 1599 5823 _t_tt.
1632 5746 1709 5801 l7.
1789 5750 1829 5781 "
1865 5750 2006 5805 Paul.
2047 5767 2110 5805 XI.

2223 5750 2283 5807 ‘2.
2361 5754 2404 5786 ⁸⁸
2436 5753 2594 5810 Joatt.
2640 5773 2676 5820 t,
2716 5757 2763 5811 Ι.
2846 5761 2885 5793 θ’
2916 5759 3053 5813 Ριςιιῐ.
3099 5775 3262 5823 xxxv,
3311 5762 3391 5815 Ill.

2224 4652 2310 4705 διὰ
2356 4648 2451 4701 τοῦ
2488 4647 2650 4701 Δαϐὶδ
2697 4647 2878 4714 λέγει’
2919 4666 2936 4697 ι
2981 4645 3338 4717 Ἐξηρεύξατο
3376 4647 3409 4715 ἡ
3450 4645 3644 4715 καρδία
3696 4661 3797 4714 μου

2224 4743 2392 4810 Λόγον
2410 4738 2605 4809 ἀγαθόν
2624 4754 2637 4767 ⁸
2664 4757 2682 4789 ›
2701 4737 2794 4790 καὶ
2814 4739 2841 4790 6
2856 4736 3157 4806 σοφώτατος
3188 4738 3463 4807 Ἰωάννηςο
3488 4751 3505 4787 ι
3548 4737 3634 4788 Ἐν
3653 4736 3795 4807 ἀρχῇ

2221 4828 2309 4903 ἦν,
2343 4829 2526 4901 φησιν,
2554 4830 2583 4881 6
2608 4827 2814 4895 Λόγος,
2855 4828 2946 4879 καὶ
2974 4828 3001 4879 6
3037 4826 3208 4894 Λόγος
3240 4822 3307 4895 ἦν
3353 4824 3490 4895 πρὸς
3519 4824 3609 4876 τὸν
3640 4822 3796 4908 Θεδν,

2224 4922 2316 4974 καὶ
2343 4920 2473 4982 Θεὸς
2494 4914 2560 4989 ἦν
2584 4920 2611 4970 6
2640 4917 2810 4984 Λόγος
2830 4933 2843 4946 ’
2876 4935 2894 4967 ι
2924 4918 2951 4969 6
2980 4915 3283 4986 Ψαλμῳδὸς
3311 4916 3383 4978 ὡς
3412 4916 3548 4987 πρὸς
3576 4914 3666 4967 τὸν
3694 4915 3798 4969 Πα-

2230 5012 2361 5082 τέρα
2391 5010 2550 5063 πάλιν
2577 5009 2743 5080 φησί·
2780 5027 2799 5060 t
2827 5007 2985 5078 Παρά
3013 5008 3096 5061 σοὶ
3137 5007 3285 5079 πηγὴ
3316 5007 3481 5078 ζωῆς,
3513 5007 3603 5061 καὶ
3633 5010 3688 5060 ὲν
3718 5006 3797 5078 τῷ

2230 5103 2366 5171 φωτί
2394 5119 2487 5155 σου
2513 5100 2754 5171 ὀψόμεθα
2780 5100 2913 5169 φῶς.
2942 5120 2960 5151 ι
2998 5102 3054 5153 '0
3079 5101 3285 5164 Παῦλος
3315 5100 3674 5170 ἀπαύγασμα,
3704 5101 3795 5153 καὶ

2231 5193 2465 5264 μορφὴν,
2505 5192 2599 5245 καὶ
2650 5193 2831 5245 είκὸνα
2876 5191 2967 5245 τοῦ
3009 5191 3141 5244 Θεοῦ
3188 5193 3420 5265 ἀοράτου
3462 5192 3636 5244 καλεῖ.
3687 5192 3795 5246 Καὶ

2224 5284 2428 5339 τούτων
2467 5283 2639 5347 οὐδεὶς
2684 5285 2997 5355 εὑρίσκεται
3024 5284 3197 5352 λέγων
3223 5284 3537 5354 ἀϐουλήτως
3573 5283 3607 5353 ἢ
3654 5283 3799 5337 κατά

2227 5374 2479 5444 βούλησιν
2512 5376 2860 5447 γεγεννῆσθαι
2884 5378 2975 5430 τὸν
3002 5376 3145 5429 Υἱόν.
3181 5375 3340 5428 Ἀλλὰ
3372 5376 3452 5440 τὸ,
3480 5372 3579 5447 ἦν,
3620 5375 3797 5429 εἰπόν-

2223 5483 2340 5529 τες,
2376 5467 2468 5519 καὶ
2509 5469 2588 5530 τὸ,
2634 5466 2823 5531 ἔστιν,
2866 5469 3123 5539 οὐδεμίαν
3171 5468 3345 5538 ἀρχὴν
3385 5468 3484 5538 τὴν
3531 5469 3589 5519 ὲν
3621 5467 3797 5538 χρόνῳ

2225 5558 2483 5613 δεδώκασι
2515 5559 2592 5631 τῷ
2618 5562 2724 5616 τῶν
2752 5564 2957 5635 χρόνων
2983 5567 3198 5635 ποιητῇ.
3230 5564 3398 5619 Πόοεν
3426 5560 3518 5618 οὖν
3544 5565 3696 5635 ὑμεῖς
3724 5564 3794 5618 τά

3474 5762 3518 5791 ⁷⁵
3556 5755 3789 5830 Philipp.
