4012 6338
269 404 335 460 85
1652 402 2100 461 THESAURUS.
3458 407 3528 462 86

264 517 482 572 τοιαῦτά
513 534 646 586 φατε
673 535 686 583 ;
731 517 868 571 Ἀπὸ
909 519 1136 590 καρδίας
1166 520 1264 590 τῆς
1295 519 1504 575 ἑαυτῶν
1537 520 1823 584 λαλοῦντες

1950 521 2106 576 didit.
2169 519 2320 574 Unde
2371 519 2534 588 igitur
2571 534 2666 575 vos
2707 521 2822 574 Ιιαιο
2868 519 3224 590 depromitis?
3257 518 3332 573 Ex
3365 524 3530 577 corde

261 611 399 665 καθά
434 626 597 678 φησιν
623 609 652 661 6
683 611 993 681 προφήτης,
1023 612 1114 665 καὶ
1145 613 1243 664 οὐκ
1274 612 1378 666 ἀπὸ
1420 612 1687 679 στόματος
1727 614 1840 666 Κυ-

264 701 397 772 ρίου.

945 815 1146 869 ΑΛΔΟ.

329 926 389 977 ΕΙ
425 924 677 998 βουλήσει
712 928 1071 998 γεγεννῆσθαί
1103 945 1238 998 φατε
1268 929 1356 982 τον
1381 929 1527 994 Υίδν,
1576 931 1668 984 καὶ
1722 931 1838 1001 βιά-

258 1013 412 1078 ζεσθε
441 1017 544 1088 τὴν
576 1020 703 1090 περὶ
735 1019 896 1073 αὑτοῦ
925 1019 1146 1090 θέλησιν
1173 1023 1554 1092 προῦπάρχειν
1588 1023 1686 1093 τῆς
1716 1041 1839 1091 γεν-

257 1108 462 1176 νήσεως
492 1109 683 1174 αὐτοῦ,
713 1109 766 1162 τί
791 1110 864 1182 μή
902 1111 1074 1165 ταῦτά
1103 1128 1267 1181 φησιν
1296 1115 1328 1183 ἡ
1365 1113 1553 1183 Γραφὴ
1581 1115 1710 1185 περὶ
1736 1116 1834 1168 αὐ⁴

254 1194 370 1260 τοῦ,
397 1195 431 1249 ἃ
466 1197 532 1263 δὴ
559 1199 654 1250 καὶ
710 1200 837 1271 περὶ
885 1199 994 1253 τῶν
1047 1199 1222 1252 ἄλλων
1254 1204 1573 1272 ποιημάτων
1601 1205 1834 1273 λέγουσα

257 1290 536 1356 φαίνεται;
587 1293 710 1346 Ἐπὶ
741 1292 839 1361 μὲν
865 1291 974 1362 γάρ
1007 1291 1115 1346 τῶν
1145 1293 1441 1361 γεγονότων
1481 1296 1630 1366 παρὰ
1666 1296 1828 1360 Θεοῦ,

257 1383 577 1450 προηγεῖται
608 1382 847 1451 θέλησις,
897 1382 972 1445 ὡς
1000 1384 1057 1434 ὲν
1078 1382 1172 1452 τῷ,
1229 1401 1246 1433 r
1283 1385 1603 1454 Ποιήσωμεν
1625 1385 1833 1457 ἄνθρω-

255 1487 372 1533 πον,
407 1489 423 1515 ι
455 1472 567 1524 Καὶ
602 1474 658 1526 ὲν
687 1473 786 1542 τῷ.
810 1490 831 1527 ι
853 1473 1037 1526 Πάντα
1061 1474 1163 1527 ὅσα
1201 1474 1486 1544 ἠθέλησεν,
1521 1477 1825 1546 ἐποίησεν.»

268 1559 390 1612 Ἐπὶ
446 1560 505 1613 δὲ
530 1563 623 1614 τοῦ
650 1561 786 1615 Θεοῦ
826 1563 1002 1631 Λόγου
1034 1563 1272 1634 οὐδαμοῦ
1304 1564 1522 1636 Θέλησις
1551 1568 1668 1637 ήτοι
1704 1567 1830 1638 βού-

261 1665 406 1719 ιησις
434 1652 867 1724 προηγησαμένη
924 1655 1192 1722 φαίνεται.
1250 1655 1388 1709 Ἀλλ’
1418 1659 1501 1710 ὅτι
1554 1660 1718 1729 μόνον
1754 1657 1833 1730 ἦν

254 1743 344 1794 καὶ
393 1743 568 1797 ἔστιν
613 1743 900 1814 ἀκούομεν.
945 1747 1075 1810 Καὶ,
1140 1747 1205 1799 ἵν’
1243 1747 1413 1811 οὕτως
1471 1751 1628 1816 εῐπω,
1667 1751 1832 1816 τόπος

251 1832 397 1903 αὐτῷ
421 1834 648 1903 φυσικὸς
671 1835 700 1887 6
730 1835 938 1907 Πατήρ.
976 1837 1037 1889 El
1060 1837 1240 1892 τοίνυν
1275 1839 1367 1892 ἐπὶ
1409 1839 1509 1910 μὲν
1557 1841 1666 1895 τῶν
1713 1861 1831 1897 κτι-

252 1900 472 1990 σμάτοον
495 1925 751 1978 ἁπάντων
779 1900 981 1996 ἔφησεν
1010 1927 1259 1997 ἡγεῖσθαι
1289 1900 1506 2001 Θέλησιν
1545 1934 1577 2004 ή
1618 1933 1828 2004 Γραφὴ,
1863 1900 1906 1958 Β

251 2012 341 2063 ἐπὶ
361 2013 417 2064 δὲ
448 2011 543 2065 τοῦ
579 2013 710 2066 Υἰοῦ
735 2015 886 2068 οὐδὲν
927 2016 1167 2070 τοιοῦτον
1224 2019 1528 2092 εὑρήσομεν
1567 2024 1698 2094 παρ’
1730 2027 1829 2078 αὺ-

248 2103 366 2172 τῆς,
394 2104 494 2156 οὐκ
533 2104 639 2175 ἄρα
669 2101 752 2168 εἷς
775 2107 890 2158 ἐστι
923 2107 1031 2160 τῶν
1062 2107 1302 2174 πάντων,
1329 2112 1450 2166 οὐδὲ
1493 2112 1709 2184 θελήσει
1741 2116 1833 2183 γὲο

249 2211 389 2261 γονε,
422 2194 675 2265 καθάπερ
704 2197 770 2249 τά
801 2197 999 2263 πάντα,
1035 2200 1100 2252 ὲκ
1155 2201 1371 2273 Πατρὸς
1417 2203 1697 2273 προελθὼν
1739 2207 1831 2258 καὶ

247 2287 343 2355 τῆς
368 2285 463 2339 τοῦ
492 2287 853 2356 γεννήσαντος
881 2290 1088 2354 οὐσίας,
1113 2291 1370 2364 ὑπάρχων
1403 2311 1464 2347 τε
1493 2296 1683 2360 ἀΐδιος.

931 2399 1142 2454 ΑΛΛυ.

314 2503 477 2571 Λέγει
499 2522 604 2558 που
638 2504 848 2570 Παῦλος
895 2508 1024 2578 περὶ
1073 2507 1170 2560 τοῦ
1208 2510 1461 2581 Σωτῆρος
1503 2511 1660 2582 ήμῶν
1694 2515 1830 2585 Χρι-

250 2596 392 2660 στοῦ,
427 2599 514 2650 ὅτι
545 2615 604 2649 τε
631 2597 766 2650 Θεοῦ
795 2599 1026 2669 δύναμις
1075 2601 1159 2671 είη
1221 2604 1314 2654 καὶ
1341 2603 1478 2657 Θεοῦ
1514 2607 1696 2674 σοφία.
1764 2609 1826 2660 Εἰ

245 2686 420 2739 τοίνυν
454 2687 620 2754 σοφία
645 2688 740 2740 καὶ
784 2687 1013 2758 δύναμίς
1036 2690 1154 2743 ἐστι
1177 2689 1269 2743 τοῦ
1321 2691 1533 2764 [ἰατρὸς
1565 2695 1593 2744 6
1643 2694 1704 2758 ἐξ
1735 2697 1829 2748 αὑ-

245 2776 334 2828 τοῦ
358 2777 454 2829 καὶ
475 2777 536 2831 ὲν
565 2777 716 2848 αὐτῷ
745 2778 1008 2848 ὑπάρχων
1045 2781 1236 2848 Λόγος,
1285 2782 1449 2845 αὐτός
1479 2786 1625 2837 ἐστιν
1683 2787 1741 2839 ἐν
1783 2779 1829 2855 ᾧ

246 2865 581 2934 βουλεύεται,
616 2867 709 2918 καὶ
734 2867 800 2919 δι’
841 2860 900 2919 οὗ
922 2867 993 2920 τὰ
1021 2868 1200 2922 πάντα
1235 2870 1554 2938 ἐργάζεται.
1585 2873 1709 2938 Πῶς
1734 2871 1828 2928 οὖν

248 2953 499 3024 βουλήσει
528 2955 751 3023 γέγονεν
778 2957 805 3007 6
833 2956 891 3006 ὲν
921 2948 1075 3024 ᾧπερ
1103 2958 1136 3026 ή
1168 2957 1419 3028 βούλησίς
1445 2962 1561 3014 ἐστι
1593 2963 1687 3015 τοῦ
1715 2965 1827 3017 Πα-

244 3045 410 3113 τρόςς
457 3046 529 3097 Ἦ
585 3047 694 3115 γάρ
754 3047 946 3116 ἑτέραν
1007 3048 1156 3117 ἡμᾶς
1219 3049 1410 3116 σοφίαν
1465 3053 1828 3109 ἀναπλάττειν

244 3137 481 3205 ἀνάγκη,
506 3137 564 3189 ὲν
651 3137 1077 3206 βουλευσάμενος
1109 3141 1373 3210 πεποίηκε
1403 3143 1493 3194 τὸν
1521 3143 1666 3210 Υἱὸν,
1695 3147 1828 3201 καθ-

1947 623 2130 666 vestro
2183 613 2483 682 loquentes.
2545 622 2602 666 ut
2657 613 2836 682 inquit
2869 613 3150 682 propheta,
3187 623 3238 667 et
3299 629 3404 669 non
3459 629 3525 670 ex

1966 719 2057 759 ore
2095 705 2301 760 Domini
2335 705 2400 756 τι.

2621 814 2848 872 ALIUD.

2013 927 2067 980 Si
2097 941 2160 982 ex
2190 927 2464 983 voluntate
2492 926 2684 982 Filium
2716 929 2956 996 genitum
2990 927 3190 993 dicitis,
3217 938 3274 983 et
3299 935 3524 983 conten-

1939 1015 2066 1072 ditis
2093 1017 2420 1072 voluntatem
2450 1017 2740 1084 generandi
2766 1017 2935 1086 ipsius
2961 1017 3361 1085 generationem
3388 1033 3526 1087 prae-

1939 1109 2188 1174 cessisse,
2213 1124 2308 1164 cur
2334 1123 2438 1163 non
2476 1110 2589 1163 haec
2617 1108 2684 1162 de
2711 1122 2777 1162 eo
2804 1107 2934 1162 dicit
2961 1108 3265 1177 Scriptura,
3288 1109 3429 1164 sicut
3458 1110 3525 1163 de

1939 1200 2056 1254 aliis
2091 1199 2379 1255 creaturis.
2416 1198 2550 1252 Nam
2590 1199 2644 1253 in
2687 1199 2752 1253 iis
2784 1215 2902 1268 qua:
2939 1199 3080 1255 Deus
3116 1201 3351 1267 creavit,
3381 1216 3524 1270 prae-

1939 1290 2099 1344 cessit
2119 1287 2390 1353 voluntas,
2417 1299 2472 1341 ut
2498 1289 2549 1342 in
2577 1288 2702 1342 illo:
2735 1305 2752 1338 ι
2785 1286 3072 1342 Faciamus
3097 1289 3374 1342 hominem
3400 1288 3467 1341 "’.
3503 1307 3520 1339 ι

1939 1378 2004 1432 Ει
2047 1363 2098 1433 in
2144 1379 2244 1433 hoc
2289 1397 2301 1433 :
2352 1398 2368 1430 ι
2416 1380 2604 1432 Omnia
2651 1394 2770 1448 qua:
2813 1380 3008 1442 voluit,
3043 1378 3256 1433 fecit".
3298 1398 3316 1429 ι
3359 1380 3428 1433 At
3472 1380 3524 1432 in

1940 1468 2115 1523 Verbo
2148 1470 2238 1524 Dei
2265 1471 2407 1523 nulla
2442 1468 2687 1525 voluntas
2723 1478 2816 1523 aut
2851 1471 3137 1524 consilium
3175 1469 3524 1540 praecessisse

1937 1559 2150 1628 legitur.
2169 1558 2274 1613 Sed
2300 1567 2529 1622 tantum,
2550 1560 2692 1628 quod
2715 1569 2849 1624 erat,
2867 1569 3011 1614 etest
3035 1559 3302 1612 audimus.
3321 1558 3520 1628 Atque,

1935 1656 1994 1700 ut
2021 1649 2092 1702 ita
2121 1648 2294 1703 dicam
2314 1688 2328 1712 ,
2359 1647 2624 1702 naturalis
2651 1647 2768 1716 ejus
2801 1648 2950 1702 locus
2987 1658 3107 1703 erat
3135 1646 3314 1701 Pater.
3343 1646 3523 1714 Quare

1935 1741 1979 1796 si
2044 1742 2095 1795 in
2151 1741 2404 1796 omnibus
2462 1743 2725 1795 creaturis
2784 1740 3115 1795 voluntatem
3178 1740 3523 1810 praecessisse

1937 1831 2216 1900 Scriptura
2253 1839 2501 1894 testatur,
2531 1831 2594 1885 de
2627 1829 2764 1885 Filio
2791 1840 2966 1884 autem
2997 1830 3130 1885 nihil
3161 1829 3427 1899 ejusmodi
3471 1832 3522 1886 in

1935 1920 2110 1974 sacris
2154 1918 2376 1973 Litteris
2424 1918 2696 1972 invenitur
2744 1938 2757 1974 :
2815 1935 2918 1973 non
2964 1927 3044 1976 est
3095 1934 3228 1988 ergo
3273 1936 3412 1975 unus
3457 1936 3522 1975 ex

1936 2010 2164 2075 creatis,
2198 2025 2371 2079 neque
2416 2025 2482 2064 ex
2524 2011 2798 2066 voluntate
2839 2010 3016 2067 factus
3072 2020 3191 2079 est,
3228 2019 3288 2066 ut
3337 2027 3526 2066 omnes

1936 2111 2228 2168 creaturae,
2263 2115 2326 2154 ex
2378 2099 2538 2155 Patre
2585 2101 2888 2170 procedens
2933 2109 3096 2172 atque
3149 2116 3215 2157 ex
3249 2099 3535 2157 Genitoris.

1934 2194 2171 2248 essentia
2191 2233 2204 2259 ,
2231 2194 2299 2247 ab
2324 2202 2528 2248 artemo
2554 2194 2846 2249 exsistens.

2609 2395 2840 2451 ALIUD.

2002 2505 2201 2561 Paulus
2242 2505 2437 2560 alicubi
2478 2506 2544 2560 de
2589 2505 2879 2561 Servatore
2922 2514 3105 2562 nostro
3169 2505 3389 2562 Christo
3446 2505 3529 2561 ait

1933 2599 2073 2667 quod
2106 2598 2178 2652 sit
2201 2598 2371 2652 virtus
2400 2606 2453 2652 et
2477 2597 2742 2666 sapientia
2771 2598 2885 2652 Dei.
2909 2596 2964 2652 Si
2995 2613 3124 2669 ergo
3149 2605 3231 2652 est
3254 2599 3520 2669 sapientia

1932 2696 1986 2740 et
2018 2690 2258 2757 potentia
2291 2687 2472 2742 Patris
2505 2685 2740 2742 Verbum
2774 2702 2839 2741 ex
2879 2688 2995 2755 ipso
3030 2696 3083 2741 et
3117 2689 3173 2742 in
3212 2687 3517 2756 ipsoexsi-

1932 2784 2100 2838 stens,
2150 2777 2324 2845 ipsum
2353 2778 2516 2831 etiam
2545 2787 2630 2831 est
2657 2777 2710 2830 in
2738 2792 2844 2846 quo
2873 2779 3157 2844 deliberat,
3177 2788 3231 2834 et
3256 2794 3354 2848 per
3375 2779 3518 2846 quod

1932 2866 2109 2919 omnia
2142 2875 2417 2934 operatur.
2450 2866 2732 2930 Quomodo
2769 2867 2933 2936 igitur
2965 2867 3256 2939 volnntate_
3273 2867 3355 2922 vel
3388 2867 3521 2920 deli-

1933 2957 2207 3011 beratione
2236 2956 2413 3012 factus
2441 2967 2523 3012 est
2552 2958 2602 3011 is
2631 2957 2682 3012 in
2715 2973 2822 3027 quo
2854 2967 2936 3012 est
2961 2959 3279 3013 deliberatio
3311 2957 3524 3012 Patris?

1932 3043 2034 3095 Aut
2063 3044 2205 3097 enim
2236 3043 2396 3096 aliam
2429 3045 2752 3113 sapientiam
2783 3044 3039 3114 ellingere
3070 3061 3289 3101 necesse
3315 3054 3430 3110 est,
3464 3047 3518 3100 in

1934 3147 2034 3199 qua
2072 3133 2380 3187 deliberans
2415 3132 2543 3187 fecit
2577 3134 2811 3198 Filium,
2849 3145 2907 3188 ut
2943 3151 3036 3190 vos
3071 3139 3251 3191 dicitis
3286 3155 3299 3190 :
3342 3149 3435 3192 aut
3470 3139 3514 3191 si

243 3223 318 3284 ὼς
351 3224 517 3293 ὑμεῖς
553 3227 712 3292 φατε,
745 3224 777 3293 ἢ
817 3227 864 3276 εἰ
888 3224 1050 3294 ἑτέρα
1075 3226 1174 3276 οὐκ
1193 3225 1357 3291 ἐστιν,
1389 3227 1503 3279 ἀλλ’
1528 3229 1641 3282 ἔστι
1666 3232 1826 3299 μόνος

1936 3224 2032 3275 alia
2059 3223 2199 3277 nulla
2224 3234 2328 3287 est,
2348 3224 2442 3279 sed
2466 3225 2576 3293 ipse
2604 3235 2688 3280 est
2711 3227 2857 3280 solus
2883 3229 3150 3296 sapientia
3178 3229 3376 3294 Patris,
3401 3229 3516 3297 ipse

243 3315 402 3377 αὐτὸς
421 3317 455 3383 ἡ
478 3315 639 3382 σοφία
667 3314 761 3367 τοῦ
791 3315 1021 3386 Πατρὸς,
1053 3316 1214 3379 αὐτὸς
1240 3318 1345 3386 ἄρα
1376 3319 1489 3372 ἐστὶ
1513 3321 1606 3374 καὶ
1637 3325 1668 3392 ἡ
1702 3323 1826 3392 βού-

243 3405 416 3474 λησις.
495 3407 581 3458 Ἐν
633 3405 740 3477 γὰρ
794 3407 953 3477 σοφίᾳ
1005 3407 1221 3472 πάντως
1278 3413 1339 3462 τὸ
1394 3409 1680 3479 βούλεσθαι
1731 3417 1824 3471 τοῦ

243 3497 397 3551 Θεοῦ.
429 3498 540 3551 Καὶ
574 3502 802 3566 μάταιος
853 3500 981 3568 ὑμῖν
1010 3500 1038 3551 6
1065 3499 1240 3568 λόγος,
1289 3506 1382 3555 καὶ
1425 3505 1580 3559 κενὸν
1610 3506 1822 3577 ἐδείχθη·

244 3590 303 3642 τὸ
329 3589 690 3660 ἐπιχείρημα.

726 3703 929 3768 AAAO,
966 3707 1053 3770 είς
1077 3705 1142 3758 τὸ
1171 3708 1336 3761 αὑτό.

313 3835 427 3890 οὐκ
447 3837 508 3889 ὲν
531 3838 644 3900 τοῖς
677 3838 988 3907 γενομένοις
1012 3840 1044 3908 ή
1068 3838 1161 3892 τοῦ
1190 3840 1322 3893 Θεοῦ
1351 3841 1604 3914 βούλησις
1627 3847 1822 3901 οὑσιω-

249 3927 380 3999 μὲνη
404 3927 678 3996 φαίνεται,
714 3927 826 3980 ἀλλ’
867 3928 1053 4000 ἕτερόν
1103 3930 1155 3982 τί
1188 3931 1302 3984 ἐστι
1341 3934 1488 4004 παρὰ
1522 3935 1590 3987 τὰ
1617 3936 1684 3989 δι’
1723 3938 1823 3991 αὐ-

243 4017 341 4085 τῆς
393 4016 712 4086 ποιούμενα.
760 4011 904 4082 Οἴον,
975 4017 1189 4089 θελήσει
1240 4022 1418 4091 φαμὲν
1451 4025 1702 4091 γενέσθαι
1729 4028 1822 4080 τὸν

242 4107 489 4178 οὐρανὸν,
520 4109 621 4160 οῦκ
650 4107 810 4162 αὑτὸν
834 4104 972 4162 εἶναι
1001 4109 1100 4180 τὴν
1131 4110 1373 4182 Θέλησιν.
1409 4113 1472 4167 EE
1498 4117 1679 4171 τοίνυν
1709 4118 1824 4188 βου-

243 4198 452 4251 λεύεται
510 4199 608 4268 μὲν
652 4200 710 4251 ὲν
764 4199 924 4268 σοφίᾳ
971 4199 1122 4264 Θεὸς,
1173 4204 1268 4255 καὶ
1321 4204 1409 4256 ὅτε
1443 4205 1533 4259 τὸν
1563 4207 1710 4273 Υἱδν,
1746 4209 1822 4273 ὡς

244 4293 397 4359 ὑμεῖς
422 4307 581 4358 φατε,
606 4291 904 4362 ἀπογεννᾷν
950 4291 1160 4360 ἤθελεν,
1193 4294 1308 4347 ἐστι
1361 4297 1417 4348 δὲ
1447 4298 1478 4368 ή
1535 4301 1695 4368 σοφία
1726 4303 1818 4355 τοῦ

244 4383 455 4450 Ila-:96;
483 4384 512 4434 6
555 4382 701 4446 Υἱὸς,
734 4383 926 4452 ἑτέραν
978 4383 1058 4452 τῷ
1091 4385 1263 4455 Hath
1311 4392 1595 4458 προσεῖναι
1627 4393 1819 4460 σοφίαν

242 4476 475 4545 ἀνάγκη,
503 4477 559 4527 ἑν
648 4474 1069 4543 βουλευσάμενος
1103 4476 1334 4528 ἀπέτεκε
1364 4479 1453 4531 τὸν
1476 4480 1624 4534 Υίόν.
1672 4483 1734 4534 Εἰ
1763 4484 1818 4536 δὲ

1927 3329 2140 3384 quoque
2175 3314 2422 3369 voluntas
2455 3313 2571 3384 ejus
2604 3325 2708 3372 est.
2737 3316 2867 3372 Nam
2905 3319 2956 3372 in
2992 3319 3256 3388 sapientia
3291 3322 3516 3375 omnino

1927 3402 2173 3457 voluntas
2197 3403 2291 3456 Dei
2323 3403 2588 3458 consistit.
2617 3403 2792 3472 Atque
2828 3406 2897 3459 ita
2930 3406 3108 3460 inanis
3133 3422 3195 3461 ac
3224 3422 3360 3461 rana
3391 3424 3517 3466 esse

1926 3505 2106 3549 vestra
2127 3495 2265 3550 ratio
2286 3493 2644 3566 lrivolumque
2670 3506 3053 3566 argumentum
3083 3500 3413 3554 ostenditur.

2438 3699 2673 3766 ALIUD,
2700 3699 2764 3753 de
2787 3701 2987 3754 eodem.

1997 3831 2255 3887 Voluntas
2285 3832 2374 3887 Dei
2410 3847 2515 3886 non
2547 3843 2629 3888 est
2663 3835 2714 3887 in
2745 3835 2942 3888 creatis
2971 3846 3247 3901 concreta,
3281 3842 3373 3892 sed
3404 3838 3524 3892 alia-

1923 3932 2006 3979 est
2037 3926 2103 3978 ab
2140 3926 2204 3979 iis
2240 3940 2358 3994 quae
2395 3939 2489 3993 per
2519 3939 2638 3979 eam
2674 3925 2814 3980 facta
2853 3937 2997 3981 sunt.
3030 3928 3271 3998 Exempli
3308 3932 3505 3996 gratia,

1923 4014 2116 4069 caelum
2157 4015 2434 4070 voluntate
2477 4016 2675 4078 factum
2721 4032 2841 4071 esse
2889 4017 3152 4084 dicimus,
3187 4035 3291 4074 non
3337 4021 3508 4090 ipsum

1923 4122 2042 4162 esse
2069 4109 2423 4163 voluntatem.
2445 4109 2499 4164 Si
2531 4124 2658 4179 ergo
2688 4109 2739 4162 in
2766 4111 3028 4177 sapientia
3057 4111 3317 4166 deliberat
3346 4111 3508 4178 Deus,

1922 4201 2081 4252 etiam
2112 4201 2324 4269 quando
2355 4201 2571 4268 Filium,
2595 4211 2651 4256 ut
2679 4218 2772 4258 vos
2801 4204 3002 4268 dicitis,
3031 4218 3290 4272 generare
3313 4205 3502 4266 voluit.

1924 4289 2027 4359 52
2057 4290 2221 4346 Filius
2250 4307 2373 4345 vero
2402 4304 2484 4347 est
2509 4295 2771 4362 sapientia
2803 4294 2979 4349 Patris
3003 4294 3050 4326 "
3082 4315 3095 4350 :
3141 4298 3506 4352 necessarium

1918 4386 2075 4452 plane
2117 4395 2201 4438 est
2241 4386 2465 4439 alteram
2510 4387 2683 4442 inesse
2724 4387 2867 4442 Patri
2911 4389 3265 4459 sapientiam,
3303 4392 3353 4443 in
3400 4407 3508 4461 qua

1921 4475 2224 4530 deliberans
2260 4479 2441 4546 genuit
2477 4478 2698 4533 Filium.
2739 4483 2808 4533 At
2848 4495 2969 4533 cum
3009 4481 3059 4534 id
3098 4480 3320 4552 impium
3360 4485 3506 4538 dictu

239 4567 394 4619 τοῦτο
430 4567 612 4633 λέγειν
640 4565 834 4627 ἁσεὸὲς
859 4567 875 4634 (
897 4559 976 4629 εἷς
1008 4565 1116 4636 γάρ
1148 4566 1276 4630 Υἱὸς
1307 4569 1400 4621 τοῦ
1435 4570 1592 4636 Θεοῦ,
1629 4577 1720 4626 καὶ
1752 4576 1811 4627 οῦ

1936 4568 1990 4620 sit
2041 4568 2202 4634 (unus
2246 4570 2388 4622 enim
2435 4579 2518 4624 est
2563 4569 2730 4625 Filius
2779 4570 2904 4634 Dei,
2939 4587 3041 4626 non
3090 4575 3228 4638 duo,
3266 4590 3387 4630 cum
3438 4576 3510 4630 sit

239 4658 350 4722 δύο,
383 4657 544 4726 σοφία
569 4656 660 4710 τοῦ
687 4657 897 4728 Πατρός
923 4657 1181 4726 ὑπάρχων
1206 4659 1232 4708 ὁ
1276 4659 1369 4711 τοῦ
1400 4660 1534 4712 Θεοῦ
1565 4664 1734 4730 Λόγος
1755 4663 1771 4733 )
1795 4705 1808 4728 ,

241 4745 396 4811 αὑτός
429 4748 577 4799 ἐστιν
601 4749 628 4799 ό
657 4747 724 4799 δι’
754 4741 815 4798 οῦ
841 4746 1060 4799 πάντων
1107 4748 1138 4815 ἡ
1187 4745 1438 4816 βούλησις
1475 4751 1700 4817 γίνεται.

931 4859 1133 4911 ΑΛΛΟ.

309 4967 430 5022 Τῶν
454 4968 515 5022 ὲν
541 4967 717 5039 χρόνῳ
758 4967 1081 5035 γεγονότων,
1136 4971 1458 5040 προηγεῖται
1506 4971 1721 5035 πάντως
1751 4975 1812 5025 τὸ

245 5057 587 5128 βουλεύεσθαί
615 5076 666 5111 τι
688 5059 815 5128 περὶ
837 5059 1033 5111 αὐτῶν.
1087 5060 1149 5112 Εἰ
1197 5062 1376 5113 τοίνυν
1441 5061 1687 5132 βουλήσει
1719 5082 1810 5132 γεο

241 5150 482 5220 γένηται,
513 5149 632 5202 καθ’
657 5151 820 5219 ὑμᾶς,
849 5152 876 5201 6
907 5150 1051 5212 Υἱὸς,
1097 5151 1514 5222 προηγουμένην
1570 5153 1683 5222 ἔχει
1719 5155 1810 5206 καὶ

243 5244 399 5306 αὐτὸς
455 5242 554 5312 τὴν
605 5241 731 5310 περὶ
785 5239 948 5293 αὑτοῦ
1009 5240 1292 5309 βούλησιν,
1353 5241 1539 5313 ὥσπερ
1589 5245 1683 5296 καὶ
1743 5245 1809 5297 τὰ

244 5337 542 5406 ποιήματα.
587 5334 698 5388 Καὶ
742 5333 840 5386 οὐκ
883 5329 950 5404 ἦν
995 5349 1143 5386 ποτε.
1189 5334 1298 5386 Καὶ
1337 5335 1587 5403 ψεύδεται
1634 5335 1809 5404 λέγων

255 5428 503 5498 Ἰωάννης
532 5430 660 5500 περὶ
686 5425 870 5480 αὐτοῦ’
931 5445 949 5475 ‹
999 5425 1088 5478 Ἐν
1117 5426 1256 5497 ἀρχῇ
1298 5421 1364 5495 ἦν
1389 5429 1417 5480 ό
1461 5428 1649 5495 Λόγος.
1688 5447 1706 5478 ›
1747 5430 1808 5481 Εἰ

241 5520 346 5590 γὰρ
371 5518 471 5571 οὐκ
497 5513 586 5587 ἦν,
605 5517 726 5571 καθ’
762 5517 926 5587 ὑμᾶς,
961 5516 1078 5580 πῶς
1106 5519 1132 5570 6
1170 5518 1561 5588 εὐαγγελιστὴς
1588 5518 1811 5590 ἀληθεύ-

246 5625 321 5662 σει
348 5608 428 5676 τὸ,
446 5604 575 5676 Ἦν,
594 5607 744 5678 αὐτῷ
780 5607 1108 5679 περιτιθείς;
1149 5609 1285 5661 Ἀλλ’
1307 5610 1404 5680 οὐχ
1430 5611 1576 5679 ὑμῖν,
1616 5611 1808 5683 ἐκείνῳ

309 5786 349 5821 τί
393 5785 586 5846 Jerem.
627 5802 784 5854 χχιιι,
833 5788 909 5842 l6.
991 5789 1033 5820 ⁷³
1065 5787 1195 5844 Ceu.
1249 5804 1282 5854 ι,
1323 5789 1408 5844 ‘26.

1492 5789 1533 5819 ⁷³
1575 5788 1715 5845 Psal.
1757 5803 1975 5856 (imm,
2013 5790 2060 5843 (l.

1920 4659 2176 4726 sapientia
2227 4658 2402 4714 Patris
2455 4661 2544 4714 Dei
2594 4661 2879 4734 Verbum),
2917 4664 3030 4732 ipse
3075 4674 3157 4720 est
3201 4681 3296 4736 per
3344 4683 3504 4737 quem

1919 4751 2155 4804 ontnium
2197 4752 2513 4809 deliberatio
2548 4754 2622 4808 lit.

2605 4865 2831 4922 ALIUD.

1990 4975 2118 5040 Quae
2169 4977 2217 5030 in
2274 4987 2515 5048 tempore
2558 4980 2700 5036 facta
2750 4992 2907 5047 sunt,
2954 4983 3272 5039 deliberatio
3325 4987 3390 5040 de
3437 4986 3503 5040 iis

1920 5066 2174 5121 faciendis
2204 5069 2424 5123 omnino
2455 5073 2751 5140 praecessit.
2777 5072 2832 5127 Si
2864 5089 2990 5144 ergo
3016 5075 3294 5130 voluntate
3324 5076 3497 5132 factus

1919 5171 2019 5223 cst,
2049 5169 2106 5212 ut
2131 5173 2226 5214 vos
2254 5162 2513 5226 statuitis,
2543 5164 2728 5229 Filius,
2755 5179 2901 5220 certe
2939 5168 3101 5221 etiam
3140 5169 3205 5221 de
3237 5184 3316 5232 eo,
3347 5178 3403 5223 ut
3432 5172 3495 5224 de

1918 5252 2210 5315 creaturis,
2255 5251 2566 5308 deliberatio
2619 5259 2972 5324 prmcesscrit.
3025 5259 3202 5328 Atque
3258 5261 3327 5314 ita
3390 5261 3495 5314 ali-

1919 5343 2132 5409 quando
2177 5357 2282 5397 non
2327 5353 2462 5397 erat.
2499 5343 2561 5398 Et
2604 5348 2862 5402 mentitur
2904 5348 3145 5406 Joannes
3197 5353 3383 5406 dicens
3431 5352 3499 5406 de

1918 5447 1981 5485 co
2017 5451 2028 5484 :
2068 5451 2085 5483 ι
2126 5431 2179 5484 In
2221 5433 2485 5503 principio
2513 5446 2628 5489 erat
2658 5437 2887 5493 Verbum
2912 5441 2978 5496 ".
3010 5461 3029 5494 ι
3068 5441 3121 5494 Si
3153 5444 3494 5512 enim,juxtu

1918 5530 2149 5576 vestram
2182 5524 2512 5593 Opinionem,
2537 5542 2641 5582 non
2671 5539 2807 5593 erat,
2835 5547 2940 5600 quo
2972 5543 3128 5601 paeto
3160 5536 3491 5606 evangelista

1917 5630 2042 5669 vere
2069 5614 2229 5682 dicet,
2256 5632 2376 5671 cum
2411 5617 2531 5686 hoc,
2559 5632 2692 5687 erat,
2722 5621 2769 5676 ei
2810 5622 3046 5678 tribuat?
3075 5626 3142 5680 At
3175 5641 3280 5682 non
3319 5628 3491 5696 vobis,

2142 5790 2186 5823 7"
2229 5791 2245 5845 Ι
2287 5794 2410 5847 (lor.
2456 5810 2490 5859 l,
2533 5795 2622 5848 Eli.
2696 5795 2915 5851 πίοιμι.
2949 5815 2984 5864 ι,
3017 5801 3062 5852 ι.
