4012 6338
526 442 597 497 δέ
1506 438 1563 492 S.
1605 436 1871 493 CYlllLLl
1910 437 2381 494 ALEXANDRINI
2423 437 2741 494 ARClllEP.

3676 440 3751 497 88

524 558 616 614 sed
641 557 745 619 illi,
774 555 989 625 opinor,
1022 555 1242 610 credere
1269 570 1487 609 necesse
1517 564 1616 610 est.
1650 556 1775 609 Erat
1807 556 1986 625 igitur,
2020 567 2060 607 ul

2177 556 2254 619 δὲ,
2279 552 2452 627 οἶμαι,
2482 556 2753 609 πιστεύειν
2802 556 3115 624 ἀναγκαῖον.
3145 550 3253 609 Ἦν
3297 554 3423 624 ἄρα,
3486 552 3626 605 κατὰ
3656 552 3745 605 τὸν

522 650 611 702 ille
638 648 787 710 dicit,
812 645 1001 710 Filius,
1035 654 1090 699 et
1116 646 1268 712 illud,
1300 663 1402 700 non
1436 656 1567 713 erat,
1599 661 1878 716 perperam
1915 648 1979 701 de
2012 661 2060 701 et

2181 645 2389 697 ἐκείνου
2446 646 2622 712 λόγον,
2674 647 2703 697 6
2748 646 2893 709 Υίὺς,
2939 645 3144 711 καὶτὸ,
3184 646 3294 698 οὐκ
3322 639 3420 713 ἦν,
3465 641 3548 694 ἐπ’
3598 640 3749 712 αὐτῷ

520 740 730 793 dicitur.

1186 851 1344 906 ALIU
1357 852 1414 905 D.

591 961 646 1015 Si
683 976 744 1015 ea
780 976 897 1030 quae
925 976 990 1016 ex
1025 961 1297 1023 voluntate
1330 962 1466 1016 facta
1503 973 1658 1026 sunt,
1690 972 1899 1033 tempus
1932 980 2071 1034 pra:-

517 1052 710 1115 cessit,
739 1052 790 1105 in
826 1066 930 1121 quo
962 1053 1028 1108 de
1062 1053 1191 1120 ipsis
1219 1053 1568 1107 deliberatum
1600 1062 1713 1117 est,
1742 1054 1785 1108 si
1821 1055 2072 1126 exiguum

516 1140 729 1211 aliquod
764 1142 1248 1213 brevissimumque
1282 1152 1490 1213 tempus
1522 1145 1737 1210 demus,
1766 1160 1870 1208 quo
1914 1154 2069 1213 pacto

514 1233 616 1285 erit
658 1241 955 1301 temporum
999 1234 1243 1289 conditor
1283 1234 1480 1299 Filius,
1514 1235 1559 1289 si
1602 1235 1914 1289 deliberatio
1955 1237 2070 1304 ejus

513 1322 911 1389 generationem
944 1324 1256 1392 praecessit?
1286 1325 1442 1393 Atqui
1465 1334 1547 1380 est
1578 1326 1796 1381 omnino
1825 1327 2070 1382 conditor

514 1422 834 1479 temporum.
864 1412 990 1467 Erat
1023 1413 1230 1481 itaque,
1260 1425 1313 1469 et
1350 1415 1482 1468 nihil
1517 1414 1630 1482 ejus
1665 1418 2064 1484 generationem

509 1500 796 1567 praecessit.
1188 1494 1229 1505 ’”

1174 1615 1403 1672 ALIUD.

579 1727 634 1780 Si
666 1726 833 1783 Filius
858 1737 939 1783 est
966 1730 1228 1798 sapientia
1258 1730 1453 1795 Patris,
1477 1740 1536 1786 ut
1563 1746 1747 1787 revera
1773 1742 1874 1797 est,
1900 1734 2066 1801 quod-

507 1835 631 1872 nam
668 1829 875 1889 tempus
902 1829 1166 1874 statuetnr
1212 1836 1316 1890 quo
1343 1839 1445 1876 non
1470 1832 1584 1877 erat
1606 1825 1656 1877 in
1680 1840 1745 1878 eo
1769 1825 2063 1892 sapientia?

2186 735 2412 803 μάταιόν
2436 752 2493 787 τε
2516 734 2611 788 καὶ⁹
2637 734 3041 805 διεψευσμένον.

2856 846 3059 900 ΑΛΛΟ.

2248 958 2309 1010 El
2335 958 2443 1010 τῶν
2471 959 2528 1009 ὲν
2555 958 2805 1028 βουλήσει
2835 958 3139 1027 γενομένων
3176 958 3497 1027 προηγεῖται
3530 954 3741 1025 χρόνος,

2177 1047 2298 1101 καθ’
2332 1048 2390 1101 ὃν
2419 1051 2449 1119 ή
2480 1053 2604 1119 περί
2638 1050 2813 1101 αὐτῶν
2848 1049 3035 1117 σκέψις
3065 1048 3293 1116 ἐγίνετο,
3354 1047 3446 1099 καὶ
3475 1047 3524 1098 εἰ
3550 1044 3743 1114 μικρόν

2175 1157 2293 1192 τινα
2324 1143 2417 1193 καί
2448 1142 2729 1209 ἀκαριαῖον
2759 1142 2978 1211 δοίημεν
3009 1140 3189 1201 αὑτὸν,
3212 1138 3327 1201 πῶς
3353 1138 3505 1189 ἔσται
3534 1135 3742 1205 χρόνων

2176 1230 2448 1300 ποιητὴςό
2473 1230 2619 1292 Υἱὸς,
2677 1232 2725 1282 εί
2769 1230 3017 1301 βούλησις
3064 1230 3388 1299 προηγεῖται
3416 1226 3513 1293 τῆς
3548 1221 3742 1291 γεννή-

2175 1332 2312 1377 σεως
2360 1317 2552 1383 αὐτοῦ;
2591 1316 2729 1370 Ἀλλ’
2773 1317 2886 1369 ἐστι
2940 1319 3147 1386 χρόνων
3192 1316 3441 1385 ποιητής.
3468 1309 3577 1365 τΗν
3607 1310 3737 1380 ἄρα,

2172 1406 2265 1458 καὶ
2290 1407 2441 1461 οὐδέν
2466 1409 2579 1460 ἐστι
2611 1408 2715 1480 πρὸ
2744 1410 2841 1477 τῆς
2865 1410 3166 1479 γεννήσεως
3196 1405 3380 1460 αὑτοῦ.

2853 1608 3053 1662 AAAO.

2238 1722 2302 1775 Εί
2334 1724 2491 1790 σοφία
2512 1724 2607 1776 τοῦ
2637 1723 2847 1791 Πατρός
2874 1724 3019 1774 ἐστιν
3050 1723 3078 1775 6
3105 1720 3252 1785 Υἱὸς,
3278 1719 3465 1786 ὥσπερ
3498 1710 3590 1769 οὖν
3636 1711 3737 1767 καὶ

2169 1811 2306 1872 ἔστι,
2335 1813 2484 1875 ποῖός
2504 1815 2616 1865 ἐστι
2664 1814 2852 1884 χρόνος
2880 1814 2966 1864 ὅτε
2998 1810 3097 1863 οὐκ
3142 1805 3210 1881 ἦν
3255 1810 3311 1862 ὲν
3351 1806 3501 1876 αὐτῷ
3534 1802 3736 1873 σοφίας

506 1910 564 1965 Si
606 1920 783 1966 autem
830 1920 910 1966 est
951 1921 1186 1967 aeternus
1232 1913 1285 1967 in
1327 1912 1483 1968 Patre
1523 1911 1759 1983 (semper
1801 1916 1943 1969 enim
1983 1928 2060 1971 est

2170 1904 2218 1954 εί
2248 1902 2305 1954 δέ
2339 1905 2483 1956 ἐστιν
2506 1903 2669 1966 ἀΐδιος
2691 1904 2748 1953 ὲν
2786 1902 2959 1970 Πατρὶ
2980 1900 3098 1968 (ἀεὶ
3129 1898 3236 1966 γάρ
3263 1896 3420 1963 σοφὸς
3440 1897 3466 1947 6
3488 1890 3671 1983 Πατὴρ
3687 1889 3734 1959 )9

504 2003 720 2071 sapiens
750 2002 962 2071 Pater),
988 2019 1094 2073 quo
1126 2014 1283 2073 pacto
1316 2005 1582 2075 praecedet
1602 2007 1806 2075 aliquid
1839 2010 1889 2062 id
1922 2010 2062 2077 quod

503 2106 715 2161 semper
740 2093 983 2147 exsistit?
1012 2096 1129 2161 Quo
1158 2104 1315 2162 pacto
1345 2096 1484 2150 inter
1513 2110 1573 2149 ea
1602 2097 1915 2153 deliberatio
1946 2115 2066 2169 pro-

503 2182 685 2246 cedet,
718 2181 908 2236 Filium
945 2182 1227 2250 aliquando
1257 2199 1360 2239 non
1394 2186 1738 2240 cxsistentem
1774 2188 2061 2248 inducens.

504 2287 622 2325 eum
653 2273 719 2327 sit
746 2271 983 2327 Genitori
1011 2284 1328 2340 coaeternus,
1352 2276 1602 2330 nimirum
1637 2277 1896 2346 sapientia
1914 2278 2065 2346 ejus?

1174 2387 1400 2445 ALIUD.

574 2500 631 2556 Si
662 2502 915 2572 praecedit
941 2500 1259 2557 deliberatio
1283 2502 1498 2568 Filium,
1520 2511 1573 2557 et
1601 2517 1820 2559 necesse
1845 2505 2063 2559 omnino

505 2594 578 2647 sit
609 2608 726 2647 eam
766 2594 819 2646 in
862 2604 1103 2661 tempore
1140 2591 1337 2646 factam
1376 2593 1539 2648 fuisse
1584 2612 1598 2647 :
1638 2595 1685 2649 si
1720 2599 2065 2663 quantumvis

500 2685 752 2752 exiguum
796 2698 859 2736 ae
905 2684 1069 2739 breve
1116 2692 1321 2752 tempus
1368 2686 1554 2747 detur.
1598 2700 1705 2753 quo
1757 2696 1911 2753 pacto
1961 2690 2064 2740 erit

500 2774 738 2827 omnium
764 2774 1009 2828 creator?
1028 2772 1134 2827 Aut
1154 2789 1258 2843 quo
1290 2785 1447 2843 pacto
1474 2775 1742 2829 credimus
1769 2774 2062 2845 Scriptura:

500 2866 695 2921 dicenti
748 2865 928 2920 omnia
960 2880 1055 2934 per
1083 2880 1205 2920 eum
1240 2865 1381 2919 facta
1422 2865 1577 2920 esse?
1616 2866 1723 2920 Aut
1754 2867 1842 2921 ubi
1884 2868 2059 2937 ipsum

500 2957 835 3021 pmcesserit
864 2965 1102 3024 tempus,
1131 2957 1183 3009 in
1216 2971 1321 3025 quo
1353 2957 1417 3010 de
1451 2970 1514 3010 eo
1546 2956 1897 3011 deliberatum
1928 2958 2058 3024 luit,

499 3060 619 3099 cum
652 3045 852 3100 nullum
882 3054 1087 3113 tempus
1116 3054 1239 3099 ante
1271 3046 1442 3114 ipsum
1474 3045 1782 3101 exstiterit?

1155 3156 1382 3212 ALIUD.

873 3270 957 3323 Ex
988 3270 1270 3338 objectione
1301 3269 1679 3325 hereticorum.

572 3382 652 3445 Si,
679 3381 948 3449 inquiunt,
976 3380 1144 3435 Filius
1179 3380 1276 3434 Dei
1302 3381 1579 3437 voluntate
1611 3382 1785 3437 factus
1820 3397 1924 3438 non
1958 3394 2060 3448 est,

501 3473 802 3528 necessario
842 3473 1005 3541 igitur
1043 3472 1203 3527 Pater
1245 3487 1348 3526 non
1391 3474 1572 3528 volens
1615 3475 1807 3529 Filium
1854 3477 2058 3532 habuit.

499 3562 631 3629 Quis
682 3571 857 3617 autem
905 3571 986 3616 est
1036 3561 1206 3629 major
1248 3562 1510 3627 Patre,ut
1558 3565 1632 3618 illi
1686 3567 2058 3622 necessitatem

501 3654 773 3722 imponat?
796 3652 923 3719 Quae
951 3653 1092 3707 enim
1124 3663 1316 3723 praeter
1338 3654 1665 3710 voluntatem
1692 3657 1967 3721 accidunt,
1993 3673 2056 3713 ex

499 3742 817 3797 necessitate
843 3741 997 3796 ﬁunt.

931 3873 1035 3945 53
1054 3873 1255 3930 Salutio
1284 3876 1609 3945 objectionis.

569 4009 935 4078 interrogandi
964 4018 1089 4063 sunt
1116 4010 1348 4065 vicissim
1376 4010 1578 4066 Christi
1614 4012 1817 4079 hostes,
1885 4023 2063 4083 etpcr

500 4113 561 4153 ca
604 4101 716 4168 ipsa
742 4116 859 4169 qua:
895 4101 1139 4168 imperite
1184 4102 1337 4157 nobis
1389 4103 1671 4170 objiciunt,
1735 4105 1838 4159 illis
1859 4120 2054 4160 occur-

499 4193 722 4246 rendum
748 4202 849 4257 est,
875 4192 1174 4263 similisque
1199 4195 1510 4261 opponenda
1545 4196 1859 4265 propositio.
1890 4194 2058 4251 Dicite

501 4283 681 4350 itaque
702 4283 884 4336 nobis:
922 4284 1060 4337 Deus
1092 4294 1244 4338 estne
1275 4285 1465 4349 bonus,
1503 4286 1808 4341 misericors
1854 4297 1910 4341 et
1928 4302 2057 4341 san-

2170 1993 2286 2054 πῶς
2312 1993 2575 2063 ἡγήσεται
2603 2010 2655 2045 τι
2686 1992 2779 2044 τοῦ
2813 1992 2898 2043 ἀεὶ
2935 1990 3118 2052 δντοςς
3142 1988 3265 2050 Πῶς
3297 1986 3354 2039 δὲ
3405 1987 3437 2055 ἠ
3479 1982 3737 2053 βούλησις

2166 2084 2404 2152 χωρήσει
2432 2082 2654 2153 μεταξὺ,
2681 2083 2755 2152 μὴ
2790 2081 2916 2134 ὄντα
2945 2080 3073 2132 ποτε
3096 2079 3186 2131 τὸν
3230 2076 3357 2130 Υίδν
3381 2073 3734 2141 εἰσφέρουσα,

2166 2171 2257 2223 τὸν
2284 2169 2362 2239 τῷ
2378 2172 2694 2241 γεννήσαντι
2724 2169 2989 2221 συναῖδιον
3027 2168 3101 2231 ὼς
3142 2166 3331 2235 σοφίαν
3361 2162 3559 2225 aiat-0'3;

2848 2439 3047 2493 AAAO.

2234 2552 2296 2605 Εἰ
2340 2554 2658 2623 προηγεῖται
2701 2551 2953 2621 βούλησις
2998 2549 3091 2603 τοῦ
3156 2548 3310 2613 Υἱοῦ,
3360 2548 3419 2600 ἐν
3473 2544 3646 2615 χρόνῳ
3674 2542 3736 2596 δὲ

2166 2644 2375 2713 ἀνάγκη
2404 2643 2501 2713 τὴν
2536 2643 2664 2711 περὶ
2694 2643 2858 2695 αὑτοῦ
2892 2640 3144 2709 γενέσθαι
3174 2640 3384 2709 σκέψιν,
3416 2638 3511 2689 καὶ
3552 2637 3599 2688 εί
3643 2652 3732 2705 μι-

2166 2737 2295 2805 κρός
2319 2752 2404 2798 τις
2452 2736 2535 2803 εἴη
2590 2734 2683 2787 καὶ
2708 2734 2830 2786 λίαν
2874 2732 3099 2803 βραχὺς,
3160 2730 3276 2793 πῶς
3318 2729 3471 2782 ἔσται
3516 2726 3736 2779 πάντων

2164 2839 2423 2895 aetatm;
2457 2825 2527 2877 Ἦ
2561 2825 2678 2887 πῶς
2726 2824 3050 2892 πιστεύομεν
3085 2825 3149 2892 τῇ
3183 2822 3403 2892 Γραφῇ,
3455 2817 3631 2870 πάντα
3661 2814 3737 2869 δι’

2163 2915 2326 2969 αὐτοῦ
2355 2914 2608 2983 γενέσθαι
2638 2912 2908 2983 λεγούσης
2947 2914 3118 2966 Ὅπου
3162 2911 3268 2980 πρὸ
3289 2907 3450 2962 αὑτοῦ
3485 2907 3737 2975 φαίνεται

2164 3006 2373 3077 χρόνος,
2404 3006 2525 3058 καθ’
2547 3006 2605 3058 ὃν
2637 3006 2669 3074 ή
2698 3005 2827 3073 περὶ
2865 3002 3030 3056 αὑτοῦ
3060 3003 3250 3070 γέγονε
3305 2999 3575 3070 βούλησις,
3600 2996 3735 3068 χρό-

2164 3115 2269 3151 νων
2288 3098 2385 3150 ούκ
2413 3096 2580 3149 ὄντων
2608 3095 2711 3165 πρὸ
2733 3093 2895 3147 αὑτοῦ
2920 3109 2935 3155 ;

2844 3205 3051 3261 ΑΛΛΟ.

2371 3319 2465 3383 Ὠς
2500 3320 2568 3384 ἐξ
2610 3319 2964 3383 ἀντιθέσεως
2999 3316 3118 3371 τῶν
3164 3316 3491 3385 αἰρετικῶν.

2233 3409 2296 3462 Εἰ
2330 3408 2403 3481 μὴ
2435 3409 2707 3479 βουλήσει,
2762 3409 2917 3478 φησὶ,
2965 3408 3185 3476 γέγονεν
3211 3411 3239 3461 6
3275 3408 3405 3471 Υἱὸς
3435 3407 3526 3460 τοῦ
3572 3407 3730 3472 Θεοῦ,

2162 3497 2220 3562 ἐξ
2260 3498 2504 3565 ἀνάγκης
2535 3498 2641 3568 ἄρα
2666 3499 2761 3550 καὶ
2803 3497 2878 3566 μὴ
2912 3496 3079 3549 θέλων
3106 3495 3262 3567 ἔσχεν
3306 3495 3433 3549 Υίὸν
3464 3498 3491 3548 6
3517 3496 3729 3566 Πατήρ.

2162 3586 2270 3638 Καὶ
2291 3587 2374 3649 τίς
2410 3589 2437 3639 6
2490 3587 2689 3658 μείζων
2725 3585 2889 3640 αὐτοῦ
2941 3587 3033 3640 καὶ
3076 3588 3173 3657 τὴν
3222 3586 3467 3656 ἀνάγκην
3521 3587 3731 3648 ἐπιθεὶς

2162 3673 2337 3743 aia-:59;
2370 3676 2449 3729 Τὰ
2505 3677 2613 3745 γὰρ
2654 3677 2804 3747 παρὰ
2852 3676 3077 3747 γνώμην
3138 3677 3623 3746 ὲπισυμϐαίνοντα,
3670 3678 3732 3743 ἐξ

2161 3768 2405 3838 ἀνάγκης
2433 3767 2660 3835 γίνεται.

2633 3896 2791 3966 Πρὸς
2822 3898 3006 3953 ταῦτα
3035 3899 3235 3965 λύσις.

2243 4028 2667 4098 Ἀντερωτητέον
2696 4030 2823 4093 τοὺς
2842 4032 3260 4103 χριστομάχους,
3294 4034 3387 4086 καὶ
3416 4033 3481 4087 δι’
3504 4026 3579 4087 ὧν
3600 4035 3730 4104 ἡμῖν

2160 4119 2534 4188 προτείνουσιν
2568 4120 2814 4187 ἀμαθῶς,
2855 4121 2942 4173 διὰ
2962 4123 3166 4175 τούτων
3202 4124 3385 4187 αὐτοῖς
3417 4125 3730 4195 ὑπαντήσω-

2162 4227 2280 4281 μεν,
2310 4209 2409 4280 τὴν
2440 4210 2560 4279 ἴσην
2596 4212 2990 4281 ἀντεπάγοντες
3017 4213 3297 4283 πρότασιν.
3342 4216 3544 4270 Εἴπατε
3570 4218 3725 4287 ήμίνο

2171 4302 2396 4369 Ἀγαθὸς
2418 4304 2510 4355 καὶ
2524 4304 2843 4373 οἰκτίρμων,
2862 4303 3106 4375 ἐλεήμων
3130 4308 3305 4359 ’τεκαὶ⁵
3330 4308 3484 4375 ἅγιος
3511 4311 3574 4362 ἐκ
3599 4308 3727 4377 βου-

500 4382 619 4426 etus
642 4387 709 4425 ex
736 4370 1029 4438 voluntate,
1064 4388 1130 4425 an
1165 4385 1359 4441 prmter
1382 4375 1744 4428 voluntatem?
1807 4375 1861 4428 Si
1914 4376 2057 4429 enim

2164 4392 2363 4461 λήσεώς
2388 4394 2534 4446 ἐστιν
2558 4395 2586 4446 6
2607 4370 2756 4458 ea;
2786 4370 3292 4469 anapipoaxnow;
3331 4370 3389 4451 Ei
3416 4401 3514 4469 μὲν
3540 4370 3633 4454 οδλρ
3663 4402 3730 4454 ὲκ

500 4476 564 4513 ex
602 4460 889 4522 voluntate,
916 4460 1161 4516 voluntas
1191 4472 1367 4517 autem
1385 4477 1595 4532 semper
1624 4466 1880 4533 przccedit
1906 4481 1967 4520 ea
1993 4467 2060 4520 de

2164 4460 2481 4552 βουλήσεως,
2508 4486 2540 4553 ἡ
2570 4484 2627 4537 δὲ
2657 4460 3223 4557 βούλησιςυπροτρέχει
3255 4460 3470 4553 πάντως
3504 4490 3727 4543 ἐκείνων

500 4552 694 4619 quibus
719 4551 808 4615 ﬁt,
843 4560 961 4604 erat
1006 4550 1185 4620 itaque
1236 4562 1443 4622 tempus
1494 4556 1705 4622 quando
1760 4556 1899 4613 Deus
1946 4558 2060 4613 hmc

2164 4576 2289 4645 περὶ
2320 4569 2393 4627 ὧν
2419 4577 2758 4642 καὶγίνεται,
2781 4574 2847 4647 ἦν
2870 4578 2980 4649 ἄρα
3009 4580 3200 4649 χρόνος
3226 4582 3315 4634 ὅτε
3338 4582 3436 4634 οὐκ
3458 4578 3526 4653 ἦν
3556 4583 3730 4637 ταῦτα

502 4657 607 4695 non
643 4652 779 4706 erat,
814 4658 935 4697 cum
972 4644 1221 4698 nimirum
1246 4645 1414 4699 adhuc
1438 4647 1503 4700 de
1528 4646 1593 4700 iis
1621 4647 1968 4703 deliberabat.
2001 4650 2055 4703 Si

502 4747 631 4788 vero
661 4741 855 4803 praeter
881 4734 1208 4789 voluntatem
1238 4748 1389 4789 suam
1420 4736 1594 4792 bonus
1625 4746 1708 4792 est
1760 4747 1813 4792 et
1847 4740 2057 4795 miseri-

500 4837 644 4886 cors,
673 4838 799 4892 ergo
826 4824 1149 4880 necessitate
1180 4826 1410 4893 quadam
1434 4827 1486 4881 id
1526 4838 1627 4881 est.
1664 4828 1796 4895 Quis
1823 4844 1948 4885 vero
1974 4842 2060 4886 est

501 4912 593 4980 qui
645 4914 693 4967 ei
744 4914 1115 4968 necessitatem
1172 4924 1264 4968 aut
1308 4917 1414 4969 vim
1475 4917 1685 4984 inierat,
1721 4930 1778 4973 ιιι
1804 4937 1896 4976 vos
1956 4923 2058 4991 ipsi

503 5003 821 5071 loquimini?
870 5002 1087 5058 Constat
1142 5005 1303 5075 igitur
1350 5010 1766 5076 propositionem
1823 5024 2056 5070 vestram

503 5096 783 5149 dementiae
810 5095 1020 5165 plenam
1047 5110 1187 5164 esse,
1214 5098 1452 5168 nihilque
1471 5100 1592 5155 boni
1631 5102 1850 5158 inferre.

846 5227 1073 5295 ALIUD,
1109 5231 1176 5284 ad
1200 5246 1271 5285 ret
1302 5230 1721 5301 explicationem.

570 5340 626 5394 ln
656 5341 815 5396 rebus
840 5342 1172 5398 naturalibus
1225 5358 1327 5397 non
1392 5344 1645 5413 praecedit
1691 5348 2007 5405 deliberatio
2039 5366 2055 5402 :

503 5440 747 5485 versatur
761 5433 903 5487 enim
938 5442 1142 5489 tantum
1172 5437 1312 5490 circa
1339 5450 1399 5489 ea
1430 5453 1551 5508 qua:
1603 5449 1729 5493 sunt
1786 5451 1934 5493 extra
1962 5447 2055 5496 dc-

506 5518 785 5575 Iibcrantis
808 5523 1117 5577 essentiam.
1150 5523 1394 5594 Exempli
1428 5526 1600 5595 gratia
1629 5543 1645 5583 :
1708 5527 1920 5585 Plantat
1959 5534 2059 5586 ali-

503 5612 627 5677 quis
651 5612 835 5678 vitem,
866 5623 957 5666 aut
994 5615 1169 5669 navim
1204 5618 1452 5682 aediﬁcat,
1483 5618 1630 5687 prius
1662 5620 1727 5673 de
1766 5622 1831 5675 iis
1854 5621 2055 5677 delibe-

508 5715 665 5751 r::us:
702 5701 935 5769 gignitur
957 5713 1131 5758 autem
1165 5706 1476 5759 naturaliter
1508 5720 1570 5759 ex
1600 5707 1812 5762 homine
1856 5713 2054 5779 proles,

510 5788 652 5842 nulla
692 5791 1021 5857 praecedente
1049 5794 1449 5850 deliberatione.
1484 5794 1539 5848 Si
1569 5795 1688 5861 quis
1721 5796 1881 5864 igitur
1935 5799 2051 5855 for-

2160 4665 2310 4729 Θεὸς,
2328 4665 2405 4718 ἔτι
2416 4666 2514 4737 τὴν
2525 4683 2592 4719 πε
2599 4668 2653 4736 pl
2668 4668 2845 4720 αὐτῶν
2862 4669 3052 4739 σκέψιν
3068 4670 3220 4724 ποιού
3230 4690 3406 4742 μενος.
3425 4674 3551 4726 Είδὲ
3566 4672 3727 4727 ἀδου-

2159 4754 2333 4823 λήτω;
2367 4754 2568 4822 ἀγαθός
2605 4756 2722 4809 ἐστι
2753 4758 2845 4809 καὶ
2896 4757 3139 4828 ἐλεήμων
3172 4759 3321 4829 παρὰ
3352 4761 3595 4831 γνώμην,
3618 4762 3727 4832 ἄρα

2158 4844 2314 4898 τοῦτό
2349 4848 2463 4898 ἐστι
2526 4848 2619 4899 καὶ
2651 4846 2711 4911 ἐξ
2760 4848 3025 4919 ἀνάγκης.
3086 4851 3195 4903 Καὶ
3229 4852 3309 4913 τίς
3354 4854 3499 4903 ἐστιν
3550 4853 3578 4903 6
3628 4852 3727 4920 τὴν

2159 4936 2401 5006 ἀνάγκην
2438 4936 2642 4999 ἐπιθεὶς
2670 4938 2838 5007 αὐτῷ,
2897 4939 3017 4992 καθ’
3039 4940 3219 5010 ὑμῶν;
3249 4941 3523 4994 Δέδεικται
3547 4942 3727 4994 τοίνυν

2162 5028 2367 5097 μωρίας
2388 5029 2689 5096 ἀνάμεστος
2720 5031 2753 5098 ή
2780 5030 2908 5099 παρ’
2928 5031 3068 5101 ὑμᾶς
3099 5032 3379 5101 πρότασις,
3404 5034 3497 5086 καὶ
3524 5032 3727 5101 ἀγαθὸν

2159 5118 2305 5171 οὐδὲν
2336 5119 2663 5189 εἰσφέρουσα
2701 5121 2896 5191 νόημα.

2591 5246 2793 5311 ΑΛΛΟ,
2826 5247 3278 5318 διηγηματικῶς.

2241 5358 2361 5412 Ἐπὶ
2413 5360 2521 5413 τῶν
2569 5361 2709 5413 κατὰ
2771 5360 2930 5428 φύσιν
2969 5363 3029 5415 οὐ
3088 5366 3407 5433 προηγεῖται
3448 5365 3722 5438 βούλησις,

2160 5453 2328 5521 χωρεῖ
2361 5451 2418 5503 δὲ
2454 5450 2611 5519 μόνον
2658 5452 2749 5505 ἐπὶ
2801 5453 2910 5507 τῶν
2975 5455 3172 5520 ἔξωθεν
3203 5456 3304 5525 τῆς
3336 5458 3521 5521 οὐσίας
3555 5461 3723 5514 ὅντων

2158 5539 2251 5593 τοῦ
2301 5540 2701 5611 βουλευομένου.
2729 5537 2851 5598 Οἷον
2894 5546 3022 5615 φέρε
3050 5548 3243 5599 είπεῖψ
3285 5550 3603 5619 Ἀμπελῶνά
3637 5570 3721 5615 τις

2160 5631 2454 5703 φυτεύει,ἢ
2497 5637 2851 5703 ναυπηγεῖται
2881 5637 3107 5704 σκάφος,
3128 5637 3553 5708 βουλευσάμενος
3582 5644 3718 5711 πρό-

2158 5738 2314 5790 τερον
2347 5723 2471 5794 περὶ
2496 5724 2697 5775 αὐτῶν·
2754 5724 2995 5778 τίκτεται
3054 5726 3109 5778 δὲ
3173 5728 3314 5779 κατὰ
3374 5729 3536 5796 φύσιν
3566 5730 3627 5781 τὸ
3661 5730 3718 5795 ἐξ

2160 5808 2449 5877 ἀνθριῖιπου
2487 5810 2712 5874 παιδίον,
2733 5813 2983 5881 οὐδεμιᾶς
3004 5814 3357 5883 ήγησαμένης
3390 5817 3712 5885 βουλήσεως.
