4012 6338
272 385 341 445 89
1676 394 2122 452 russwnus.
3474 384 3544 440 ao

269 505 340 560 EI
365 523 448 571 τις
474 501 566 562 οὖν
587 508 736 576 λέγοι
764 511 932 580 τυχὸν
956 512 1048 565 ἐπί
1076 529 1219 575 τινος
1272 511 1380 564 τῶν
1432 512 1737 584 ἀνθρώπων
1767 515 1849 565 ὃτι

1966 520 2104 567 Lasse
2170 511 2313 566 dicat
2391 511 2457 565 de
2521 509 2701 578 aliquo
2768 507 3049 563 hominum
3113 502 3256 572 quod
3299 511 3543 570 ’prmter

271 597 426 668 παρὰ
483 597 736 672 βούλησιν
788 601 948 674 ἔσχεν
993 605 1108 658 υἱὸν
1136 645 1149 666 ,
1195 604 1270 675 μὴ
1315 605 1477 669 εὐθὺς
1529 606 1623 658 ἐπὶ
1683 606 1744 658 τὸ
1791 604 1849 668 ἐξ

271 687 521 760 ἀνάγκης
555 689 818 760 τρεχέτω·
853 693 914 745 οὑ
944 693 1052 762 γὰρ
1091 694 1157 748 ἐκ
1189 711 1334 759 τινος
1371 696 1619 766 ἀνάγκης
1649 695 1807 766 ἔσχεν
1831 712 1843 725 ·

267 778 384 831 ἀλλ’
417 781 598 850 ὁράτω
623 781 826 849 μᾶλλον
852 785 935 838 ὅτι
964 785 1072 838 τῶν
1097 787 1162 838 ἐκ
1189 787 1404 855 φύσεως
1425 787 1486 840 οὑ
1520 789 1846 858 προηγεῖται

269 867 546 940 βούλησις.
591 871 766 928 Ἐκὼν
787 877 896 946 γάρ
921 894 1006 940 τις
1059 880 1242 949 γεννᾷ,
1285 877 1542 948 οὐδεμιᾶς
1569 879 1698 949 περὶ
1730 879 1852 932 τού-

263 974 359 1013 του
387 964 810 1037 προηγουμένης
841 966 1170 1037 βουλήσεως.
1210 967 1463 1039 Θελητῶς
1503 964 1596 1022 οὖν
1620 969 1729 1042 ἄρα
1757 969 1851 1023 καὶ

265 1051 584 1123 ἀϐουλήτως
604 1055 839 1129 ὑπάρχει
863 1060 955 1112 καὶ
978 1061 1005 1113 6
1030 1059 1202 1128 Λόγος
1241 1063 1299 1114 ὲν
1335 1060 1412 1131 τῷ
1434 1061 1630 1133 Πατρὶ,
1663 1060 1852 1133 ὥσπερ

266 1145 418 1199 ἐστὶν
442 1147 501 1200 ἑν
533 1148 805 1220 ἀνθρώπῳ
830 1151 891 1204 τὸ
914 1151 972 1218 ἐξ
1003 1152 1199 1206 ἑαυτοῦ
1236 1153 1470 1207 παιδίον.

959 1358 1164 1412 ΑΛΔΟ.

341 1464 404 1520 EI
435 1467 578 1520 κατὰ
613 1467 773 1538 φύσιν
805 1469 1008 1537 ἁγαθός
1058 1473 1207 1524 ἐστιν
1236 1472 1265 1524 6
1293 1470 1426 1534 Θεὸς
1473 1473 1567 1526 καὶ
1623 1472 1813 1544 Πατὴρ
1838 1511 1853 1535 ,

1955 606 2285 661 voluntatem
2350 603 2516 658 ﬁlium
2585 605 2796 666 habuit,
2865 615 2933 656 ne
2989 599 3175 652 statim
3229 594 3293 650 ad
3351 607 3541 649 neces-

1953 698 2169 752 sitatem
2236 695 2517 766 confugiat
2566 715 2577 748 :
2652 708 2829 764 neque
2885 693 3030 747 enim
3087 687 3402 744 necessario
3456 687 3550 740 lia-

1953 789 2102 855 huit,
2157 787 2247 842 sed
2313 787 2493 857 potius
2545 787 2846 857 intelligat,
2901 786 2955 838 in
3031 778 3370 836 naturalibus
3440 792 3546 830 non

1953 880 2258 953 prarcedere
2291 878 2756 934 deliberationem.
2817 876 3023 946 Sponte
3073 873 3221 928 enim
3273 869 3546 940 quispiam

1953 980 2196 1042 generat,
2217 971 2358 1025 nulla
2384 969 2780 1025 deliberatione
2806 968 3172 1038 praecedente.
3205 963 3410 1032 Sponte
3438 960 3548 1031 igi-

1958 1077 2044 1121 tur
2069 1076 2124 1120 et
2150 1066 2288 1119 citra
2345 1064 2798 1119 deliberationem
2839 1073 2918 1118 est
2964 1059 3201 1115 Verbum
3257 1057 3310 1112 in
3363 1056 3546 1118 Patre,

1956 1158 2410 1229 quemadmodum
2443 1165 2526 1212 est
2565 1156 2620 1212 in
2655 1154 2876 1211 homine
2897 1153 3014 1221 ejus
3053 1149 3253 1222 proles.

2644 1346 2874 1406 ALIUD.

2029 1468 2089 1523 Si
2123 1465 2444 1521 naturaliter
2467 1465 2642 1521 bonus
2675 1474 2760 1520 est
2809 1465 2953 1521 Deus
3005 1478 3066 1519 ac
3091 1462 3273 1525 Pater,
3304 1477 3411 1516 non
3479 1475 3546 1516 ex

267 1558 368 1612 οὐκ
395 1560 458 1612 ἐκ
485 1559 812 1630 βουλήσεως,
851 1563 940 1616 ἵνα
974 1562 1049 1633 μὴ
1096 1562 1356 1635 φαίνηται
1396 1564 1606 1635 χρόνος,
1636 1566 1725 1619 ὅτε
1755 1566 1852 1619 οὑκ

1966 1561 2253 1626 voluntate,
2284 1574 2352 1614 ne
2373 1558 2622 1614 videatur
2639 1557 2858 1627 aliquod
2889 1565 3102 1626 tempus
3140 1555 3308 1610 luisse
3335 1556 3555 1623 quando

263 1644 335 1720 ἦν
357 1649 538 1714 τοῦτο,
582 1651 702 1705 καθ’
757 1651 817 1704 ὃν
846 1648 914 1724 ἦν
947 1654 1222 1724 βούλησις,
1270 1655 1331 1708 οὑ
1392 1655 1648 1726 βουλήσει
1693 1657 1852 1726 γεννᾷ

1966 1654 2062 1707 hoc
2093 1653 2268 1722 ipsum
2308 1665 2412 1706 non
2443 1649 2659 1714 erat,in
2683 1664 2792 1720 quo
2827 1647 2993 1703 tiehat
3027 1647 3373 1709 deliberatio,
3441 1661 3548 1699 non

264 1740 358 1794 τὸν
395 1742 560 1807 Υἱὸν,
601 1742 740 1797 ἀλλὰ
789 1743 969 1812 φύσει.
1007 1745 1219 1817 Πρέπει
1279 1746 1387 1817 γὰρ
1443 1747 1644 1819 μᾶλλον
1699 1746 1852 1802 τοῦτο

1966 1744 2236 1799 voluntate
2260 1749 2484 1812 generat
2517 1740 2737 1806 Filium,
2767 1741 2861 1795 sed
2895 1747 3113 1794 natura.
3148 1737 3263 1792 Hoc.
3299 1738 3446 1792 enim
3500 1737 3550 1790 ei

265 1833 332 1887 αὖ
340 1831 434 1903 τῷ.

963 1950 1169 2004 AAAO.

343 2060 684 2134 Ἐρωτητέον
720 2063 848 2128 τοὺς
895 2065 1319 2138 χριστομάχους,
1350 2066 1398 2118 εἰ
1451 2063 1615 2128 αὑτὸς
1662 2065 1691 2117 6
1747 2061 1844 2115 τοῦ

263 2152 438 2221 Λόγου
473 2154 668 2226 Πατὴρ
696 2157 760 2208 ἐκ
788 2155 1097 2228 βουλήσεως
1126 2157 1383 2227 ὑπάρχει,
1413 2156 1446 2226 ἢ
1476 2155 1627 2227 παρὰ
1661 2154 1854 2223 βούλη-

263 2261 347 2297 σιν
373 2245 593 2301 ἑαυτοῦ.
649 2247 714 2300 Εἰ
745 2247 845 2317 μὲν
873 2243 964 2302 οὖν
995 2253 1060 2303 ὲκ
1109 2248 1438 2320 βουλήσεως,
1487 2247 1850 2319 προηγεῖσθαι

260 2336 316 2389 63-:
339 2337 557 2406 ἀνάγκη
593 2338 692 2409 τῆς
748 2339 1036 2411 ὑπάρξεως
1081 2340 1180 2410 τὴν
1236 2340 1513 2411 βούλησιν,
1569 2339 1760 2392 σιωπῶ
1787 2340 1853 2392 τὸ

260 2425 565 2496 δύσφημον·
590 2430 637 2481 εἰ
660 2427 716 2480 δὲ
743 2430 892 2500 παρὰ
918 2430 1192 2500 βούλησιν,
1213 2431 1270 2496 ἐξ
1295 2431 1541 2501 ἀνάγκης
1563 2429 1670 2501 ἄρα
1694 2429 1853 2482 τοῦτό

261 2519 426 2584 ἐστιν,
466 2520 606 2591 ὅπερ
644 2521 901 2592 ὑπάρχει.
934 2522 1044 2575 Καὶ
1073 2522 1156 2585 τίς
1182 2524 1210 2575 6
1247 2522 1345 2591 τὴν
1368 2523 1616 2591 ἀνάγκην
1642 2522 1852 2585 ἐπιθεὶς

263 2610 450 2679 αὑτῷς
490 2613 634 2666 Εἱδὲ
673 2614 908 2685 ὑπάρχει
943 2615 1043 2685 μὲν
1081 2617 1109 2668 6
1153 2615 1363 2686 Πατὴρ,
1411 2614 1512 2667 οὑκ
1560 2617 1624 2666 ὲκ
1654 2614 1852 2685 βουλή-

266 2719 403 2766 σεως
427 2706 508 2766 δὲ,
531 2704 654 2758 οὔτε
687 2707 794 2776 μὴν
826 2707 976 2778 παρὰ
1006 2706 1282 2777 βούλησιν.
1315 2709 1344 2760 6
1387 2706 1551 2769 αὐτὸς
1579 2707 1851 2775 κρατείτω

263 2796 413 2863 λόγος
446 2799 904 2868 ἀπεριεργάστως
934 2801 1030 2853 καὶ
1089 2801 1175 2869 ἐφ’
1199 2798 1354 2853 Υἱοῢ.
1410 2797 1717 2863 Ἐξετάζειν
1743 2798 1852 2870 γὰρ

263 2890 329 2944 τὰ
364 2889 594 2944 τοιαῦτα
623 2891 1008 2961 ῥιψοκινδύνως
1029 2892 1128 2946 οὑκ
1151 2889 1468 2944 ἀκόλουθον.
1494 2888 1614 2959 Χρὴ
1639 2888 1694 2941 δὲ
1725 2889 1854 2959 μᾶλ-

261 2983 351 3037 λον
368 2982 668 3046 ἀκούοντας
703 2984 833 3057 περὶ
865 2983 999 3037 Θεοῦ
1050 2983 1270 3046 εἰδέναι,
1297 2984 1381 3037 ὅτι
1428 2983 1590 3045 αὑτός
1619 2983 1770 3034 ἐστιν
1820 2984 1852 3034 ὀ

262 3074 495 3142 dinei»:
551 3077 728 3147 ἀρχήν
761 3094 882 3130 τινα
924 3077 1017 3131 τοῦ
1077 3073 1217 3131 εἶναι
1266 3075 1470 3141 λαϐὼν,
1522 3074 1637 3128 ἀλλ’
1686 3073 1852 3137 αὑτὸς

263 3169 372 3230 τοῖς
402 3168 584 3231 ἄλλοις
609 3167 755 3240 ἀρχὴ
785 3168 880 3222 τοῦ
915 3163 1054 3223 εἶναι
1084 3170 1391 3240 γενόμενος.

725 3371 931 3437 AAAO,
961 3370 1420 3441 διηγηματικῶς.

336 3486 573 3540 Ἄτοπον
604 3471 812 3556 σφόδρᾶ
848 3488 940 3540 καὶ
973 3488 1311 3540 ἐπικίνδυνον
1361 3489 1446 3556 ἐφ’
1489 3487 1620 3542 rio?»
1673 3487 1854 3552 λέγειν

263 3576 342 3636 τὺ,
373 3577 633 3648 Βουλήσει
660 3577 769 3649 ἄρα
797 3578 830 3648 ἢ
865 3579 1014 3649 παρὰ
1039 3578 1296 3649 βούλησιν
1335 3581 1625 3651 ἐγεννήθη.
1647 3581 1705 3633 '0
1745 3581 1853 3652 γὰρ

262 3668 360 3719 οὐκ
381 3669 446 3719 ἐκ
474 3667 784 3739 βουλήσεως
820 3669 1082 3738 ὑπάρχων
1115 3669 1268 3732 Θεὸς,
1301 3671 1402 3722 οὑκ
1434 3673 1496 3722 ἐκ
1546 3670 1853 3742 βουλήσεως

265 3755 504 3825 ἔχειτὸν
561 3757 628 3809 ἐκ
667 3757 766 3827 τῆς
817 3756 1005 3820 οὐσίας
1066 3757 1231 3810 αὑτοῦ
1291 3759 1629 3829 προελθόντα
1661 3760 1851 3828 Λόγον,

265 3847 399 3900 ἀλλὰ
439 3847 707 3916 φυσικῶς.
751 3849 849 3918 Εἴη
886 3849 992 3919 γὰρ
1022 3849 1117 3902 καὶ
1146 3847 1320 3914 οὕτως
1351 3851 1514 3904 εἰκὼν
1538 3851 1707 3905 αὑτοῦ
1759 3851 1854 3904 καὶ

265 3939 553 4010 χαρακτήρ
581 3940 643 3992 οὑ
673 3940 1080 4011 διεψευσμένος.

954 4054 1161 4109 ΑΛΛΟ.

334 4160 397 4212 Ei
426 4159 681 4230 βούλησις
713 4163 807 4218 καὶ
829 4163 1018 4234 σκέψις
1053 4168 1380 4237 προηγεῖται
1419 4168 1520 4238 τῆς
1561 4168 1853 4241 ὑπάρξεως

266 4250 356 4304 τοῦ
387 4252 540 4317 Υξοῦ,
575 4253 679 4307 ass
709 4255 840 4319 Υἱὸς
869 4258 1028 4326 σοφία
1086 4259 1178 4310 καὶ
1226 4259 1400 4328 Λόγος
1445 4260 1562 4313 ἐστὶ
1600 4259 1695 4313 τοῦ
1743 4261 1854 4314 Πα-

266 4346 413 4417 τρὸς,
441 4346 562 4410 πῶς
591 4345 840 4400 ἐϐούλετο
860 4350 886 4399 6
912 4349 1041 4413 Θεὸς
1065 4351 1258 4420 ἄλογός
1287 4371 1345 4405 τε
1372 4354 1464 4406 καὶ
1520 4354 1724 4424 ἄσοφος
1753 4355 1850 4419 ὣν,

268 4438 388 4492 καθ’
415 4439 597 4509 ὑμᾶς
629 4438 807 4510 Οὔπω.
825 4440 935 4513 γὰρ
965 4437 1032 4512 ἦν
1052 4444 1081 4495 6
1112 4443 1258 4508 Υἰὺς,
1295 4445 1376 4498 ἔτι
1401 4447 1502 4517 τῆς
1527 4449 1658 4518 περὶ
1681 4448 1849 4502 αὑτοῦ

268 4532 560 4600 γινομένης
615 4531 877 4601 σκέψεως.
936 4532 1060 4598 Πῶς
1097 4534 1152 4587 δὲ
1185 4536 1285 4589 οὑκ
1339 4537 1539 4592 ἄτοπον
1571 4540 1846 4612 εἰσφέρειν

1889 1864 1932 1918 η
1961 1836 2370 1894 convenientius
2397 1842 2500 1890 est.

2632 1946 2865 2004 ALIUD.

2017 2063 2389 2134 Interrogandi
2427 2072 2554 2120 sunt
2583 2062 2770 2118 hostes
2805 2058 3037 2122 Christi,
3073 2074 3204 2112 num
3251 2058 3370 2128 ipse
3391 2054 3553 2111 Verbi

1955 2160 2115 2215 Pater
2149 2161 2426 2214 voluntate
2454 2158 2709 2221 exsistat,
2744 2171 2810 2210 an
2855 2163 3051 2225 [πίοιεν
3097 2169 3252 2209 suam
3307 2151 3552 2208 volunta~

1936 2245 2102 2308 'tem?
2131 2251 2262 2305 Nam
2295 2252 2339 2306 si
2371 2265 2438 2304 ex
2473 2244 2780 2313 voluntate,
2811 2255 2865 2302 et
2900 2260 3125 2301 necesse
3170 2255 3253 2300 est
3306 2244 3555 2299 volunta-

1957 2353 2064 2399 tem
2099 2344 2338 2412 priorem
2367 2340 2537 2395 fuisse
2574 2340 2916 2402 exsistentia,
2978 2345 3133 2391 taceo
3159 2335 3554 2406 blasphemiam

1954 2451 2074 2507 qum
2104 2434 2228 2488 inde
2256 2443 2551 2503 sequetur;
2576 2432 2619 2485 si
2653 2440 2852 2499 praeter
2872 2428 3231 2491 voluntatem,
3263 2441 3329 2480 ex
3361 2440 3556 2479 neces-

1954 2529 2115 2582 sitate
2147 2526 2313 2593 igitur
2342 2534 2427 2578 est
2477 2522 2698 2591 idqqu
2752 2533 2858 2576 est.
2895 2521 2967 2574 At
2993 2519 3115 2589 quis
3166 2519 3213 2573 ei
3256 2520 3557 2589 necessita-

1957 2631 2063 2674 tem
2093 2617 2380 2688 imposuit?
2403 2615 2513 2687 54
2547 2617 2603 2670 Si
2627 2631 2752 2670 vero
2812 2599 3056 2668 exsistit'
3095 2612 3314 2682 quidem
3368 2609 3554 2673 Pater,

1955 2725 2131 2779 neque
2157 2725 2223 2764 ex
2253 2710 2552 2774 voluntate,
2597 2721 2771 2775 neque
2817 2716 3018 2775 prmter
3073 2704 3434 2770 voluntatem,
3463 2716 3558 2758 ea-

1955 2805 2075 2856 dem
2110 2814 2242 2855 sane
2285 2801 2421 2854 ratio
2449 2800 2695 2854 obtineat
2722 2798 2959 2852 etiamin
2989 2796 3147 2851 Filio.
3193 2795 3376 2863 Neque
3409 2795 3554 2849 enim

1955 2891 2069 2945 hinc
2113 2890 2273 2945 nimis
2319 2891 2576 2946 audacter
2609 2901 2662 2943 ct
2694 2887 2990 2943 temerarie
3039 2888 3365 2956 inquirenda
3406 2894 3554 2940 sunt.

1957 2984 2069 3038 Iloc
2100 2997 2228 3038 vero
2253 2983 2450 3051 potius,
2477 2997 2603 3037 cum
2639 2982 2702 3035 de
2726 2982 2835 3035 Deo
2875 2981 3082 3051 agitur,
3121 2977 3416 3033 tenendum
3445 2987 3554 3043 est,

1958 3077 2131 3145 ipsum
2155 3088 2274 3128 esse
2299 3075 2509 3142 quiest,
2545 3073 2747 3141 quique
2782 3071 2989 3124 nullum
3031 3071 3193 3124 habet
3253 3069 3555 3126 exsistendi

1961 3167 2314 3236 principium,
2341 3166 2436 3221 sed
2464 3165 2686 3233 reliquis
2725 3164 2983 3218 omnibus
3051 3164 3268 3218 essendi
3329 3163 3550 3218 initium

1888 3249 1933 3310 C
1965 3258 2132 3313 dedit.

2303 3371 2538 3437 ALIUD,
2568 3371 2638 3424 ad
2664 3371 2740 3426 rei
2767 3371 3197 3441 explicationem.

2027 3486 2335 3542 Ahsurdum
2360 3495 2416 3541 et
2444 3486 2804 3555 periculosum
2833 3495 2916 3541 est
2938 3485 3002 3540 de
3024 3485 3163 3539 FIIIO
3214 3482 3397 3541 dioere
3427 3501 3440 3538 :
3476 3485 3556 3540 Ex

1959 3581 2237 3635 voluntate
2260 3589 2352 3633 aut
2397 3589 2597 3649 praeter
2656 3580 2991 3634 voluntatem
3048 3579 3223 3633 factus
3280 3587 3383 3649 est,
3455 3578 3556 3644 Qui

1956 3672 2100 3728 enim
2129 3688 2232 3726 non
2263 3686 2329 3725 ex
2365 3671 2897 3728 voluntateexsisut
2924 3669 3110 3742 Deus,_
3131 3685 3236 3722 non
3270 3684 3333 3723 ex
3361 3668 3557 3724 volun-

1960 3775 2070 3820 tate
2093 3765 2249 3820 habet
2290 3764 2523 3819 Verbum
2548 3768 2690 3835 quod
2720 3779 2787 3819 ex
2829 3762 2949 3832 ejus
2984 3763 3222 3816 essentia
3269 3761 3556 3832 processit,

1957 3857 2050 3912 sed
2095 3855 2437 3911 naturaliter.
2479 3855 2554 3910 Ita
2581 3839 2726 3912 enim
2764 3855 2945 3926 imago
2972 3853 3092 3924 ejus
3151 3862 3205 3908 et
3262 3855 3557 3909 character

1958 3963 2084 4004 vere
2121 3947 2281 4004 fuerit
2315 3949 2386 4004 ".
2729 3992 2731 3995 .

2632 4059 2864 4116 ALIUD.

2030 4171 2086 4226 Si
2123 4173 2374 4228 voluntas
2405 4183 2461 4227 et
2500 4172 2822 4228 deliberatio
2854 4172 2976 4227 Filii
3015 4172 3391 4226 exsistentiam
3427 4185 3564 4239 prte-

1962 4266 2127 4333 cedit,
2167 4264 2334 4318 Filius
2368 4276 2549 4319 autem
2581 4274 2666 4319 est
2686 4265 2950 4332 sapientia
2981 4277 3035 4318 et
3086 4262 3320 4317 Verbum
3360 4258 3562 4325 Patris,

1958 4372 2065 4423 quo
2110 4366 2266 4425 pacto
2297 4356 2626 4436 deliberavit.
2674 4355 2856 4419 Pater,
2920 4354 3102 4410 Verbo
3161 4366 3215 4409 et
3271 4334 3574 4423 sapientia,

1954 4449 2110 4517 juxta
2151 4457 2396 4503 vestram
2431 4449 2780 4518 sententiam,
2803 4447 3036 4503 carem?
3065 4446 3250 4515 Neque
3285 4447 3429 4500 enim
3458 4448 3561 4500 ad-

1961 4539 2064 4593 huc
2087 4549 2203 4593 erat
2229 4539 2419 4604 Filius,
2447 4553 2568 4592 cum
2605 4539 2783 4593 adhuc
2797 4539 2862 4593 de
2889 4553 2954 4591 eo
2981 4537 3395 4592 deliberaretur.
3441 4536 3560 4604 Quo

271 4619 392 4690 περὶ
425 4621 622 4675 ἑαυτοῦ
659 4621 1043 4694 βουλευόμενον
1063 4626 1156 4678 τὸν
1191 4628 1434 4700 Πατέρα,
1463 4602 1691 4703 πότερόν
1721 4602 1852 4686 ποτε

1966 4639 2116 4701 pacto
2153 4645 2284 4685 vero
2316 4645 2422 4684 non
2470 4630 2766 4685 absurdum
2827 4629 2995 4685 fuerit
3047 4616 3306 4685 inducere
3346 4629 3559 4684 Patrem

272 4713 370 4783 χρὴ
399 4712 594 4780 σοφίαν
619 4713 763 4784 ἔχειν
817 4716 910 4769 καὶ
960 4717 1226 4790 Λόγον,ἢ
1285 4722 1391 4791 μή;
1456 4723 1852 4792 Παραιτεῖσθαι

271 4802 556 4874 τοιγαροῦν
581 4805 879 4874 ἀναγκαῖον
899 4807 998 4871 τὰς
1027 4810 1386 4876 ἀπαιδεύτους
1417 4812 1524 4865 τῶν
1555 4817 1852 4886 χριστομά-

273 4909 377 4961 χων
408 4895 719 4964 προτάσεις,
754 4897 814 4950 οὑ
848 4898 1050 4970 σφόδρα
1106 4900 1477 4956 διαπίνεσθαι·
1504 4907 1641 4975 πρὸς
1663 4908 1724 4958 τὸ
1763 4909 1857 4960 ἁν-

272 4984 501 5055 τιλέγειν
527 4987 736 5052 αὑταῖς.

701 5193 906 5258 ΑΛΛΟ,
965 5193 1424 5264 διηγηματικῶς.

347 5304 445 5357 Διὰ
473 5303 684 5357 πολλῶν
707 5304 809 5374 ἥδη
840 5304 1106 5360 δέδεικται
1157 5307 1332 5377 λόγων
1351 5309 1434 5362 ὅτι
1461 5312 1568 5364 τῶν
1619 5315 1856 5385 ποιημάο

275 5411 380 5446 των
399 5396 646 5466 ἡγήσατο
677 5393 946 5466 βούλησις.
987 5396 1076 5462 Ἐξ
1101 5397 1216 5460 ἑνὸς
1238 5397 1294 5450 δὲ
1318 5399 1377 5452 τὸ
1413 5403 1522 5454 πᾶν
1550 5404 1857 5476 γνωρισθή-

279 5501 441 5543 σεται,
497 5485 620 5538 Ἐπὶ
669 5485 778 5557 γὰρ
822 5486 1007 5557 τῇτοῦ
1053 5487 1340 5556 ἀνθρώπου
1389 5496 1727 5564 κατασκευῇ,
1759 5495 1847 5558 τὸ,

284 5593 302 5627 ι
336 5578 658 5649 Ποιήσωμεν
709 5577 1015 5648 ἄνθρωπον,
1049 5597 1068 5629 ι
1102 5579 1194 5631 καὶ
1231 5580 1312 5645 τὸ,
1365 5599 1383 5631 ι
1419 5583 1706 5654 Γενηθήτω
1738 5602 1859 5637 στε-

284 5668 486 5739 ρέωμα.
526 5687 544 5720 ι
583 5669 678 5722 καὶ
705 5669 785 5729 τὸ,
840 5668 1126 5740 Γενηθήτω
1163 5670 1281 5723 τόδε
1332 5675 1424 5726 καὶ
1476 5675 1614 5743 τόδε,
1667 5675 1860 5747 βουλῆς

366 5821 588 5879 ⁷’⁶11ς1ι1·.
627 5839 664 5886 ι,
706 5825 760 5878 5.
832 5827 873 5858 ⁷⁷
917 5825 1048 5880 (ἔξω.
1098 5843 1134 5880 t.
1178 5828 1229 5890 (ι,
1266 5830 1348 5882 2‘5.

1959 4738 2145 4777 secum
2171 4722 2587 4786 deliberantem,
2611 4736 2678 4776 an
2706 4731 2990 4792 oporteret
3020 4721 3316 4790 aliquando
3343 4723 3563 4792 sapien-

1961 4815 2091 4866 tiam
2123 4825 2179 4867 et
2202 4812 2441 4867 Verbum
2471 4813 2777 4877 babere,an
2817 4816 2963 4869 non?
2995 4813 3311 4881 Rojieienda
3395 4815 3561 4884 igitur

1962 4918 2184 4973 prorsus
2207 4912 2332 4958 sunt
2361 4903 2577 4958 indocta
2630 4904 2870 4958 hostium
2924 4904 3127 4959 Chriin
3200 4915 3559 4976 argumenta,

1966 5011 2074 5050 non
2130 5006 2310 5052 autem
2381 4997 2545 5052 anxie
2609 4996 2994 5068 laborioseque
3047 4999 3116 5053 iis
3176 4999 3561 5055 contradicen-

1958 5088 2111 5142 dum.

2450 5201 2680 5269 ALIUD,
2719 5203 3048 5272 explicatius.

2038 5313 2216 5369 Multis
2234 5314 2346 5384 jam
2377 5313 2560 5370 verbis
2580 5325 2857 5370 ostensum
2916 5325 3000 5370 est
3055 5315 3391 5370 voluntatem
3440 5316 3560 5372 sive

1965 5407 2410 5461 deliberationem
2437 5395 2813 5461 creaturarum
2856 5408 3190 5462 creationem
3223 5410 3553 5478 prmecderc.

1969 5497 2043 5550 Ex
2073 5513 2181 5552 uno
2223 5506 2401 5551 autem
2437 5504 2606 5552 totum
2637 5498 2985 5568 intelligetur.
3005 5496 3138 5552 Nam
3177 5502 3228 5554 in
3280 5502 3559 5555 creatione

1970 5587 2240 5642 hominis:
2273 5606 2291 5638 ι
2335 5587 2642 5650 Faciamus,
2681 5590 2874 5660 inquit,
2900 5592 3193 5654 hominem,
3227 5610 3244 5642 ›
3277 5600 3354 5655 et,
3388 5609 3405 5642 ι
3434 5589 3558 5646 Fiat

1973 5677 2455 5744 ﬁrmamentum".,
2489 5700 2506 5732 ι
2548 5690 2710 5750 atque
2751 5685 2868 5747 hoc,
2901 5680 3136 5736 lt‘iatlioc
3182 5691 3233 5734 ct
3285 5681 3434 5748 illud,
3473 5697 3558 5735 to.
