4012 6338
449 371 514 430 9|
1476 369 1534 426 S.
1574 366 1849 424 CYRILLI
1884 361 2351 420 ALEXANDRINI
2385 359 2706 417 ARCIIIEP.
3604 345 3675 401 9:!

446 495 663 550 Inntatis
685 494 1096 566 signiﬁcativum
1128 501 1228 556 est,
1262 507 1377 560 quae
1405 493 1469 544 ad
1491 490 1733 576 singulas
1786 498 2003 544 creatu-

2132 488 2172 537 ιν
2212 483 2295 555 εἴη
2326 480 2656 554 σημαντικὸν
2687 480 2786 551 τῆς
2811 479 2895 547 ἐφ’
2924 478 3135 548 ἑκάστῳ
3167 477 3273 531 τῶν
3301 474 3685 547 πεποιημένων

447 600 534 639 ras
557 584 833 639 faciendas
875 600 902 637 a
961 584 1069 639 Deo
1122 581 1363 638 adhibita
1412 590 1518 645 est,
1582 580 1799 634 tametsi
1831 582 2011 635 statim

447 690 583 744 opus
616 675 960 730 subsecutum
992 682 1267 743 appareat.
1295 671 1350 726 Si
1382 686 1507 740 ergo
1568 679 1850 725 creaturas
1879 686 2014 740 praes

444 766 586 821 cedit
607 765 877 837 voluntas,
909 765 1089 820 omnia
1140 780 1265 819 vero
1295 763 1431 820 facta
1462 769 1587 817 sunt
1627 778 1726 830 per
1773 761 1967 816 Filium
1996 801 2014 822 ,

446 865 594 909 certe
626 856 865 910 omnium
898 865 1117 909 numero
1148 868 1252 907 non
1310 852 1793 921 comprehenditur
1833 853 1878 906 is
1921 866 2015 920 per

445 962 602 1013 quem
628 946 805 1001 omnia
834 944 969 1000 facta
988 952 1131 999 sunt.
1172 944 1233 997 Et
1278 944 1322 998 si
1374 944 1510 997 alius
1538 953 1621 998 est
1670 943 1738 997 ab
1788 944 1855 998 iis
1896 958 2014 1010 qum

446 1036 715 1102 prmcessit
743 1035 1007 1099 voluntas,
1042 1050 1147 1089 non
1177 1043 1259 1088 est
1290 1033 1465 1089 factus
1493 1050 1559 1088 ex
1595 1035 1866 1088 voluntate
1901 1036 2013 1088 sic-

447 1125 765 1195 utillaJpse
803 1126 945 1179 enim
986 1135 1068 1180 est
1090 1126 1208 1179 viva
1268 1125 1519 1178 voluntas
1584 1122 1783 1187 Patris,
1819 1126 1869 1177 in
1905 1138 2010 1191 qua

445 1214 620 1267 omnia
649 1223 917 1279 operatur.
958 1211 1123 1268 Vocat
1180 1222 1359 1266 autem
1416 1214 1578 1267 etiam
1634 1214 1803 1280 ipsum
1863 1210 2013 1267 Psal-

447 1305 602 1359 mista
636 1304 963 1359 voluntatem
994 1303 1192 1369 Patris,
1225 1305 1445 1359 dicens:
1481 1323 1499 1355 ι
1537 1306 1591 1359 In
1625 1305 1891 1360 voluntate
1925 1315 2011 1359 tua

447 1392 715 1447 deduxisti
748 1407 833 1446 me
860 1392 924 1446 ⁷⁸.
969 1410 987 1442 ι

1118 1505 1347 1562 ALIUD.

520 1622 577 1676 Si
603 1622 881 1676 consilium
908 1630 963 1677 et
989 1620 1233 1675 voluntas
1262 1620 1438 1675 Patris
1480 1628 1564 1674 est
1604 1618 1790 1686 Filius,
1828 1628 1887 1673 ut
1937 1633 2013 1673 re-

448 1727 576 1767 vera
605 1720 706 1773 est,
745 1725 849 1778 quo
869 1718 1023 1779 pacto
1046 1709 1299 1779 prmcedit
1326 1709 1569 1762 Vulllltlas
1600 1708 1717 1777 ejus
1747 1709 2013 1763 exsisten-

2117 576 2409 645 γενομένης
2448 571 2594 642 παρὰ
2628 570 2784 634 Θεοῦ,
2821 571 2868 623 εί
2917 571 3010 622 καὶ
3058 568 3398 640 παραχρῆμα
3420 568 3479 621 τὸ
3521 568 3688 638 ἔργον

2115 663 2436 718 ἀκολουθοῦν
2459 664 2723 731 φαίνεται.
2777 662 2839 713 El
2893 661 3069 714 τοίνυν
3098 659 3205 713 τῶν
3242 661 3341 729 μὲν
3369 661 3685 730 κτισμάτων

2115 757 2329 826 ἡγεῖται
2366 748 2633 823 βούλησίς,
2679 753 2867 821 γέγονε
2918 752 2975 805 δὲ
3018 752 3194 805 πάντα
3256 751 3322 803 δι’
3354 751 3503 815 Υἱοῦ,
3528 752 3689 816 ἐκτός

2116 847 2231 897 ἐστι
2253 843 2361 897 τῶν
2393 845 2607 898 πάντων
2661 844 2689 895 ὁ
2746 844 2811 896 δι’
2845 836 2905 897 οὑ
2934 842 3001 896 τὰ
3041 842 3218 896 πάντα
3248 841 3457 909 γέγονε.
3499 842 3610 895 Kal.
3634 843 3684 894 sl

2114 934 2298 1004 ἕτερός
2329 936 2474 987 ἐστιν
2526 933 2748 987 ἐκείνων
2783 926 2858 986 ὧν
2901 935 3146 1003 ἡγήσατο
3197 932 3468 1003 βούλησις,
3492 934 3589 986 οὐκ
3616 932 3686 985 ἂν

2114 1025 2199 1092 εἴη
2231 1024 2370 1077 κατὰ
2401 1023 2650 1093 βούλησιν
2682 1023 2918 1091 γεγονὼς
2947 1022 3134 1093 ὥσπερ
3163 1024 3319 1076 αὑτά.
3368 1022 3537 1085 Αὑτὸς
3574 1022 3684 1093 γάρ

2114 1114 2259 1164 ἐστιν
2300 1114 2331 1183 ή
2355 1112 2504 1175 ζῶσα
2526 1112 2687 1183 βουλὴ
2728 1112 2823 1165 τοῦ
2849 1112 3083 1183 Πατρδς,
3138 1113 3196 1181 ὲν
3237 1106 3359 1184 ᾗτὰ
3392 1111 3568 1165 πάντα
3594 1112 3685 1180 ἐρ-

2114 1203 2357 1269 γάζεται.
2387 1203 2556 1257 Καλεῖ
2600 1203 2657 1255 δὲ
2714 1202 2989 1256 αὑτὸνκαὶ
3030 1203 3223 1273 βουλὴν
3266 1202 3358 1255 τοῦ
3404 1203 3613 1272 Πατρδς
3655 1203 3683 1254 ὁ

2115 1293 2413 1362 Ψαλμῳδὸς
2442 1334 2455 1359 ,
2497 1292 2667 1360 λέγων
2701 1310 2714 1325 ·
2782 1312 2801 1344 ι
2851 1294 2939 1346 Ἐν
2984 1296 3050 1363 τῇ
3120 1292 3280 1363 βουλῇ
3330 1309 3423 1345 σου
3482 1292 3685 1364 ὡδήγη-

2115 1383 2211 1446 σάς
2245 1399 2331 1453 με.
2366 1402 2386 1434 ι

2775 1497 2980 1551 ΑΛΛΟ.

2186 1608 2247 1662 Εἰ
2281 1607 2443 1678 βουλὴ
2497 1607 2590 1662 καὶ
2642 1606 2852 1679 θέλημα
2882 1609 2975 1662 τοῦ
3008 1610 3219 1680 Πατρός
3266 1611 3412 1662 ἐστιν
3461 1611 3489 1663 ὁ
3526 1609 3686 1672 Υἱὸς,

2113 1702 2297 1772 ὥσπερ
2335 1696 2427 1753 οὖν
2458 1700 2549 1752 καὶ
2579 1700 2713 1764 ἔστι,
2764 1702 2880 1763 πῶς
2910 1703 3123 1771 ήγεῖται
3151 1701 3370 1769 Θέλησις
3394 1701 3488 1771 τῆς
3512 1701 3687 1771 ὑπάρ-

451 1796 619 1850 tiam?
656 1795 936 1850 Videbitur
959 1798 1101 1852 enim
1137 1797 1249 1864 ipse
1275 1796 1508 1865 seipsum
1541 1795 1752 1851 fecisse.
1803 1795 1909 1866 55
1948 1797 2013 1851 Et

2132 1793 2251 1856 Ξεως
2280 1790 2443 1845 αὑτοῦ
2464 1809 2478 1857 ;
2496 1790 2667 1853 Αὐτὸς
2695 1791 2803 1861 γάρ
2832 1792 3022 1845 ἑαυτὸν
3045 1791 3195 1845 ἔσται
3225 1792 3560 1862 πεποιηκώς.
3581 1792 3691 1843 Καὶ

450 1888 539 1956 qui
568 1888 799 1941 nondum
831 1887 1000 1943 factus
1022 1896 1159 1953 erat,
1186 1896 1242 1940 ut
1290 1887 1527 1942 hzeretici
1574 1888 1779 1951 volunt,
1844 1890 1910 1943 de
1958 1904 2017 1944 se

452 1976 568 2043 ipso
592 1978 922 2033 deliberasse
949 1979 1173 2032 dicetur.
1225 1980 1291 2033 At
1314 1980 1356 2032 si
1396 1980 1495 2033 hoc
1524 1980 1813 2035 absurdum
1866 1980 2012 2035 dictu

455 2078 559 2135 est,
592 2085 694 2123 non
722 2084 851 2138 ergo
875 2068 1147 2125 voluntate
1174 2070 1348 2126 factus
1406 2081 1509 2134 est,
1558 2072 2015 2141 quemadmodum

454 2168 749 2224 creatum;
782 2160 873 2214 sed
902 2171 1093 2215 eratut
1126 2161 1369 2216 voluntas
1402 2162 1578 2216 Patris
1604 2164 1653 2215 in
1684 2164 1819 2233 ipso,
1852 2173 2017 2234 atque

452 2254 588 2307 adeo
618 2252 785 2321 ipsius
807 2251 1080 2307 Genitoris
1101 2254 1351 2308 essentia:
1375 2255 1697 2324 proprietas.

1120 2360 1347 2416 ALIUD.

523 2469 773 2524 Christus
801 2470 997 2526 alicubi
1029 2470 1204 2538 inquit
1238 2491 1250 2525 :
1296 2470 1403 2542 Ego
1447 2472 1497 2526 iu
1532 2472 1713 2538 Patre,
1748 2484 1802 2529 et
1860 2475 2021 2532 Pater

457 2560 510 2614 in
538 2575 643 2626 me,
672 2560 834 2616 veluti
863 2561 1039 2615 locum
1076 2562 1386 2630 quemdam,
1425 2564 1513 2631 qui
1548 2578 1605 2618 se
1636 2563 1808 2619 solum
1843 2566 2018 2620 conti-

458 2661 603 2715 neat,
668 2653 979 2721 signiﬁcans
1028 2652 1266 2718 Patrem,
1301 2664 1352 2708 et
1386 2671 1573 2709 rursus
1602 2656 1817 2712 Patrem
1849 2659 2019 2713 solum

459 2743 511 2795 in
541 2742 655 2810 ipso
684 2742 1053 2796 exsistentem.
1114 2742 1167 2796 Si
1201 2757 1330 2812 ergo
1360 2743 1501 2797 aliud
1547 2746 1824 2813 quidpiam
1859 2756 1940 2801 est
1966 2748 2018 2801 in

460 2832 617 2886 Patre
652 2833 903 2887 voluntas
932 2833 1103 2901 ipsius
1153 2849 1312 2902 quam
1350 2833 1538 2897 Filius,
1569 2851 1675 2903 quo
1712 2845 1867 2905 pacto
1891 2853 2021 2892 vero

459 2922 575 2978 haec
609 2916 847 2977 dixerit?
884 2924 1203 2993 Reperietur
1238 2925 1403 2991 enim,
1447 2926 1599 2993 juxta
1637 2929 1880 2981 insanam
1913 2929 2024 2983 hze-

462 3013 750 3067 reticorum
783 3014 1109 3083 opinionem,
1165 3024 1285 3069 ante
1346 3018 1717 3072 cxsistentiam
1750 3016 1892 3084 Filii,
1930 3033 2022 3072 vo-

462 3104 640 3158 luntas
702 3103 757 3158 in
808 3102 966 3159 Patre
1016 3106 1301 3171 exsistens,
1344 3121 1440 3173 per
1498 3123 1658 3177 quam
1706 3110 1878 3164 factus
1916 3118 2020 3175 est,

2124 1885 2151 1936 ὁ
2186 1882 2349 1954 μήπω
2399 1880 2657 1949 γεγονὼς,
2715 1881 2856 1935 κατὰ
2906 1882 3032 1945 τοὺς
3083 1883 3501 1953 χριστομάχους,
3564 1880 3693 1950 περὶ

2124 1972 2316 2027 ἑαυτοῦ
2354 1975 2599 2041 φανεῖται
2655 1970 3056 2044 βουλευόμενος.
3120 1974 3182 2026 EI
3232 1973 3289 2025 δὲ
3322 1972 3477 2025 τοῦτο
3515 1971 3693 2038 λέγειν

2124 2064 2339 2126 ἄτοπον,
2373 2063 2473 2114 οὑκ
2499 2061 2604 2131 ἄρα
2632 2060 2879 2133 βουλήσει
2920 2065 3161 2132 γέγονεν,
3206 2064 3392 2133 ὥσπερ
3447 2063 3512 2117 τὰ
3536 2065 3695 2132 ποιή-

2128 2170 2289 2223 ματα·
2332 2155 2445 2206 ἀλλ’
2474 2150 2541 2225 ἦν
2565 2155 2637 2219 ὼς
2663 2154 2825 2226 βουλὴ
2876 2154 2971 2208 τοῦ
3018 2156 3230 2227 Πατρὸς
3254 2159 3310 2209 ὲν
3346 2154 3515 2225 αὑτῷ,
3566 2153 3699 2207 αὑτὸ

2124 2246 2219 2315 τῆς
2247 2245 2431 2309 οὑσίας
2467 2247 2726 2317 ὑπάρχων
2756 2247 2846 2300 τοῦ
2875 2249 3233 2319 γεννήσαντος
3261 2248 3321 2301 τὸ
3354 2248 3502 2303 ίδιον.

2818 2363 3020 2416 ΔΛΛΟ.

2196 2472 2357 2541 Λέγει
2383 2489 2486 2525 που
2516 2472 2767 2543 Χριστός
2812 2492 2829 2524 t
2878 2472 3018 2541 Ἐγὼ
3076 2475 3134 2526 ἐν
3185 2473 3260 2543 τῷ
3301 2475 3496 2545 Πατρὶ,
3533 2478 3626 2529 καὶ
3669 2477 3703 2529 ὁ

2128 2564 2317 2634 Πατὴρ
2339 2566 2395 2615 ἐν
2418 2564 2561 2632 ἐμοὶ,
2602 2581 2619 2614 ι
2684 2564 2872 2636 ὥσπερ
2920 2562 3040 2616 τινὰ
3090 2565 3255 2617 τόπον
3285 2566 3476 2620 ἑαυτὸν
3509 2567 3699 2636 ἔχοντα

2131 2654 2288 2723 μόνον
2329 2654 2607 2722 σημαίνων
2628 2652 2718 2705 τὸν
2753 2654 2990 2724 Πατέρα,
3017 2655 3111 2708 καὶ
3157 2655 3317 2709 πάλιν
3355 2656 3430 2720 ὼς
3462 2656 3555 2711 τοῦ
3588 2658 3701 2710 Πα-

2127 2743 2251 2813 τρὸς
2286 2743 2435 2805 ὄντος
2466 2744 2524 2795 ὲν
2558 2742 2707 2812 αὺτῷ
2737 2743 2913 2811 μόνον.
2945 2744 3008 2797 El
3032 2745 3209 2797 τοίνυν
3249 2745 3435 2815 ἕτερόν
3465 2746 3517 2799 τί
3551 2748 3700 2799 ἐστιν

2129 2834 2185 2885 ὲν
2211 2831 2286 2901 τῷ
2313 2832 2489 2902 Πατρὶ
2517 2831 2667 2902 παρὰ
2695 2834 2783 2885 τὸν
2822 2833 2948 2885 Υἱὺν
2988 2835 3021 2903 ή
3070 2833 3322 2904 βούλησις
3354 2834 3538 2899 αὑτοῦ,
3586 2835 3703 2897 πῶς

2130 2919 2416 2990 ἀληθεύσει
2446 2920 2514 2974 τὰ
2545 2921 2767 2974 τοιαῦτα
2808 2922 3016 2989 λέγων;
3042 2923 3365 2993 Εὑρίσκεται
3402 2924 3529 2993 γὰρ,
3563 2923 3703 2977 κατὰ

2130 3012 2226 3080 τὴν
2262 3011 2368 3063 τῶν
2401 3010 2780 3081 χριστομάχων
2838 3012 3057 3081 μανίαν,
3101 3014 3205 3081 πρὸ
3268 3014 3367 3083 τῆς
3418 3012 3703 3084 ὑπάρξεως

2131 3100 2223 3153 τοῦ
2255 3101 2405 3167 Υίοῦ,
2440 3101 2693 3171 βούλησις
2713 3098 2846 3156 οὖσα
2886 3106 2942 3156 ὲν
2972 3105 3167 3175 Πατρὶ,
3198 3103 3317 3157 καθ’
3346 3106 3411 3176 ἥν
3436 3106 3659 3174 γέγονεν
3684 3147 3700 3171 ,

464 3196 611 3250 utilli
644 3196 847 3251 dicunt.
888 3195 942 3250 Si
972 3208 1149 3251 autem
1208 3214 1331 3252 vere
1365 3200 1492 3254 dicit
1518 3215 1576 3253 se
1621 3203 1675 3253 in
1705 3200 1858 3256 Patre
1884 3215 2023 3270 esse,

2132 3192 2200 3255 ὡς
2241 3193 2437 3245 ἐκεῖνοί
2469 3210 2650 3263 φασιν.
2680 3194 2739 3246 El
2780 3194 2839 3246 δὲ
2868 3194 3142 3264 ἀληθεύει,
3195 3196 3384 3248 ἑαυτὸν
3433 3199 3490 3249 ὲν
3532 3198 3705 3265 Ilath

462 3293 518 3339 et
554 3300 760 3351 rursus,
789 3285 960 3339 solum
985 3287 1035 3340 in
1069 3301 1127 3341 se
1158 3302 1275 3341 esse
1306 3288 1514 3343 Patrem
1535 3328 1548 3351 ,
1582 3290 1798 3344 ubinam
1825 3294 2027 3346 consti-

469 3385 647 3429 tuetur
691 3376 959 3440 voluntas,
1017 3394 1136 3431 cum
1200 3379 1331 3432 nihil
1389 3379 1489 3435 loci
1564 3382 1632 3434 sit
1678 3381 2029 3436 intermedii?

469 3468 617 3531 Quod
655 3469 699 3522 si
724 3482 907 3522 verum
934 3477 1038 3536 est,
1088 3482 1192 3523 non
1242 3485 1370 3538 ergo
1401 3470 1676 3527 voluntate
1708 3472 1885 3527 factus
1908 3482 1989 3529 est
2012 3514 2026 3539 ,

469 3557 562 3612 sed
602 3558 713 3628 ipse
742 3567 823 3613 est
853 3558 1103 3615 voluntas
1138 3560 1338 3615 Patris.

1140 3671 1365 3727 ALIUD.

537 3782 591 3838 Si
633 3784 1085 3852 quemadmodum
1133 3798 1429 3852 creaturas,
1462 3788 1532 3841 ita
1582 3790 1742 3843 etiam
1767 3791 2034 3847 exsisten-

473 3880 597 3931 tiam
622 3875 738 3929 Filii
776 3868 1050 3947 praecessit
1078 3880 1345 3945 voluntas,
1376 3896 1474 3935 cur
1503 3896 1621 3951 quae
1661 3882 1798 3937 idem
1833 3884 2035 3937 habent

472 3968 832 4035 generationis
866 3969 1183 4039 principium
1210 3980 1259 4025 et
1308 3986 1402 4040 per
1428 3973 1669 4026 eamdem
1701 3974 2031 4029 voluntatem

474 4058 613 4112 facta
648 4069 790 4121 sunt,
820 4069 1097 4131 tantopere
1126 4063 1266 4116 inter
1289 4078 1346 4119 se
1381 4072 1571 4118 natura
1597 4056 2032 4127 differunt,adeo

473 4156 528 4201 nt
556 4148 642 4203 ille
681 4150 937 4206 Dominus
968 4153 1036 4206 sit
1070 4162 1124 4206 et
1183 4154 1340 4221 Deus,
1375 4156 1455 4209 hac
1484 4154 1705 4210 serviles
1744 4158 1849 4209 sint
1875 4171 2032 4211 erea-

475 4240 631 4294 turre?
654 4239 993 4297 Manifestum
1025 4250 1203 4297 autem
1239 4254 1321 4299 est
1347 4248 1486 4313 quod
1527 4246 1696 4302 Filius
1724 4249 1907 4303 deitati
1934 4249 2036 4303 Pa-

476 4330 573 4386 tris
604 4332 919 4386 naturaliter
951 4333 1133 4386 unitus
1189 4334 1444 4389 Dominus
1494 4345 1547 4390 et
1600 4338 1797 4390 dicitur
1821 4347 1875 4392 et
1900 4348 1980 4391 est
2020 4358 2032 4392 :

475 4430 719 4474 creatura
752 4436 880 4476 vero
918 4436 1096 4490 serva,
1135 4425 1256 4492 quia
1312 4436 1464 4479 extra
1490 4427 1780 4481 essentiam
1821 4438 2033 4483 creato-

2137 3284 2234 3353 μὲν
2266 3279 2404 3336 εἶναι
2438 3286 2683 3353 φάσκων,
2714 3286 2806 3338 καὶ
2839 3286 3023 3349 πάλιν,
3053 3287 3127 3349 ὡς
3153 3287 3311 3356 μόνον
3352 3290 3408 3340 ὲν
3446 3287 3593 3357 αὑτῷ
3615 3289 3705 3341 τὸν

2134 3375 2368 3442 Πατέρα,
2386 3376 2487 3429 ποῦ
2517 3378 2549 3445 ἡ
2576 3376 2826 3448 βούλησις
2844 3379 3109 3443 κείσεται,
3129 3379 3342 3442 οὐδενὸς
3362 3380 3510 3442 ὄντος
3538 3380 3703 3431 τόπου

2137 3465 2338 3536 μεταξύ
2363 3484 2376 3532 ;
2415 3468 2475 3521 Εἰ
2500 3467 2555 3521 δὲ
2580 3469 2757 3531 τοῦτο,
2780 3470 2876 3522 οὐκ
2902 3469 3009 3540 ἄρα
3046 3470 3296 3541 βουλήσει
3333 3472 3570 3543 γέγονεν,
3590 3470 3705 3525 ἀλλ’

2134 3559 2292 3622 αὑτός
2320 3562 2467 3614 ἐστιν
2496 3563 2528 3630 ἡ
2567 3560 2661 3614 τοῦ
2688 3562 2901 3633 Πατρὸς
2931 3562 3205 3633 βούλησις.

2824 3676 3025 3728 ΑΛᾹΟ.

2205 3790 2267 3841 El
2319 3789 2567 3859 καθάπερ
2614 3788 2723 3841 τῶν
2764 3791 3083 3859 ποιημάτων
3138 3790 3379 3860 ἡγήσατο
3424 3790 3701 3860 βούλησις.

2135 3879 2275 3933 οὑτω
2302 3880 2394 3932 καὶ
2422 3879 2520 3947 τῆς
2551 3878 2836 3947 ὑπάρξεως
2864 3878 2955 3931 τοῦ
2988 3879 3243 3949 Χριστοῦ,
3291 3879 3412 3931 ὅτου
3438 3879 3501 3950 δὴ
3546 3881 3707 3950 χάριν

2135 3971 2202 4023 τὰ
2240 3970 2335 4040 τὴν
2366 3969 2533 4039 αὐτὴν
2593 3968 2780 4038 ἔχοντα
2810 3969 2909 4039 τῆς
2939 3968 3205 4037 γενέσεως
3246 3969 3419 4040 ἀρχὴν
3466 3970 3560 4021 καὶ
3619 3969 3706 4021 διά

2134 4061 2232 4131 τῆς
2264 4062 2430 4129 αὐτῆς
2464 4060 2724 4127 γεγονότα
2787 4059 3003 4128 βουλῆς,
3051 4059 3305 4111 τοσοῦτον
3340 4058 3579 4129 ἀλλήλων
3608 4059 3705 4129 τὴν

2138 4152 2295 4219 φύσιν
2324 4152 2621 4219 διέστηκεν,
2657 4150 2731 4213 ὼς
2755 4150 2843 4202 τὸν
2878 4152 2973 4219 μὲν
3008 4150 3209 4220 Κύριον
3248 4149 3417 4213 οὑτως
3450 4145 3587 4202 εἶναι
3614 4150 3706 4203 καὶ

2137 4243 2285 4307 Θεὸν,
2332 4242 2400 4295 τὰ
2432 4243 2487 4295 δὲ
2511 4242 2669 4295 δοῦλά
2692 4259 2748 4294 τε
2774 4242 2867 4295 καὶ
2891 4243 3205 4312 ποιήματα;
3248 4243 3385 4294 Ἀλλ’
3420 4242 3535 4294 ἔστι
3554 4242 3708 4312 δῆλον

2137 4336 2212 4398 ὡς
2240 4338 2267 4389 ὁ
2299 4334 2393 4404 μὲν
2421 4334 2546 4397 Υἱὸς
2599 4336 2663 4404 τῇ
2696 4337 2788 4386 τοῦ
2826 4333 3040 4403 ΙΙατρὸς
3096 4334 3307 4403 θεότητι
3368 4333 3506 4386 κατά
3550 4332 3708 4400 φύσιν

2140 4427 2422 4499 ἑνούμενος
2460 4425 2662 4496 Κύριος
2721 4425 2938 4495 εἴρηται
3002 4425 3092 4477 καὶ
3142 4424 3309 4475 ἔστιν’
3338 4424 3370 4492 ἡ
3403 4422 3457 4473 δὲ
3512 4423 3707 4486 κτίσις,

479 4512 549 4565 ris
576 4520 680 4579 est,
716 4520 768 4567 et
811 4527 841 4566 a
874 4514 1101 4568 naturali
1153 4516 1220 4569 ad
1272 4516 1484 4571 Patrem
1538 4518 1796 4573 relatione
1839 4519 2023 4581 aliena.

2137 4520 2317 4589 δούλη,
2338 4519 2427 4572 διὰ
2458 4518 2518 4570 τὸ
2542 4517 2644 4583 ἔξω
2681 4516 2895 4568 κεῖσθαι
2920 4515 3019 4585 τῆς
3045 4515 3232 4576 οὑσίας
3286 4514 3379 4566 τοῦ
3417 4515 3711 4583 πεποιηκό⁴

476 4604 843 4660 Necessarium
879 4608 1040 4674 igitur
1060 4616 1139 4663 est
1169 4618 1228 4662 ut
1268 4626 1385 4678 qum
1437 4618 1636 4664 tantam
1676 4612 1816 4667 inter
1851 4627 1908 4668 se
1934 4614 2030 4667 ha-

481 4696 610 4750 bent
637 4697 1021 4766 dill’erentiam,
1065 4718 1173 4756 non
1215 4718 1379 4757 unum
1428 4704 1656 4758 habeant
1687 4706 2033 4775 principium.

2141 4629 2249 4677 τος,
2298 4612 2390 4664 καῖ
2439 4611 2539 4679 τῆς
2589 4610 2723 4679 πρὸς
2777 4608 2867 4661 τὸν
2914 4607 3136 4677 Πατέρα
3190 4605 3424 4675 σχέσεως
3452 4608 3705 4675 φυσικῆς.

2156 4705 2389 4773 Ἀνάγκη
2418 4703 2594 4755 τοίνυν
2616 4702 2684 4754 τὰ
2718 4700 2983 4771 τοσαύτην
3007 4700 3197 4769 ἔχοντα
3228 4698 3359 4769 πρὸς
3390 4698 3590 4767 ἄλληλα
3612 4699 3710 4767 τὴν

479 4787 585 4843 Sed
620 4788 701 4842 hie
736 4791 972 4858 quidem,
1009 4804 1069 4848 ut
1112 4804 1394 4857 creatum,
1446 4810 1510 4849 ex
1564 4797 1837 4851 voluntate
1885 4797 2023 4853 facta

2141 4796 2421 4867 διαφορὰν,
2473 4796 2546 4867 μὴ
2589 4796 2718 4864 μίαν
2753 4793 2892 4862 ἔχειν
2940 4793 3131 4862 ἀρχὴν.
3182 4791 3343 4843 Ἀλλὰ
3380 4791 3448 4843 τὰ
3483 4791 3601 4858 μὲν,
3636 4791 3711 4852 ὡς

477 4888 623 4934 sunt.
673 4878 843 4937 Filius
898 4894 1095 4950 autem,
1127 4886 1321 4955 quippe
1349 4888 1551 4955 quiest
1592 4889 1705 4958 ipsa
1752 4890 2038 4957 voluntas,

477 4980 596 5025 erat
625 4973 693 5026 ab
717 4981 917 5028 :eterno
940 4974 990 5027 in
1025 4974 1205 5034 Patre.

825 5086 1055 5155 ALIUD,
1084 5092 1151 5144 ad
1180 5092 1253 5145 rei
1275 5094 1689 5162 explicationem.

550 5194 842 5264 Oportebat
889 5208 1066 5255 autem
1106 5201 1267 5258 hosce
1324 5204 1525 5259 Christi
1577 5207 1759 5261 hostes
1811 5208 1901 5276 qui
1945 5223 2050 5261 non

484 5294 736 5336 verentur
800 5286 1137 5357 interrogare
1177 5305 1242 5344 an
1277 5293 1549 5349 voluntate
1577 5294 1768 5351 Filium
1795 5301 2041 5366 genuerit

482 5371 657 5438 Pater,
685 5374 845 5429 etiam
901 5378 1001 5433 hoc
1045 5380 1223 5436 dicere
1256 5400 1269 5435 :
1330 5382 1410 5436 An
1458 5384 1508 5438 in
1541 5389 1821 5455 prudentia
1850 5388 2040 5443 Filium

481 5462 723 5528 genuerit
748 5462 923 5517 Pater.
963 5463 1106 5519 Idem
1140 5469 1281 5522 enim
1307 5470 1557 5525 videntur
1580 5488 1702 5528 esse
1726 5473 2039 5530 deliberatio

484 5558 534 5604 et
568 5550 864 5618 prudentia.
896 5552 1170 5625 Siquidem
1206 5558 1450 5631 quisquis
1513 5564 1709 5631 aliquid
1744 5564 2040 5632 deliberat,

577 5722 775 5783 7"I’sal.
814 5747 980 5795 Lxxu,
1024 5735 1109 5787 ΞΖ.

2144 4888 2443 4957 ποιήματα,
2500 4887 2563 4936 ἐκ
2612 4882 2915 4953 βουλήσεως
2975 4881 3215 4948 γέγονεν.
3267 4881 3323 4933 Ὀ
3369 4879 3424 4932 δὲ
3458 4879 3607 4943 Υἱὸς,
3636 4878 3711 4941 ὠς

2145 4980 2301 5041 αὐτὸς
2325 4977 2453 5048 ὣνή
2486 4976 2755 5045 βούλησις,
2782 4970 2847 5045 ἦν
2881 4973 3063 5035 ἀϊδίως
3098 4975 3155 5025 ἐν
3197 4971 3391 5042 Πατρί.

2571 5088 2751 5140 ΑΑΛΟ
2772 5129 2785 5152 ,
2814 5082 3267 5155 διηγηματικῶς.

2208 5200 2506 5263 Ἔδειτοὺς
2558 5199 2960 5269 χριστομάχους
3005 5194 3428 5265 άποτολμῶντας
3482 5194 3709 5264 ἐρωτᾷν,

2144 5299 2190 5350 εἰ
2235 5295 2481 5366 βουλήσει
2512 5293 2603 5345 τὸν
2633 5293 2759 5345 Υίὸν
2798 5290 3086 5358 ἐγέννησεν
3116 5290 3143 5340 ὁ
3192 5288 3404 5357 Πατὴρ,
3432 5286 3526 5339 καὶ
3555 5285 3712 5338 τοῦτο

2144 5388 2341 5456 λέγειν’
2376 5386 2437 5438 El
2468 5386 2526 5438 ὲν
2555 5384 2813 5454 φρονήσει
2837 5381 2927 5434 τὸν
2964 5380 3091 5433 Υἱὸν
3116 5379 3399 5449 ἐγέννησεν
3429 5380 3456 5430 ὁ
3501 5378 3709 5446 Πατήρ.

2147 5467 2353 5532 Ταυτὸν
2375 5476 2481 5545 γὰρ
2512 5474 2775 5544 ὑπάρχειν
2815 5472 3062 5540 φαίνεται
3104 5468 3263 5541 βουλὴ
3299 5470 3397 5524 καὶ
3432 5468 3709 5539 φρόνησις.

2161 5568 2373 5638 Ἐπειδὴ
2416 5569 2520 5620 πᾶν
2577 5567 2711 5638 ὅπερ
2766 5567 2828 5620 ἄν
2882 5582 2959 5627 τις
3002 5562 3346 5634 βουλεύηται,
3410 5558 3566 5614 τοῦτο
3622 5558 3710 5613 καὶ
