4012 6338
315 408 389 467 93
1728 396 2170 455 THESAURUS.
3520 393 3591 451 96

319 526 525 597 φρονεῖ·
551 524 644 577 καὶ
686 522 849 576 πάλιν
887 522 1079 593 ὥσπερ
1104 521 1164 585 ἐξ
1195 520 1667 591 ἀντιστρέφοντος.
1705 521 1735 573 6
1772 538 1899 590 φρο-

2025 521 2142 575 detn
2171 518 2335 573 etiam
2373 516 2607 587 prudens
2632 525 2717 571 est
2746 534 2759 570 :
2792 524 2842 570 et
2876 516 2994 570 vice
3023 530 3198 580 versa,
3238 517 3327 585 qui
3354 513 3595 585 prudens

318 620 419 678 νεῖ,
463 617 557 669 καὶ
600 611 934 683 βουλεύεται.
999 610 1325 681 Εὑρίσκεται
1362 610 1491 676 γοῦν
1531 610 1608 672 ὡς
1653 609 1899 662 ἰσοδυνα-

321 708 526 778 μοῦντα
560 706 851 759 συνάπτων
878 704 1018 757 αὑτά
1039 702 1133 756 καὶ
1164 704 1192 755 6
1232 703 1420 772 Σωτὴρ
1444 703 1528 770 ἐφ’
1558 701 1773 766 ἑαυτοῦ,
1803 702 1900 756 καὶ

318 800 512 867 λέγων’
561 796 698 867 Ἐμὴ
739 795 903 867 βουλὴ
955 796 1047 847 καὶ
1085 794 1376 860 ἀσφάλεια,
1421 793 1531 862 ὲμὴ
1594 795 1897 863 φρόνησις,

319 887 428 957 ἐμὴ
445 886 502 938 δὲ
531 884 706 955 ἰσχύς.
730 885 940 954 Ὠσπερ
984 882 1091 951 γὰρ
1116 880 1383 949 ἀσφάλεια
1411 882 1505 931 καὶ
1530 878 1684 948 ισχὺς
1706 878 1900 930 ταυτόν

317 980 489 1037 ἐστιν,
528 973 675 1027 οὕτω
728 974 821 1026 καὶ
867 972 1029 1042 βουλὴ
1082 972 1177 1023 καὶ
1232 967 1515 1038 φρόνησις.
1552 967 1616 1019 Εἰ
1675 966 1771 1034 μὲν
1809 960 1900 1017 οὖν

318 1065 530 1138 ἀῃρονά
572 1083 701 1119 ποτε
754 1062 1071 1118 πιστεύουσι
1134 1059 1463 1131 γεγενῆσθαι
1516 1058 1608 1110 τὸν
1641 1056 1897 1129 Πατέρα..

317 1160 685 1229 ὲρωτάτωσαν
712 1158 760 1209 ει
797 1156 853 1207 ὲν
884 1156 1144 1225 φρονήσει
1204 1152 1500 1221 γεγέννηκε
1522 1150 1617 1201 τὸν
1639 1148 1786 1201 Υἱόν.
1832 1149 1895 1199 Et

317 1252 376 1305 δὲ
396 1251 679 1322 φρίττουσι
726 1248 884 1302 τοῦτο
929 1249 1023 1299 καὶ
1090 1245 1250 1313 μόνον
1294 1243 1603 1304 ἀκούοντες,
1636 1240 1751 1303 πῶς
1802 1240 1903 1293 οὐκ

319 1342 519 1405 ἀσεϐὲς
556 1341 618 1394 τὸ
650 1341 859 1411 ἐρωτᾷν
889 1338 983 1391 καὶ
1010 1337 1188 1404 λέγειν
1223 1337 1305 1404 ἐρ’
1339 1334 1469 1386 Υἱοῦ
1511 1333 1590 1385 τό·
1630 1330 1892 1401 Βουλήσει

319 1432 689 1503 γεγένηται,ἢ
720 1432 830 1503 μή;
855 1428 1125 1498 τοσαύτην
1158 1426 1251 1481 τοῦ
1280 1426 1437 1495 λόγου
1465 1423 1561 1495 τὴν
1592 1421 1903 1493 δυσφημίαν

319 1522 685 1593 εἰσφέροντας.

1012 1632 1219 1686 ΑΛΛΟ.

403 1747 459 1803 Ὀ
491 1747 761 1817 μακάριος
798 1744 1010 1808 Παῦλος
1037 1745 1135 1815 τήν
1163 1745 1583 1814 ἀπαράλλακτον
1610 1744 1905 1815 ὁμοιότητα

321 1837 604 1901 δεικνύων,
638 1837 705 1907 ἦν
730 1840 758 1890 6
787 1838 913 1900 Υἱὸς
962 1836 1077 1906 ἔχει
1107 1836 1242 1907 πρὸς
1277 1837 1369 1888 τὸν
1406 1834 1603 1889 ἑαυτοῦ
1648 1836 1865 1905 Πατέρα
1887 1877 1902 1899 ,

2007 623 2110 673 est.
2138 612 2277 665 idem
2309 620 2362 664 et
2396 611 2678 664 deliberat.
2707 611 2881 677 Atque
2926 610 2997 661 ita
3042 610 3304 662 Servator
3335 610 3447 676 ipse
3477 607 3594 661 h:ec

2007 706 2170 759 veluti
2202 702 2598 774 teqnipollentia
2629 703 2909 775 conjungi}
2937 703 3126 756 dicens
3155 702 3220 755 de
3266 715 3325 756 se
3363 720 3375 755 :
3416 700 3596 753 Μοιιιυ

2008 808 2090 851 est
2130 796 2412 850 consilium
2442 807 2497 849 et
2550 795 2736 859 tutela,
2766 809 2883 847 mea
2936 793 3046 864 56
3080 794 3360 863 prudentia
3409 802 3462 846 ct
3491 807 3582 859 po-

2011 886 2194 940 tentia.
2224 884 2690 951 Quemadmodum
2723 886 2864 939 enim
2902 886 3067 939 tutela
3098 895 3151 937 et
3182 884 3419 952 potentia
3453 884 3593 935 idem

2009 985 2174 1040 sunt;
2228 978 2300 1029 ita
2349 978 2512 1031 etiam
2570 977 2892 1030 deliberatio
2924 985 2978 1029 et
3012 976 3323 1046 prudentia.
3368 975 3424 1027 Si
3463 989 3599 1042 ergo

2011 1069 2401 1137 imprudentem
2439 1069 2729 1138 aliquando
2759 1067 2931 1122 fuisse
2962 1067 3178 1121 Patrem
3243 1066 3592 1126 existimant,

2010 1162 2344 1231 interrogent
2373 1175 2439 1214 an
2470 1162 2519 1214 itt
2553 1160 2837 1230 prudentia
2883 1159 3136 1227 genuerit
3180 1157 3397 1211 Filium.
3450 1156 3518 1207 At
3551 1156 3603 1208 si

2012 1252 2093 1306 vel
2136 1254 2185 1305 id
2220 1252 2502 1307 audientes
2531 1253 2977 1322 perhorrescant,
3010 1265 3122 1319 quo
3146 1258 3308 1318 pacto
3342 1264 3448 1301 non
3492 1246 3597 1299 itu-

2012 1343 2156 1411 pium
2187 1345 2347 1397 fuerit
2373 1344 2713 1412 interrogare
2734 1358 2798 1397 ac
2825 1343 3010 1398 dicere
3056 1346 3123 1396 de
3166 1341 3304 1394 Filio
3345 1358 3357 1393 :
3391 1341 3471 1392 An
3506 1353 3600 1391 vo—

2012 1438 2219 1491 luntate
2252 1436 2426 1490 factus
2447 1436 2537 1501 sit,
2588 1435 2801 1489 ttecne?
2831 1451 2951 1488 cum
2981 1437 3082 1488 hoc
3104 1435 3171 1485 ad
3202 1443 3406 1485 tantam
3437 1439 3602 1497 atque

2013 1529 2143 1584 illud
2174 1529 2226 1582 in
2255 1527 2487 1583 Verbum
2521 1526 2911 1595 blaSphetuiam
2942 1527 3238 1597 pertineat.

2685 1638 2923 1696 ALIUD.

2082 1757 2285 1812 Beatus
2323 1755 2544 1823 Paulus,
2592 1756 3003 1811 similitudinem
3042 1766 3205 1822 quam
3239 1748 3409 1804 Filius
3441 1745 3604 1801 habet

2016 1864 2136 1903 cum
2170 1849 2329 1904 Patre
2349 1850 2665 1909 ostendens.
2720 1847 2796 1901 ita
2848 1845 3091 1901 scribit:
3155 1861 3173 1894 ε
3212 1842 3312 1908 Qui
3367 1854 3488 1894 cum
3532 1841 3604 1891 sit

321 1931 522 2002 γράφει
552 1931 682 2001 περὶ
709 1928 894 1982 αὐτοῦ’
949 1948 967 1980 ι
1008 1930 1103 1993 ’ος
1146 1928 1222 1981 ὣν
1257 1927 1597 1998 ἀπαύγασμα
1624 1928 1721 1998 τῆς
1749 1928 1908 1996 δόξης

2025 1941 2264 2009 splendor
2292 1941 2475 2011 gloriae
2500 1949 2554 1994 et
2592 1942 2881 1993 character
2930 1937 3286 2005 hypostaseos
3318 1930 3464 1985 illius
3497 1929 3600 1982 τ’.»

323 2028 416 2080 καὶ
445 2027 734 2097 χαρακτὴρ
766 2026 865 2097 τῆς
928 2026 1279 2089 ὑποστάσεως
1333 2024 1519 2079 αὐτοῦ.
1560 2044 1578 2075 ι
1620 2026 1682 2078 Εἰ
1726 2024 1907 2077 τοίνυν

322 2119 613 2188 χαρακτήρ
650 2117 766 2170 ἐστι
801 2118 893 2171 καὶ
937 2118 1103 2170 εἰκὼν
1144 2117 1239 2171 τοῦ
1266 2119 1627 2188 γεννήσαντος
1682 2120 1710 2171 6
1745 2117 1907 2181 Υἱὸς,

322 2207 589 2278 ἐγεννήθη
616 2208 693 2269 δὲ,
726 2207 851 2260 καθ’
875 2208 1040 2277 ὑμᾶς,
1072 2208 1539 2278 προηγησαμένης
1565 2207 1874 2277 βουλήσεως
1892 2248 1905 2272 ,

323 2299 537 2369 ἀνάγκη
565 2301 716 2351 πᾶσα
739 2300 830 2351 καὶ
867 2298 958 2352 τὸν
990 2299 1213 2367 Πατέρα
1257 2298 1431 2362 οὕτως
1460 2294 1620 2365 εἶναι,
1656 2298 1848 2369 ὥσπερ
1876 2299 1909 2369 ἡ

324 2388 488 2442 εἰκὼν
516 2386 683 2442 αὐτοῦ
714 2390 810 2442 καὶ
842 2389 903 2442 τὸ
953 2389 1317 2461 ἀπαύγασμα’
1366 2389 1443 2453 ὡς
1488 2390 1583 2443 καὶ
1606 2389 1737 2443 αὐτὸ
1767 2390 1911 2459 ἔχειν

327 2480 743 2551 προηγουμένην
772 2480 938 2534 αὐτοῦ
965 2482 1065 2552 τὴν
1112 2481 1389 2551 βούλησιν.
1413 2482 1475 2534 Εἰ
1501 2483 1558 2534 δὲ
1602 2481 1760 2534 τοῦτο
1786 2482 1910 2534 ἀσε-

326 2572 421 2635 6ὲς
446 2572 544 2642 (οὑ
577 2574 687 2643 γὰρ
716 2574 781 2625 ὲκ
814 2572 1122 2643 βουλήσεὼς
1149 2575 1297 2626 ἐστιν
1322 2576 1355 2645 ὴ
1386 2574 1478 2626 τοῦ
1518 2574 1733 2644 Πατρὸς
1754 2573 1914 2627 οὐσία

328 2664 424 2716 καὶ
476 2664 854 2733 ὑπόστασις),
911 2665 1125 2733 ἀνάγκη
1178 2666 1329 2718 πᾶσα
1372 2664 1505 2736 μηδὲ
1556 2666 1648 2718 τὸν
1680 2666 1807 2718 Υἱὺν
1849 2666 1915 2718 ὲκ

331 2756 637 2827 βουλήσεως
666 2754 823 2821 εἶναι,
852 2757 1120 2827 φρονεῖνῆ
1144 2756 1341 2825 λέγειν.

1030 2873 1237 2925 AAAO.

545 2988 645 3053 Ὧς
668 2986 738 3051 ἐξ
784 2986 1143 3050 ἀντιθέσεως
1196 2983 1318 3037 τῶν
1362 2985 1694 3053 αἱρετικῶν.

402 3099 514 3156 Καὶ
541 3099 679 3163 πῶς,
711 3097 897 3168 φησὶν,
927 3098 1026 3150 οὐκ
1050 3097 1263 3167 ἀνάγκη
1298 3098 1700 3166 συνομολογεῖν,
1723 3098 1915 3168 ὅτιπερ

334 3190 592 3263 ἀοέλητός
620 3193 733 3244 ἐστι
780 3190 857 3261 τῷ
906 3192 1083 3261 [latet
1112 3193 1139 3243 6
1172 3191 1324 3254 Υἱὸς,
1355 3192 1471 3259 ήτοι
1505 3190 1834 3261 ἀδούλητος,
1866 3194 1915 3244 εἰ

338 3285 413 3356 μὴ
435 3287 500 3339 lx
530 3285 839 3355 βουλήσεως
872 3284 966 3337 καὶ
1004 3283 1276 3354 θελήσεως
1311 3285 1533 3353 γέγονεν
1559 3302 1573 3351 ;

826 3483 982 3554 Πρὸς
1010 3485 1185 3538 τοῦτο
1219 3485 1422 3551 λύσις.

404 3618 733 3671 Δυσωπεῑτω
752 3618 861 3671 τῶν
892 3619 1278 3690 χριστομάχων
1299 3621 1397 3691 τὴν
1420 3622 1725 3692 πάντολμον
1752 3622 1916 3691 γλῶτ-

336 3725 432 3761 ταν
459 3710 487 3761 6
522 3708 715 3779 Σωτὴρ
746 3709 872 3779 περὶ
919 3709 1112 3762 ἑαυτοῦ
1134 3711 1330 3779 λέγων·
1393 3732 1411 3763 t
1461 3713 1518 3764 ὐ
1549 3712 1742 3783 Πατὴρ
1774 3714 1920 3781 φιλεῖ

338 3800 425 3854 τὸν
448 3801 600 3855 Υξόν.
632 3820 649 3851 ι
688 3802 899 3873 Ὠσπερ
941 3806 1050 3871 γάρ
1096 3802 1197 3872 ήδη
1257 3804 1623 3876 προείρηται,
1673 3806 1735 3857 τὸ
1780 3801 1918 3859 εἶναι

337 3894 539 3963 ἀγαθός
564 3911 623 3946 τε
642 3896 738 3947 καὶ
771 3894 1038 3965 ἐλεήμων,
1079 3895 1191 3965 ἔχει
1235 3895 1355 3965 μὲν,
1382 3898 1481 3949 οὐκ
1514 3900 1576 3950 ἐκ
1606 3898 1916 3968 βουλήσεως

337 3982 413 4051 δὲ,
444 3986 569 4041 οὔτε
603 3986 712 4058 μὴν
739 3987 1054 4057 ἀϐουλήτως
1080 3987 1256 4042 ταῦτά
1286 3992 1421 4043 ἐστι.
1461 3990 1615 4043 Θέλει
1640 3990 1748 4063 γὰρ
1782 3989 1917 4046 εἶναι

336 4079 493 4133 τοῦτο
516 4081 658 4150 ὅπερ
688 4080 836 4133 ἐστὶν
870 4080 957 4132 ἀεὶ
988 4081 1081 4134 καὶ
1128 4080 1302 4135 ἔσται.
1354 4081 1513 4135 Οὕτω
1551 4085 1645 4136 καὶ
1669 4086 1716 4135 εἰ
1746 4084 1820 4154 μὴ
1854 4086 1919 4137 ὲκ

338 4170 643 4239 βουλήσεως
675 4168 933 4239 ἐγέννησε
970 4168 1061 4222 τὸν
1114 4170 1262 4233 Υῐὺν,
1321 4171 1435 4224 ἀλλ’
1468 4173 1568 4225 οὐκ
1604 4173 1918 4243 ἀϐουλήτως

336 4262 495 4315 αὐτὸν
519 4261 656 4330 ἔχει.
707 4260 860 4313 Θέλει
883 4260 991 4329 γάρ
1025 4261 1116 4315 τὸν
1151 4262 1277 4315 Υἱὸν
1310 4264 1403 4316 καὶ
1431 4264 1596 4333 φιλεῖ,
1622 4263 1805 4327 καθὼς
1827 4263 1921 4331 γέ-

334 4370 600 4423 γραπται.
643 4352 751 4409 Καὶ
814 4352 1065 4421 καθάπερ
1110 4355 1138 4406 6
1185 4355 1378 4426 Πατὴρ
1428 4357 1525 4425 τῆς
1566 4356 1919 4419 ὑποστάσεως

334 4444 430 4514 τῆς
465 4442 657 4497 ἑαυτοῦ
683 4441 913 4512 θελητής
946 4445 1115 4506 ἐστιν,
1158 4445 1258 4497 οὐκ
1297 4447 1360 4498 ὲκ
1408 4447 1719 4517 βουλήσεως
1773 4465 1919 4511 τινος

334 4534 489 4588 τοῦτο
514 4534 591 4587 ὢν
616 4536 752 4605 ὅπερ
790 4534 957 4599 ἐστὶν,
1016 4536 1159 4589 οὕτω
1221 4538 1316 4590 καὶ
1364 4539 1391 4589 ὁ
1426 4539 1551 4603 Υἱὸς
1584 4541 1649 4593 ὲκ
1700 4541 1797 4610 τῆς
1824 4539 1917 4593 τοῦ

2013 2034 2069 2088 Si
2104 2048 2234 2103 ergo
2262 2033 2434 2088 Filius
2457 2042 2541 2087 est
2570 2030 2862 2085 character
2889 2038 2942 2081 et
2971 2028 3152 2097 imago
3181 2022 3483 2081 Genitoris,
3512 2035 3600 2089 ge-

2014 2128 2157 2180 nitus
2179 2134 2355 2179 autem
2388 2134 2494 2191 est,
2527 2134 2586 2178 ut
2628 2138 2725 2177 vos
2770 2120 2974 2184 dicitis,
3014 2116 3362 2189 prmcedeute
3389 2113 3601 2168 delibe-

2015 2218 2246 2280 ratione,
2275 2216 2636 2271 necessarittm
2677 2213 2901 2269 omnino
2943 2210 3110 2263 fuerit
3152 2207 3376 2261 Patrem
3432 2204 3505 2259 ita
3548 2215 3608 2256 se

2014 2310 2235 2373 habere,
2268 2308 2525 2378 utimago
2546 2318 2601 2362 et
2625 2304 2885 2376 splendor
2935 2301 3110 2371 ipsius
3137 2319 3149 2355 :
3188 2299 3326 2354 adeo
3358 2295 3606 2351 utetiam

2016 2401 2189 2469 ipsum
2218 2400 2559 2470 pra-cesserit
2590 2398 2936 2453 deliberatio.
2967 2393 3023 2450 Si
3060 2407 3192 2447 vero
3232 2393 3339 2446 hoc
3380 2386 3608 2457 impium

2016 2500 2098 2547 est
2127 2493 2144 2562 (
2174 2506 2347 2560 neque
2371 2492 2513 2546 enim
2555 2504 2621 2544 ex
2656 2486 3049 2542 deliberatione
3073 2491 3156 2537 est
3196 2479 3389 2535 Patris
3412 2489 3604 2532 essen-

2020 2581 2091 2634 tia
2119 2592 2279 2649 atqtte
2301 2578 2611 2650 hyposmsis
2633 2577 2650 2647 )
2674 2616 2689 2641 ,
2717 2590 2848 2646 ergo
2875 2588 2976 2629 nec
3019 2571 3213 2627 Filium
3235 2584 3302 2625 ex
3331 2565 3612 2623 delibera-

2019 2676 2163 2730 tione
2194 2672 2395 2727 factum
2431 2686 2550 2727 esse
2576 2668 2657 2726 vel
2690 2667 2937 2733 credere,
2964 2664 3050 2721 vel
3082 2662 3267 2719 dicere
3294 2666 3530 2730 oportet.

2688 2861 2922 2918 ALIUD.

2394 2981 2478 3035 Ea:
2515 2979 2799 3049 objectione
2826 2978 3215 3031 laterelicorum.

2092 3098 2160 3150 At
2185 3110 2291 3166 quo
2313 3105 2491 3165 pacto,
2527 3094 2801 3163 inquiunt,
2839 3107 2943 3147 non
2974 3089 3139 3143 fuerit
3172 3094 3399 3141 necesse
3448 3078 3612 3134 fateri

2024 3188 2216 3241 Filium
2265 3188 2401 3240 citra
2462 3186 2798 3240 voluntatem
2866 3192 2960 3236 aut
2999 3179 3285 3237 consilium
3336 3172 3485 3229 Patri
3531 3184 3617 3224 ac-

1946 3277 1986 3333 C
2021 3281 2273 3342 cessisse,
2298 3279 2403 3334 nisi
2435 3278 2660 3333 consilio
2711 3284 2768 3332 et
2827 3274 3110 3329 voluntate
3162 3267 3505 3339 ptmcedente
3542 3260 3621 3315 la-

2026 3381 2146 3428 ctus
2173 3370 2290 3427 est?

2552 3482 2755 3537 Salutio
2789 3481 3110 3551 objectionis.

2096 3619 2369 3675 Retundat
2408 3619 2774 3688 impudentem
2824 3619 3059 3674 hostium
3114 3616 3317 3672 Christi
3368 3617 3612 3687 linguam

2028 3712 2287 3767 Servator
2314 3714 2428 3782 ipse
2460 3713 2531 3766 ita
2592 3712 2658 3767 de
2706 3727 2764 3767 se
2804 3711 2995 3766 dicens
3034 3730 3047 3765 :
3087 3729 3105 3762 ι
3137 3709 3299 3764 Pater
3333 3719 3484 3764 autat
3529 3707 3621 3762 Fi-

2024 3805 2248 3860 lium“.
2291 3825 2310 3858 ›
2368 3804 2831 3871 Quemadmodum
2886 3803 3029 3858 enim
3115 3800 3229 3869 jam
3282 3800 3485 3855 dictum
3537 3810 3621 3854 est

2027 3898 2168 3969 quod
2202 3898 2374 3953 bonus
2407 3898 2479 3952 sit
2533 3905 2586 3952 et
2636 3895 2973 3958 misericors,
3002 3894 3165 3948 habet
3198 3893 3249 3947 id
3285 3907 3390 3947 non
3424 3907 3487 3947 ex
3521 3906 3619 3946 vo-

2026 3992 2253 4056 luntate,
2313 3990 2407 4046 sed
2458 4004 2636 4059 neque
2694 3991 2901 4058 absque
2953 3986 3237 4041 voluntate
3291 3986 3406 4039 lucc
3471 3994 3616 4038 sunt.

2027 4082 2319 4139 Vultenim
2346 4095 2467 4136 esse
2498 4082 2549 4135 id
2571 4080 2711 4149 quod
2739 4090 2821 4135 est
2845 4092 3065 4147 semper
3096 4086 3149 4131 et
3172 4075 3294 4131 erit.
3320 4074 3397 4129 Ita
3428 4075 3617 4139 etiam,

2026 4174 2153 4229 licet
2188 4189 2289 4228 non
2320 4189 2388 4229 ex
2412 4172 2691 4227 voluntate
2724 4173 2972 4242 genuerit
3025 4171 3246 4238 Filium,
3293 4186 3397 4224 non
3429 4180 3609 4224 tamen

2026 4269 2231 4337 absque
2258 4267 2535 4321 voluntate
2567 4266 2716 4319 illum
2744 4266 2926 4323 habet.
2962 4264 3088 4319 Vult
3124 4267 3268 4319 enim
3311 4263 3509 4318 Filium
3566 4274 3621 4317 et

2028 4369 2197 4427 autat,
2229 4361 2371 4416 sicut
2395 4359 2657 4429 scriptum
2708 4369 2813 4414 est.
2846 4359 2913 4413 Et
2960 4357 3419 4427 quemadmodum
3458 4356 3622 4411 Pater

2027 4469 2180 4509 suam
2232 4453 2401 4523 ipsius
2445 4443 2779 4524 hypostasim
2826 4451 2957 4518 vult,
3011 4467 3187 4519 neque
3221 4462 3401 4505 tamen
3430 4466 3496 4505 ex
3524 4467 3617 4505 vo-

2030 4548 2233 4600 luntate
2258 4555 2341 4599 est
2372 4545 2422 4599 id
2452 4546 2593 4614 quod
2619 4556 2703 4602 est
2729 4587 2744 4612 ,
2783 4546 2855 4599 ita
2883 4546 3049 4600 etiam
3076 4544 3245 4600 Filius
3271 4562 3335 4601 ex
3380 4546 3618 4601 essentia

336 4626 548 4695 Πατρὶς
574 4627 761 4690 οὐσίας
811 4627 1109 4697 προελθὼν,
1139 4629 1237 4681 οὐκ
1265 4629 1524 4701 ἁοέλητὸς
1561 4633 1707 4684 ἐστιν
1740 4632 1911 4703 αὐτῷ,

2028 4639 2207 4694 Patris
2246 4640 2569 4708 procedens,
2603 4655 2707 4693 non
2742 4640 2793 4693 ei
2832 4640 2987 4693 adest
3026 4648 3221 4708 prazter
3245 4638 3414 4708 ipsius
3436 4638 3624 4695 volun.-

336 4718 383 4769 εἰ
402 4718 495 4769 καὶ
528 4717 781 4789 βούλησις
806 4720 1045 4791 οὐδαμοῦ
1061 4721 1160 4791 τῆς
1184 4724 1491 4794 γεννήσεως
1524 4724 1917 4796 προδραμοῦσα

338 4808 607 4878 φαίνεται.

1015 4927 1220 4981 ΑΛΛΟ.

405 5036 469 5089 Et
495 5036 837 5106 ἀπαύγασμα
874 5039 967 5091 καὶ
996 5042 1280 5111 χαρακτήρ
1330 5042 1447 5095 ἐστι
1493 5042 1586 5096 τοῦ
1632 5044 1842 5116 Πατρὸς
1892 5046 1919 5099 6

340 5125 487 5192 Υἱὸς,
511 5126 704 5196 γέγονε
733 5128 788 5182 δὲ
817 5128 1055 5200 θελήσει,
1080 5132 1203 5185 καθ’
1231 5133 1396 5202 ὑμᾶς,
1445 5129 1512 5205 ἦν
1556 5135 1665 5205 ἄρα
1720 5137 1913 5205 χρόνος

339 5218 423 5272 ὅτε
448 5220 547 5273 οὐκ
580 5215 666 5291 ἦν,
696 5220 819 5274 καθ’
863 5208 921 5275 ὃν
975 5224 1006 5293 ή
1061 5225 1188 5294 περὶ
1233 5224 1397 5278 αὐτοῦ
1447 5226 1663 5299 θέλησις
1687 5229 1916 5284 ἐκινεῖτο

341 5312 487 5382 παρά
516 5311 596 5383 τῷ
650 5312 843 5384 Πατρί.
892 5315 1101 5368 Οὐκοῦν
1134 5311 1201 5386 ἦν
1253 5334 1385 5371 ποτε
1427 5320 1517 5372 ὅτε
1549 5321 1717 5392 χωρὶς
1744 5324 1918 5376 ἀπαυ-

338 5402 616 5472 γάσματος
635 5400 702 5475 ἦν
740 5406 768 5458 6
800 5404 931 5470 Θεὸς
971 5407 1065 5460 καὶ
1096 5406 1216 5478 δίχα
1268 5412 1636 5483 χαρακτῆρος.
1695 5415 1824 5479 Καὶ,
1871 5416 1919 5467 εἰ

338 5490 399 5543 τὺ
426 5490 555 5546 ἴδιον
582 5493 681 5564 τῆς
718 5495 908 5559 οὐσίας
966 5497 1059 5551 τοῦ
1096 5499 1309 5570 Πατρός
1360 5505 1505 5555 ἐστιν
1559 5505 1587 5556 6
1636 5504 1787 5569 Υἱὸς,
1819 5506 1920 5559 οὐκ

340 5574 492 5652 ἦν’δέ
516 5600 668 5649 ποτε,
693 5586 813 5640 καθ’
838 5587 1001 5657 ὑμᾶς,
1054 5588 1168 5642 ἴσον
1195 5591 1333 5643 ἐστὶ.
1362 5592 1439 5663 τῷ
1492 5592 1690 5661 λέγειν·
1723 5598 1823 5650 οὐκ
1852 5593 1918 5668 ἦν

341 5690 468 5729 ποτε
493 5677 788 5749 γεννητική
821 5678 914 5731 τοῦ
946 5680 1157 5751 Πατρὸς
1189 5683 1221 5752 ή
1254 5682 1429 5737 οὐσία·
1492 5686 1606 5739 ἀλλ’
1640 5688 1828 5762 ὥσπερ
1856 5691 1916 5744 ἔκ

410 5856 455 5889 ⁷⁹
498 5856 657 5914 llehr.
702 5875 738 5920 t.
779 5860 832 5915 5.
912 5861 955 5892 ν’
995 5858 1149 5916 Jean.
1194 5880 1272 5927 nt,
1307 5866 1397 5939 ὃὸ,

2023 4742 2208 4800 tatem,
2245 4733 2458 4787 tametsi
2504 4730 2755 4785 voluntas
2781 4734 2895 4787 sive
2952 4730 3278 4786 deliberatio
3302 4731 3618 4799 generatio-

2023 4840 2145 4881 nem
2185 4838 2525 4895 nequaquam
2551 4824 2915 4894 praecesserit.

2708 4936 2941 4992 ALIUD.

2097 5050 2153 5106 Si
2183 5050 2436 5122 splendor
2462 5060 2515 5105 et
2537 5052 2824 5106 character
2861 5050 3041 5104 Patris
3090 5060 3171 5104 εει
3204 5048 3397 5114 Filius,
3442 5048 3621 5104 factus

2019 5154 2197 5198 autem
2222 5153 2384 5198 estex
2410 5144 2713 5209 voluntate,
2738 5150 2796 5196 ιιι
2823 5149 3001 5196 vestra
3027 5141 3133 5197 fert
3157 5142 3501 5211 opiuio,erat
3519 5141 3623 5193 ita-

2020 5252 2123 5308 que
2162 5246 2370 5307 tempus
2414 5238 2631 5308 (Iuando
2663 5252 2768 5292 non
2814 5245 2948 5298 erat,
2992 5235 3043 5289 in
3084 5249 3192 5305 quo
3216 5232 3384 5287 Pater
3437 5234 3622 5287 cousi-

2020 5327 2151 5381 lium
2194 5343 2350 5383 suum
2399 5328 2465 5383 de
2521 5328 2612 5383 illo
2662 5327 2921 5399 agitabat.
2964 5327 3089 5382 Fuit
3116 5325 3284 5397 igitur
3317 5327 3482 5380 etiam
3519 5324 3620 5378 ali-

2023 5416 2239 5482 quando
2267 5418 2407 5472 Deus
2439 5418 2645 5487 absque
2689 5432 2788 5473 suo
2840 5417 3128 5488 splendore
3164 5426 3220 5471 et
3267 5416 3614 5470 charactere.

2024 5507 2110 5576 Et,
2143 5509 2186 5563 si
2219 5511 2497 5580 proprium
2525 5512 2778 5566 essentia:
2800 5510 2980 5566 Patris
3008 5511 3114 5581 57
3147 5518 3229 5566 est
3258 5509 3615 5577 Filius,atqni

2024 5600 2069 5655 is
2108 5601 2529 5672 aliquandoﬁon
2562 5602 2689 5669 fuit,
2715 5612 2771 5657 ttt
2801 5618 2897 5657 vos
2931 5602 3137 5667 dicitis,
3180 5601 3321 5656 idem
3361 5609 3443 5656 est
3479 5614 3544 5653 ac
3569 5599 3616 5655 si

2026 5696 2173 5751 dicas
2206 5698 2573 5767 generativam
2603 5696 2781 5755 Patris
2831 5697 3131 5753 essentiam
3167 5694 3462 5766 aliquando
3508 5707 3615 5748 non
