4012 6338
447 367 512 425 Di
1474 365 1532 420 S.
1572 361 1848 419 CYRILLI
1883 357 2350 431 ALEXANDRINI
2383 354 2705 412 ARCHIEP.
3602 341 3673 396 9:!

444 490 661 545 lnntatis
683 489 1094 561 sigtiillcativum
1126 495 1226 551 est,
1259 502 1375 555 quae
1403 488 1466 539 ad
1489 485 1731 572 singulas
1785 493 2002 540 creatu—

2128 480 2170 532 ιν
2210 478 2294 551 εἴη
2323 476 2655 550 σημαντικὸν
2685 475 2784 546 τῆς
2809 475 2894 543 ἐφ’
2921 473 3134 544 ἑκάστῳ
3165 472 3271 526 τῶν
3299 470 3683 542 πεποιημένων

445 595 532 634 ras
554 579 824 634 faciendas
873 595 900 633 a
959 579 1068 634 Deo
1120 577 1361 633 adhibita
1410 585 1515 640 est,
1579 575 1798 630 tametsi
1829 577 2010 631 statim

444 685 580 739 opus
613 669 958 725 subsecutum
990 677 1264 739 appareat.
1292 666 1347 722 Si
1379 682 1505 736 ergo
1566 675 1849 722 creaturas
1877 681 2012 736 prte-

442 760 584 815 cedit
605 760 874 832 voluntas,
907 761 1086 815 omnia
1136 775 1263 814 vero
1293 759 1429 816 facta
1459 765 1586 812 sunt
1624 773 1723 826 per
1772 756 1966 811 Filium
1995 796 2012 818 ,

443 860 593 904 certe
624 851 864 905 omnium
895 860 1116 904 numero
1145 863 1250 902 non
1308 847 1790 916 comprehenditur
1831 848 1876 902 is
1919 862 2014 916 per

443 957 600 1008 quem
626 941 802 995 omnia
831 940 966 996 facta
985 947 1129 994 sunt.
1170 939 1231 993 Et
1276 939 1320 993 si
1371 938 1508 993 alius
1536 948 1620 993 est
1668 939 1736 993 ab
1787 940 1853 994 iis
1894 953 2012 1006 qum

443 1031 714 1097 prmcessit
740 1031 1006 1095 voluntas,
1040 1045 1146 1084 non
1175 1039 1257 1084 est
1289 1028 1463 1084 factus
1491 1045 1558 1084 ex
1593 1030 1865 1084 voluntate
1898 1030 2011 1083 sic-

444 1120 762 1190 ntilla.lpse
801 1121 943 1175 enim
984 1131 1066 1176 est
1087 1122 1206 1174 viva
1265 1121 1517 1174 voluntas
1583 1118 1781 1183 Patris,
1817 1121 1867 1172 in
1902 1134 2008 1187 qua

443 1209 619 1263 omnia
647 1219 915 1275 operatur.
956 1206 1120 1264 Vocat
1177 1218 1357 1262 autem
1413 1211 1576 1263 etiam
1632 1210 1802 1276 ipsum
1861 1205 2012 1262 Psal-

445 1300 600 1354 mista
633 1299 960 1354 voluntatem
992 1298 1189 1364 Patris,
1222 1300 1443 1355 dicens:
1479 1318 1497 1352 ι
1535 1301 1589 1354 ln
1623 1300 1889 1356 voluntate
1923 1310 2009 1355 tua

445 1387 713 1443 deduxisti
746 1403 830 1442 me
858 1388 923 1442 ".
967 1405 985 1438 ι

1115 1500 1345 1558 ALIUD.

518 1617 576 1672 Si
601 1617 879 1672 consilium
906 1626 961 1672 et
987 1615 1231 1671 voluntas
1259 1615 1436 1670 Patris
1477 1623 1562 1670 est
1600 1614 1788 1682 Filius,
1825 1623 1884 1668 ut
1935 1629 2010 1668 re-

445 1722 574 1762 vera
603 1714 704 1768 est,
743 1720 847 1773 quo
867 1713 1020 1774 pacto
1044 1704 1297 1774 prteccdit
1324 1705 1567 1758 voluntas
1598 1703 1714 1774 ejus
1744 1704 2012 1759 exsistan-

449 1792 616 1845 tiaml
654 1790 934 1846 Videbitur
957 1793 1098 1847 enim
1135 1792 1248 1859 ipse
1273 1793 1506 1860 seipsum
1539 1790 1750 1847 fecisse.
1800 1791 1906 1862 55
1945 1792 2011 1848 Et
2045 1820 2088 1879 Β

448 1883 537 1951 qui
566 1882 796 1937 nondum
829 1883 998 1938 iactus
1020 1891 1156 1948 erat,
1184 1891 1240 1936 ut
1288 1882 1524 1938 haeretici
1571 1883 1776 1948 volunt,
1842 1886 1908 1938 de
1955 1899 2015 1940 se

450 1971 566 2039 ipso
589 1973 920 2028 deliberasse
947 1973 1170 2028 dicetur.
1222 1976 1289 2028 At
1311 1975 1354 2028 si
1394 1975 1493 2029 hoc
1521 1975 1812 2030 absurdum
1863 1975 2010 2031 dictu

452 2073 558 2131 est,
589 2081 692 2119 non
720 2080 849 2134 ergo
872 2064 1145 2120 voluntate
1172 2066 1345 2122 factus
1403 2077 1506 2130 est,
1555 2068 2012 2136 quemadmodum

451 2162 746 2220 ercatnrm;
779 2155 871 2210 sed
899 2166 1092 2210 eratut
1123 2156 1367 2211 voluntas
1400 2157 1576 2212 Patris
1601 2159 1652 2210 in
1681 2160 1816 2228 ipso,
1850 2169 2015 2230 atque

450 2248 586 2302 adeo
614 2248 783 2316 ipsius
805 2247 1078 2303 Genitoris
1099 2249 1349 2304 essentia:
1371 2251 1695 2320 proprietas.

1118 2355 1345 2412 ALIUD.

521 2464 772 2520 Christus
798 2465 994 2522 alicubi
1027 2465 1202 2534 inquit
1235 2487 1248 2520 :
1294 2465 1402 2538 Ego
1445 2467 1496 2522 in
1529 2468 1711 2533 Patre,
1745 2480 1799 2525 et
1858 2471 2018 2527 Pater

454 2555 641 2621 inme,
669 2556 832 2611 veluti
861 2556 1036 2611 locum
1073 2557 1384 2626 quemdam,
1423 2560 1510 2626 qui
1545 2574 1603 2614 se
1633 2559 1806 2614 solum
1841 2561 2016 2616 conti-

456 2655 601 2711 neat,
665 2648 976 2716 signiﬁcans
1026 2647 1264 2713 Patrem,
1298 2660 1350 2704 et
1383 2667 1570 2705 rursus
1599 2652 1815 2708 Patrem
1846 2654 2017 2709 solum

457 2739 508 2791 in
539 2737 652 2806 ipso
682 2737 1050 2792 exsistentem.
1111 2737 1165 2792 Si
1199 2753 1327 2807 ergo
1357 2738 1500 2793 aliud
1545 2741 1821 2809 quidpiam
1856 2744 2016 2797 estin

458 2827 615 2881 Patre
649 2828 901 2882 voluntas
929 2828 1101 2896 ipsius
1150 2844 1310 2898 quam
1347 2828 1536 2893 Filius,
1566 2846 1672 2900 quo
1709 2840 1864 2900 pacto
1888 2847 2018 2887 vero

456 2917 573 2973 haec
607 2911 845 2973 dixerit?
881 2919 1202 2988 Reperietur
1235 2920 1401 2987 enim,
1445 2921 1596 2989 juxta
1635 2924 1877 2977 insanam
1910 2924 2021 2979 ha:-

459 3008 748 3063 retieorum
780 3009 1107 3078 Opinionem,
1162 3019 1283 3065 ante
1343 3013 1714 3068 cxsisteutiam
1747 3012 1890 3080 Filii,
1927 3029 2019 3068 vo-

459 3099 638 3153 lunias
700 3099 755 3154 in
805 3097 964 3154 Patre
1014 3101 1298 3166 exsistens,
1341 3116 1438 3168 per
1495 3119 1655 3173 quam
1704 3105 1875 3160 factus
1913 3114 2018 3172 est,

2115 571 2408 640 γενομένης
2446 566 2593 637 παρὰ
2627 565 2783 630 Θεοῦ,
2819 567 2867 619 εί
2914 566 3008 618 καὶ
3056 563 3396 635 παραχρῆμα
3417 563 3477 617 τδ
3519 563 3686 634 ἔργον

2113 659 2435 714 ἀκολουθοῦν
2457 659 2722 727 φαίνεται.
2775 657 2838 710 El
2891 657 3067 709 τοίνυν
3096 655 3203 708 τῶν
3240 657 3339 725 μὲν
3367 656 3682 725 κτισμάτων

2113 753 2328 821 ἡγεῖται
2364 737 2632 820 βούλησις,
2677 749 2866 816 γέγονε
2916 748 2974 801 δὲ
3017 748 3192 801 πάντα
3254 747 3320 799 δι’
3352 746 3501 811 Υἱοῦ,
3526 747 3687 812 ἐκτός

2113 842 2228 893 ἐστι
2251 839 2359 893 τῶν
2391 840 2606 894 πάντων
2659 840 2687 891 6
2743 839 2809 892 δι’
2843 832 2904 893 οὗ
2932 838 2999 892 τά
3039 838 3216 892 πάντα
3246 837 3455 905 γέγονε.
3498 837 3608 890 Καὶ
3633 839 3681 890 εί

2111 929 2296 1000 ’ἐτερός
2327 932 2472 984 ἐστιν
2524 929 2747 983 ἐκείνων
2782 922 2856 982 ὧν
2899 930 3144 999 ἡγήσατο
3194 927 3466 999 βούλησις,
3489 929 3587 982 οὐκ
3614 928 3684 981 ἃν

2112 1019 2198 1089 εἴη
2229 1019 2368 1073 κατά
2399 1019 2648 1090 βούλησιν
2680 1019 2916 1088 γεγονὼς
2945 1019 3131 1090 ὥσπερ
3161 1019 3318 1072 αὑτά.
3366 1019 3536 1081 Δύτὸς
3573 1018 3683 1088 γάρ

2112 1110 2257 1160 ἐστιν
2297 1108 2503 1178 ήζῶσα
2524 1108 2686 1179 βουλὴ
2726 1108 2820 1161 τοῦ
2847 1108 3080 1179 Πατρὸς,
3135 1108 3195 1178 ὲν
3235 1101 3358 1180 ᾖτά
3390 1107 3567 1161 πάντα
3592 1107 3685 1176 ἐρ-

2112 1199 2356 1265 γάζεται.
2386 1198 2554 1252 Καλεί
2598 1198 2656 1252 δὲ
2712 1198 2988 1252 αὐτὸνκαὶ
3027 1199 3221 1269 βουλὴν
3264 1198 3356 1251 τοῦ
3402 1198 3612 1267 Πατρὺς
3653 1199 3682 1250 6

2112 1288 2454 1358 Ψαλμῳδὸς,
2495 1288 2713 1357 λέγων·
2780 1308 2798 1340 ‹
2849 1290 2937 1342 Ἐν
2982 1292 3048 1360 τῇ
3118 1288 3278 1358 βουλῇ
3328 1305 3420 1341 σου
3480 1287 3684 1360 ὡδήγη-

2113 1379 2209 1442 σάς
2243 1395 2329 1449 με.
2364 1397 2386 1430 ι

2773 1492 2978 1547 ΑΛᾹΟ.

2183 1603 2245 1657 El
2279 1602 2441 1674 βουλὴ
2495 1603 2588 1658 καὶ
2640 1602 2851 1674 θέλημα
2880 1604 2974 1658 τοῦ
3005 1605 3218 1676 Πατρός
3264 1606 3410 1658 ἐστιν
3459 1607 3487 1658 ὁ
3525 1605 3685 1668 Υἱὸς,

2111 1698 2295 1768 ὥσπερ
2333 1692 2424 1750 οὖν
2457 1696 2548 1748 καὶ
2577 1695 2712 1760 ἐστι,
2762 1697 2878 1760 πῶς
2907 1698 3122 1766 ἡγεῖται
3149 1697 3367 1767 Θέλησις
3392 1697 3487 1767 τῆς
3510 1697 3686 1766 ὑπάρ-

2118 1787 2249 1852 ξεως
2278 1786 2442 1841 αὑτοῦ
2462 1805 2476 1854 ;
2495 1786 2665 1849 Αὐτὸς
2693 1787 2800 1858 γάρ
2830 1788 3020 1841 ἑαυτὸν
3043 1787 3193 1841 ἔσται
3223 1787 3558 1858 πεποιηκώς.
3579 1787 3690 1840 Καὶ

2121 1881 2148 1932 6
2183 1878 2348 1950 μήπω
2396 1875 2656 1945 γεγονὼς,
2712 1877 2854 1931 κατὰ
2904 1877 3030 1942 τοὺς
3081 1879 3499 1949 χριστομάχους,
3561 1875 3692 1946 περὶ

2122 1968 2314 2023 ἑαυτοῦ
2352 1970 2597 2037 φανεῖται
2653 1966 3054 2040 βουλευόμενος.
3117 1970 3179 2022 Ei
3230 1969 3286 2021 δὲ
3319 1967 3476 2022 τοῦτο
3512 1967 3693 2034 λέγειν

2122 2059 2338 2123 ἄτοπον,
2372 2058 2471 2110 ούκ
2497 2057 2602 2127 ἄρα
2629 2057 2877 2130 βουλήσει
2917 2060 3160 2128 γέγονεν,
3204 2059 3390 2130 ὥσπερ
3445 2059 3510 2113 τά
3535 2061 3693 2129 ποιή-

2126 2167 2287 2219 ματα*
2330 2150 2442 2202 ἀλλ’
2471 2146 2539 2221 ἦν
2563 2150 2635 2214 ὡς
2661 2150 2822 2223 βουλὴ
2873 2151 2969 2204 τοῦ
3016 2152 3228 2223 Πατρὸς
3251 2154 3308 2205 ἐν
3343 2150 3513 2220 αύτῷ,
3565 2149 3698 2204 αὐτὸ

2122 2242 2216 2312 τῆς
2245 2241 2429 2305 οὐσίας
2464 2243 2724 2313 ὑπάρχων
2753 2243 2844 2296 τοῦ
2872 2244 3232 2315 γεννήσαντος
3258 2244 3318 2297 τὸ
3352 2243 3501 2299 [διον.

2815 2359 3018 2412 ΑΛΛΟ.

2193 2467 2355 2536 Λέγει
2381 2485 2484 2521 που
2514 2467 2765 2539 Χριστός⁸
2809 2488 2828 2520 ι
2875 2468 3016 2536 Ἐγὼ
3073 2470 3131 2522 ἐν
3182 2469 3258 2540 τῷ
3299 2471 3494 2541 Πατρὶ,
3531 2473 3624 2525 καὶ
3666 2473 3701 2526 6

2125 2560 2316 2630 Πατὴρ
2337 2562 2393 2611 ὲν
2416 2559 2560 2628 ἐμοὶ,
2600 2576 2617 2610 ι
2682 2559 2870 2632 ὥσπερ
2917 2558 3038 2612 τινὰ
3087 2560 3252 2614 τόπον
3283 2563 3474 2616 ἑαυτὸν
3506 2562 3698 2632 ἔχοντα

2129 2649 2285 2718 μόνον
2326 2649 2605 2719 σημαίνων
2626 2648 2717 2700 τὸν
2751 2649 2988 2720 Πατέρα,
3015 2650 3109 2704 καὶ
3154 2651 3316 2704 πάλιν
3353 2652 3428 2716 ὼς
3460 2651 3553 2706 τοῦ
3587 2655 3699 2706 Πα-

2124 2739 2249 2808 τρὸς
2284 2739 2433 2801 ὄντος
2464 2739 2521 2790 ὲν
2556 2738 2705 2808 αὐτῷ
2735 2738 2912 2808 μόνον.
2943 2740 3006 2793 Ei
3030 2741 3207 2793 τοίνυν
3246 2741 3432 2811 ἕτερόν
3463 2742 3515 2795 τί
3550 2743 3698 2796 ἐστιν

2126 2829 2182 2880 ὲν
2208 2827 2284 2896 τῷ
2311 2828 2486 2898 Πατρὶ
2514 2827 2666 2898 παρὰ
2693 2830 2781 2880 τὸν
2820 2828 2947 2882 Υἱὸν
2986 2830 3019 2899 ἡ
3068 2828 3320 2899 βούλησις
3351 2830 3536 2894 αὑτοῦ,
3584 2831 3702 2893 πῶς

2127 2915 2414 2987 ἀληθεύσει
2443 2916 2511 2970 τά
2542 2917 2765 2970 τοιαῦτα
2805 2917 3014 2985 λέγων;
3040 2919 3363 2989 Εὑρίσκεται
3400 2919 3527 2989 γὰρ,
3560 2919 3702 2973 κατὰ

2128 3007 2224 3075 τὴν
2259 3006 2365 3058 τῶν
2399 3006 2778 3076 χριστομάχων
2835 3007 3055 3077 μανίαν,
3098 3010 3204 3078 πρὸ
3266 3010 3364 3079 τῆς
3415 3007 3701 3081 ὑπάρξεως

2128 3096 2220 3149 τοῦ
2252 3097 2402 3163 Υίοῦ,
2437 3096 2690 3166 βούλησις
2711 3093 2844 3152 οὖσα
2883 3101 2940 3152 ὲν
2970 3100 3165 3171 Πατρὶ,
3195 3099 3315 3153 καθ’
3343 3102 3409 3172 ἣν
3434 3102 3657 3170 γέγονεν
3681 3143 3698 3168 ,

461 3191 608 3245 ntilli
640 3191 845 3246 dicunt.
885 3191 940 3245 Si
969 3204 1147 3246 autem
1205 3209 1328 3247 vere
1362 3195 1490 3250 dicit
1515 3211 1574 3250 se
1619 3198 1672 3250 in
1701 3196 1856 3252 Patre
1880 3211 2022 3266 esse,

2128 3188 2197 3251 ὼς
2238 3189 2434 3241 ἐκεῖνοί
2466 3205 2648 3259 φασιν.
2677 3190 2737 3242 Ei
2778 3190 2836 3242 δὲ
2866 3189 3140 3260 ἀληθεύει,
3192 3192 3382 3245 ἑαυτὸν
3430 3195 3488 3244 ὲν
3529 3193 3703 3262 Πατρὶ

459 3288 515 3334 et
553 3295 757 3346 rursus,
786 3280 958 3335 solum
982 3282 1032 3336 iu
1066 3296 1125 3337 se
1155 3297 1272 3337 esse
1302 3283 1512 3338 Patrem
1532 3324 1546 3347 ,
1580 3286 1795 3341 ubinam
1823 3289 2024 3342 consti-

466 3381 644 3425 tuetur
688 3371 956 3435 voiuntas,
1014 3388 1133 3427 cum
1197 3373 1328 3427 nihil
1387 3375 1486 3429 loci
1560 3377 1630 3430 sit
1674 3376 2027 3432 intermedii?

465 3464 615 3526 Quod
652 3464 696 3517 si
720 3477 904 3518 verum
931 3472 1035 3532 est,
1085 3477 1189 3519 non
1239 3480 1367 3534 ergo
1398 3466 1673 3523 voluntate
1705 3468 1882 3522 iactus
1904 3478 2024 3534 est,

466 3553 558 3607 scd
599 3553 711 3623 ipse
739 3562 820 3609 est
849 3553 1101 3611 voluntas
1136 3554 1336 3610 Patris.

1137 3666 1362 3723 ALIUD.

533 3777 587 3833 Si
630 3779 1083 3847 quemadmodum
1130 3793 1426 3848 creaturas,
1459 3783 1529 3837 ita
1579 3785 1740 3838 etiam
1765 3786 2031 3842 exsisten-

470 3874 594 3926 tiam
619 3869 736 3925 Filii
773 3861 1047 3942 praecessit
1075 3875 1343 3940 voluntas,
1373 3891 1471 3930 cur
1501 3891 1619 3947 quae
1657 3879 1795 3932 idem
1829 3879 2033 3934 habent

469 3963 829 4030 generationis
862 3964 1180 4034 principium
1207 3974 1257 4020 et
1305 3981 1400 4035 per
1425 3968 1666 4022 eamdem
1698 3969 2028 4025 voluntatem

471 4053 609 4107 facta
644 4063 787 4116 sunt,
816 4063 1093 4126 tantOpere
1123 4059 1263 4112 inter
1286 4073 1344 4114 se
1378 4068 1568 4114 natura
1594 4053 2029 4124 diii‘erunt,‘adeo

470 4150 525 4196 nt
553 4143 639 4198 ille
677 4145 934 4201 Dominus
966 4148 1033 4201 sit
1067 4157 1121 4202 et
1180 4149 1337 4216 Deus,
1373 4151 1452 4204 hac
1481 4150 1702 4205 serviles
1740 4153 1846 4205 sint
1873 4167 2029 4207 crea-

472 4235 628 4289 turae?
651 4234 989 4292 Manifestum
1021 4247 1200 4293 autem
1236 4249 1319 4295 est
1344 4243 1483 4309 quod
1523 4242 1694 4298 Filius
1721 4244 1905 4299 deitati
1931 4245 2034 4299 Pa-

473 4325 570 4380 tris
600 4327 916 4381 naturaliter
947 4328 1130 4382 unitus
1186 4330 1441 4385 Dominus
1492 4340 1544 4386 et
1597 4333 1794 4386 dicitur
1817 4343 1873 4388 et
1897 4343 1978 4388 est
2017 4353 2030 4388 :

472 4425 715 4469 creatura
749 4432 877 4471 vero
914 4431 1093 4484 serva,
1131 4421 1254 4488 quia
1309 4432 1461 4475 extra
1486 4423 1778 4477 essentiam
1819 4435 2030 4479 creato-

2134 3278 2231 3349 μὲν
2263 3275 2402 3332 εἶναι
2435 3281 2681 3349 φάσκων,
2712 3281 2804 3334 καὶ
2836 3282 3021 3345 πάλιν,
3050 3283 3125 3346 ὼς
3150 3283 3308 3352 μόνον
3349 3286 3407 3337 ὲν
3443 3284 3591 3354 αὐτῷ
3612 3285 3703 3336 τὸν

2131 3371 2366 3438 Πατέρα,
2383 3371 2485 3424 ποῦ
2514 3374 2546 3442 ἡ
2573 3371 2823 3443 βούλησις
2842 3374 3108 3440 κείσεται,
3126 3375 3340 3439 ούδενὺς
3359 3376 3508 3439 ὄντος
3535 3375 3701 3428 τόπου

2134 3461 2335 3532 μεταξύ
2361 3479 2374 3528 ;
2412 3464 2472 3517 Ei
2497 3462 2552 3518 δὲ
2577 3465 2754 3527 τοῦτο,
2777 3465 2874 3518 οὐκ
2899 3465 3007 3536 ἄρα
3044 3465 3294 3538 βουλήσει
3331 3468 3568 3539 γέγονεν,
3589 3466 3702 3521 ἀλλ’

2131 3554 2290 3619 αὐτός
2317 3557 2464 3610 ἐστιν
2494 3559 2525 3626 ἡ
2565 3556 2658 3610 τοῦ
2686 3558 2899 3629 Harpe;
2929 3557 3202 3629 βούλησις.

2821 3673 3023 3724 ΑΛΛΟ.

2202 3785 2265 3837 Ei
2316 3785 2564 3855 καθάπερ
2611 3783 2720 3837 τῶν
2761 3786 3081 3856 ποιημάτων
3134 3786 3376 3856 ἡγήσατο
3421 3786 3699 3856 βούλησις.

2132 3874 2272 3928 οὕτω
2300 3875 2392 3928 καὶ
2419 3875 2517 3944 τῆς
2548 3875 2833 3944 ὑπάρξεως
2862 3873 2952 3927 τοῦ
2985 3875 3242 3946 Χριστοῦ,
3288 3875 3410 3928 ὅτου
3435 3875 3498 3946 δὴ
3543 3877 3706 3946 χάριν

2132 3967 2199 4019 τὰ
2237 3966 2333 4036 τὴν
2363 3964 2530 4035 αὐτὴν
2590 3963 2777 4034 ἔχοντα
2807 3965 2906 4035 τῆς
2937 3964 3203 4033 γενέσεως
3243 3965 3416 4036 ἀρχὴν
3464 3966 3557 4017 καὶ
3616 3965 3704 4018 διὰ

2131 4057 2229 4126 τῆς
2261 4057 2427 4125 αὐτῆς
2461 4056 2721 4124 γεγονότα
2784 4055 3001 4125 βουλῆς,
3049 4055 3303 4108 τοσοῦτον
3337 4054 3577 4125 ἀλλήλων
3606 4055 3703 4124 τὴν

2134 4149 2292 4215 φύσιν
2321 4147 2619 4216 διέστηκεν,
2654 4146 2728 4208 ὼς
2752 4146 2841 4198 τὸν
2875 4149 2970 4215 μὲν
3005 4146 3207 4216 Κύριον
3246 4145 3415 4209 οὕτως
3448 4141 3584 4198 εἶναι
3611 4146 3704 4199 καὶ

2134 4239 2282 4302 Θεὸν,
2329 4237 2397 4291 τὰ
2429 4239 2484 4291 δὲ
2507 4237 2666 4292 δοῦλά
2688 4255 2745 4290 τε
2771 4239 2864 4290 καὶ
2887 4239 3202 4308 ποιήματα;
3245 4239 3382 4290 Ἀλλ’
3417 4239 3533 4292 ἔστι
3551 4239 3705 4308 δῆλον

2134 4331 2209 4394 ὡς
2237 4333 2264 4385 6
2296 4330 2391 4400 μὲν
2418 4329 2543 4393 Υἱὸς
2595 4332 2660 4400 τῇ
2692 4333 2785 4382 τοῦ
2823 4329 3037 4399 Ιιατρὺς
3093 4330 3305 4400 Θεότητι
3365 4329 3504 4381 κατά
3547 4327 3706 4396 φύειν

2137 4423 2419 4494 ἑνούμενος
2457 4421 2658 4492 Κύριος
2719 4420 2935 4491 εἴρηται
2999 4420 3090 4473 καὶ
3139 4419 3455 4488 ἐστιν-ἡδὲ
3510 4419 3704 4484 κτίσις,

476 4507 546 4561 ris
573 4515 678 4574 est,
713 4515 766 4562 et
808 4523 837 4561 a
871 4509 1099 4564 naturali
1150 4510 1216 4564 ad
1269 4511 1482 4567 Patrem
1535 4513 1793 4569 relatione
1836 4515 2022 4576 aliena.

2134 4515 2314 4586 δούλη,
2335 4514 2424 4568 διὰ
2455 4514 2515 4566 τὺ
2539 4512 2642 4579 ἔξω
2678 4512 2892 4564 κεῖσθαι
2917 4510 3017 4580 τῆς
3042 4511 3230 4573 οὐσίας
3283 4510 3377 4563 τοῦ
3414 4511 3708 4580 πεποιηκόο

474 4599 840 4655 Necessarium
875 4603 1036 4670 igitur
1056 4611 1136 4658 est
1165 4613 1225 4658 ut
1265 4621 1382 4674 quae
1434 4613 1634 4660 tantam
1673 4607 1814 4663 inter
1848 4623 1906 4664 se
1930 4609 2027 4662 ha-

479 4691 607 4745 bent
633 4691 1018 4762 dill‘erentiam,
1062 4713 1171 4752 non
1211 4715 1376 4752 unum
1424 4700 1654 4754 habeant
1683 4702 2030 4771 principium.

2137 4625 2247 4673 τος,
2293 4606 2387 4660 καῖ
2435 4606 2536 4675 τῆς
2585 4605 2721 4674 πρὸς
2774 4604 2865 4656 τὸν
2912 4604 3133 4674 Πατέρα
3188 4602 3422 4672 σχέσεως
3449 4604 3703 4672 φυσικῆς.

2153 4700 2386 4769 Ἀνάγκη
2414 4698 2592 4752 τοίνυν
2613 4697 2682 4750 τὰ
2715 4696 2981 4767 τοσαύτην
3005 4695 3194 4765 ἔχοντα
3226 4695 3357 4765 πρὸς
3387 4695 3588 4764 ἄλληλα
3610 4695 3708 4763 τὴν

476 4781 582 4838 Sed
617 4783 698 4838 ha:
733 4786 968 4854 quidem,
1006 4799 1066 4844 ut
1109 4800 1391 4852 creaturae,
1443 4805 1508 4845 ex
1561 4792 1835 4847 voluntate
1882 4792 2022 4848 facta

2137 4791 2418 4863 διαφοράν,
2470 4791 2543 4862 μὴ
2586 4791 2715 4860 μίαν
2750 4788 2890 4858 ἔχειν
2937 4789 3128 4858 ἀρχήν.
3180 4787 3340 4840 Ἀλλὰ
3378 4787 3445 4839 τὰ
3481 4787 3598 4855 μὲν,
3633 4786 3708 4848 ὡς

475 4883 620 4928 sunt.
670 4874 840 4932 Filius
895 4889 1092 4946 autem,
1124 4881 1318 4951 quippe
1346 4883 1435 4951 qni
1466 4893 1548 4938 est
1589 4884 1702 4953 ipsa
1748 4885 2036 4952 voluntas,

475 4974 593 5020 erat
622 4967 689 5021 ab
714 4976 913 5023 mterno
937 4969 987 5023 in
1023 4969 1202 5030 Patre.

821 5081 1052 5150 ALIUD,
1080 5087 1148 5139 ad
1177 5087 1250 5141 rei
1272 5089 1686 5158 explicationem.

547 5188 840 5259 Oportebat
885 5203 1063 5249 autem
1103 5196 1265 5253 hosce
1321 5199 1522 5254 Christi
1574 5202 1756 5256 hostes
1807 5203 1897 5271 qui
1941 5217 2047 5257 non

479 5289 733 5332 verentur
796 5280 1134 5352 interrogare
1173 5300 1239 5339 an
1274 5287 1546 5344 voluntate
1573 5288 1765 5346 Filium
1791 5297 2037 5361 genuerit

2140 4882 2440 4952 ποιήματα,
2496 4882 2560 4932 ὲκ
2609 4877 2912 4949 βουλήσεως
2973 4877 3213 4944 γέγονεν.
3264 4877 3321 4930 Ὀ
3366 4875 3422 4928 δὲ
3455 4875 3604 4939 Υἱὸς,
3633 4874 3709 4937 ὼς

2141 4975 2298 5038 αύτὺς
2321 4972 2450 5044 ὣνή
2483 4971 2753 5041 βούλησις,
2779 4966 2846 5041 ἦν
2878 4969 3060 5032 ἁῖδίως
3095 4971 3152 5022 ἐν
3195 4967 3388 5039 Πατρί.

2569 5085 2748 5136 ΑΛΛΟ
2769 5124 2782 5148 ,
2811 5079 3264 5151 διηγηματικῶς.

2205 5199 2352 5254 Ἔδει
2378 5195 2504 5259 τοὺς
2555 5194 2957 5266 χριστομάχους
3002 5190 3425 5262 ἀποτολμῶντες
3478 5190 3707 5260 ἐρωτᾷν,

2140 5295 2187 5346 si
2232 5291 2479 5361 βουλήσει
2509 5289 2600 5341 τὸν
2629 5287 2756 5340 Υἱὸν
2794 5285 3084 5354 ἐγέννησεν
3113 5285 3140 5336 6
3189 5283 3400 5354 Πατὴρ,
3429 5282 3523 5335 καὶ
3553 5281 3709 5335 τοῦτο

479 5365 654 5433 Pater,
682 5369 842 5424 etiam
898 5373 998 5428 hoc
1041 5374 1219 5430 dicere
1253 5395 1266 5430 :
1326 5377 1408 5431 An
1454 5379 1505 5434 in
1537 5383 1817 5450 prudentia
1846 5382 2022 5438 Filiun

2141 5384 2337 5451 λέγειν·
2372 5381 2434 5433 Εἰ
2465 5381 2523 5433 ὲν
2551 5379 2810 5450 φρονήσει
2834 5375 2924 5430 τὸν
2962 5375 3088 5428 Υἱὸν
3113 5375 3396 5445 ἐγέννησεν
3426 5376 3453 5427 6
3499 5373 3706 5442 Πατήρ.

478 5457 720 5523 genuerit
745 5456 920 5512 Pater.
959 5457 1103 5514 idem
1137 5463 1278 5517 enim
1304 5464 1554 5520 videntur
1577 5482 1699 5522 esse
1722 5468 2036 5526 deliberatio

480 5553 532 5598 et
564 5544 860 5613 prudentia.
893 5547 1166 5619 Siquidem
1202 5553 1446 5626 quisquis
1510 5558 1706 5626 aliquid
1740 5559 2037 5627 deliberat,

573 5717 612 5745 ⁷·
634 5719 772 5777 l’sal.
810 5742 977 5790 ωιτη,
1020 5729 1106 5782 iii.

2143 5462 2350 5527 Ταυτὸν
2371 5471 2478 5540 γὰρ
2508 5469 2772 5540 ὑπάρχειν
2812 5468 3059 5535 φαίνεται
3101 5465 3260 5537 βουλὴ
3295 5466 3392 5521 καὶ
3428 5465 3707 5535 φρόνησις.

2158 5563 2370 5634 Ἐπειδὴ
2413 5564 2517 5617 πᾶν
2573 5563 2708 5633 ὅπερ
2763 5563 2825 5617 ἄν
2878 5577 2956 5623 τις
2999 5558 3343 5630 βουλεύηται,
3406 5555 3563 5610 τοῦτο
3619 5553 3708 5609 καὶ
