4012 6338
307 426 375 487 95
1714 416 2157 474 THESAUIiUS.
3506 411 3576 469 95

311 545 512 616 φρονεῖ·
540 543 631 597 καὶ
673 542 836 595 πάλιν
873 540 1065 611 ὥσπερ
1091 539 1151 605 ἐξ
1181 538 1653 609 ἀντιστρέφοντος,
1692 539 1721 591 6
1758 556 1885 608 φροο

2012 540 2128 593 dem
2157 537 2321 591 etiam
2359 535 2593 606 prudens
2618 543 2703 590 est
2732 553 2744 588 :
2777 542 2827 588 et
2863 534 2979 588 rice
3009 548 3184 597 versa,
3224 534 3312 602 qui
3340 531 3580 602 prudens

310 640 405 698 νεῖ,
450 636 546 689 καὶ
587 631 921 703 βουλεύεται.
986 629 1312 699 Εὐρίσκεται
1349 628 1478 696 γοῦν
1518 628 1594 690 ὡς
1639 628 1885 681 ἰσοδυνα-

312 728 514 799 μοῦντα
548 725 838 778 συνάπτων
864 723 1005 776 αὐτὰ
1025 722 1119 775 καὶ
1149 724 1177 774 6
1218 722 1406 791 Σωτὴρ
1431 722 1515 789 ἐφ’
1544 719 1760 784 ἑαυτοῦ,
1788 720 1886 775 καὶ

308 820 499 887 λέγων·
550 816 685 887 Ἐμὴ
725 814 890 886 βουλὴ
942 815 1034 866 καὶ
1071 813 1363 879 ἀσφάλεια,
1408 812 1517 881 ἐμὴ
1580 813 1883 881 φρόνησις,

310 907 413 977 ἐμὴ
432 905 489 957 δὲ
518 904 693 974 ἰσχύς.
716 904 927 973 Ὠσπερ
970 902 1077 970 γάρ
1102 899 1370 968 ἀσφάλεια
1398 900 1492 950 καὶ
1516 898 1670 967 ἰσχὺς
1693 896 1886 948 ταυτὸν

309 998 475 1059 ἐστιν,
516 992 661 1046 οὕτω
714 993 808 1045 καὶ
853 991 1015 1061 βουλὴ
1069 990 1162 1042 καὶ
1218 986 1501 1057 φρόνησις.
1539 986 1603 1037 ΕΞ
1661 984 1757 1053 μὲν
1795 978 1887 1035 οὖν

308 1086 517 1157 ἄφρονά
558 1102 686 1139 ποτε
739 1082 1058 1137 πιστεύουσι
1120 1079 1450 1149 γεγενῆσθαι
1502 1077 1594 1129 τὸν
1628 1075 1883 1147 Πατέρα,

307 1179 670 1248 ἑρωτάτωσαν
698 1177 746 1228 εἰ
784 1176 839 1227 ὲν
870 1174 1130 1244 φρονήσει
1190 1171 1487 1240 γεγέννηκε
1508 1168 1603 1220 τὸν
1625 1166 1773 1219 Υἱόν.
1820 1167 1882 1217 Ei

308 1270 665 1341 δὲφρῦττουσι
712 1267 870 1321 τοῦτο
915 1268 1010 1319 καὶ
1076 1264 1236 1332 μόνον
1280 1262 1589 1324 ἀκούοντες,
1623 1258 1738 1321 πῶς
1788 1258 1889 1310 οὐκ

310 1361 506 1424 ἀσεϐὲς
543 1360 605 1413 τὸ
637 1360 845 1430 ἐρωτᾷν
875 1358 970 1410 καὶ
998 1356 1174 1423 λέγειν
1210 1356 1292 1423 ἐφ’
1325 1352 1455 1405 Υἱοῦ
1498 1352 1577 1403 τό’
1617 1348 1878 1419 Βουλήσει

310 1451 675 1522 γεγένηται,ἢ
707 1451 780 1522 μή
801 1467 816 1515 ;
841 1448 1111 1517 τοσαύτην
1145 1445 1237 1500 τοῦ
1266 1445 1424 1513 λόγου
1452 1442 1548 1513 τήν
1578 1440 1889 1511 δυσφημίαν

310 1542 670 1613 εἰσφέροντας.

999 1652 1205 1705 ΑΛΑΟ.

390 1767 448 1821 Ὁ
479 1766 748 1837 μακάριος
785 1763 996 1827 Παῦλος
1024 1764 1121 1834 τὴν
1149 1764 1570 1833 ἀπαράλλακτον
1598 1763 1892 1833 ὁμοιότητα

312 1857 591 1920 δεικνύων,
625 1856 692 1927 ἦν
717 1858 745 1909 6
774 1857 900 1919 Υἱὸς
948 1855 1063 1925 ἔχει
1094 1854 1229 1925 πρὸς
1264 1856 1356 1907 τὸν
1392 1853 1591 1908 ἑαυτοῦ
1634 1853 1851 1923 Πατέρα
1874 1896 1889 1917 ,

1993 641 2096 691 est,
2124 630 2263 683 idem
2295 639 2349 682 et
2382 629 2664 683 deliberat.
2692 629 2867 696 Atque
2912 628 2983 680 ita
3028 627 3290 679 Servator
3321 627 3432 693 ipse
3463 625 3581 678 base

1993 724 2156 777 veluti
2188 722 2584 792 :equipoilentia
2614 721 2895 793 conjungit
2923 721 3112 774 dicens
3141 719 3206 774 de
3252 733 3311 773 se
3348 738 3362 772 :
3401 718 3583 771 Meum

1994 827 2076 870 est
2116 815 2398 868 consilium
2428 825 2483 867 et
2536 813 2722 878 tutela,
2752 827 2870 865 mea
2922 811 3031 881 56
3065 811 3346 881 prudentia
3395 819 3449 863 et
3477 824 3568 877 po-

1998 904 2181 959 tentia.
2210 902 2676 969 Quemadmodum
2708 904 2851 958 enim
2888 904 3052 957 tutela
3084 913 3136 955 et
3168 901 3405 970 potentia
3439 902 3578 953 idem

1996 1003 2161 1057 sunt;
2214 996 2287 1047 ita
2335 995 2499 1049 etiam
2557 994 2879 1049 deliberatio
2910 1003 2964 1047 et
2999 994 3310 1063 prudentia.
3355 994 3410 1045 Si
3449 1007 3585 1060 ergo

1997 1088 2388 1155 imprudentem
2425 1086 2715 1156 aliquando
2746 1084 2918 1140 fuisse
2948 1085 3164 1138 Patrem
3229 1083 3578 1143 existimant,

1996 1180 2330 1249 interrogent
2358 1194 2426 1231 an
2456 1180 2505 1232 iu
2540 1178 2823 1248 prudentia
2870 1176 3122 1245 genuerit
3166 1175 3384 1229 Filium.
3437 1174 3505 1226 At
3537 1172 3589 1225 si

1998 1271 2080 1325 vel
2123 1272 2172 1323 id
2206 1271 2488 1324 audientes
2518 1270 2963 1340 perhorrescant,
2996 1283 3107 1336 quo
3132 1276 3295 1336 pacto
3328 1282 3434 1318 non
3478 1264 3583 1317 im-

1998 1362 2143 1429 pium
2173 1363 2334 1415 fuerit
2360 1362 2700 1430 interrogare
2721 1376 2784 1415 ac
2811 1361 2996 1416 dicere
3043 1364 3109 1414 de
3152 1359 3291 1412 Filio
3332 1376 3344 1410 :
3377 1359 3457 1410 An
3492 1370 3587 1410 vo—

1999 1456 2206 1508 luntate
2238 1454 2412 1508 Iactus
2433 1455 2523 1520 sit,
2574 1453 2788 1507 necne?
2818 1468 2937 1506 cum
2968 1454 3069 1506 huc
3090 1453 3157 1504 ad
3188 1461 3393 1503 tantam
3423 1457 3588 1516 atque

2000 1547 2129 1603 illud
2160 1548 2213 1600 in
2241 1545 2473 1601 Verbum
2507 1544 2898 1614 blasphemiam
2928 1544 3225 1615 pertineat.

2671 1656 2909 1714 ALIUD.

2068 1775 2271 1830 Beatus
2310 1774 2530 1841 Paulus,
2578 1773 2989 1829 similitudinem
3029 1784 3191 1841 quam
3225 1766 3395 1822 Filius
3427 1762 3591 1819 habet

2002 1883 2123 1922 cum
2157 1868 2315 1923 Patre
2336 1869 2652 1927 ostendens,
2706 1866 2783 1919 ita
2834 1864 3078 1919 scribit:
3142 1879 3160 1913 ι
3199 1860 3299 1927 Qui
3353 1872 3475 1911 cum
3519 1859 3591 1909 sit

312 1950 510 2021 γράφει
540 1950 669 2021 περὶ
697 1948 880 2001 αὐτοῦ·
936 1967 955 1999 ι
995 1949 1090 2012 ’ος
1134 1948 1209 1999 ὢν
1244 1946 1584 2017 ἀπαύγασμα
1610 1946 1708 2017 τῆς
1735 1946 1895 2014 δόξης

2012 1959 2251 2028 splendor
2279 1959 2461 2030 gloria:
2487 1967 2540 2012 et
2578 1961 2868 2012 character
2917 1955 3272 2023 bypostaseos
3304 1948 3450 2004 illius
3484 1946 3587 2000 τ’.»

314 2047 404 2099 καὶ
432 2046 722 2116 χαρακτὴρ
752 2045 851 2116 τῆς
915 2044 1266 2108 ὑποστάσεως
1320 2042 1507 2098 αὐτοῦ.
1547 2063 1565 2094 ι
1606 2044 1669 2097 Et
1714 2043 1895 2096 τοίνυν

313 2139 601 2207 χαρακτήρ
637 2137 753 2189 ἐστι
788 2138 881 2189 καὶ
924 2137 1089 2189 εἰκὼν
1130 2136 1226 2190 τοῦ
1254 2137 1613 2207 γεννήσαντος
1669 2139 1697 2190 6
1732 2135 1893 2199 Υἱὸς,

312 2226 576 2297 ἆγεν-λήθη
603 2227 679 2290 δὲ,
714 2227 838 2279 καθ’
863 2227 1027 2297 ὑμᾶς,
1059 2227 1527 2297 προηγησαμένης
1552 2226 1861 2296 βουλήσεως
1878 2266 1893 2290 ,

312 2318 524 2387 ἀνάγκη
554 2320 703 2370 πᾶσα
726 2319 817 2370 καὶ
854 2318 946 2371 τὸν
978 2318 1199 2386 Πατέρα
1244 2316 1419 2381 οὕτως
1447 2313 1607 2384 εἶναι,
1644 2316 1835 2388 ὥσπερ
1862 2317 1896 2387 ή

314 2407 474 2461 εἰκὼν
502 2406 671 2461 αὐτοῦ
701 2409 797 2461 καὶ
829 2408 890 2461 τὸ
941 2408 1303 2479 ἀπαύγασμα·
1354 2408 1431 2472 ὡς
1475 2409 1570 2461 καὶ
1593 2408 1724 2461 αὐτὸ
1754 2408 1898 2477 ἔχειν

315 2499 731 2571 προηγουμένην
760 2499 925 2552 αὐτοῦ
952 2500 1053 2571 τήν
1098 2500 1375 2570 βούλησιν.
1400 2501 1462 2553 Ei
1488 2501 1546 2553 δὲ
1590 2500 1747 2553 τοῦτο
1773 2501 1897 2552 ἀσε-

314 2591 405 2655 6ὲς
431 2592 531 2661 (οὐ
565 2594 674 2661 γὰρ
705 2593 769 2644 ἐκ
802 2590 1109 2663 βουλήσεώς
1136 2594 1342 2663 ἐστινὴ
1372 2593 1466 2645 τοῦ
1505 2592 1719 2663 Πατρὸς
1742 2592 1901 2646 οὐσία

316 2683 408 2736 καὶ
462 2682 841 2752 ὑπόστασις),
898 2683 1112 2753 ἀνάγκη
1166 2685 1316 2737 πᾶσα
1359 2683 1492 2755 μηδὲ
1544 2684 1635 2737 τὸν
1668 2684 1794 2737 Υἰὸν
1837 2685 1902 2737 ὲκ

318 2775 625 2847 βουλήσεως
654 2773 811 2839 εἶναι,
838 2777 1057 2846 φρονεῖν
1076 2775 1108 2845 ἢ
1130 2775 1329 2844 λέγειν.

1018 2891 1224 2943 AAAO.

532 3007 633 3071 Ὠς
657 3005 726 3069 ἐξ
772 3005 1131 3069 ἀντιθέσεως
1184 3002 1305 3056 τῶν
1349 3003 1681 3072 αἱρετικῶν.

385 3118 500 3175 Καὶ
526 3118 667 3183 πῶς,
699 3116 885 3187 φησὶν,
914 3116 1014 3169 οὐκ
1039 3116 1250 3185 ἀνάγκη
1285 3116 1688 3185 συνομολογεῖν,
1710 3116 1902 3186 ὅτιπερ

320 3209 579 3282 ἀθέλητός
608 3212 721 3263 ἐστι
768 3209 844 3279 τῷ
894 3210 1071 3280 [largi
1100 3211 1127 3262 6
1161 3210 1311 3273 Υἱὸς,
1342 3210 1459 3278 ήτοι
1493 3209 1821 3280 ἁδούλητος,
1854 3212 1902 3263 εἰ

324 3304 397 3376 μή
420 3306 486 3358 ὲκ
517 3304 827 3373 βουλήσεως
860 3302 953 3356 καὶ
993 3302 1264 3373 Θελήσεως
1299 3304 1520 3371 γέγονεν
1546 3320 1561 3368 ;

814 3502 969 3572 Πρὸς
998 3504 1173 3557 τοῦτο
1208 3504 1410 3570 λύσις.

389 3637 721 3691 Δυσωπείτω
740 3636 849 3690 τῶν
881 3638 1265 3708 χριστομάχων
1286 3639 1385 3709 τὴν
1408 3640 1713 3710 πάντολμον
1740 3641 1904 3709 γλῶτ-

322 3745 418 3781 ταν
445 3729 474 3780 6
509 3727 702 3797 Σωτὴρ
734 3728 860 3798 περὶ
907 3728 1100 3781 ἑαυτοῦ
1123 3729 1317 3797 λέγων·
1381 3750 1398 3781 ι
1449 3731 1505 3782 'U
1537 3731 1730 3802 Πατὴρ
1762 3732 1907 3799 φιλεῖ

324 3820 411 3873 τὸν
434 3820 587 3873 Υξόν.
619 3839 638 3870 ι
676 3820 887 3892 Ὥσπερ
930 3824 1039 3890 γὰρ
1084 3820 1186 3890 ήδη
1244 3822 1610 3894 προείρηται,
1661 3824 1722 3876 τὸ
1768 3819 1905 3877 εἶναι

323 3913 527 3982 ἀγαθός
551 3930 611 3965 τε
631 3915 726 3967 καὶ
758 3913 1026 3984 ἐλεήμων,
1066 3913 1179 3983 ἔχει
1222 3913 1342 3984 μὲν,
1370 3916 1469 3968 οὐκ
1503 3917 1564 3968 ἐκ
1594 3916 1903 3987 βουλήσεως

322 4002 399 4072 δὲ,
430 4006 557 4060 οὔτε
591 4006 699 4077 μὴν
727 4006 1042 4076 ἀϐουλήτως
1068 4006 1244 4061 ταῦτά
1274 4010 1409 4061 ἐστι.
1449 4009 1602 4061 Θὲλει
1628 4010 1736 4081 γὰρ
1770 4007 1904 4064 εἶναι

323 4098 480 4153 τοῦτο
504 4100 646 4169 ὅπερ
676 4099 823 4152 ἐστὶν
858 4099 945 4151 ἀεὶ
976 4101 1069 4153 καὶ
1116 4099 1289 4154 ἔσται.
1342 4100 1502 4154 Οὕτω
1539 4104 1633 4154 καὶ
1657 4104 1703 4154 εἱ
1733 4102 1807 4172 μή
1842 4104 1907 4155 ἐκ

325 4188 631 4259 βουλήσεως
663 4188 920 4258 ἐγέννησε
958 4187 1049 4241 τὸν
1102 4189 1250 4251 Υἱὸν,
1310 4190 1423 4243 ἀλλ’
1456 4191 1555 4243 οὐκ
1592 4191 1906 4261 ἀῦουλήτως

322 4281 484 4335 αὑτὸν
509 4280 645 4349 ἔχει.
696 4279 848 4332 Θέλει
870 4280 979 4348 γὰρ
1014 4280 1103 4334 τὸν
1139 4281 1265 4334 Υἱὸν
1298 4283 1392 4334 καὶ
1419 4283 1583 4351 φιλεῖ,
1609 4281 1793 4345 καθὼς
1815 4282 1908 4350 γέ-

322 4388 589 4442 γραπται.
632 4372 740 4428 Καὶ
802 4371 1053 4440 καθάπερ
1098 4374 1126 4425 6
1174 4374 1367 4444 Πατήρ
1416 4376 1512 4445 τῆς
1554 4374 1906 4437 ὑποστάσεως

321 4464 418 4534 τῆς
454 4461 647 4515 ἑαυτοῦ
672 4460 901 4530 θελητής
934 4464 1103 4524 ἐστιν,
1146 4464 1245 4516 οὐκ
1285 4466 1348 4517 ὲκ
1396 4465 1706 4535 βουλήσεως
1761 4484 1907 4529 τινος

322 4553 478 4607 τοῦτο
503 4553 579 4607 ὣν
604 4554 741 4625 ὅπερ
778 4553 946 4618 ἐστὶν,
1004 4554 1147 4608 οὕτω
1209 4557 1304 4609 καὶ
1352 4558 1379 4608 6
1414 4558 1538 4621 Υἱὸς
1572 4560 1637 4611 ὲκ
1688 4560 1784 4629 τῆς
1812 4558 1905 4612 τοῦ

2001 2052 2056 2106 Si
2092 2066 2221 2121 ergo
2250 2051 2421 2106 Filius
2444 2060 2527 2105 est
2557 2050 2849 2103 character
2876 2056 2929 2100 et
2958 2045 3139 2115 imago
3168 2039 3470 2099 Genitoris,
3498 2052 3587 2107 ge-

2000 2146 2144 2199 nitus
2166 2152 2342 2197 autem
2376 2152 2481 2210 est,
2514 2152 2573 2196 ut
2614 2156 2711 2196 vos
2756 2138 2960 2202 dicitis,
3000 2134 3348 2207 praecedente
3376 2130 3587 2185 delibe-

2002 2236 2233 2299 ratione,
2262 2235 2623 2289 necessarium
2663 2231 2888 2287 omnino
2929 2228 3097 2281 fuerit
3139 2225 3362 2279 Patrem
3420 2221 3491 2277 ita
3535 2233 3595 2274 se

2002 2328 2223 2391 habere,
2256 2326 2511 2396 utimago
2533 2336 2587 2381 et
2611 2323 2871 2395 splendor
2922 2319 3136 2389 ipsius:
3175 2318 3313 2371 adeo
3345 2313 3593 2369 utetiam

2003 2420 2177 2487 ipsum
2205 2418 2546 2487 pra-cesserit
2577 2416 2923 2471 deliberatio.
2954 2411 3010 2468 Si
3047 2425 3179 2465 vero
3219 2410 3326 2463 hoc
3367 2404 3597 2475 impium

2002 2518 2085 2565 est
2114 2512 2132 2580 (
2161 2525 2335 2578 neque
2359 2510 2500 2564 enim
2542 2522 2608 2562 ex
2643 2504 3036 2560 deliberatione
3059 2508 3142 2555 est
3182 2497 3375 2552 Patris
3399 2507 3591 2549 esseu-

2007 2599 2078 2653 tia
2107 2610 2267 2668 atque
2289 2597 2598 2668 hypostasis
2620 2595 2637 2665 )
2660 2633 2675 2659 ,
2704 2607 2835 2664 ergo
2861 2606 2963 2647 nec
3005 2589 3200 2645 Filium
3222 2602 3289 2642 ex
3318 2583 3599 2640 delibera-

2006 2694 2150 2749 tione
2180 2691 2383 2745 lactunt
2419 2703 2537 2745 esse
2563 2686 2644 2745 vel
2677 2685 2924 2751 credere,
2950 2682 3037 2739 vel
3068 2680 3253 2736 dicere
3280 2684 3517 2747 oportet.

2675 2878 2909 2936 ALIUD.

2382 2999 2466 3053 Ea:
2503 2996 2786 3067 objectione
2812 2996 3202 3049 Iamreticorum.

2080 3116 2147 3167 At
2172 3128 2279 3184 quo
2300 3123 2479 3183 pacto,
2514 3113 2788 3181 inquiunt,
2826 3125 2930 3165 non
2961 3107 3126 3161 fuerit
3159 3112 3386 3159 necesse
3435 3095 3599 3151 fateri

2011 3206 2203 3260 Filium
2253 3206 2389 3258 citra
2449 3204 2784 3258 voluntatem
2853 3210 2947 3254 aut
2986 3197 3272 3254 consilium
3322 3188 3472 3246 Patri
3518 3202 3604 3241 ac-

1932 3296 1973 3351 C
2008 3298 2261 3360 cessisse,
2286 3298 2390 3351 nisi
2422 3296 2647 3351 consilio
2698 3301 2755 3350 et
2813 3292 3097 3346 voluntate
3148 3284 3491 3357 ptmcedente
3529 3277 3609 3333 la-

2013 3399 2133 3446 etus
2160 3388 2278 3445 eSt?

2539 3500 2743 3555 Salutio
2776 3499 3098 3569 objectiouis.

2084 3638 2356 3693 Retundat
2395 3636 2761 3705 impudentem
2811 3637 3046 3692 hostium
3102 3634 3305 3689 Christi
3355 3635 3600 3705 linguam

2016 3730 2275 3785 Servatur
2302 3732 2415 3800 ipse
2446 3731 2519 3784 ita
2579 3730 2645 3784 de
2694 3744 2751 3785 se
2792 3728 2983 3784 dicens
3022 3748 3034 3783 :
3074 3747 3093 3779 ς
3125 3726 3286 3781 Pater
3321 3736 3472 3781 amat
3516 3725 3609 3779 Fi-

2012 3823 2141 3878 lium
2168 3824 2235 3877 '°.
2278 3843 2297 3876 ι
2356 3822 2818 3889 Quemadmodum
2873 3821 3017 3877 enim
3102 3818 3216 3888 jam
3270 3819 3473 3873 dictum
3524 3828 3608 3872 est

2014 3917 2155 3987 quod
2187 3917 2362 3971 bonus
2395 3916 2466 3969 sit
2521 3924 2574 3970 et
2624 3913 2960 3975 misericors,
2990 3913 3153 3966 habet
3186 3911 3236 3965 id
3272 3925 3377 3964 non
3412 3925 3475 3965 ex
3508 3924 3606 3965 vo-

2014 4010 2241 4075 luntate,
2300 4008 2395 4064 sed
2446 4022 2623 4077 neque
2682 4009 2889 4076 absque
2940 4005 3225 4059 voluntate
3279 4005 3394 4057 hmc
3459 4012 3603 4056 sunt.

2015 4100 2143 4156 Vult
2162 4101 2306 4154 enim
2333 4113 2455 4154 esse
2486 4100 2537 4153 id
2558 4098 2699 4167 quod
2726 4108 2809 4153 est
2833 4110 3052 4166 semper
3083 4105 3137 4149 et
3159 4093 3282 4149 erit.
3308 4091 3384 4147 Ita
3416 4093 3605 4158 etiam,

2014 4193 2141 4247 licet
2174 4207 2277 4247 non
2308 4207 2376 4247 ex
2399 4191 2679 4246 voluntate
2711 4191 2960 4260 genuerit
3012 4189 3234 4256 Filium,
3279 4203 3385 4242 non
3416 4198 3597 4242 tamen

2014 4287 2219 4355 absque
2246 4285 2523 4340 voluntate
2556 4285 2704 4338 illum
2731 4285 2913 4341 habet.
2950 4282 3076 4336 Vult
3111 4285 3256 4337 enim
3298 4282 3497 4336 Filium
3554 4291 3608 4335 et

2015 4388 2185 4445 amat,
2217 4380 2358 4433 sicut
2383 4378 2645 4447 scriptum
2696 4386 2800 4432 est.
2834 4377 2900 4430 Et
2947 4375 3407 4446 quemadmodum
3446 4374 3610 4429 Pater

2014 4487 2168 4528 suam
2219 4472 2389 4542 ipsius
2433 4461 2767 4542 hypostasim
2813 4469 2945 4536 vult,
2998 4485 3175 4537 neque
3209 4479 3388 4523 tamen
3418 4484 3483 4523 ex
3511 4484 3605 4523 vn-

2016 4566 2221 4619 luntate
2246 4573 2329 4617 est
2360 4562 2410 4617 id
2440 4564 2581 4633 quod
2607 4574 2691 4619 eSt
2717 4604 2732 4630 ,
2771 4564 2844 4617 ita
2871 4564 3036 4618 etiam
3062 4563 3233 4618 Filius
3259 4580 3323 4618 ex
3368 4564 3605 4619 essentia

325 4645 537 4715 Πατρὸς
562 4646 750 4708 οὐσίας
800 4646 1097 4715 προελθὼν,
1127 4648 1226 4700 οὐκ
1252 4648 1511 4719 ἀΟέλητος
1549 4652 1695 4702 ἐστιν
1728 4650 1898 4721 αὐτῷ,

2016 4658 2195 4712 Patris
2234 4658 2557 4726 procedens,
2592 4672 2695 4711 non
2730 4659 2781 4711 ei
2819 4658 2975 4711 adest
3013 4666 3208 4726 praeter
3233 4656 3402 4726 ipsius
3424 4656 3611 4713 volun,-

325 4736 372 4787 εἰ
392 4737 485 4788 καὶ
518 4736 769 4808 βούλησις
796 4739 1034 4809 οὐδαμοῦ
1050 4740 1149 4809 τῆς
1172 4743 1478 4813 γεννήσεως
1513 4742 1905 4814 προδραμοῦσα

328 4828 596 4897 φαίνεται.

1004 4946 1209 5000 ΑΛΛΟ.

395 5054 459 5108 Ei
485 5054 825 5125 ἀπαύγασμα
864 5058 957 5110 καὶ
986 5060 1268 5129 χαρακτήρ
1319 5061 1435 5114 ἐστι
1482 5060 1575 5114 τοῦ
1619 5062 1831 5135 Πατρὸς
1880 5064 1908 5116 6

329 5144 476 5209 Υἱὸς,
501 5145 693 5215 γέγονε
722 5147 778 5200 δὲ
807 5146 1043 5218 θελήσει,
1068 5150 1190 5203 καθ’
1220 5152 1384 5227 ὑμᾶς,
1433 5148 1500 5224 ἦν
1545 5154 1653 5224 ἄρα
1708 5156 1901 5224 χρόνος

328 5237 414 5291 ὅτε
438 5239 537 5292 οὐκ
570 5235 655 5311 ἦν,
686 5227 910 5293 καθ’ῧν
964 5243 995 5311 ή
1049 5244 1176 5312 περὶ
1222 5243 1384 5297 αὑτοῦ
1434 5245 1651 5317 θέλησις
1675 5248 1904 5302 ἐκινεῖτο

330 5330 477 5401 παρά
507 5330 586 5401 τῷ
640 5330 832 5403 Πατρί.
882 5333 1090 5386 Οὐκοῦν
1122 5330 1190 5405 ἦν
1241 5353 1372 5389 ποτε
1416 5338 1505 5391 ὅτε
1537 5340 1705 5410 χωρὶς
1732 5342 1905 5394 ἀπαυ-

327 5421 607 5491 γάσματος
624 5418 691 5493 ἦν
729 5426 757 5477 6
789 5422 920 5488 Θεὸς
960 5425 1053 5479 καὶ
1084 5425 1205 5496 δίχα
1256 5431 1624 5501 χαρακτῆρος.
1684 5433 1813 5498 Καὶ,
1860 5433 1907 5485 εἰ

328 5510 389 5563 τὸ
416 5510 545 5565 ἴδιον
572 5513 671 5583 τῆς
708 5514 896 5578 οὐσίας
955 5516 1047 5569 τοῦ
1084 5518 1297 5588 Πατρός
1347 5523 1493 5573 ἐστιν
1548 5524 1575 5575 6
1625 5523 1776 5587 Υἱὸς,
1808 5524 1909 5578 οὐκ

330 5593 483 5672 ἦν’δέ
506 5619 657 5668 ποτε,
683 5604 803 5659 καθ’
827 5606 990 5676 ὑμᾶς,
1042 5607 1157 5661 ἴσον
1183 5610 1322 5662 ἐστὶ.
1350 5610 1427 5681 τῷ
1480 5610 1679 5679 λέγειν’
1712 5616 1811 5669 οὐκ
1840 5611 1907 5686 ἦν

332 5709 458 5749 ποτε
484 5695 777 5767 γεννητική
811 5696 903 5750 τοῦ
935 5698 1145 5770 Πατρδς
1178 5701 1209 5771 ή
1242 5701 1418 5755 οὐσία·
1481 5704 1595 5757 ἀλλ’
1629 5706 1817 5780 ὥσπερ
1845 5709 1905 5762 ἔκ

400 5871 444 5908 ⁷⁸
488 5875 646 5932 llebr.
691 5894 727 5938 t.
769 5878 823 5934 5.
902 5879 944 5910 ⁸”
984 5877 1137 5935 Jean.
1182 5898 1260 5947 ut,
1296 5884 1385 5957 δῦ,

2010 4760 2196 4818 tatem,
2232 4751 2446 4805 tametsi
2493 4748 2743 4803 voluntas
2769 4752 2883 4805 sive
2939 4748 3265 4804 deliberatio
3290 4749 3606 4817 generatio-

2010 4859 2133 4899 nem
2173 4856 2512 4913 nequaquam
2540 4842 2903 4913 praecesserit.

2696 4954 2929 5010 ALIUD.

2085 5068 2141 5124 Si
2172 5069 2424 5140 splendor
2449 5078 2503 5124 et
2525 5070 2813 5124 character
2849 5068 3029 5123 Patris
3078 5078 3159 5122 est
3193 5066 3385 5132 Filius,
3430 5065 3609 5121 factus

2007 5172 2185 5216 autem
2210 5171 2372 5216 estex
2398 5162 2701 5228 voluntate,
2726 5169 2783 5215 ιιι
2810 5167 2988 5214 vestra
3015 5159 3121 5215 fert
3145 5160 3489 5229 opinio,erat
3507 5158 3610 5211 ita-

2008 5270 2111 5326 que
2150 5264 2358 5325 tempus
2403 5256 2619 5326 Quando
2651 5270 2756 5310 non
2802 5262 2936 5317 erat,
2980 5253 3031 5307 in
3072 5267 3181 5323 quo
3204 5250 3372 5305 Pater
3425 5251 3609 5305 cousi-

2009 5345 2139 5400 lium
2182 5362 2337 5401 suum
2387 5347 2454 5402 de
2510 5345 2600 5401 illo
2650 5346 2909 5416 agitabat.
2951 5344 3077 5400 Fuit
3104 5343 3272 5415 igitur
3305 5344 3471 5398 etiam
3507 5342 3608 5395 ali-

2011 5434 2227 5501 quando
2255 5436 2395 5490 Deus
2427 5436 2633 5505 absque
2677 5450 2776 5491 suo
2829 5434 3116 5506 splendore
3153 5443 3207 5489 et
3255 5434 3602 5488 charactere.

2012 5526 2098 5594 Et,
2132 5527 2174 5581 si
2208 5529 2486 5597 proprium
2514 5529 2766 5584 essentiae
2788 5528 2969 5585 Patris
2996 5529 3103 5599 57
3136 5536 3217 5584 est
3246 5526 3603 5595 Filius,atqui

2012 5618 2057 5673 is
2096 5619 2518 5689 aliquandoﬁon
2550 5620 2677 5686 fuit,
2704 5630 2758 5675 ut
2790 5636 2885 5676 vos
2919 5620 3125 5686 dicitis,
3168 5620 3310 5674 idem
3349 5626 3432 5673 cst
3468 5632 3532 5671 ac
3557 5616 3604 5672 si

2014 5714 2162 5769 dicas
2195 5716 2562 5784 generativam
2592 5714 2769 5772 Patris
2819 5715 3119 5772 essentiam
3155 5711 3450 5783 aliquando
3497 5725 3603 5766 non
