4012 6338
406 390 479 450 95
1431 390 1490 445 S.
1532 386 1805 444 CYRILLI
1844 381 2309 442 ALEXANDRINI
2347 381 2664 440 ARCHIEP.
3579 381 3648 437 96

405 508 696 571 exstitisse,
736 508 832 564 sed
867 508 1029 571 veluti
1073 524 1138 563 ex
1185 508 1487 564 mulatione
1508 508 1739 578 quadam
1770 522 1837 561 eo
1869 518 1974 560 tra-

2078 523 2223 569 τινος
2258 504 2561 576 μεταϐολῆς
2594 503 2673 564 είς
2737 498 2894 552 τοῦτο
2956 497 3231 569 παρῆλθεν
3285 496 3647 567 ἀποκυήσασα

408 599 625 655 ductam
656 599 825 655 fuisse
852 609 911 653 ut
946 601 1192 670 gigneret
1218 598 1429 654 Filium.
1469 598 1524 654 Si
1561 614 1687 654 vero
1724 598 1773 652 id
1804 608 1854 653 et
1882 612 1973 653 co-

408 691 578 758 gitatu
608 699 663 744 et
695 690 839 745 dictu
877 690 1098 759 impium
1128 697 1230 756 est,
1264 705 1331 745 ne
1376 690 1528 752 illud,
1572 689 1878 753 Voluntate,
1904 703 1972 741 an
2004 740 2007 741 ν

409 796 534 846 non,
561 782 626 835 de
650 780 789 836 Filio
812 782 1093 850 obiiciant.
1124 781 1277 837 Sicut
1294 782 1440 836 enim
1476 780 1633 835 Pater
1656 779 1975 838 naturaliter

408 882 491 926 est
529 871 720 939 bonus,
754 873 825 926 ita
849 873 1012 927 etiam
1033 872 1349 928 naturaliter
1371 871 1737 942 generativus.

793 1002 1019 1072 ALIUD,
1061 1005 1130 1059 ad
1167 1005 1584 1075 explicationem.

480 1110 536 1166 Si
568 1112 747 1167 omnis
776 1106 1022 1168 voluntas
1050 1128 1168 1181 quae
1200 1114 1251 1167 in
1284 1129 1554 1185 quoquam
1586 1114 1644 1169 ﬁt
1701 1128 1807 1169 non
1855 1116 1975 1169 abs-

410 1219 514 1272 que
542 1204 706 1259 verbo
746 1205 804 1259 fit
845 1204 1126 1276 (voluntas
1157 1205 1297 1260 enim
1332 1216 1416 1262 est
1446 1208 1668 1263 verbum
1707 1206 1972 1261 occultum

410 1297 551 1364 quod
587 1296 640 1351 in
678 1298 840 1351 corde
877 1297 1174 1370 agitatur),
1209 1296 1379 1352 Filius
1414 1306 1593 1352 autem
1627 1306 1710 1352 est
1746 1296 1973 1351 Verbum

409 1384 615 1449 Patris,
649 1387 789 1443 idem
820 1387 984 1457 igitur
1011 1390 1173 1443 etiam
1204 1397 1288 1444 est
1315 1389 1565 1444 voluntas
1596 1388 1781 1455 ipsius.
1812 1386 1973 1455 Atqui

410 1490 516 1545 quo
544 1488 699 1543 pacto
725 1477 971 1532 voluntas
1002 1478 1054 1531 in
1082 1478 1352 1533 voluntate
1382 1478 1475 1532 ﬁt?
1500 1486 1593 1532 aut
1623 1477 1711 1545 qui
1740 1476 1974 1531 Verbum

410 1567 464 1619 in
487 1567 699 1621 Verbo?
725 1565 915 1622 Omnia
949 1568 1114 1638 igitur
1141 1569 1255 1622 haec
1281 1578 1364 1623 est
1394 1567 1561 1622 Filius
1587 1566 1732 1621 Patri
1766 1584 1780 1621 :
1807 1574 1860 1622 et
1888 1580 1977 1619 vo-

411 1652 587 1709 luntas
615 1664 667 1710 et
694 1655 952 1720 Verbum,
986 1669 1039 1710 et
1069 1656 1332 1727 sapientia
1366 1672 1383 1711 :
1416 1656 1658 1726 nihilque
1686 1665 1769 1711 est
1800 1656 1850 1709 in
1876 1654 1978 1709 Pa-

414 1752 495 1798 tre
522 1754 648 1799 aute
678 1745 869 1814 ipsum.

978 1855 1199 1912 ALIUD.
1223 1856 1411 1911 simile.

481 1962 653 2020 [labet
694 1964 795 2019 sibi
842 1966 1002 2021 homo
1042 1967 1360 2022 naturaliter
1395 1966 1609 2021 insitam
1656 1964 1973 2035 procreandi

411 2055 552 2110 ﬁlios
589 2064 946 2125 potestatem,
988 2068 1042 2112 et
1082 2073 1187 2112 non
1229 2059 1677 2128 quemadmodum
1719 2062 1878 2115 homo
1910 2072 1973 2113 ex

410 2147 687 2203 voluntate
723 2158 805 2204 est
841 2150 1013 2204 bonus
1044 2157 1136 2204 aut
1169 2150 1368 2215 malus,
1401 2150 1473 2204 ita
1504 2150 1665 2204 etiam
1700 2163 1764 2203 ex
1794 2148 1979 2202 volun-

411 2246 625 2293 tate-est
652 2248 821 2307 pater.
852 2238 956 2294 Sed
984 2241 1089 2295 hoc
1111 2255 1174 2295 ex
1206 2250 1393 2294 natura
1412 2281 1427 2303 ,
1453 2240 1584 2295 illud
1610 2254 1674 2294 ex
1701 2239 1976 2295 voluntate

410 2325 587 2380 habet.
620 2326 684 2381 Et
717 2327 861 2383 illius
892 2328 1106 2397 quidem
1138 2328 1342 2383 domini
1376 2341 1593 2393 sumus;
1628 2327 1682 2381 in
1716 2326 1817 2381 hoc
1850 2340 1977 2381 vero
2013 2324 2016 2326 ⁷

409 2426 665 2486 perpetua
714 2427 876 2489 atque
924 2418 1381 2473 incommutabilis
1433 2426 1640 2473 natum
1686 2417 1769 2473 lex
1811 2417 1971 2487 viget.

411 2509 562 2563 Sicut
600 2509 759 2580 igitur
794 2525 893 2565 nos
932 2525 1033 2565 non
1070 2525 1133 2564 ex
1159 2509 1466 2579 voluntate,
1503 2508 1595 2564 sed
1630 2516 1843 2569 natura.
1880 2508 1975 2562 ha-

409 2600 597 2655 bemus
621 2610 678 2653 ut
703 2602 872 2655 simus
899 2611 1076 2671 patres
1102 2601 1330 2654 filiorum
1358 2610 1685 2662 nostrorum,
1712 2599 1784 2653 ita
1810 2600 1973 2653 etiam

414 2691 551 2745 Deus
580 2706 643 2746 ac
669 2692 827 2747 Pater
853 2707 957 2746 non
987 2707 1051 2746 ex
1080 2692 1350 2747 voluntate
1363 2674 1536 2745 'Pater
1559 2700 1665 2756 est,
1692 2692 1787 2745 sed
1819 2699 1977 2743 natu-

409 2782 614 2837 raliter.
653 2784 719 2837 Et
760 2782 1211 2852 quemadmodum
1252 2783 1342 2852 qui
1383 2797 1446 2837 ex
1491 2783 1643 2837 nobis
1684 2783 1976 2849 gignuntur

408 2874 613 2929 similes
644 2890 864 2945 prorsus
901 2874 1057 2930 nobis
1094 2883 1217 2929 sunt
1250 2876 1543 2929 secundum
1582 2873 1971 2937 substantiam,

410 2965 481 3019 ita
510 2967 670 3021 etiam
703 2966 873 3022 Filius
904 2980 1008 3021 non
1040 2966 1378 3022 extrinsecus
1412 2965 1561 3020 Patri
1593 2977 1847 3030 accessit,
1880 2965 1973 3018 sed

410 3070 595 3111 revera
622 3072 688 3110 ex
717 3059 949 3114 essentia
979 3058 1150 3127 ipsius
1174 3060 1471 3128 procedens
1499 3071 1593 3125 per
1618 3057 1796 3111 omnia
1825 3056 1974 3111 simi-

410 3144 475 3201 lis
498 3157 582 3202 est
610 3146 870 3203 Genitori.
899 3148 963 3203 Et
983 3149 1433 3218 quemadmodum
1466 3148 1627 3203 Pater
1651 3164 1757 3204 non
1788 3164 1852 3204 ex
1881 3164 1973 3203 vo-

411 3235 615 3292 luntate
640 3248 721 3293 est
753 3238 930 3303 Pater,
959 3237 1029 3292 ita
1058 3248 1111 3294 et
1130 3239 1307 3294 ‘Filius
1336 3254 1439 3293 non
1471 3253 1535 3293 ex
1562 3239 1851 3303 voluntate,
1880 3240 1973 3294 sed

410 3339 474 3378 ex
513 3336 702 3379 natura
740 3336 844 3393 est,
881 3327 1131 3396 splendor
1165 3336 1216 3382 et
1253 3327 1532 3382 character
1564 3328 1830 3385 exsistens
1862 3327 1977 3396 eius

410 3416 505 3486 qui
538 3415 711 3485 ipsum
745 3417 946 3487 genuit.
1954 3411 1962 3422 ⁸

1072 3525 1295 3582 ALIUD.

861 3617 1100 3689 Objectio
1138 3634 1201 3673 ea:
1240 3605 1520 3674 Eunomia.

476 3731 842 3803 lntcrrogandi
880 3742 1038 3797 sunt,
1072 3733 1276 3803 inquit,
1312 3732 1475 3801 ii-qui
1508 3744 1567 3787 se
1601 3738 1744 3786 recte
1774 3731 1975 3786 sentire

408 3824 738 3885 existimant,
769 3831 946 3877 utrum
978 3824 1268 3892 aliquando
1313 3823 1591 3878 voluntate
1617 3822 1860 3892 genuerit
1889 3821 1975 3875 Fi-

410 3914 535 3967 lium
563 3913 741 3977 Pater,
768 3928 833 3966 an
866 3916 998 3968 citra
1028 3916 1384 3968 voluntatem.
1428 3913 1484 3969 Si
1511 3914 1654 3969 enim
1683 3914 1891 3969 exstitit
1920 3913 1972 3967 in

407 4006 636 4060 essentia
669 4005 874 4069 Patris,
907 4006 1046 4060 alius
1076 4006 1143 4060 ab
1174 4005 1289 4075 ipso
1318 4004 1514 4068 Filius,
1548 4020 1652 4060 non
1680 4004 1976 4059 voluntarie

408 4097 611 4166 genuit.
632 4095 864 4152 Necesse
891 4097 1033 4151 enim
1065 4108 1180 4151 erat
1212 4088 1400 4166 parere
1428 4113 1551 4152 eum
1581 4098 1669 4167 qui
1703 4098 1754 4151 in
1787 4106 1971 4152 natura

408 4196 543 4241 erat.
576 4186 631 4241 Si
663 4202 789 4241 vero
817 4204 921 4241 non
950 4196 1067 4241 erat
1099 4188 1151 4242 in
1180 4186 1368 4253 Patre,
1401 4187 1493 4242 sed
1528 4186 1702 4261 lactus
1730 4193 1812 4242 est
1844 4185 1975 4239 deli-

408 4280 688 4335 beratione
720 4279 897 4335 Patris
926 4280 1163 4337 adhibita
1183 4319 1198 4343 ,
1238 4294 1457 4334 necesse
1484 4287 1565 4334 est
1593 4278 1813 4333 omnino
1842 4278 1975 4332 deli-

409 4370 738 4427 berationem
778 4371 1140 4441 praecessisse.
1181 4369 1295 4425 Non
1335 4380 1451 4425 erat
1494 4370 1662 4441 igitur
1693 4368 1844 4424 Patri
1879 4381 2005 4429 00-.

382 4456 383 4459 “
408 4473 663 4519 aeternus.
1395 4531 1398 4534 ἢ

910 4575 1116 4630 Salutio
1152 4574 1471 4645 objectmnis.

476 4712 711 4768 Primum
744 4711 959 4781 quidem
992 4709 1253 4779 stupenda
1276 4723 1372 4775 res
1402 4717 1485 4763 est
1516 4722 1621 4778 quo
1650 4714 1808 4777 pacto
1839 4707 1967 4765 adeo

408 4806 689 4860 temerarie
728 4812 781 4858 et
823 4786 1129 4873 portentosa
1165 4801 1309 4856 velut
1347 4800 1615 4869 imperitia
1658 4786 1711 4855 in
1753 4813 1967 4855 omnem

376 4932 379 4937 -
408 4896 988 4972 blasphemiamruant.
1007 4893 1190 4963 Neque
1213 4893 1322 4963 58
1344 4894 1484 4947 enim
1509 4893 1667 4961 pudet
1690 4907 1782 4947 eos
1804 4892 1967 4946 etiam

405 4987 577 5056 ipsum
609 4985 774 5041 Deum
809 4985 1113 5041 necessitati
1148 4984 1446 5053 subjicere,
1478 4985 1716 5039 dicentes
1750 4984 1969 5052 perinde

406 5090 564 5147 atque
594 5080 644 5130 iu
676 5077 923 5131 humanis
951 5075 1268 5146 corporibus
1299 5074 1499 5143 aliquid
1529 5073 1705 5129 Patris
1732 5073 1965 5128 essentia

404 5169 803 5238 comprehendi,
845 5184 907 5223 ac
948 5168 1101 5238 quasi
1136 5181 1231 5223 vas
1274 5167 1327 5221 in
1367 5182 1515 5231 vase,
1550 5166 1626 5242 ita
1674 5165 1869 5221 Filium
1913 5165 1966 5220 in

405 5259 565 5318 Patre
608 5263 795 5316 teneri.
838 5259 948 5314 Nos
988 5274 1138 5323 vero,
1172 5260 1260 5329 qui
1308 5268 1452 5313 recte
1498 5273 1560 5311 ac
1600 5257 1739 5326 iuste
1769 5258 1969 5311 sentire

406 5351 711 5417 studemus,
738 5350 1026 5406 essentiam
1067 5350 1158 5405 Dei
1199 5348 1341 5403 omni
1380 5349 1697 5427 necessitate
1729 5351 1969 5419 superio-

407 5457 519 5494 rem
552 5457 673 5497 esse
710 5442 966 5509 dicimus;
998 5453 1052 5499 et
1081 5444 1275 5499 Filium
1306 5459 1426 5500 esse
1460 5446 1510 5498 in
1544 5443 1735 5508 Patre,
1768 5460 1871 5499 non
1912 5452 1968 5498 ut

408 5546 601 5601 corpus
630 5533 682 5585 in
714 5548 959 5603 corpore,
988 5536 1079 5589 scd
1113 5535 1610 5604 ut-inseparabilem
1645 5536 1712 5589 ab
1742 5535 1855 5602 ejus
1884 5549 1969 5590 es-

406 5621 576 5675 scutia
615 5632 665 5677 et
704 5624 771 5677 ah
808 5625 923 5695 ipso
958 5627 1339 5695 procedentem
1375 5627 1709 5681 naturaliter.
1749 5626 1805 5681 Si
1843 5642 1968 5681 vero

410 5716 721 5772 existimant
764 5732 820 5773 se
862 5728 1074 5775 acutum
1114 5719 1313 5789 aliquid
1359 5734 1687 5792 preponcrc,
1734 5719 1968 5774 dicentes

416 5808 684 5865 voluntate
711 5820 794 5865 aut
825 5812 957 5867 citra
983 5814 1309 5869 voluntatem
1340 5828 1457 5867 eum
1490 5812 1685 5867 factum.
1716 5826 1850 5870 csse.
1885 5813 1962 5866 vi~

2075 597 2167 653 τὸν
2198 596 2346 649 Υἰόν.
2384 594 2447 648 Ei
2473 594 2529 646 δὲ
2576 590 2735 645 τοῦτο
2754 589 2947 652 ἀσεϐὲς
2980 593 3195 659 φρονεῖν
3225 605 3285 641 τε
3318 588 3413 642 καὶ
3444 588 3644 658 λέγειν,

2080 688 2156 761 μὴ
2176 686 2603 759 πῳτεινέτωσάν
2633 700 2775 746 τινες
2801 684 2883 751 ἐφ’
2919 681 3052 735 Υἱοῦ
3072 681 3153 744 τὸ,
3194 681 3454 751 Βουλήσει
3482 680 3514 751 ἦ
3543 682 3643 750 μή.

2081 780 2293 847 ’Ὠσπερ
2317 778 2425 848 γάρ
2459 775 2659 844 ἀγαθὸς
2687 772 2829 826 κατά
2861 771 3022 841 φύσιν
3046 772 3192 825 ἐστὶν
3218 774 3246 825 6
3276 771 3486 842 Πατὴρ,
3505 770 3649 823 οὕτω

2078 871 2172 924 καὶ
2200 868 2513 938 γεννητικὸς
2540 867 2680 922 κατά
2708 869 2888 936 φύσιν.

2496 1001 2680 1054 ΑΛΛΟ
2700 1040 2715 1065 ,
2762 999 3215 1070 διηγηματικῶς.

2152 1116 2216 1169 Ei
2254 1117 2404 1170 πᾶσα
2453 1113 2705 1184 βούλησις
2734 1115 2766 1185 ἡ
2801 1114 2857 1166 ἐν
2882 1130 2991 1167 τισι
3025 1112 3285 1183 γινομένη
3315 1112 3376 1164 οὐ
3413 1111 3535 1181 δίχα
3566 1110 3653 1164 l6-

2080 1224 2177 1277 γου
2199 1207 2440 1279 γίνεται(
2456 1206 2611 1274 λόγος
2636 1206 2743 1276 γάρ
2774 1206 2921 1257 ἐστιν
2943 1203 3165 1272 ἀφανῶς
3194 1205 3251 1255 ὲν
3277 1202 3471 1272 καρδίᾳ
3500 1220 3652 1274 στρε⁸

2081 1298 2370 1368 φόμενοςή
2408 1296 2729 1366 βούλησις),
2790 1295 2903 1348 ἐστι
2964 1294 3018 1347 δὲ
3062 1297 3090 1347 6
3116 1294 3241 1357 Υἱὸς
3273 1295 3302 1348 6
3324 1282 3326 1285 6
3352 1296 3521 1360 Λόγος
3556 1294 3650 1347 τοῦ

2082 1386 2315 1459 Πατρὶς,
2372 1387 2533 1450 αὐτὸς
2582 1386 2690 1456 ἄρα
2712 1385 2858 1438 ἐστὶν
2916 1386 2947 1453 ὴ
2990 1383 3240 1454 βούλησις
3291 1383 3477 1438 αὑτοῦ.
3517 1380 3653 1438 Εἶτα

2082 1478 2200 1541 πῶς
2237 1480 2269 1548 ἠ
2308 1478 2561 1549 βούλησις
2602 1478 2660 1529 ὲν
2695 1475 2947 1546 βουλήσει
2986 1475 3231 1543 γίνεται;
3268 1475 3299 1547 ἢ
3344 1474 3457 1539 πῶς
3491 1477 3519 1528 6
3547 1475 3651 1529 A6-

2081 1586 2176 1636 γος
2197 1570 2254 1623 ὲν
2280 1569 2471 1639 Λόγῳ;
2508 1568 2693 1621 Πάντα
2739 1566 2916 1620 τοίνυν
2944 1566 3092 1619 ἐστὶν
3125 1568 3153 1618 6
3186 1565 3314 1627 Υἱὸς
3342 1564 3418 1635 τῷ
3440 1565 3612 1635 [lupi
3633 1605 3648 1629 ,

2082 1661 2175 1714 καὶ
2228 1659 2391 1731 βουλὴ
2421 1661 2513 1714 καὶ
2545 1660 2739 1728 Λόγος,
2772 1659 2865 1711 καὶ
2891 1657 3069 1727 σοφίαν
3106 1656 3198 1710 καὶ
3219 1656 3371 1710 οὐδέν
3402 1655 3549 1709 ἐστιν
3594 1657 3651 1709 ἐν

2083 1751 2257 1823 Πατρὶ
2282 1750 2388 1822 πρὸ
2427 1750 2609 1806 αὑτοῦ.

2643 1862 2824 1915 ΛΛΛΟ
2857 1861 3083 1931 ὅμοιον.

2155 1979 2308 2049 Ἔχει
2340 1977 2480 2031 κατὰ
2512 1976 2673 2045 φύσιν
2702 1978 2730 2029 6
2770 1974 3054 2045 ἄνθρωπος
3081 1973 3140 2026 τὸ
3164 1971 3425 2026 δύνασθαι
3446 1973 3650 2027 τέκνων

2078 2067 2239 2121 αὑτὸν
2259 2066 2511 2136 γενέσθαι
2540 2066 2772 2136 πατέρα·
2796 2065 2890 2116 καὶ
2916 2063 3013 2132 οὐχ
3039 2062 3224 2133 ὥσπερ
3253 2064 3316 2115 ὲκ
3349 2061 3651 2133 βουλήσεως

2076 2158 2277 2227 ἀγαθός
2304 2161 2453 2212 ἐστιν
2486 2158 2518 2228 ἢ
2559 2156 2813 2228 πονηρὸς,
2838 2154 2982 2209 οὕτω
3017 2155 3111 2208 καὶ
3137 2156 3340 2225 πατήρ.
3398 2155 3560 2207 Ἀλλά
3591 2153 3652 2207 τδ

2080 2250 2178 2321 μὲν
2217 2247 2395 2318 φύσει,
2425 2246 2561 2301 τὸδὲ
2594 2245 2844 2316 βουλήσει
2888 2242 3026 2298 ἐστι.
3080 2243 3189 2296 Καὶ
3240 2242 3334 2295 τοῦ
3368 2244 3465 2314 μὲν
3486 2243 3650 2313 ἐσμὲν

2076 2342 2277 2411 κύριοι·
2312 2337 2405 2393 τοῦ
2435 2338 2490 2391 δὲ
2536 2338 2569 2408 ἡ
2624 2336 2784 2404 φύσις
2818 2332 3173 2404 ἀπαράϐατον
3204 2332 3315 2402 ἔχει
3345 2332 3437 2386 τὸν
3464 2333 3645 2404 νόμον.

2077 2434 2287 2502 Ὥσπερ
2313 2425 2405 2484 οὖν
2430 2429 2529 2483 οὐκ
2562 2428 2627 2480 ἐκ
2657 2425 2959 2496 βουλήσεως
2994 2424 3189 2493 ἔχομεν
3219 2427 3380 2494 ἡμεῖς
3421 2425 3482 2476 τὸ
3506 2419 3647 2479 εἶναι

2074 2520 2309 2591 πατέρες
2352 2519 2462 2573 τῶν
2518 2516 2576 2583 ἐξ
2630 2516 2806 2587 ἡμῶν,
2855 2515 2990 2568 ἀλλά
3040 2514 3302 2582 φυσικῶς,
3330 2512 3473 2568 οὕτω
3500 2517 3592 2569 καὶ
3621 2520 3649 2571 6

2075 2610 2206 2673 Θεὸς
2254 2610 2347 2662 xui.
2394 2607 2584 2678 Πατὴρ
2635 2607 2734 2659 οὐκ
2798 2607 2862 2657 ἐκ
2907 2604 3215 2675 βουλήσεως
3252 2606 3444 2675 Πατήρ
3478 2607 3646 2671 ἐστιν,

2075 2700 2210 2753 ἀλλά
2240 2699 2504 2768 φυσικῶς.
2568 2697 2678 2750 Καὶ
2729 2696 2921 2766 ὥσπερ
2952 2697 3002 2747 oi
3051 2695 3107 2761 ἐξ
3144 2692 3314 2766 ’ἡμῶν
3340 2697 3648 2767 τικτόμενοι

2073 2795 2243 2862 ὅμοιοι
2268 2793 2484 2854 πάντως
2501 2792 2631 2859 ἡμῖν
2660 2790 2781 2842 κατ’
2801 2787 2990 2841 οὐσίαν
3008 2787 3165 2852 εἰσὶν,
3192 2786 3334 2841 οὕτω
3368 2789 3463 2842 καὶ
3480 2792 3508 2843 ὁ
3522 2786 3651 2855 Υἱὸς

2074 2881 2171 2935 οὐκ
2201 2880 2396 2945 ἔξωθεν
2426 2880 2504 2951 τῷ
2529 2880 2701 2950 Πατρὶ
2740 2879 3195 2949 προσγενόμενος,
3236 2880 3353 2933 ἀλλ’
3386 2880 3555 2945 ὅντως
3584 2883 3650 2936 ἐκ

2073 2972 2171 3042 τῆς
2195 2972 2382 3035 οὐσίας
2414 2970 2579 3026 αὑτοῦ
2608 2969 2885 3042 προελθὼν
2941 2969 3127 3038 ὅμοιός
3157 2971 3270 3025 ἐστι
3304 2970 3445 3024 κατὰ
3473 2973 3647 3027 πάντα

2074 3062 2153 3132 τῷ
2200 3062 2555 3131 γεγεννηκότι.
2591 3061 2700 3114 Καὶ
2731 3062 2922 3131 ὥσπερ
2956 3061 3057 3113 οὐκ
3089 3060 3153 3113 ὲκ
3199 3059 3505 3133 βουλήσεώς
3531 3063 3647 3116 ἐστι

2075 3154 2285 3223 Πατὴρ,
2326 3153 2467 3207 οὕτω
2512 3152 2606 3206 καὶ
2639 3155 2667 3205 6
2715 3152 2841 3216 Υἱὸς
2873 3153 2971 3205 οὐκ
3019 3154 3082 3204 ὲκ
3126 3151 3434 3223 βουλήσεως
3470 3155 3645 3220 ἐστιν,

2076 3244 2213 3298 ἀλλά
2244 3243 2385 3297 κατά
2406 3242 2587 3313 φύσιν,
2610 3243 2949 3315 ἀπαύγασμα
2970 3242 3063 3296 καὶ
3086 3244 3370 3317 χαρακτὴρ
3390 3245 3667 3317 ὑπάρχων»

2075 3335 2168 3389 τοῦ
2198 3337 2551 3406 γεννήσαντος
2585 3335 2766 3388 αὐτόν.

2765 3535 2966 3589 AAAO.

2334 3645 2653 3712 Ἀντίθεσις
2708 3646 2787 3712 ὡς
2818 3646 2886 3699 ἐκ
2924 3645 3039 3699 τῶν
3076 3647 3395 3717 Εὐνομίου.

2158 3736 2506 3808 Ἐρωτητέον,
2544 3738 2698 3807 φησὶ,
2734 3737 2861 3801 τοὺς
2894 3738 3029 3809 ὀρθὰ
3080 3743 3295 3809 φρονεῖν
3324 3741 3605 3813 οἰομένους
3627 3782 3642 3806 ,

2075 3828 2302 3900 πότερόν
2326 3845 2459 3882 ποτε
2495 3827 2749 3900 βουλήσει
2779 3830 3077 3898 γεγέννηκε
3103 3830 3194 3883 τὸν
3227 3831 3355 3884 Υἱὸν
3379 3835 3406 3886 6
3434 3834 3643 3903 Πατὴρ,

2074 3920 2105 3988 ἢ
2142 3918 2472 3990 ἀϐουλήτως.
2536 3921 2599 3973 Ei
2625 3920 2725 3990 μὲν
2758 3921 2866 3991 γάρ
2892 3921 3165 3992 ὲνυπῆρχε
3205 3924 3271 3993 τῇ
3311 3908 3406 3976 τοῦ
3435 3924 3646 3994 Πατρδς

2073 4010 2250 4082 οὐσίᾳ,
2289 4011 2472 4080 ἕτερος
2506 4010 2581 4063 ὣν
2612 4014 2742 4083 παρ’
2777 4013 2939 4065 αὑτὸν
2979 4014 3007 4064 6
3042 4014 3187 4076 Υἱὸς,
3237 4016 3297 4066 οὑ
3324 4016 3643 4087 προαιρέσει

2072 4100 2304 4155 τέτοκεν.
2351 4096 2459 4155 Ἦν
2505 4100 2613 4171 γὰρ
2662 4101 2873 4171 ἀνάγκη
2928 4104 3107 4155 τεκεῖν
3160 4102 3251 4155 τὸν
3285 4104 3342 4155 ἐν
3386 4106 3449 4174 τῇ
3488 4104 3647 4173 φύσει

2074 4192 2341 4262 κείμενον.
2372 4193 2436 4246 Ei
2456 4193 2511 4245 δὲ
2534 4193 2639 4263 οὐκ
2664 4187 2730 4263 ἦν
2772 4193 2828 4245 ἐν
2856 4194 3053 4265 Πατρὶ,
3085 4194 3345 4265 ἐγεννήθη
3378 4194 3432 4247 δὲ
3456 4194 3646 4266 βουλη-

2074 4281 2260 4345 Θέντος
2289 4272 2380 4335 τοῧ
2415 4284 2650 4355 Πατρδς.
2692 4283 2903 4353 ἀνάγκη
2940 4286 3313 4355 προϋπάρχειν
3346 4285 3508 4338 αὑτοῦ
3547 4287 3644 4356 τὴν

2074 4370 2347 4445 βούλησιν.
2372 4373 2483 4426 Οὐκ
2513 4370 2579 4444 ἦν
2609 4368 2699 4427 οὖν
2746 4373 2855 4453 ἄρα
2890 4372 2965 4444 τῷ
3012 4376 3330 4447 γεννήσαντι
3360 4376 3641 4439 συναΐδιος.

2562 4573 2716 4640 Πρὸς
2738 4572 2921 4627 ταῦτα
2949 4572 3147 4638 λύσις.

2143 4709 2366 4781 Πρῶτον
2409 4708 2505 4779 μὲν
2532 4706 2939 4778 ἀποθαυμάζειν
2983 4707 3131 4771 ἄξιον
3162 4710 3286 4771 τοὺς
3316 4708 3641 4778 ἀφυλάκτως

2069 4803 2148 4866 εἰς
2179 4804 2359 4855 πᾶσαν
2385 4800 2675 4871 τρέχοντας
2708 4798 3042 4869 δυσφημίαν,
3081 4798 3280 4869 πολλήν
3311 4816 3371 4851 τε
3398 4798 3640 4869 ἀμαθίαν

2069 4896 2252 4956 αὐτοῖς
2305 4892 2573 4961 ἐγκαλεῖν.
2647 4891 2722 4943 Οὐ
2778 4890 2885 4961 γὰρ
2944 4889 3291 4959 αἰσχύνονται
3347 4891 3441 4944 κού⁸
3478 4892 3641 4946 αὑτὸν

2069 4984 2337 5051 ἀνάγκαις
2364 4982 2705 5044 ὑποτιθέντες
2733 4980 2822 5033 τὸν
2846 4979 2997 5044 Θεὸν,
3026 4981 3118 5032 καὶ
3149 4979 3399 5049 καθάπερ
3421 4982 3513 5034 ἐπὶ
3540 4998 3641 5035 σω-

2074 5077 2259 5147 μάτων
2310 5074 2661 5147 ἀνθρωπίνων
2720 5070 3143 5141 ὲμπεριέχεσοαί
3194 5089 3245 5124 τι
3298 5072 3639 5144 λέγοντεςτῇ

2070 5167 2165 5221 τοῦ
2198 5167 2407 5237 Πατρὸς
2436 5164 2615 5235 οὐσίᾳ,
2644 5163 2675 5233 ἦ
2710 5163 2897 5234 ὥσπερ
2921 5180 2971 5214 τι
3000 5161 3189 5225 σκεῦος
3217 5165 3275 5216 ὲν
3315 5165 3498 5216 σκεύει
3529 5166 3642 5217 κεῖ-

2072 5261 2192 5313 σθαι
2220 5261 2309 5313 τὸν
2360 5260 2487 5312 Υἱὺν
2536 5260 2595 5310 ὲν
2646 5258 2839 5328 Πατρί.
2901 5257 3091 5327 Ἡμεῖς
3140 5255 3197 5308 δὲ
3251 5252 3331 5318 οἷς
3375 5254 3510 5325 ὀρθά
3547 5255 3640 5307 καὶ

2070 5349 2251 5402 δίκαια
2275 5349 2489 5419 φρονεῖν
2519 5346 2902 5410 ἐσπούδασται,
2921 5344 3033 5399 ἄνω
3060 5346 3155 5415 μὲν
3181 5344 3361 5413 πάσης
3392 5344 3638 5413 ἀνάγκης

2070 5435 2211 5493 εἷναί
2239 5456 2415 5509 φαμεν
2445 5438 2543 5507 τὴν
2582 5437 2766 5490 οὐσίαν
2789 5436 2882 5490 τοῦ
2912 5435 3073 5488 Θεοῦ·
3104 5431 3242 5489 εἶναι
3268 5435 3326 5487 δὲ
3359 5434 3520 5487 πάλιν
3550 5435 3639 5487 τὸν

2071 5532 2198 5585 Υῑὺν
2226 5534 2280 5583 ἑν
2312 5531 2488 5599 Πατρὶ
2509 5569 2523 5593 ,
2558 5529 2655 5599 οὐχ
2682 5530 2756 5591 ὡς
2786 5529 2942 5599 σῶμα
2981 5528 3083 5580 ὑπο
3114 5526 3363 5597 σώματος
3393 5527 3641 5597 περιεχό-

2076 5641 2256 5695 μενον,
2289 5623 2400 5676 ἀλλ’
2428 5622 2502 5684 ὡς
2537 5619 2837 5692 ἀχώριστον
2866 5622 2963 5690 τῆς
3019 5618 3205 5681 οὐσίας
3255 5616 3419 5670 αὐτοῦ
3452 5617 3544 5670 καὶ
3581 5615 3641 5674 ἐξ

2073 5716 2242 5785 αὐτῆς
2275 5712 2604 5787 προελθόντα
2641 5712 2781 5765 κατά
2816 5711 2904 5764 τὸν
2949 5711 3047 5780 τῆς
3085 5708 3299 5775 φύσεως
3340 5708 3523 5779 νόμον.
3577 5708 3637 5761 Et

2074 5809 2128 5861 δὲ
2154 5806 2353 5859 errr/tat
2388 5804 2546 5873 σηφτεν
2583 5822 2629 5857 τι
2666 5803 2987 5872 προτείνειν.
3020 5801 3267 5871 βουλήσει
3305 5800 3549 5868 ὶέγοντες
3599 5796 3628 5864 ἦ
