4012 6338
355 360 421 421 9Ὶ
1778 344 2224 406 'l‘llESAUllUS.
3568 336 3638 398 93

351 476 664 547 ἀϐουλήτως
693 476 855 528 αὐτὰ)
888 473 1232 547 γεγενῆσθαι,
1261 475 1350 524 καὶ
1386 470 1516 540 παρ’
1550 466 1710 537 ἡμῶν
1740 467 1920 519 ἀκουέ-

2040 461 2222 516 eissim
2250 462 2348 514 hoc
2380 473 2406 511 a
2443 459 2595 513 nobis
2628 457 2850 512 audiant
2882 475 2895 511 :
2930 456 3073 525 Ergo
3114 457 3252 527 ignis
3288 456 3450 511 etiam
3486 457 3631 511 calo-

349 585 549 621 τωσαν·
574 566 836 633 Βουλήσει
866 560 976 635 ἆρα
1002 565 1063 616 τὸ
1112 565 1223 633 πυρ
1246 562 1344 631 τὴν
1362 560 1421 624 eg
1438 558 1604 613 αὐτοῦ
1630 556 1942 627 θερμότητα

349 660 514 728 γεννᾷ
538 659 571 729 ἢ
612 656 926 726 ἀδουλήτως
953 673 968 720 ;
1034 654 1175 707 Ἀλλ’
1207 652 1358 705 οὐδὲν
1387 651 1569 715 ἕξουσι
1618 649 1753 719 πρὸς
1781 646 1941 699 τοῦτο

351 751 545 803 εἰπεῖν.
576 747 659 799 Τὰ
689 748 798 815 γὰρ
817 748 882 800 ὲκ
909 745 1122 815 φύσεως
1153 744 1407 816 προϊόντα
1427 784 1441 807 ,
1490 741 1616 795 οὔτε
1653 740 1937 811 βούλησιν,

350 839 473 895 οὔτε
504 838 835 909 ἀδουλησίαν
863 838 1188 907 ἐπιδέχεται.
1238 836 1362 889 Ἐπὶ
1395 835 1453 887 δὲ
1475 833 1588 887 τῶν
1624 832 1821 898 ἔξωθεν
1845 832 1941 885 καὶ

351 924 428 985 ὧν
454 933 622 999 ἐσμεν
643 932 701 983 ἑν
727 928 965 997 ἐξουσίᾳ,
991 927 1244 997 βούλησις
1268 927 1361 979 καὶ
1392 925 1691 995 ἁϐουλησία
1720 925 1935 996 κρατεῖ.

353 1018 563 1087 ’ῡσπερ
592 1013 687 1071 οὖν
748 1018 839 1071 καὶ
878 1018 1026 1087 ἡμᾶς
1090 1013 1437 1087 ἐργαζόμεθά
1469 1034 1521 1067 τι
1553 1014 1935 1085 βουληθέντες,

352 1110 611 1178 τίκτομεν
667 1109 725 1161 δὲ
775 1108 835 1172 ἐξ
879 1108 1122 1171 ἑαυτῶν,
1166 1107 1355 1159 οὐδένα
1402 1108 1568 1159 τόπον
1610 1106 1840 1175 ἐχούσης
1878 1107 1937 1160 ὲν

349 1200 526 1270 τούτῳ
558 1200 924 1271 βουλήσεωςῆ
956 1199 1310 1270 ἀϐουλησίας,
1354 1198 1499 1251 οὕτω
1539 1198 1632 1251 καὶ
1675 1196 1809 1260 Θεὸς
1842 1199 1933 1266 ἑρ-

350 1290 579 1357 γάςεται
612 1291 709 1360 μὲν
746 1289 997 1360 βουλήσει
1027 1290 1095 1343 τὰ
1116 1291 1292 1355 ἐκτὸς,
1325 1290 1583 1359 ἐγέννησε
1610 1288 1665 1341 δὲ
1690 1288 1937 1359 ἀχρὸνως

348 1379 441 1432 τὸν
466 1380 595 1432 Υἱὸν
623 1380 682 1444 ἐξ
703 1381 918 1445 ἑαυτοῦ,
964 1382 1153 1434 οὐδένα
1204 1382 1367 1433 τόπον
1394 1382 1624 1449 ἐχούσης
1653 1381 1712 1433 ὲν
1760 1378 1937 1448 τούτῳ

350 1468 655 1541 βουλήσεως
679 1472 771 1523 καὶ
795 1470 1143 1541 ἀδονλησὶας,
1164 1472 1211 1523 εξ
1238 1476 1330 1525 καὶ
1352 1472 1453 1524 οὐκ
1476 1471 1735 1540 ἀθέλητός
1761 1471 1932 1523 ἐστιν.

360 1561 419 1612 '0
450 1562 559 1631 γὰρ
589 1562 777 1632 Πατὴρ
811 1563 1003 1633 ἀγαπᾷ
1041 1563 1129 1616 τὸν
1160 1562 1311 1625 Υἱδν,
1334 1562 1409 1626 ὡς
1434 1562 1765 1632 γέγραπται,

1039 1740 1243 1792 ΑΛΛΟ.

596 1850 690 1916 Ὠς
712 1849 781 1914 ἐξ
815 1850 1173 1917 ἀντιθέσεως
1212 1850 1330 1905 τῶν
1364 1853 1684 1921 Εὑνομίου.

411 1964 475 2016 Εἰ
514 1964 589 2033 μὴ
621 1963 892 2034 βουλήσει,
923 1967 1109 2035 φησὶν,
1169 1966 1427 2037 ἐγέννησε
1454 1967 1545 2018 τὸν
1591 1966 1719 2018 Υξὸν
1748 1965 1776 2017 6
1818 1968 1928 2020 Πα-

341 2053 463 2122 τὴρ,
499 2053 611 2123 ἔχει
643 2055 705 2119 δὲΔ
740 2055 904 2107 αὑτὸν
924 2056 1250 2123 ἐκφύσεως,
1276 2057 1520 2126 δηλονότι
1548 2058 1643 2109 καὶ
1671 2057 1771 2127 τὴν
1799 2057 1928 2127 περὶ

339 2146 503 2199 αὐτὸν
534 2145 735 2214 γνῶσιν
769 2148 869 2199 οὐκ
898 2146 1038 2217 ἔχων
1071 2148 1253 2211 αὐτὸς,
1289 2149 1403 2219 ἔχει
1430 2150 1592 2203 πάλιν
1626 2149 1794 2219 αὐτὴν
1819 2149 1928 2202 ἀπὸ

338 2236 440 2306 τῆς
468 2237 706 2305 φύσεως.
753 2237 996 2308 Ἐμαθεν
1028 2236 1121 2293 οὖν
1149 2242 1231 2294 ὅτι
1257 2243 1352 2294 καὶ
1374 2242 1501 2303 Υἱὸς
1532 2241 1695 2295 αὑτοῦ
1739 2240 1890 2294 ἔσται
1908 2282 1923 2306 ,

340 2329 434 2380 καὶ
476 2329 969 2400 συνδημιουργήσει
1006 2332 1075 2385 τὰ
1120 2332 1317 2385 πάντα⁹
1375 2334 1470 2385 καὶ
1509 2332 1925 2403 ὲπισυμόἐὸηκε

336 2418 414 2486 τῷ
444 2418 617 2488 Πατρὶ
640 2420 671 2487 ἡ
693 2420 822 2490 περὶ
858 2420 982 2473 Υἱοῦ
1003 2422 1202 2489 γνῶσις
1230 2424 1295 2475 ἐκ
1318 2425 1416 2493 τῆς
1438 2424 1645 2486 οἰκείας
1680 2424 1925 2476 διδασκο-

340 2509 480 2580 μένη
518 2510 755 2577 φύσεως.
800 2510 861 2565 Ei
920 2514 980 2566 δὲ
1031 2515 1189 2567 τοῦτο
1225 2516 1448 2581 ἄτοπον,
1492 2512 1745 2586 βουλήσει
1786 2516 1922 2585 ἄρα,

336 2601 495 2665 εἰδὼς
540 2603 623 2655 ὅτι
678 2602 853 2668 ἔσται,
893 2607 1195 2677 προέϐαλεν
1258 2609 1445 2673 αὐτὸν,
1491 2609 1586 2662 καὶ
1633 2609 1924 2679 προτρέχει

337 2694 552 2759 πάντως
580 2697 680 2765 τῆς
708 2699 1016 2767 γεννήσεως
1049 2701 1081 2771 ἡ
1128 2701 1401 2771 βούλησις.

835 2812 994 2878 Πρὸς
1024 2812 1198 2867 τοῦτο
1224 2816 1426 2880 λύσις.

417 2900 505 2961 '0;
529 2903 687 2973 ἡμῶν
720 2904 1146 2975 ὁμολογούντων,
1196 2905 1279 2957 ὃτι
1312 2906 1528 2977 πρῶτον
1566 2906 1817 2977 ἐδιδάχθη
1840 2908 1925 2971 τίς

335 2992 484 3046 ἔσται
517 2997 545 3046 6
568 2996 714 3061 Υἱὸς,
736 2992 836 3050 εἶθ’
860 2996 1035 3060 οὕτως
1060 2997 1391 3067 γεγέννηκεν
1434 2999 1597 3052 αὑτὸν
1627 3001 1654 3051 6
1692 3000 1883 3071 Πατὴρ
1905 3041 1919 3064 ,

336 3084 737 3138 κατασκευάσει
771 3086 870 3156 τὴν
904 3088 1166 3156 πρότασιν
1186 3085 1214 3137 6
1247 3086 1375 3157 περὶ
1403 3086 1574 3139 ταῦτα
1594 3086 1787 3151 δεινὸς,
1822 3089 1923 3139 οὐκ

333 3174 490 3238 εἰδὼς
542 3176 646 3238 ὅτι,
695 3176 1073 3247 διαστήματος
1110 3177 1323 3239 οὐδενὸς
1384 3176 1535 3241 δντος
1593 3180 1797 3249 μεταξὺ
1825 3179 1919 3233 τοῦ

336 3265 767 3335 μεσολαϐοὖντος
797 3267 860 3319 τὸ
888 3264 1029 3320 εἶναι
1054 3249 1149 3320 τοῦ
1173 3266 1399 3338 Πατρὸς,
1425 3268 1519 3320 καὶ
1540 3269 1637 3340 τὴν
1661 3269 1919 3341 γέννησιν

331 3357 425 3409 τοῦ
450 3357 603 3421 Υἰοῦ,
642 3361 676 3428 ἡ
704 3360 832 3430 περὶ
866 3360 1029 3412 αὐτοῦ
1068 3360 1379 3430 πρόγνωσις
1436 3361 1537 3415 οὐκ
1581 3361 1915 3432 ἔχειτόπον.

333 3448 396 3500 Εἰ
423 3448 533 3519 γὰρ
557 3449 1044 3521 προεϐουλεὺσατο,
1081 3450 1173 3504 καὶ
1216 3451 1603 3521 προεδιδέιχοη.
1641 3456 1699 3505 ἐν
1742 3454 1919 3523 χρόνῳ

331 3536 388 3589 δὲ
412 3537 629 3601 πάντως
649 3538 821 3592 ταῦτα
851 3540 1079 3608 ἐγένετο,
1112 3540 1262 3593 κάτω
1288 3541 1494 3610 χρόνων
1523 3542 1552 3593 6
1583 3540 1734 3605 Υἱός.
1764 3542 1827 3593 Ei
1859 3542 1918 3595 δὲ

331 3628 492 3689 αὑτός
523 3631 671 3681 ἐστιν
698 3632 726 3682 6
785 3630 893 3682 τῶν
926 3630 1136 3700 χρόνων
1196 3629 1448 3701 ποιητὴς,
1492 3631 1546 3683 τί
1597 3634 1775 3701 μάτην
1818 3632 1919 3701 τῆς

332 3717 482 3781 θείας
509 3719 723 3787 φύσεως
751 3721 1143 3792 καταφλυαρεί,
1179 3720 1573 3794 διδασκομένην
1603 3724 1773 3793 αὐτὴν
1804 3724 1918 3776 εἱσ-

332 3806 512 3877 ιξέρων
552 3809 660 3861 ἀπὸ
692 3810 789 3878 τῆς
829 3808 1067 3878 φύσεως,
1103 3808 1178 3872 ὡς
1212 3810 1376 3873 αὐτός
1409 3826 1564 3880 φησι,
1608 3811 1677 3865 τὰ
1718 3813 1917 3881 ἐσόμε-

331 3914 416 3961 να,
474 3900 569 3952 καὶ
624 3899 786 3953 πλέον
834 3900 985 3953 οὐδὲν
1037 3898 1311 3972 ἀνθρώπῳ
1357 3902 1531 3965 διδους
1584 3903 1615 3974 ἢ
1662 3903 1739 3975 τῷ
1774 3906 1915 3975 ὑπὲρ

332 3988 540 4052 πάντας
581 3991 693 4044 δντι
746 3992 900 4062 Θεῷ;
946 3994 1095 4046 ’Ᾱνω
1147 3993 1328 4046 τοίνυν
1381 3994 1642 4064 κειμένης
1704 3996 1915 4049 αἰώνων

330 4081 423 4133 καὶ
456 4082 662 4151 χρόνων
715 4083 818 4151 τῆς
880 4085 1187 4155 γεννήσεως
1208 4084 1302 4144 τφῦ
1348 4084 1501 4147 Υίοῦ,
1537 4084 1823 4156 δύσφημόν
1853 4105 1912 4140 τε

267 4234 271 4238 _
332 4169 425 4236 καὶ
462 4171 671 4239 ἀμαθὲς
686 4173 933 4249 ,εἰκότως
950 4172 1131 4243 ἂνεῖη
1156 4173 1217 4231 τὸ
1246 4174 1423 4242 λέγειν
1452 4174 1931 4249 προϐουλεύεσοαηίι

329 4276 401 4320 τι,
423 4261 458 4330 ἢ
492 4250 949 4330 προδιδάσκεσῦαι
971 4264 1061 4317 τὸν
1080 4252 1298 4335 Πατέρα
1325 4267 1453 4335 περὶ
1481 4264 1668 4319 αὑτοῦ.
1695 4266 1914 4332 Τέλειος

329 4351 437 4420 γὰρ
479 4353 572 4404 καὶ
601 4355 660 4405 ὲν
695 4352 774 4422 τῷ
826 4355 1002 4408 πάντα
1047 4355 1246 4407 εἰδέναι
1293 4358 1320 4407 6
1359 4357 1572 4427 Πατὴρ,
1605 4359 1699 4410 καὶ
1748 4360 1913 4414 τόπον

327 4443 516 4496 οὐδένα
543 4445 649 4514 πρὸ
687 4444 877 4517 Υἱοῦἡ
910 4449 1039 4518 περὶ
1067 4447 1234 4500 αὐτοῦ
1278 4447 1531 4518 βούλησις
1562 4449 1695 4519 ἔχει.

1012 4555 1216 4610 AAAO.

396 4665 460 4718 Ei
493 4660 634 4719 οἶδεν
676 4667 868 4719 ἑαυτὸν
920 4667 1007 4719 ἀεὶ
1060 4667 1187 4721 ὄντα
1227 4668 1445 4738 Πατέρα
1479 4670 1507 4721 6
1536 4670 1746 4740 Πατὴρ,
1793 4670 1908 4742 ἔχει

326 4756 545 4819 πάντως
573 4756 670 4809 καὶ
701 4759 758 4809 ὲν
788 4758 968 4829 ἑαυτῷ
994 4758 1087 4811 τοῦ
1116 4760 1247 4813 Υἱοῧ
1280 4761 1378 4831 τὴν
1406 4761 1625 4829 γνῶσιν.
1668 4761 1755 4815 Ἐν
1799 4762 1908 4834 γὰρ

323 4845 401 4913 τῷ
442 4846 644 4899 εἰδέναι
694 4847 828 4917 ὅπερ
854 4848 1024 4900 ιέστὶν
1054 4849 1237 4912 αὐτὸς,
1273 4850 1367 4903 καὶ
1396 4851 1493 4919 τῆς
1537 4850 1783 4919 υἰότητος
1808 4852 1908 4920 τὴν

324 4934 527 5002 γνῶσιν
556 4938 743 5008 φορεῖ·
774 4937 1104 5007 Πατὴρ-γὰρ
1133 4938 1207 5001 ὡς
1239 4939 1371 5009 πρὸς
1412 4940 1538 4991 Υἱὸν
1569 4940 1683 5011 ἔστι
1713 4958 1771 4993 τε
1813 4944 1906 4995 καὶ

322 5026 671 5097 ὀνομάζεται.
722 5030 834 5082 Καὶ
874 5030 1037 5083 πάλιν
1085 5032 1148 5083 ὲκ
1201 5030 1309 5083 τῶν
1357 5032 1645 5085 ἐναντίων⁵
1696 5029 1849 5085 Οἶδεν
1879 5036 1908 5086 6

326 5117 451 5182 Υἱὸς
485 5118 579 5171 τὸν
608 5119 847 5189 Πατέρα,
873 5120 1027 5185 εἰδὼς
1062 5123 1199 5191 ὅπερ
1228 5122 1374 5175 ἐστὶν
1408 5124 1588 5186 αὑτός.
1634 5124 1766 5176 ’Λπὺ
1799 5124 1906 5195 γὰρ

322 5208 421 5277 τῆς
454 5208 705 5279 υἱότητος
745 5213 777 5281 ἡ
818 5213 1095 5283 πατρότης
1123 5216 1361 5266 νοεῖται·
1396 5217 1488 5267 καὶ
1528 5216 1590 5267 τὸ
1626 5217 1907 5286 ἀντίστρο-

324 5317 440 5367 φον,
476 5302 540 5353 ἐκ
567 5301 666 5370 τῆς
701 5304 1039 5374 πατρότητος
1072 5308 1106 5375 ὴ
1141 5307 1355 5375 υἱότης·
1387 5304 1453 5378 ἦν
1488 5303 1579 5361 οὖν
1606 5309 1691 5361 ἀεὶ
1719 5309 1905 5380 Πατὴρ

321 5394 351 5443 6
383 5390 532 5454 Θεὸς,
562 5386 629 5461 ἦν
665 5394 770 5463 ἄρα
815 5395 908 5447 καὶ
956 5397 984 5447 6
1031 5396 1171 5460 Υἱός.
1212 5399 1503 5468 Δύσφημον
1547 5399 1601 5451 δὲ
1642 5398 1702 5451 τὸ
1728 5400 1907 5467 λέγειν

326 5482 399 5553 μὴ
432 5483 631 5536 εἰδέναι
664 5486 756 5536 τὸν
802 5486 1018 5558 Πατέρα
1073 5488 1132 5553 ἐξ
1184 5491 1377 5543 ἑαυτοῦ
1428 5492 1517 5541 τὸν
1566 5491 1713 5552 Υιὲίν,
1764 5492 1908 5545 διδά-

324 5573 549 5626 σκεσθαι
582 5573 637 5626 δὲ
668 5576 774 5628 ἀπὸ
806 5578 904 5647 τῆς
938 5578 1173 5646 φύσεως,
1204 5583 1435 5634 ἑκάστου
1470 5580 1667 5653 δηλαδὴ
1707 5584 1798 5649 ἀφ’
1828 5576 1902 5636 ὧν

324 5670 464 5720 ὲσειν
494 5668 654 5729 αὐτὸς
688 5667 787 5737 τὴν
817 5669 909 5721 τοῦ
954 5672 1139 5740 δτέρου
1170 5671 1370 5740 γνῶσιν
1422 5672 1655 5742 ἔχοντος.
1692 5673 1900 5736 ’Ἄλλως

320 5776 377 5811 τε.
410 5762 595 5831 ἕτερον
626 5764 725 5815 οὐκ
760 5763 821 5818 iv
852 5766 936 5834 ε⁷η
969 5766 1129 5835 φύσις
1156 5767 1290 5821 (θεοῦ
1324 5770 1453 5837 παρ’
1490 5768 1673 5822 αὐτόν·
1704 5768 1907 5833 ἁπλοῦς
1949 5768 2053 5839 γὰρ

2048 566 2158 603 rem
2198 563 2262 603 cx
2306 564 2361 602 se
2400 548 2701 603 voluntarie
2741 545 2911 618 gignit
2949 556 3042 601 aut
3079 547 3484 601 involuntarie?
3527 543 3633 601 Sed

2042 642 2177 697 nihil
2206 640 2483 695 habebunt
2510 641 2651 710 quod
2682 639 2746 693 ad
2776 640 2878 693 hoc
2900 639 3103 693 dicant.
3131 638 3265 692 Nam
3292 654 3413 707 quae
3440 654 3504 692 ex
3537 654 3633 691 na-

2047 740 2166 785 tura
2196 731 2483 799 prodeunt,
2516 743 2690 798 neque
2714 729 2873 795 velle,
2900 729 2983 782 vel
3014 743 3119 782 non
3146 727 3284 783 velle
3312 729 3632 784 admittunt.

2044 822 2098 876 ln
2138 824 2299 878 rebus
2330 838 2459 877 vero
2497 838 2616 891 qua:
2653 832 2812 876 extra
2844 837 2943 876 nos
2972 830 3027 874 et
3056 822 3111 875 in
3146 832 3331 875 nostra
3363 831 3632 891 patestate

2042 920 2189 976 sunt,
2219 919 2311 964 aut
2332 912 2599 975 volumus,
2629 920 2721 965 aut
2742 910 3011 966 nolumus.
3037 909 3506 976 Quemadmodum
3534 909 3635 980 igi-

2044 1014 2132 1057 tur
2158 1004 2322 1057 ctiam
2355 1018 2454 1057 nos
2484 1017 2776 1073 operamur
2802 1001 3005 1071 aliquid
3035 1003 3311 1058 voluntate
3342 1004 3455 1057 sive
3486 1002 3631 1057 deli-

2040 1094 2320 1149 beratione
2362 1094 2630 1157 adhibita,
2672 1092 2942 1163 gignimus
2984 1106 3112 1146 vero
3152 1106 3220 1146 ex
3265 1092 3420 1146 nobis
3462 1092 3630 1161 ipsis,

2041 1200 2216 1253 neque
2261 1185 2425 1238 ullum
2470 1186 2523 1238 in
2572 1182 2881 1254 generando
2926 1182 3103 1239 locum
3149 1184 3313 1238 habet
3352 1183 3495 1238 velle
3537 1194 3632 1238 aut

2040 1278 2202 1343 nolle,
2245 1278 2316 1331 ita
2359 1278 2521 1331 etiam
2564 1276 2707 1331 Deus
2745 1286 3005 1345 cperatur
3068 1274 3286 1344 quidem
3325 1274 3632 1331 voluntarie

2041 1384 2160 1439 qute
2184 1378 2339 1423 extra
2369 1369 2543 1437 ipsum
2574 1376 2723 1432 sunt,
2771 1366 2969 1422 Filium
3000 1377 3181 1421 autem
3210 1368 3398 1438 genuit
3426 1369 3632 1438 absque

2040 1470 2281 1529 tempore
2316 1475 2379 1515 ex
2417 1474 2495 1525 se,
2534 1474 2712 1527 neque
2750 1460 2914 1514 ullum
2953 1475 3015 1514 ea
3058 1461 3110 1514 in
3155 1476 3210 1514 re
3249 1460 3425 1515 locum
3466 1461 3631 1516 habet

2040 1555 2175 1608 velle
2199 1563 2294 1609 aut
2319 1554 2489 1619 nolle,
2520 1554 2733 1607 tamctsi
2762 1568 2869 1609 non
2897 1562 2981 1608 est
3008 1554 3179 1609 invito
3205 1553 3366 1607 Patre
3390 1555 3623 1623 genitus.

2037 1646 2201 1703 Pater
2228 1651 2397 1713 cnim,
2426 1659 2486 1702 ut
2512 1647 2799 1717 Scriptura
2834 1645 3272 1716 loquitur,amat
3299 1645 3520 1700 Filium.

2711 1757 2937 1812 ALIUD.

2470 1850 2553 1904 Ex
2593 1852 2881 1919 objectione
2921 1848 3193 1903 Eunomii.

2105 1963 2164 2018 Si
2195 1977 2297 2018 non
2324 1963 2621 2028 voluntate,
2655 1964 2847 2033 inquit,
2876 1963 3074 2017 Filium
3105 1962 3291 2034 genuit
3319 1961 3503 2029 Pater,
3528 1963 3626 2019 sed

2032 2068 2097 2108 ex
2130 2062 2336 2107 natura
2386 2054 2560 2122 ipsum
2604 2054 2790 2119 habet,
2838 2052 3126 2109 manifesto
3170 2054 3335 2109 etiam
3376 2054 3624 2109 uetitiam

2031 2146 2096 2196 de
2125 2157 2191 2197 eo
2221 2158 2325 2197 non
2354 2142 2561 2197 habens
2593 2144 2739 2212 ipse,
2770 2160 2890 2199 eam
2922 2161 2952 2199 a
2984 2154 3176 2198 natura
3210 2144 3393 2198 habet.
3426 2142 3626 2199 Didicit

2030 2234 2218 2303 itaque
2270 2235 2414 2304 quod
2447 2234 2617 2290 Filius
2647 2251 2777 2290 suus
2807 2236 3021 2291 futurus
3051 2244 3219 2300 esset,
3244 2245 3299 2290 et
3324 2236 3505 2290 omnia
3536 2250 3626 2288 se-

2029 2341 2152 2382 cum
2179 2337 2496 2392 creaturus;
2524 2337 2688 2396 atque
2715 2329 2789 2382 ita
2816 2328 3008 2382 notitia
3035 2328 3160 2382 Filii
3186 2327 3422 2383 accessit
3476 2328 3623 2381 Patri

2029 2433 2058 2471 a
2098 2433 2196 2472 sua
2237 2430 2430 2473 natura
2469 2419 2683 2475 edocto.
2717 2418 2771 2473 Si
2808 2435 2935 2475 vero
2971 2420 3022 2473 id
3058 2418 3357 2475 absurdum
3395 2429 3499 2485 est,
3530 2436 3625 2473 vo-

2028 2507 2237 2563 luntate
2275 2510 2456 2579 igitur,
2489 2511 2670 2564 sciens
2700 2512 2844 2578 quod
2879 2511 3097 2564 iuturus
3125 2519 3303 2572 esset,
3337 2525 3461 2564 eum
3494 2523 3623 2578 pro-

2030 2598 2213 2662 duxit,
2246 2599 2612 2667 prmceditque
2650 2600 2875 2654 omnino
2913 2600 3320 2670 generationem
3352 2600 3620 2657 voluntas.

2532 2794 2742 2850 Salutio
2779 2796 3111 2863 objectionis.

2098 2884 2327 2939 Perinde
2375 2901 2439 2940 ac
2489 2889 2533 2941 si
2584 2888 3023 2953 consideremus,
3078 2890 3314 2956 primum
3343 2889 3619 2943 .edoctum

2028 2976 2195 3029 luisse
2234 2976 2451 3031 Patrem
2493 2979 2615 3045 quis
2656 2989 2800 3033 esset
2843 2980 3057 3034 futurus
3102 2980 3295 3044 Filius,
3338 2990 3505 3051 atque
3549 2984 3621 3037 ita

2027 3067 2280 3135 deinceps
2321 3083 2443 3120 eum
2488 3069 2760 3137 genuisse,
2798 3070 2870 3122 ita
2914 3080 3164 3124 versutus
3208 3073 3293 3125 hic
3333 3087 3622 3140 argumen-

1949 3185 1991 3241 ρ
2030 3170 2140 3209 tum
2178 3173 2337 3212 suum
2373 3159 2586 3222 astruit,
2621 3160 2859 3228 ignarus,
2894 3176 3016 3214 cum
3058 3163 3192 3215 nihil
3228 3163 3301 3216 sit
3337 3164 3499 3232 Spatii
3539 3164 3622 3216 in-

2027 3255 2107 3300 ter
2136 3261 2254 3301 esse
2289 3247 2466 3302 Patris
2503 3258 2555 3301 et
2592 3250 3000 3318 generationem
3039 3249 3195 3315 Filii,
3231 3254 3620 3321 prmnotionem

2023 3340 2089 3394 de
2119 3354 2184 3394 eo
2216 3340 2420 3393 nullum
2452 3340 2653 3395 habere
2687 3341 2886 3395 locum.
2918 3340 3055 3395 Nam
3086 3342 3131 3395 si
3166 3342 3316 3412 prius
3347 3344 3620 3399 delibera-

2024 3431 2127 3493 vit,
2161 3440 2215 3483 et
2250 3432 2401 3500 prius
2439 3432 2722 3503 cognovit,
2755 3445 2918 3503 atque
2955 3434 3070 3487 hzec
3109 3435 3159 3488 in
3199 3443 3441 3504 tempore
3474 3436 3617 3491 facta

2023 3520 2221 3575 iuerint
2259 3538 2482 3578 necesse
2517 3524 2623 3591 sit,
2666 3525 2895 3593 tempori
2932 3539 3062 3597 ergo
3097 3527 3367 3581 obnoxius
3403 3537 3485 3582 est
3522 3528 3615 3582 Fi-

2021 3614 2142 3669 lius.
2182 3617 2250 3669 At
2284 3630 2407 3670 cum
2443 3618 2561 3686 ipse
2600 3618 2671 3673 sit
2714 3627 3020 3688 temporum
3062 3620 3330 3683 conditor,
3369 3620 3499 3688 quid
3538 3629 3617 3673 tc-

2021 3720 2168 3760 mere
2190 3708 2449 3761 adversus
2474 3707 2711 3761 divinam
2738 3717 2989 3762 naturam
3014 3708 3340 3774 deblaterat,
3367 3710 3614 3764 edoctam

2019 3796 2166 3850 illam
2208 3810 2330 3853 esse
2371 3797 2480 3868 59
2521 3813 2549 3851 a
2593 3796 2784 3853 natura
2828 3802 2894 3856 de
2937 3803 3099 3855 rebus
3143 3800 3340 3856 futuris
3379 3800 3610 3873 linguas,

2020 3902 2194 3956 neque
2223 3889 2518 3959 quidquam
2550 3891 2782 3971 amplius
2816 3895 3135 3962 praepotenti
3173 3892 3285 3947 Deo
3320 3908 3484 3962 quam
3518 3896 3612 3947 ho-

2018 3980 2149 4034 mini
2178 3980 2457 4036 tribuens?
2481 3983 2612 4036 Cum
2647 3985 2827 4053 itaque
2857 3984 3139 4053 generatio
3169 3984 3290 4038 Filii
3322 3985 3520 4039 sarcula
3550 4001 3614 4040 ac

2018 4076 2262 4139 tempora
2294 4074 2540 4137 excedat,
2574 4074 2871 4128 absurdum
2903 4090 2967 4128 ac
2998 4075 3377 4145 blasphcmum
3409 4085 3493 4131 est
3526 4078 3612 4130 di-

2016 4173 2143 4223 cere
2176 4161 2541 4235 deliberasse,
2570 4167 2814 4241 ctgprius
2855 4168 3111 4223 edoctum
3153 4168 3321 4238 fuisse
3361 4171 3426 4222 de
3468 4170 3612 4244 illius

2008 4244 2367 4320 generatione
2407 4254 2645 4310 Patrem.
2685 4256 2963 4313 Perfectus
3004 4261 3149 4314 enim
3196 4271 3282 4315 est
3326 4262 3377 4314 in
3426 4254 3612 4331 cogni-

2017 4345 2162 4400 tione
2188 4349 2429 4402 omnium
2463 4364 2643 4403 rerum
2678 4349 2859 4414 Pater,
2890 4352 3206 4422 nullumque
3238 4352 3415 4408 locum
3448 4355 3609 4410 habet

2016 4438 2359 4507 deliberatio,
2387 4439 2585 4495 Filium
2618 4444 2951 4513 przecedens.

2700 4554 2935 4611 ALIUD.

2088 4660 2144 4717 Si
2196 4661 2356 4717 Pater
2404 4678 2620 4735 semper
2669 4668 2819 4722 novit
2863 4684 2922 4723 se
2978 4684 3098 4725 esse
3144 4669 3381 4737 Patrem,
3442 4671 3607 4729 habet

2014 4754 2235 4809 Omnino
2281 4756 2443 4811 etiam
2476 4757 2528 4811 in
2556 4773 2616 4812 se
2647 4759 2893 4814 notitiam
2938 4760 3082 4818 Filii.
3125 4763 3201 4817 Eo
3254 4764 3398 4819 enim
3462 4768 3604 4835 quod

2014 4850 2250 4917 seipsum
2302 4850 2491 4914 novit,
2538 4851 2686 4906 novit
2737 4862 2793 4906 et
2820 4851 3058 4909 Filium:
3118 4855 3281 4910 Pater
3306 4858 3448 4912 enim
3513 4875 3604 4913 ra-

2016 4938 2161 4991 tione
2199 4937 2323 4991 Filii
2352 4949 2436 4993 est
2473 4950 2527 4994 et
2557 4942 2778 4998 dicitur.
2837 4945 2903 4998 Et
2957 4960 2987 5001 e
3024 4949 3300 5002 centrario
3364 4966 3377 5001 :
3444 4948 3604 5006 Novit

2014 5030 2183 5085 Filius
2221 5031 2459 5097 Patrem,
2490 5049 2721 5090 noscens
2760 5039 3023 5108 seipsum.
3072 5039 3205 5095 Nam
3242 5057 3309 5096 ex
3344 5043 3604 5101 liliatione

2014 5123 2332 5193 intelligitur
2371 5128 2688 5195 paternitas,
2718 5140 2775 5184 et
2836 5133 3111 5201 reciproco
3163 5148 3226 5188 ex
3276 5146 3602 5202 paternttate

2014 5214 2202 5271 liliatio
2237 5237 2249 5271 :
2282 5226 2399 5271 erat
2457 5234 2588 5288 ergo
2622 5236 2837 5290 semper
2867 5224 3025 5277 Pater
3058 5224 3230 5293 Deus;
3270 5237 3385 5281 erat
3412 5230 3601 5297 utique

2013 5317 2067 5360 et
2106 5306 2296 5361 Filius.
2340 5308 2563 5379 lmpinm
2610 5322 2790 5367 autem
2831 5316 2975 5369 dictu
3019 5328 3236 5371 estnon
3284 5334 3446 5373 nosse
3497 5319 3603 5373 Pa-

2013 5410 2148 5453 trem
2179 5401 2396 5466 l‘ilium,
2434 5405 2525 5472 qui
2568 5420 2634 5459 ex
2680 5422 2738 5461 se
2789 5416 2889 5471 est,
2934 5409 3027 5463 sed
3072 5411 3252 5463 doceri
3301 5430 3329 5464 ιι
3379 5419 3602 5474 natura,

2009 5510 2133 5545 cum
2169 5506 2393 5563 uterque
2437 5513 2503 5550 cx
2547 5512 2613 5552 co
2653 5499 2770 5568 ipso
2800 5502 2940 5568 quod
2965 5513 3049 5556 est
3088 5504 3313 5557 alterius
3348 5505 3595 5558 notitiam

2011 5583 2226 5639 habent.
2264 5587 2321 5640 Et
2367 5588 2568 5657 aiioqui
2607 5602 2799 5645 natura
2831 5593 2918 5646 Dei
2966 5610 3070 5646 non
3119 5596 3189 5648 sit
3233 5597 3373 5650 aliud
3432 5612 3593 5665 quam

2010 5675 2121 5740 ipse
2157 5692 2170 5739 ;
2216 5678 2445 5744 simplex
2473 5681 2615 5736 enim
2648 5693 2699 5738 ct
2728 5683 3113 5754 incompositus
3147 5698 3249 5741 cst.

2094 5772 2185 5823 καὶ
2218 5772 2525 5838 ᾀςννοκες.
