4012 6338
424 422 497 478 99
1421 432 1485 488 S.
1528 432 1797 489 CYRILIJ
1832 428 2297 485 ALEXANDRINI
2339 429 2655 485 ARCillEP.
3556 426 3658 484 100

1102 545 1332 602 ALIUD.
2028 554 2071 609 Α

2028 554 2071 609 Α
2775 544 2976 596 ΛΛΛΟ.

891 657 972 710 Ea:
1001 658 1282 727 objectione
1312 658 1576 713 Ennomii.
2342 657 2434 722 Ὠς
2461 659 2475 708 ε

2342 657 2434 722 Ὠς
2461 655 2528 719 ἐξ
2566 654 2918 719 ἀντιθέσεως
2955 652 3075 707 τῶν
3112 654 3429 724 Εὐνομίαν.

506 768 809 834 Voluptate,
838 770 1029 839 inquit,
1061 781 1113 825 et
1152 771 1351 840 judicio
1375 772 1557 839 genuit
1596 771 1751 826 Pater
1782 783 1873 825 aut
1900 789 1993 825 ua-

2164 767 2409 837 Θελήσει,
2448 767 2629 835 φησιν,
2683 767 2800 835 ἦτοι
2843 766 3019 836 κρίσει
3056 766 3147 819 τὸν
3178 764 3304 818 Υἱδν
3334 761 3666 836 γεγέννηκεν

435 864 697 919 turaliter.
721 864 789 918 At
812 866 856 918 si
887 865 1199 918 naturaliter
1222 873 1451 929 tantum,
1484 880 1591 919 non
1614 873 1790 917 autem
1817 862 1997 915 volun-

2099 857 2205 925 ἄρα
2235 860 2263 910 6
2294 858 2498 928 Πατὴρ,
2529 857 2560 926 ἢ
2600 858 2739 909 κατὰ
2780 858 2957 925 φύσιν.
2996 857 3056 909 Et
3087 858 3183 925 μὲν
3206 852 3297 910 οὖν
3324 856 3462 909 κατά
3499 855 3664 925 φύσιν

431 962 650 1007 tateaut
678 956 903 1023 judicio,
957 956 1313 1009 involuntarie
1347 956 1527 1025 itaque
1583 964 1636 1009 et
1698 955 1998 1009 inconside-

2102 948 2277 1016 μόνον,
2312 949 2409 1001 οὐκ
2449 948 2527 999 ἔτι
2575 947 2630 999 δὲ
2662 948 2801 1000 κατὰ
2833 946 3048 1015 θέλησιν
3080 947 3112 1017 ἢ
3160 947 3357 1017 κρίσιν,
3388 946 3663 1015 ἀθελήτως

430 1054 549 1097 rate
590 1047 798 1112 genitus
833 1055 934 1100 est.
962 1046 1016 1099 Si
1042 1060 1167 1100 vero
1222 1056 1531 1115 utrumque,
1578 1045 1688 1114 jam
1730 1046 1997 1115 composi-

2098 1039 2214 1111 ἐστὶ
2242 1039 2335 1090 καὶ
2368 1038 2604 1107 ἀκρίτως
2628 1037 2922 1107 γεννηθείς.
2958 1039 3021 1090 El
3053 1038 3109 1090 δὲ
3141 1037 3200 1089 τὸ
3234 1037 3663 1106 συναμφότερον,

434 1144 543 1186 tum
589 1135 767 1189 facitis
825 1136 1015 1199 Deum.
1068 1138 1331 1205 judicium
1361 1137 1519 1191 simul
1558 1150 1612 1191 et
1655 1148 1899 1191 naturam
1947 1140 1994 1192 ei

2100 1126 2349 1180 σύνθετον
2375 1131 2574 1179 ποιεῖτε
2602 1127 2691 1180 τὸν
2715 1128 2866 1195 Θεὸν,
2890 1129 2981 1180 καὶ
3011 1128 3190 1198 κρίσιν
3210 1126 3356 1197 αὐτῷ
3381 1128 3475 1180 καὶ
3501 1126 3662 1195 φύσιν

430 1222 752 1277 tribuentes.
785 1224 901 1289 Quo
929 1238 1083 1293 pacto
1108 1228 1247 1282 enim
1298 1226 1390 1295 qui
1443 1241 1510 1282 ex
1552 1226 1635 1282 bis
1668 1226 1997 1297 compositus

2097 1217 2344 1281 διδόντες.
2380 1219 2504 1283 Πῶς
2531 1218 2639 1290 γὰρ
2667 1221 2694 1272 6
2725 1220 2788 1272 ὲκ
2830 1218 3032 1273 τούτων
3064 1220 3413 1289 συγκείμενος
3457 1218 3663 1282 ἁπλοῦς

432 1322 531 1378 est,
576 1314 799 1384 simplex
828 1315 1029 1369 fuerit?

695 1314 799 1381 ilex
828 1315 1029 1369 fuerit?
2094 1308 2279 1375 ἔσταιί

883 1426 1089 1481 Salutio
1142 1428 1461 1494 objectiom's.

2568 1424 2724 1491 Πρὸς
2763 1424 2937 1477 τοῦτο
2972 1425 3169 1490 λύσις.

496 1536 786 1590 Geueratio
810 1536 930 1590 Filii
985 1554 1156 1607 neque
1182 1540 1384 1605 judicio
1414 1553 1584 1607 neque
1630 1539 1886 1594 voluntati
1914 1552 1998 1594 est

2168 1534 2313 1587 ’Δνω
2345 1535 2441 1605 μὲν
2472 1537 2703 1607 κρίσεως
2740 1538 2834 1590 καὶ
2862 1537 3165 1607 βουλήσεως
3190 1540 3221 1608 ἡ
3254 1537 3343 1591 τοῦ
3386 1538 3516 1593 Υίοῦ
3547 1541 3659 1592 κετ-

425 1623 675 1677 obnnxia.
711 1624 852 1679 Velle
883 1627 1025 1678 enim
1073 1626 1393 1695 etjudicare
1428 1628 1480 1680 in
1523 1634 1768 1696 tempore
1809 1627 1945 1681 ﬁunt
1978 1645 1993 1683 :

2095 1640 2182 1675 ται
2212 1624 2480 1693 γέννησις.
2514 1626 2589 1678 Τὸ
2611 1629 2716 1696 γάρ
2750 1627 3029 1696 βούλεσθαι
3050 1630 3144 1680 καὶ
3168 1627 3370 1698 κρίνειν
3400 1629 3455 1680 ὲν
3480 1628 3656 1699 χρόνῳ

431 1713 597 1767 Filius
623 1730 748 1769 vero
781 1724 1079 1784 temporum
1109 1718 1355 1771 conditor
1383 1731 1487 1772 est.
1519 1718 1636 1784 Quo
1695 1727 1849 1786 pacto
1897 1720 1985 1787 igi-

2096 1714 2310 1776 πάντως
2356 1716 2501 1767 ὲστί·
2545 1718 2751 1787 χρόνων
2781 1719 2837 1771 δὲ
2883 1717 3109 1787 ποιητὴς
3147 1718 3175 1769 6
3218 1718 3360 1779 Υἱός.
3410 1717 3535 1779 Πῶς
3564 1713 3655 1771 οὖν

429 1813 518 1856 tur
557 1803 606 1856 id
633 1804 775 1872 quod
800 1804 1072 1857 conditum
1108 1814 1193 1859 est
1241 1805 1577 1860 conditorem
1610 1807 1947 1877 praecesserit
1969 1807 1995 1860 ἲ

2094 1802 2246 1857 ἔσται
2289 1804 2350 1856 τὸ
2397 1804 2605 1877 ποίημα
2644 1807 2746 1876 πρὸ
2778 1808 2871 1861 τοῦ
2911 1806 3168 1877 ποιητοῦ;
3215 1808 3277 1861 El
3310 1808 3367 1861 δὲ
3407 1806 3658 1861 σύνθετον

432 1893 488 1948 Si
528 1909 654 1949 vero
681 1896 1037 1965 compositura
1093 1896 1418 1951 existimatis
1474 1897 1588 1951 ﬁeri
1643 1897 1832 1963 Deum,
1875 1898 1993 1953 ideo

2095 1892 2268 1945 οἴεσθε
2300 1894 2543 1961 γίνεσθαι
2571 1896 2701 1949 Θεὸν
2729 1897 2815 1949 διά
2857 1897 2916 1950 τὸ
2943 1897 3102 1966 φύσιν
3143 1897 3285 1966 ἔχειν
3328 1898 3420 1951 καὶ
3454 1898 3656 1967 κρίσιν,

426 1984 570 2054 quod
601 1994 848 2039 naturam
874 1987 1093 2050 habeat,
1121 1995 1175 2039 et
1198 1986 1478 2054 judicium,
1500 1988 1615 2043 sive
1638 1987 1987 2055 voluntatem,

2093 1982 2207 2052 ἦτοι
2253 1983 2487 2054 θέλησιν,
2532 1986 2690 2054 ὁρᾶτε
2725 1988 2817 2041 xui.
2851 1987 3039 2040 τοῦτο⁹
3093 1988 3243 2058 Ἔχει
3287 1987 3347 2040 τὸ
3395 1990 3587 2059 γεννᾷν
3627 1988 3658 2041 6

430 2074 606 2129 videte
631 2076 790 2129 etiam
822 2078 925 2130 hoc
956 2093 972 2130 :
1001 2074 1162 2129 Pater
1196 2072 1418 2144 generat
1446 2076 1761 2131 naturaliter
1788 2095 1806 2141 ς
1843 2090 1992 2132 creat

2092 2074 2281 2143 Πατὴρ
2301 2075 2565 2141 φυσικῶς,
2589 2075 2702 2145 ἔχει
2727 2078 2820 2129 καὶ
2842 2076 2903 2130 τὺ
2932 2077 3133 2142 κτίζειν
3154 2078 3222 2131 δι’
3247 2076 3378 2130 Υίοῦ
3399 2079 3656 2150 δημιούρ-

428 2173 607 2217 autem
638 2177 733 2233 per
757 2164 948 2218 Filium
979 2174 1243 2235 quatenus
1266 2165 1465 2233 opifex.
1494 2164 1676 2234 Neque
1698 2167 1818 2221 ideo
1847 2183 1993 2221 com-

2103 2162 2295 2230 γικῶς,
2328 2165 2418 2217 καὶ
2442 2164 2503 2216 ού
2535 2165 2684 2235 παρά
2712 2166 2868 2221 τοῦτο
2901 2167 3151 2231 σύνθετός
3180 2170 3326 2221 ἐστι’
3376 2170 3506 2239 μιᾶς
3547 2172 3659 2240 γάρ

427 2253 633 2319 positus
675 2262 793 2308 est:
835 2253 992 2309 unius
1018 2254 1162 2308 enim
1217 2263 1420 2308 natura
1474 2253 1696 2310 eil'ectus
1745 2256 1797 2310 bi
1841 2268 1988 2311 sunt.

2093 2248 2303 2317 φύσεως
2348 2251 2416 2304 τὰ
2458 2253 2680 2308 τοιαῦτα
2720 2256 2947 2326 καρπός.
2997 2257 3056 2311 '0
3099 2259 3154 2312 δὲ
3197 2259 3357 2322 αὐτὸς
3394 2260 3657 2331 κρατήσει

426 2344 629 2398 Eadem
680 2359 805 2399 vero
833 2345 969 2400 ratio
1015 2355 1097 2400 est
1129 2345 1255 2400 boni
1285 2386 1300 2412 ,
1345 2345 1663 2399 immortalis
1706 2354 1762 2401 et
1809 2347 1991 2401 invisi-

2092 2340 2247 2409 λόγος
2276 2343 2367 2395 ὲπί
2394 2332 2452 2396 τε
2484 2345 2577 2399 τοῦ
2610 2347 2814 2414 ἀγαθοῦ
2845 2350 2938 2402 καὶ
2972 2350 3250 2424 ἀφθάρτου
3281 2352 3378 2405 καὶ
3400 2350 3655 2422 ἀοράτου,

429 2434 569 2495 bilis.
625 2444 786 2503 atque
832 2434 1055 2490 aliorum
1098 2434 1427 2504 ciuscemodi
1480 2450 1600 2505 quae
1645 2435 1839 2491 divinae
1894 2452 1991 2489 na-

1480 2450 1600 2505 qua:
1645 2435 1839 2491 divina
1894 2452 1991 2489 na-
2093 2432 2185 2486 καὶ
2207 2433 2305 2487 ὅσα
2336 2434 2594 2503 πρόσεστι
2625 2442 2688 2509 τῇ
2722 2438 2840 2509 θείᾳ
2868 2440 3044 2508 φύσει.

428 2530 561 2577 tura:
600 2522 806 2577 insunt.

1088 2636 1244 2693 ALIU
1258 2637 1312 2690 D.
2764 2636 2967 2689 AAAO.

820 2745 903 2799 Ea;
928 2746 1209 2815 objections
1243 2749 1508 2803 Eunomii.
2358 2741 2404 2793 Ὢ

2358 2741 2447 2806 Ὠς
2477 2722 2547 2805 ἐξ
2575 2742 2931 2809 ἀντιθέσεως
2960 2745 3075 2798 τῶν
3102 2745 3420 2817 Εὐνομίαν.

496 2855 669 2910 Dicite
704 2857 878 2922 nobis,
908 2858 1099 2927 inquit,
1150 2873 1265 2924 vos,
1302 2860 1392 2930 qui
1437 2861 1633 2915 Filium
1677 2863 1837 2916 vultis
1872 2877 1991 2917 esse

2160 2850 2381 2915 Εἴπατε,
2411 2853 2595 2922 φησιν,
2624 2857 2778 2923 ἡμῖν,
2810 2857 2857 2907 oi
2886 2857 3225 2929 ἀπαύγασμα
3251 2860 3502 2929 λέγοντες
3523 2858 3660 2918 εἷναι

428 2946 764 3017 splendorem
824 2947 1021 3014 Patris,
1064 2951 1318 3017 quidnam
1354 2951 1695 3006 existimatis.
1727 2953 1991 3018 Qua-stio-

2091 2937 2183 2990 τοῦ
2216 2940 2424 3011 Πατρὸς
2453 2943 2543 2995 τὸν
2588 2943 2735 3006 Υίὸν,
2763 2946 2815 2997 τί
2857 2963 2986 3000 ποτε
3027 2948 3133 3020 ἀρα
3176 2950 3476 3019 λογίζεσθε.
3518 2954 3575 3007 '0
3601 2955 3660 3008 δὲ

428 3038 510 3093 nis
536 3047 715 3093 autem
746 3038 879 3093 ratio
908 3040 1019 3093 haec
1037 3049 1154 3094 est:
1188 3039 1407 3102 Lumen,
1429 3041 1543 3095 sive
1572 3041 1731 3109 ignis,
1759 3043 1988 3109 exempli

2092 3027 2188 3096 τῆς
2217 3031 2532 3101 ἐρωτήσεως
2560 3035 2778 3104 τρόπος,
2810 3028 2998 3101 οὗτος·
3029 3040 3101 3093 Τὸ
3134 3042 3249 3109 φῶς
3288 3044 3405 3113 ἦτοι
3434 3043 3495 3097 τὸ
3525 3045 3654 3117 πῦρ,

424 3128 616 3199 gratia,
634 3128 685 3181 in
701 3128 915 3183 lucerna
935 3132 1156 3197 positus,
1182 3130 1445 3205 exteriora
1460 3130 1569 3201 σο
1583 3126 1862 3197 illuminat;
1880 3135 1992 3201 ipse

2093 3118 2223 3187 φέρε
2254 3122 2447 3185 εἰπεῖν,
2484 3124 2541 3175 ἐν
2587 3124 2761 3195 λύχνῳ
2799 3128 3046 3197 κείμενον
3097 3131 3436 3198 φωτίζειυτά
3480 3136 3656 3202 ἐκτὸς,

425 3234 552 3273 vero
576 3233 677 3273 non
708 3219 887 3272 omnia
914 3219 1115 3287 implet,
1145 3220 1237 3273 sed
1270 3219 1321 3274 iu
1350 3221 1469 3275 loco
1494 3221 1627 3275 situs
1656 3232 1756 3283 est.
1776 3233 1828 3275 et
1849 3223 1990 3276 circa

2092 3207 2205 3259 ἀλλ’
2249 3208 2379 3262 αὐτὸ
2422 3209 2519 3279 μὲν
2549 3212 2610 3263 οὐ
2639 3213 2813 3267 πάντα
2845 3217 3073 3287 πληροῖ,
3114 3222 3285 3273 κεῖται
3316 3222 3372 3274 δὲ
3404 3225 3463 3275 ἐν
3485 3225 3656 3297 τόπῳ,

424 3324 487 3364 ea
527 3324 645 3378 quae
677 3311 916 3363 exterius
952 3318 1098 3373 sunt,
1133 3320 1190 3362 ut
1219 3310 1349 3374 dixi,
1374 3309 1491 3377 ejus
1524 3310 1841 3365 illuminatio
1873 3328 1992 3366 ver-

2090 3298 2183 3349 καὶ
2209 3299 2337 3369 περὶ
2360 3300 2427 3353 τά
2452 3302 2625 3367 ἐκτὸς,
2657 3304 2907 3376 καθάπερ
2934 3308 3178 3379 εἴπομεν,
3202 3313 3230 3363 6
3258 3312 3316 3375 ἐξ
3348 3313 3512 3367 αὑτοῦ
3544 3333 3658 3384 φω-

426 3410 596 3455 satur.
624 3400 681 3455 Si
729 3401 889 3470 igitur
923 3400 1101 3455 lumen
1150 3414 1272 3455 esse
1316 3402 1499 3455 dicitis
1527 3401 1762 3465 Patrem,
1807 3402 1991 3471 splen-

2088 3390 2279 3456 τισμὸς
2325 3392 2589 3459 γίγνεται.
2629 3397 2691 3451 Εί
2718 3398 2893 3451 τοίνυν
2927 3400 3042 3467 φῶς
3074 3402 3173 3471 μὲν
3211 3398 3351 3456 εἷναί
3396 3422 3531 3474 φατε
3563 3407 3656 3461 τὸν

422 3493 613 3547 dorem
640 3508 767 3547 vero
794 3493 885 3563 qui
910 3508 977 3547 ex
1009 3492 1209 3547 lumine
1241 3492 1499 3563 gignitur,
1523 3493 1733 3557 Filium,
1772 3507 1991 3548 necesse

2090 3476 2330 3567 Πατέρα,
2359 3482 2422 3533 ὲκ
2456 3485 2631 3551 φωτὸς
2658 3486 2713 3538 δὲ
2744 3487 3080 3559 ἀπαύγασμα
3127 3491 3217 3544 τὸν
3261 3492 3406 3559 Υἱὺν,
3440 3495 3652 3567 ἀνάγκη

422 3594 505 3639 est
533 3583 685 3638 fateri
718 3584 1004 3638 essentiam
1030 3581 1207 3637 Patris
1249 3583 1429 3637 omnia
1474 3582 1697 3650 implere
1736 3598 1839 3637 non
1866 3598 1990 3651 pos-

2088 3566 2264 3635 λέγειν
2294 3571 2386 3623 τοῦ
2416 3575 2623 3645 Πατρὸς
2657 3576 2754 3646 τὴν
2782 3578 2967 3633 οὐσίαν
2999 3580 3073 3651 μὴ
3097 3582 3354 3638 δύνασθαι
3384 3586 3452 3639 τά
3476 3566 3655 3643 πάντα

422 3690 501 3741 se,
532 3685 590 3728 ut
638 3675 787 3729 locus
813 3674 1153 3744 relinquatur
1184 3673 1459 3743 splendori
1483 3674 1571 3742 qui
1606 3690 1672 3728 ex
1698 3675 1811 3743 ipso
1839 3676 1989 3729 emit-

2090 3658 2346 3730 πληροῦν,
2390 3663 2491 3716 ἵνα·
2511 3666 2672 3718 τόπον
2705 3667 2814 3737 ἔχοι
2840 3670 2933 3721 καὶ
2960 3674 3205 3742 χωρῆσαί
3236 3692 3325 3727 ποι
3351 3676 3566 3732 δύναιτο
3596 3680 3656 3734 τὸ

425 3762 570 3818 titur.
604 3766 658 3818 Si
690 3779 815 3818 vero
846 3764 1025 3818 omnia
1056 3765 1241 3833 implet
1265 3763 1440 3830 Pater,
1476 3765 1689 3819 ubinam
1727 3765 1988 3820 consistet

2088 3750 2148 3814 ἐξ
2181 3752 2345 3805 αὑτοῦ
2374 3757 2720 3827 πεμπόμενον
2746 3760 3102 3832 ἀπαύγασμα.
3133 3765 3196 3817 Εἰ
3224 3767 3280 3819 δὲ
3314 3769 3491 3823 πάντα
3519 3771 3655 3842 πλη-

422 3855 651 3911 esscntia
688 3855 968 3924 geniminis
990 3856 1012 3908 2

2092 3843 2174 3909 ροί
2200 3844 2227 3894 6
2266 3844 2472 3915 Πατὴρ,
2503 3846 2605 3898 ποῦ
2638 3852 2877 3920 χωρήσει
2905 3852 2996 3905 τοῦ
3029 3856 3367 3926 γεννήματος
3397 3861 3430 3931 ή
3466 3862 3619 3915 οὐσία
3638 3905 3651 3928 ,

928 3964 1133 4021 Salutio
1172 3968 1493 4036 objectionis.

2566 3961 2721 4030 Πρὸς
2752 3963 2935 4018 ταῦτα
2969 3967 3167 4033 λύσις.

494 4078 549 4133 Si
584 4080 634 4134 in
673 4080 787 4134 loco
823 4080 1098 4134 constituit
1127 4079 1367 4145 Patrem,
1398 4090 1453 4135 et
1490 4081 1711 4150 perinde
1737 4096 1802 4136 ac
1857 4098 1984 4137 cor-

2155 4065 2218 4118 Εί
2264 4068 2361 4137 μὲν
2401 4072 2458 4121 ὲν
2489 4071 2637 4142 τόπῳ
2667 4074 2845 4142 τίθησι
2872 4077 2963 4129 τὸν
2997 4079 3236 4149 Πατέρα,
3280 4084 3375 4135 καὶ
3404 4085 3652 4157 καθάπερ

422 4185 519 4239 pus
553 4170 797 4239 progredi
829 4171 1119 4236 existimat,
1145 4180 1351 4238 qumrat
1379 4171 1539 4224 etiam
1596 4172 1848 4240 genimini
1906 4172 1986 4225 lo-

2083 4175 2136 4210 τι
2170 4159 2328 4229 σῶμα
2358 4162 2651 4233 χωρεῖσθαι
2699 4165 2965 4233 βούλεται,
3009 4168 3242 4239 ζητείτω
3279 4175 3374 4226 καὶ
3414 4176 3493 4246 τῷ
3527 4194 3648 4245 γεν-

419 4275 563 4316 cum.
591 4261 647 4313 Si
676 4275 800 4314 vero
826 4259 1003 4314 Patris
1035 4263 1267 4315 essentia
1304 4276 1410 4314 non
1462 4261 1707 4315 consistit
1749 4262 1800 4314 in
1863 4262 1983 4316 loco

2082 4254 2281 4323 νήματι
2308 4255 2490 4307 τόπον.
2520 4257 2581 4308 Εἰ
2607 4257 2663 4308 δὲ
2693 4259 2791 4311 οὐκ
2817 4260 2873 4311 ὲν
2902 4261 3049 4331 τόπῳ
3069 4263 3161 4316 τοῦ
3192 4265 3401 4333 Πατρὸς
3432 4271 3464 4337 ἡ
3497 4270 3649 4323 οὐσία

420 4352 635 4422 (neque
668 4353 809 4403 enim
846 4351 1097 4404 divinitas
1144 4350 1262 4405 loco
1288 4350 1658 4405 circumscribi
1718 4361 1891 4417 potest
1921 4353 1940 4423 )
1967 4393 1981 4418 ,

2084 4343 2166 4413 (οὐ
2202 4344 2309 4412 γὰρ
2338 4346 2485 4415 τόπῳ
2517 4348 2851 4418 περιληπτὸν
2881 4351 2941 4403 τὸ
2982 4352 3165 4424 θεῖον),
3197 4356 3247 4407 τί
3284 4359 3459 4428 μάτην
3492 4374 3647 4429 περι·

421 4452 517 4492 cur
569 4455 627 4491 se
665 4446 875 4506 torquet
902 4439 955 4490 in
1001 4438 1163 4492 rebus
1195 4452 1312 4505 qua:
1363 4437 1505 4490 nulla
1553 4440 1847 4507 quacsﬁone
1904 4444 1983 4495 in-

2084 4432 2373 4502 εργάζεται
2400 4436 2468 4489 τὰ
2511 4440 2779 4507 μηδεμίαν
2819 4440 3009 4510 ἔχοντα
3052 4444 3299 4515 ζήτησιν,
3344 4448 3439 4501 καὶ
3476 4450 3648 4521 τολμᾷ

422 4530 625 4598 digent,
663 4531 928 4597 audetque
966 4529 1143 4580 dicere
1175 4546 1190 4582 :
1221 4526 1469 4592 Quonam
1498 4529 1689 4583 evadet
1721 4530 1838 4584 Filii
1904 4547 1984 4587 es-

2089 4523 2265 4592 λέγειν
2290 4543 2303 4555 '
2337 4527 2446 4579 Ποῦ
2474 4530 2713 4598 χωρήσει
2752 4531 2845 4582 τοῦ
2873 4536 3207 4603 γεννήματος
3239 4540 3271 4607 ἡ
3301 4538 3476 4601 οὐσία,
3509 4540 3647 4609 πλη-

422 4616 617 4677 sentio,
658 4629 778 4667 cum
804 4613 965 4667 Pater
990 4614 1168 4672 omnia
1197 4615 1401 4684 repleat
1420 4616 1691 4685 ?Apparet
1722 4619 1903 4689 itaque
1930 4631 1982 4675 et

2089 4615 2303 4683 ροῦντος
2347 4618 2415 4668 τὰ
2446 4620 2623 4671 πάντα
2659 4620 2752 4672 τοῦ
2794 4623 3037 4693 Πατρός;
3081 4626 3330 4681 Φαίνεται
3377 4632 3474 4699 μὲν
3504 4628 3593 4685 οὖν
3621 4635 3647 4686 6

418 4710 502 4755 est
540 4701 698 4755 Pater
736 4702 787 4754 in
828 4700 984 4765 Filio,
1030 4710 1084 4755 et
1122 4702 1291 4759 Filius
1332 4703 1384 4757 in
1431 4703 1613 4769 Patre,
1646 4722 1750 4761 non
1806 4716 1979 4765 tamen

2082 4706 2269 4776 Πατὴρ
2298 4709 2388 4759 καὶ
2412 4708 2554 4761 ἐστιν
2584 4711 2641 4762 ὲν
2676 4711 2807 4781 Υίῷ,
2838 4716 2931 4767 καὶ
2961 4715 3086 4780 Υίὸς
3124 4718 3181 4769 ὲν
3211 4720 3382 4790 Πατρί
3403 4739 3415 4751 ο
3445 4722 3542 4792 οὐχ
3572 4723 3647 4786 ὡς

422 4803 481 4849 ut
509 4795 644 4848 idem
673 4795 1014 4860 exsistentes,
1044 4809 1214 4864 neque
1246 4806 1305 4850 ut
1347 4813 1508 4852 unum
1575 4816 1817 4856 numero.
1887 4805 1983 4858 Est

2080 4796 2275 4847 ταυτὸν
2308 4795 2363 4847 δὲ
2410 4797 2582 4860 ὅντες,
2613 4799 2730 4853 οὐδὲ
2772 4801 2847 4863 ὼς
2897 4802 2953 4855 ἓν
2997 4805 3234 4876 ἀριθμῷ.
3268 4809 3423 4861 Ἔστι
3467 4810 3574 4881 γὰρ
3617 4813 3644 4863 6

421 4884 557 4940 tnim
591 4884 745 4939 Pater
772 4886 822 4939 in
854 4901 945 4940 sua
976 4888 1325 4954 proprietate,
1366 4898 1418 4942 ct
1450 4901 1535 4944 est
1575 4890 1745 4947 Filius
1801 4895 1852 4948 in
1898 4910 1982 4963 pe-

2081 4884 2268 4954 Πατὴρ
2300 4886 2355 4936 ὲν
2386 4888 2450 4955 τῇ
2480 4886 2643 4939 αὐτοῦ
2675 4888 2891 4958 ἰδιότητι
2913 4907 2925 4921 ’
2958 4894 3051 4944 καὶ
3089 4894 3234 4947 ἔστιν
3271 4898 3299 4947 6
3328 4897 3455 4960 Υἱὸς
3497 4901 3553 4951 ἐν
3577 4902 3641 4969 τῇ

419 4978 606 5030 culiati
649 4994 740 5030 sua
792 4979 1133 5045 proprietate,
1163 4980 1300 5033 hanc
1332 4980 1497 5034 solam
1523 4997 1551 5035 a
1612 4982 1774 5038 Patre
1830 4984 1982 5039 (ἴητε--

2085 4974 2190 5044 ἰδίει
2225 4975 2459 5045 ἰδιότητι,
2490 4980 2690 5049 ταύτην
2721 4981 2855 5049 ἔχων
2886 4984 3052 5054 μόνην
3085 4987 3219 5055 πρὸς
3256 4988 3347 5041 τὸν
3383 4990 3421 5041 Γ
3426 5006 3644 5061 εγεννη-

422 5068 644 5119 reutiam
702 5067 923 5131 babens,
958 5068 1097 5137 quod
1152 5067 1309 5121 Pater
1352 5072 1563 5137 quidem
1598 5087 1691 5141 per
1750 5089 1809 5127 sc
1850 5089 1931 5130 εει
1964 5116 1978 5141 ,

2082 5064 2214 5116 κότα
2257 5064 2357 5133 τὴν
2392 5066 2687 5138 διαφοράν
2728 5071 2755 5121 ό
2786 5073 2881 5140 μὲν
2918 5074 3023 5143 γὰρ
3051 5076 3257 5146 Πατὴρ,
3306 5078 3428 5131 καθ’
3456 5082 3643 5134 ἑαυτόν

420 5172 591 5225 neque
631 5167 711 5210 est
751 5155 961 5220 Filius;
1020 5158 1186 5213 Filius
1214 5161 1374 5214 etiam
1415 5176 1510 5230 per
1561 5178 1618 5216 se
1674 5175 1774 5230 est,
1809 5181 1979 5234 neque

2080 5156 2215 5219 ἐστι,
2242 5157 2332 5207 καὶ
2358 5158 2455 5209 οὐκ
2481 5158 2625 5212 ἔστιν
2656 5160 2781 5225 Υἱὸς
2798 5180 2811 5192 ·
2843 5168 2870 5217 6
2890 5165 2946 5218 δὲ
2977 5167 3103 5229 Υἱὸς
3129 5168 3249 5220 καθ’
3273 5170 3462 5221 ἑαυτὸν
3503 5172 3640 5230 ἐστι.

417 5256 499 5299 est
544 5246 722 5300 Pater.
750 5248 853 5301 Sed
906 5249 1005 5302 ltac
1054 5250 1265 5318 quidem
1316 5253 1427 5305 sola
1470 5252 1765 5311 differentia
1818 5273 1845 5310 a
1878 5258 1979 5311 Pa-

2079 5247 2172 5298 καὶ
2215 5249 2317 5317 οὐκ
2364 5247 2475 5302 ἐστι
2521 5252 2731 5323 Πατήρ.
2794 5256 2949 5310 Ἀλλὰ
2990 5258 3127 5309 κατά
3172 5258 3327 5311 τοῦτο
3369 5260 3528 5328 μόνον
3569 5262 3642 5326 ὼς

422 5348 503 5390 tre
546 5339 849 5401 distinctus,
896 5340 1138 5394 eamdem
1172 5343 1331 5395 habet
1362 5352 1594 5408 paterna:
1630 5356 1830 5407 natura:
1861 5365 1977 5415 pro-

2078 5338 2213 5406 πρὸς
2264 5338 2352 5391 τὸν
2407 5341 2624 5419 Πατέρα
2668 5344 2763 5413 τὴν
2810 5345 3088 5417 διαστολὴν
3138 5349 3296 5418 ἔχων,
3344 5352 3498 5423 φέρει
3546 5355 3641 5423 μὲν

418 5431 734 5496 prietatcm;
793 5441 978 5498 estque
1048 5447 1237 5487 rursus
1288 5436 1338 5486 in
1391 5434 1585 5498 Patre,
1632 5440 1975 5504 quemadmo-

2076 5429 2206 5480 αὐτὸ
2235 5430 2333 5498 τῆς
2364 5434 2630 5503 πατρικῆς
2658 5434 2870 5503 φύσεως
2906 5437 2967 5488 τὸ
3003 5439 3219 5509 ἰδίωμα,
3259 5439 3373 5492 ἔστι
3398 5442 3454 5494 δὲ
3482 5442 3638 5495 πάλιν

417 5518 541 5570 dum
570 5518 817 5585 splendor
843 5519 929 5587 qui
958 5534 987 5573 e
1026 5519 1135 5573 sole
1177 5521 1457 5584 emittitur,
1491 5524 1579 5591 qui
1608 5524 1818 5590 quidem
1854 5542 1973 5593 pro-

2076 5520 2131 5570 ὲν
2172 5519 2249 5588 τῷ
2294 5523 2485 5592 Πατρὶ,
2523 5522 2708 5594 ὥσπερ
2751 5527 2809 5579 τὸ
2855 5530 2917 5579 ἐκ
2959 5528 3050 5580 τοῦ
3094 5530 3241 5600 ἡλίου
3291 5533 3638 5602 πεμπόμενον

420 5608 561 5662 cedit
605 5624 669 5661 ex
700 5610 831 5676 ipso,
864 5609 1005 5662 aliud
1028 5608 1299 5679 quidpiam
1332 5611 1399 5663 ab
1442 5614 1573 5679 ipso,
1605 5628 1765 5665 unum
1796 5623 1969 5667 tamen

2075 5613 2429 5683 ἀπαύγασμα,
2460 5617 2669 5683 πρόεισι
2700 5619 2795 5687 μὲν
2820 5620 2877 5682 ἐξ
2914 5621 3099 5684 αὐτοῦ,
3134 5621 3317 5691 ἕτερον
3345 5622 3399 5675 δέ
3429 5641 3479 5675 τι
3510 5630 3638 5691 παρ’

420 5710 607 5752 natura
623 5700 907 5754 cxsistens.
928 5698 1060 5752 Nam
1077 5701 1178 5754 hoc
1197 5712 1277 5755 est
1296 5701 1393 5765 sol,
1416 5703 1541 5757 illud
1557 5718 1683 5758 vero
1697 5705 1966 5772 Splendor.

2075 5705 2236 5757 αὐτόν
2268 5708 2432 5768 ἐστιν,
2463 5706 2519 5759 ἒν
2564 5710 2701 5761 κατά
2751 5710 2911 5776 φύσιν
2956 5712 3213 5784 ὑπάρχον.
3250 5714 3321 5765 Τὸ
3365 5715 3461 5783 μὲν
3506 5718 3633 5785 γὰρ,

420 5789 578 5845 Pater
607 5791 784 5853 itaque
810 5792 1078 5847 exsistcns
1104 5792 1281 5846 emisit
1322 5792 1522 5859 lumen,
1551 5791 1741 5849 Filium
1767 5835 1782 5862 ,
1816 5795 1964 5866 sigil-

2076 5800 2219 5869 ἣλιος
2244 5838 2257 5864 ,
2282 5799 2340 5851 τὸ
2374 5799 2449 5866 6’s,
2480 5799 2835 5872 ἀπαύγασμα.
2869 5805 2959 5856 Ὣν
2996 5800 3084 5859 οὖν
3114 5806 3324 5878 Πατὴρ,
3352 5807 3633 5878 ἀπηύγασς
