4012 6338
276 422 362 477 I0!

1679 396 2126 462 THESAURUS.

3429 380 3532 435 10“.

272 535 360 587 τδν
394 532 535 591 Υιὺν,
584 527 859 597 σφραγῖδα
891 526 985 579 καὶ
1028 525 1209 578 εἰκόνα
1248 525 1343 593 τῆς
1391 522 1581 576 ἑαυτοῦ
1634 518 1846 588 φύσεως

1972 525 2055 562 um
2088 516 2141 562 et
2197 505 2485 576 imaginem
2527 499 2983 572 perfectissimam
3036 512 3143 551 sua:
3211 491 3381 565 ipsius
3438 509 3534 545 Im-

273 620 665 690 ἀκριϐεστάτην

781 737 1148 825 ΛΟΓΟΣ
1224 737 1352 818 H’.

271 896 427 965 Πρὸς
460 895 601 960 τοὺς
636 894 954 965 λέγοντας,
988 893 1077 965 ὄμτι
1106 894 1177 965 οὑ
1207 889 1287 965 τῷ
1331 886 1729 965 Πατρὶμρλλὰ
1771 884 1845 952 τῇ

440 956 746 1032 ,ϐουλήσει
778 956 964 1018 αὐτοῦ
1002 962 1204 1031 ὅμοιός
1231 961 1401 1013 ἐστιν
1438 962 1470 1012 ό
1513 956 1669 1017 Υἱός.

341 1078 549 1149 Πολλὴν
577 1079 642 1132 ἄν
668 1094 754 1139 τις
778 1075 1003 1138 εἰκότως
1035 1072 1289 1127 ἀϐουλίαν
1317 1070 1425 1124 τῶν
1466 1066 1845 1139 χριστομάχων

274 1170 744 1241 καταψηφίπιτο,
797 1167 829 1237 ἢ
881 1167 1137 1235 λογιεῖται
1185 1164 1358 1235 ὀρθῶς
1405 1162 1711 1234 μαίνεσθαι,
1758 1178 1849 1213 πι-

276 1260 480 1314 στεύων
500 1262 616 1322 τοῖς
652 1259 751 1327 τῆς
780 1256 1085 1328 βουλήσεως
1119 1255 1212 1307 τοῦ
1246 1253 1459 1323 [ἰατρὸς
1494 1253 1676 1323 ὅμοιον
1711 1246 1850 1305 εἶναι

273 1350 493 1417 λέγουσι
521 1348 613 1401 τὸν
642 1346 792 1409 Υἳὸν,
831 1346 931 1398 οὐκ
975 1345 1125 1414 αὑτῷ
1165 1344 1242 1412 τῷ
1286 1342 1491 1414 Πατρί”
1544 1340 1719 1395 καίτοι
1754 1340 1851 1409 τῆς

275 1440 427 1503 θείας
450 1441 672 1510 Γραφῆς
716 1439 775 1491 οὐ
810 1436 1000 1490 τοῦτον
1034 1436 1371 1505 ἐκφερούσης
1409 1434 1537 1506 περὶ
1565 1431 1731 1486 αὑτοῦ
1761 1433 1852 1485 τὸν

274 1535 420 1603 ὅρον,
453 1532 567 1584 ἀλλ’
588 1531 707 1583 οὐδὲ
736 1529 903 1583 αὑτοῦ
933 1527 1028 1581 τοῦ
1060 1527 1311 1598 Σωτῆρος
1335 1528 1581 1595 λέγοντος
1603 1544 1616 1556 θ
1662 1526 1718 1579 '0
1754 1526 1851 1577 ἑω-

279 1622 461 1692 paxt‘o;
487 1620 607 1689 ἐμὲ,
634 1619 844 1689 ἑώρακε
870 1617 967 1687 τὴν
994 1616 1245 1686 βούλησιν
1265 1616 1359 1669 τοῦ
1386 1615 1615 1684 Πατρός.
1658 1614 1853 1685 Ἐχρῆν

270 1710 333 1763 δέ
363 1726 425 1778 γε
455 1710 549 1761 τὸν
583 1708 805 1761 εἰπόντα
829 1708 1063 1779 Χριστόν
1085 1721 1096 1735 ’
1127 1726 1145 1759 ‹
1193 1705 1333 1775 Ἐγώ
1356 1708 1471 1777 εἰμι
1500 1708 1532 1776 ή
1557 1706 1801 1776 ἀλήθεια,
1828 1724 1847 1756 ›

279 1801 355 1873 μὴ
377 1801 457 1871 τῷ
489 1801 663 1870 Πατρὶ
704 1801 845 1855 κατὰ
880 1800 1042 1869 φύσιν
1068 1799 1260 1852 ἑαυτὸν
1291 1798 1592 1868 ἐξομοιοῦν,
1626 1801 1693 1869 τῇ
1734 1797 1855 1867 βου-

1950 610 2105 654 ιυτε.

2264 720 2839 814 ASSERTIO
2934 718 3216 809 Vill.

1985 897 2247 951 Adventu
2266 893 2514 955 dicentes,
2550 907 2654 944 non
2676 890 2848 951 Patri.
2871 888 2959 940 sed
2983 886 3241 941 voluntati
3259 884 3375 953 ejus
3432 882 3506 935 si-

2449 961 2627 1015 mileut
2648 976 2759 1014 esse
2796 957 3027 1011 Filium.

2022 1078 2214 1133 Merito
2236 1077 2357 1146 quis
2390 1088 2639 1143 magnam
2668 1071 2903 1127 hostium
2940 1067 3143 1124 Christi
3174 1066 3537 1121 temeritatem

1950 1170 2187 1230 damnet,
2222 1174 2312 1219 aut
2367 1163 2565 1219 rectius
2614 1160 2854 1216 insanire
2898 1160 3102 1227 iudicet
3142 1172 3235 1212 eos
3274 1156 3364 1224 qui
3431 1170 3539 1209 non

1954 1259 2053 1326 ipsi
2090 1258 2265 1321 Patri,
2312 1256 2405 1310 sed
2434 1250 2835 1319 volnntatiejus
2887 1249 3117 1304 similem
3166 1261 3290 1301 esse
3345 1244 3540 1299 Filium

1954 1348 2326 1410 contendunt,
2373 1360 2495 1400 cum
2542 1342 2742 1411 alioqui
2793 1355 2948 1395 sacra
2988 1339 3265 1407 Scriptura
3305 1351 3412 1391 non
3469 1336 3541 1388 ita

1955 1442 2021 1496 de
2095 1442 2211 1509 ipso
2266 1438 2533 1499 definiat,
2586 1437 2681 1489 sed
2743 1448 2917 1501 neque
2984 1432 3097 1502 ipse
3154 1429 3409 1483 Servator
3460 1427 3543 1480 di-

1955 1543 2091 1585 cat:
2136 1530 2236 1597 Qui
2296 1531 2425 1583 vidit
2488 1543 2572 1584 me
2606 1569 2619 1593 ,
2677 1528 2811 1580 vidit
2867 1534 2921 1578 ct
2973 1525 3312 1577 voluntatem
3366 1520 3545 1574 Patris

1952 1623 2057 1694 61
2098 1624 2221 1677 mei.
2257 1618 2510 1691 Oportuit
2541 1635 2671 1674 vero
2710 1618 2982 1673 Cbrismm
3030 1616 3296 1670 dicentem
3330 1652 3345 1677 ,
3377 1630 3395 1662 ι
3434 1611 3546 1680 Ego

1955 1730 2073 1768 sum
2100 1714 2299 1767 veritas
2328 1713 2396 1779 ⁸¹,
2431 1729 2449 1762 ι
2484 1724 2823 1780 nequaquam
2850 1724 2907 1762 se
2938 1707 3085 1762 Patri
3114 1704 3411 1760 secundum
3451 1718 3545 1755 na—

1960 1817 2136 1859 turam
2185 1819 2528 1874 comparare,
2556 1802 2655 1858 sed
2697 1801 2877 1870 potius
2908 1799 3024 1867 ejus
3054 1796 3342 1858 voluntati,
3383 1793 3427 1847 si
3466 1794 3537 1845 ita

275 1893 433 1963 λήσει
468 1892 526 1945 δὲ
570 1892 770 1961 μᾶλλον
814 1888 1001 1953 αὐτοῦ,
1046 1892 1203 1959 εἴπερ
1236 1888 1408 1951 οὑτως
1436 1888 1571 1958 ἔχει,
1601 1888 1853 1958 καθάπερ

1972 1906 2062 1961 3st,
2105 1906 2165 1951 ut
2216 1896 2317 1966 ipsi
2372 1896 2586 1951 volunt.
2650 1895 2721 1948 At
2763 1907 2887 1946 cum
2931 1905 2992 1946 se
3038 1904 3145 1943 non
3216 1886 3546 1941 voluntatem

274 1983 475 2038 ἐκεῖνοί
501 2000 685 2053 φασιν.
727 1982 864 2035 Ἀλλ’
891 1982 1125 2052 οὐδαμοῦ
1152 1982 1249 2052 τὴν
1282 1981 1534 2051 βούλησιν
1560 1982 1849 2051 ὀνομάσας,

274 2076 461 2133 εἰκόνα
486 2075 542 2127 δὲ
561 2073 654 2126 τοῦ
687 2073 897 2143 Πατρὸς
923 2074 1112 2126 ἑαυτὸν
1145 2071 1476 2143 προσειπὼν,
1498 2071 1653 2143 δῆλος
1680 2072 1746 2125 ἂν
1768 2072 1852 2142 εἴη

276 2168 378 2239 τὴν
408 2165 636 2219 ἐκείνων
668 2164 927 2217 ὑπόνοιαν
961 2164 1219 2234 ἀναιρῶν.

962 2279 1168 2333 AAAO.

365 2387 699 2459 Ἐρωτητέον
716 2390 843 2451 τοὺς
867 2390 1266 2460 χριστομάχους
1286 2406 1298 2417 ·
1346 2390 1407 2443 Ἠ
1441 2390 1693 2460 βούλησις
1718 2390 1856 2456 αὕτη

283 2478 378 2531 τοῦ
404 2478 639 2547 Πατρὸς,
669 2473 738 2549 ἦς
777 2479 961 2549 ὅμοιον
985 2475 1125 2533 εἶναι
1151 2497 1287 2548 φατε
1313 2482 1404 2534 τὸν
1450 2482 1595 2545 Υἰὸν,
1632 2481 1858 2552 πότερόν

284 2586 415 2622 ποτε
444 2569 602 2623 οὐσία
630 2570 721 2633 τίς
767 2571 900 2634 ἐστι,
946 2571 1040 2623 καὶ
1072 2570 1279 2639 ὑπέστη
1313 2571 1451 2642 αὐτὴ
1489 2570 1609 2623 καθ’
1636 2571 1855 2642 ἑαυτὴν,

286 2660 321 2729 ἢ
349 2660 507 2730 auxi;
543 2661 607 2713 Ει
652 2660 752 2729 μὲν
790 2660 899 2732 γὰρ
926 2659 1158 2731 οὑσιὼδη
1198 2663 1290 2714 καὶ
1331 2661 1696 2731 ὑποστατικὴν
1722 2657 1859 2713 εἶναι

283 2750 483 2805 δώσετε
512 2750 736 2821 ταύτην,
768 2751 881 2814 πῶς
907 2751 986 2806 ἔτι
1016 2753 1309 2823 μονογενὴς
1341 2754 1368 2804 ό
1394 2752 1542 2815 Υἱὸς,
1574 2752 1753 2823 τρίτος
1783 2753 1859 2806 ὢν

283 2844 347 2895 ὲκ
374 2843 617 2915 Πατρόςς
654 2845 903 2897 1βαίνεται
928 2844 1037 2913 γὰρ
1079 2844 1450 2915 μεσολαϐοῦσα
1482 2844 1579 2916 τὴν
1610 2848 1859 2915 γέννησιν

286 2936 450 2990 αὑτοῦ
478 2936 733 3008 βούλησίς
758 2954 840 3000 τις
867 2938 1228 3000 ὲνυπόστατος
1269 2938 1363 2989 καὶ
1397 2936 1566 3001 ζῶσα,
1593 2937 1736 2990 κατὰ
1764 2938 1861 3006 τὴν

286 3028 557 3099 ὑμετέραν
596 3030 879 3099 πρότασιν.
930 3030 991 3082 Ei
1032 3029 1089 3081 δὲ
1121 3028 1277 3082 τοῦτο
1308 3028 1757 3098 παραιτούμενοι,
1798 3029 1859 3081 οὐ

288 3117 410 3171 καθ’
434 3119 729 3172 ὑπόστασιν
757 3122 855 3189 τὴν
886 3119 1140 3189 βούλησιν
1162 3119 1467 3173 διακεῖσθαι
1497 3119 1717 3184 δώσετε,
1742 3120 1862 3172 οὐδὲ

1962 1986 2279 2049 nominarit,
2305 1988 2407 2048 ,sed
2438 1984 2699 2055 adjecerit
2734 1997 2793 2037 se
2838 1995 2959 2036 esse
3013 1978 3307 2049 imaginem
3344 1974 3545 2041 Patris,

1961 2078 2250 2137 manifeste
2280 2093 2469 2134 eorum
2502 2076 2814 2148 opinionem
2841 2072 3128 2128 subvertit.

2645 2270 2874 2327 ALIUD.

2036 2388 2409 2460 interrogandi
2445 2394 2572 2440 sunt
2612 2384 2801 2439 hostes
2840 2382 3040 2436 Christi
3091 2397 3105 2433 :
3146 2379 3407 2433 Voluntas
3440 2378 3553 2433 lure

1965 2482 2163 2546 Patris,
2193 2482 2279 2537 cui
2315 2478 2549 2533 similem
2599 2477 2783 2530 dicitis
2826 2488 2947 2529 esse
2998 2472 3217 2535 Filium,
3275 2481 3428 2525 estne
3468 2486 3555 2525 es-

1965 2572 2161 2635 sentia,
2216 2568 2542 2638 exstititque
2597 2568 2711 2636 ipsa
2756 2580 2852 2635 per
2886 2580 2968 2631 se,
3019 2579 3087 2616 an
3140 2564 3285 2616 non?
3316 2560 3451 2616 Nam
3507 2563 3552 2617 si

1966 2663 2311 2719 essentialem
2361 2675 2483 2715 esse
2521 2659 2716 2713 dicetis
2764 2666 2819 2711 et
2871 2672 2967 2724 per
3005 2670 3062 2709 se
3096 2655 3393 2719 exstitisse,
3446 2669 3556 2724 quo

1966 2764 2125 2826 pacto
2156 2754 2413 2822 deinceps
2468 2750 2643 2806 Filius
2679 2750 2786 2803 erit
2817 2750 3148 2819 unigenitus,
3181 2762 3301 2800 cum
3344 2746 3454 2816 jam
3486 2747 3557 2801 sit

1969 2848 2161 2902 tertius
2199 2861 2265 2899 ex
2306 2844 2468 2899 Patre
2495 2843 2779 2913 ?Apparet
2812 2842 2955 2895 enim
2993 2840 3342 2908 prmcessisse
3386 2839 3557 2909 ipsius

1967 2937 2366 3006 generationem
2425 2934 2754 2988 voluntatem
2806 2932 3098 3001 quamdam
3158 2944 3345 2984 revera
3404 2931 3555 2984 exsi-

1969 3034 2201 3081 stentem
2225 3034 2280 3078 et
2300 3022 2666 3091 vivam,jnxta
2685 3029 2920 3075 vestram
2940 3019 3383 3089 proliositionem.
3402 3018 3558 3084 Quod

1970 3116 2015 3171 si
2062 3130 2191 3169 vero
2238 3115 2342 3168 hoc
2398 3123 2681 3182 negantes,
2738 3126 2843 3165 non
2894 3111 2947 3163 in
3001 3110 3219 3179 propria
3274 3109 3554 3180 ltypostasi

285 3210 474 3263 οὐσίαν
497 3205 637 3265 εἶναι
668 3211 848 3275 ζῶσαν
872 3212 964 3264 καὶ
986 3212 1353 3283 ὑπάρχουσαν,
1377 3213 1566 3283 ὥσπερ
1599 3211 1689 3265 τὸν
1716 3210 1859 3272 Υἰδν,

1974 3208 2272 3260 subsistere
2296 3204 2434 3258 hanc
2461 3203 2793 3256 voluntatem
2817 3202 3037 3265 dabitis,
3066 3215 3239 3269 neque
3263 3204 3557 3256 essentiam

288 3300 629 3365 ἀπαιδεύτως
662 3301 865 3371 σφόδρα
897 3302 990 3355 κα)⁵
1022 3302 1250 3372 ἀμαθῶς
1289 3303 1363 3373 μὴ
1398 3302 1493 3355 δύο
1530 3300 1865 3371 παραθέντες

288 3391 476 3454 οὐσίας
508 3392 803 3463 ὁμοιότητα
830 3392 1062 3462 ζητεῖτε.
1094 3392 1219 3455 Πῶς
1254 3392 1363 3462 γὰρ
1395 3391 1546 3445 ἔσται
1581 3392 1641 3443 τὸ
1672 3391 1865 3443 ὲνυτοό-

293 3499 483 3536 στατον
517 3482 597 3553 τῷ
633 3482 706 3553 μὴ
733 3482 959 3554 τοιούτῳ
990 3483 1341 3555 προσεοικός;
1378 3484 1410 3555 ἢ
1442 3482 1556 3545 πῶς
1585 3484 1645 3536 τὸ
1677 3482 1751 3553 μὴ
1787 3483 1866 3545 εἰς

288 3572 474 3626 οὐσίαν
504 3572 719 3642 ἐνεχθὲν
756 3572 831 3643 τῷ
869 3573 1200 3642 ὑφεστηκότι
1240 3574 1381 3627 κατὰ
1412 3574 1502 3625 τὸν
1545 3574 1644 3643 τῆς
1691 3577 1862 3644 ἐμφε-

292 3662 441 3731 ρείας
471 3662 676 3732 τρόπον
706 3662 1139 3729 ἀντεξετάζοιτο;

977 3854 1181 3907 AAAO.

358 3966 469 4020 Καὶ
495 3966 578 4029 τίς
602 3966 704 4019 οὐκ
730 3966 796 4021 ἂν
824 3968 1177 4039 ὁμολογήσειε
1208 3966 1331 4020 νοῦν
1362 3967 1501 4036 ἔχων
1532 3968 1613 4020 ὅτι
1641 3967 1718 4040 τῷ
1743 3965 1866 4037 ζώῳ

289 4054 423 4125 πρὸς
476 4056 538 4110 τὸ
579 4054 718 4120 ζῶον
776 4059 807 4129 ἡ
851 4060 1126 4129 ὁμοιότης,
1175 4060 1267 4112 καὶ
1314 4059 1390 4128 τῷ
1431 4060 1505 4129 μὴ
1556 4059 1681 4130 (die?
1732 4062 1867 4129 πρὸς

287 4147 349 4199 τὸ
379 4146 451 4216 μὴ
482 4145 656 4212 ζῶονς
693 4148 774 4201 Τὰ
802 4149 911 4219 γὰρ
941 4149 1231 4220 ἑτερογενῆ
1265 4149 1359 4202 καὶ
1390 4150 1564 4219 πάντη
1604 4150 1700 4220 τῆς
1732 4151 1868 4220 πρὸς

288 4237 495 4307 ἄλληλα
541 4238 781 4308 σχέσεως
813 4239 1057 4307 φυσικῶς
1090 4240 1516 4310 διακεκομμένα,
1548 4243 1648 4295 οὑκ
1678 4244 1743 4297 ἄν
1784 4261 1866 4307 τις

288 4325 348 4381 εὖ
405 4329 619 4399 φρονῶν
670 4330 1015 4396 ἀντεξετάζοι
1069 4333 1203 4401 πρὸς
1256 4332 1499 4402 ἄλληλα,
1537 4334 1658 4385 οὐδὲ
1709 4336 1866 4388 τοῦτο

286 4421 482 4491 ἐκείνῳ
499 4421 971 4491 προσεοικὸς,οὗτε
998 4424 1103 4493 μὴν
1129 4425 1302 4477 ἐκεῖνο
1330 4425 1503 4495 τούτῳ
1531 4429 1754 4497 φήσειεν
1780 4429 1863 4482 ἄν.

1969 3310 2090 3350 esse
2120 3296 2297 3348 vivam
2348 3303 2514 3363 atque
2569 3293 2947 3356 essistentem,
3008 3303 3065 3345 ut
3123 3291 3341 3357 Filium,
3380 3293 3564 3361 inepte

1968 3394 2117 3440 certe
2167 3399 2273 3439 non
2340 3384 2534 3452 positis
2589 3383 2796 3437 duabus
2844 3382 3100 3436 essentiis
3147 3381 3561 3437 similitudinem

1967 3474 2232 3542 quaeritis.
2271 3474 2390 3540 Quo
2426 3483 2584 3541 pacto
2629 3472 2773 3525 enim
2820 3470 2871 3523 id
2908 3471 3049 3539 quod
3086 3470 3428 3541 hypostatice
3464 3485 3563 3524 ex-

1968 3564 2133 3628 sistit,
2184 3579 2291 3617 non
2343 3562 2631 3617 exsisteuti
2680 3560 2855 3615 simile
2903 3561 3010 3614 dici
3056 3559 3267 3630 possit?
3313 3569 3407 3613 aut
3454 3575 3563 3629 quo

1971 3665 2129 3724 pacto
2157 3656 2207 3709 id
2238 3655 2379 3729 quod
2428 3656 2670 3708 nondum
2721 3653 2786 3706 ad
2820 3665 2941 3707 esse
2992 3653 3313 3723 perductum
3349 3664 3457 3717 est,
3508 3651 3559 3708 ei

1969 3748 2112 3816 quod
2136 3748 2249 3815 iam
2280 3756 2386 3812 est,
2422 3746 2795 3801 similitudinis
2830 3746 3042 3801 ratione
3068 3744 3311 3802 conferri
3344 3745 3563 3816 potest!

2648 3859 2879 3915 ALIUD.

2040 3974 2174 4041 Quis
2204 3974 2347 4028 enim
2385 3986 2533 4027 sane
2563 3972 2763 4026 mentis
2805 3985 2909 4024 non
2953 3970 3188 4026 fateatur
3222 3970 3443 4025 animali
3492 3972 3561 4025 ad

1969 4066 2170 4121 animal
2202 4064 2610 4122 similitudinem
2642 4064 2999 4129 intercedere,
3033 4071 3214 4117 etnon
3240 4062 3459 4116 animali
3493 4064 3563 4118 ad

1975 4174 2080 4212 non
2109 4157 2353 4211 animal?
2398 4156 2531 4209 Nam
2568 4169 2688 4224 quae
2725 4154 2925 4209 diversi
2958 4152 3173 4222 generis
3222 4163 3370 4220 sunt,
3406 4166 3461 4208 et
3492 4156 3559 4208 ad

1970 4250 2201 4305 invicem
2246 4248 2440 4311 relata,
2490 4246 2812 4300 naturaliter
2854 4246 3151 4309 dissident,
3206 4260 3365 4298 nemo
3416 4258 3564 4300 recte

1969 4339 2207 4393 sentiens
2236 4338 2377 4391 inter
2409 4350 2467 4390 se
2490 4344 2790 4404 Comparet,
2826 4349 3001 4403 neque
3036 4335 3137 4389 ltoe
3167 4334 3266 4398 illi,
3295 4346 3388 4389 aut
3429 4336 3562 4389 illud

1971 4432 2096 4484 huic
2136 4429 2315 4483 simile
2360 4442 2482 4482 esse
2518 4426 2681 4481 dicat.
2714 4424 2917 4490 Veluti,
2950 4427 3180 4495 exempli
3214 4428 3410 4495 gratia,
3446 4439 3558 4482 sta-

285 4508 415 4567 Οἷον
446 4512 579 4583 φέρε
612 4515 821 4567 εἰπεῖν’
843 4514 1163 4587 ’Λνθρωπος
1206 4516 1573 4586 προσκείσθω,
1610 4519 1641 4590 ἦ
1678 4519 1859 4592 ἕτερόν

1973 4533 2157 4577 luatur
2179 4523 2361 4587 homo,
2399 4530 2492 4574 aut
2525 4518 2628 4572 alia
2658 4518 2925 4587 qun-piam
2958 4520 3259 4572 substantia
3305 4535 3425 4588 qua;
3463 4520 3565 4575 sub

284 4619 340 4655 τι
371 4603 479 4656 τῶν
515 4602 684 4656 ὄντων
730 4604 830 4657 ὅσα
872 4605 1060 4658 πίπτει
1100 4604 1234 4674 πρὸς
1266 4606 1358 4658 τὸν
1399 4608 1523 4676 ὅρον
1562 4607 1656 4659 τοῦ
1702 4608 1861 4675 ζὼου,

286 4695 491 4748 κείσθω
536 4696 631 4748 καὶ
672 4697 975 4767 ἐπιστήμη,
1029 4699 1147 4768 ἦτοι
1183 4698 1363 4767 σοφία,
1420 4700 1537 4769 ἦτοι
1592 4700 1864 4771 βούλησις,

284 4785 320 4858 ἢ
357 4786 542 4856 ἔτερόν
583 4804 634 4838 τι
678 4786 784 4839 τῶν
838 4788 939 4840 ὅσα
991 4788 1115 4841 καθ’
1161 4789 1329 4842 ἑαυτὰ
1372 4789 1471 4843 οὐκ
1534 4791 1867 4845 ὲνυπόστατα

287 4878 408 4946 μὲν,
454 4877 753 4947 ἐνυπάρχει
800 4877 856 4930 δὲ
899 4879 1047 4948 ὅμως
1090 4879 1195 4933 τῶν
1235 4884 1402 4937 ὄντων
1451 4887 1612 4949 τισὶν,
1657 4885 1869 4957 ἀνθρώ-

286 4986 407 5031 ποις
448 4968 612 5038 τυχδν
668 4969 700 5037 ἢ
757 4968 1027 5035 ἀγγέλοις.
1080 4967 1203 5043 ’Ἆρ’
1236 4969 1363 5039 οὖν,
1411 4976 1584 5039 εἴτις
1626 4979 1717 5030 τὸν
1776 4980 1867 5031 ἄν-

283 5058 503 5128 θρωπον
560 5060 590 5128 ἢ
640 5059 825 5130 ἕτερόν
878 5078 929 5113 τι
987 5061 1124 5126 ζῶον
1166 5066 1229 5133 τῇ
1290 5067 1567 5138 ἐπιστήμῃ
1625 5068 1741 5138 ἦτοι
1799 5072 1864 5139 τῇ

286 5152 450 5222 σοφίᾳ
485 5150 519 5221 ἢ
568 5154 633 5222 τῇ
682 5152 931 5223 βουλήσει
974 5157 1349 5226 προσεοικέναι
1392 5160 1636 5228 φήσειεν,
1668 5162 1765 5214 οὑκ
1801 5161 1865 5213 ἂν

285 5243 519 5305 εἰκότως
552 5244 765 5313 μωρίας
792 5245 1016 5314 όφλήσοι
1053 5247 1281 5315 γέλωτα,
1314 5250 1382 5302 τὰ
1424 5250 1587 5320 μηδὲν
1618 5250 1866 5321 ἀλλήλοις

285 5336 650 5403 προσεοικότα
687 5335 1001 5406 δοκιμάζειν
1030 5357 1088 5392 τε
1122 5340 1213 5393 καὶ
1243 5343 1617 5407 ἀντεξετάζειν
1661 5346 1866 5415 ἐπιχει-

288 5426 424 5495 ρῶν;
479 5426 693 5480 Οὐκοῦν
732 5430 1087 5493 ὲνυπόστατος
1120 5430 1193 5483 ὢν
1238 5434 1264 5485 ὁ
1295 5434 1419 5497 Υἱὸς
1462 5434 1556 5487 τοῦ
1604 5435 1761 5499 Θεοῦ,
1798 5440 1861 5506 τῇ

284 5517 641 5587 ἀνυποστάτῳ
678 5518 928 5590 βουλήσει
971 5526 1091 5573 κατ’
1118 5524 1268 5575 οὐδὲν
1311 5526 1459 5579 ἔσται
1506 5527 1860 5598 προσεοικώς.

288 5606 354 5662 Ἥ
383 5611 491 5683 γὰρ
522 5613 821 5681 ἀποτόμως
856 5614 1101 5685 ἀνόμοιον
1131 5612 1270 5673 εἶναι
1308 5620 1383 5689 τῷ
1420 5621 1592 5688 Πατρὶ
1626 5621 1860 5690 λεγέτω-

342 5794 388 5825 ³¹
416 5791 580 5849 Joan.
626 5807 743 5858 xw,
775 5792 828 5847 ti.

1970 4615 2341 4670 definitionem
2366 4611 2613 4666 animalis
2635 4610 2808 4664 cadit:
2829 4619 3098 4663 statuatur
3120 4611 3283 4664 etiam
3312 4612 3562 4677 scientia,

1974 4706 2057 4759 vel
2092 4706 2381 4776 sapientia,
2432 4704 2519 4759 vel
2548 4702 2817 4767 voluntas,
2866 4701 2950 4754 vel
3003 4701 3149 4755 aliud
3198 4704 3326 4770 quid
3374 4717 3561 4757 eorum

1975 4813 2094 4867 quae
2120 4814 2225 4852 non
2254 4797 2520 4851 exsistunt
2555 4810 2651 4865 per
2685 4808 2764 4860 se,
2794 4795 2973 4846 insunt
3003 4804 3181 4847 tamen
3210 4796 3352 4858 aliis,
3383 4795 3562 4849 horni-

1978 4889 2138 4944 nibus
2165 4890 2417 4943 nimirum
2447 4888 2530 4941 vel
2564 4887 2789 4956 angelis.
2815 4885 2869 4938 Si
2908 4885 3030 4954 quis
3063 4886 3225 4954 igitur
3256 4886 3562 4949 hominem,

1980 4994 2070 5036 aut
2092 4982 2234 5036 aliud
2260 4982 2478 5051 aliquod
2502 4980 2707 5034 animal
2733 4979 2993 5042 scientim,
3018 4986 3110 5031 aut
3135 4979 3442 5046 sapientiae,
3469 4987 3565 5032 aut

1978 5074 2240 5127 voluntati
2280 5073 2458 5126 simile
2480 5086 2600 5126 esse
2629 5071 2852 5133 dixerit,
2884 5085 3060 5123 nonne
3087 5071 3285 5123 merito
3314 5070 3563 5125 stultitiae

1977 5167 2192 5219 nomine
2222 5163 2502 5218 rideatur?
2536 5161 2733 5232 quippe
2768 5162 2860 5231 qui
2888 5178 2947 5215 ea
2978 5162 3172 5228 quibus
3207 5161 3349 5215 nulla
3396 5164 3564 5216 inter-

1971 5256 2113 5310 cedit
2148 5256 2544 5322 convenientia,
2595 5268 2912 5323 comparare
2947 5265 3107 5323 atque
3138 5254 3391 5308 conferre
3425 5256 3564 5308 inter

1972 5363 2029 5403 se
2085 5348 2235 5403 velit.
2293 5347 2459 5402 Filius
2523 5349 2703 5417 itaque
2746 5348 2836 5401 Dei
2894 5346 3228 5417 Iiypostatice
3271 5348 3561 5411 exsistcns,

1973 5438 2231 5491 voluntati
2278 5438 2613 5507 liypostatice
2657 5452 2760 5490 non
2803 5437 3086 5490 exsistenli
3124 5436 3265 5497 nulla
3309 5452 3371 5489 es
3411 5448 3563 5503 parte

1974 5531 2169 5585 similis
2210 5540 2315 5583 est.
2358 5530 2463 5583 Aut
2508 5530 2649 5583 enim
2705 5528 2865 5597 piane
2897 5522 3213 5583 diissiniilem
3258 5527 3398 5580 Patri
3443 5542 3563 5581 esse

1976 5621 2177 5684 dicant,
2224 5630 2277 5675 et
2334 5629 2519 5690 aperte
2566 5620 3005 5689 blasphemantes
3047 5619 3351 5673 detestandi
3400 5618 3559 5675 sint:
