4012 6338
491 422 589 479 105

1472 416 1531 469 S.
1574 413 1854 471 CYRILLI
1894 403 2371 469 ALEXANDR'INI
2406 404 2734 463 ARCIIIEP.

3629 399 3726 459 1οί

491 550 587 595 aut
633 534 676 591 si
729 531 1038 588 necessario
1086 530 1494 585 similitudinem
1540 546 1660 585 cum
1714 531 1875 585 Patre
1924 530 2051 584 Filio

2163 544 2281 593 σαν,
2335 527 2427 579 καὶ
2483 522 2730 594 φανερῶς
2788 518 3194 589 δυσφημοῦντες
3244 515 3632 589 μισείσθιιιιπιιν⁸
3699 519 3735 589 ή

492 631 731 686 tribuere
783 623 1000 687 debent,
1039 622 1402 677 necessarium
1448 624 1608 675 etiam
1641 624 1859 678 omnino
1894 621 2055 676 fuerit

489 738 595 776 non
614 735 735 776 esse
759 719 1021 774 voluntati
1045 716 1297 782 similem,
1322 718 1430 789 62
1456 718 1549 772 sed
1571 714 1835 771 Genltori.
1860 714 2053 771 Osten-

488 826 605 865 sum
636 811 779 865 enim
814 821 898 865 est
930 808 1071 878 quod
1101 809 1165 862 iis
1197 823 1316 876 qua:
1347 808 1403 861 in
1437 807 1674 863 essentia
1701 794 1757 859 et
1783 805 2053 876 hypostasi

487 902 777 964 exsistunt,
801 901 866 955 ad
892 916 953 953 ea
980 914 1097 969 qua:
1122 898 1429 953 cssentialia
1460 908 1515 953 et
1551 897 1883 968 hypostatica
1908 904 2053 962 sunt,

487 992 782 1047 similitudo
832 992 945 1045 haec
989 1000 1272 1057 servatur;
1315 1004 1423 1043 non
1458 988 1527 1041 ad
1561 1003 1622 1043 ea
1663 1003 1784 1059 quae
1830 988 2055 1043 alterius

488 1089 616 1133 sunt
645 1080 880 1150 generis,
908 1088 963 1133 et
993 1080 1046 1133 in
1083 1078 1205 1133 aliis
1238 1093 1396 1133 suum
1428 1091 1549 1131 esse
1581 1076 1782 1130 habent
1814 1094 1828 1130 :
1866 1090 2054 1145 quem—

486 1169 773 1223 admodum
822 1168 1085 1237 sapientia
1134 1168 1187 1220 in
1234 1166 1496 1235 sapiente,
1543 1176 1599 1219 et
1642 1165 1891 1220 voluntas
1940 1166 2055 1221 sive

482 1258 765 1315 consilium
799 1259 851 1313 in
885 1258 1097 1313 volente
1128 1256 1210 1312 vel
1238 1256 1601 1311 consultante.

692 1367 924 1433 ALlUD,
948 1384 1039 1437 per
1061 1368 1409 1422 reductionem
1439 1368 1509 1420 ad
1536 1367 1840 1421 absurdum.

551 1481 609 1535 Si
666 1478 926 1533 voluntati
961 1476 1140 1533 Patris
1186 1478 1378 1542 similis
1424 1479 1712 1543 exsistens,
1751 1492 1818 1531 ex
1871 1488 2048 1533 vestra

480 1573 768 1633 sententia,
804 1570 972 1625 Filius
992 1568 1267 1625 dissimilis
1295 1577 1377 1623 est
1403 1569 1648 1638 genitori,
1680 1571 2043 1627 necessarium

481 1664 701 1733 omnino
736 1661 922 1727 fuerit,
954 1676 1127 1730 neque
1162 1660 1489 1715 voluntatem
1523 1660 1753 1715 similem
1791 1676 1915 1716 esse
1948 1663 2055 1716 Deo

438 1786 439 1789 η
481 1769 549 1808 ac
578 1753 755 1817 Patri;
786 1753 937 1821 cujus
968 1754 1273 1816 character,
1305 1765 1426 1805 cum
1452 1751 1523 1805 sit
1554 1750 1742 1814 Filius,
1775 1750 2056 1807 dissimilis

2160 616 2318 688 εἴπερ
2350 617 2561 684 ἀνάγκη
2588 615 2686 684 τήν
2709 612 3000 683 ὁμοιότητα
3024 610 3205 663 δοῦναι
3238 609 3315 679 τῷ
3342 608 3453 677 Υίῷ
3477 607 3613 676 πρὸς
3640 606 3731 660 τὸν

2160 709 2401 778 Πατέρα.
2434 708 2646 775 ἀνάγκη
2691 704 2757 774 δὴ
2792 705 2940 757 πᾶσα
2972 702 3047 765 ὡς
3076 703 3176 756 οὐκ
3215 701 3369 754 ἔσται
3400 700 3496 767 τῆς
3534 697 3731 768 βουλήο⁵

2162 816 2298 861 σεως
2342 800 2544 866 ὅμοιος,
2594 793 2731 848 ἀλλὰ
2788 793 2989 863 μᾶλλον
3036 791 3131 845 τοῦ
3170 790 3579 861 γεγεννηκότος.
3629 789 3731 840 Δέ-

2160 888 2366 942 δεικται
2392 889 2499 958 γὰρ
2534 887 2616 939 ὅτι
2650 887 2761 946 τοῖς
2790 886 2848 937 ὲν
2872 884 3029 955 οὐσία
3056 884 3150 936 καὶ
3179 881 3471 935 ὑποστάσει
3499 880 3634 950 πρὸς
3661 877 3733 931 τὰ

2160 978 2376 1033 ἐνούσιά
2400 994 2459 1030 τε
2485 976 2578 1030 καὶ
2610 974 2952 1027 ὲνυπόστατα
2986 975 3020 1043 ή
3054 973 3306 1043 ὁμοιότης
3332 974 3365 1040 ἡ
3407 970 3547 1023 κατὰ
3572 966 3734 1022 τοῦτο

2163 1067 2411 1135 σώζεται,
2435 1067 2496 1121 οὐ
2524 1064 2656 1135 πρὸς
2676 1064 2745 1118 τὰ
2766 1063 3072 1134 ἑτερογενῆ,
3103 1063 3199 1117 καὶ
3224 1064 3283 1115 ἐν
3305 1060 3511 1130 ἑτέροις
3538 1059 3735 1129 ἔχοντα

2158 1160 2219 1212 τὸ
2247 1157 2405 1225 εἶναι,
2437 1157 2626 1227 ὥσπερ
2668 1158 2701 1226 ὴ
2751 1155 2912 1224 σοφία
2952 1154 3200 1225 τυχὸνιὲν
3223 1154 3302 1227 τῷ
3350 1150 3516 1223 σοφῷ,
3559 1150 3655 1205 καὶ
3694 1150 3732 1219 ή

2161 1251 2413 1322 βούλησις
2442 1254 2501 1304 ὲν
2524 1250 2603 1321 τῷ
2633 1250 3023 1321 βουλευομένῳ.

2332 1364 2535 1431 ΔΛΛΟ,
2565 1362 2664 1416 διὰ
2699 1361 2810 1430 τῆς
2840 1364 2926 1428 εὶς
2953 1361 3181 1415 ἄτοπον
3208 1358 3545 1429 ἀπαγωγῆς.

2227 1476 2291 1529 El
2309 1476 2408 1546 τῆς
2431 1474 2733 1546 βουλήσεως
2749 1471 2845 1527 τοῦ
2872 1472 3083 1544 Πατρὸς
3101 1473 3284 1541 ὅμοιος
3308 1470 3404 1535 ὣν,
3422 1469 3541 1522 καθ’
3562 1468 3724 1539 ὑμᾶς,

2155 1567 2183 1619 6
2211 1564 2337 1629 Υἱὸς
2373 1564 2624 1631 ἀνόμοιός
2650 1566 2767 1618 ἑστι
2802 1564 2881 1635 τῷ
2926 1563 3295 1633 γεγεννηκότι,
3333 1561 3546 1629 ἀνάγκη
3578 1561 3731 1613 πᾶσα

2154 1658 2254 1725 τὴν
2282 1656 2535 1727 βούλησιν
2569 1656 2722 1710 οὐδὲν
2760 1655 3137 1728 προσεοικέναι
3174 1654 3253 1725 τῷ
3283 1653 3401 1723 Θεῷ
3432 1654 3524 1706 καὶ
3550 1651 3725 1718 Πατρὶ

2154 1747 2353 1817 λέγειν,
2381 1742 2449 1818 ἦς
2474 1746 2761 1821 χαρακτήρ
2794 1747 3052 1817 ὑπάρχων
3077 1747 3105 1798 6
3127 1746 3272 1809 Υἱὸς,
3304 1744 3551 1814 ἀνόμοιός
3583 1744 3725 1804 ἐστι,

479 1855 585 1909 est,
622 1845 919 1899 secundum
952 1857 1069 1910 vos,
1102 1841 1269 1896 Patri.
1306 1842 1423 1897 Erit
1462 1842 1646 1911 itaque
1669 1843 1832 1897 etiam
1867 1842 2051 1897 volun-

2155 1838 2274 1891 καθ’
2314 1838 2479 1909 ὑμᾶς,
2528 1837 2605 1908 τῷ
2650 1837 2844 1907 Πατρί.
2882 1838 3076 1891 Ἔσται
3105 1833 3199 1889 οὖν
3232 1835 3328 1889 καὶ
3357 1837 3425 1906 τῇ
3474 1833 3728 1905 βουλήσει

485 1946 594 1991 tate
624 1951 718 1989 sua
768 1934 1047 1989 dissimilis
1089 1932 1268 1988 Pater.
1325 1933 1447 1988 llaec
1491 1934 1635 1989 enim
1685 1934 1933 2002 impietas
1979 1948 2046 1987 ex

482 2028 625 2081 dictu
650 2034 829 2080 vestro
868 2026 1133 2094 sequitur.
1169 2026 1238 2079 At
1273 2026 1320 2079 si
1347 2025 1678 2079 voluntatem
1712 2024 1911 2094 aliquid
1950 2024 2048 2094 hy-

482 2117 748 2185 postatice
778 2118 1046 2170 exsistens
1081 2130 1201 2170 esse
1239 2115 1450 2179 dicetis,
1479 2117 1584 2170 erit
1627 2115 1813 2185 utique
1863 2116 1914 2169 iu
1965 2128 2053 2169 es-

480 2208 654 2264 sentia
697 2205 786 2261 Dei
818 2206 1023 2277 aliquid
1063 2208 1161 2275 ipsi
1211 2206 1491 2262 dissimile.
1540 2205 1675 2260 Nam
1728 2207 1889 2261 etiam
1949 2208 2052 2262 hoc

484 2296 618 2351 ratio
645 2312 739 2352 vos
769 2296 1015 2352 conﬁteri
1039 2306 1215 2365 coget.
1242 2298 1509 2352 Caeterum
1541 2297 1629 2352 hic
1649 2298 1937 2367 quatrenda
1961 2308 2049 2354 est

482 2390 621 2444 ratio
664 2389 1118 2443 dissimilitudinis
1160 2404 1280 2458 qua:
1312 2388 1579 2443 voluntati
1611 2389 1898 2444 intercedit
1928 2405 2050 2445 cum

481 2479 659 2536 Patre.
701 2479 758 2536 Si
796 2480 936 2535 enim
981 2494 1044 2534 ea
1087 2479 1295 2535 ratione
1337 2478 1613 2534 dissimilis
1654 2488 1738 2535 est
1782 2480 1923 2548 quod
1985 2495 2051 2536 ex

482 2572 659 2640 aliqua
703 2581 855 2639 parte
902 2571 973 2624 sit
1016 2570 1191 2623 minor
1250 2585 1315 2624 eo
1383 2570 1437 2623 id
1487 2570 1631 2637 quod
1681 2569 1943 2638 processit
1983 2584 2049 2624 ex

488 2662 784 2717 substantia
817 2660 1012 2723 Patris,
1045 2662 1149 2712 erit
1190 2658 1344 2728 pejus
1386 2674 1445 2714 se
1492 2674 1556 2715 ac
1599 2660 1779 2714 minus
1827 2678 1840 2713 :
1875 2675 2049 2730 neque

479 2754 623 2809 enim
653 2753 994 2807 extrinsecus
1031 2752 1197 2805 ascita
1234 2763 1317 2805 est
1367 2751 1634 2813 voluntas,
1673 2750 1767 2806 sed
1816 2766 1878 2805 ex
1930 2752 2048 2819 ipso

479 2853 533 2899 et
557 2844 609 2897 in
636 2844 771 2912 ipso.
800 2842 989 2911 Pt-jora
1016 2851 1193 2896 autem
1218 2856 1280 2895 cx
1305 2857 1362 2896 sc
1392 2840 1631 2909 gignere,
1656 2842 1810 2897 neiis
1830 2843 2050 2904 quidem

480 2936 571 3003 qui
591 2948 826 2990 creatam
847 2937 1044 2989 habent
1065 2949 1337 2998 naturam,
1370 2934 1619 2988 accidere
1644 2944 1836 3003 potest.
1867 2933 2052 3003 Neque

482 3024 625 3080 enim
663 3024 824 3079 homo
857 3024 1000 3078 aliud
1031 3026 1159 3094 quid
1193 3026 1464 3079 diversum
1502 3040 1530 3078 a
1554 3039 1613 3079 se
1641 3028 1922 3095 generabit
1952 3044 1966 3080 :
1994 3035 2053 3079 ut

482 3131 583 3170 nec
609 3116 753 3170 aliud
780 3116 1007 3184 quodvis
1029 3115 1342 3179 animalium
1382 3116 1589 3170 ratione
1621 3118 1940 3171 carentium.
1992 3117 2050 3171 Si

479 3220 635 3271 vero,
667 3207 809 3274 quod
840 3206 991 3260 nefas
1025 3205 1168 3258 dictu
1194 3214 1298 3272 est,
1326 3206 1502 3260 Patris
1532 3209 1775 3261 voluntas
1800 3220 1866 3261 eo
1896 3208 2049 3261 adui-
2078 3190 2119 3246 ο

483 3307 603 3352 lens
630 3306 689 3351 ut
736 3297 906 3365 majus
948 3296 1149 3364 aliquid
1207 3298 1423 3361 habent,
1467 3296 1785 3351 dissimilem
1841 3312 1901 3353 se
1948 3299 2050 3353 sibi

481 3387 633 3452 facit,
663 3397 846 3456 utpote
876 3385 986 3455 jam
1024 3388 1203 3441 minor
1244 3402 1307 3443 ac
1356 3387 1506 3458 pejor
1539 3403 1598 3441 se
1647 3389 1907 3455 redditus,
1948 3406 2056 3459 quo

481 3486 642 3548 pacto
678 3492 781 3531 non
837 3477 1058 3545 impium
1108 3477 1270 3531 fuerit
1303 3478 1446 3532 dictu
1478 3479 1680 3546 aliquid
1723 3494 1844 3534 esse
1883 3481 2056 3550 majus

480 3577 535 3625 et
566 3567 753 3620 melius
787 3566 985 3621 Patre?
1029 3566 1085 3621 Si
1131 3582 1259 3622 vero
1312 3584 1486 3639 neque
1530 3569 1652 3635 hoc,
1704 3585 1877 3639 neque
1924 3568 2052 3626 illud

480 3659 804 3721 concedetis,
844 3667 898 3712 et
930 3656 1258 3712 voluntatem
1290 3674 1396 3713 non
1442 3673 1538 3728 per
1568 3676 1627 3715 se
1672 3661 2051 3718 subsistentem

480 3761 601 3800 esse
629 3746 820 3801 dicetis
850 3756 1012 3815 atque
1040 3746 1113 3800 ita
1154 3755 1213 3801 ut
1258 3748 1310 3803 in
1356 3749 1513 3805 nobis
1553 3749 1901 3816 intellectam,
1948 3768 2053 3822 quo

482 3846 636 3905 pacto
665 3840 825 3890 etiam
861 3837 987 3892 hinc
1018 3840 1271 3894 statuetis
1304 3840 1620 3895 dissimilem
1650 3856 1771 3896 esse
1802 3843 2051 3898 volunta-

484 3940 588 3981 tem
614 3926 804 3981 Patri?
828 3925 960 3982 Nam
1000 3929 1044 3981 si
1076 3929 1149 3981 ita
1178 3938 1284 3993 est,
1322 3930 1592 3985 videbitur
1626 3929 1783 3984 Pater
1824 3930 2055 3989 voluisse

483 4032 601 4087 qua:
632 4020 732 4072 sibi
762 4019 982 4073 minime
1007 4020 1337 4074 conveniunt
1368 4037 1379 4075 :
1413 4022 1563 4089 quod
1589 4022 1671 4077 vel
1701 4022 1814 4077 sola
1849 4024 2052 4095 cogita-

486 4114 629 4165 tione
656 4109 945 4164 absurdum
976 4120 1079 4165 est.

1158 4200 1384 4257 ALIUD.

556 4297 854 4385 Ratioipsa
882 4330 976 4369 vos
996 4294 1152 4385 coget
1184 4294 1251 4370 ut
1269 4318 1431 4371 etiam
1464 4318 1617 4372 inviti
1644 4312 1779 4373 Filio
1811 4294 2053 4373 si'miiituo

484 4407 662 4461 dinem
690 4420 811 4459 cum
848 4405 1009 4459 Patre
1050 4407 1317 4461 tribuatis.
1345 4409 1776 4462 Demonstratum
1803 4410 1944 4463 enim
1970 4420 2053 4463 est

2150 1932 2217 2000 τῇ
2248 1928 2442 1982 ἑαυτοῦ
2471 1929 2724 1998 ἀνόμοιος
2753 1930 2782 1981 6
2811 1929 3023 1999 Πατήρ.
3073 1927 3243 1981 Τοῦτο
3268 1927 3379 1997 γὰρ
3406 1928 3470 1979 ὲκ
3504 1924 3597 1978 τοῦ
3634 1923 3726 1977 λό-

2152 2036 2251 2088 γου
2283 2020 2575 2088 συνάγεται
2615 2020 2675 2071 τὸ
2719 2019 2993 2090 ἀσέϐημα.
3030 2020 3140 2071 Καὶ
3170 2020 3219 2071 εί
3262 2016 3624 2071 ὲνυπόστατόν
3671 2030 3728 2067 τι

2151 2110 2251 2182 τὴν
2280 2109 2531 2181 βούλησιν
2556 2106 2693 2165 εἷναί
2725 2127 2883 2179 φατε,
2908 2112 3021 2163 ἐστι
3048 2128 3101 2162 τι
3134 2110 3351 2172 πάντως
3385 2109 3441 2160 ἐν
3469 2110 3534 2177 τῇ
3568 2105 3728 2175 οὐσία

2152 2204 2247 2260 τοῦ
2269 2203 2405 2257 Θεοῦ
2435 2204 2495 2256 τὸ
2530 2202 2782 2271 ἀνόμοιον
2808 2201 2995 2255 αὐτοῦ.
3032 2201 3144 2253 Καὶ
3172 2198 3331 2253 τοῦτο
3360 2199 3467 2266 γὰρ
3500 2199 3528 2250 6
3570 2194 3728 2263 λόγος

2154 2296 2577 2367 προσομολογεῑν
2618 2294 2763 2365 ὑμᾶς
2795 2293 3114 2361 ἀναγκάσει.
3165 2290 3302 2345 Ἀλλ’
3325 2286 3523 2345 ’ἐνθάδε
3562 2287 3729 2359 ζητη-

2153 2386 2274 2440 τέον
2320 2386 2421 2455 τῆς
2452 2386 2834 2455 ἀνομοιότητος
2882 2384 2974 2436 τὸν
3014 2383 3235 2455 τρόπον,
3285 2382 3351 2453 ἣν
3388 2384 3423 2452 ή
3475 2380 3727 2450 βούλησις

2156 2476 2269 2546 ἔχει
2302 2476 2439 2546 πρὸς
2458 2474 2548 2528 τὸν
2577 2473 2813 2544 Πατέρα.
2849 2472 2910 2526 Ei
2934 2473 3033 2543 μὲν
3058 2473 3165 2544 γὰρ
3191 2472 3265 2536 ὡς
3298 2472 3532 2525 ἐλάττων
3558 2469 3724 2523 αὑτοῦ

2156 2567 2299 2620 κατά
2334 2583 2389 2618 τι
2415 2566 2776 2635 τυγχάνουσα,
2812 2563 2911 2634 τήν
2937 2565 3228 2635 ὁμοιότητα
3256 2564 3355 2634 τὴν
3398 2563 3534 2632 πρὸς
3564 2561 3726 2614 αὑτὸν

2151 2656 2252 2709 οὑκ
2284 2655 2420 2726 ἔχει,
2445 2652 2507 2707 τὸ
2534 2653 2899 2723 προεληλυθὸς
2930 2654 2994 2707 ὲκ
3020 2654 3117 2723 τῆς
3147 2654 3334 2716 οὐσίας
3362 2651 3456 2706 τοῦ
3490 2652 3723 2724 Πατρός,

2149 2750 2330 2817 χεῖρον
2382 2745 2546 2799 αὑτοῦ
2600 2745 2694 2797 καὶ
2749 2742 3001 2797 ἔλαττον·
3052 2745 3113 2797 οὐ
3168 2743 3278 2814 γὰρ
3329 2742 3546 2807 ἔξωθεν,
3604 2742 3725 2794 οὐδὲ

2153 2838 2473 2890 ἐπείσακτον
2518 2838 2551 2906 ὴ
2602 2833 2876 2905 βούλησις,
2904 2833 3017 2887 ἀλλ’
3055 2834 3113 2899 ἐξ
3140 2833 3307 2887 αὑτοῦ
3335 2833 3431 2887 καὶ
3464 2834 3522 2886 ὲν
3553 2832 3722 2900 αὐτῷ.

2155 2930 2229 2983 Τὸ
2259 2930 2315 2983 δὲ
2344 2930 2561 3000 χείρονα
2588 2930 2816 2991 τίκτειν,
2858 2926 2978 2979 οὐδὲ
3008 2930 3120 2991 τοῖς
3148 2926 3382 2997 γενητήν
3415 2925 3598 2996 ἔχουσι
3625 2925 3726 2995 τὴν

2157 3022 2317 3091 φύσιν
2345 3018 2453 3075 οἶδε
2482 3021 2819 3091 συμϐαίνειν.
2848 3018 2980 3074 Οὐδὲ
3007 3018 3114 3089 γὰρ
3145 3018 3429 3088 ἄνθρωπος
3454 3018 3641 3081 ἕτερόν
3671 3035 3725 3072 τι

2157 3117 2407 3186 γεννήσει
2435 3115 2565 3185 παρ’
2589 3115 2726 3183 ὅπερ
2746 3113 2892 3165 ἐστὶν
2922 3111 3084 3174 αὑτός
3105 3125 3118 3138 ⁸
3151 3109 3265 3163 ἀλλ’
3298 3110 3419 3163 οὐδὲ
3448 3110 3632 3179 ἕτερόν
3669 3127 3725 3163 τι

2154 3206 2262 3259 τῶν
2289 3206 2498 3274 ἀλόγων
2531 3203 2705 3268 ζώων.
2761 3205 2825 3257 Ei
2870 3204 2949 3265 δὲ,
2995 3204 3132 3273 ὅπερ
3164 3202 3225 3255 οὺ
3270 3201 3488 3272 θεμιτὸν
3523 3201 3724 3271 λέγειν,

2156 3299 2250 3352 ἐπὶ
2277 3297 2338 3351 τὸ
2375 3298 2556 3367 μεῖζον
2584 3297 2729 3367 ἔχειν
2764 3313 2818 3348 τι
2846 3295 3130 3367 δραμοῦσα
3161 3292 3256 3346 τοῦ
3291 3295 3500 3365 Πατρός
3538 3297 3573 3365 ή
3604 3293 3727 3365 βού-

2155 3390 2310 3460 λησις
2330 3388 2493 3443 αὐτοῦ
2517 3388 2615 3458 τήν
2648 3389 2786 3460 πρὸς
2826 3387 2985 3442 αὑτὸν
3017 3386 3377 3458 ἀνομοιότητα
3404 3386 3540 3438 κατά
3571 3384 3728 3440 τοῦτο

2157 3484 2331 3553 φορεῖ,
2374 3480 2449 3542 ὼς
2481 3480 2618 3551 πρὸς
2666 3480 2922 3533 ἔιλῡὶτῖτῡνα
2972 3480 3005 3549 ἢ
3052 3477 3193 3533 κατά
3233 3494 3287 3531 τι
3326 3478 3562 3549 χείρονα,
3610 3477 3728 3540 πῶς

2154 3572 2255 3624 οὐκ
2281 3570 2477 3633 ἀσεϐὲς
2507 3569 2689 3638 μεῖζόν
2728 3585 2779 3621 τι
2810 3567 2905 3620 καὶ
2934 3570 3179 3639 κρεῖττον
3220 3566 3314 3620 τοῦ
3347 3566 3557 3637 Πατρός
3586 3563 3725 3620 εἶναι

2154 3661 2368 3729 λέγειν;
2399 3660 2461 3713 Ei
2506 3660 2563 3712 δὲ
2599 3659 2735 3730 μήτε
2771 3658 2928 3711 τοῦτο
2959 3656 3180 3723 δώσετε,
3229 3660 3365 3730 μήτε
3399 3660 3595 3723 ἐκεῖνο,
3640 3660 3729 3713 ἀν-

2155 3753 2450 3807 υπόστατόν
2496 3768 2557 3804 τε
2608 3751 2705 3821 τὴν
2740 3749 2993 3820 βούλησιν
3030 3746 3167 3802 εἶναι
3218 3749 3583 3821 ὁμολογήσετε
3630 3753 3727 3804 καὶ

2154 3843 2297 3896 οὕτω
2348 3842 2640 3912 νοουμένην
2691 3839 2880 3910 ὥσπερ
2928 3838 3013 3908 ἐφ’
3052 3839 3230 3911 ἡμῶν,
3278 3840 3394 3903 πῶς
3447 3841 3724 3896 κάνταῦθα

2156 3936 2349 4008 θήσετε
2374 3934 2622 4003 ἀνόμοιον
2643 3928 2779 3986 εἶναι
2802 3932 2901 4002 τήν
2929 3929 3183 4003 βούλησιν
3200 3931 3277 4003 τῷ
3298 3934 3507 4003 Πατρί;
3531 3934 3725 3988 Ἔσται

2154 4030 2283 4098 γὰρ,
2315 4028 2383 4082 ἂν
2425 4026 2595 4087 οὕτως
2632 4024 2750 4096 ἔχῃ,
2790 4022 2859 4076 τὰ
2895 4022 3072 4093 ἑαυτῷ
3108 4024 3183 4095 μὴ
3222 4023 3496 4095 πρέποντα
3533 4020 3722 4100 βουληι

2155 4119 2267 4180 Θε-ίς
2290 4137 2301 4149 ·
2336 4121 2471 4188 amp
2497 4117 2614 4169 ἐστὶ
2646 4115 2739 4168 καὶ
2767 4114 2926 4185 μόνον
2955 4116 3156 4166 ἐννοεῖν
3195 4114 3562 4173 ἀτοπώτατον.

2844 4202 3029 4256 ΔΛΛο
3039 4244 3052 4257 .

2236 4318 2292 4369 '0
2322 4298 2476 4382 λόγος
2516 4300 2814 4381 ἀναγκάσει
2860 4298 2954 4366 καὶ
2982 4313 3214 4377 ἄκοντας
3244 4316 3409 4384 ὑμᾶς⁵
3432 4304 3726 4395 δοῦναιίτῷ

2154 4396 2266 4479 Υἱῷ
2293 4409 2390 4479 τὴν
2425 4407 2717 4475 ὁμοιότητα
2760 4405 2859 4475 τὴν
2894 4405 3047 4475 πρὸς
3069 4404 3161 4458 τὸν
3192 4405 3431 4477 Πατέρα.
3480 4400 3721 4479 Ἑδείχθη

484 4496 928 4551 absurdissimum
960 4510 1101 4560 esse,
1151 4496 1193 4549 si
1226 4498 1347 4564 quis
1391 4499 1577 4552 credat
1617 4498 1784 4552 Deum
1820 4500 2050 4556 voluisse

2155 4499 2258 4569 γὰρ
2287 4497 2405 4549 λίαν
2433 4498 2777 4547 ἀτοπώτατον
2804 4493 2863 4546 ὃν
2894 4495 2954 4545 τὸ
2987 4492 3280 4559 πιστεύειν,
3328 4494 3398 4547 τὰ
3446 4496 3523 4565 μὴ
3572 4497 3723 4567 αὑτῴ

484 4602 548 4641 ca
574 4602 692 4656 qua:
724 4586 825 4641 sibi
867 4600 1201 4656 nequaquam
1246 4589 1594 4653 conveniunt,
1638 4592 1710 4643 ita
1747 4601 1805 4644 ut
1833 4606 2049 4646 necesse

2155 4588 2429 4658 πρέποντα
2461 4583 2815 4653 βεϐουλῆσθαι
2842 4581 2995 4644 Θεὸν,
3025 4582 3099 4645 ὼς
3138 4583 3383 4654 ἀνάγκην
3421 4581 3561 4639 εἶναι
3610 4589 3723 4639 πᾶ-

483 4680 703 4735 omnino
736 4678 808 4732 sit
851 4678 1175 4732 voluntatem
1214 4694 1364 4732 suam
1406 4680 1636 4735 similem
1673 4680 1773 4735 sibi
1816 4696 1958 4739 esse.
1989 4682 2045 4737 Si

483 4789 611 4842 ergo
642 4771 884 4826 voluntas
917 4770 1106 4823 similis
1135 4780 1218 4825 est
1254 4770 1419 4836 Patri,
1454 4771 1620 4825 Filius
1651 4782 1829 4827 autem
1862 4774 2049 4828 volun-

486 4866 581 4919 tati
614 4882 629 4918 :
662 4864 766 4917 erit
786 4864 1086 4917 necessario
1111 4864 1305 4916 tertius
1328 4863 1521 4917 similis
1549 4865 1740 4933 primo.
1775 4864 2046 4933 Namqua:

485 4956 537 5009 in
558 4956 731 5009 medio
749 4956 917 5024 posita
932 4964 1011 5009 est
1028 4953 1293 5015 voluntas,
1307 4953 1415 5024 63
1430 4955 1724 5009 naturalem
1738 4954 2047 5009 similitudi-

485 5061 608 5101 nem
636 5045 749 5113 ejus
779 5048 867 5113 qui
889 5060 1006 5100 eam
1033 5045 1199 5114 gignit
1223 5046 1554 5113 exprimens,
1579 5046 1722 5099 dedit
1746 5061 1862 5099 eam
1892 5044 2043 5110 Filio,

480 5134 633 5203 juxta
664 5147 893 5189 vestram
918 5135 1241 5190 sententiam
1268 5151 1282 5187 :
1312 5138 1411 5188 hac
1435 5134 1597 5203 igitur
1620 5138 1824 5189 ratione
1851 5137 2043 5190 similis

487 5227 631 5281 Patri
654 5226 840 5289 Filius,
866 5226 1028 5279 etiam
1060 5228 1365 5281 uolentibus
1392 5226 1561 5289 vobis,
1596 5226 2043 5295 deprehendetur.

485 5322 617 5373 llum
650 5333 777 5373 vero
818 5317 1118 5372 intermedii
1155 5317 1284 5370 nihil
1318 5320 1389 5370 sit
1434 5317 1574 5369 inter
1612 5316 1819 5371 Patrem
1859 5332 1913 5372 et
1954 5318 2045 5371 Fi-

489 5412 635 5476 lium,
680 5408 913 5463 cessabit
953 5410 1169 5462 omnino
1203 5418 1257 5461 et
1291 5423 1684 5477 supervacanea
1722 5408 1827 5460 erit
1871 5417 2044 5462 vestra

486 5505 551 5555 de
579 5502 861 5556 uoluntate
902 5501 1037 5553 ratio
1076 5518 1089 5555 :
1144 5501 1392 5566 nulloque
1438 5497 1825 5550 interveniente
1879 5497 2045 5552 Filius

486 5596 588 5650 erit
621 5594 930 5649 immediate
958 5593 1247 5646 secundum
1282 5600 1528 5643 naturam
1560 5588 1750 5643 similis
1783 5589 1947 5643 l’atri.

1141 5701 1365 5756 ALIUD.

558 5796 804 5858 Christus
831 5800 884 5857 in
914 5799 1191 5860 Scriptura
1226 5805 1442 5852 vocatur
1489 5794 1725 5865 potentia
1750 5803 1803 5851 et
1836 5793 2046 5860 sapien-

2155 4698 2253 4734 σαν
2296 4680 2534 4731 ἐοικυῖαν
2572 4676 2719 4746 αὐτῷ
2766 4675 2863 4748 τὴν
2912 4676 3167 4748 βούλησιν
3214 4679 3380 4733 αὐτοῦ
3425 4680 3620 4749 λέγειν.
3657 4684 3722 4737 Εἰ

2150 4772 2327 4823 τοίνυν
2356 4772 2390 4838 ἡ
2436 4768 2531 4839 μὲν
2574 4766 2825 4837 βούλησις
2853 4766 2995 4820 ἔοικε
3023 4767 3099 4837 τῷ
3135 4768 3330 4841 Πατρὶ,
3360 4771 3388 4821 ό
3418 4770 3473 4822 δὲ
3499 4770 3626 4835 Υἱὸς
3651 4776 3720 4843 τῇ

2154 4860 2424 4930 βουλήσει,
2452 4858 2604 4912 ἔσται
2630 4858 2842 4922 πάντως
2872 4861 2900 4912 ό
2926 4858 3109 4929 τρίτος
3139 4859 3215 4927 τῷ
3246 4860 3445 4931 πρώτῳ
3475 4879 3723 4932 προσεοι-

2153 4948 2280 5012 κώς.
2327 4949 2393 5001 Ἠ
2426 4948 2533 5018 γὰρ
2561 4949 2619 5000 ὲν
2646 4946 2723 5017 τῷ
2764 4948 2913 5017 μέσῳ
2942 4949 3169 5020 κειμένη
3201 4949 3472 5020 βούλησις,
3505 4953 3602 5020 τὴν
3623 4939 3719 5005 τοῦ

2149 5039 2403 5115 τεκόντος
2455 5038 2617 5092 αὑτὸν
2670 5039 2906 5108 φυσικὴν
2956 5041 3253 5109 ἐμφέρειαν
3297 5038 3718 5113 ἀναμαξαμένη,

2151 5132 2379 5185 δέδωκεν
2422 5129 2595 5200 αὐτὴν
2647 5129 2724 5198 τῷ
2764 5129 2897 5200 Υἱῴ,
2948 5130 3068 5183 καθ’
3104 5132 3274 5201 ὑμᾶς·
3322 5132 3462 5186 οὕτω
3499 5132 3597 5202 μὲν
3626 5130 3721 5187 οὖν

2149 5224 2227 5293 τῷ
2257 5223 2432 5293 Πατρὶ
2479 5220 2831 5291 προσεοικὼς,
2869 5223 2962 5275 καὶ
2994 5221 3067 5293 μὴ
3112 5222 3450 5293 βουλομένων
3485 5224 3658 5295 ὑμῶν,
3691 5228 3722 5277 6

2153 5313 2279 5376 Υἱὸς
2297 5312 2681 5384 εὑρεθήσεται.
2724 5311 2939 5382 Ἐπειδὴ
2986 5311 3041 5364 δὲ
3084 5311 3235 5364 οὐδέν
3268 5314 3381 5363 ἐστι
3412 5312 3474 5363 τὸ
3517 5312 3720 5381 μεταξὺ

2153 5402 2361 5478 Πατρός
2401 5402 2494 5454 καὶ
2525 5397 2677 5463 Υἱοῦ,
2712 5401 2943 5470 ἀργήσει
2995 5402 3092 5471 μὲν
3137 5402 3355 5464 πάντως
3386 5404 3415 5454 6
3446 5402 3576 5473 περὶ
3618 5406 3720 5473 τῆς

2155 5494 2457 5568 βουλήσεως
2512 5492 2702 5560 λόγος,
2757 5494 2852 5545 καλ¹
2902 5494 3114 5556 οὐδενὸς
3164 5493 3243 5546 ἔτι
3297 5493 3721 5562 μεσολαϐοῦντος

2154 5587 2433 5657 προσεχῶς
2459 5588 2486 5639 ὁ
2520 5586 2643 5648 Υἱὸς
2676 5585 2826 5637 ἔσται
2855 5585 2995 5638 κατὰ
3031 5588 3191 5653 φύσιν
3212 5586 3393 5655 ἔμοιος
3416 5585 3494 5661 τῷ
3524 5587 3721 5659 Πατρί.

2836 5700 3037 5752 ΛΛΛΟ.

2216 5795 2531 5868 Τέγραπται
2559 5793 2794 5863 Χριστὸς
2819 5791 2953 5846 Θεοῦ
2984 5790 3210 5863 δύναμις
3241 5792 3333 5847 καὶ
3362 5790 3497 5846 Θεοῦ
3539 5789 3723 5860 ascia.
