4012 6338
306 409 406 463 N5

1718 387 2168 444 TllESAUllUS.

3465 392 3568 448 106

304 521 363 572 Ei
387 519 561 571 τοίνυν
597 518 627 587 ἡ
660 514 923 586 βούλησις
966 516 1058 569 τοῦ
1101 514 1310 585 Πατρὸς
1346 508 1740 583 χαρακτηρίζει
1772 510 1862 575 τήι

1991 507 2061 559 tia
2094 506 2185 561 Dei
2213 506 2279 560 ⁸³.
2311 506 2367 561 Si
2397 521 2526 575 ergo
2568 508 2820 562 voluntas
2871 509 2961 563 Dei
3015 508 3269 577 eXprimit
3318 521 3382 561 ac
3420 517 3569 561 uetat

300 625 357 660 τε
403 608 626 677 δύναμιν
675 608 773 658 καὶ
827 607 1017 675 σοφίαν
1068 604 1255 669 αὐτοῦ,
1297 603 1544 656 τουτέστι
1587 601 1678 653 τὸν
1726 600 1872 666 Υἱὸν,

300 701 511 769 ἀνάγκη
549 700 696 751 πᾶσα
746 699 822 769 μὴ
873 697 1128 769 ἀνομοίαν
1160 696 1331 765 αὐτὴν
1384 691 1521 748 εἶναι
1570 693 1750 764 λέγειν
1798 691 1875 761 τῷ

299 792 493 860 Πατρὶ,
531 790 615 842 ἴνα
650 791 725 859 μὴ
758 790 1013 859 φαίνηται
1045 788 1273 857 δύναμιν
1308 787 1399 841 καὶ
1438 786 1640 856 σοφίαν
1671 786 1808 855 ἔχων
1845 787 1874 837 6

300 882 488 951 Πατὴρ
516 881 615 949 οὐχ
642 880 838 951 ὁμοίαν
874 879 1070 949 ἑαυτῷ.
1108 878 1171 933 El
1220 878 1277 932 δὲ
1327 878 1507 941 τοῦτο,
1554 877 1738 931 λοιπὸν
1789 878 1874 932 ἐν·

296 970 585 1022 νοείτωσαν
622 970 672 1021 oi
710 969 1067 1046 χριπομάχοι
1105 969 1207 1039 τῆς
1253 968 1462 1022 ἑαυτῶν
1508 967 1767 1029 ἀϐουλίας
1813 967 1875 1019 τὸ

297 1058 545 1129 μέγεθος.
602 1060 1031 1132 Παραιτούμινοι
1077 1061 1185 1131 γὰρ
1236 1061 1331 1119 ἕνα
1388 1060 1517 1113 ὄντα
1569 1060 1660 1112 τὸν
1724 1060 1868 1124 Υίὸν,

291 1150 477 1219 ὅμοιον
516 1146 652 1210 εἶναι
686 1150 865 1218 λέγειν
892 1151 970 1222 τῷ
1002 1152 1196 1223 Πατρὶ,
1236 1151 1330 1206 δύο
1356 1151 1673 1213 δεδώκασιν.
1714 1151 1873 1220 εἴπερ

291 1237 432 1299 εἷναί
477 1260 531 1296 τι
575 1242 675 1311 τήν
713 1240 965 1314 βούλησιν
1004 1242 1223 1313 ἐροῦσιν
1262 1243 1644 1301 ἐνυπόστατον.
1704 1244 1766 1296 El
1816 1243 1872 1296 δὲ

290 1333 657 1395 ἀνυπόστατός
684 1332 850 1398 ἐστιν,
875 1334 974 1387 οὐκ
1002 1334 1154 1387 ἔσται
1188 1333 1471 1406 χαρακτὴρ
1503 1334 1597 1387 τοῦ
1630 1334 1871 1403 ὑφεστῶ-

288 1442 380 1489 τος
425 1427 486 1480 τὸ
541 1425 617 1495 μὴ
667 1424 993 1495 ὑφεστηκὸς,
1038 1428 1161 1481 κατ’
1189 1427 1324 1482 αὐτὸ
1374 1427 1439 1502 δὴ
1477 1426 1635 1481 τοῦτο
1682 1425 1745 1489 τὸ
1794 1426 1869 1497 μὴ

289 1516 674 1590 ὑφεστηκέναι.

975 1634 1155 1686 ᾹΛΔΟ

355 1737 439 1794 Τά
479 1739 579 1811 τὴν
621 1743 790 1813 αὐτὴν
830 1720 1111 1815 ἐνέργειαν
1157 1742 1347 1815 ἔχοντα
1396 1744 1491 1797 καὶ
1523 1745 1640 1805 ταῖς
1677 1743 1867 1805 αὐταῖς

281 1828 548 1901 δυνάμεσι
584 1834 842 1901 φυσικαῖς
882 1834 1328 1905 ἀποκεχρημένα,
1375 1834 1475 1905 τῆς
1517 1834 1686 1903 αὐτῆς
1728 1832 1866 1889 εἶναι

286 1919 507 1984 πάντως
556 1922 749 1987 οὐσίας
797 1922 1115 1992 ἀναγκαῖον.
1174 1924 1340 1978 Οὐδὲν
1392 1924 1501 1995 γὰρ
1550 1924 1659 1980 τῶν
1703 1924 1870 1979 ὄντων

284 2009 421 2081 πρὸς
447 2010 511 2063 τὸ
542 2013 857 2084 ἐτερογενὲς
886 2015 980 2072 καὶ
1012 2016 1321 2088 ἑτερούσιον
1353 2015 1453 2080 τὰς
1493 2017 1662 2080 αὐτὰς
1690 2017 1870 2088 ἀπαρ-

283 2099 569 2165 αλλάκτως
595 2105 819 2176 φορέσει
858 2105 1117 2176 δυνάμεις
1165 2123 1224 2161 τε
1275 2106 1371 2167 καὶ
1418 2106 1735 2179 ἐνεργείας·
1775 2125 1867 2161 κε-

283 2193 551 2263 χρήσεται
580 2192 637 2246 δὲ
668 2195 853 2264 μόνοις
900 2198 1011 2260 τοῖς
1043 2198 1179 2261 [σοις
1226 2197 1477 2269 ίδιώμασι
1518 2198 1587 2251 τὰ
1619 2199 1748 2270 μίαν
1777 2198 1870 2252 λα-

282 2298 446 2351 χυντα
481 2282 581 2360 τὴν
615 2285 776 2352 φύσιν
798 2303 812 2316 ο
844 2280 924 2349 οἷς
955 2283 1013 2345 δὲ
1043 2286 1157 2359 ἠὲν
1196 2291 1261 2361 τῇ
1290 2289 1446 2359 οὐσίᾳ
1473 2290 1720 2361 κοινότης
1747 2290 1865 2360 μία,

278 2374 494 2440 τούτοις
546 2377 907 2450 ἀκολουθήσει
948 2381 1044 2434 καὶ
1080 2381 1142 2434 τὸ
1197 2381 1452 2453 ἀλλήλοις
1503 2382 1642 2435 κατά
1690 2383 1868 2437 πάντα

281 2469 688 2540 προσεοικέναι.
726 2468 792 2522 Ei
832 2471 1010 2525 τοίνυν
1062 2473 1162 2543 μία
1210 2474 1308 2545 μὲν
1356 2473 1604 2545 ἐνέργεια
1654 2475 1869 2547 Πατρὸς

282 2557 377 2611 καὶ
410 2556 568 2626 Tios,
613 2562 645 2629 ἡ
698 2560 836 2633 αὐτὴ
865 2562 921 2615 δὲ
958 2562 1186 2635 δύναμις
1216 2565 1275 2617 ὲν
1319 2567 1486 2619 πᾶσιν
1519 2568 1735 2637 ὁρᾶται,
1768 2569 1867 2641 οὐχ

278 2649 596 2721 ἕτερούσιος
641 2652 717 2716 ὡς
764 2653 900 2724 πρὸς
951 2654 1151 2726 ἑαυτὴν
1206 2656 1238 2725 ή
1289 2655 1440 2719 δυάς.
1489 2657 1552 2709 Ei
1588 2656 1645 2711 δὲ
1684 2657 1863 2725 τοῦτο,

278 2740 506 2819 φορέσει
552 2743 771 2808 πάντως
817 2745 913 2797 καὶ
956 2746 1056 2816 τὴν
1103 2747 1393 2819 ὁμοιότητα
1443 2749 1539 2802 τοῦ
1588 2750 1801 2822 Πατρὸς
1838 2752 1867 2802 6

281 2830 431 2897 Υἱὸς,
466 2833 543 2898 ὡς
575 2834 876 2907 ὀμοούσιος,
929 2838 1023 2891 καὶ
1067 2838 1167 2892 οὐκ
1212 2838 1361 2891 ἔσται
1408 2843 1506 2915 τῆς
1560 2840 1865 2911 βουλήσεως

281 2924 467 2979 εἰκών.

974 3046 1175 3101 ΑΛΛΟ.

352 3153 415 3209 El
446 3154 550 3209 ὅσα
588 3154 899 3225 βουλεύεται
939 3160 968 3212 ὁ
1011 3158 1143 3223 Θεὸς
1177 3163 1269 3215 καὶ
1302 3164 1511 3234 Πατὴρ,
1538 3163 1710 3218 ταῦτα
1738 3164 1861 3235 βουσ-

1990 597 2287 666 pmentiam
2326 607 2382 651 et
2427 599 2752 666 sapientiam
2829 613 3020 663 suam,
3075 599 3179 653 hoc
3223 608 3307 653 est
3354 598 3570 660 Filium,

1988 689 2359 745 necessarium
2394 688 2552 757 plane
2592 697 2677 743 est
2712 700 2767 742 ut
2798 704 2917 743 eam
2949 704 3055 741 non
3088 686 3393 743 absimilem
3428 685 3571 739 Patri

1985 794 2108 835 esse
2139 781 2411 843 dicamus,
2456 795 2522 833 ne
2559 780 2805 834 videnlur
2834 778 2996 833 Pater
3043 778 3246 833 habere
3278 778 3570 845 potentiam

1984 882 2038 927 et
2068 871 2389 939 sapientiam
2415 886 2484 939 qu
2507 886 2551 925 τε
2586 886 2691 925 non
2725 872 2795 925 sit
2826 871 3023 926 similis
3052 869 3154 923 sibi
3191 869 3312 937 ipsi.
3340 867 3491 935 Quod
3524 868 3568 920 si

1984 964 2056 1017 ita
2092 972 2196 1028 est,
2235 960 2541 1031 intelligant
2576 962 2795 1016 tandem
2830 961 3019 1016 hostes
3044 960 3248 1015 Christi
3280 958 3568 1013 dementia:

1983 1069 2097 1111 suae
2131 1055 2579 1125 magnitudinem.
2600 1054 2735 1108 Cum
2768 1054 2911 1108 enim
2940 1062 3196 1120 recusent
3228 1050 3446 1114 Filium,
3475 1049 3567 1118 qui

1984 1160 2123 1199 unus
2148 1154 2249 1209 est,
2291 1144 2437 1200 Patri
2473 1145 2705 1200 similem
2735 1144 2937 1209 dicere,
2968 1144 3104 1199 duos
3139 1142 3560 1205 constituerunt,

1981 1240 2029 1294 si
2075 1239 2404 1292 voluntatem
2433 1253 2529 1306 per
2567 1251 2627 1292 se
2658 1236 2955 1293 subsistere
2975 1234 3180 1290 volunt.
3212 1234 3283 1289 At
3309 1248 3429 1287 cum
3471 1246 3565 1283 v0-

1983 1329 2162 1385 luntas
2193 1343 2291 1399 per
2316 1344 2375 1384 se
2400 1343 2509 1383 non
2543 1328 2829 1393 subsistat,
2862 1342 2968 1382 non
3004 1326 3109 1381 erit
3136 1326 3422 1381 character
3448 1323 3568 1391 ejus

1980 1425 2122 1491 quod
2151 1420 2400 1477 subsistit
2432 1422 2482 1474 id
2514 1422 2658 1489 quod
2684 1435 2795 1475 non
2828 1419 3098 1484 subsistit,
3122 1433 3187 1473 ea
3215 1418 3331 1488 ipsa
3356 1417 3567 1471 ratione

1978 1514 2121 1587 quod
2154 1527 2260 1569 nou
2288 1512 2558 1569 subsistit.

2658 1626 2885 1684 ALIUD.

2048 1738 2180 1807 Quae
2202 1742 2446 1796 eamdem
2476 1742 2675 1797 habent
2701 1743 2969 1797 actionem
3002 1740 3305 1809 iisdemque
3336 1746 3561 1793 natura-

1978 1829 2117 1886 libus
2154 1830 2505 1887 facultatibus
2549 1840 2778 1886 utuutur
2804 1873 2819 1896 ,
2864 1831 3107 1900 ejusdem
3154 1832 3409 1888 essentia:
3452 1830 3564 1883 siut

1977 1933 2199 1974 necesse
2228 1927 2333 1975 est.
2365 1918 2505 1975 Nihil
2533 1922 2676 1976 enim
2708 1936 2895 1977 eorum
2925 1936 3044 1989 quae
3077 1925 3129 1975 iu
3157 1934 3336 1987 rerum
3368 1928 3561 1974 natura

1975 2012 2267 2079 exsistunt,
2299 2016 2516 2069 easdem
2546 2016 2752 2085 absque
2784 2016 2891 2080 ulla
2924 2015 3229 2072 diﬂ‘erentia
3276 2014 3566 2071 facultates

1974 2104 2329 2173 actionesque
2368 2105 2513 2169 edet,
2564 2122 2687 2169 cum
2735 2121 2800 2163 eo
2851 2107 2993 2185 quod
3026 2122 3227 2185 genere
3274 2117 3437 2178 atque
3472 2123 3561 2164 cs-

1974 2193 2148 2246 sentia
2176 2193 2400 2262 diaert;
2435 2204 2661 2255 utentur
2698 2210 2827 2255 vero
2855 2210 2918 2259 ea
2950 2206 3161 2252 tantum
3202 2198 3396 2255 iisdem
3431 2214 3561 2271 pro-

1973 2282 2458 2354 prietatibus,_qute
2492 2301 2596 2340 una
2627 2296 2791 2356 atque
2820 2289 3009 2343 eadem
3036 2289 3265 2360 praedita
3300 2302 3431 2354 sunt
3459 2307 3562 2347 na-

1974 2384 2136 2428 tura:
2174 2385 2228 2430 at
2262 2364 2465 2445 quibus
2500 2392 2604 2432 una
2636 2380 2863 2451 contigit
2892 2381 3149 2436 essentia:
3190 2384 3446 2450 sociems,
3492 2398 3557 2439 ea

1971 2465 2137 2518 etiam
2177 2466 2433 2522 omnibus
2468 2467 2669 2521 similia
2706 2469 2849 2525 inter
2882 2484 2941 2524 se
2966 2478 3147 2526 erunt.
3178 2470 3234 2526 Si
3280 2488 3412 2552 ergo
3450 2489 3555 2527 una

1972 2562 2056 2608 est
2085 2553 2331 2622 operatio
2381 2554 2560 2612 Patris
2596 2568 2650 2613 et
2681 2558 2828 2626 Filii,
2871 2561 3175 2635 eademque
3217 2564 3462 2637 p0teutia
3501 2563 3555 2617 iu

1972 2645 2224 2700 omnibus
2254 2646 2523 2711 cernitur,
2567 2658 2677 2703 non
2718 2658 2802 2705 est
2832 2650 3066 2707 dualitas
3102 2654 3334 2716 diversa:
3373 2668 3559 2710 essen-

1974 2738 2083 2794 tiaa.
2108 2738 2177 2793 Et
2199 2740 2243 2793 si
2275 2740 2346 2794 ita
2375 2750 2483 2809 est,
2505 2742 2738 2811 gestabit
2762 2745 2987 2805 omnino
3007 2745 3420 2812 similitudinem
3451 2746 3556 2802 Pa-

1972 2829 2072 2885 tris
2117 2829 2306 2898 Filius,
2356 2842 2415 2887 ut
2453 2835 2969 2908 consubstantialis;
3009 2851 3186 2907 neque
3226 2839 3331 2893 erit
3376 2840 3558 2911 imago

1972 2919 2284 2987 voluntatis.

2643 3044 2877 3103 ALIUD.

2041 3149 2096 3205 Si
2124 3166 2463 3224 quaecunque
2506 3157 2698 3212 statuit
2732 3157 2874 3215 Deus
2902 3170 2962 3215 et
2995 3162 3176 3229 Pater,
3203 3166 3393 3220 eadem
3439 3176 3553 3222 sta-

280 3244 499 3301 λεύεται
542 3222 637 3302 καὶ
672 3251 701 3302 6
730 3249 856 3314 Υίὸς
885 3251 1135 3323 (οὐδεμία
1169 3255 1280 3326 γάρ
1327 3222 1515 3321 στάὲίξ
1549 3257 1580 3327 ἢ
1626 3222 1862 3329 διχόνοια

1973 3244 2071 3298 ιιιίι
2100 3257 2155 3298 et
2180 3243 2351 3301 Filius
2375 3246 2546 3317 (nulla
2572 3250 2719 3303 enim
2758 3250 3027 3307 dissensio
3058 3256 3109 3308 in
3146 3271 3251 3309 una
3282 3266 3336 3310 et
3363 3258 3546 3312 incor—

279 3341 525 3409 χωρήσει
554 3339 686 3392 ποτὲ
719 3341 777 3392 ὲν
803 3343 868 3412 τῇ
904 3342 1002 3414 μιᾷ
1044 3344 1138 3397 καὶ
1168 3344 1419 3416 ἀχράντῳ
1448 3347 1683 3417 Τριάδι),
1710 3351 1863 3402 ποῖον

280 3428 391 3495 list
437 3429 607 3483 τόπον
651 3432 1013 3496 ὲνυπύστατος
1063 3433 1337 3505 βούλησις,
1393 3437 1577 3506 τρίτον
1624 3438 1861 3507 ἀποφαί-

281 3539 443 3576 νουσα
477 3522 572 3576 τδν
593 3522 720 3576 Υίὸν
740 3522 831 3577 τὸν
860 3526 1099 3598 προσεχῆ
1123 3525 1202 3597 τῷ
1224 3528 1420 3599 Πατρὶ,
1456 3529 1589 3582 καθὸ
1614 3530 1709 3583 καὶ
1735 3530 1864 3596 Υίὸς

278 3614 432 3667 οὐδὲν
461 3613 604 3684 ἔχων
639 3614 972 3685 μεσολαῦοῖω
997 3619 1097 3689 τὴν
1118 3619 1373 3689 γέννησιν
1411 3621 1578 3676 αὐτοῦ
1602 3640 1617 3689 ;
1649 3623 1739 3676 Διὸ
1769 3624 1863 3677 καὶ

281 3706 442 3772 αὐτός
474 3709 627 3763 ἑστιν
652 3711 686 3781 ή
724 3709 876 3774 ζῶσα
904 3712 999 3767 καὶ
1025 3713 1267 3777 ἑκούσιος
1294 3715 1327 3784 ἡ
1361 3713 1615 3786 βούλησις
1645 3714 1738 3771 τοῦ
1778 3732 1861 3783 ys-

279 3801 626 3870 γιννηκότος.

961 3917 1164 3973 AAAO.

348 4015 465 4090 Τῆς
490 4019 799 4094 βουλήσεως
824 4024 919 4087 τοῦ
950 4027 1163 4101 Πατρὸς
1192 4030 1517 4104 χαρακτῆρα
1549 4035 1644 4087 καὶ
1671 4033 1862 4104 ὁμοίω·

276 4126 367 4163 σιν
392 4106 531 4164 εἶναι
553 4112 644 4166 τὸν
671 4114 800 4168 Υίὸν
821 4118 1271 4191 καταψεύδονται,
1301 4120 1417 4175 ἀλλ’
1437 4123 1538 4177 οὐκ
1568 4124 1736 4180 αὐτοῦ
1765 4124 1858 4179 τοῦ

276 4200 514 4289 ξίατρός.
545 4202 637 4256 Διὸ
668 4204 731 4276 δὴ
761 4206 1255 4281 πάλινὲρωτητὲον
1281 4214 1407 4278 τοὺς
1434 4218 1859 4289 χριστομάχους,

278 4287 343 4345 Si
378 4292 565 4363 ὅμοιός
598 4293 744 4350 ἐστιν
782 4298 811 4350 6
846 4299 1036 4371 Πατὴρ
1075 4302 1179 4373 τῆς
1218 4304 1416 4359 ἑαυτυῦ
1454 4287 1781 4379 βουλήσεως,
1824 4311 1858 4381 ἦ

273 4381 427 4471 οὐχίς
486 4383 551 4435 El
602 4386 701 4453 μὲν
750 4388 860 4457 γὰρ
914 4388 1188 4459 ἀνόμοιος,
1239 4394 1500 4465 ἀνομοίαν
1540 4397 1716 4469 ἑαυτῷ
1759 4400 1859 4471 τὴν

276 4470 535 4545 βούλησιν
556 4473 667 4546 ἔχει
687 4491 700 4504 ⁸
732 4476 825 4529 καὶ
857 4478 1045 4533 σιωπῶ
1078 4482 1217 4554 πρὸς
1252 4483 1411 4538 τοῦτο
1447 4486 1509 4540 τὸ
1540 4470 1854 4559 δύσφημον·

271 4565 325 4617 ei
360 4564 417 4617 at
449 4565 643 4631 ὁμοίαν
671 4567 849 4639 ἑαυτῷ
878 4570 975 4641 τὴν
1013 4570 1267 4645 βούλησιν
1296 4574 1429 4645 ἔχει,
1456 4572 1545 4648 ἧς,
1586 4577 1663 4642 ὧς
1697 4596 1858 4647 φατε,

269 4656 562 4727 χαρακτήρ
601 4658 717 4710 ἐστι
762 4660 856 4714 καὶ
898 4661 1062 4715 είκὼν
1101 4665 1130 4717 6
1165 4665 1313 4731 Υἱὸς,
1352 4667 1527 4725 ἔοικεν
1570 4670 1679 4742 ἀρα
1712 4674 1853 4729 κατά

268 4745 429 4836 τοῦτο
455 4746 536 4816 τῷ
569 4748 763 4819 Πατρί.
797 4750 919 4816 Πῶς
958 4748 1051 4807 οὖν
1093 4756 1349 4827 ἀνόμοιος
1387 4758 1542 4815 ἔσται
1574 4765 1714 4817 κατὰ
1758 4765 1854 4836 τὴν

268 4835 459 4891 οὐσίαν
484 4838 653 4908 αὐτῷ,
683 4841 712 4893 6
754 4840 842 4894 διὰ
880 4842 943 4895 τὸ
970 4848 1035 4914 τῇ
1071 4846 1320 4919 βουλήσει
1354 4855 1733 4925 προσεοικέναι
1758 4835 1854 4927 χα-

271 4928 485 5000 ρακτὴρ
519 4928 595 4981 ὢν
625 4932 825 4998 aurei;
860 4934 1214 5002 Συγκείσεται
1256 4942 1387 5012 γὰρ,
1424 4943 1490 5001 ἂν
1530 4946 1701 5011 οὕτως
1730 4948 1852 5020 ἔχῃ,

268 5018 392 5072 καθ’
421 5022 590 5092 ὑμᾶς,
632 5024 691 5090 ἐξ
720 5024 905 5094 ὁμοίου
936 5028 1031 5081 καὶ
1068 5029 1129 5098 ἐξ
1160 5031 1416 5102 ἀνομοίου
1458 5036 1488 5088 6
1520 5036 1666 5101 Υἱὸς.

266 5125 322 5162 τι
350 5110 450 5179 μὲν
478 5112 673 5175 ἐοικὼς
702 5114 779 5187 τῷ
821 5117 1017 5189 Πατρὶ,
1049 5123 1191 5177 κατά
1216 5141 1267 5177 τι
1307 5124 1365 5178 δὲ
1403 5126 1852 5200 ἀλλοτριούμενος

264 5201 366 5294 τῆς
399 5202 731 5294 πρὸςαὼὼν
764 5208 1101 5279 ὁμοιότητος.
1131 5208 1287 5279 Εἶτα,
1320 5220 1473 5281 ποῖος
1505 5225 1850 5294 συγχωρήσει

264 5291 425 5383 ἒόγος
448 5294 513 5347 τὸ
543 5293 603 5364 ἓν
628 5298 747 5349 κατ’
774 5298 961 5353 οὐσίαν
991 5302 1235 5375 ὑπάρχον
1277 5308 1370 5360 καὶ
1395 5310 1452 5362 ὲν
1477 5291 1716 5383 ἀριθμῷ,
1741 5291 1857 5368 οἷον

266 5382 482 5437 Παῦλον
512 5384 674 5454 τυχὸν
714 5386 747 5457 ﬂ
793 5387 1020 5460 Πέτρον,
1048 5392 1143 5453 δύο
1172 5397 1360 5467 φέρειν
1387 5399 1445 5451 ἐν
1488 5382 1675 5472 ταυτῷ
1712 5408 1852 5461 κατά

265 5472 429 5541 φύσιν
455 5473 528 5527 ca
556 5476 803 5544 ὲναντία;
832 5481 908 5535 οὐ
938 5483 1048 5554 γὰρ
1075 5485 1365 5557 δυνήσεταί
1393 5508 1475 5554 τις
1501 5494 1674 5547 εἰπεῖν
1701 5510 1713 5523 '
1744 5497 1848 5549 Ao-

268 5566 415 5658 γικός
448 5564 666 5658 τέ-είμι
705 5570 800 5624 καὶ
846 5572 1075 5642 ἄλογος*
1106 5578 1217 5635 οὐδ’
1247 5576 1315 5635 αὖ
1356 5582 1417 5635 τὸ
1456 5583 1566 5658 πῦρ
1607 5587 1725 5655 ἐρεῖ
1766 5600 1849 5650 τις

262 5655 465 5730 θερμὸν
492 5652 633 5716 εἶναί
676 5677 736 5713 τε
769 5664 863 5718 καὶ
905 5665 1113 5738 ψυχρόν
1133 5684 1148 5699 ·
1178 5669 1258 5723 δεῖ
1285 5672 1415 5743 γὰρ,
1447 5652 1563 5740 ἑνὸς
1609 5652 1844 5751 ἐνυπάρο

324 5818 374 5854 ⁸³
404 5820 423 5874 1
455 5821 584 5876 Cor.
621 5836 659 5888 I,
688 5821 779 5877 24.

581 5919 852 6002 Panos.
900 5922 1017 5984 Gn.
1067 5926 1319 5991 LXXV.

1970 3343 2128 3404 rupta
2159 3334 2479 3409 Trinitate).
2516 3355 2676 3409 quem
2710 3340 2892 3397 locum
2922 3345 3143 3400 habebit
3177 3348 3429 3403 voluntas
3459 3366 3555 3419 per

1970 3441 2029 3480 se
2055 3429 2382 3494 subsiStens,
2402 3432 2622 3487 tertium
2643 3436 2983 3491 constituens
3010 3435 3207 3494 Filium
3236 3442 3554 3498 immediate

1967 3522 2321 3588 coniunctum
2349 3519 2521 3588 Patri,
2556 3533 2815 3594 tanquam
2859 3538 2914 3583 et
2937 3527 3111 3587 Filius
3154 3533 3243 3601 qui
3293 3535 3424 3589 nihil
3456 3536 3553 3590 ha-

1967 3612 2059 3666 bet
2105 3613 2486 3670 intermedium
2528 3616 2673 3673 inter
2714 3634 2872 3675 suam
2922 3624 3367 3693 generationem?
3403 3628 3552 3694 Quo-

1965 3704 2111 3759 circa
2148 3706 2263 3775 ipse
2294 3716 2377 3761 est
2408 3707 2599 3766 vivens
2627 3720 2791 3782 atque
2824 3715 3139 3772 cssentialis
3170 3717 3422 3776 voluntas
3455 3704 3551 3792 ge;

1966 3797 2181 3853 nitoris.

2646 3918 2883 3975 ALIUD.

2038 4024 2348 4084 Voluntatis
2370 4038 2632 4100 paternae,
2671 4048 2779 4087 non
2816 4042 2994 4090 autem
3024 4036 3194 4101 ipsius
3226 4037 3337 4112 64
3371 4039 3551 4096 Patris

1964 4116 2344 4174 characterem
2372 4131 2427 4176 et
2456 4122 2868 4178 similitudinem
2894 4139 3015 4181 esse
3038 4123 3236 4183 Filium
3270 4132 3547 4186 mentiun-

1968 4218 2075 4262 tur.
2106 4212 2284 4279 Atque
2316 4212 2522 4267 idcirco
2556 4228 2747 4273 rursus
2798 4215 3167 4287 interrogandi
3197 4229 3326 4273 sunt
3362 4215 3550 4275 hostes

1965 4298 2097 4367 Dei,
2149 4316 2217 4357 an
2262 4303 2457 4360 similis
2508 4306 2582 4364 sit
2623 4303 2788 4362 Pater
2833 4323 2946 4363 sua“:
2997 4308 3295 4377 voluntati,
3348 4329 3543 4368 necne.

1963 4388 2097 4444 Nam
2122 4394 2164 4446 si
2200 4394 2485 4449 dissimilis
2516 4406 2622 4461 est,
2656 4414 2785 4469 ergo
2813 4400 3135 4463 dissimilem
3166 4401 3270 4457 sibi
3304 4403 3549 4457 volunta-

1969 4490 2075 4533 tem
2109 4483 2310 4538 habet:
2338 4495 2393 4540 et
2438 4497 2593 4543 t:=ceo
2626 4490 3020 4559 blasphemiam
3050 4507 3171 4571 quae
3205 4494 3329 4549 inde
3362 4498 3549 4572 sequi-

1891 4560 1939 4620 D
1966 4577 2084 4637 tur;
2122 4575 2166 4628 si
2192 4590 2322 4631 vero
2345 4578 2578 4633 similem
2603 4579 2707 4635 sibi
2743 4580 2844 4655 ipsi
2878 4560 3213 4638 voluntatem
3240 4560 3546 4651 babet,rcn-

1964 4664 2070 4732 jus,
2102 4676 2157 4719 ut
2187 4667 2390 4732 dicitis,
2426 4669 2713 4727 character
2731 4683 2815 4730 est
2836 4683 2891 4728 et
2919 4671 3096 4746 imago
3128 4671 3316 4743 Filius,
3351 4679 3547 4732 similis

1962 4758 2127 4828 igitur
2170 4760 2272 4819 hac
2318 4776 2385 4814 ex
2432 4773 2587 4829 parte
2616 4774 2701 4818 est
2748 4762 2918 4819 Patri.
2971 4765 3252 4833 Quomodo
3286 4763 3450 4839 igitur
3495 4771 3544 4823 ei

1960 4848 2239 4902 dissimilis
2272 4851 2379 4904 erit
2418 4848 2575 4918 juxta
2621 4854 2917 4907 essentiam
2964 4854 3008 4907 is
3056 4855 3148 4931 qui
3181 4856 3252 4908 ob
3296 4858 3349 4913 id
3398 4862 3541 4927 quod

1955 4940 2232 4996 voluntate
2262 4944 2458 4999 similis
2488 4945 2578 5010 sit,
2613 4944 2898 5000 character
2935 4946 3103 5015 ipsius
3152 4948 3271 5003 est?
3298 4949 3355 5004 Si
3398 4951 3544 5005 enim

1956 5032 2029 5086 ita
2071 5042 2189 5096 est,
2250 5043 2305 5088 ut
2353 5050 2447 5090 vos
2497 5035 2823 5106 epiuamiui,
2866 5051 2931 5090 ex
2980 5036 3148 5094 simili
3199 5050 3255 5094 et
3286 5040 3543 5097 dissimili

1958 5129 2294 5199 compositus
2326 5130 2432 5192 erit
2456 5128 2628 5186 Filius
2656 5148 2670 5186 :
2703 5130 2885 5200 aliqua
2928 5148 2997 5190 ex
3025 5144 3182 5205 parte
3217 5136 3411 5192 siiuilis
3438 5138 3543 5192 Pa-

1961 5218 2051 5285 tri,
2096 5235 2163 5272 ex
2211 5220 2315 5274 alia
2353 5235 2483 5275 vero
2526 5237 2556 5274 a
2600 5222 2955 5280 similitudine
2988 5242 3110 5279 cum
3148 5228 3263 5296 ipso
3305 5229 3540 5285 alienus.

1960 5311 2186 5378 Deinde,
2216 5326 2337 5381 qua:
2365 5315 2505 5367 ratio
2534 5312 2639 5368 hoc.
2665 5313 2793 5384 fert,
2822 5327 2882 5369 ut
2907 5318 2958 5371 id
2988 5318 3131 5387 quod
3155 5320 3463 5379 substantia
3486 5334 3543 5378 et

1962 5418 2189 5458 numero
2222 5420 2387 5459 unum
2423 5417 2527 5473 est,
2571 5414 2626 5462 ιιι
2658 5406 2877 5470 l‘aulus,
2915 5409 2997 5463 vel
3023 5410 3237 5477 l'etrus,
3271 5413 3377 5468 duo
3403 5414 3458 5469 in
3485 5432 3542 5471 se

1962 5494 2158 5550 habeat
2188 5496 2511 5552 naturaliter
2538 5496 2811 5555 contraria
2836 5497 2858 5549 ?
2883 5496 3065 5569 Neque
3082 5501 3225 5554 enim
3253 5503 3542 5573 quisquam

1959 5591 2143 5649 dicere
2178 5594 2415 5661 poterit:
2464 5594 2599 5649 Sum
2634 5596 2844 5650 ratione
2889 5600 3167 5667 praeditus,
3200 5613 3255 5655 et
3285 5617 3405 5657 sum
3448 5620 3540 5658 ra-

1964 5682 2126 5736 tionis
2174 5699 2406 5752 expers;
2462 5700 2637 5755 neque
2694 5686 2833 5740 ullus
2898 5688 3075 5756 ignem
3132 5690 3368 5749 calidum
3416 5710 3540 5752 esse

3093 5939 3133 6001 ὁ.
