4012 6338
523 462 623 515 107

1542 446 1597 500 S.
1635 441 1905 499 CYRILLI
1951 431 2417 495 ALEXANDRIM
2457 431 2776 487 ARCIIIEP.

3650 418 3755 473 108

523 576 720 631 dixerit
752 571 907 629 simul
954 579 1007 624 ct
1047 568 1299 634 frigidum
1336 582 1350 617 :
1383 576 1604 617 necesse
1654 560 1795 615 enim
1834 568 1937 622 est,
1969 571 2073 610 uno

2183 568 2379 622 κοντος,
2434 544 2781 619 ἀναρῤεῖσθαι
2818 542 2923 595 τῶν
2974 538 3387 611 σημαινομένων
3439 536 3497 587 τὸ
3541 534 3750 616 ἕτερον.

522 670 836 727 exslstente,
858 662 1080 715 alterum
1109 672 1293 712 eorum
1336 667 1453 725 qua:
1480 652 1849 723 signiﬁcantur
1882 648 2075 719 perire.

524 755 663 810 Fieri
697 754 875 823 itaque
906 766 1013 806 non
1048 758 1223 819 potest
1251 756 1307 801 ut
1336 746 1389 799 in
1424 742 1560 798 Filio
1592 739 1886 797 similitudo
1921 737 2079 793 simul

522 850 593 901 sit
622 854 675 900 et
702 842 1107 899 dissimilitudo.
1132 839 1263 894 Cum
1292 850 1420 890 vero
1446 848 1601 889 sacra
1626 831 1901 900 Scriptura
1927 828 2081 883 simi—

522 935 629 992 lem
663 934 807 988 Patri
839 948 957 987 esse
992 938 1243 991 testetur,
1270 940 1499 996 cumque
1541 925 1654 994 ipse
1693 924 1839 977 dicat
1877 938 1892 976 :
1930 940 1949 971 ι
1980 920 2079 986 Qui

522 1026 659 1080 vidit
685 1038 796 1087 me,
824 1022 956 1079 vidit
987 1026 1041 1080 et
1067 1018 1276 1073 Patrem
1298 1016 1395 1081 ⁸⁸,ι
1429 1012 1917 1069 dissimilitudinem
1944 1011 2083 1065 hanc

523 1113 1005 1172 nouadmittemus,
1031 1121 1125 1177 per
1157 1105 1272 1165 hare
1309 1103 1609 1157 testimonia
1647 1101 1711 1159 ad
1735 1099 1788 1155 id
1822 1099 1962 1166 quod
1996 1112 2083 1150 ve-

520 1204 637 1259 rius
662 1201 1177 1267 corn'enieutiusqne
1195 1206 1278 1251 est
1292 1195 1527 1249 adducti.
1554 1192 1754 1245 Etcum
1793 1205 1896 1243 non
1930 1190 2080 1245 dixe-

522 1298 633 1352 rit:
663 1296 761 1363 Qui
796 1294 929 1349 vidit
960 1305 1073 1359 me,
1106 1293 1237 1346 vidit
1275 1303 1322 1346 et
1363 1289 1687 1343 voluntatem
1728 1286 1905 1340 Patris
1939 1287 2074 1351 mei,

522 1399 627 1438 non
672 1383 991 1448 voluntatis,
1041 1382 1133 1437 sed
1179 1380 1355 1435 Patris
1393 1378 1681 1447 imaginem
1730 1391 1849 1431 esse
1888 1375 2079 1431 Filium

521 1476 826 1530 fatebimur.

1187 1580 1418 1637 ALIUD.

591 1706 722 1768 Quae
763 1715 792 1755 a
834 1710 1013 1753 mutua
1054 1695 1430 1766 conjunctione
1468 1702 1522 1748 et
1562 1691 1791 1747 naturali
1832 1689 2079 1743 similitu-

523 1794 650 1848 dine
678 1792 968 1853 recedunt,
995 1798 1047 1842 et
1074 1787 1377 1842 essentialis
1404 1785 1679 1854 qualitatis
1711 1783 1914 1836 ratione
1946 1783 2084 1835 inter

2188 608 2392 697 δύκούν
2420 608 2695 710 ἀμήξίάνον
2726 637 2783 688 ὲν
2812 634 2925 701 Υίῷ
2952 608 3129 686 καίτὸ
3169 608 3349 699 ὅμοιον
3377 623 3514 679 εἶναι
3555 628 3649 678 καὶ
3675 608 3753 678 ’τὲ

2188 734 2460 803 ἀνόμοιον.
2500 724 3013 798 Ἐπιμαρτυρούσης
3033 723 3089 775 δὲ
3116 723 3215 790 τῆς
3250 720 3397 782 Θείας
3428 717 3575 787 αὐτῷ
3617 718 3753 786 Γρα-

2189 824 2296 893 φῆς
2335 820 2431 892 τὴν
2460 818 2751 890 ὁμοιότητα
2792 815 2892 883 τὴν
2922 812 3057 883 πρὸς
3080 811 3169 863 τὸν
3200 810 3441 879 Πατέρα,
3468 810 3561 860 καὶ
3587 805 3754 859 αὑτοῦ

2186 914 2243 966 δὲ
2277 909 2571 981 φάσκοντος
2592 925 2605 942 ο
2653 926 2670 960 ι
2728 908 2784 960 ’0
2813 904 3071 976 ἑωρακὼς
3118 899 3240 971 ἐμὲ,
3274 900 3483 969 ἑώρακε
3525 897 3613 951 τὸν
3646 898 3755 951 Πα-

2186 1005 2339 1075 τέρα,
2385 1021 2403 1053 ι
2439 1002 2497 1054 τὸ
2525 999 2774 1070 ἀνόμοιον
2804 998 2863 1050 οὐ
2896 991 3328 1065 παραδεξόμεθα,
3366 990 3755 1060 ποδηγούμενοι

2186 1094 2271 1147 διὰ
2323 1091 2526 1145 τούτων
2570 1090 2661 1143 ἐπὶ
2705 1086 2766 1140 τὸ
2809 1082 3167 1155 ἀληθέστερόν
3213 1100 3272 1135 τε
3332 1084 3423 1133 καὶ
3472 1079 3755 1150 πρεπωδέ-

2190 1200 2397 1255 στερον.
2456 1179 2673 1250 Ἐπειδὴ
2716 1179 2771 1231 δὲ
2820 1177 2979 1232 πάλιν
3019 1175 3119 1227 οὐκ
3161 1169 3344 1227 εἶπεν·
3386 1173 3445 1224 'U
3496 1168 3757 1240 ἑωρακὼς

2188 1272 2307 1341 ἐμὲ,
2342 1270 2437 1342 τὴν
2469 1269 2718 1339 βούλησιν
2761 1264 2968 1335 ἑώρακε
3017 1264 3111 1317 τοῦ
3144 1264 3352 1334 Πατρός
3396 1279 3519 1332 μου,
3554 1262 3613 1313 οὐ
3654 1260 3756 1328 τῆς

2190 1360 2492 1430 βουλήσεως
2522 1358 2702 1409 είκόνα
2729 1354 2818 1406 τὸν
2849 1353 2975 1405 Υίὸν
3004 1352 3428 1422 ὁμολογήσομεν,
3452 1348 3563 1401 ἀλλ’
3588 1346 3756 1401 αὑτοῦ

2187 1449 2279 1504 τοῦ
2309 1448 2518 1518 Πατρδς
2543 1446 2619 1509 ὡς
2657 1445 2806 1497 Υίόν.

2870 1554 3073 1607 ΑΛΛΟ.

2257 1672 2337 1724 Td
2375 1670 2473 1740 τῆς
2502 1670 2636 1740 πρὸς
2666 1667 2869 1737 ἄλληλα
2915 1665 3205 1734 συναφείας
3242 1665 3272 1734 ἢ
3315 1664 3547 1733 φυσικῆς
3588 1664 3759 1732 ἐμφε-

2189 1763 2339 1834 ρείας
2382 1762 2830 1830 ἀναχωρήσαντα,
2873 1758 2966 1811 καὶ
3008 1757 3149 1810 κατά
3190 1755 3280 1807 τὸν
3319 1755 3417 1824 τῆς
3470 1752 3759 1815 οὐσιὼδους

521 1897 582 1938 se
612 1880 901 1942 dissident,
930 1892 993 1932 ea
1030 1885 1122 1929 aut
1155 1876 1301 1938 loco,
1329 1883 1419 1926 aut
1456 1872 1566 1927 sola
1604 1872 1809 1925 ratione
1843 1870 2080 1937 seiuncta

2189 1855 2468 1923 ποιότητος
2499 1852 2652 1919 λόγον
2698 1849 3172 1919 ἀπεσχοινισμένα,
3226 1846 3557 1915 διίσταταιῆ
3604 1844 3759 1912 τόπῳ

522 1982 665 2028 sunt.
690 1971 756 2025 Et
780 1970 897 2024 loco
923 1968 1136 2037 quidem
1166 1980 1193 2018 a
1220 1972 1403 2018 mutua
1431 1962 1803 2029 conjunctione
1833 1975 2083 2031 separan-

524 2074 610 2119 tur
638 2076 757 2131 qua:
787 2073 1102 2128 corpoream
1136 2054 1575 2111 constitutionem
1609 2053 1838 2117 habent;
1878 2052 2085 2107 ratione

524 2164 703 2209 autem
738 2151 1118 2220 disiunguntur
1152 2146 1439 2208 nonnulla,
1466 2159 1583 2212 quae
1624 2143 1895 2198 essentiali
1930 2142 2083 2197 dill'e-

524 2243 697 2300 rentia
726 2240 999 2301 diﬂerunt,
1025 2246 1083 2291 ut
1115 2236 1273 2290 homo
1304 2236 1371 2289 ab
1403 2250 1561 2302 equo.
1592 2233 1932 2300 Quaecunque
1958 2248 2085 2287 vero

520 2328 963 2400 signiﬁcationem
1008 2335 1063 2380 et
1105 2323 1246 2393 quod
1289 2336 1353 2377 ex
1396 2322 1525 2391 ipsis
1566 2320 1792 2373 etlicitnr
1828 2320 2085 2375 dissimile

522 2420 757 2484 habent,
795 2433 856 2471 ea
917 2416 1127 2470 ratione
1175 2413 1607 2482 cogitationeque
1658 2411 2079 2479 distinguuntur,

520 2505 969 2578 quemadmodum
1030 2505 1235 2558 sanitas
1290 2512 1347 2557 et
1396 2504 1633 2555 morbus.
1691 2502 1767 2555 Ex
1823 2506 1904 2564 his
1959 2516 2085 2555 vero

521 2613 855 2669 quaecunque
881 2596 992 2651 sola
1023 2596 1230 2650 ratione
1254 2604 1306 2648 et
1338 2593 1527 2648 ell'eetu
1557 2594 1827 2648 contraria
1862 2595 1999 2646 inter
2026 2608 2085 2647 se

523 2700 684 2756 sunt,
742 2690 1027 2761 peritiores
1087 2686 1391 2757 philosophi
1447 2688 1718 2740 contraria
1776 2686 2083 2739 innnediata

522 2790 745 2844 vocant;
802 2779 906 2833 alia
950 2793 1079 2833 vero
1132 2778 1381 2833 mediata.
1427 2778 1741 2832 lmmediata
1791 2778 1979 2843 igitur,
2028 2785 2085 2829 ut

524 2872 680 2924 modo
714 2869 976 2933 diximus,
1004 2878 1127 2921 sunt
1160 2867 1363 2922 sanitas
1404 2877 1457 2919 et
1494 2866 1712 2919 morbus
1754 2882 1767 2917 :
1805 2863 1916 2935 δε
1954 2866 2082 2919 nihil

522 2963 662 3019 enim
694 2961 832 3013 inter
860 2961 972 3013 haec
1000 2967 1081 3012 est
1114 2958 1367 3011 medium.
1397 2956 1451 3010 Si
1482 2958 1623 3011 enim
1659 2938 1865 3023 aliquid.
1892 2956 2081 3011 horum

522 3051 722 3105 homini
758 3049 985 3111 accidat,
1010 3049 1060 3102 id
1087 3048 1255 3101 solum
1289 3049 1340 3099 in
1372 3048 1485 3115 ipso
1513 3057 1614 3099 est.
1640 3047 1912 3099 Autenim
1947 3046 2083 3099 bene

2184 1946 2508 2016 τεμνόμενα,
2538 1946 2571 2014 ἢ
2619 1942 2807 2011 μόναις
2849 1943 2967 2003 ταῖς
3002 1938 3287 2001 ἐπινοίαις.
3336 1937 3497 2005 Τόπῳ
3531 1936 3627 2005 μὲν
3663 1929 3759 1987 οὖν

2182 2042 2282 2108 τῆς
2308 2037 2444 2108 πρὸς
2470 2033 2674 2103 ἄλληλα
2712 2031 3003 2099 συναφείας
3030 2029 3296 2081 διίσταται
3325 2028 3393 2079 τά
3438 2023 3758 2093 σωματικὴν

2186 2131 2375 2200 ἔχοντα
2431 2128 2710 2188 σύστασιν,
2768 2123 3033 2176 διίσταται
3070 2120 3127 2173 δὲ
3169 2120 3264 2173 καὶ
3306 2119 3448 2187 λόγῳ
3485 2116 3605 2169 τινά
3647 2113 3757 2166 τῶν

2186 2220 2325 2272 κατᾶ
2382 2218 2478 2287 τὴν
2527 2214 2755 2284 οὺσιὼδη
2818 2212 3098 2284 διαφορὰν,
3165 2210 3243 2272 ὼς
3312 2207 3598 2278 ἄνθρωπος
3667 2207 3758 2257 ἴττ-

2184 2328 2307 2364 που.
2341 2309 2421 2361 Τά
2448 2307 2505 2361 δὲ
2537 2308 2635 2359 ὃσα
2667 2305 2764 2376 τὴν
2792 2303 3023 2373 δήλωσιν
3056 2302 3150 2355 καὶ
3194 2300 3254 2353 τὸ
3301 2299 3359 2363 ἐξ
3397 2298 3575 2352 αὐτῶν
3618 2300 3754 2351 ἀπυ-

2183 2398 2504 2469 τελούμενον
2557 2396 2808 2465 ἀνόμοιον
2858 2394 2989 2461 ἔχει,
3041 2392 3183 2461 λόγῳ
3226 2390 3365 2459 ψιλῷ
3404 2392 3499 2442 καὶ
3542 2386 3756 2458 ἐπινοίᾳ

2188 2489 2519 2562 μεριζόμενα
2558 2486 2826 2555 φαίνεται,
2858 2481 2968 2537 οἷον
3007 2483 3188 2550 ὑγίεια
3234 2482 3324 2534 καὶ
3354 2481 3525 2541 νόσος.
3580 2479 3666 2530 Ἐν
3695 2477 3755 2530 δὲ

2184 2578 2390 2640 τούτοις
2423 2578 2523 2630 ὅσα
2556 2574 2700 2645 λόγῳ
2732 2574 2877 2643 μόνῳ
2922 2573 3017 2625 καὶ
3050 2572 3128 2641 τῷ
3160 2571 3218 2637 ἐξ
3246 2569 3424 2624 αὐτῶν
3466 2567 3757 2621 ἀποτελου-

2188 2670 2332 2740 μὲνῳ
2358 2669 2477 2721 κατ’
2508 2669 2854 2735 ἐναντιότητα
2896 2664 3165 2733 διέστηκε,
3198 2663 3263 2715 τὰ
3295 2661 3393 2730 μὲν
3440 2660 3621 2729 ἆμεσα
3658 2676 3754 2711 κα-

2181 2761 2361 2815 λοῦσιν
2400 2760 2448 2813 οἱ
2482 2759 2550 2813 τά
2592 2761 2691 2827 τῆς
2737 2756 3051 2825 φιλοσοφίας
3087 2751 3387 2821 ἠσκημένοι
3432 2749 3751 2820 μαθήματα,

2182 2852 2250 2905 τὰ
2274 2850 2329 2902 δὲ
2359 2849 2593 2919 ἓμμεσα.
2629 2848 2842 2917 Ἀμεσα
2878 2844 2976 2916 μὲν
3008 2839 3119 2907 οὖν,
3148 2842 3399 2912 καθάπερ
3427 2840 3525 2911 ἤδη
3573 2842 3757 2910 προετ-

2182 2960 2302 3007 πον,
2336 2942 2511 3009 ὑγίεια
2545 2939 2639 2992 καὶ
2678 2938 2861 3001 νόσος·
2910 2935 3063 2989 οὐδὲν
3094 2934 3203 3003 γὰρ
3233 2933 3434 2985 τούτων
3482 2933 3599 2983 ἐστὶ
3653 2947 3752 2999 με·

2180 3031 2331 3095 ταξύ.
2369 3032 2430 3082 Εἰ
2456 3029 2564 3099 γὰρ
2593 3029 2677 3080 ἐπ’
2705 3025 2988 3096 ἀνθρώπου
3017 3024 3177 3094 τυχὸν
3210 3023 3427 3093 φέροιτο
3451 3039 3504 3074 τι
3528 3021 3749 3085 τούτων,

521 3142 682 3203 valet,
705 3151 793 3194 aut
816 3148 1070 3209 aegrotat;
1099 3138 1409 3205 nullumque
1439 3140 1579 3189 inter
1602 3147 1867 3204 mgrotare
1897 3144 1950 3188 et
1978 3151 2080 3189 non

2183 3123 2239 3175 ἓν
2274 3119 2420 3174 ἔσται
2451 3120 2664 3180 πάντως
2693 3118 2749 3170 ὲν
2783 3115 2950 3186 αύτῷ.
2995 3115 3066 3167 Ἦ
3102 3114 3208 3184 γὰρ
3239 3113 3488 3180 ὑγιαίνει,
3523 3108 3554 3181 ἢ
3584 3112 3750 3178 νοσεῖ,

519 3242 779 3299 aegrotare
812 3239 898 3284 est
927 3229 1180 3283 medium.
1205 3228 1431 3282 Mediata
1466 3242 1591 3280 vero
1622 3227 1892 3282 contraria
1922 3226 2078 3295 justi-

2183 3213 2275 3266 καὶ
2306 3213 2365 3264 τὸ
2402 3211 2561 3281 μέσον
2591 3208 2683 3262 τοῦ
2717 3211 2887 3261 νοσεῖν
2917 3207 2949 3277 ἢ
2986 3208 3057 3276 μὴ
3093 3208 3289 3269 νοσεῖν,
3324 3204 3497 3257 οὐδέν.
3539 3204 3753 3272 Ἐμμε-

522 3324 650 3375 tiam
687 3332 741 3376 ct
770 3320 1081 3388 iniustitiam
1113 3334 1233 3375 esse
1268 3319 1471 3374 volunt.
1506 3317 1692 3387 Neque
1731 3318 1876 3371 enim
1911 3318 2080 3372 omnia

2190 3321 2279 3357 σον
2314 3302 2371 3355 δὲ
2400 3301 2496 3371 τὴν
2520 3298 2870 3368 δικαιοσύνην
2893 3293 3029 3349 εἷναί
3076 3312 3204 3364 φασι
3248 3296 3341 3347 καὶ
3379 3294 3476 3364 τὴν
3516 3294 3750 3346 ἀδικίαν.

524 3416 685 3467 homo
725 3413 909 3467 autin
955 3412 1263 3467 universum
1304 3410 1512 3479 justus,
1550 3421 1638 3463 aut
1681 3411 1733 3463 in
1780 3409 2080 3461 universum

2200 3394 2527 3464 Ἐπειδήπερ
2561 3393 2621 3444 οὐ
2644 3392 2749 3453 πᾶς
2772 3390 3053 3459 ἄνθρωπος
3081 3388 3115 3458 ἢ
3138 3386 3440 3458 ὁλοκλήρως
3462 3385 3688 3449 δίκαιος,
3716 3384 3755 3454 ἢ

521 3504 751 3573 iniustus
788 3514 889 3558 est.
912 3501 1057 3559 Fieri
1096 3502 1238 3555 enim
1280 3477 1455 3569 potest
1488 3511 1545 3555 ut
1578 3502 1811 3556 medium
1853 3500 2080 3568 aliquem

2186 3485 2365 3547 ἄδικός
2398 3488 2535 3538 ἐστι.
2574 3483 2804 3540 Δυνατὸν
2838 3482 2945 3548 γὰρ
2992 3480 3154 3549 μέσον
3204 3478 3393 3548 ὥσπερ
3442 3477 3562 3531 τινά
3589 3477 3758 3529 τόπον

520 3595 693 3649 locum
727 3594 1059 3649 inveniamus
1079 3633 1094 3655 ,
1121 3593 1372 3648 nimirum
1407 3599 1465 3646 ut
1494 3592 1616 3661 quis
1639 3605 1703 3644 ex
1735 3598 1884 3657 parte
1908 3589 2092 3655 justus

518 3686 611 3751 sit,
639 3699 741 3738 non
773 3694 947 3737 autem
978 3683 1227 3738 omnibus
1247 3683 1491 3753 partibus
1522 3682 1777 3750 injustas.
1802 3678 1895 3733 llis
1923 3680 2086 3747 igitur

519 3775 621 3830 hoc
650 3775 804 3828 modo
832 3773 1205 3840 consideratis,
1230 3783 1284 3827 et
1309 3773 1749 3832 dissimilitudine
1779 3773 1831 3826 in
1860 3772 2084 3840 singulis

519 3864 681 3917 rebus
717 3863 1099 3932 pervestigata,
1136 3856 1409 3915 videamus
1442 3875 1672 3928 Quonam
1717 3861 1874 3914 modo
1912 3874 1975 3914 es
2020 3860 2085 3915 iis

518 3965 638 4018 qua:
667 3952 807 4005 dicta
842 3960 966 4004 sunt
999 3950 1168 4003 Filius
1202 3964 1228 4002 ο
1266 3950 1613 4003 similitudine
1638 3948 1821 4003 Patris
1848 3949 2077 4003 dill'erat.

518 4041 663 4096 Loco
695 4052 841 4095 certe
873 4041 1111 4110 separari
1151 4054 1309 4093 nemo
1341 4040 1538 4094 dixerit
1572 4058 1584 4093 :
1624 4054 1795 4109 neque
1827 4041 1967 4093 enim
2004 4050 2086 4094 est

518 4144 733 4199 corpus,
752 4145 1036 4199 corporum
1062 4138 1239 4183 autem
1270 4128 1544 4199 proprium
1572 4139 1655 4183 est
1675 4128 1930 4183 localibus
1959 4141 2084 4197 spa-

519 4222 610 4277 tiis
651 4221 863 4287 dirimi;
904 4220 1166 4289 reliquum
1213 4236 1343 4289 ergo
1375 4229 1458 4273 est
1490 4229 1546 4273 ut
1580 4220 1785 4273 ratione
1818 4217 2029 4273 dilferat
2065 4236 2079 4272 :

520 4315 727 4368 ratione
770 4321 948 4367 autem
983 4312 1101 4365 dico
1141 4311 1393 4364 naturali.
1422 4310 1491 4363 At
1523 4311 1565 4365 si
1601 4320 1791 4363 natura
1829 4319 1909 4363 est
1946 4311 2082 4363 Deus

518 4404 699 4469 Pater,
724 4414 779 4457 et
805 4413 997 4458 natura
1027 4402 1167 4457 Deus
1192 4402 1382 4466 Filius,
1410 4400 1707 4468 qualisnam
1740 4401 1880 4454 ratio
1911 4401 2081 4467 ipsum

520 4494 835 4563 distinguit?
862 4494 991 4559 Quis
1022 4500 1197 4546 autem
1226 4506 1331 4544 non
1361 4492 1592 4544 fateatur
1614 4505 1673 4543 ea
1706 4505 1823 4557 quae
1844 4490 2080 4559 ejusdem

2184 3576 2438 3647 εὑρέσθαι
2467 3578 2531 3628 ἐκ
2558 3576 2758 3644 μέρους
2781 3572 2991 3625 δικαίου
3025 3571 3168 3633 τινὸς
3196 3569 3365 3633 ὄντος,
3385 3569 3486 3647 καὶ
3516 3569 3578 3620 οὐ
3611 3584 3756 3631 παν-

2182 3642 2348 3729 τελῶς
2372 3642 2578 3720 ἀδίκου,
2610 3642 2823 3717 Τούτων
2854 3659 3138 3731 τοιγαροῦν
3170 3660 3309 3713 κατά
3337 3642 3485 3713 τόνδε
3514 3660 3602 3713 τὸν
3628 3660 3758 3730 τρό-

2182 3774 2283 3811 πον
2332 3758 2461 3827 ἡμῖν
2502 3755 2929 3826 διεσκεμμένων,
2980 3752 3076 3806 καὶ
3123 3754 3222 3822 τῆς
3258 3753 3640 3822 ἀνομοιότητος
3692 3753 3755 3803 ἐν

2182 3846 2389 3908 τούτοις
2416 3844 2809 3915 ἐξεταζομένης
2836 3844 2925 3897 ἐπὶ
2949 3842 3149 3905 παντὸς
3174 3842 3517 3913 πράγματος,
3552 3840 3755 3912 ἴδωμεν

2182 3933 2324 3988 κατά
2357 3938 2505 3987 ποῖον
2534 3935 2639 3987 τῶν
2689 3935 2989 4004 εἰρημένων
3030 3934 3184 4001 λόγον
3228 3933 3501 4000 ἀφέστηκε
3531 3933 3629 4001 τῆς
3657 3931 3753 3985 τοῦ

2183 4026 2390 4095 Πατρὸς
2424 4025 2739 4095 ὁμοιότητος
2769 4026 2796 4077 ὁ
2824 4023 2968 4087 Υἱός.
3002 4022 3163 4092 Τόπῳ
3190 4022 3288 4092 μὲν
3313 4018 3405 4075 οὖν
3435 4023 3534 4075 οὐκ
3574 4024 3639 4076 ἄν
3666 4039 3755 4085 τις

2182 4117 2342 4168 αὐτὸν
2373 4114 2688 4185 μερίζεσθαι
2716 4114 2898 4183 λέγοι,
2931 4113 3052 4166 ἐπεὶ
3087 4114 3221 4185 μήτε
3255 4111 3413 4182 σῶμά
3444 4114 3559 4165 ἐστι
3582 4129 3596 4143 ο
3643 4129 3755 4166 σω-

2184 4205 2367 4277 μάτων
2401 4208 2505 4276 γάρ
2562 4206 2691 4265 ἴδιον
2733 4208 2986 4267 τοπικαῖς
3034 4201 3351 4275 μερίζεσθαι
3398 4203 3749 4257 διαστάσεσυ

2180 4298 2423 4350 λείπεται
2453 4296 2631 4353 τοίνυν
2658 4297 2742 4362 τὸ,
2776 4297 2917 4366 λόγῳ
2956 4294 3317 4366 χωρίζεσθαιο
3354 4294 3495 4364 λόγῳ
3520 4294 3576 4347 δέ
3607 4312 3751 4365 φημι

2181 4387 2256 4459 τῷ
2283 4388 2423 4443 κατά
2451 4388 2550 4459 τὴν
2594 4388 2775 4456 φύσιν.
2820 4387 2957 4442 Ἀλλ’
2988 4388 3146 4456 είπερ
3197 4386 3354 4455 φύσει
3402 4385 3535 4447 Θεὸς
3575 4386 3603 4438 6
3632 4386 3750 4437 Παο

2180 4481 2302 4549 τὴρ,
2341 4481 2435 4533 καὶ
2464 4478 2621 4548 φύσει
2648 4479 2779 4543 Θεὸς
2821 4480 2851 4531 6
2892 4478 3039 4542 Υἱὸς,
3071 4481 3222 4540 ποῖος
3253 4477 3413 4530 αὑτὸν
3454 4478 3749 4546 ἀποτέμνει

519 4586 768 4640 essentia:
798 4592 953 4648 sunt,
985 4581 1182 4637 similia
1218 4582 1357 4635 inter
1386 4596 1444 4635 se
1472 4580 1625 4634 esse?
1655 4558 1949 4644 Praeterea,
1978 4595 2080 4633 non

2184 4569 2364 4638 λόγος;
2389 4572 2485 4633 Τίς
2504 4570 2559 4622 δὲ
2588 4571 2648 4623 οὐ
2688 4572 3028 4641 συγχωρήσει
3054 4569 3152 4639 τὴν
3176 4568 3312 4637 πρὸς
3338 4566 3540 4637 ἄλληλα
3566 4568 3751 4635 φορεῖν

517 4676 681 4733 veluti
710 4674 1427 4742 contrarium‘distinguetur
1453 4670 1619 4725 Filius
1646 4686 1675 4722 a
1704 4670 1881 4736 Patre,
1908 4676 1967 4723 ut
1992 4670 2079 4723 illa

518 4754 639 4837 qua:
668 4766 925 4821 dicuntur
952 4763 1282 4819 immediata.
1316 4760 1501 4831 Neque
1535 4760 1676 4815 enim
1709 4772 1766 4813 nt
1795 4761 1996 4815 sanitas
2028 4771 2081 4815 et

520 4857 743 4912 morbus
788 4856 930 4908 inter
973 4868 1033 4909 se
1076 4853 1370 4915 dissident;
1414 4866 1587 4920 neque
1632 4851 2075 4917 quemadmodum

518 4960 686 5001 unum
731 4944 933 5014 aliquid
964 4956 1150 4997 eorum
1179 4956 1297 5007 quae
1339 4941 1570 4993 diximus
1607 4940 1659 4993 in
1696 4940 1912 4992 homine
1948 4941 2077 4991 reti-

519 5034 632 5088 neri
652 5074 669 5099 ,
698 5033 837 5086 ratio
864 5031 1233 5096 ostendit,.ita
1262 5029 1424 5084 etiam
1453 5039 1538 5083 est
1565 5030 1618 5082 in
1647 5027 1805 5083 Patre
1836 5041 1889 5082 et
1921 5029 2073 5083 Filio.

518 5119 791 5175 lnhabitat
818 5121 961 5175 enim
992 5134 1046 5172 in
1078 5120 1257 5186 aliquo
1278 5114 1441 5170 Pater
1474 5132 1489 5168 :
1518 5113 1782 5167 inhabitat
1805 5123 1861 5167 et
1886 5113 2070 5166 Filius.

516 5210 722 5280 Neque,
753 5208 1201 5281 quemadmodum
1232 5207 1319 5260 illa
1346 5205 1504 5259 simul
1533 5206 1698 5271 coire,
1727 5204 1989 5272 simulque
2022 5206 2071 5257 in

518 5303 704 5359 eodem
748 5301 986 5370 subjecto
1024 5300 1321 5355 subsistere
1364 5308 1669 5367 nequeunt,
1705 5297 1775 5349 ita
1818 5294 1982 5349 Filius
2024 5308 2078 5349 et

518 5395 680 5449 Pater
722 5408 781 5448 se
825 5395 1020 5448 habent
1061 5409 1075 5443 :
1130 5410 1148 5442 ε
1203 5389 1339 5444 Ecce
1383 5391 1558 5454 enim,
1587 5388 1757 5456 inquit
1794 5386 2073 5451 Christus,

523 5488 794 5541 veniemus
834 5498 935 5550 ego
970 5493 1025 5538 et
1061 5482 1238 5546 Pater,
1268 5489 1321 5535 et
1354 5481 1405 5532 in
1440 5481 1556 5549 ipso
1596 5479 1929 5532 manebimus
1950 5477 2014 5530 ⁸⁸.
2053 5496 2070 5526 ι

521 5576 627 5631 Sed
669 5591 838 5645 neque
881 5576 955 5629 ita
1000 5575 1174 5628 media
1208 5588 1294 5627 res
1329 5572 1431 5627 erit
1466 5570 1627 5625 Pater
1662 5572 1727 5623 ad
1763 5569 1989 5635 Filium,
2023 5581 2077 5623 ut

515 5666 743 5735 iustitia.
774 5665 954 5734 Neque
978 5665 1120 5719 enim
1151 5663 1329 5716 minus
1358 5662 1461 5715 erit
1488 5659 1667 5726 Pater,
1694 5659 1873 5725 Pater,
1906 5674 2076 5729 neque

596 5820 639 5853 ⁸³
675 5824 826 5877 Juun.
860 5837 965 5881 liv,
998 5822 1049 5873 9.
1129 5820 1171 5851 “
1205 5819 1335 5871 Ibid.
1373 5818 1463 5871 ‘33.

2180 4660 2473 4729 ὁμοιότητα
2522 4657 2621 4727 τῆς
2673 4656 2836 4711 αὑτοῦ
2883 4654 3068 4718 οὐσίας
3114 4655 3454 4725 ὑπάρχοντα;
3513 4653 3630 4705 Ἔτι
3686 4668 3748 4705 τε

2182 4750 2315 4821 πρὸς
2350 4750 2543 4820 τούτῳ,
2578 4749 2697 4802 οὐδὲ
2724 4749 2799 4811 ὡς
2832 4748 3071 4802 ἐναντίον
3104 4747 3212 4814 ἔξει
3242 4765 3293 4801 τι
3322 4746 3457 4818 πρὸς
3499 4744 3589 4798 τὸν
3618 4744 3748 4797 Υἱὸν

2178 4844 2207 4895 6
2229 4840 2436 4910 Πατὴρ,
2461 4840 2535 4901 ὡς
2564 4838 2633 4893 τὰ
2654 4840 2830 4908 ἀμεσα
2859 4837 3181 4907 καλούμενα.
3214 4837 3288 4891 Οὐ
3318 4836 3427 4907 γὰρ
3466 4835 3540 4898 ὡς
3569 4835 3747 4903 ὑγίεια

2179 4932 2271 4984 καὶ
2308 4931 2459 4992 νόσος
2506 4927 2755 4996 ἀλλήλοις
2784 4927 3144 4981 ἀντίκεινται’
3179 4926 3298 4979 οὐδὲ
3350 4924 3538 4995 ὥσπερ
3584 4925 3642 4976 ἒν
3692 4942 3746 4993 τι

2180 5024 2394 5074 πάντων
2416 5020 2523 5073 τῶν
2546 5018 2850 5089 εἰρημένων
2879 5018 2935 5069 ὲν
2959 5015 3265 5089 ἀνθρώποις
3293 5014 3560 5080 σώζεσθαι
3590 5017 3617 5067 6
3636 5016 3746 5068 τῶν

2180 5112 2520 5182 πραγμάτων
2578 5110 2876 5177 ἀναγκάσει
2908 5110 3087 5178 λόγος,
3113 5108 3256 5161 οὕτω
3284 5109 3376 5161 καὶ
3409 5108 3501 5160 ἐπὶ
3533 5106 3746 5175 [ἰατρὸς

2180 5203 2274 5257 ξω
2304 5203 2454 5256 Υίοῢ.
2493 5202 2723 5255 Ἐνοικεῖ
2752 5200 2858 5271 γάρ
2885 5217 3026 5253 τισιν
3053 5202 3080 5253 6
3106 5197 3315 5269 Πατὴρ,
3350 5200 3545 5250 ὲνοικεῐ
3568 5197 3622 5251 δὲ
3650 5197 3744 5248 καὶ

2180 5297 2207 5347 6
2244 5295 2388 5358 Υίός.
2420 5294 2530 5347 Καὶ
2554 5293 2615 5344 οὐ
2646 5291 2893 5362 καθάπερ
2925 5293 3106 5345 ἐκεῖνα
3132 5292 3211 5353 είς
3232 5289 3425 5342 ταυτὸν
3453 5286 3746 5357 ἀσύμϐατά

2181 5403 2239 5437 τε
2286 5393 2379 5438 καὶ
2418 5382 2812 5452 ἀσυνύπαρκτά
2850 5383 3017 5444 ἐστιν,
3049 5380 3191 5433 οὕτω
3220 5381 3311 5433 καὶ
3358 5381 3385 5431 6
3416 5378 3542 5440 Υἱὸς
3588 5378 3678 5428 καὶ
3716 5378 3746 5427 6

2184 5478 2369 5546 Πατήρ
2395 5490 2407 5503 ·
2448 5493 2466 5525 ι
2518 5474 2648 5526 Ἰδοὺ
2683 5472 2810 5543 γὰρ,
2863 5472 3026 5542 φησιν
3066 5472 3095 5523 6
3142 5468 3391 5540 Χριστὸς,
3441 5465 3739 5519 είσελευσό-

2186 5566 2323 5636 μεθα
2354 5563 2463 5633 ἐγὼ
2496 5565 2591 5618 καὶ
2619 5565 2647 5615 6
2686 5563 2889 5633 Πατὴρ,
2920 5563 3013 5614 καὶ
3049 5559 3212 5630 μονὴν
3242 5558 3370 5629 παρ’
3394 5556 3541 5625 αὑτῷ
3584 5555 3744 5621 ποιή-

2184 5673 2364 5725 σομεν.
2417 5676 2433 5709 ι
2490 5655 2628 5707 ⁹Λ).λ’
2675 5654 2789 5706 οὐδὲ
2826 5654 2995 5716 οὕτως
3034 5651 3273 5721 ἕμμεσον
3315 5650 3464 5701 ἔσται
3512 5649 3742 5719 πρᾶγμα
