4012 6338
1552 416 1607 465 s.
1650 414 1924 467 cttttLLt
1966 372 2434 468 ALExaaomm‘
2463 412 2780 468 AltClllEP.

3668 425 3765 479 Il!

526 530 866 597 accumulant
898 556 908 591 :
946 551 1061 605 qum
1092 536 1225 590 adeo
1254 543 1493 589 atrocem
1524 534 1914 603 blasphemiam
1952 534 2002 587 in
2040 546 2063 586 ε

2168 584 2171 591 ,
2203 531 2316 602 ἔχει
2352 532 2448 604 τήν
2482 533 2811 604 δυσφημίαν,
2849 536 2921 597 ὡς
2962 537 3121 589 παντί
3150 555 3225 608 τῳ
3256 537 3507 607 γενέσθαι
3537 548 3764 609 φευκτά.

519 633 831 695 continent,
866 641 924 684 ut
971 631 1166 682 merito
1202 628 1453 681 omnibus
1496 628 1821 681 exsecranda
1868 629 1994 680 sint.
2027 625 2086 679 Si

520 740 654 795 ergo
680 738 797 778 eam
827 736 948 790 qua:
980 723 1031 774 in
1066 722 1222 775 dictis
1257 734 1438 773 eorum
1475 728 1555 772 est
1586 718 1967 771 absurditatem
1996 717 2089 769 de-

532 816 715 871 testari
752 812 1041 874 convenit,
1078 825 1413 879 consequens
1454 819 1537 864 est
1567 819 1623 862 ut
1653 809 1936 863 credamus
1980 822 2085 861 non

523 904 762 959 additum
791 915 920 956 esse
952 900 1147 955 Filium
1176 897 1354 961 Patri,
1386 898 1478 951 sed
1515 910 1727 965 semper
1760 904 2085 949 coartet-num

522 1011 587 1050 ex
618 996 731 1066 ipso
755 991 937 1047 fuisse.
957 990 1023 1045 Et
1043 990 1513 1059 quemadmodum,
1534 987 1577 1042 si
1608 987 1818 1041 additus
1840 985 1959 1050 fuit,
1982 1000 2084 1061 nou

522 1096 639 1141 erat
672 1080 1148 1139 consubstantialis
1186 1099 1198 1135 :
1237 1079 1312 1133 ita
1343 1079 1544 1143 etiam,
1577 1092 1699 1132 cum
1736 1076 1946 1130 additus
1980 1089 2083 1128 non

524 1176 699 1241 merit,
729 1174 823 1230 sed
852 1187 1065 1241 semper
1093 1188 1212 1226 cum
1238 1172 1355 1243 ipso
1373 1169 1657 1234 exstiterit,
1678 1169 1896 1225 omnino
1924 1167 2084 1221 etiam

520 1264 995 1323 consubstantialis
1026 1264 1074 1318 ei
1109 1272 1209 1318 est.

1185 1374 1393 1432 ALIUD

585 1488 820 1546 Tametsi
854 1487 1034 1559 aliquo
1068 1487 1223 1541 modo
1254 1486 1465 1540 diﬂ‘erat
1496 1483 1665 1541 Filius
1698 1497 1726 1536 a
1760 1497 1859 1538 suo
1890 1481 2079 1545 Patre,

513 1596 573 1636 ea
608 1582 858 1635 nimirum
889 1580 1099 1634 ratione
1122 1591 1225 1646 qua
1255 1576 1415 1630 Pater
1440 1575 1761 1650 principium
1789 1582 1893 1637 est,
1914 1572 2082 1628 Filius

515 1682 692 1728 autem
722 1688 785 1727 ex
818 1670 1101 1741 principio,
1128 1684 1231 1723 non
1262 1676 1441 1723 tamen
1470 1668 1671 1721 idcirco
1697 1666 1837 1719 idem
1870 1681 1989 1719 cum
2016 1680 2082 1719 eo

513 1772 565 1816 et
595 1760 1084 1816 consubstantialis
1118 1772 1239 1812 esse
1272 1758 1500 1811 desinet.
1535 1754 1715 1824 Neque
1748 1754 1888 1808 enim
1920 1754 2078 1823 quid-

2191 624 2254 675 Ei
2286 624 2464 677 τοίνυν
2500 625 2601 696 τὴν
2632 628 2690 677 ὲν
2730 628 2841 688 τοῖς
2871 628 3180 697 εἰρημένοις
3223 629 3450 681 ἀτοπίαν
3482 633 3765 699 παραιτεῖ-

2191 714 2315 766 σθαι
2330 715 2511 781 καλὸν,
2534 718 2811 770 πιστεύειν
2832 718 3123 771 ἀκόλουθον
3148 721 3222 782 ὼς
3258 721 3319 775 οὐ
3362 722 3721 791 προσγέγονεν
3738 725 3769 776 6

2189 804 2318 868 Tib;
2343 805 2422 875 τῷ
2447 807 2640 876 Πατρὶ,
2673 808 2789 860 ἀλλ’
2820 804 2887 880 ἦν
2915 811 3002 863 ἀεὶ
3039 811 3303 874 συναῖδιος
3333 812 3393 877 ἐξ
3436 813 3621 866 αὑτοῦ.
3659 815 3767 868 Καὶ

2186 894 2397 968 ὥσπερ,
2436 898 2484 950 εί
2510 900 2889 969 προσγεγονὼς
2922 902 3191 971 ἐφαίνετο,
3237 904 3337 955 οὐκ
3368 904 3433 957 ἂν
3464 900 3530 975 ἦν
3568 905 3766 975 ὁρ.οοὺ-

2188 1005 2320 1054 σιος,
2366 990 2555 1055 οὕτως,
2603 993 2725 1045 ἐπεὶ
2772 991 2847 1065 μή
2875 992 3032 1047 τοῦτό
3058 996 3243 1060 tactv,
3270 994 3385 1048 ἀλλ’
3425 991 3493 1069 ἦν
3534 998 3621 1049 ἀεὶ
3666 998 3763 1049 σὺν

2186 1080 2355 1153 αὐτῷ,
2389 1082 2608 1150 πάντως
2640 1082 2793 1137 ἔσται
2832 1088 2928 1139 καὶ
2960 1085 3261 1160 ὁμοοῠσιος.

2864 1374 3070 1429 ΑΛΛΟ.

2251 1480 2373 1535 Κᾶν.
2393 1485 2487 1557 ἔχῃ
2515 1484 2634 1537 τινὰ
2656 1484 2917 1557 διαφορὰν
2941 1490 2968 1539 6
3000 1488 3127 1550 Υἱὸς
3157 1488 3232 1551 ὠς
3264 1488 3398 1559 πρὸς
3427 1490 3518 1542 τὸν
3561 1490 3757 1545 ἑαυτοῦ

2182 1572 2419 1643 Πατέρα,
2449 1574 2570 1627 καθ’
2595 1574 2662 1646 ήν
2690 1578 2718 1629 ὁ
2744 1577 2843 1645 μὲν
2882 1578 3072 1649 Πατὴρ
3100 1580 3240 1649 ἀρχή
3266 1582 3437 1647 ἐστιν,
3468 1583 3495 1634 6
3522 1581 3580 1635 δὲ
3621 1582 3756 1645 Υἱὸς

2179 1666 2241 1717 ὲκ
2266 1665 2362 1735 τῆς
2391 1666 2584 1736 ἀρχῆς,
2618 1666 2733 1719 ἀλλ’
2764 1668 2825 1720 οὐ
2869 1667 2955 1721 διὰ
2980 1668 3136 1722 τοῦτο
3165 1671 3260 1739 τῆς
3289 1673 3616 1743 ταυτότητος
3653 1673 3754 1726 καὶ

2179 1755 2276 1827 τῆς
2317 1757 2453 1827 πρὸς
2484 1756 2647 1810 αὑτὸν
2676 1758 3097 1830 ὁμοουσιότητος
3124 1760 3511 1831 ὲξωσθήσεται.
3543 1765 3615 1816 Οὐ
3643 1764 3757 1836 γὰρ

512 1867 670 1920 quam
704 1850 866 1903 fuerit
892 1856 1218 1903 eoa-ternum
1248 1845 1429 1913 Patri,
1457 1846 1595 1913 quod
1626 1859 1691 1898 ex
1722 1845 1835 1914 ipso
1863 1853 2063 1897 natura

2178 1846 2330 1899 ἔσται
2368 1865 2419 1900 τι
2461 1849 2728 1904 συναῒδιον
2755 1850 2834 1919 τῷ
2869 1851 3065 1921 Πατρὶ,
3109 1852 3185 1925 μὴ
3214 1853 3273 1903 ὃν
3307 1852 3366 1918 ἐξ
3394 1854 3561 1907 αὑτοῦ
3595 1873 3756 1924 φυσι-

512 1942 632 1997 liter
658 1957 761 1996 non
795 1939 981 2004 fuerit;
1015 1953 1080 1993 ne
1114 1939 1274 1991 etiam
1304 1936 1568 1991 creaturis
1596 1936 1697 1989 hoc
1729 1935 1903 1988 inesse
1929 1934 2074 1987 dica-

512 2052 662 2101 mus,
694 2035 833 2104 quod
865 2034 962 2089 soli
994 2033 1188 2087 divina:
1218 2041 1422 2086 natura:
1454 2030 1611 2084 inest.
1638 2028 1899 2095 Quocirca
1936 2036 2073 2079 taut-

509 2128 609 2183 etsi
636 2126 798 2181 Filius
820 2124 1032 2179 Patrem
1054 2139 1209 2178 suum
1237 2124 1556 2193 principium
1582 2122 1869 2186 babeat,ea
1894 2129 2070 2173 tamen

510 2219 715 2273 ratione
766 2233 868 2287 qua
923 2231 989 2269 ex
1043 2215 1305 2285 principio
1359 2224 1469 2279 est,
1520 2227 1732 2280 unaque
1782 2226 1903 2267 cum
1958 2211 2074 2279 ipso

507 2308 743 2366 exsistit.
772 2304 1051 2359 dissimilis
1083 2304 1133 2357 ei
1168 2303 1458 2357 secundum
1491 2301 1778 2371 essentiam
1812 2315 1929 2354 esse
1965 2316 2070 2352 non

506 2405 699 2466 petest.
725 2395 997 2465 Siquidem
1024 2395 1147 2463 quia
1176 2408 1240 2449 ex
1264 2393 1530 2465 principio
1553 2402 1653 2455 est,
1679 2391 1879 2445 ideirco
1905 2392 2066 2445 etiam

505 2486 979 2544 consubstantialis
1006 2483 1272 2557 principio
1300 2494 1404 2539 est.
1432 2483 1484 2539 Id
1516 2497 1643 2537 vero
1670 2485 1810 2551 quod
1840 2483 2070 2536 consub-

506 2578 754 2634 stantialc
784 2577 932 2631 Patri
975 2586 1079 2641 est,
1124 2575 1411 2630 ascititium
1456 2590 1562 2631 non
1614 2586 1717 2640 est,
1763 2590 1830 2629 ue
1874 2583 1927 2628 et
1960 2574 2069 2642 ipse

509 2670 768 2741 ejusmodi
799 2684 920 2725 esse
949 2668 1271 2738 reperiatur.

1178 2757 1400 2815 ALIUD.

939 2872 1020 2925 E1
1050 2870 1332 2940 oly'ectioue
1362 2866 1627 2921 Emwmu.

572 2987 690 3043 Non
716 2986 928 3053 recipit,
942 2985 1145 3053 inquit,
1169 2982 1565 3049 generationem
1592 2980 1769 3045 Patris
1796 2979 2059 3045 essentia;

506 3082 719 3152 geuitus
762 3090 941 3132 autem
992 3085 1073 3130 est
1113 3075 1299 3128 Filius.
1332 3073 1445 3138 Quo
1486 3082 1647 3139 pacto
1687 3074 1845 3141 igitur
1887 3073 1935 3125 is
1975 3075 2063 3141 qui

506 3175 715 3243 genitus
742 3181 821 3225 est
844 3170 947 3223 er-it
976 3164 1454 3221 consubstantialis
1475 3162 1645 3229 Patri,
1670 3166 1757 3232 qui
1789 3178 1893 3217 non
1928 3166 2033 3218 reci
2051 3194 2065 3203 -

498 3266 576 3335 pit
598 3260 1037 3334 generationem?

1004 3368 1211 3423 Salutio
1239 3365 1561 3435 objectiouis.

570 3488 755 3541 Dieant
782 3483 965 3544 nobis,
994 3483 1251 3541 obsecro,
1282 3479 1370 3547 qui
1406 3478 1708 3546 huiusmodi
1743 3476 1903 3531 stulte
1939 3491 2061 3542 pro-

494 3582 707 3636 ferunt:
740 3576 793 3630 Si
830 3574 1340 3644 per‘geueratiunem
1366 3571 1567 3622 tollitur
1595 3569 2061 3642 cgnsubstautiali-

497 3683 604 3733 lus,
644 3686 739 3740 per
779 3683 937 3736 quant
994 3680 1103 3717 rem
1157 3660 1594 3716 conservabitur?
1637 3658 1702 3712 Et
1737 3677 1981 3723 rursum,
2014 3661 2056 3715 si

494 3764 730 3833 genitum
760 3776 864 3813 nett
898 3768 979 3812 est
1011 3752 1469 3811 consubstantiale
1504 3752 1773 3823 genitori,
1801 3753 2054 3819 quidnam

496 3856 599 3908 erit
624 3847 1114 3906 censubstantialc?
1142 3847 1300 3900 Certe
1330 3847 1377 3897 id
1406 3845 1546 3912 quod
1576 3845 1813 3912 genitura
1846 3858 1948 3895 non
1975 3851 2056 3894 est

495 3955 549 3997 et
576 3943 804 3995 alienum
831 3946 913 3992 est
937 3937 1003 3990 ab
1029 3934 1286 3996 essentia,
1313 3944 1402 3985 aut
1436 3934 1487 3985 id
1512 3932 1651 3999 quod
1682 3941 1947 3999 sumptqu
1975 3940 2057 3983 est

496 4032 564 4088 ab
603 4032 780 4101 aliquo
825 4044 1008 4081 eorum
1052 4039 1172 4094 qua:
1211 4024 1352 4077 cirra
1392 4023 1653 4076 essentias
1692 4031 1816 4073 sunt
1855 4037 1869 4075 :
1909 4020 2055 4086 atqui

498 4128 595 4179 hoc
626 4118 950 4191 impossibile
977 4130 1077 4169 εει.
1111 4115 1264 4167 Dices
1295 4114 1454 4181 igitur
1488 4112 1781 4180 ingenitum
1816 4110 2055 4177 ingenito

494 4216 653 4286 plane
686 4208 1143 4266 censubstautiale
1173 4218 1319 4267 esse,
1351 4204 1641 4271 ingenitum
1674 4210 1847 4254 autem
1875 4200 2052 4266 genito

493 4321 598 4360 non
629 4306 775 4357 item.
799 4299 1083 4369 Quocirca,
1106 4312 1226 4350 cum
1246 4297 1417 4349 Adam
1437 4295 1649 4364 genitus
1674 4310 1780 4349 non
1810 4295 1900 4357 sit,
1921 4293 2050 4345 Abel

492 4407 669 4450 autem
702 4409 767 4447 ex
800 4391 1021 4447 muliere
1051 4390 1286 4458 genitus,
1319 4402 1420 4439 nou
1455 4386 1558 4439 erit
1586 4385 1787 4437 Adamn
1820 4384 2050 4437 consub-

489 4485 772 4542 stantialis.
794 4482 848 4536 Si
874 4496 995 4535 vero
1019 4480 1230 4549 genitus
1250 4477 1463 4545 quidem
1488 4486 1591 4537 est,
1610 4475 1844 4541 ejusdem
1870 4484 2045 4528 tamen

488 4588 573 4633 est
598 4593 718 4630 cum
745 4574 948 4626 Adamo
974 4573 1135 4624 etiam
1191 4584 1296 4622 non
1328 4568 1507 4638 genito
1539 4578 1763 4631 naturae,
1791 4568 1916 4635 quid
1954 4569 2047 4621 ιώ-
2080 4551 2121 4603 Ῑ)

490 4675 599 4724 stat
633 4666 918 4736 qumniuus
953 4661 1120 4716 Filius
1161 4676 1227 4715 ex
1275 4660 1509 4729 ingenito
1552 4655 1711 4711 Patre
1751 4659 1961 4728 genitus
2000 4659 2046 4712 ei

488 4762 554 4816 sit
588 4751 1095 4813 consubstantialis?

900 4869 1011 4941 68
1043 4865 1266 4929 ALIUD,
1298 4866 1625 4932 explicatius.

556 4986 802 5042 Gcnitum
842 4998 960 5040 esse
995 4984 1191 5039 Filium
1234 4996 1299 5035 ex
1331 4979 1487 5035 Patre
1522 4982 1683 5035 etiam
1722 4981 1818 5049 ipsi
1861 4982 2044 5037 hostes

486 5080 683 5134 Clu-isti
726 5079 1079 5142 conﬁtentur;
1124 5090 1295 5144 neque
1342 5075 1653 5143 quisquam,
1688 5074 1942 5137 arbitror,
1976 5090 2041 5128 eo

486 5171 733 5239 nequitia:
760 5168 992 5233 devenit,
1020 5176 1079 5220 ut
1104 5168 1299 5219 audeat
1324 5165 1506 5219 dicere
1532 5164 1702 5233 ipsum
1732 5166 1953 5231 perinde
1976 5180 2038 5219 ac

482 5272 757 5313 creaturas
791 5261 1002 5315 ratione
1024 5266 1227 5312 natura:
1265 5266 1417 5309 extra
1485 5255 1725 5310 divinam
1748 5255 2035 5310 essentiam

2177 1938 2288 2001 κῶς
2308 1956 2321 1968 ⁸
2354 1940 2441 1993 ἵνα
2481 1939 2556 2011 μὴ
2591 1942 2687 1994 καὶ
2722 1944 2835 2005 τοῖς
2868 1943 3130 2014 κτίσμασι
3165 1944 3320 1999 τοῦτο
3353 1949 3634 2017 προσεῖναι
3663 1948 3755 2000 λέ-

2173 2046 2383 2099 γωμεν,
2413 2030 2442 2083 ὃ
2474 2032 2610 2104 μόνῃ
2638 2033 2898 2103 πρόσεστι
2922 2037 2987 2104 τῇ
3026 2034 3146 2106 θείᾳ
3186 2036 3365 2104 φύσει,
3404 2037 3612 2090 Οὐκοῦν
3645 2038 3755 2093 κᾶν

2171 2121 2345 2192 ἀρχὴν
2382 2123 2410 2174 6
2452 2123 2578 2188 Υίδς
2611 2124 2709 2197 ἔχῃ
2737 2124 2829 2178 τὸν
2859 2125 3049 2178 ἑαυτοῦ
3093 2128 3333 2196 Πατέρα,
3364 2130 3499 2182 ἀλλὰ
3523 2130 3655 2183 καθὸ
3684 2133 3753 2185 ὲκ

2172 2212 2272 2281 τῆς
2313 2215 2487 2284 ἀρχῆς
2528 2216 2665 2277 ἐστι,
2704 2215 2999 2287 σύνδρομον
3027 2218 3164 2288 αὐτῇ
3195 2219 3253 2271 τὸ
3281 2215 3422 2273 εἶναι
3450 2221 3609 2289 ἔχων,
3654 2224 3751 2275 ἀν-

2170 2301 2353 2370 όμοιος
2380 2304 2479 2355 οὐκ
2504 2303 2656 2357 ἔσται
2686 2304 2823 2357 κατὰ
2852 2304 2951 2375 τήν
2976 2306 3165 2358 οὐσίαν
3197 2309 3351 2379 αὐτῇ.
3394 2310 3609 2381 Ἐπειδὴ
3638 2312 3750 2381 γὰρ

2170 2392 2233 2442 ὲκ
2266 2391 2366 2459 τῆς
2394 2392 2566 2462 ἀρχῆς
2589 2395 2723 2459 ἐστι,
2751 2394 2837 2447 διὰ
2860 2393 3017 2448 τοῦτο
3046 2398 3141 2450 καὶ
3169 2399 3453 2469 ὀμοούσιος
3487 2404 3552 2473 τῇ
3578 2404 3743 2473 ἀρχῇ.

2170 2481 2242 2533 Τὸ
2271 2481 2326 2534 δὲ
2361 2482 2644 2553 ὁμοούσιον
2675 2484 2752 2554 τῷ
2781 2486 2973 2557 Πατρὶ,
3011 2490 3330 2560 ὲπιγενητὸν
3358 2494 3458 2545 οὐκ
3493 2493 3630 2558 ἐστι,
3656 2495 3746 2549 ἵνα.

2172 2573 2247 2645 μὴ
2277 2574 2433 2627 τοῦτο
2464 2567 2538 2629 ὢν
2576 2577 2896 2649 εὑρίσκηται
2931 2580 3025 2634 καὶ
3052 2582 3233 2645 αὑτός.

2848 2752 3053 2808 ΔΛΛΟ.

2415 2862 2503 2929 Ὡς
2532 2863 2601 2928 ἐξ
2630 2865 2987 2935 ἀντιθέσεως
3021 2869 3141 2925 τῶν
3168 2872 3489 2945 Εὐνομίου.

2235 2976 2347 3027 Οὐκ
2400 2976 2728 3046 ἐπιδέχεται,
2787 2981 2941 3047 φησι,
2982 2983 3235 3051 γέννησιν
3293 2982 3472 3053 ήτοῦ
3527 2986 3742 3057 Πατρὸς

2164 3068 2321 3119 οὐσία
2341 3083 2353 3094 ·
2386 3066 2650 3139 ἐγεννήθη
2680 3068 2736 3120 δὲ
2775 3070 2803 3121 6
2833 3070 2979 3134 Υίός.
3012 3073 3132 3136 Πῶς
3163 3070 3255 3128 οὖν
3288 3077 3316 3127 6
3345 3078 3742 3147 γεγεννημένος

2163 3156 2445 3227 ὁμοούσιος
2479 3157 2630 3211 ἔσται
2662 3158 2739 3229 τῷ
2770 3161 2962 3234 Πατρὶ,
2993 3164 3071 3234 τῷ
3100 3165 3173 3236 μὴ
3203 3168 3572 3240 ἐπιδεχομένῳ
3611 3172 3741 3239 γέν.

2091 3224 2133 3280 C
2166 3224 2349 3321 νησιν;

2646 3367 2802 3434 Πρὸς
2831 3370 3005 3424 τοῦτο
3032 3374 3234 3439 λύσις.

2230 3479 2548 3547 Δεγέτωσαν
2577 3482 2708 3550 ἡμῖν
2740 3483 2789 3533 oi
2821 3484 2890 3534 τὰ
2924 3483 3147 3537 τοιαῦτα
3183 3486 3556 3555 προτείνοντες
3583 3490 3739 3560 ἀμα-

2162 3568 2288 3634 θῶς,
2324 3570 2383 3623 Εἰ
2416 3572 2503 3625 διὰ
2536 3574 2632 3642 τῆς
2666 3575 2971 3645 γεννήσεως
3003 3576 3306 3649 ἀναιρεῖται
3332 3579 3391 3631 τὸ
3426 3581 3737 3651 ὀμοούσιον,

2159 3662 2246 3713 διὰ
2272 3663 2423 3716 ποίου
2462 3664 2763 3735 σωθήσεται
2808 3666 3168 3736 πράγματος;
3217 3670 3327 3723 Καὶ
3359 3672 3539 3738 πάλιν,
3572 3676 3618 3727 εί
3652 3678 3738 3748 τῷ

2157 3757 2509 3825 γεγεννηκότι
2538 3757 2598 3809 τὸ
2632 3759 2890 3827 γεννηθὲν
2925 3761 3022 3829 οὐχ
3050 3762 3354 3829 ὁμοούσιον,
3392 3769 3546 3820 ποῖον
3576 3770 3737 3824 ἔσται

2155 3846 2214 3899 τδ
2255 3846 2570 3916 ὀμοούσιονς
2620 3851 2762 3919 Ἀρα
2811 3851 2871 3903 τὸ
2921 3851 2995 3920 μὴ
3040 3850 3295 3922 γεννηθὲν
3327 3855 3420 3908 καῖ
3450 3857 3735 3929 ἀλλότριον

2154 3942 2253 4010 τῆς
2277 3944 2481 4005 οὐσίας,
2505 3943 2537 4010 ἥ
2572 3943 2630 3995 τὸ
2653 3943 2759 3996 ἀπό
2786 3961 2931 4006 τινος
2958 3944 3159 4015 ληφθὲν
3198 3946 3303 3999 τῶν
3326 3948 3425 4001 ὅσα
3456 3950 3574 4002 ἐστὶ
3600 3951 3738 4021 περὶ

2154 4034 2248 4096 τὰς
2285 4035 2470 4097 οὐσίας
2492 4051 2503 4064 ’
2536 4035 2670 4087 ἀλλὰ
2701 4035 2855 4087 τοῦτο
2899 4036 3176 4089 ἀδύνατον.
3228 4039 3401 4106 Ἐρεῖς
3437 4036 3530 4094 οὖν
3558 4042 3734 4095 ὅτιτὸ

2154 4125 2443 4194 ἀγέννητον
2492 4124 2569 4195 τῷ
2623 4127 2901 4196 ἀγεννηήτῳ
2951 4127 3165 4190 πάντως
3215 4130 3519 4199 ὁμοούσιον,
3563 4132 3622 4184 τὸ
3666 4133 3730 4186 δὲ

2151 4216 2443 4287 ἀγέννητον
2468 4215 2544 4287 τῷ
2568 4217 2810 4287 γεννητῷ
2831 4219 2928 4287 οὐχ
2950 4220 3151 4288 ὅμοιον.
3192 4221 3400 4273 Οὐκοῦν
3427 4223 3730 4296 ἐπειδήπερ

2150 4305 2249 4357 οὐκ
2298 4306 2560 4376 ἐγεννήθη
2613 4306 2709 4376 μὲν
2741 4309 2767 4359 6
2810 4308 2997 4377 Ἀδὰμ,
3035 4309 3296 4379 ἐγεννήθη
3346 4310 3402 4363 δὲ
3441 4312 3605 4364 Ἀϐελ
3656 4315 3729 4368 ἐκ

2150 4397 2423 4463 γυναικὸς,
2444 4398 2541 4451 οὐκ
2570 4398 2722 4450 ἔσται
2752 4396 2828 4467 τῷ
2864 4399 3031 4467 Ἀδὰμ
3056 4399 3355 4469 ὀμοούσιος.
3392 4401 3455 4452 Ei
3484 4401 3539 4453 δὲ
3568 4403 3726 4469 ἐγενε-

2150 4484 2285 4555 νήθη
2320 4487 2437 4554 μὲν,
2469 4485 2581 4555 ἔχει
2627 4487 2681 4539 δὲ
2709 4490 2808 4557 τῆς
2861 4488 3076 4555 φύσεως
3103 4488 3197 4560 τὴν
3234 4490 3541 4560 ταυτότητα
3586 4493 3727 4563 πρὸς

2150 4576 2237 4627 τὸν
2278 4575 2467 4645 Ἀδὰμ,
2501 4578 2677 4630 καίτοι
2732 4579 2805 4650 μὴ
2850 4582 3263 4649 γεγεννημένον,
3294 4581 3347 4634 τί
3384 4582 3578 4635 κωλύει
3624 4586 3727 4639 καὶ

2148 4668 2237 4719 τὸν
2280 4668 2417 4721 Υἱὸν
2448 4669 2507 4733 ἐξ
2544 4670 2837 4741 ἀγεννήτου
2882 4670 3095 4741 Πατρδς
3131 4672 3259 4725 ὄντα
3293 4676 3547 4743 γεννητὸν
3580 4672 3724 4731 εἶναι

2148 4759 2242 4812 καὶ
2268 4760 2550 4830 ὁμοούσιον
2571 4779 2585 4827 ;

2579 4874 2779 4937 ΑΛΛΟ,
2819 4874 3264 4944 διηγηματικῶς.

2213 4987 2574 5055 Γεγεννῆσθαι
2598 4988 2689 5043 τὸν
2722 4987 2845 5041 Υίὸν
2870 4989 2932 5041 ὲκ
2962 4990 3174 5059 Πατρὸς
3200 4991 3293 5042 καὶ
3327 4991 3377 5041 οἱ
3418 4993 3717 5061 χριστομά-

2145 5094 2229 5146 χοι
2260 5075 2641 5144 συνθήσονται·
2696 5079 2789 5129 καὶ
2812 5077 2909 5130 οὐκ
2961 5077 3027 5130 ἄν
3054 5095 3155 5140 τις,
3206 5078 3379 5147 οἶμαι,
3410 5080 3544 5149 πρὸς
3580 5096 3713 5132 τοσ-

2146 5167 2315 5237 αὐτην
2345 5166 2534 5221 ἐλάσαι
2576 5167 2790 5232 κακίαν,
2836 5168 2909 5230 ὡς
2941 5168 3206 5236 τολμῆσαι
3236 5168 3486 5239 καθάπερ
3522 5170 3613 5221 καὶ
3642 5170 3714 5223 τὰ

2145 5261 2423 5329 ποιήματα
2461 5260 2553 5311 καὶ
2596 5259 2757 5313 αὐτὸν
2791 5260 2893 5323 ἔξω
2927 5259 3136 5312 κεῖσθαι
3175 5261 3273 5330 τῆς
3322 5261 3471 5324 θείας
3520 5261 3711 5324 οὐσίας

480 5367 620 5405 eSse.
653 5349 708 5404 Si
750 5350 911 5420 igitur
949 5349 1133 5417 genuit
1164 5363 1229 5403 ex
1264 5362 1321 5401 se
1357 5346 1515 5400 Pater
1547 5346 1772 5413 Filium,
1798 5363 1895 5399 cur
1932 5363 2035 5402 nou

2168 5350 2278 5401 ιατὰ
2317 5350 2405 5403 τὸν
2434 5349 2530 5418 τῆς
2563 5349 2772 5415 φύσεως
2803 5349 2976 5416 λόγον.
3022 5350 3082 5401 Εἰ
3122 5349 3302 5401 τοίνυν
3337 5349 3621 5421 ἐγέννησεν
3647 5352 3710 5415 ἐξ

480 5444 584 5497 erit
615 5440 1115 5496 conSubstantialis?
1148 5439 1333 5494 Dicant
1375 5440 1528 5494 nobis
1559 5438 1650 5492 Dei
1682 5437 1841 5493 Verbi
1876 5456 2035 5494 accu-

478 5542 705 5586 satores.
737 5532 867 5584 Nam
901 5541 991 5584 aut
1022 5533 1144 5601 quia
1181 5547 1283 5583 non
1319 5532 1522 5599 potuit,
1549 5540 1640 5584 aut
1673 5531 1794 5601 quia
1834 5531 2033 5594 noluit,

479 5626 635 5676 talem
685 5626 855 5692 ipsum
901 5632 1140 5693 generat.
1188 5624 1243 5677 Si
1288 5624 1467 5676 dicant
1514 5625 1637 5692 quia
1683 5640 1785 5677 non
1831 5628 2029 5691 petuil,

477 5717 669 5781 pudeat
715 5714 830 5767 illos
871 5712 1045 5766 Patris
1088 5715 1375 5767 essentiam
1420 5716 1742 5768 contumelia
1790 5716 2028 5778 allicere,

2138 5439 2329 5491 ἑαυτοῦ
2347 5440 2435 5492 τὸν
2450 5440 2575 5491 Υἱὸν
2592 5442 2617 5492 6
2642 5440 2847 5509 Πατὴρ,
2864 5441 3002 5493 διατί
3036 5441 3109 5510 μὴ
3138 5440 3448 5509 ὁμοούσιος;
3470 5442 3707 5509 Λεγέτω-

2137 5518 2235 5584 σοιν
2262 5534 2391 5602 ἡμῖν
2418 5534 2464 5583 οἱ
2495 5531 2586 5583 τοῦ
2616 5531 2749 5584 Θεοῦ
2782 5533 2953 5599 Λόγου
2986 5533 3301 5601 κατήγοροι.
3344 5533 3706 5600 Ἀδυνατήσας

2133 5618 2240 5691 ἆρα
2268 5622 2502 5677 τοιοῦτον
2534 5622 2694 5675 αὑτὸν
2744 5623 2991 5692 γεννᾷ,ἢ
3043 5622 3116 5691 μὴ
3172 5622 3439 5692 θελήσαςς
3498 5624 3559 5676 Ei
3604 5623 3706 5691 μὲν

2132 5711 2223 5765 οὖν
2277 5713 2615 5784 ἀδυνατήσας
2667 5715 2934 5781 λέγουσιν,
2981 5714 3418 5782 αἰσχυνέσθωσαν
3465 5715 3561 5782 τὴν
3604 5714 3703 5767 τοῦ

476 5819 595 5855 cum
637 5802 996 5864 impotentiam
1038 5801 1109 5853 illi
1151 5802 1383 5855 tribuere
1417 5801 1644 5867 audent;
1680 5801 1725 5854 si
1758 5816 1886 5855 vero
1923 5802 2028 5855 alio

2168 5806 2343 5872 [ατρὸς
2382 5808 2568 5859 οὐσίαν
2603 5806 2929 5873 ὑϐρίζοντες,
2978 5806 3041 5857 δι’
3081 5799 3153 5858 ὧν
3184 5806 3319 5875 αὑτῇ
3372 5805 3704 5875 προσάπτειν
