4012 6338
257 430 363 486 “3

1678 390 2133 473 russauuus;

3436 407 3457 460 l
3478 405 3539 460 14

251 548 309 599 τὸ
351 538 704 615 μὴδύνασθαι
730 537 1155 607 τετολμήκασιν.
1196 536 1257 588 El
1287 535 1332 587 δ’
1358 537 1450 589 ἐπὶ
1484 534 1713 604 θάτερον
1743 548 1838 604 με·

1969 534 2283 605 :onl'ugianl,
2313 542 2368 589 et
2394 531 2640 588 noluisse
2669 527 2857 583 dicant
2882 522 3404 582 consubstantialem
3435 521 3538 576 sibi

247 637 636 705 ταστήσονται,
686 628 782 683 καὶ
827 632 902 699 μὴ
945 627 1198 698 ἐθελῆσαι
1235 628 1501 696 φήσουσιν
1551 626 1838 695 ὀμοούσιον

248 722 400 792 αὑτῷ
427 719 692 788 γεννῆσαι
723 716 817 770 τὸν
850 716 999 776 Υἱὸν,
1042 713 1243 785 ἑτὲρώς
1278 715 1559 787 ὑϐρίζουσι
1603 716 1839 785 πρᾶγμα

250 814 489 887 χαλεπὸν
508 814 603 865 καὶ
624 811 685 863 zu
717 810 936 863 πάντων
960 807 1239 878 αἴσχιστον
1270 806 1644 878 περιτιθέντες
1668 806 1835 875 αὐτῷ,

252 906 343 959 τὸν
371 906 464 958 ἐπὶ
493 906 607 966 τοῖς
642 901 924 972 ἀμείνοσιν
949 899 1127 952 ὄκνον.
1159 898 1221 950 El
1257 896 1366 967 γὰρ
1400 898 1647 970 κρεῖττον
1680 891 1747 967 ἦν
1777 896 1841 949 τὸ

252 993 537 1063 ὀμοούσιον
565 993 661 1046 τοῦ
697 992 771 1062 μὴ
798 990 1059 1053 τοιούτου,
1085 989 1202 1053 πῶς
1231 989 1331 1043 οὒκ
1353 988 1507 1043 ἔσται
1531 989 1840 1060 δυσφημίας

254 1087 475 1157 ἁπάσης
517 1085 779 1139 ἐπέκεινα
806 1082 867 1136 τὸ
897 1081 1077 1150 λέγειν
1104 1082 1329 1151 ὀκνῆσαι
1378 1082 1506 1152 περὶ
1546 1082 1616 1134 τὰ
1658 1080 1841 1153 κρείτ·

251 1194 381 1232 τονα
426 1177 525 1230 καὶ
576 1174 1004 1246 πρεταυδέστερα
1034 1174 1135 1243 τὴν
1182 1171 1333 1225 θείαν
1379 1173 1589 1238 οὐσίαν,
1627 1173 1721 1226 καὶ
1765 1171 1841 1242 μὴ

256 1268 457 1337 μᾶλλον
508 1267 761 1338 ἐθελῆσαι
802 1267 863 1319 τὸ
895 1264 1113 1318 κάλλιον
1145 1265 1179 1335 ἢ
1219 1266 1277 1319 τὸ
1311 1265 1404 1336 -μὴ
1455 1264 1630 1328 οὕτως
1678 1264 1838 1335 ἐχονς

266 1359 424 1414 Ἀλλὰ
479 1360 661 1414 πάντα
704 1357 929 1411 δύναται
984 1358 1159 1410 ποιεῖν
1190 1357 1232 1410 ηὸ
1282 1357 1493 1427 Πατὴρ,
1548 1355 1642 1410 καὶ
1700 1355 1842 1409 θέλει

253 1454 459 1525 μᾶλλον
477 1444 539 1506 τὺ
572 1454 823 1523 κρεῖττον
843 1467 857 1482 ·
888 1450 1040 1505 οὐδὲν
1062 1445 1156 1506 οὖν
1176 1450 1293 1504 ἔστι
1313 1449 1377 1504 τὸ
1410 1448 1618 1504 κωλύειν
1649 1447 1844 1519 ὀμοού-

252 1558 364 1598 σιον
392 1537 540 1598 εἶναι
570 1543 664 1597 τὸν
698 1542 847 1597 Υίόν.

941 1781 1147 1837 MAG.

530 1889 861 1960 Ἀντίθεσις
889 1893 968 1959 ὡς
999 1892 1068 1947 ἐκ
1099 1889 1219 1947 τῶν
1250 1891 1574 1962 Εὐνομίαν.
1876 1901 1918 1955 Β

318 1979 397 2040 Th
450 1984 515 2051 ἐξ
560 1984 740 2038 αετίου
797 1984 943 2048 τινὸς
974 1983 1055 2047 δν,
1106 1983 1140 2054 ἢ
1184 1984 1610 2054 γεγεννημένον,
1653 1984 1841 2053 φησὶν,

250 2076 471 2145 ἀνάγκη
501 2073 755 2145 δεύτερον
776 2069 916 2129 εἶναι
945 2074 1160 2141 τούτου,
1181 2071 1210 2127 δ
1235 2073 1299 2145 δὴ
1325 2073 1420 2128 καὶ
1449 2074 1671 2143 γέγονεν
1693 2073 1845 2143 αὐτῷ

250 2166 346 2220 τοῦ
384 2162 525 2220 εἶναι
552 2165 750 2220 αῐτιον.
790 2164 999 2219 Οὐκοῦν
1038 2166 1290 2237 δεύτερος
1323 2165 1475 2218 ἔσται
1502 2166 1597 2219 τοῦ
1633 2167 1848 2235 Πατρὸς

249 2258 281 2309 ὁ
310 2256 441 2319 Υἱὸς
471 2256 645 2309 αῐτιον
678 2252 843 2308 αὐτὸν
869 2254 1039 2325 ἔχων·
1073 2255 1167 2307 καὶ
1208 2254 1297 2308 διὰ
1329 2253 1488 2307 τοῦτο
1513 2255 1612 2325 οὐχ
1653 2254 1849 2325 δμοού-

257 2366 398 2414 σιος.
446 2351 518 2402 Ἤ
565 2346 1034 2418 ἀφιλονεικὸτερον
1080 2346 1403 2418 ἐνστήσεται
1435 2364 1517 2410 τις
1561 2347 1850 2417 ὁμοούσιον

254 2439 422 2493 αὑτὸν
453 2434 597 2493 εἶναι
629 2438 827 2507 λέγων,
873 2439 907 2508 ὴ
957 2437 1056 2508 μία
1100 2436 1315 2508 θεότης,
1349 2438 1475 2507 ἄρα,
1525 2438 1701 2509 τομήν
1729 2455 1850 2490 τινα

256 2529 584 2599 χωρήσασα,
612 2527 838 2596 γέγονεν
876 2527 956 2590 είς
999 2524 1201 2579 δυάδα·
1246 2526 1309 2579 οὐ
1350 2527 1460 2597 γὰρ
1488 2527 1693 2596 ἑτέρως
1724 2528 1852 2597 ὁμο-

253 2620 441 2683 οὑσιος
472 2616 610 2673 εῖναι
636 2619 879 2674 δύναται.
927 2619 1166 2689 ’Δνάγκη
1197 2612 1291 2672 οὖν
1315 2618 1498 2687 λέγειν
1524 2618 1623 2688 οὐχ
1656 2618 1851 2688 ὁμοούο

259 2729 380 2765 σιον
412 2706 553 2767 εἶναι
580 2711 672 2767 τὸν
706 2712 855 2766 Υίόν.

753 2922 909 2991 Πρὸς
941 2916 1128 2977 ταῦτα
1157 2924 1361 2988 λύσις.

334 3034 452 3088 Οὐκ
478 3033 795 3088 αἰσθάνεται
840 3034 1005 3087 πάλιν
1035 3032 1249 3104 μεθύων
1275 3035 1304 3087 ὁ
1334 3030 1725 3103 χριστομάχος,
1764 3033 1858 3086 καὶ

267 3127 448 3197 μάτην
475 3126 885 3197 καταφλυαρῶν
930 3126 1032 3196 τῆς
1079 3123 1232 3189 θείας
1261 3125 1470 3187 οὐσίας.
1510 3124 1583 3177 Τὸ
1610 3124 1710 3194 μὲν
1750 3125 1859 3195 γὰρ

262 3217 567 3289 τέμνεσθαι
595 3218 692 3271 καὶ
709 3217 989 3272 διάστασιν
1011 3234 1132 3271 τινα
1156 3215 1356 3287 μεταξὺ
1372 3216 1471 3287 τὴν
1497 3214 1858 3292 πρὸςᾶλληλα
1888 3258 1930 3314 C

262 3310 533 3364 δύνασθαι
578 3308 784 3376 λαϐεῖν,
824 3309 1106 3380 σωμάτων
1155 3309 1310 3364 ἴδιον.
1374 3309 1437 3363 Ἢ
1487 3308 1545 3361 δὲ
1596 3306 1718 3361 θεία
1760 3307 1855 3361 τοῦ

269 3402 483 3473 Πατρδς
513 3401 694 3467 οὐσία,
726 3400 1019 3473 ἀσώματος
1044 3395 1201 3468 οὖσα,
1235 3402 1410 3471 τομῆς
1433 3417 1494 3453 τε
1524 3399 1619 3454 καὶ
1648 3398 1858 3471 διαιρέ-

270 3511 411 3559 σεως
453 3494 806 3558 ἀνεπίδεκτός
838 3494 1017 3547 ἑστιν·
1047 3491 1173 3547 οὔτε
1220 3487 1278 3546 δὲ
1314 3494 1373 3545 ὲν
1401 3492 1554 3562 τόπῳ
1598 3491 1858 3561 μένουσα,

267 3585 391 3641 οὔτε
423 3586 532 3639 ὑπό
574 3570 732 3649 τινοξ
763 3582 899 3641 οὖσα
943 3585 1187 3657 χωρητὴ,
1229 3585 1345 3640 ἀλλ’
1392 3585 1452 3638 ὲν
1485 3585 1711 3656 ἀρρήτῳ
1751 3584 1861 3637 τινὶ

272 3680 368 3732 καὶ
396 3678 664 3750 ἀφράστῳ
683 3660 1019 3733 καταστάσει
1040 3676 1294 3748 κειμένη,
1314 3676 1408 3729 τὸν
1430 3675 1560 3729 Υίδν
1579 3675 1637 3742 ἐξ
1662 3673 1863 3744 ἑαυτῆς

273 3756 619 3831 ἀδιαστάτως
647 3768 950 3839 ἐξέλαμψεν
970 3783 986 3799 ’
1017 3768 1118 3822 οὐκ
1144 3766 1211 3821 ἂν
1244 3766 1446 3839 ἑτέρως
1468 3766 1615 3836 ἔχειν
1636 3764 1705 3819 τὸ
1725 3760 1864 3819 εἶναι

273 3859 455 3913 τελεία
485 3859 783 3931 δυναμένη,
817 3838 975 3931 εῑῖμὴ
1008 3859 1267 3929 ἐγέννησε
1314 3858 1405 3913 τὸν
1439 3857 1591 3921 Υίδν,
1624 3857 1720 3912 καὶ
1766 3859 1864 3912 ἁν-

274 3947 489 4020 εδείχθη
516 3949 853 4019 καρπογόνος
870 3966 883 3980 ·
911 3950 1005 4003 καὶ
1022 3948 1181 4002 πάλιν
1203 3950 1303 4003 οὒκ
1319 3950 1385 4003 ἂν
1407 3948 1608 4018 ἑτέρως
1628 3947 1865 4018 ἐσομένη

274 4039 629 4112 δημιουργὸς,
670 4042 721 4094 εί
750 4040 827 4112 μὴ
854 4041 1073 4095 τέτοκεν
1101 4040 1163 4106 ἐξ
1193 4041 1393 4112 ἑαυτῆς
1433 4041 1745 4113 ἀμερίστως
1775 4040 1867 4092 τὸν

277 4128 425 4198 raw,
460 4132 531 4184 δι’
561 4125 622 4187 οὗ
651 4132 930 4199 ταπάντα
978 4132 1292 4203 ἐργάζεται.
1328 4129 1639 4187 Ἐστιννοῦν
1669 4135 1697 4185 ὁ
1739 4132 1868 4195 Υἱὸς

278 4220 560 4292 γεννηθεὶς
587 4224 651 4275 ὲκ
694 4220 931 4293 Πατρδς,
960 4224 1023 4277 οὐ
1063 4219 1209 4277 κατά
1236 4241 1362 4279 τινα
1395 4225 1590 4296 τομὴν,
1626 4226 1659 4295 ἢ
1695 4224 1870 4296 ἀπόρο

282 4314 453 4384 ροιαν,
502 4311 755 4384 καθάπερ
804 4312 962 4385 ὑμεῖς
1006 4314 1379 4384 φαντάζεσθε·
1430 4314 1546 4369 ἀλλ’
1580 4314 1770 4386 ὥσπερ
1804 4315 1870 4368 ὲκ

280 4404 451 4475 πυρὸς
497 4403 793 4476 θερμότης,
848 4405 1164 4478 ἁμερίστως
1212 4408 1277 4460 ὲκ
1326 4404 1426 4477 τῆς
1454 4406 1563 4477 τοῦ
1615 4406 1867 4469 τεκόντος

282 4493 563 4568 προελθὼν
594 4495 807 4561 οὐσίας.
1012 4550 1013 4553 η
1096 4490 1105 4511 ¹
1322 4530 1326 4534 Α
1546 4498 1600 4507 ”
1716 4519 1723 4526 -

437 4577 444 4582 ’
972 4576 1173 4645 ΛΑΜ).

532 4701 629 4771 Ὠς
658 4702 729 4779 ἐξ
765 4701 1124 4771 ἀντιθέσεως
1157 4701 1279 4757 τῶν
1307 4705 1632 4773 Εὐνομίου.

353 4818 418 4872 El
444 4815 729 4887 ὀμοούσιός
751 4817 893 4883 ἐστι,
920 4816 1105 4886 φησιν,
1140 4819 1168 4870 ὁ
1211 4816 1339 4880 Υίδς
1368 4816 1445 4887 τῷ
1475 4814 1675 4885 Ila-cpt,
1706 4814 1761 4867 τί
1794 4814 1870 4885 μὴ
1898 4829 1901 4833 ·

286 4907 382 4959 καὶ
403 4905 567 4969 αὐτός
590 4906 738 4958 ἐστιν
752 4904 957 4973 ἀγαθὸς
981 4905 1153 4970 οὕτως
1169 4904 1244 4967 ὡς
1260 4906 1289 4959 δ
1310 4907 1504 4976 Πατήρ
1524 4922 1537 4969 ;
1576 4904 1740 4973 Λέγει
1765 4906 1874 4975 γάρ

286 5013 391 5050 που
431 4996 572 5067 πρός
613 5013 737 5049 τινα
765 4997 793 5050 ὁ
826 4996 1098 5068 Χριστόςο
1139 5015 1159 5048 ι
1198 4996 1264 5049 Τί
1312 5013 1378 5067 με
1416 4996 1597 5064 λέγεις
1625 4996 1872 5064 ἀγαθ6ν;

287 5088 474 5152 Οὐδεὶς
521 5087 725 5157 ἀγαθὸς
755 5088 805 5141 ει
862 5074 945 5159 μὴ
980 5069 1068 5153 ἐις
1110 5090 1140 5142 ὁ
1167 5087 1319 5156 Θεός.
1361 5107 1380 5140 ι
1412 5088 1561 5151 “Eva
1591 5088 1648 5142 δὲ
1677 5088 1871 5151 είπὼν,

289 5182 480 5237 ἑαυτὸν
510 5182 617 5249 ἔξω
639 5181 906 5255 τέθεικεν,
934 5182 1012 5246 ὡς
1040 5180 1243 5250 ἀγαθὸν
1283 5185 1384 5253 μὲν
1410 5182 1540 5235 ὄντα
1565 5182 1661 5236 καὶ
1687 5180 1873 5249 αὐτὸν,

288 5276 386 5348 οὐχ
412 5274 558 5330 οὕτω
585 5274 643 5329 δὲ
673 5273 864 5345 ὥσπερ
896 5273 964 5329 ἂν
997 5273 1083 5345 εἴη
1116 5275 1210 5328 καί
1238 5274 1268 5328 ὁ
1306 5276 1517 5347 Πατήρ.

768 5387 925 5456 Πρὸς
950 5386 1139 5442 ταῦτα
1173 5387 1381 5453 λύσις.

360 5502 571 5573 Κύριον
606 5499 990 5562 ἀποκαλούσης
1027 5499 1122 5555 τδν
1160 5500 1289 5554 Υίδν
1325 5502 1424 5570 τῆς
1451 5500 1602 5564 θείας
1631 5501 1875 5571 Γραφῆς,

290 5595 476 5657 δώσεις
501 5592 616 5662 ἄρα
654 5590 751 5644 καῖ
790 5589 954 5643 αὑτὸν
996 5585 1136 5643 εἶναι
1168 5592 1395 5661 Κύριον,
1430 5591 1701 5645 καὶτοῦτο
1736 5594 1881 5645 κατὰ

246 5746 248 5748 τ
292 5685 571 5756 ἀλήθειαν,
600 5680 635 5751 ἧ
666 5679 805 5750 πρὸς
824 5682 939 5743 τοῖς
968 5678 1147 5744 ἄλλοις
1170 5682 1383 5752 ἀρνήσῃ
1414 5682 1509 5735 καὶ
1528 5681 1671 5735 τόδε.
1698 5684 1761 5735 Εἰ
1782 5683 1880 5751 μὲν

292 5778 396 5849 γὰρ
414 5777 517 5831 οὐκ
554 5767 695 5827 εἶναι
745 5769 950 5841 Κύριον
983 5771 1158 5841 ἐρεῖς,
1194 5773 1454 5826 τάναντία
1498 5776 1715 5843 φρονεῖς
1759 5778 1880 5838 ταῖς

292 5870 461 5935 θείαις
494 5864 750 5939 Γραφαῖς
778 5863 873 5917 καὶ
915 5862 992 5933 τῷ
1020 5862 1194 5919 ταῦτα
1237 5864 1533 5935 λαλήσαντι
1580 5865 1878 5923 "vadunt.

1945 646 2209 702 generare
2238 630 2467 691 Filium,
2495 624 2657 680 aliam
2693 619 3083 678 contumeliam
3117 617 3166 670 ei
3198 616 3536 685 impingunt,

1948 725 2314 795 turpissimam
2379 721 2783 790 pessimumque
2842 729 2958 769 rem
3021 711 3094 766 illi
3159 708 3537 768 ascribeutes,

1948 817 2326 887 negligentiam
2352 812 2608 867 nimirum
2641 818 2806 877 atque
2836 804 3108 875 ignaviam
3138 800 3194 853 in
3223 798 3541 852 melioribus

1947 924 2012 962 ac
2053 886 2523 976 prﬁestantioribus
2565 896 2851 953 faciendis.
2891 892 2959 948 Si
2992 891 3138 947 enim
3186 886 3385 943 melius
3423 893 3543 941 erat

1948 993 2408 1053 eonsuhstantiale
2450 1006 2616 1063 quam
2660 989 2713 1044 id
2755 988 2900 1058 quod
2949 983 3216 1055 ejusmodi
3264 995 3370 1034 non
3415 987 3540 1044 est,

1948 1105 2055 1161 quo
2081 1099 2238 1158 pacto
2267 1102 2373 1143 non
2399 1085 2549 1141 omni
2581 1078 2917 1148 blasphemia
2956 1076 3134 1145 majus
3164 1072 3329 1128 fuerit
3352 1070 3544 1161 dicere

1949 1158 2185 1237 divinam
2216 1177 2511 1233 essentiam
2543 1173 2594 1228 in
2627 1172 2693 1227 iis
2720 1183 2842 1239 quae
2874 1164 3099 1220 meliora
3133 1158 3541 1217 convenientia-

1950 1289 2120 1343 raque
2163 1278 2321 1340 erant
2365 1266 2630 1322 faciendis
2678 1261 3042 1332 negligentem
3085 1254 3289 1316 fuisse,
3334 1261 3389 1306 et
3437 1266 3543 1343 non

1948 1367 2127 1439 potius
2163 1361 2398 1417 voluisse
2438 1354 2586 1428 quod
2626 1352 2822 1409 melius
2868 1363 3035 1421 quam
3079 1346 3226 1439 quod
3274 1342 3547 1439 deterius?

1949 1434 2110 1528 Atqui
2149 1454 2310 1510 Pater
2343 1451 2526 1508 omnia
2560 1455 2733 1517 potest
2766 1444 3003 1507 facere,‘
3024 1438 3309 1509 magisque
3344 1434 3457 1490 vult
3490 1434 3545 1489 id

1949 1552 2095 1624 quod
2136 1546 2331 1604 melius
2362 1552 2446 1598 est
2480 1561 2494 1596 :
2534 1538 2665 1595 nihil
2699 1545 2785 1593 est
2814 1536 2985 1606 igitur
3014 1532 3163 1605 quod
3194 1528 3376 1587 obstet
3406 1542 3547 1600 quo-

1952 1645 2130 1701 minus
2154 1631 2639 1697 consubstantialis
2664 1631 2733 1687 sit
2760 1627 2956 1685 Filius.

2632 1764 2865 1824 ALIUD.

2388 1868 2473 1925 Ea;
2506 1866 2794 1937 objectioue
2829 1858 3109 1916 Eunomii.

2019 1992 2171 2063 Quod
2199 2005 2265 2046 ex
2297 2000 2457 2042 causa
2490 1982 2670 2053 aliqua
2698 1989 2801 2045 est,
2824 1977 2909 2032 vel
2940 1975 3189 2045 genitum
3218 1979 3324 2037 est,
3348 1969 3546 2039 inquit,

1951 2060 2321 2145 necessarium
2368 2087 2451 2133 est
2494 2085 2552 2130 ut
2595 2075 2670 2131 sit
2712 2070 3012 2129 secundum
3060 2068 3130 2124 ab
3172 2067 3266 2122 illo
3303 2066 3450 2135 quod
3495 2060 3549 2117 el

1951 2193 2115 2236 causa
2145 2173 2479 2231 exsistentie
2509 2167 2627 2222 fuit.
2659 2166 2942 2223 Secundus
2973 2163 3159 2233 itaque
3189 2161 3290 2218 erit
3321 2160 3490 2215 Filius
3518 2171 3549 2211 ι

1952 2272 2114 2326 Patre
2135 2310 2149 2333 ,
2181 2267 2383 2338 quippe
2409 2264 2499 2333 qui
2535 2259 2750 2316 Patrem
2783 2268 2843 2314 ut
2872 2272 3093 2314 causam
3123 2256 3320 2311 habeat
3350 2275 3361 2309 ι
3390 2262 3553 2321 atque

1955 2364 2161 2420 idcirco
2204 2373 2271 2413 ne
2311 2350 2796 2411 consubstantialis
2835 2350 3071 2420 quidem
3100 2348 3150 2402 ei
3192 2346 3319 2402 erit.
3357 2344 3464 2399 Aut
3503 2342 3550 2399 si
3594 2404 3597 2407 _

1954 2453 2078 2524 quis
2133 2444 2523 2505 contentiosius
2582 2449 2806 2511 urgeat,
2854 2435 3372 2494 consubstantialem
3425 2447 3552 2488 eum

1953 2558 2076 2599 esse
2103 2542 2325 2603 dicens,
2354 2551 2458 2590 una
2499 2542 2648 2589 certe
2686 2531 2861 2586 deitas
2917 2529 3215 2585 sectionem
3260 2526 3553 2581 admittens

1958 2636 2010 2689 iu
2037 2633 2351 2687 dualitatem
2378 2626 2555 2682 divisa
2581 2623 2685 2677 erit
2713 2640 2728 2677 :
2756 2635 2931 2690 neque
2960 2620 3105 2673 enim
3137 2619 3297 2674 aliter
3318 2615 3557 2672 consub-

1958 2709 2233 2784 stantialis
2261 2739 2384 2779 esse
2410 2728 2608 2793 potest.
2627 2715 3009 2773 Necessarium
3035 2713 3202 2784 igitur
3219 2716 3383 2767 estut
3406 2707 3557 2763 dica-

1958 2836 2079 2878 mus
2110 2813 2624 2875 consubstantialem
2653 2826 2758 2867 non
2785 2824 2910 2866 esse
2933 2807 3151 2862 Filium.

2641 2923 2871 2979 Salutio.

2033 3046 2412 3102 Debacclratur
2460 3055 2681 3097 rursum
2734 3037 2941 3096 Christi
3003 3034 3200 3099 hostis,
3242 3042 3561 3099 temereque

1961 3139 2224 3194 adversus
2265 3136 2501 3193 divinam
2544 3133 2841 3191 essentiam
2890 3130 3141 3186 blaterat.
3178 3124 3367 3183 Secari
3411 3123 3558 3178 enim

1962 3240 2017 3286 et
2061 3229 2381 3286 divisionem
2433 3216 2670 3297 aliqu'am
2725 3224 2969 3292 recipere
3029 3235 3219 3290 posse,
3264 3231 3559 3286 corporum

1963 3322 2244 3392 proprium
2272 3328 2376 3376 est.
2404 3319 2594 3374 Divina
2626 3327 2806 3374 autem
2846 3313 3022 3370 Patris
3053 3313 3315 3377 essentia,
3338 3325 3461 3365 cum
3490 3308 3563 3363 sit

1962 3416 2317 3484 incorporea,
2344 3412 2607 3469 sectionis
2647 3420 2739 3466 aut
2773 3407 3057 3471 divisionis
3097 3419 3269 3474 capax
3306 3418 3411 3457 non
3446 3410 3562 3467 est;

1965 3508 2233 3578 neque‘in
2276 3505 2394 3571 loco
2432 3504 2678 3567 exsistit,
2710 3517 2885 3571 neque
2927 3516 2956 3554 ι
2998 3512 3270 3569 quoquam
3311 3494 3567 3551 contine-

1964 3607 2086 3665 tur;
2119 3599 2213 3655 sed
2244 3598 2299 3653 in
2332 3613 2537 3655 arcano
2565 3607 2729 3666 atque
2759 3592 3014 3649 inetfabiti
3052 3602 3198 3647 statu
3230 3588 3561 3649 consistens,

1966 3688 2168 3745 Filium
2198 3704 2268 3743 er.
2296 3703 2355 3744 se
2385 3687 2696 3742 immediate
2723 3683 2981 3754 protulit;
3014 3696 3191 3752 neque
3216 3679 3321 3734 alia
3351 3677 3567 3732 ratione

1958 3783 2207 3850 perfecta
2232 3794 2355 3834 esse
2379 3784 2584 3848 potest,
2605 3777 2705 3831 nisi
2735 3775 2930 3829 Filium
2963 3772 3231 3842 genuerit,
3254 3778 3308 3824 et
3336 3766 3566 3824 fecunda

1969 3880 2191 3926 ostensa
2218 3869 2321 3933 sit;
2352 3882 2529 3937 neque
2559 3880 2774 3919 rursum
2807 3863 3043 3917 creatrix
3074 3874 3199 3917 esse
3231 3868 3433 3929 potest,
3461 3857 3567 3911 nisi

1969 3961 2217 4032 genuerit
2260 3975 2325 4013 ex
2368 3973 2429 4027 se
2471 3957 2740 4013 indivulse
2778 3955 3009 4021 Filium,
3051 3967 3147 4021 per
3184 3966 3345 4022 quem
3384 3952 3569 4005 omnia

1968 4051 2082 4123 69
2104 4061 2381 4120 operatur.
2407 4048 2502 4102 Est
2530 4048 2694 4116 igitur
2718 4046 2935 4118 genitus
2966 4059 3033 4098 ex
3062 4042 3220 4097 Patre
3244 4040 3435 4107 Filius,
3460 4055 3568 4094 non

1971 4132 2213 4211 scctioue
2245 4152 2339 4195 aut
2375 4138 2590 4195 deﬂuxu
2623 4139 2834 4207 aliquo,
2861 4137 3003 4193 sicut
3038 4151 3132 4191 vos
3166 4133 3566 4205 imaginamini;

1971 4232 2067 4288 sed
2100 4229 2557 4302 quemadmodum
2597 4226 2848 4282 caliditas
2890 4241 2956 4282 ex
3000 4225 3157 4295 igne,
3189 4221 3458 4279 iudivulse
3498 4235 3565 4277 ex

1973 4324 2208 4381 essentia
2241 4320 2519 4395 gignentis
2544 4318 2808 4391 procedit.

2656 4581 2884 4640 ALIUD.

2408 4699 2492 4755 Ex
2528 4697 2825 4770 objections
2865 4694 3141 4767 Eu‘nomii.

2054 4813 2135 4877 Si,
2173 4811 2370 4881 inquit,
2404 4809 2575 4865 Filius
2616 4818 2700 4866 est
2730 4808 3237 4866 consubstantialis
3268 4806 3437 4874 Patri,
3475 4822 3568 4864 cur

1985 4921 2090 4960 nou
2114 4905 2277 4959 etiam
2304 4905 2419 4973 ipse
2438 4914 2523 4960 est
2542 4904 2719 4959 bonus
2740 4902 2815 4957 ita
2845 4913 2903 4957 ut
2926 4897 3127 4957 Pater?
3151 4902 3407 4957 Christus
3428 4903 3573 4958 enim

1984 4998 2180 5053 alicubi
2231 4996 2297 5051 ad
2329 4996 2622 5065 quemdam
2668 4997 2741 5051 ita
2790 4998 2913 5051 ait:
2950 5015 2968 5048 ι
3000 4994 3113 5051 Cur
3162 5009 3248 5048 me
3297 4995 3437 5050 dicis
3478 4995 3576 5051 bo-

1986 5089 2159 5144 num?
2207 5086 2381 5144 Nemo
2409 5087 2584 5143 bonus
2625 5088 2729 5143 nisi
2780 5103 2922 5143 unus
2971 5086 3138 5143 Deus.
3169 5106 3187 5139 ι
3226 5085 3403 5141 Unum
3446 5102 3577 5142 vero

1986 5195 2106 5235 cum
2137 5179 2297 5245 dixit,
2328 5180 2566 5249 seipsum
2594 5181 2831 5250 excepit,
2857 5181 3058 5250 quippe
3082 5177 3177 5247 qui
3213 5180 3389 5235 bonus
3410 5181 3574 5236 etiam

1987 5271 2103 5341 ipse
2133 5272 2227 5336 sit,
2253 5287 2359 5326 non
2394 5281 2573 5327 tamen
2612 5272 2685 5327 ita
2716 5272 2892 5327 bonus
2927 5282 2983 5325 ut
3013 5270 3193 5325 Pater.

2498 5377 2703 5439 Salutio
2731 5368 3063 5454 Objectionis.

2058 5498 2192 5551 Cum
2223 5511 2380 5552 sacra
2414 5496 2696 5566 Scriptura
2725 5496 2924 5552 Filium
2960 5497 3251 5551 Dominum
3282 5508 3460 5563 vocet,
3493 5499 3576 5553 l'a-

1990 5590 2208 5647 teberis.
2242 5588 2490 5659 proiecto
2540 5591 2703 5644 etiam
2761 5590 2936 5658 ipsum
2988 5591 3275 5644 Dominum
3331 5607 3473 5653 esse.
3522 5602 3580 5646 et

1989 5682 2209 5749 quidem
2239 5694 2387 5744 vere,
2421 5690 2515 5735 aut
2546 5696 2651 5735 una
2682 5696 2806 5736 cum
2836 5681 2957 5735 aliis
2988 5682 3155 5735 etiam
3191 5682 3291 5735 hoc
3329 5682 3573 5751 negabis.

1989 5775 2058 5825 At
2114 5772 2157 5824 si
2212 5772 2433 5842 negabis
2486 5771 2775 5826 Dominum
2824 5786 2965 5833 esse.
3026 5773 3359 5826 contrarium
3416 5773 3574 5843 plane

1990 5863 2159 5918 scutis
2198 5877 2226 5916 a
2276 5861 2574 5931 Scripturis
2629 5873 2681 5919 ct
2733 5879 2761 5917 a
2811 5862 3014 5932 Spiritu
3064 5866 3166 5919 hoc
3202 5862 3473 5927 loquente.
3508 5863 3571 5917 Si
