4012 6338
448 366 552 423 H5

1439 372 1494 426 S.
1537 371 1807 429 CYlilLLl
1850 371 2320 427 ALEXANDRINI
2362 371 2682 426 AHCIIIEP.

445 493 781 549 concesseris
809 493 1122 564 dixeriaque
1164 495 1446 551 Dominum
1481 512 1623 565 esse,
1653 498 1815 570 impie
1855 515 2013 571 agere

2121 495 2543 570 Συντῖθειμένος
2575 495 2633 551 δὲ
2668 494 2760 549 xui
2813 493 3040 564 φάσκων
3093 491 3257 546 αὐτὸν
3295 487 3435 544 εἶναι
3470 489 3700 560 Κύριον,

446 585 886 653 deprehenderis,
911 587 1106 656 quippe
1133 589 1224 657 qui
1250 587 1532 644 Dominum
1555 605 1717 646 voces
1740 600 1795 646 et
1818 593 2012 648 adores

443 691 564 730 eum
599 690 758 745 quem
787 678 1304 735 consubstantialem
1337 695 1458 736 esse
1490 680 1598 738 Deo
1628 697 1691 738 ac
1729 681 1875 738 Patri
1916 699 2012 738 ne-

442 783 559 836 gas,
591 778 645 822 et
689 781 996 824 creaturam
1025 772 1206 841 potius
1239 786 1400 842 quam
1432 788 1620 829 verum
1650 773 1815 829 Deum
1850 777 2006 832 colis.

442 845 596 924 Quod
643 861 786 914 enim
820 859 1042 914 alterius
1087 871 1294 915 natura:
1322 871 1408 917 est
1436 861 1504 916 ab
1539 875 1606 916 eo
1644 861 1737 932 qui
1766 876 1894 917 vere
1927 872 2011 918 est

443 949 607 1014 Deus,
648 950 702 1004 id
737 959 927 1003 natura
958 951 1101 1006 Deus
1131 965 1250 1006 esse
1286 968 1392 1007 non
1436 962 1634 1023 potest.
1664 953 1816 1020 Quod
1845 955 2008 1010 etiam

442 1039 559 1108 ipsa
603 1053 756 1094 sacra
811 1037 1088 1110 Scriptura
1134 1050 1386 1105 testatur,
1437 1043 1670 1096 dicens:
1704 1059 1725 1094 ι
1755 1042 2010 1098 Dominus

443 1130 584 1183 Deus
617 1140 827 1196 noster,
864 1131 1121 1188 Dominus
1149 1146 1288 1189 unus
1320 1134 1462 1189 est"
1493 1152 1509 1189 :
1549 1153 1568 1187 ι
1608 1149 1711 1189 una
1739 1135 1884 1191 enim
1925 1144 2011 1192 est

442 1223 663 1277 deitatis
715 1233 929 1278 natura.
988 1224 1141 1291 Quod
1199 1239 1325 1281 vero
1371 1224 1512 1281 hanc
1566 1226 1737 1281 solam
1779 1227 2010 1282 adorare

441 1326 708 1383 oporteat,
751 1317 939 1371 audies
971 1331 1182 1372 rursum
1215 1334 1230 1371 :
1268 1335 1290 1370 ι
1322 1317 1610 1373 Dominum
1655 1319 1822 1374 Deum
1855 1329 2006 1374 tuutn

439 1406 717 1472 adorabis,
749 1416 803 1462 et
828 1407 877 1462 ui
911 1407 1010 1462 soli
1039 1408 1246 1464 servies
1266 1407 1334 1463 ⁸⁸.
1366 1427 1384 1460 ι
1427 1408 1487 1464 Si
1521 1410 1682 1480 igitur
1715 1411 1840 1481 quia
1868 1410 2009 1467 Deus

443 1511 508 1550 ac
533 1495 693 1551 Pater
726 1497 873 1552 solus
900 1497 1096 1553 dicitur
1122 1501 1312 1564 bonus,
1349 1499 1518 1556 Filius
1540 1501 1717 1555 bonus
1747 1517 1870 1558 esse
1899 1516 2006 1557 non

442 1598 618 1656 potest
647 1589 788 1644 sicut
815 1588 995 1654 Pater,
1021 1590 1319 1660 eademque
1345 1591 1554 1647 ratione
1584 1608 1706 1648 cum
1738 1609 1874 1648 unus
1902 1593 2007 1649 Pa-

445 1693 526 1736 ter
552 1684 751 1738 dicitur
777 1683 1030 1738 Dominus
1060 1695 1114 1738 et
1146 1685 1307 1746 Deus,
1346 1685 1589 1754 sequitur
1613 1689 1774 1742 etiam
1821 1701 2008 1742 neces-

445 1775 589 1829 sario
616 1790 680 1830 ex
724 1776 909 1830 eodem
945 1786 1262 1847 argumento
1286 1767 1481 1833 Filium
1518 1792 1694 1848 neque
1722 1777 2006 1834 Dominum

2119 589 2333 654 ἀσεϐῶς
2359 587 2665 658 ιλσγχθησῃ
2684 585 2780 640 καὶ
2801 585 3007 656 Κύριον
3035 583 3213 651 λέγων
3253 582 3348 636 xui
3380 579 3704 651 προσκυνῶν

2117 675 2176 736 ὃν
2200 682 2260 736 οὐ
2311 680 2417 753 φὴς
2463 677 2750 750 ὀμοούσιον
2781 671 2920 729 εἶναι
2965 673 3042 745 τῷ
3080 671 3200 744 Θεῷ
3247 673 3341 728 xui
3373 672 3572 743 Πατρὶ,
3606 671 3703 724 καὶ

2118 773 2381 842 κτίσματι
2419 770 2618 843 μᾶλλον
2664 771 2700 840 ἢ
2752 766 2872 838 Θεῷ
2902 766 3046 821 κατά
3087 762 3253 837 φύσιν
3291 763 3594 833 λατρεύεις.
3625 761 3702 814 Τὸ

2117 864 2228 936 γὰρ
2247 865 2442 934 ἑτέρας
2466 861 2714 934 ὑπάρχον
2739 859 2925 922 ούσίας
2965 857 3118 930 παρά
3141 857 3235 911 τὸν
3267 846 3396 909 ὄντα
3421 853 3575 914 Θεὸν,
3599 854 3701 906 οὐκ

2117 956 2184 1009 ἂν
2206 956 2291 1026 ειη
2310 955 2470 1025 φύσει
2496 952 2651 1016 Θεὸς.
2672 953 2784 1007 Καὶ
2811 949 3001 1006 τούτου
3026 950 3239 1021 μάρτυς
3260 949 3295 1020 ἡ
3321 945 3440 1000 Θεία
3464 945 3700 1014 λέγουσα

2117 1045 2339 1117 Γραφή·
2385 1062 2404 1096 r
2440 1040 2646 1114 Κύριος
2683 1044 2712 1096 6
2739 1041 2870 1105 Θεὸς
2919 1038 3097 1111 ἡμῶν,
3143 1036 3353 1109 Κύριος
3376 1030 3460 1098 εἷς
3488 1035 3634 1086 ἐστι·
3670 1043 3692 1085 t

2119 1136 2218 1209 μία
2246 1135 2356 1207 γὰρ
2406 1132 2660 1205 θεότητος
2712 1135 2894 1203 φύσις.
2951 1132 3061 1186 Καὶ
3091 1131 3173 1183 ἃτι
3216 1127 3389 1198 ταύτῃ
3432 1127 3568 1196 μόνῃ
3616 1123 3702 1178 δεῖ

2117 1229 2463 1299 προσκυνεῖν,
2510 1224 2722 1298 ἀκούσῃ
2752 1224 2947 1278 πάλιν·
3009 1240 3027 1273 t
3064 1221 3272 1291 Κύριον
3309 1218 3399 1272 τὸν
3447 1215 3580 1270 Θεόν
3604 1232 3699 1270 σου

2116 1319 2536 1392 προσκυνήσεις,
2575 1317 2672 1370 καὶ
2703 1316 2854 1386 αύτῷ
2895 1314 3042 1384 μόνῳ
3068 1311 3413 1382 λατρεύσεις.
3438 1328 3456 1362 ι
3490 1309 3553 1361 Ei
3584 1306 3697 1361 τοι·

2114 1428 2208 1463 νυν
2230 1409 2317 1464 διὰ
2340 1408 2401 1463 τὸ
2435 1410 2594 1479 μόνον
2620 1406 2825 1475 ἀγαθὸν
2856 1404 3110 1469 λέγεσθαι
3133 1402 3224 1456 τὸν
3249 1401 3380 1454 Θεὸν
3403 1401 3496 1452 xui
3526 1397 3700 1451 Πατέο

2117 1522 2204 1576 ρα,
2236 1506 2550 1558 ἐκπεσεῖται
2591 1501 2685 1556 τοῦ
2720 1497 2860 1555 εἶναι
2895 1498 3100 1570 ἀγαθὸς
3125 1502 3153 1552 6
3195 1498 3326 1562 Υἱὸς
3363 1496 3535 1560 οὕτως
3562 1494 3637 1558 ὡς
3669 1495 3699 1546 6

2115 1597 2325 1667 Πατὴρ,
2355 1595 2450 1649 xui
2492 1593 2579 1648 διὰ
2620 1592 2682 1646 τὸ
2713 1593 2809 1646 ἕνα
2854 1591 3110 1659 λέγεσθαι
3173 1589 3378 1660 Κύριον
3419 1588 3515 1649 xui
3565 1586 3697 1640 Θεὸν

2113 1683 2202 1736 τὸν
2226 1683 2475 1754 Πατέρα,
2513 1683 2822 1736 ἐκπεσεῖται
2852 1677 2951 1753 τοῦ
2990 1673 3130 1732 εἶναι
3156 1677 3361 1748 Κύριος
3416 1677 3510 1729 xui
3563 1675 3700 1738 Θεὸς

2116 1773 2146 1826 6
2185 1774 2330 1839 Υἱὸς,
2386 1773 2529 1828 κατά
2577 1771 2677 1842 τὴν
2725 1770 2820 1824 τοῦ
2865 1770 3135 1839 νοήματος
3192 1765 3549 1820 ἀκολουθίαν·
3579 1765 3700 1828 πῶς

444 1880 620 1934 neque
645 1867 810 1921 Deum
839 1882 959 1923 esse
984 1887 998 1923 :
1029 1884 1135 1938 quo
1161 1879 1322 1939 pacto
1352 1871 1516 1942 igitur
1545 1871 1741 1926 adoras
1769 1885 1892 1925 eum
1916 1868 2007 1940 qui

2119 1861 2204 1920 οὖν
2233 1865 2556 1936 προσκυνεῖς
2582 1861 2661 1935 τῷ
2692 1863 2828 1935 μήτε
2851 1861 3044 1932 Κυρίῳ
3063 1860 3207 1931 ,μήτε
3228 1856 3386 1929 Θεῷς
3417 1857 3480 1911 Ei
3503 1857 3561 1910 δὲ
3581 1857 3699 1915 Κυ-

442 1973 541 2013 nec
566 1958 846 2028 Dominus,
879 1976 979 2017 nec
1017 1960 1159 2018 Deus
1185 1965 1299 2019 est?
1330 1962 1385 2018 Si
1423 1977 1570 2031 vero,
1599 1977 1721 2018 cum
1749 1961 1912 2018 Pater
1937 1963 2012 2018 sit

442 2049 700 2108 Dominus
747 2064 801 2108 et
859 2051 1024 2118 Deus,
1077 2054 1235 2109 simul
1285 2055 1448 2109 etiam
1492 2053 1770 2110 inducitur
1816 2053 2006 2119 Filius,

441 2145 686 2200 eamdem
717 2144 921 2203 habens
955 2148 1364 2215 proprietatem,
1400 2157 1583 2217 utpote
1603 2163 1668 2202 ex
1699 2148 1816 2216 ipso
1847 2157 2008 2202 natu-

443 2233 631 2288 raliter
669 2236 985 2305 procedens,
1038 2247 1094 2291 et
1149 2246 1232 2293 est
1266 2253 1386 2293 curn
1439 2237 1598 2292 Patre
1638 2238 1898 2292 Dominus
1943 2251 2009 2292 ac

445 2323 607 2389 Deus,
649 2329 959 2382 necessario
994 2329 1157 2384 etiam
1191 2328 1367 2384 bonus
1405 2331 1528 2396 erit,
1562 2339 1620 2385 ut
1667 2329 1850 2396 Pater,
1884 2344 2006 2384 cum

443 2427 662 2484 paterna
692 2420 991 2487 proprietas
1019 2419 1179 2474 etiam
1216 2422 1316 2475 hac
1348 2421 1399 2474 in
1426 2433 1579 2490 parte
1625 2422 1678 2475 in
1713 2421 1828 2490 ipso
1862 2420 2004 2475 easi-

443 2517 573 2574 stat,
609 2508 831 2576 perinde
867 2520 1027 2577 atque
1062 2511 1112 2564 in
1149 2510 1258 2564 illo.

1117 2640 1340 2694 ALIUD.

513 2768 676 2828 Multa
727 2776 792 2828 de
825 2775 982 2830 Patre
1025 2782 1077 2829 et
1125 2774 1264 2828 Filio
1295 2787 1446 2828 sacra
1485 2775 1766 2844 Scriptura
1812 2775 2008 2845 praedi--

445 2874 552 2932 rat,
605 2880 778 2932 neque
831 2874 1008 2918 tamen
1062 2863 1366 2918 differentia
1427 2866 1707 2918 nominum
1761 2867 2011 2921 essentiae

445 2958 707 3010 rationem
745 2958 796 3010 in
845 2956 1156 3010 universum
1202 2957 1504 3025 distinguit,
1540 2957 1613 3009 ita
1649 2965 1704 3011 ut
1741 2957 1865 3012 inde
1894 2958 2007 3012 dis-

445 3045 740 3099 similitudo
766 3045 1006 3113 quaedam
1033 3059 1126 3097 eos
1151 3054 1383 3112 separet.
1418 3041 1533 3096 Una
1562 3041 1702 3096 enim
1730 3051 1812 3096 est
1836 3043 2008 3097 deitas

445 3135 621 3192 Patris
664 3147 718 3191 et
745 3136 890 3202 Filii,
941 3137 1151 3189 etiamsi
1200 3144 1429 3204 uterque
1481 3148 1577 3202 per
1605 3135 1753 3187 varia
1789 3135 2005 3189 nomina

444 3231 758 3286 tlill'erenter
807 3230 1143 3298 significetur
1179 3249 1192 3283 :
1231 3243 1333 3282 non
1381 3229 1524 3297 quod
1578 3228 1839 3282 alteruter
1882 3221 2005 3296 pr'o-
2036 3204 2078 3261 ο

446 3324 620 3393 prium
653 3320 759 3391 70
786 3321 983 3390 aliquid
1042 3322 1094 3374 in
1145 3335 1203 3374 se
1251 3319 1467 3381 habeat,
1507 3319 1650 3388 quod
1698 3318 1857 3374 alteri
1907 3334 2011 3374 non

448 3414 595 3475 insit,
628 3414 720 3467 sed
764 3414 904 3480 quod
949 3414 1011 3466 de
1041 3421 1268 3478 utroque
1313 3411 1416 3463 dici
1450 3411 1619 3479 possit
1650 3411 1911 3480 quidquid
1943 3413 2014 3465 de

447 3521 555 3560 uno
582 3507 797 3568 dicitur,
835 3517 1056 3572 excepta
1099 3504 1436 3559 solummodo
1466 3502 1644 3558 Putris
1676 3511 1730 3559 et
1758 3499 1877 3558 Filii
1914 3518 2011 3572 apd-

446 3597 731 3664 pcllatione
777 3612 840 3650 ac
871 3613 947 3651 re.
984 3596 1116 3650 Nam
1165 3597 1326 3652 Pater
1362 3612 1576 3668 semper
1607 3606 1690 3652 est
1715 3594 1894 3660 Pater,
1919 3611 2013 3650 ne-

447 3705 552 3757 que
602 3704 838 3757 unquam
892 3687 1051 3743 fuerit
1092 3687 1300 3754 Filius;
1349 3688 1518 3744 Filius
1566 3699 1754 3743 contra
1799 3703 2012 3756 semper

449 3793 528 3836 est
577 3784 765 3848 Filius,
826 3797 1001 3851 neque
1050 3796 1284 3850 unquam
1334 3781 1496 3835 fuerit
1541 3780 1726 3834 Pater.
1782 3779 1837 3833 Si
1894 3779 2016 3848 quis

448 3892 576 3931 vero
611 3876 838 3929 voluerit
892 3875 1072 3929 dicere
1114 3889 1218 3927 non
1261 3888 1416 3944 posse
1463 3873 1682 3940 utrique
1727 3870 2016 3925 convenire

453 3965 864 4033 appellationem
906 3978 1026 4032 qum
1060 3963 1152 4018 uni
1188 3964 1476 4026 tribuatur,
1507 3963 1557 4016 iu
1587 3963 1874 4015 maximum
1907 3975 2015 4014 ma-

453 4059 555 4108 lum
626 4056 840 4109 incidet.
890 4055 1026 4120 Quid
1081 4056 1223 4108 enim
1276 4053 1475 4117 faciat,
1531 4054 1744 4108 dicente
1791 4053 1952 4107 Paulo
1999 4074 2012 4107 :

457 4168 472 4192 ι
506 4144 653 4199 Unus
679 4143 815 4197 Deus
846 4143 1007 4197 Pater
1031 4156 1096 4196 ex
1129 4158 1234 4210 quo
1263 4144 1465 4206 onmia,
1492 4152 1547 4196 et
1576 4159 1717 4199 unus
1749 4143 2015 4199 Dominus

452 4237 603 4291 .ivsus
646 4237 890 4290 Christus
941 4252 1034 4302 per
1085 4248 1242 4300 quem
1294 4235 1473 4286 omnia
1501 4234 1584 4285 ὀἳ
1622 4253 1640 4285 ι
1679 4233 1821 4290 Ecce
1856 4251 2015 4302 quam

459 4335 643 4392 aperte
674 4323 817 4377 Patri
852 4322 1054 4375 tribuat
1091 4320 1254 4373 Deum
1287 4336 1404 4375 esse
1434 4331 1487 4375 et
1520 4339 1684 4375 ttnum
1714 4338 1856 4388 esse,
1884 4325 2019 4379 Filio

453 4423 629 4466 autem
665 4413 945 4466 Dominum
976 4428 1094 4466 esse
1134 4423 1185 4463 et
1224 4428 1408 4464 unum.
1445 4411 1580 4465 Num
1615 4414 1779 4484 igitur
1818 4417 2019 4470 idcirco

2113 1959 2232 2033 ρίου
2265 1959 2363 2012 xui
2394 1955 2530 2011 Θεοῦ
2571 1955 2666 2010 τοῦ
2695 1953 2927 2024 ιΠατρὸς
2960 1953 3112 2016 ὸντος
3131 1990 3148 2016 ,
3200 1949 3564 2017 συνεπάγεται
3595 1948 3697 2002 καὶ

2111 2051 2140 2102 6
2169 2048 2296 2112 Υἱὸς
2329 2048 2427 2120 τὴν
2454 2046 2663 2101 ἐκεῖθεν
2707 2045 2946 2115 ἰδιότητα
2993 2042 3134 2114 ἔχων
3157 2039 3234 2104 ὡς
3259 2041 3319 2105 ἐξ
3352 2039 3518 2095 αὑτοῦ
3551 2040 3698 2098 κατὰ

2111 2139 2272 2208 φύσιν
2301 2139 2561 2209 ὑπάρχων
2588 2177 2603 2201 ,
2637 2138 2732 2191 xui
2762 2137 2877 2188 ἔστι
2920 2133 3060 2204 μετά
3105 2133 3320 2202 Πατρὸς
3368 2129 3572 2202 Κύριος
3598 2129 3698 2183 xui

2110 2230 2262 2295 Θεὸς,
2297 2229 2408 2297 ἔξει
2449 2229 2668 2292 πάντως
2707 2228 2801 2281 xui
2827 2226 2888 2279 τὸ
2918 2221 3059 2278 εἶναι
3088 2223 3292 2292 ἀγαθὸς
3328 2221 3402 2285 ὡς
3423 2224 3451 2274 6
3483 2222 3695 2292 Πατὴρ,

2109 2322 2210 2392 τῆς
2240 2321 2508 2392 πατρικῆς
2535 2320 2793 2389 ἰδιότητος
2819 2318 2921 2371 κάν
2951 2317 3126 2386 τούτῳ
3157 2314 3322 2368 πάλιν
3342 2312 3696 2384 ὑπαρχούσης

2112 2414 2168 2466 ἐν
2200 2411 2370 2482 αύτῷ,
2400 2410 2654 2481 καθάπερ
2684 2408 2778 2463 xui
2806 2411 2863 2460 ἐν
2893 2408 3106 2477 ἐκείνῳ.

2798 2640 2999 2694 ΑΛΛΟ.

2180 2770 2358 2832 Πολλὰ
2383 2777 2511 2847 περί
2541 2795 2595 2830 τε
2618 2776 2710 2829 τού
2739 2777 2949 2844 [ἰατρὸς
2971 2774 3063 2826 xui
3090 2771 3184 2824 τοῦ
3209 2770 3340 2824 Υἱοῦ
3365 2770 3615 2838 λέγουσιν
3638 2770 3697 2823 αι

2113 2871 2253 2924 Θεῖαι
2279 2869 2517 2940 Γραφαὶ,
2543 2868 2637 2921 xui
2662 2869 2722 2921 ού
2751 2869 2812 2919 τὸ
2842 2865 2950 2919 τῶν
2980 2865 3262 2934 ὀνομάτων
3300 2863 3555 2930 διάφορον
3579 2862 3697 2915 δια-

2115 2962 2322 3016 στέλλει
2344 2963 2560 3023 πάντως
2590 2961 2772 3022 αὐτοῖς
2799 2958 2892 3012 xui
2920 2957 3017 3027 τῆς
3046 2956 3234 3015 οὐσίας
3270 2955 3359 3007 τὸν
3394 2953 3550 3022 λόγον
3572 2995 3586 3018 ,
3617 2954 3697 3016 ὡς

2111 3051 2472 3125 ἀνομοιότητά
2503 3067 2623 3103 τινα
2649 3050 2737 3102 διὰ
2762 3047 2967 3102 τούτων
3003 3049 3248 3117 χωρῆσαι
3285 3043 3512 3115 μεταξύ.
3538 3043 3697 3095 Ἐστι

2114 3146 2222 3216 γάρ
2255 3143 2354 3214 μία
2383 3142 2574 3212 θεότης
2618 3141 2832 3211 Πατρὸς
2868 3140 2960 3193 xui
2993 3137 3148 3200 Υίοῦ,
3195 3135 3297 3190 κᾶν
3337 3135 3594 3207 ἑκάτερος
3626 3136 3695 3204 τῇ

2115 3237 2221 3290 τῶν
2245 3235 2523 3305 ὀνομάτων
2550 3233 2795 3303 ποικιλίᾳ⁵
2814 3231 3085 3300 διαφόρως
3120 3229 3475 3298 σημαίνηται,
3499 3228 3594 3297 ούχ
3619 3227 3697 3289 ὼς

2117 3327 2245 3381 ἴδιον
2279 3325 2420 3397 ἔχων
2449 3343 2500 3378 τι
2536 3325 2632 3378 xui
2660 3325 2784 3378 καθ’
2809 3320 3021 3386 ἑαυτὸν,
3045 3317 3074 3374 6
3112 3321 3187 3392 μὴ
3221 3320 3299 3391 τῷ
3323 3320 3496 3392 ἑτέρῳ
3525 3320 3695 3390 πρόσο

2113 3433 2284 3481 εστιν,
2320 3416 2435 3470 ἀλλ’
2459 3416 2535 3478 ὡς
2580 3416 2666 3468 ἐπ’
2696 3415 2897 3485 ἀμφοῖν
2927 3415 3126 3485 χωρεῖν
3156 3412 3454 3482 δυναμένου
3495 3411 3696 3474 παντὸς

2113 3509 2250 3578 ὅπερ
2281 3507 2348 3562 ἂν
2379 3508 2466 3576 ἔφ’
2495 3507 2612 3568 ἑνὸς
2628 3506 2860 3575 λέγοιτο,
2887 3506 3008 3576 δίχα
3039 3505 3206 3576 μόνης
3233 3505 3332 3575 τῆς
3356 3504 3450 3558 τοῦ
3485 3505 3697 3575 Πατρὸς

2115 3597 2324 3651 καὶτοῦ
2354 3596 2490 3650 Υίοῦ
2527 3597 2900 3667 προσηγορίας
2944 3612 3002 3648 τε
3032 3596 3126 3648 xui
3162 3596 3509 3666 πράγματος.
3540 3595 3695 3647 Ἐστι

2115 3690 2222 3760 γὰρ
2255 3689 2283 3742 6
2309 3687 2500 3759 Πατὴρ
2544 3688 2631 3741 ἀεὶ
2687 3688 2898 3757 Πατὴρ,
2951 3687 3044 3739 xui
3086 3686 3215 3749 Υἱὸς
3263 3688 3364 3739 ούκ
3393 3685 3459 3738 ἂν
3489 3685 3696 3753 γένοιτὸ

2118 3797 2248 3832 ποτε
2273 3793 2287 3809 ο
2323 3779 2417 3832 xui
2439 3778 2585 3830 ἔστιν
2606 3779 2634 3830 6
2668 3777 2794 3842 Υἱὸς
2836 3777 2924 3831 ἀεὶ
2955 3779 3102 3841 Υἱὸς,
3146 3778 3240 3831 xui
3281 3777 3467 3848 Πατὴρ
3502 3779 3599 3831 οὐκ
3630 3779 3697 3831 ἂν

2119 3873 2200 3940 εἴη
2244 3871 2394 3922 ποτέ.
2423 3870 2485 3922 Εἰ
2517 3869 2572 3921 δέ
2619 3887 2700 3931 τις
2752 3868 2992 3939 βούλοιτο
3046 3870 3275 3937 φάσκειν
3334 3871 3407 3941 μὴ
3439 3870 3714 3924 δύνασθαιο

2119 3962 2316 4032 χωρεῖν
2351 3959 2436 4012 ἐπ’
2467 3960 2666 4030 ἀμφοῖν
2692 3961 2829 4031 ὅπερ
2860 3961 2924 4015 ἂν
2958 3963 3040 4028 ἐφ’
3075 3960 3191 4024 ἐνὸς
3220 3963 3436 4032 φέροιτο
3459 3966 3698 4033 imprium-

2124 4071 2217 4121 μα,
2253 4052 2472 4121 μεγαλῳ
2502 4055 2882 4121 περιπεσεῖται
2923 4052 3098 4121 κακῷ.
3132 4053 3196 4104 Τί
3221 4054 3330 4122 γὰρ
3359 4053 3423 4106 ἂν
3458 4057 3694 4124 ποιήσοι,

2119 4143 2366 4210 λέγοντος
2395 4142 2488 4195 τοῦ
2514 4143 2724 4195 Παύλου
2747 4159 2760 4172 ’
2793 4162 2809 4192 ι
2845 4137 2939 4205 Εἷς
2960 4145 2987 4196 6
3013 4143 3146 4205 Θεὸς
3175 4143 3202 4194 6
3235 4144 3423 4214 Πατὴρ
3458 4145 3516 4206 ἐξ
3543 4138 3601 4196 οὗ
3629 4145 3698 4197 τὰ

2120 4240 2326 4291 πάντα·
2372 4239 2465 4290 xui
2509 4231 2588 4301 εἷς
2634 4239 2837 4306 Κύριος
2903 4236 3112 4307 Ἰησοῦς
3164 4238 3400 4306 Χριστὸς
3443 4237 3508 4289 δι’
3538 4232 3596 4290 o6
3631 4240 3698 4289 τὰ

2121 4329 2316 4383 πάντα.
2368 4348 2385 4380 ›
2436 4329 2564 4383 Ἰδοὺ
2605 4330 2714 4400 γὰρ
2736 4328 2812 4399 τῷ
2841 4330 3017 4396 Πατρὶ
3048 4327 3109 4380 τὸ
3131 4325 3275 4381 εἶναι
3317 4328 3447 4380 Θεὸν
3481 4329 3573 4380 xui
3604 4328 3700 4382 ’ἐνα

2120 4420 2352 4472 δέδωκε·
2385 4420 2463 4488 τῷ
2504 4420 2560 4471 δὲ
2597 4420 2708 4487 Υίῷ
2756 4413 2817 4471 τὸ
2857 4415 2993 4472 εἶναι
3041 4417 3246 4487 Κύριον
3289 4418 3383 4470 xui
3420 4418 3534 4470 ἕνα.
3570 4415 3696 4488 ’Ἆρ’

454 4506 620 4557 Filius
673 4521 773 4558 non
823 4506 924 4560 erit
964 4505 1124 4567 Deus,
1162 4508 1284 4572 quia
1319 4503 1482 4557 Pater
1526 4516 1748 4559 vocatur
1782 4508 1919 4560 Deus
1965 4517 2013 4560 et

2124 4509 2214 4566 οὖν
2240 4513 2328 4565 διὰ
2351 4512 2510 4564 τοῦτο
2531 4512 2661 4572 Θεὸς
2682 4514 2780 4580 μὲν
2811 4512 2909 4564 οὐκ
2938 4510 3088 4564 ἔσται
3120 4513 3148 4562 6
3181 4513 3326 4575 Υἱὸς,
3359 4512 3543 4582 ἐπειδὴ
3570 4513 3697 4576 Θεὸς

453 4601 627 4652 unus?
677 4609 768 4651 aut
813 4599 972 4653 Pater
1030 4615 1132 4652 non
1194 4601 1296 4653 erit
1349 4599 1623 4661 Dominus,
1675 4601 1798 4667 quia
1852 4599 2019 4654 FlllllS

453 4691 752 4758 :tpl'wllﬂllls
780 4701 863 4744 est
891 4690 1146 4743 Dominus
1178 4701 1230 4743 et
1260 4689 1440 4744 unus?
1490 4689 1708 4743 Minime
1744 4705 1887 4753 vero,
1919 4690 2014 4742 ab—

453 4786 563 4837 sit!
617 4786 746 4835 tium
797 4782 939 4835 enim
987 4779 1147 4833 latter
1180 4781 1248 4834 sit
1289 4780 1447 4843 Deus,
1500 4780 1670 4836 Filius
1721 4782 1884 4835 etiam
1937 4790 2019 4834 est

458 4877 597 4928 licus
633 4896 644 4927 ;
681 4888 728 4928 et
766 4889 976 4940 rursus,
1029 4889 1148 4927 cum
1196 4874 1452 4927 Dominus
1499 4873 1568 4927 sit
1600 4872 1790 4936 Filius,
1841 4874 2020 4927 Domi-

458 4982 556 5019 nus
588 4977 670 5019 est
695 4979 746 5018 ιιι
780 4966 953 5019 Pater.
989 4965 1150 5034 Atqui
1195 4965 1237 5019 si
1272 4980 1390 5033 qum
1421 4971 1561 5018 eSsc-t
1587 4966 1837 5018 essentia
1863 4963 2016 5019 dilic-

460 5057 627 5107 rentia
680 5071 796 5116 qme
839 5055 956 5108 illos
994 5057 1045 5107 in
1090 5056 1192 5108 duo
1241 5055 1525 5114 divideret,
1570 5063 1742 5123 neque
1786 5055 2017 5108 naturali

459 5137 736 5199 identitate
776 5146 1067 5199 convenire
1115 5145 1470 5213 permitteret,
1526 5145 1682 5199 unius
1733 5147 2022 5216 appellatio

459 5237 610 5290 alteri
647 5239 857 5305 proprie
887 5239 1042 5288 trihni
1081 5252 1180 5288 non
1221 5246 1423 5306 posset.
1454 5236 1719 5304 Quocirca
1754 5254 1875 5292 cum
1907 5253 2022 5293 om-

461 5329 546 5380 nia
568 5344 682 5396 qum.
711 5328 883 5381 Patris
911 5339 1030 5379 sunt
1063 5325 1195 5382 Filio
1228 5329 1415 5392 insint,
1440 5339 1493 5383 et
1523 5341 1735 5395 contra,
1759 5321 2022 5400 qthilii

463 5430 604 5479 sunt,
658 5420 820 5471 insint
873 5419 1035 5476 l‘atri.
1078 5421 1147 5471 ita
1207 5429 1261 5471 ut
1321 5419 1464 5474 nulla
1515 5421 1655 5475 ratio
1691 5422 2022 5476 identitatem

467 5509 719 5578 impedire
754 5511 936 5576 possit.
973 5511 1076 5562 erit
1107 5512 1266 5560 etiam
1303 5511 1416 5577 ipse
1456 5511 1647 5575 bonus,
1685 5511 2022 5578 quemadmo-

465 5602 588 5654 dum
623 5602 802 5666 l’ater,
843 5612 999 5670 atque
1037 5603 1155 5654 ideo
1183 5601 1344 5654 etiam
1383 5602 1884 5658 consubstantialis.

2127 4606 2218 4658 xui
2249 4601 2328 4667 εἷς
2351 4607 2378 4656 6
2403 4605 2591 4673 Πατὴρ
2625 4604 3041 4672 κατωνόμασται
3064 4621 3079 4668 ;
3106 4602 3309 4672 Κύριος
3333 4604 3387 4655 δὲ
3424 4603 3523 4656 οὐκ
3548 4603 3698 4657 ἔσται

2127 4698 2153 4748 6
2192 4693 2403 4764 Πατὴρ,
2434 4695 2616 4764 ἐπειδὴ
2654 4695 2854 4766 Κύριος
2879 4694 2969 4747 xui
2993 4688 3070 4756 εἷς
3093 4694 3119 4746 6
3143 4695 3266 4756 Υἱὸς
3299 4695 3496 4765 ἐκλήθη
3523 4712 3536 4759 ;
3560 4695 3698 4748 Ἀλλ’

2127 4787 2224 4838 οὐκ
2245 4785 2357 4837 ἔστι
2379 4784 2556 4846 τοῦτο,
2601 4784 2674 4854 μὴ
2701 4785 2927 4851 γένοιτο.
2962 4785 3096 4838 Θεοῦ
3133 4787 3238 4857 γὰρ
3274 4787 3423 4847 δντος
3454 4785 3545 4838 τοῦ
3587 4787 3698 4838 Πα-

2125 4877 2271 4946 τρὸς,
2307 4868 2437 4938 Θεός
2469 4877 2584 4927 ἐστι
2612 4875 2703 4928 xui
2734 4878 2762 4929 6
2797 4876 2956 4938 Υἱός¹
2990 4895 3082 4929 και
3114 4879 3319 4946 Κυρίου
3359 4878 3520 4929 πάλιν
3551 4876 3700 4941 ὄντος

2127 4967 2220 5019 τού
2253 4965 2405 5032 Υίοῦ,
2441 4966 2644 5036 Κύριός
2675 4969 2821 5020 ἐστιν
2851 4970 2878 5020 6
2907 4969 3114 5037 Πατήρ.
3157 4968 3291 5020 Ἀλλ’
3342 4970 3496 5039 εἴπερ
3524 4966 3590 5039 ἦν
3619 4987 3702 5033 τις

2127 5060 2312 5123 οὐσίας
2341 5061 2569 5130 διαφορά
2618 5060 2712 5131 τὴν
2763 5062 2930 5115 δυάδα
2967 5061 3367 5131 διατειχίζουσα
3395 5105 3409 5126 ,
3471 5065 3562 5118 xui
3605 5065 3701 5117 οὐκ

2131 5150 2274 5203 ἐῶσα
2303 5151 2595 5221 μίσγεσθαι
2641 5154 2882 5219 φυσικῶς
2913 5154 2991 5216 εἰς
3013 5155 3313 5224 ταυτότητα
3336 5195 3348 5218 ,
3379 5155 3478 5207 οὐκ
3511 5155 3594 5216 ἂν,
3625 5151 3699 5208 οἷο

2129 5257 2246 5309 μαι,
2275 5242 2479 5311 κυρίως
2500 5241 2668 5294 τὸτοῦ
2695 5243 2883 5313 ἑτέρου
2910 5243 3206 5314 πρόσρημα
3239 5243 3314 5313 τῷ
3345 5245 3514 5315 ἑτέρῳ
3537 5261 3703 5314 προσ-

2127 5333 2213 5402 ἦν.
2240 5331 2459 5402 Ἐπειδὴ
2507 5333 2562 5385 δὲ
2598 5334 2770 5386 πάντα
2808 5335 2872 5387 τὰ
2894 5334 2987 5387 τοῦ
3037 5335 3251 5405 Πατρὸς
3278 5337 3335 5387 ἐν
3371 5336 3483 5404 Υξῷ
3515 5335 3704 5403 φαίνει

2128 5439 2235 5480 ται,
2271 5421 2449 5475 καὶτὰ
2478 5422 2569 5474 τοῦ
2612 5425 2739 5477 Υἱοῦ
2769 5425 2930 5478 πάλιν
2958 5427 3014 5477 ὲν
3050 5427 3248 5496 Burgi,
3279 5427 3352 5488 ὡς
3386 5427 3595 5488 οὐδενὸς
3622 5426 3706 5479 ἔπι

2129 5513 2217 5566 τὸν
2245 5514 2345 5582 τῆς
2375 5515 2697 5584 ταυτότητος
2732 5515 3058 5586 διείργοντος
3099 5517 3274 5583 λόγον,
3302 5516 3450 5568 ἔσται
3487 5518 3579 5568 καὶ
3614 5517 3706 5569 α)-

2131 5607 2220 5669 τὸς
2247 5606 2473 5674 ἀγαθὸς,
2506 5606 2578 5669 ὡς
2602 5609 2627 5658 6
2660 5608 2868 5678 Πατὴρ,
2902 5608 2993 5661 xui
3023 5607 3110 5660 διὰ
3151 5607 3301 5660 τοῦτο
3332 5609 3453 5677 ἐμοι,
3475 5615 3630 5670 ῤ’·ος.

535 5777 577 5808 ⁸⁷
603 5778 754 5844 Dgut.
788 5792 858 5846 rt,
894 5777 941 5831 4.
1021 5777 1063 5808 ⁸³
1089 5778 1238 5833 Deut.
1272 5793 1322 5844 ι,
1356 5777 1452 5842 '20;
1492 5776 1674 5833 Matth.
1713 5795 1783 5847 Iv,
1821 5779 1900 5834 l0.
1981 5779 2013 5813 "-

2119 5779 2228 5835 Cor.
2258 5793 2369 5848 vnt,
2408 5780 2458 5834 6.
