4012 6338
299 337 412 395 In

1004 451 1203 503 ΛΑΜ).

383 559 525 616 Ὅσα
547 563 646 630 τῆς
672 559 815 629 πρὸς
853 559 1061 630 sunt.
1107 557 1342 627 φυσικῆς
1389 554 1673 616 κοινωνίας
1712 569 1770 605 τε
1802 570 1896 606 και

295 651 639 721 cantharo;
667 651 1102 722 ἀπεσχοίνισται,
1142 649 1315 701 ταῦτα
1349 647 1412 717 δὴ
1450 648 1665 708 πάντως
1688 645 1781 698 καὶ
1808 644 1894 708 ξε-

303 741 499 810 νισμός
535 757 617 804 τις
653 741 932 812 ίδιοτήτων
960 743 1058 810 τῆς
1083 740 1216 810 πρὸς
1243 738 1446 806 ἄλληλα
1477 739 1712 806 σχέσεως
1741 751 1896 804 φυσι-

305 834 415 901 κῆς
436 833 764 902 ἀποτέμνει.
795 830 923 887 Οἷον
953 833 1085 902 φέρε
1115 833 1308 894 εἰπεῖν,
1328 831 1614 901 ἄνθρωπος
1646 829 1788 882 ἔστω
1802 829 1897 881 ml.

309 922 482 986 ῐππος
519 923 587 976 τὰ
619 923 1015 994 σημαινόμενα.
1061 923 1358 995 Ἀνθρώπῳ
1397 923 1495 992 μὲν
1526 921 1632 991 γὰρ
1667 921 1740 983 Ib;
1767 920 1898 989 πρὸς

309 1014 404 1066 τον
438 1015 606 1068 ἵππον
637 1015 763 1080 ξένα
782 1015 850 1068 τὰ
890 1015 1017 1077 ἴδια,
1047 1015 1199 1084 ἵππῳ
1227 1013 1285 1067 δὲ
1319 1013 1482 1068 πάλιν
1519 1013 1595 1073 ὡς
1633 1012 1766 1083 πρὸς
1805 1010 1900 1065 ἀν-

309 1102 553 1174 θρωπον,
577 1106 637 1157 ού
669 1106 840 1157 ταυτά
872 1105 942 1158 τά
969 1104 1114 1168 ἰδίως
1142 1106 1435 1176 προσόντα.
1476 1104 1538 1158 El
1582 1106 1762 1158 τοίνυν
1794 1120 1897 1172 φυ-

315 1197 440 1265 σική
472 1213 556 1258 τις
579 1196 862 1260 διάστασις
879 1197 1052 1268 εἴργει
1072 1199 1164 1250 τὸν
1197 1199 1345 1262 Υἰδν,
1387 1199 1482 1252 καὶ
1501 1197 1782 1269 ἀλλότριον
1801 1197 1900 1268 τῆς

312 1286 410 1340 τοῦ·
432 1287 647 1357 [ἰατρὸς
668 1288 856 1352 οὐσίας
877 1289 1004 1343 ὄντα
1029 1289 1282 1353 δεικνύει,
1321 1289 1441 1354 πῶς
1474 1290 1541 1344 τὰ
1567 1289 1662 1345 τοῦ
1691 1291 1902 1362 [ἰατρὸς

312 1377 421 1430 ἴδια
466 1378 720 1448 φαίνεται
747 1376 966 1452 φορῶν;
1006 1381 1123 1445 πῶς
1166 1382 1224 1435 δὲ
1251 1383 1280 1434 6
1313 1381 1526 1453 Πατὴρ,
1560 1384 1720 1453 εἴπερ
1752 1385 1901 1436 ἐστὶν

310 1468 593 1539 ἀλλότριος
623 1470 761 1524 κατά
802 1471 962 1539 φύσιν
991 1472 1082 1525 τοῦ
1114 1472 1263 1532 Υίοῦ.
1286 1473 1354 1526 τὰ
1375 1473 1543 1528 αὐτοῦ
1577 1474 1680 1527 ἴδια
1707 1478 1898 1546 φορεῖς

324 1561 610 1632 Ἀληθεύει
638 1565 746 1635 γάρ
775 1565 948 1633 λέγων
993 1567 1020 1617 ὁ
1043 1565 1232 1636 Σωτὴρ
1261 1567 1335 1628 ὡς
1375 1567 1511 1637 πρὸς
1537 1566 1629 1619 τὸν
1660 1568 1899 1638 Πατέρα,

308 1651 393 1702 ὅτι
423 1669 441 1701 ι
489 1652 678 1705 Πάντα
701 1653 770 1707 τὰ
803 1655 910 1724 ἐμὰ
959 1655 1028 1707 σά
1056 1656 1169 1708 ἐστι
1195 1671 1208 1684 ·
1267 1656 1360 1708 καὶ
1398 1655 1576 1708 πάντα
1597 1656 1664 1709 τὰ
1693 1657 1760 1710 σα
1793 1659 1903 1728 ὲμά

311 1743 486 1796 ἑστιν.
520 1762 538 1794 ι
570 1743 633 1797 Ei
660 1745 839 1798 τοίνυν
870 1747 1072 1806 πάντα,
1102 1745 1160 1799 ἓν
1193 1745 1250 1798 δὲ
1275 1746 1382 1800 τῶν
1412 1747 1630 1800 πάντων
1658 1749 1776 1801 ἐστὶ
1811 1751 1903 1803 καὶ⁹

309 1829 374 1884 τὸ
401 1831 589 1905 ἄκρως
623 1832 845 1900 ἀγαθὸν,
882 1834 993 1900 ἔξει
1022 1833 1181 1887 τοῦτο
1209 1834 1300 1888 καὶ
1327 1836 1356 1887 6
1384 1834 1511 1896 Υἱὸς
1555 1835 1750 1901 ἰδίωμα
1801 1835 1902 1904 φύ-

313 1939 454 1987 σεως
482 1924 728 1995 ὑπάρχον
766 1925 1037 1995 πατρικῆς
1093 1924 1169 1988 ὡς
1210 1925 1270 1989 ἐξ
1298 1924 1462 1978 αὑτοῦ
1494 1924 1794 1994 προελθών.
1843 1927 1901 1981 ’0

310 2011 369 2065 δὲ
391 2014 490 2083 τῆς
513 2016 792 2087 πατρικῆς
820 2016 1007 2078 ούσίας
1029 2015 1168 2087 ἔχων
1193 2016 1260 2069 τά
1297 2015 1424 2084 ἴδια,
1466 2017 1550 2086 εἴη
1589 2017 1802 2081 πάντως
1835 2017 1902 2071 ἂν

316 2107 416 2157 καὶ
444 2108 755 2178 ὁμοούσιος.

316 2218 436 2292 Ὀτι
472 2222 793 2292 ὁμοούσιος
840 2225 874 2275 ό
925 2222 1060 2288 Υἱὸς
1112 2221 1192 2286 τῷ
1241 2224 1448 2290 Harp},
1505 2223 1900 2292 προκειμένου

292 2299 316 2315 ⁵
380 2290 571 2355 ῥητοῦ
598 2306 613 2321 ο
663 2312 679 2341 ι
717 2294 944 2360 Πορεύο
987 2310 1049 2345 αι
1079 2293 1229 2359 πρὸς
1251 2293 1364 2346 τὸν
1385 2297 1615 2361 Πατέρα
1631 2290 1775 2361 μοι),
1803 2294 1904 2346 καί

388 2361 622 2415 Πατέρα
645 2361 831 2415 ὑμῶν.
864 2311 986 2415 καῖ
1001 2363 1151 2415 Θεόν
1184 2380 1320 2415 ιιου.
1353 2365 1450 2415 καὶ
1483 2363 1632 2415 Θεὸν
1669 2364 1850 2415 ὑμῶν.
1879 2383 1895 2414 I

388 2361 622 2426 Πατέρα
645 2361 831 2429 ὑμῶν,
864 2361 960 2416 καὶ
1001 2363 1151 2415 Θεόν
1179 2380 1320 2431 μου,
1353 2365 1450 2418 καὶ
1483 2363 1632 2416 Θεὸν
1669 2364 1850 2433 ὑμῶν.
1879 2383 1895 2414 I

389 2471 520 2524 Ὅτε
543 2473 641 2543 τὴν
672 2474 765 2526 τοῦ
799 2468 1088 2544 ἀνθρώπου
1119 2476 1333 2546 μορφὴν
1361 2478 1389 2528 ὁ
1431 2476 1524 2529 τοῦ
1550 2476 1684 2530 Θεοῦ
1730 2479 1902 2545 Λόγος

311 2564 671 2634 περιεϐάλετο
696 2606 709 2628 ,
752 2567 845 2618 καὶ
892 2566 981 2618 διὰ
1006 2566 1105 2636 τὴν
1137 2567 1394 2619 ἀπάντων
1423 2567 1579 2636 ἡμῶν
1629 2570 1903 2638 σωτηρίαν

312 2651 579 2720 ὑπάρχων
609 2655 669 2707 ὲν
708 2656 888 2723 μορφῇ
923 2654 1079 2717 Θεοῦ,
1119 2655 1258 2707 καθά
1290 2656 1619 2723 γέγραπται,
1652 2656 1901 2707 τεταπεί-

310 2759 489 2794 νωκεν
521 2744 736 2808 ἑαυτὸν,
757 2745 877 2796 τότε
898 2743 959 2813 δὴ
993 2746 1085 2797 καὶ
1111 2744 1185 2806 ὡς
1214 2745 1499 2814 ἄνθρωπος
1531 2744 1645 2798 ἔσθ’
1678 2746 1764 2798 ὅτε
1789 2747 1903 2799 δια-

309 2833 557 2902 λέγεται,
573 2837 726 2888 οὐδὲν
750 2837 1100 2906 ἀδικούμενος
1121 2838 1200 2896 είς
1218 2837 1315 2903 τὴν
1333 2836 1487 2901 δόξαν
1508 2835 1606 2907 τὴν
1626 2836 1900 2907 θεοπρεπῆ

306 2926 403 2977 διὰ
427 2925 639 2979 τούτου.
691 2927 753 2978 Εἰ
790 2927 896 2998 γάρ
935 2927 1104 2990 ὅντως
1138 2926 1427 2997 ἄνθρωπος
1468 2929 1680 2996 γέγονε,
1724 2930 1816 2981 καὶ
1842 2929 1901 2981 ού

308 3015 405 3068 διὰ
436 3016 596 3068 τοῦτο
637 3018 846 3088 ἀπέστη
878 3019 972 3073 τοῦ
1005 3015 1146 3073 εἶναι
1183 3019 1337 3085 Θεὸς,
1368 3021 1473 3075 κᾶν
1502 3021 1577 3084 ὡς
1617 3021 1904 3090 ἄνθρωπος

311 3106 556 3176 γεγονὼς
583 3109 714 3180 λέγῃ
742 3110 807 3162 τὰ
829 3110 1105 3182 ἀνθρώπῳ
1137 3111 1440 3180 πρέποντα,
1463 3113 1522 3164 ού
1551 3111 1641 3164 διὰ
1662 3112 1822 3164 τοῦτο
1844 3111 1903 3163 τὸ

309 3199 621 3271 θεοπρεπὲς
645 3202 860 3271 ἀξίωμα
887 3200 1295 3274 ζημιωθήσεται
1318 3219 1330 3232 ·
1363 3203 1478 3256 ἀλλ’
1507 3203 1659 3256 ἔσται
1694 3202 1854 3255 πάλιν
1875 3203 1902 3253 ὁ

311 3288 497 3351 αὐτὸς,
532 3291 839 3359 φερομένης
874 3291 967 3343 ἐπὶ
999 3293 1099 3360 τὴν
1128 3292 1444 3361 οἰκονομίαν
1494 3293 1593 3362 τῆς
1636 3295 1692 3346 ὲν
1725 3292 1904 3359 λόγοις

312 3382 882 3449 ταπεινότητος.,”υτι
908 3381 962 3434 δὲ
994 3383 1353 3452 οἰκονομικῶς
1396 3384 1470 3447 ὡς
1512 3383 1795 3455 ἄνθρωπος
1838 3384 1904 3436 τὰ

311 3469 541 3523 τοιαῦτά
578 3488 730 3539 φησι,
765 3472 946 3535 καλῶς
971 3473 1106 3542 ὅπερ
1131 3474 1391 3543 ἀνείληφε
1437 3475 1627 3543 σχῆμα
1672 3475 1815 3543 λόγῳ
1844 3492 1902 3526 τε

313 3561 585 3630 καὶέργῳ
629 3562 936 3630 φυλάττων,
989 3564 1237 3618 ἐντεῦθεν
1270 3567 1548 3636 εἰσόμεθα.
1597 3567 1760 3633 Λέγει
1795 3568 1902 3637 γάρ

318 3669 424 3704 που
464 3653 600 3721 πρὸς
628 3655 726 3723 τὴν
756 3655 812 3706 ὲν
834 3658 899 3725 τῇ
935 3656 1220 3727 Σαμαρείᾳ
1253 3659 1486 3724 γυναῖκα
1513 3658 1573 3709 τὸ
1618 3658 1903 3712 Ἰουδαϊκὸν

314 3745 749 3814 ὑποκρινόμενος
801 3746 1124 3817 πρόσωπον’
1181 3765 1201 3799 ι
1260 3748 1450 3817 Ὑμεῖς
1497 3751 1902 3820 προσκυνεῖτεό

309 3834 416 3886 οὐκ
441 3834 620 3887 οἴδατε
640 3849 652 3861 ⁸
687 3836 846 3903 ἡμεῖς
872 3834 1283 3904 προσκυνοῦμεν
1303 3835 1333 3887 ὃ
1366 3836 1611 3906 οἴδαμεν.
1648 3854 1664 3888 ι
1710 3839 1900 3890 Καίτοι

315 3924 424 3976 τῶν
446 3942 752 3994 προσκυνου
763 3926 939 3993 μένων
974 3925 1166 3989 ὁΥἱος,
1199 3928 1258 3979 ού
1288 3927 1396 3978 τῶν
1432 3928 1898 3998 προσκυνούντων,

311 4015 451 4069 εστι.
493 4036 508 4066 ι
541 4017 1086 4088 Προσκυνησάτωσαν
1120 4019 1231 4088 γὰρ
1269 4018 1440 4089 αὐτῷ,
1491 4022 1649 4088 φησι,
1702 4022 1903 4084 πάντες

312 4109 537 4178 ἄγγελοι
566 4112 723 4165 Θεοῦ.
770 4133 786 4164 ι
828 4115 937 4167 Καὶ
971 4115 1097 4183 περὶ
1121 4117 1219 4186 μὲν
1250 4116 1499 4183 ἀγγέλων
1537 4119 1566 4187 ἢ
1599 4119 1790 4189 ἑτέρας
1825 4140 1903 4172 τι-

315 4202 405 4264 νος
452 4202 552 4270 τῆς
582 4201 700 4254 κατ’
747 4204 944 4266 αὐτοὺς
971 4204 1178 4268 τάξεως
1222 4205 1374 4258 οὐδὲν
1427 4206 1653 4275 φέρεται
1692 4209 1903 4263 τοιοῦτο

315 4292 468 4361 παρά
495 4294 616 4354 ταῖς
643 4291 812 4355 θείαις
845 4294 1105 4364 Γραφαίς.
1133 4294 1208 4347 Οὐ
1238 4294 1348 4363 γὰρ
1381 4296 1635 4363 ἀγγέλοις
1680 4298 1901 4353 κελεύε-

312 4387 405 4439 ταί
425 4403 508 4447 τις
536 4389 884 4454 προσκυνεῖν,
917 4385 1053 4440 ἀλλὰ
1086 4387 1233 4456 μόνῳ
1265 4387 1405 4458 Θεῷ.
1433 4389 1745 4460 Γέγραπται
1770 4394 1898 4462 γάρ*

1751 322 1900 376 TIlE‘

2014 317 2196 375 iRUS.
3491 305 3589 360 Illi

2677 428 2910 485 ALIUD.

2073 551 2204 616 Qua:
2248 562 2278 601 a
2319 544 2552 600 naturali
2602 544 2746 598 inter
2779 556 2838 602 se
2866 538 3249 595 convenientia
3287 537 3597 591 identitate-

2003 655 2108 708 que
2147 641 2321 693 aliena
2350 646 2495 699 sunt,
2540 649 2602 690 ea
2635 635 2798 690 etiam
2838 633 3237 702 proprietatum
3280 629 3591 684 diﬂ'erentia

2006 731 2232 785 naturali
2283 729 2546 782 relatione
2576 728 2723 780 inter
2772 739 2838 780 se
2871 723 3309 790 distinguuntur.
3346 719 3595 790 Exempli

2005 823 2202 893 gratia,
2235 822 2396 874 homo
2432 827 2489 874 et
2524 833 2721 888 equus.
2771 815 2946 870 Homo
2985 813 3136 868 enim
3161 825 3305 880 equo
3343 812 3598 876 collatus,

2005 915 2249 969 diversas
2299 911 2460 965 habet
2506 907 2910 979 preprietates;
2960 920 3165 975 equum
3215 918 3345 959 vero
3391 902 3437 956 si
3475 917 3598 956 cum

2009 1005 2228 1060 homine
2268 1001 2542 1067 conferas,
2577 1015 2683 1056 non
2718 998 2910 1053 eadem
2943 998 3163 1066 utrique
3196 1005 3324 1050 sunt
3357 994 3598 1066 propria.

2008 1095 2064 1151 Si
2102 1110 2232 1164 ergo
2263 1091 2530 1147 naturalis
2563 1091 2747 1160 aliqua
2785 1089 3047 1144 distantia
3099 1096 3250 1143 arcet
3293 1085 3514 1150 Filium,
3546 1095 3604 1148 et

2005 1187 2242 1242 alienum
2291 1199 2356 1239 ac
2396 1184 2674 1239 diversum
2717 1181 2788 1236 ab
2832 1181 3072 1237 essentia
3105 1177 3290 1233 Patris
3333 1177 3599 1241 declarat,

2007 1295 2116 1350 quo
2162 1287 2322 1349 pacto
2356 1277 2537 1333 Patris
2585 1276 2952 1346 proprietates
2991 1287 3190 1344 gerere
3231 1270 3599 1343 deprehendi-

2010 1373 2132 1427 tur?
2159 1387 2270 1443 quo
2314 1382 2477 1440 pacto
2510 1385 2639 1424 vero
2672 1368 2858 1433 Pater,
2906 1368 2953 1422 si
2987 1367 3218 1423 diversa:
3256 1375 3344 1420 est
3389 1372 3602 1418 natura:

2009 1481 2037 1517 a
2075 1463 2232 1529 Filio,
2259 1477 2380 1532 quae
2411 1462 2627 1532 propria
2665 1470 2794 1516 sunt
2818 1458 2976 1525 Filio,
3000 1458 3217 1529 gestat?
3251 1458 3425 1511 Verax
3452 1455 3600 1508 enim

2008 1564 2092 1609 est
2122 1555 2398 1621 Senator,
2441 1556 2506 1608 ad
2543 1554 2759 1608 Patrem
2793 1553 2983 1607 dicens
3016 1571 3029 1606 :
3069 1571 3086 1603 ι
3125 1550 3317 1606 Omnia
3356 1564 3474 1605 mea
3507 1556 3600 1602 tua

2010 1657 2156 1709 sunt,
2186 1654 2238 1701 et
2267 1647 2451 1701 omnia
2499 1656 2585 1699 tua
2631 1656 2758 1699 sunt
2793 1659 2913 1699 mea
2939 1645 3008 1699 ’°.
3046 1663 3064 1694 ι
3100 1643 3157 1698 Si
3191 1643 3356 1712 igitur
3393 1640 3601 1706 omnia,

2012 1755 2176 1793 unum
2215 1754 2348 1794 vero
2391 1738 2638 1792 omnium
2685 1745 2770 1792 est
2811 1735 2956 1804 quod
3005 1749 3218 1791 summe
3263 1734 3464 1788 bonum
3495 1739 3601 1794 est,

2008 1830 2112 1883 erit
2137 1829 2302 1884 etiam
2332 1829 2449 1883 haec
2477 1826 2730 1882 essentia;
2757 1835 3000 1894 paterna
3031 1823 3340 1893 preprietas
3382 1819 3434 1873 in
3463 1817 3602 1872 Filio

2007 1921 2100 1991 qui
2133 1936 2197 1976 ex
2229 1919 2386 1976 Patre
2412 1917 2700 1988 processit.
2727 1915 2827 1983 Qui
2860 1929 2990 1970 vero
3014 1903 3255 1984 paternae
3281 1909 3604 1966 substantiae

2006 2012 2368 2082 proprietates
2410 2009 2595 2073 habet,
2654 2007 2966 2064 necessario
3014 2007 3187 2061 etiam
3236 2003 3599 2060 consubstan-

2004 2102 2150 2157 tialis
2179 2112 2284 2157 est.
2449 2103 2460 2112 '

2005 2215 2111 2286 71
2141 2216 2293 2286 Quod
2323 2217 2791 2286 consubstantialis
2820 2218 2888 2271 sit
2920 2204 3099 2286 Filius
3122 2212 3296 2276 Patri,
3319 2228 3383 2266 ex
3407 2213 3548 2264 dicto
3581 2224 3602 2263 :

2082 2282 2107 2336 ἶ
2149 2283 2294 2338 Vada
2342 2289 2412 2338 ad
2454 2285 2673 2340 Patrem
2714 2304 2912 2349 meum,
2963 2296 3010 2338 et
3064 2282 3278 2340 Patrem
3334 2293 3602 2344 vestrum;

2077 2366 2123 2409 et
2170 2355 2338 2409 Deum
2377 2371 2570 2422 meum,
2608 2367 2658 2411 et
2687 2355 2860 2411 Deum
2887 2367 3117 2411 vestrum
3138 2355 3206 2406 ".
3238 2370 3254 2405 I

2077 2472 2208 2526 Cum
2246 2472 2337 2527 Dei
2383 2470 2618 2527 Verbum
2669 2474 2964 2527 humanam
3012 2471 3246 2524 formam
3283 2465 3600 2536 assumpsit,

2006 2572 2061 2619 et
2107 2573 2327 2632 propter
2374 2571 2619 2623 nostram
2662 2563 2904 2618 omnium
2954 2561 3186 2615 salutem
3231 2559 3505 2613 exsistens
3547 2559 3599 2612 in

2009 2653 2179 2706 forma
2218 2656 2331 2718 Dei,
2357 2649 2497 2709 sit-iit
2522 2655 2783 2723 scriptum
2813 2664 2919 2718 est,
2948 2653 3254 2706 humiliavit
3279 2649 3598 2719 seipsum",

2009 2756 2120 2798 tum
2157 2757 2306 2809 certe
2352 2748 2516 2800 etiam
2552 2756 2609 2799 ut
2665 2751 2828 2799 homo
2862 2745 3136 2799 interdum
3173 2743 3432 2811 loquitur,
3467 2741 3602 2795 nihil

2009 2846 2189 2890 tamen
2227 2853 2347 2890 eam
2390 2839 2458 2891 ob
2507 2852 2726 2891 causam
2778 2837 2977 2890 divinae
3033 2849 3143 2889 suae
3184 2835 3372 2903 gloriae
3419 2834 3603 2887 detra-

2010 2926 2168 2980 hens.
2218 2926 2275 2980 Si
2323 2931 2468 2982 enim
2511 2944 2637 2984 vere
2675 2930 2849 2983 factus
2881 2940 2963 2984 cst
3016 2930 3200 2996 homo,
3255 2942 3360 2982 non
3398 2925 3603 2981 idcirco

2007 3020 2166 3074 desiit
2201 3036 2321 3075 esse
2346 3023 2589 3086 Deus,ac
2625 3023 2864 3088 tametsi,
2905 3033 2963 3076 ut
2995 3023 3172 3077 factus
3205 3023 3393 3085 homo,
3425 3019 3604 3087 loqui-

2010 3120 2098 3166 tur
2118 3127 2239 3180 quze
2267 3113 2470 3166 homini
2503 3114 2855 3179 conveniunt,
2892 3115 3023 3168 nihil
3057 3123 3234 3168 tamen
3266 3113 3462 3166 divina-3
3489 3126 3603 3165 sua:

2008 3205 2256 3273 dignitati
2283 3204 2544 3270 discedit;
2575 3208 2667 3259 sed
2697 3206 2838 3260 idem
2874 3209 2989 3274 ipse
3017 3215 3124 3269 est,
3150 3204 3457 3259 humilitate
3475 3219 3603 3284 quae

2013 3297 2065 3350 in
2091 3296 2271 3351 verbis
2292 3306 2376 3351 est
2404 3299 2470 3350 ad
2505 3299 2935 3354 incarnationem
2973 3301 3162 3354 relata.
3193 3300 3349 3364 Quod
3376 3312 3500 3351 vero
3532 3299 3598 3349 ad

2009 3389 2439 3444 incarnationem
2468 3393 2768 3459 respiciens
2793 3392 3100 3462 huiusmodi
3134 3402 3194 3444 ut
3224 3390 3387 3444 homo
3418 3389 3599 3458 loqui-

2006 3491 2110 3546 tur,
2147 3483 2373 3550 pulchre
2419 3482 2652 3536 formam
2686 3498 2853 3551 quam
2893 3481 3192 3552 assumpsit
3231 3482 3399 3537 verbo
3435 3491 3601 3549 atque

2006 3587 2170 3642 opere
2208 3589 2435 3630 servans
2483 3589 2547 3629 ac
2588 3591 2699 3643 prae
2737 3591 2798 3630 se
2843 3575 3050 3640 ferens,
3101 3576 3229 3630 hinc
3269 3585 3599 3641 cegnoscere

2007 3667 2324 3732 poterimus.
2361 3667 2572 3723 Alicuhi
2603 3670 2748 3722 enim
2781 3669 2847 3722 ad
2882 3669 3166 3723 mulierem
3197 3668 3597 3723 Samaritanam

2004 3756 2173 3811 Judaei
2226 3773 2516 3828 personam
2589 3760 2886 3828 praeferens
2941 3761 3013 3813 ita
3077 3758 3318 3837 loquitur
3364 3777 3377 3812 :
3426 3777 3445 3810 ι
3491 3758 3602 3813 Vos

2007 3850 2244 3902 adoratis
2275 3852 2419 3919 quod
2457 3853 2706 3914 nescitis,
2757 3867 2856 3905 nos
2896 3862 3077 3906 autem
3126 3852 3417 3905 adoramus
3455 3853 3600 3918 quod

2007 3941 2210 3994 scimus
2231 3942 2298 3994 ’³.
2337 3960 2354 3992 ι
2409 3941 2594 4011 Neque
2643 3945 2786 3995 enim
2825 3943 2996 3998 Filius
3048 3958 3114 3998 ex
3167 3959 3358 3998 eorum
3410 3941 3602 3997 ordine

2005 4032 2200 4098 estqui
2236 4033 2488 4095 adorant,
2520 4035 2614 4086 sed
2642 4034 2736 4103 qui
2767 4035 3087 4088 adorantur.
3129 4053 3146 4085 ι
3176 4033 3422 4088 Αιίοιειιι
3451 4034 3597 4087 enim

2006 4136 2154 4182 eum.
2184 4124 2359 4190 inquit
2392 4124 2707 4194 Scriptura,
2743 4143 2938 4182 omnes
2966 4128 3143 4196 angeli
3181 4127 3276 4182 Dei
3301 4127 3367 4181 ⁸⁸.
3403 4148 3420 4179 ι
3454 4125 3598 4182 Nihil

2008 4229 2133 4268 vero
2171 4215 2443 4284 ejusmodi
2484 4228 2575 4270 aut
2628 4220 2838 4287 angelis
2880 4230 2975 4273 aut
3005 4219 3099 4274 ulli
3144 4220 3319 4273 ordini
3356 4235 3383 4273 a
3423 4221 3599 4273 sacris

2007 4305 2224 4360 Litteris
2292 4306 2553 4362 defertur.
2610 4309 2796 4378 Neque
2847 4311 2989 4365 enim
3041 4311 3333 4378 quisquam
3377 4309 3602 4377 iubetur

2005 4398 2226 4466 angelos
2282 4398 2536 4464 adorare,
2591 4407 2685 4455 sed
2734 4404 2911 4458 solum
2955 4402 3146 4456 Demn.
3196 4401 3469 4472 Scriptum
3518 4415 3601 4458 est

320 4496 337 4527 ι
363 4476 569 4536 Κύριον
593 4478 682 4528 τὸν
705 4477 836 4529 Θεόν
867 4495 960 4530 σου
992 4479 1412 4549 προσκυνήσεις,
1452 4483 1544 4533 καὶ
1570 4483 1718 4552 αὐτῷ
1753 4487 1898 4554 μόνῳ

2013 4488 2144 4539 enim
2175 4504 2186 4540 :
2223 4507 2243 4537 ‹
2281 4486 2568 4542 Dominum
2614 4489 2785 4544 Deum
2814 4501 2961 4544 tuum
3006 4491 3288 4555 adorabis,
3325 4501 3378 4545 et
3418 4492 3465 4545 ei
3497 4494 3598 4546 soli

314 4568 654 4638 λατρεύσεις.
697 4589 713 4620 ι
745 4571 954 4640 ’Ὠσπερ
985 4571 1163 4623 τοίνυν
1195 4572 1668 4641 προσκυνούμενος
1698 4576 1726 4628 ὁ
1749 4575 1897 4641 Υἱὸς,

314 4664 643 4730 προσκυνεῖν
670 4677 831 4728 φησιν
859 4663 1216 4732 οἰκονομικῶς
1235 4704 1248 4728 ,
1284 4664 1358 4725 ὡς
1392 4664 1698 4732 ἄνθρωπος,
1728 4665 1901 4730 οὕτως

309 4752 440 4804 ὅταν
460 4751 595 4813 Θεδς
626 4753 769 4803 κατὰ
801 4755 960 4817 φύσιν
993 4752 1274 4822 ὖπάρχων,
1293 4754 1426 4807 Θεὸν
1452 4755 1648 4808 ἑαυτοῦ
1678 4757 1769 4810 τὸν
1790 4759 1901 4810 Πα-

311 4845 446 4913 τέρα
475 4844 640 4913 καλῇ,
684 4843 844 4895 πάλιν
875 4843 950 4905 ὡς
990 4843 1273 4914 ἄνθρωπος
1308 4847 1690 4917 οἰκονομικῶς,
1721 4851 1780 4902 οὐ
1811 4851 1899 4905 διὰ

312 4935 471 4988 τοῦτο
515 4935 610 4987 τοῦ
647 4931 786 4987 εἶναι
838 4935 968 4998 Θεὸς
1006 4936 1436 5008 ἐκϐληθήσεται·
1485 4940 1600 4993 ἀλλ’
1636 4942 1710 5005 t'o;
1756 4945 1899 4997 κατά

312 5031 472 5094 φύσιν
509 5028 662 5094 Υἱὸς,
699 5029 848 5081 ἔσται
878 5028 933 5081 δὲ
967 5029 1270 5098 ὀμοούσιος.

998 5222 1202 5276 AAAO.

382 5330 440 5383 E-i
473 5332 532 5383 ὲν
564 5335 744 5402 μορφῇ
779 5334 913 5387 Θεοῦ
949 5335 1208 5406 ὑπάρχων
1237 5341 1263 5390 ὁ
1298 5340 1424 5404 Υἱὸς
1457 5345 1550 5395 καὶ
1602 5345 1660 5395 ἐν
1691 5347 1893 5416 ἰσότητι

313 5422 486 5487 (τοῦτο
513 5425 622 5492 γὰρ
657 5428 682 5476 ὁ
707 5425 915 5488 Παῦλος
944 5429 1120 5497 φησι),
1150 5430 1280 5481 Θεὸν
1312 5432 1420 5500 ἔχει
1448 5437 1588 5488 κατὰ
1616 5437 1778 5499 φύσιν
1805 5441 1894 5491 τὸν

312 5513 440 5566 Θεὸν
470 5516 563 5568 καὶ
597 5517 839 5586 Πατέρα,
870 5518 1091 5572 δύναται
1127 5521 1336 5586 τούτοις
1358 5524 1686 5581 ὑποπίπτειν
1715 5531 1746 5599 ἡ
1776 5530 1892 5583 θεία

379 5686 426 5719 ⁹⁹
457 5685 619 5741 Jnan.
657 5702 790 5749 XVII,
836 5688 920 5742 lt).
1026 5692 1067 5720 “
1103 5693 1258 5745 Joau.
1300 5711 1387 5755 xx.
1427 5697 1509 5753 l7.

380 5704 426 5719 "
457 5704 619 5741 Jnan.
657 5704 790 5749 XVII,
836 5704 954 5775 ID.-
1026 5704 1067 5720 "
1103 5704 1258 5745 Joau.
1300 5711 1387 5755 xx.
1427 5704 1509 5753 l7.
1615 5705 1660 5734 ”
1689 5704 1904 5780 Philipp

313 5755 431 5819 I,6.
508 5759 556 5789 "
593 5757 749 5814 Dcttl.
783 5772 853 5824 Vl,
893 5765 994 5826 to;
1039 5758 1227 5817 Matth.
1264 5779 1334 5834 Iv,
1377 5767 1462 5822 ιθ.

1911 5749 1923 5762 .
1961 5725 2024 5777 II,
2053 5713 2106 5779 6,
2149 5713 2198 5767 7.

2009 4578 2214 4630 servies
2237 4578 2305 4633 ⁸⁵.
2341 4595 2358 4629 ι
2399 4578 2870 4645 Quemadmodum
2922 4583 3088 4654 igitur
3133 4584 3178 4638 is
3213 4585 3298 4638 cui
3349 4587 3599 4640 adoratio

2008 4667 2259 4732 debetur,
2300 4672 2528 4725 adorare
2579 4689 2638 4726 se
2691 4675 2825 4729 dicit
2880 4686 3130 4746 respectu
3182 4677 3595 4740 incarnationis,

2009 4766 2068 4807 ut
2119 4758 2278 4812 homo
2323 4777 2338 4812 :
2384 4761 2483 4821 ita,
2531 4765 2749 4830 quando
2794 4765 2909 4832 ipse
2963 4765 3286 4820 naturaliter
3325 4767 3597 4820 exsistens

2012 4850 2149 4905 Deus
2185 4850 2401 4907 Patrem
2449 4856 2615 4909 Deum
2659 4873 2813 4910 suum
2854 4869 3045 4923 vocat,
3090 4862 3282 4914 iterum
3333 4870 3390 4913 ut
3438 4861 3598 4913 homo

2010 4954 2260 5010 respectu
2305 4945 2699 5002 incarnationis
2748 4950 3007 5018 loquitur,
3061 4968 3165 5006 non
3214 4953 3417 5007 idcirco
3453 4950 3596 5007 Deus

2005 5049 2125 5089 esse
2176 5038 2398 5104 desinit,
2443 5042 2534 5093 sed
2589 5052 2646 5096 ut
2690 5047 3014 5100 naturaliter
3053 5047 3243 5110 Filius,
3276 5048 3382 5102 crit
3431 5046 3593 5101 etiam

2008 5127 2507 5183 consubstantialis.

2677 5243 2911 5300 ALIUD.

2079 5355 2132 5409 Si
2178 5357 2228 5410 in
2274 5360 2446 5412 l'nrtna
2499 5361 2917 5428 :equalitathue
2968 5360 3060 5416 Dei
3113 5362 3383 5416 exsistens
3423 5363 3593 5419 Filius

2005 5446 2100 5513 (ita
2129 5450 2270 5502 enim
2307 5450 2503 5504 Paulus
2532 5453 2652 5519 ait),
2687 5453 2851 5506 Deum
2901 5455 3062 5509 habet
3092 5459 3387 5509 secundum
3435 5470 3593 5511 natu-

2006 5553 2117 5592 I'am
2149 5542 2322 5611 ipsum
2359 5543 2526 5598 Deum
2568 5559 2632 5599 ac
2664 5542 2904 5613 Patrem,
2935 5556 2990 5603 et
3030 5547 3210 5601 divina
3244 5555 3437 5602 natura
3467 5549 3591 5604 huic

2287 5716 2329 5750 ³³
2371 5715 2523 5773 Joan.
2563 5735 2636 5786 ιν,
2672 5721 2762 5776 22.
2871 5722 2913 5755 °‘
2957 5721 3100 5780 Psal.
3146 5738 3286 5794 XCVI,
3321 5723 3386 5792 8;
3424 5722 3588 5782 Hebr.
