4012 6338
244 413 344 471 119

500 634 824 699 Ἀντίοεσις
863 634 944 697 ὠς
979 634 1047 684 ἐκ
1088 629 1205 683 τῶν
1254 626 1574 693 Εὐνομιόυ.

316 754 431 806 Οὐκ
464 751 532 804 ἂν
576 749 661 817 εἴη
694 747 915 809 τέλειος,
963 744 1116 813 φησὶ,
1154 742 1229 813 μὴ
1286 742 1501 801 πάντως
1540 734 1648 788 ἀπό
1684 747 1828 793 τινος

249 846 524 915 ἐκτρέχων
550 838 746 910 ἀρχῆς.
780 839 840 890 Εί
871 836 1047 890 τοίνυν
1072 833 1416 886 κατέπαυσεν
1442 832 1470 881 6
1493 824 1682 895 Πατὴρ
1709 838 1831 891 γεν-

250 937 354 991 νῶν
372 936 465 987 τὸν
496 932 647 995 Υίὸν,
674 931 733 983 τὸ
776 930 831 982 δὲ
866 924 1219 981 καταπαῦσαι
1256 922 1407 985 τέλος
1448 920 1627 983 ἐστὶν,
1658 915 1833 987 ἀρχὴν

252 1030 354 1098 ἄρα
386 1022 623 1095 ἔχειτοῦ
668 1017 827 1075 εἶναι.
882 1016 1008 1080 Πῶς
1058 1010 1150 1069 οῦν
1184 1016 1212 1067 6
1273 1010 1506 1074 τοιοῦτος
1547 1006 1832 1079 ὁμοούσιος

253 1122 401 1174 ισται
432 1116 511 1186 τῷ
538 1117 605 1169 ἐκ
637 1111 905 1185 μηδεμιᾶς
936 1109 1111 1182 ἀρχῆς
1142 1106 1256 1162 ὄντι
1279 1102 1484 1179 Πατρίς

749 1285 903 1356 Πρὸς
929 1284 1105 1339 τοῦτο
1136 1281 1339 1347 λύσις.

324 1407 386 1458 Εἰ
416 1402 760 1458 κατέπαυσεν
788 1398 817 1450 6
842 1394 1050 1466 Πατὴρ,
1088 1391 1210 1446 καθ’
1258 1391 1425 1461 ὑμᾶς,
1447 1381 1493 1443 ὦ
1533 1382 1835 1458 χριστομά-

254 1514 353 1569 χοι,
385 1494 593 1565 γεννῶν
644 1492 734 1543 τὸν
767 1488 916 1553 Υἱδν,
966 1487 1062 1539 καὶ
1112 1482 1220 1536 ἀπό
1259 1498 1403 1544 τινος
1428 1479 1603 1550 ἀρχῆς
1633 1476 1839 1547 ἡρξατο

256 1567 432 1655 (τοῦτο
451 1587 560 1657 γὰρ
590 1582 746 1654 ὑμῶν
780 1581 815 1651 ἡ
847 1578 1116 1649 πρότασις
1141 1572 1299 1645 ἔχει),
1324 1571 1691 1642 προσγέγονεν
1732 1567 1839 1637 ἄρα

253 1678 332 1747 τῷ
362 1656 563 1747 Πατρί.
612 1672 687 1729 Τὸ
732 1670 788 1723 δὲ
820 1667 1189 1743 προσγεγονὸς
1238 1665 1331 1718 καὶ
1360 1660 1535 1733 ἀρχὴν
1584 1660 1705 1729 ἔχον
1742 1656 1838 1711 τοῦ

1659 382 2105 445 τιιεδλυῃυδ.

932 516 1131 571 ΑΛΛΟ.
1857 506 1901 559 Α

3418 354 3518 409 150

2608 482 2836 536 ALIUD.

2368 601 2450 655 Ex
2492 598 2782 667 ubjectioue
2809 578 3097 647 Eunomii.
3202 627 3207 631 «

2004 720 2305 783 Perfectus,
2338 714 2531 788 inquit,
2576 725 2699 765 esse
2740 723 2845 762 non
2893 713 3093 775 potest,
3144 702 3247 759 nisi
3280 701 3370 771 qui
3401 715 3521 756 om-

1936 816 2064 871 nino
2096 814 2165 867 ab
2192 811 2373 877 aliquo
2405 802 2673 873 principio
2706 798 3055 869 processerit.
3086 796 3331 865 Si‘igitur
3360 790 3525 846 Pater

1935 908 2094 965 desiit
2125 916 2391 977 generare
2418 899 2638 959 Filium,
2668 895 2798 953 illud
2829 902 3011 947 autem
3052 879 3320 950 desinere,
3360 880 3521 941 linem

1936 999 2229 1072 signiﬁcat,
2273 993 2600 1065 principium
2632 991 2815 1056 itaque
2855 980 3155 1039 exsistendi
3194 978 3373 1032 habet.
3406 976 3525 1043 Quo

1935 1067 2095 1165 pacto
2127 1092 2290 1162 igitur
2323 1089 2370 1141 is
2399 1078 2903 1144 consubstantialis
2931 1076 3037 1131 erit
3074 1072 3247 1136 Patri,
3282 1067 3372 1141 qui
3402 1067 3521 1124 nul-

1937 1186 2049 1244 lum
2078 1180 2405 1255 principium
2438 1177 2600 1237 habet
2624 1175 2647 1231 ?

2439 1267 2649 1322 Salutio
2699 1259 3026 1333 objectionis.

2008 1386 2067 1442 Si
2101 1382 2262 1439 desiit
2300 1380 2382 1436 vel
2412 1376 2649 1435 cessavit
2698 1372 2861 1427 Pater
2899 1380 3089 1424 creare
3126 1362 3347 1426 Filium,
3373 1361 3528 1429 Juxta

1938 1486 2174 1535 vestram
2223 1472 2557 1544 opinionem,
2618 1468 2802 1521 hostes
2846 1458 3071 1525 Christi,
3128 1465 3184 1511 et
3233 1453 3303 1508 ab
3347 1451 3529 1521 aliquo

1942 1567 2214 1643 principio
2245 1565 2409 1634 ccepit
2440 1560 2553 1633 78
2579 1560 2676 1628 (ita
2715 1556 2862 1611 enim
2882 1563 3070 1609 ,vestra
3102 1546 3402 1619 propositio
3442 1545 3531 1599 hu-

1942 1636 2076 1731 bet),
2124 1636 2256 1728 ergo
2288 1652 2619 1709 adventitius
2655 1657 2738 1703 est
2768 1644 2937 1719 Patri.
2979 1642 3034 1697 ld
3083 1655 3213 1695 vero
3243 1637 3388 1707 quod
3431 1636 3531 1689 ad-

256 1728 764 1838 εἶναῖῖπρόσφατον
786 1728 1207 1829 avehe-rana);
1235 1756 1329 1809 καὶ
1358 1728 1694 1821 ἀναγκαίαις.
1714 1748 1841 1812 Πῶς

1981 1728 2232 1808 entitium
2266 1749 2384 1803 sive
2441 1742 2735 1800 ascititium
2773 1748 2878 1802 est,
2910 1746 2965 1791 et
2998 1732 3326 1806 principium
3366 1728 3535 1783 habet

339 1818 442 1913 ἓν
470 1818 579 1929 ἐρα
601 1818 902 1926 ὀήσετετδν
927 1818 1053 1904 Ῠίδν
1074 1818 1208 1903 Θεὸν
1231 1844 1372 1902 εἶναι
1397 1818 1548 1918 παρὰ
1573 1845 1672 1915 τῆς
1691 1842 1844 1905 Θείας

1981 1842 2300 1905 xsistentiaa,
2330 1849 2524 1893 recens
2548 1832 2771 1890 omnino
2803 1830 2872 1885 sit
2901 1840 3126 1883 necesse
3152 1832 3253 1879 cst.
3282 1818 3405 1889 Quo
3440 1833 3535 1888 pa-

258 1921 480 2023 Γραφῆς
508 1921 571 2001 οὐ
600 1921 1073 2017 συγχωρούμενον,
1111 1940 1177 1995 ἂν
1203 1938 1376 2003 οὕτως
1415 1938 1515 2009 ἔχῃ
1534 1978 1547 2001 ,
1586 1934 1841 2005 καθάπερ

1981 1948 2034 1991 to
2066 1935 2231 2003 igitur
2271 1928 2527 1987 statuetis
2561 1938 2776 1980 sacram
2809 1921 3152 1989 Scripturam
3189 1929 3295 1969 non
3341 1923 3535 1967 conce-

257 2007 631 2114 ὑμεῖςἰρατῃ
889 2007 1041 2088 ἔσται
1089 2032 1198 2103 γὰρ
1248 2031 1307 2083 ἑν
1359 2030 1442 2082 σοὶ
1479 2007 1633 2091 Θεὸς,
1685 2027 1840 2095 φησι,

1985 2043 2074 2082 ere
2108 2025 2310 2080 Filium
2346 2022 2517 2077 Deum
2548 2032 2691 2080 esse,
2723 2014 2766 2070 si
2808 2013 2883 2067 ita
2912 2025 2972 2066 se
3014 2024 3099 2063 res
3134 2007 3317 2069 habet,
3350 2011 3409 2057 ut
3440 2014 3540 2073 vos

262 2098 596 2203 π’ρόστραίτος.
620 2098 646 2181 ἰ
679 2128 820 2182 Ἀλλ’
840 2125 981 2182 οἶδεν
1005 2098 1223 2193 αὐτὸν-ἡ
1250 2121 1369 2175 Θεία
1384 2119 1584 2191 Γραφὴ
1602 2118 1696 2171 καὶ
1713 2116 1844 2169 Υίὸν

1987 2119 2175 2176 icitis?
2204 2137 2222 2169 ι
2252 2114 2373 2172 Non
2397 2112 2540 2168 enim
2563 2104 2911 2176 erit,inquit,
2938 2102 2991 2155 in
3014 2110 3065 2154 te
3094 2098 3235 2153 Deus
3264 2106 3472 2149 recens.
3512 2108 3533 2143 ι

263 2224 387 2278 ὅντα
420 2222 517 2275 καὶ
543 2220 697 2277 Θεόν,
735 2221 849 2274 Οὐκ
878 2220 986 2291 ἄρα
1019 2216 1359 2288 πρόσφατος.
1390 2212 1511 2265 οὐδὲ
1540 2209 1845 2279 ἀρξάμενος

264 2311 353 2366 τοῦ
383 2312 700 2380 γεννᾶσθαι,
732 2309 854 2363 καθ’
886 2310 1059 2379 ὑμᾶς·
1094 2305 1231 2360 ἀλλὰ
1270 2302 1528 2373 γεννητὸς
1558 2302 1678 2372 μὲν,
1723 2316 1846 2352 συν-

266 2404 431 2467 αϊδιος
458 2404 515 2457 δὲ
539 2405 686 2472 ὅμως
707 2402 782 2465 ὡς
806 2400 931 2463 Υἱὸς
956 2400 1030 2452 ὢν
1057 2399 1114 2451 ἐν
1132 2395 1209 2467 τῷ
1232 2395 1425 2466 Πατρί.
1450 2394 1512 2446 Ei
1540 2392 1595 2445 δὲ
1621 2392 1679 2443 τὸ
1706 2385 1849 2443 εἶναι

269 2496 581 2566 πρόσφατον
609 2495 670 2547 ού
699 2492 1047 2562 συγχωρήσει
1076 2489 1179 2558 τῆς
1200 2485 1368 2556 αῦτῆς
1391 2486 1579 2547 οὐσίας
1608 2480 1747 2538 εἶναι
1771 2482 1851 2555 τῷ

271 2585 447 2655 Ila-cpi
476 2584 569 2637 τὸν
597 2582 747 2647 Υίδν,
774 2582 837 2636 τὸ
864 2582 941 2653 μὴ
982 2576 1121 2633 εἶναι
1169 2578 1483 2647 πρόσφατον
1511 2616 1527 2643 ,
1563 2574 1851 2644 ὁμοούσιον

271 2673 563 2739 ἀποδείξει.

963 2908 1168 2963 ΔΛΛιο.

345 3026 411 3079 Et
435 3024 579 3095 μόνῳ
595 3022 713 3093 Θεῷ
735 3020 813 3093 τῷ
838 3020 979 3076 κατὰ
997 3020 1155 3090 φύσιν
1179 3018 1244 3074 τὸ
1264 3017 1685 3091 προσκυνεῖσθαι
1708 3017 1861 3089 παρά

1951 2212 2118 2282 Atqui
2158 2222 2315 2265 sacra
2344 2204 2633 2273 Scriptura
2660 2197 2814 2253 illum
2860 2203 2914 2249 et
2951 2191 3149 2246 Filium
3188 2185 3540 2257 agnoscit,_ct

1953 2279 2145 2359 Deum.
2189 2299 2307 2355 Non
2346 2297 2512 2367 igitur
2542 2305 2735 2347 recens
2764 2298 2869 2350 est,
2902 2296 3077 2353 neque
3105 2279 3331 2348 incmpit
3371 2289 3539 2347 geue—
3614 2294 3617 2295 ν

1954 2396 2085 2458 rari,
2120 2402 2179 2450 ut
2221 2404 2319 2445 vos
2370 2383 2691 2459 opinamini,
2747 2379 2841 2434 sed
2890 2377 3109 2447 genitus
3155 2369 3397 2442 quidem,
3446 2380 3542 2421 co-

1954 2498 2192 2543 aeternus
2224 2458 2601 2541 nihilominus,
2652 2483 2711 2528 ut
2742 2471 2915 2526 Filius
2957 2468 3229 2522 exsistens
3260 2462 3311 2516 in
3359 2458 3538 2514 Patre.

1955 2580 2109 2632 Sicut
2141 2574 2326 2642 igitur,
2360 2570 2405 2625 si
2443 2579 2635 2622 recens
2670 2572 2839 2627 esset,
2870 2561 3110 2626 ejusdem
3141 2552 3395 2609 essentia
3424 2564 3547 2603 esse

1956 2685 2078 2725 cum
2112 2666 2271 2720 Patre
2304 2661 2474 2723 Filius
2521 2668 2865 2726 nequaquam
2902 2659 3106 2721 posset,
3168 2648 3242 2701 ita
3281 2645 3446 2699 etiam
3480 2656 3548 2697 eo

1959 2762 2075 2836 ipso
2105 2758 2248 2829 quod
2285 2768 2475 2811 recens
2500 2765 2607 2808 non
2638 2757 2746 2811 est.
2775 2738 3257 2805 consubstantialis
3294 2748 3417 2791 esse
3451 2734 3550 2789 de-

1960 2854 2219 2911 claratur,
2640 2908 2850 2966 AUUD

2030 3033 2097 3090 Si
2132 3030 2231 3088 soli
2264 3030 2378 3089 Deo
2418 3024 2717 3083 sccundum
2754 3028 3003 3081 naturam
3038 3014 3287 3078 adoratio
3322 3025 3352 3066 a
3397 3009 3553 3066 nolii‘s

281 3135 338 3172 τι
366 3116 523 3188 ἡμῶν
547 3116 642 3169 καὶ
662 3115 908 3183 ἀγγέλων
940 3114 1235 3182 ὀφείλεται,
1269 3112 1440 3183 ἑτέρῳ
1468 3110 1525 3165 δὲ
1554 3110 1750 3175 οὐδενὶ,
1770 3110 1861 3163 καὶ

1981 3134 2021 3181 3t
2053 3121 2259 3193 angelis
2284 3117 2532 3179 debetur,
2566 3122 2621 3168 et
2651 3111 2781 3167 nulli
2817 3108 2999 3175 alteri,
3031 3116 3085 3160 et
3122 3106 3189 3159 de
3224 3102 3382 3158 nobis
3419 3102 3557 3155 scri-

283 3210 367 3279 tzp’
401 3208 560 3280 ἡμῶν
591 3207 689 3279 μὲν
726 3205 992 3259 τέθειται·
1022 3225 1039 3256 ι
1063 3203 1268 3274 Κύριον
1293 3203 1385 3257 τὸν
1414 3202 1548 3255 Θεὸν
1575 3218 1670 3255 σου
1688 3217 1861 3272 προσ-

1981 3192 2249 3282 ptumest
2285 3226 2297 3259 :
2330 3226 2349 3259 ι
2390 3205 2676 3261 Dominum
2728 3199 2897 3253 Deum
2943 3208 3091 3251 tuum
3138 3194 3391 3249 adorabis
3417 3192 3458 3224 “
3483 3208 3551 3256 ;-ο

285 3302 562 3372 κυνήσεις,
597 3318 615 3350 ι
646 3296 900 3367 ἀγγέλοις
934 3297 990 3350 δὲ
1026 3296 1088 3349 τὸ
1118 3294 1346 3364 Πνεῦμα
1377 3294 1589 3348 κελεύει
1620 3288 1863 3365 προσκυ-

286 3396 394 3448 νεῖν
418 3393 513 3445 τὸν
532 3391 685 3453 Υίὺν,
710 3388 855 3443 κατὰ
877 3388 959 3454 τὸ,
992 3407 1010 3440 ι
1036 3387 1206 3440 Ὅταν
1232 3387 1289 3440 δὲ
1318 3385 1590 3457 εἰσαγάγῃ
1607 3385 1696 3439 τὸν
1714 3401 1859 3456 πρωο

287 3485 504 3537 τὸτοκον
544 3483 622 3544 είς
652 3479 750 3550 τὴν
778 3476 1122 3550 οἰκουμένην,
1167 3476 1349 3545 λέγει’
1395 3477 1508 3535 Καὶ
1552 3489 1867 3545 προσκυνη-

290 3575 540 3640 σάτωσαν
561 3570 711 3641 αὑτῷ
737 3570 937 3632 πάντες
966 3567 1186 3638 ἄγγελοι
1209 3567 1365 3633 Θεοῦ,
1402 3586 1424 3618 ι
1444 3566 1575 3629 Θεὸς
1595 3566 1702 3637 ἄρα
1721 3566 1869 3619 ἐστὶν

290 3669 316 3721 ὁ
340 3661 819 3737 προσκυνούμενος
851 3661 1000 3724 Υἱός.
1038 3659 1163 3723 Πῶς
1196 3654 1287 3719 οῦν
1340 3658 1493 3715 ἔσται
1532 3658 1630 3728 μία
1659 3658 1867 3728 θεότης,

291 3761 337 3813 si
363 3758 466 3812 οὐκ
495 3756 633 3818 ἔστι,
663 3753 786 3807 καθ’
812 3754 978 3824 ὑμᾶς,
1009 3750 1292 3823 ὁμοούσιος
1319 3750 1397 3821 τῷ
1423 3748 1596 3821 Πατρί
1620 3767 1633 3816 ;
1670 3751 1730 3802 Ei
1764 3748 1873 3820 γὰρ

293 3850 405 3921 εχει
422 3847 548 3902 τινὰ
568 3846 847 3900 διάστασιν
872 3846 991 3915 ἦτοι
1014 3842 1276 3915 διαφορὰν
1299 3841 1441 3896 κατὰ
1460 3841 1549 3897 τὸν
1567 3841 1665 3907 τῆς
1686 3840 1874 3902 οὐσίας

296 3942 476 4011 λόγον,
512 3940 748 4009 ἑτεροῖος
781 3937 879 4007 μὲν
920 3935 985 3989 ἂν
1014 3935 1099 4005 εἴη
1130 3934 1262 3997 Θεὸς
1294 3936 1321 3991 6
1350 3934 1512 3999 Υἱὸς,
1548 3933 1786 4003 ἑτεροῖος
1818 3931 1876 3984 δὲ

296 4035 323 4090 6
351 4033 568 4101 Πατὴρ,
595 4029 692 4081 καὶ
720 4028 811 4081 δύο
856 4026 998 4081 κατὰ
1035 4025 1194 4083 τοῦτο
1230 4024 1397 4087 Θεοὺς
1426 4024 1638 4093 ἀνάγκη
1662 4023 1840 4091 λέγειν
1859 4037 1873 4050 ·

299 4126 435 4195 ὅπερ
467 4123 615 4175 ἐστὶν
651 4120 867 4184 ἀσεϐὲς,
902 4118 997 4172 καὶ
1032 4117 1152 4174 οὐδὲ
1186 4114 1347 4189 μέχρι
1376 4117 1537 4187 μόνον
1570 4114 1739 4185 ἀκοῆς
1776 4130 1879 4168 πα-

304 4213 584 4285 ραδεκτόν.
633 4211 771 4265 Ἀλλ’
799 4210 912 4264 ἔστι
939 4211 1037 4281 μία
1066 4209 1277 4280 Θεότης,
1301 4209 1393 4264 καὶ
1415 4206 1556 4260 οὕτω
1585 4207 1880 4278 κηρύττου-

306 4323 387 4361 σιν
419 4308 475 4359 αἰ
496 4305 645 4359 θεῖαι
676 4303 889 4374 Γραφαί
910 4321 923 4333 ο
957 4302 1242 4372 ὁμοούσιος
1269 4299 1658 4373 ἄμτῷΠατρὶ
1684 4300 1713 4355 6
1732 4300 1878 4367 Υίός.

306 4398 463 4460 Οῦτω
498 4398 609 4469 γὰρ
645 4396 708 4453 τὸ
734 4396 793 4450 ἒν
814 4395 1040 4465 Θεότητι
1075 4395 1401 4468 σωθήσεται.

994 4502 1202 4561 ΔΛΔΟ.

384 4624 445 4678 Ei
469 4622 677 4693 ἤρξατο
702 4620 796 4674 τοῦ
826 4621 1022 4690 γεννᾷν
1048 4616 1141 4671 τὸν
1168 4618 1296 4672 Υίὸν
1329 4618 1357 4670 6
1388 4617 1579 4690 Πατὴρ
1623 4618 1716 4673 καὶ
1758 4636 1891 4672 κατ-

316 4717 543 4777 ἔπαυσε,
577 4714 717 4766 κατὰ
735 4712 832 4783 τὴν
859 4712 967 4765 τῶν
992 4712 1374 4782 χριστομάχων
1420 4711 1634 4781 μανίαν,
1672 4712 1895 4766 ἀλλοίω-

319 4809 401 4874 σίς
421 4825 505 4869 τις
538 4805 630 4858 καὶ
656 4803 923 4875 μεταϐολὴ
958 4803 1084 4872 περὶ
1106 4803 1266 4855 αὑτὸν
1292 4802 1533 4871 γέγονεν.
1572 4805 1636 4857 '0
1668 4803 1776 4874 γὰρ
1796 4805 1894 4857 οὐκ

317 4893 382 4971 ἦν
407 4898 534 4967 πρὶν
556 4895 813 4966 γεννήσῃ,
853 4892 1043 4961 γέγονε
1070 4890 1207 4961 μετὰ
1226 4890 1285 4942 τὸ
1313 4893 1592 4963 γεννῆσαι.
1616 4891 1680 4944 Εἰ
1707 4890 1763 4943 δὲ
1787 4892 1896 4942 τῶν

319 4987 579 5043 τοιούτων
612 4983 959 5053 ἀνωτέρω-τὸ
993 4982 1134 5039 Θεῑόν
1182 4982 1297 5038 ἔστι
1342 4984 1551 5056 τροπῆς
1584 4998 1643 5035 τε
1669 4982 1762 5035 καὶ
1801 4982 1900 5035 ἁλ-

321 5077 590 5140 λοιὼσεως
627 5075 997 5142 ἀνεπίδεκτον,
1028 5075 1129 5127 οὐκ
1160 5073 1363 5145 ἡρξατο
1411 5072 1507 5127 τοῦ
1538 5074 1753 5144 γεννᾷν,
1784 5075 1903 5127 οὐδὲ

325 5170 661 5231 κατέπαυσε,
697 5167 949 5238 καθάπερ
976 5161 1122 5221 οὗτοί
1152 5184 1318 5236 φασιν
1340 5184 1355 5197 ο
1406 5167 1518 5220 ἀλλ’
1558 5163 1626 5239 ἦν
1664 5168 1904 5241 ἀχρόνως

327 5264 384 5314 ὲν
405 5261 583 5331 Πατρὶ
612 5262 641 5313 6
679 5258 785 5312 τῶν
837 5258 1051 5312 αἰώνων
1104 5259 1198 5312 καὶ
1232 5257 1438 5329 χρόνων
1479 5258 1708 5327 ποιητὴς
1756 5258 1904 5321 Υἱός.

340 5350 558 5421 Ἐπειδὴ
578 5350 636 5403 δὲ
669 5348 954 5413 ωναῖὅιος,
982 5347 1071 5401 διὰ
1101 5348 1257 5401 τοῦτο
1280 5348 1375 5401 καὶ
1406 5346 1707 5419 ὁμοούσιος.

1016 5550 1219 5603 ΑΛΛΟ.

404 5664 468 5719 Ei
496 5662 703 5736 ἧρξατο
725 5662 817 5738 τοῦ
851 5662 1046 5732 γεννᾷν
1068 5663 1095 5714 6
1136 5662 1328 5732 Πατὴρ
1373 5663 1460 5715 τὸν
1488 5663 1633 5726 Υἱὸν,
1678 5667 1913 5733 προσγέ-

406 5827 445 5858 ιι
489 5827 641 5881 Deut.
683 5785 900 5890 cura;
935 5821 1121 5877 Matth.
1158 5837 1229 5888 ιν,
1257 5824 1347 5879 tu.
1434 5824 1473 5856 ιι
1508 5822 1664 5878 "chr.
1697 5842 1733 5892 ι,
1774 5830 1823 5894 ο.
1937 5884 1941 5888 ,

1915 4439 1961 4495 D

1973 3303 2180 3375 angelis
2223 3314 2354 3354 vero
2407 3296 2641 3366 Spiritus
2681 3292 2838 3361 jubet
2871 3289 3103 3343 adorare
3145 3285 3365 3351 Filium,
3400 3284 3556 3355 juxta

1976 3396 2106 3450 illud
2138 3411 2152 3445 :
2182 3410 2202 3444 ι
2240 3390 2467 3458 Quando
2504 3385 2778 3439 induxerit
2810 3379 3232 3450 primogenitum
3285 3376 3339 3430 in
3369 3377 3556 3429 orbem

1979 3497 2289 3549 terrarum,
2346 3481 2520 3535 dicit:
2556 3478 2619 3530 Et
2684 3475 2915 3528 adorent
2962 3488 3083 3526 eum
3138 3485 3329 3525 Omnes
3383 3467 3562 3540 angeli

1978 3579 2071 3633 Dei
2096 3578 2177 3644 ης
2208 3590 2225 3625 ι
2287 3574 2429 3630 Deus
2468 3585 2597 3639 ergo
2644 3579 2728 3621 est
2781 3565 2951 3619 Filius
2985 3562 3076 3633 qui
3127 3562 3406 3614 adoretur.
3444 3559 3565 3625 Quo

1979 3678 2137 3739 pacto
2168 3665 2332 3737 igitur
2354 3664 2461 3717 erit
2499 3676 2603 3714 una
2637 3658 2836 3722 deitas,
2874 3657 2917 3709 si
2951 3670 3057 3708 non
3093 3663 3197 3717 est,
3222 3662 3280 3705 ut
3317 3666 3413 3706 vos
3447 3651 3566 3721 opi-

1983 3760 2211 3825 namini,
2245 3752 2733 3812 consubstantialis
2764 3748 2949 3803 Patri?
2979 3748 3035 3800 Si
3070 3747 3214 3799 enim
3253 3742 3564 3797 distantiam

1982 3850 2097 3903 sive
2124 3843 2487 3901 diﬂ‘erentiam
2529 3840 2694 3894 ullam
2734 3837 2895 3892 habet
2926 3836 3138 3889 ratione
3172 3834 3444 3893 essentiae,
3482 3832 3566 3885 di-

1982 3953 2176 3995 versus
2208 3950 2343 3991 sane
2390 3933 2552 3989 fuerit
2585 3932 2729 3986 Deus
2759 3928 2931 3984 Filius
2962 3945 2990 3980 a
3030 3925 3143 3980 Deo
3178 3924 3361 3987 Putre,
3405 3934 3571 3992 atque

1986 4031 2059 4085 ita
2108 4029 2244 4082 duos
2265 4028 2407 4081 Deos
2444 4023 2783 4081 constituere
2835 4032 3056 4073 necesse
3089 4017 3236 4071 erit:
3272 4015 3414 4083 quod
3446 4015 3570 4082 qui-

1986 4123 2106 4177 dem
2140 4119 2364 4187 impium
2400 4127 2502 4180 est,
2537 4124 2589 4169 et
2622 4112 2705 4167 vel
2733 4111 2847 4166 solo
2872 4111 3056 4168 auditu
3086 4107 3445 4163 exsecrabile.
3477 4107 3575 4159 At-

1988 4214 2079 4284 qui
2113 4227 2222 4267 una
2257 4220 2341 4265 est
2376 4210 2571 4271 deitas.
2611 4215 2773 4271 atque
2804 4205 2879 4257 ita
2924 4217 3093 4257 sacrae
3130 4199 3350 4273 Liztcra:
3382 4199 3576 4267 praedi-

1990 4312 2113 4358 cant
2146 4320 2161 4357 :
2193 4296 2674 4359 consubstantialis
2728 4296 2893 4366 igitur
2930 4304 3013 4349 est
3064 4292 3209 4346 Patri
3262 4291 3452 4347 Filius.
3500 4291 3575 4345 Ita

1994 4396 2139 4452 enim
2172 4392 2356 4448 unitas
2394 4392 2445 4445 in
2487 4390 2699 4444 Deitate
2731 4387 3166 4443 conservabitur.

2668 4501 2898 4557 ALIUD.

2072 4624 2130 4679 Si
2163 4624 2331 4694 ccepit
2361 4633 2622 4691 generare
2667 4617 2863 4671 Filium
2908 4614 3069 4669 Pater
3116 4623 3170 4667 et
3213 4612 3396 4675 desiit,
3426 4592 3579 4681 juxta

2001 4718 2245 4772 insanam
2279 4713 2484 4768 Christi
2518 4712 2751 4765 hostium
2796 4708 3129 4777 opinionem,
3161 4704 3411 4759 alteratio
3432 4718 3583 4772 qum-

2003 4809 2127 4861 dam
2159 4815 2212 4861 et
2245 4805 2475 4859 mutatio
2498 4804 2545 4857 ei
2577 4802 2796 4856 accidit.
2829 4800 2961 4854 Nam
2996 4800 3142 4868 quod
3181 4814 3287 4851 non
3337 4808 3455 4850 erat
3483 4811 3583 4846 au-

2005 4907 2223 4965 tequam
2255 4904 2565 4967 generaret,
2613 4894 2790 4948 factus
2834 4902 2913 4947 est
2950 4902 3238 4961 postquam
3280 4887 3581 4953 generavit.

2005 4990 2169 5058 Atqui
2208 4990 2251 5044 si
2282 4989 2539 5045 divinitas
2586 4987 2716 5041 nulli
2748 4983 3059 5039 alterationi
3098 4979 3457 5035 mutationive
3493 4978 3591 5031 oh-

2010 5083 2171 5135 noxia
2203 5090 2309 5145 est,
2359 5095 2465 5133 non
2506 5094 2638 5148 ergo
2670 5078 2837 5147 coepit
2883 5087 3167 5147 generare,
3204 5085 3381 5139 neque
3425 5069 3589 5122 etiam

2010 5174 2211 5239 desiit,
2278 5173 2732 5244 quemadmodum
2792 5172 2878 5225 isti
2932 5171 3271 5237 opinantur,
3329 5165 3423 5219 sed
3475 5172 3595 5217 erat

2012 5266 2216 5331 absque
2259 5275 2503 5333 tempore
2543 5266 2595 5317 in
2630 5262 2811 5328 Patre,
2845 5260 3167 5316 steculorum
3202 5266 3257 5311 et
3290 5266 3595 5324 temporum

2013 5354 2255 5407 omnium
2308 5354 2559 5407 conditor
2590 5353 2779 5407 Filius.
2829 5351 2964 5407 Cum
2995 5364 3126 5405 vero
3169 5357 3473 5403 coaeternus
3505 5342 3596 5407 sit,

2018 5444 2331 5500 necesSario
2360 5444 2525 5499 etiam
2564 5441 3061 5499 consubstantialis.

2697 5557 2929 5614 ALIUD.

2096 5670 2151 5725 Si
2190 5671 2349 5755 Pater
2379 5674 2534 5743 cmpit
2570 5688 2833 5742 generare
2866 5671 3087 5735 Filium,
3120 5661 3351 5722 accessit
3381 5658 3608 5716 omnino
