4012 6338
500 438 595 503 131

1479 430 1536 486 S.
1576 428 1847 488 CYBILLI
1888 423 2355 483 ALEXANDRINI
2394 422 2714 477 ARCHIEP.

3635 418 3736 471 132

498 556 603 612 hoc
650 551 717 606 ad
746 548 1033 604 essentiam
1061 545 1254 616 ipsius,
1281 552 1334 597 et
1373 540 1515 613 quod
1562 543 1716 597 initio
1747 558 1851 597 non
1892 543 2055 595 habe-

2161 556 2317 607 γονεν
2338 539 2443 607 ἄρα
2481 540 2546 608 τῇ
2574 535 2731 607 οὐσίᾳ
2758 534 2923 591 αὐτοῦ
2952 534 3128 597 τοῦτο,
3160 532 3254 587 καὶ
3287 528 3424 600 ὅπερ
3460 528 3556 582 οὐκ
3590 524 3735 597 εἶχεν

498 645 610 708 bat,
644 652 831 711 postea
867 638 1095 706 accepit.
1124 635 1275 703 Quod
1317 650 1440 703 vero
1484 635 1805 689 incrementi
1824 634 2059 703 alicujus

498 744 581 791 est
621 748 811 802 capax,
842 728 1220 799 imperfectum
1257 727 1467 783 censeri
1516 728 1693 793 debet,
1736 741 1839 781 non
1879 736 2057 781 autem

499 828 815 899 perlectum.
857 822 966 895 79
1009 823 1116 894 Sed
1174 823 1275 877 hoc
1322 820 1612 875 absurdum
1668 829 1789 874 est:
1824 818 2059 887 perfecta

496 920 639 975 enim
683 927 764 971 est
796 914 977 973 Patris
1017 912 1275 968 essentia.
1310 910 1586 965 Generare
1633 910 1797 980 igitur
1828 924 1931 963 non
1964 907 2063 962 fuit

498 1005 552 1061 in
586 1020 652 1062 eo
694 1001 1080 1065 accessorium,
1133 998 1227 1056 sed
1286 1000 1446 1055 infuit
1496 1000 1598 1055 hoc
1640 1002 1688 1056 ei
1736 1000 1803 1057 ab
1836 1008 2061 1066 :eterno,

497 1110 672 1165 neque
703 1108 936 1163 unquam
970 1106 1091 1148 esse
1126 1079 1312 1161 capit.
1351 1088 1409 1144 Si
1428 1101 1604 1144 autem
1638 1105 1741 1144 non
1777 1089 1942 1158 cmpit
1965 1104 2061 1159 ge-

497 1202 713 1253 nerare,
731 1193 1035 1242 coaeternus
1070 1191 1307 1252 ergo-est
1346 1181 1493 1236 Patri
1524 1179 1696 1236 Filius
1722 1193 1789 1235 ex
1834 1181 1949 1249 ipso
1968 1195 2061 1248 ge-

498 1281 662 1333 nitus.
691 1269 756 1331 Et'
785 1272 1235 1346 quemadmodum
1257 1314 1272 1341 ,
1301 1272 1347 1328 si
1378 1270 1589 1327 initium
1633 1270 1923 1327 exsistendi
1964 1270 2062 1325 ba-

496 1369 727 1432 buisset,
768 1383 871 1423 non
912 1374 1061 1420 esset
1101 1363 1580 1420 consubstantialis
1606 1362 1749 1417 Patri
1776 1377 1791 1416 :
1818 1362 1911 1427 ita,
1934 1361 2063 1431 quia

496 1472 604 1515 non
662 1458 849 1514 habuit
897 1456 1111 1511 initium
1162 1454 1216 1512 in
1267 1465 1547 1525 tempore,
1588 1452 2064 1511 consubstantialis

495 1548 717 1605 omnino
744 1548 867 1607 erit.

972 1633 1203 1703 ALIUD,
1245 1634 1581 1705 explicatius.

567 1771 1031 1839 Quemadmodum
1075 1772 1151 1829 illi
1190 1773 1279 1841 qui
1313 1770 1524 1826 veritati
1562 1776 1883 1839 repugnant,
1911 1765 2059 1840 prin-

2161 634 2217 684 ὲν
2242 632 2405 701 ἀρχῇ,
2435 627 2765 700 προσέλαϐεν
2788 627 3031 698 ὕστερον.
3048 627 3122 680 Τὸ
3140 626 3196 679 δὲ
3219 619 3536 697 προσθήκην
3558 620 3736 672 ὲπιδε-

2160 723 2387 793 χόμενόν
2433 738 2572 784 τινα,
2628 719 2813 782 ἀτελὲς
2841 718 2907 773 ἂν
2930 717 3037 788 εἴη,
3068 717 3163 769 καὶ
3203 716 3267 767 οὐ
3308 713 3532 769 τέλειον.
3576 708 3738 764 Ἀλλά

2161 813 2318 866 τοῦτο
2342 812 2539 872 ἄτοπον
2563 826 2580 844 ·
2612 809 2791 863 τελεία
2823 808 2933 881 γὰρ
2969 811 3003 880 η
3028 805 3121 863 τοῦ
3155 805 3369 876 Πατρὸς
3413 803 3589 858 οὐσία.
3621 803 3735 855 Οὐκ

2161 883 2282 979 ἀραῖ
2297 902 2661 975 προσγέγονεν
2707 899 2843 971 αὐτῇ
2879 898 2939 953 τὸ
2971 898 3165 968 γεννᾷν
3187 939 3204 961 ,
3250 894 3365 949 ἀλλ’
3391 888 3460 966 ἦν
3506 895 3562 946 ὲν
3596 893 3735 961 αὐτῇ

2160 997 2318 1053 τοῦτο
2346 996 2446 1056 οὐκ
2479 994 2805 1068 ἀρξάμενον.
2834 991 2898 1051 Εἰ
2917 991 2975 1053 δὲ
3003 990 3103 1044 οὐκ
3126 987 3328 1060 ἧρξατο
3367 986 3583 1065 γεννᾷν,
3609 1002 3736 1037 συν-

2162 1089 2329 1152 αἲδιος
2362 1089 2473 1159 ἀρα
2494 1088 2611 1141 ἐστὶ
2632 1084 2710 1157 τῷ
2735 1084 2913 1157 Πατρὶ
2935 1084 2965 1138 6
2991 1081 3051 1151 ἑξ
3076 1078 3239 1136 αὐτοῦ
3274 1078 3554 1149 γεννηθεὶς
3582 1077 3730 1141 Υἱός.

2161 1181 2274 1236 Καὶ
2295 1176 2481 1251 ὥσπερ
2506 1180 2553 1232 εί
2575 1177 2749 1249 ἀρχὴν
2772 1176 2896 1247 ἔσχε
2917 1174 3011 1230 τοῦ
3040 1171 3200 1239 εἶναι,
3228 1172 3329 1226 οὐκ
3352 1171 3418 1227 ἃν
3441 1166 3509 1242 ἦν
3538 1170 3736 1241 ὀμ.οού-

2163 1290 2297 1338 σιος,
2324 1272 2498 1336 οὕτως
2520 1272 2643 1327 ἐπεὶ
2670 1271 2749 1343 μὴ
2777 1269 2933 1347 ισχιν
2954 1268 3129 1343 ἀρχὴν
3147 1266 3246 1345 τὴν
3271 1267 3330 1319 ὲν
3361 1265 3558 1341 χρόνῳ,
3581 1263 3735 1325 ἔσται

2162 1365 2380 1429 πάντως
2408 1363 2712 1439 ὁμοούσιος.

2602 1622 2808 1691 suo,
2840 1620 3294 1693 διηγηματικῶς.

2234 1750 2445 1825 Ὠσπερ
2474 1754 2522 1807 oi
2548 1755 2613 1826 τῇ
2644 1752 2873 1827 ἀληθείᾳ
2899 1752 3213 1825 μαχόμενοι,
3246 1749 3421 1823 ἀρχὴν
3460 1751 3550 1804 καὶ
3582 1750 3735 1818 τέλος

494 1864 691 1932 cipium
714 1873 769 1916 et
795 1863 953 1917 liuent
984 1863 1319 1933 generationi
1348 1862 1473 1918 Filii
1500 1862 1854 1925 ascribetues,
1886 1860 2058 1928 ipsum

2162 1845 2226 1913 τῇ
2250 1844 2343 1896 τοῦ
2369 1843 2496 1896 Υίοῦ
2525 1844 2775 1913 γεννήσει
2792 1843 3180 1914 περιτιθέντες,
3206 1842 3555 1896 ὲκὸἀλλουσιν
3574 1841 3736 1892 αὐτὸν

497 1956 565 2009 ab
622 1953 978 2009 similitudine
1039 1970 1161 2008 cum
1219 1952 1379 2009 Patre
1432 1951 1760 2017 excludunt;
1820 1951 1891 2004 ita
1941 1963 2057 2012 nos,

494 2057 671 2111 neque
727 2044 1045 2113 principium
1090 2057 1263 2112 neque
1303 2042 1462 2095 linem
1518 2038 1880 2110 generationis
1942 2037 2059 2091 Filii

494 2143 867 2200 agnoscentes,
930 2132 1296 2185 omnimodam
1349 2132 1397 2185 ei
1463 2129 1876 2184 similitudinem
1939 2141 2061 2182 cum

492 2221 651 2276 Patre
696 2223 998 2277 tribuimus.
1041 2220 1193 2291 Quod
1241 2235 1370 2276 vero
1396 2235 1505 2295 per
1543 2220 1725 2275 omnia
1753 2218 1932 2274 simile
1960 2226 2061 2283 est,

495 2311 959 2369 consubstantiale
981 2313 1144 2369 etiam
1168 2321 1269 2367 est.

655 2445 808 2512 Quod
866 2444 1326 2500 contubatantialia
1377 2443 1444 2499 sit
1496 2438 1673 2497 Filius
1732 2440 1902 2497 Patri.

1080 2536 1318 2605 Objectio
1340 2537 1494 2591 Aetii.

562 2649 681 2717 Quo
719 2660 878 2720 pacto
903 2650 1073 2719 possit
1102 2652 1329 2714 servari,
1367 2651 1563 2720 inquit,
1603 2649 1855 2705 identitas
1887 2660 2064 2705 essene

493 2743 582 2796 tiae
619 2745 672 2794 in
719 2740 883 2796 Patre
934 2750 987 2795 et
1027 2739 1188 2811 Filio,
1237 2743 1281 2797 si
1326 2740 1489 2797 Pater
1539 2742 1753 2811 quidem
1792 2740 2064 2807 ingenitus

488 2844 593 2898 εει,
631 2832 800 2887 Filius
844 2843 1026 2886 autem
1077 2833 1329 2902 genitus?
1370 2830 1748 2887 Necessarium
1800 2834 1943 2887 enim
1982 2839 2089 2886 est

492 2925 654 2995 plane
690 2924 847 2976 lateri
890 2923 1033 2977 nulla
1085 2938 1147 2977 ex
1179 2934 1331 2992 parte
1380 2923 1577 2978 similia
1609 2938 1732 2978 esse
1765 2922 2059 2992 ingenitum

488 3025 545 3067 et
570 3013 833 3082 genitum.
866 3012 936 3066 At
968 3013 1011 3066 si
1043 3012 1238 3068 similia
1276 3022 1423 3077 sunt,
1456 3014 1589 3067 nihil
1615 3014 1889 3068 obstiterit
1928 3027 2063 3081 quo-

490 3102 668 3155 minus
711 3111 767 3155 et
819 3099 1036 3154 Patrem
1089 3101 1351 3171 genitum,
1410 3112 1465 3156 ct
1520 3100 1713 3159 Filium
1763 3101 2059 3171 ingenitum

488 3189 817 3261 appellemus
874 3190 1166 3259 omniaque
1191 3189 1609 3246 confundamus.
2085 3225 2128 3279 η

987 3300 1197 3356 Salutio
1241 3302 1566 3371 objectionis.

560 3420 660 3484 Qui
711 3419 823 3472 haec
873 3417 943 3471 ita
998 3418 1247 3487 imperite
1290 3415 1497 3484 objicit,
1546 3415 1779 3470 vicissim
1828 3433 1857 3468 a
1908 3414 2061 3469 nobis

488 3512 713 3565 audiet:
744 3510 859 3575 Quo
902 3520 1058 3578 pacto
1099 3522 1205 3563 non
1254 3511 1424 3578 possit
1451 3511 1655 3563 servari
1688 3509 1940 3563 identitas
1973 3523 2059 3563 es-

487 3603 673 3657 sentiae
705 3603 757 3656 in
784 3602 1027 3656 Patreet
1056 3601 1214 3665 Filio,
1246 3603 1288 3654 si
1320 3600 1487 3655 Filius
1525 3610 1607 3656 est
1636 3601 1812 3667 imago
1861 3598 2054 3663 Patris,

486 3703 541 3747 et
580 3695 632 3746 in
669 3693 847 3762 seipso
881 3692 1119 3745 ostendit
1156 3689 1405 3745 Patrem?
1433 3690 1771 3747 Manifestum
1801 3691 1944 3745 cuint
1974 3700 2057 3745 est

486 3795 541 3843 et
571 3788 638 3839 ab
671 3786 922 3839 omnibus
955 3785 1276 3848 admissum,
1333 3774 1600 3838 neminem
1642 3785 1697 3837 in
1725 3783 1827 3837 alia
1863 3794 2055 3837 natura

485 3879 646 3932 aliam
684 3892 947 3941 cernere;
997 3890 1171 3945 neque
1212 3876 1496 3945 quisquam
1536 3876 1717 3931 dicere
1753 3876 1923 3945 possit
1958 3889 2052 3939 se,

488 3984 611 4025 cum
643 3984 839 4037 equum
872 3970 1086 4034 viderit,
1110 3969 1386 4023 hominum
1414 3968 1649 4036 aliquem
1679 3968 1895 4023 vidisse.
1921 3964 2053 4021 Nam

488 4062 542 4116 in
582 4062 648 4116 iis
677 4076 796 4131 quae
834 4062 1072 4132 ejusdem
1102 4069 1307 4115 natura:
1353 4069 1480 4114 sunt
1504 4059 1700 4114 similia
1734 4061 1896 4115 etiam
1934 4072 2055 4113 cer-

487 4163 719 4221 nuntur,
744 4168 849 4206 non
882 4152 934 4206 in
964 4153 1031 4206 iis
1072 4166 1193 4221 qua:
1237 4151 1379 4206 inter
1420 4164 1478 4205 se
1506 4151 1806 4217 dissident,
1845 4151 2053 4205 ratione

487 4245 630 4299 modi
672 4259 777 4312 quo
810 4245 1098 4298 exsistunt.
1128 4241 1186 4298 Si
1235 4257 1363 4312 ergo
1391 4243 1636 4310 Philippo
1678 4242 1914 4312 cupienti
1950 4240 2052 4296 Pa-

486 4349 622 4392 trem
674 4339 855 4391 videre
914 4336 1166 4391 Christus
1218 4336 1456 4404 scipsum
1512 4335 1764 4397 OStendit,
1824 4334 2046 4387 dicens:

489 4449 510 4482 ι
545 4430 644 4496 Qui
697 4430 827 4482 vidit
867 4444 971 4492 me,
1003 4429 1140 4482 vidit
1185 4437 1239 4481 et
1284 4427 1594 4493 Patrem”;
1634 4446 1651 4477 ι
1702 4441 1921 4480 necesse
1967 4434 2048 4481 est

481 4520 704 4575 omnino
748 4530 805 4572 ut
852 4519 1091 4586 ejusdem
1133 4517 1383 4573 essentia:
1413 4517 1655 4570 dicamus
1696 4531 1815 4570 esse
1854 4516 2045 4571 Filium
2079 4559 2122 4614 Β

481 4626 606 4665 cum
644 4610 823 4675 Patre,
858 4621 916 4663 ut
957 4609 1327 4664 onmimodam
1367 4609 1651 4677 imaginem
1681 4620 1735 4663 et
1767 4610 2045 4664 characte-

483 4717 597 4757 rem
622 4717 733 4757 sua:
765 4702 1135 4771 hypostaseos.

1143 4811 1369 4868 ALIUD.

550 4926 831 4989 Dominus,
867 4924 1081 4979 etiamsi
1127 4926 1339 4994 genitus
1402 4925 1507 4993 sit,
1552 4928 1747 4996 passim
1804 4927 2041 4997 seipsum

481 5015 1001 5073 consubstantialem
1047 5015 1195 5071 Patri
1228 5030 1349 5072 esse
1390 5020 1587 5073 docet:
1624 5019 1889 5088 siquidem
1937 5035 2045 5090 quo

482 5119 641 5178 pactn
670 5110 901 5178 seipsum
933 5108 1127 5163 Filium
1168 5124 1292 5165 esse
1327 5111 1495 5165 dicit?
1524 5110 1562 5164 E
1592 5111 1825 5175 diverso.
1862 5113 2044 5167 hostes

478 5200 682 5255 Christi
718 5201 983 5255 imbecilla
1038 5217 1133 5256 sua
1190 5213 1492 5257 commenta
1533 5214 1887 5273 opponentes,
1929 5205 2043 5260 ﬁeri

481 5301 587 5340 non
635 5302 791 5357 posse
829 5290 978 5343 aiunt
1009 5290 1121 5359 80
1162 5300 1239 5358 ut,
1273 5306 1394 5346 cum
1432 5292 1504 5347 sit
1538 5295 1774 5361 genitus,
1806 5294 2043 5364 ejusdem

478 5376 729 5429 essentia":
778 5377 852 5429 sit
896 5393 1017 5431 cum
1068 5378 1228 5434 Patre
1272 5380 1363 5450 qui
1411 5391 1494 5435 est
1543 5382 1833 5451 ingenitus.
1880 5384 2042 5453 Atqui

479 5480 601 5517 cum
634 5465 880 5522 Christus
910 5468 997 5522 illa
1028 5470 1093 5525 de
1128 5471 1304 5541 seipse
1333 5471 1499 5537 dicat,
1535 5474 1648 5529 lucc
1680 5489 1813 5529 vero
1840 5472 2043 5530 Christi

479 5553 685 5618 hestes,
717 5557 991 5624 quisnam,
1016 5562 1259 5627 obsecro,
1289 5578 1353 5619 eo
1385 5565 1667 5621 dementia:
1688 5567 1953 5638 pervenit,
1985 5576 2041 5622 ut

478 5659 697 5701 censeat
727 5648 1032 5710 hominibus
1065 5655 1241 5725 potius
1268 5657 1593 5715 credendum
1630 5674 1790 5730 quam
1817 5661 1948 5728 Deo,
1989 5672 2042 5715 ct

552 5824 591 5849 ”
614 5819 765 5875 Jnun.
802 5840 906 5897 κη’,
939 5831 988 5883 υ.

2163 1935 2262 2003 τῆς
2286 1936 2601 2005 ὁμοιότητος
2624 1935 2727 2006 τῆς
2755 1938 2889 2005 πρὸς
2914 1935 3007 1989 τὸν
3036 1932 3406 2003 Γέγεννηκότα
3426 1949 3439 1961 ·
3474 1932 3615 1984 οὕτω
3638 1933 3733 1983 καὶ

2164 2027 2325 2097 ἡμεῖς
2351 2018 2473 2077 οῦτε
2500 2027 2695 2096 ἀρχὴν,
2725 2025 2847 2079 οὔτε
2870 2025 3021 2089 τέλος
3058 2026 3187 2097 περὶ
3208 2026 3305 2095 τὴν
3338 2023 3430 2078 τοῦ
3465 2022 3593 2075 Υίοῦ
3616 2025 3736 2090 γέν-

2163 2136 2315 2188 νησιν
2352 2118 2799 2189 παραδεχόμενοι,
2835 2119 3160 2189 εἰσφέρομεν
3188 2116 3351 2170 αὐτὸν
3376 2115 3455 2178 είς
3488 2114 3734 2184 ἀπαράλ-

2163 2209 2360 2263 λακτον
2396 2211 2686 2284 ὁμοιότητα
2714 2209 2808 2281 τὴν
2830 2210 2965 2281 πρὸς
2992 2209 3082 2262 τὸν
3109 2208 3350 2280 Πατέρα.
3379 2207 3452 2261 Τὸ
3475 2206 3532 2259 δὲ
3551 2206 3735 2277 ὅμοιον

2163 2301 2304 2357 κατά
2337 2303 2535 2365 πάντα,
2572 2303 2668 2359 καὶ
2690 2302 2992 2372 ὁμοούσιον.

2376 2440 2505 2493 Ὀτι
2554 2441 2875 2510 ὀμοούσιος
2930 2442 2963 2494 ὁ
3029 2439 3161 2506 Υἱὸς
3198 2439 3278 2505 τῷ
3318 2441 3522 2507 Πατρί.

2476 2531 2774 2599 Πρότασις
2802 2533 2882 2599 ὡς
2914 2532 2981 2586 ὲκ
3009 2531 3127 2585 τῶν
3168 2531 3413 2591 Ἀετίου,

2234 2643 2345 2696 Καὶ
2372 2642 2489 2705 πῶς
2524 2642 2588 2695 ἂν
2620 2643 2855 2710 δύναιτο,
2908 2644 3063 2713 φησι,
3114 2643 3377 2713 ταυτότης
3405 2640 3594 2705 οὐσίας
3641 2640 3734 2699 ἐπί

2163 2752 2221 2789 τε
2253 2735 2465 2807 [ἰατρὸς
2518 2736 2613 2789 καὶ
2658 2734 2788 2788 Υίοῦ
2846 2734 3134 2799 σώζεσθαι,
3174 2735 3226 2786 εί
3255 2750 3317 2801 γε
3356 2735 3384 2786 6
3413 2732 3510 2802 μὲν
3544 2729 3734 2802 Πατὴρ

2162 2825 2454 2895 ἀγέννητός
2500 2826 2637 2889 ἐστι,
2691 2826 2945 2896 γεννητὸς
2992 2825 3048 2878 δὲ
3075 2826 3104 2875 6
3144 2824 3305 2890 Υἱός;
3351 2822 3588 2892 Ἀνάγκη
3625 2823 3734 2897 γὰρ

2164 2920 2313 2972 πᾶσα
2363 2917 2537 2985 λέγειν
2574 2919 2630 2973 ὲν
2669 2916 2843 2970 οὐδενὶ
2889 2916 3283 2990 παραλλάττειν
3334 2913 3393 2966 τὸ
3441 2912 3735 2982 ἀγέννητον

2163 3009 2299 3079 πρὸς
2326 3008 2386 3062 τὸ
2417 3009 2694 3079 γεννητόν.
2722 3009 2783 3063 El
2812 3007 2868 3060 δὲ
2893 3007 3069 3071 τοῦτο,
3092 3007 3244 3061 οὐδὲν
3273 3005 3502 3059 κωλύσει
3531 3005 3734 3057 καὶτὸν

2162 3102 2379 3172 Πατέρα
2409 3101 2666 3172 γεννητὸν
2688 3096 2828 3154 εἶναι
2857 3098 3035 3167 λέγειν
3067 3100 3159 3152 καὶ
3193 3098 3283 3151 τὸν
3325 3097 3451 3151 Υἱὸν
3498 3096 3735 3166 ἀγέννην

2161 3211 2272 3257 τον,
2304 3194 2396 3245 καὶ
2436 3192 2767 3262 συγκέχυται
2788 3192 2848 3248 τὸ
2879 3193 3005 3247 πᾶν.

2649 3304 2805 3372 Πρὸς
2830 3304 3015 3358 ταῦτα
3044 3305 3244 3370 λύσις.

2244 3419 2300 3471 '0
2332 3417 2504 3475 ταῦτα
2536 3418 2836 3488 προτείνων
2880 3415 3107 3487 ἀμαθῶς
3129 3457 3143 3479 ,
3176 3417 3567 3471 ἀντακούσεται
3603 3419 3736 3487 παρ’

2159 3510 2315 3581 ἡμῶν
2336 3526 2348 3539 ·
2388 3509 2499 3565 Καὶ
2533 3509 2649 3577 πῶς
2674 3508 2740 3561 ἂν
2771 3508 2985 3562 δύναιτο
3011 3509 3275 3579 ταυτότης
3296 3510 3481 3572 οὐσίας
3518 3508 3591 3579 μὴ
3622 3509 3731 3562 σώ-

2156 3605 2345 3669 ζεσθαι
2389 3607 2481 3659 ἐπί
2533 3623 2593 3659 τε
2632 3608 2843 3677 Πατρὸς
2880 3608 2973 3660 καὶ
3008 3608 3168 3673 Υἰοῦ,
3206 3608 3259 3661 εῐ
3284 3626 3347 3677 γε
3385 3609 3477 3662 τοῦ
3518 3612 3733 3680 Πατρὶς

2156 3697 2319 3750 εἰκών
2346 3698 2492 3751 ἐστιν
2522 3700 2550 3751 6
2576 3699 2720 3762 Υἱὸς,
2744 3701 2837 3751 καὶ
2867 3701 2924 3753 ἐν
2954 3700 3133 3772 ἑαυτῷ
3152 3701 3391 3755 δείκνυσι
3428 3703 3518 3755 τὸν
3552 3703 3730 3755 Πατέ-

2159 3804 2258 3858 ρα;
2293 3787 2527 3859 Εὔδηλον
2553 3789 2661 3861 γὰρ
2694 3788 2756 3861 δή
2792 3789 2990 3844 πουθέν
3028 3792 3143 3850 ἐστι
3198 3792 3292 3848 καὶ
3328 3793 3492 3845 πᾶσιν
3540 3792 3730 3862 ὁμολο-
3802 3830 3805 3831 ν

2154 3883 2439 3953 γούμενον,
2468 3880 2544 3943 ὼς
2570 3882 2745 3945 οὐδεὶς
2771 3882 2826 3934 ὲν
2864 3882 3028 3952 ἑτέρᾳ
3066 3881 3222 3951 φύσει
3262 3883 3359 3953 τὴν
3386 3883 3576 3953 ἑτέραν
3602 3882 3731 3952 ὀψε.

2154 3990 2245 4027 ται
2267 3990 2281 4005 ·
2307 3972 2415 4026 οὐδ’
2444 3974 2509 4026 ἄν
2544 3990 2627 4036 τις
2675 3973 2787 4043 ἔχοι
2817 3971 2995 4042 λέγειν
3047 3972 3211 4028 ἵππον
3240 3974 3518 4045 ἑωρακὼς,
3556 3974 3637 4027 ὅτι
3659 3974 3724 4046 δή

2153 4080 2274 4118 τινα
2297 4061 2405 4119 τῶν
2432 4060 2733 4134 ἀνθρώπιον
2751 4063 3022 4119 τεθέαται.
3054 4063 3142 4117 Ἐν
3164 4064 3273 4138 γὰρ
3304 4067 3414 4127 τοῖς
3432 4064 3727 4133 ὁμοφυέσιν

2153 4157 2185 4226 ἡ
2212 4155 2319 4209 τῶν
2348 4156 2549 4226 ὁμοίων
2572 4155 2867 4221 ἀπόδειξις,
2891 4156 2989 4209 οὐκ
3014 4158 3071 4208 ὲν
3097 4158 3209 4219 τοῖς
3246 4156 3486 4227 ἀλλήλων
3508 4158 3724 4229 διεστηφ

2151 4248 2290 4311 κόσι,
2323 4248 2462 4303 κατὰ
2490 4248 2579 4303 τδν
2599 4248 2691 4301 τοῦ
2716 4248 2834 4311 πῶς
2850 4244 3174 4316 εἶναιλόγον.
3202 4250 3263 4303 El
3282 4250 3458 4304 τοίνυν
3475 4249 3721 4321 ζητοῦντι

2150 4339 2229 4409 τῷ
2254 4340 2505 4408 Φιλίππῳ
2558 4338 2650 4392 τὸν
2705 4339 2924 4409 Πατέρα
2978 4339 3126 4403 ἰδεῖν,
3151 4339 3343 4393 ἑαυτὸν
3397 4341 3722 4402 ἐπιδεικνύει

2150 4430 2403 4501 Χριστὸς,
2426 4429 2629 4498 λέγων’
2668 4448 2685 4481 ι
2732 4429 2789 4482 '0
2824 4428 3082 4500 ἑωρακὼς
3102 4430 3219 4500 ἐμὲ,
3258 4430 3469 4502 ἑώρακε
3495 4432 3586 4485 τὸν
3610 4434 3723 4487 lla.

2151 4523 2303 4592 τέρα,
2336 4540 2353 4573 ι
2386 4523 2598 4591 ἀνάγκη
2631 4524 2779 4575 πᾶσα
2810 4523 2910 4594 τῆς
2934 4522 3102 4594 αὐτῆς
3145 4524 3330 4587 οὐσίας
3364 4519 3500 4577 εἶναι
3542 4524 3720 4593 λέγειν

2151 4616 2242 4668 τὸν
2270 4614 2397 4669 Υίὸν
2422 4615 2498 4685 τῷ
2521 4615 2715 4686 Πατρὶ,
2745 4615 2820 4678 ὼς
2854 4616 3267 4686 ἀπαράλλακτον
3290 4616 3472 4671 εἰκόνα
3501 4618 3593 4672 καὶ
3620 4634 3720 4687 Xa.

2156 4710 2406 4778 ρακτῆρα
2425 4708 2525 4779 τῆς
2549 4708 2898 4770 ὑποστάσεως
2923 4707 3109 4762 αὐτοῦ.

2838 4820 3038 4873 ΔΛΛΟ.

2236 4931 2547 5001 Ὀμοούσιον
2574 4930 2763 4985 ἑαυτὸν
2790 4931 2917 4985 ὂντα
2942 4933 3019 5003 τῷ
3054 4934 3229 5005 Πατρὶ
3257 4935 3522 4991 διδάσκων
3547 4939 3574 4991 6
3602 4936 3717 4991 Κῦ.

2156 5042 2268 5095 ριος
2296 5024 2487 5093 ὁρᾶται
2538 5023 2836 5094 πανταχοῦ,
2885 5024 3061 5079 καίτοι
3107 5027 3363 5097 γεννητὸς
3414 5028 3715 5101 ὐπάρχωνσ

2150 5118 2272 5170 ἐπεὶ
2298 5115 2416 5180 πῶς
2457 5115 2646 5169 ἑαυτὸν
2692 5116 2818 5175 Υἱὺν
2870 5113 3006 5171 εἷναί
3039 5120 3373 5192 φησιςΠρδς
3396 5120 3568 5175 ταῦτα
3618 5126 3719 5194 τὴν

2153 5207 2259 5260 ἀπὸ
2284 5207 2389 5259 τῶν
2405 5206 2619 5260 οἰκείων
2644 5206 2916 5277 λογισμῶν
2937 5210 3220 5264 ἀσθένειαν
3244 5212 3640 5281 ἀντεπάγοντες
3666 5216 3717 5268 οξ

2147 5297 2525 5367 χριστρμάχοι,
2565 5298 2639 5368 μὴ
2669 5298 2927 5353 δύνασθαί
2977 5317 3138 5369 φασιν
3167 5342 3182 5367 ,
3230 5304 3419 5375 ἐπειδὴ
3460 5304 3717 5376 γεννητός

2147 5390 2282 5453 ἐστι,
2310 5388 2409 5458 τῆς
2455 5389 2627 5459 αὐτῆς
2672 5389 2857 5454 οὐσίας
2894 5387 3034 5445 εἶναι
3072 5393 3151 5465 τῷ
3197 5396 3473 5468 ἀγεννήτῳ
3518 5398 3711 5468 Πατρί.

2158 5480 2371 5533 Ἐκεῖνα
2402 5479 2691 5550 τοιγαροῦν
2726 5484 2855 5553 περὶ
2891 5483 3085 5538 ἑαυτοῦ
3131 5486 3429 5555 φάσκοντος
3456 5486 3548 5540 τοῦ
3578 5488 3747 5558 Χρι-“

2146 5569 2294 5633 στοῦ,
2330 5571 2502 5623 ταῦτα
2526 5570 2581 5624 δὲ
2615 5572 2721 5625 τῶν
2750 5577 3154 5646 χριπομάχων,
3179 5576 3264 5641 τίς
3294 5580 3375 5642 είς
3414 5578 3571 5631 τοῦτο
3601 5596 3717 5649 μωο

2147 5663 2264 5732 pla;
2288 5662 2600 5733 ἐκϐήσεται,
2629 5664 2704 5729 ὡς
2744 5664 2951 5721 οἴεσθαι
2979 5667 3088 5722 δεῖν
3132 5666 3404 5741 ἀνθρώπῳ
3448 5668 3647 5738 μᾶλλον
3678 5668 3713 5741 ἢ
