4012 6338
268 453 373 509 133

1682 438 2129 497 TIIESAURL'S.

3432 426 3532 484 «δι

265 567 386 636 θεῷ
417 565 717 629 πιστεύειν,
750 564 845 618 καὶ
878 563 949 635 μή
982 562 1080 632 τὴν
1111 559 1279 629 καλὴν
1321 557 1535 627 ἐκείνην
1580 557 1685 611 τῶν
1717 558 1851 610 ἀπο-

1962 570 2062 608 non
2093 553 2268 620 potius
2298 549 2444 604 illam
2482 545 2832 617 apostolicam
2866 543 3191 599 sententiam
3207 539 3535 607 exclamem,

274 657 471 709 στόλων
512 654 851 723 φθέγγεσθαι
897 652 1099 722 φωνὴν,
1135 650 1311 717 λέγειν
1345 665 1403 700 τε
1444 649 1579 719 πρὸς
1601 648 1725 712 τοὺς
1755 650 1849 701 ἁν-

268 747 449 810 οσίους
484 745 819 816 αἱρετικούς·
874 764 891 795 ι
940 742 1262 811 Πειθαρχεῖν
1295 741 1376 793 δεῖ
1412 739 1530 808 Θεῷ
1580 738 1779 809 μᾶλλον
1816 740 1848 810 ἢ

272 836 616 907 ἀνθρώποιςς
652 854 671 886 ι
704 836 767 890 El
796 835 902 905 γὰρ
933 832 1179 891 ἁτονοῦσι
1204 833 1330 904 περὶ
1358 833 1455 902 τὴν
1469 834 1569 907 τῆς
1596 832 1851 903 ἀληθείας

276 926 617 996 κατάληψιν,
668 928 769 980 οὐκ
819 926 1063 996 ἀδικήσει
1112 922 1270 977 τοῦτο
1324 922 1630 995 προσούσης
1669 922 1852 984 αὐτοῖς

274 1016 547 1081 ἀϐουλίας.

954 1128 1159 1181 AAAO.

343 1235 711 1306 Γεγεννῆσθαι
749 1235 841 1288 τὸν
890 1236 1016 1288 Υίδν
1042 1236 1107 1289 ἐκ
1133 1236 1375 1307 Πατρδς,
1410 1236 1502 1293 καὶ
1529 1236 1682 1289 αὐτοὶ
1715 1238 1850 1290 πάν-

274 1330 745 1398 τωςόμολογεῖτε·
781 1330 843 1382 οὐ
880 1329 988 1399 γὰρ
1018 1328 1095 1390 ὡς
1122 1328 1179 1381 ἓν
1228 1330 1336 1382 τῶν
1387 1329 1705 1398 ποιημάτων
1746 1328 1850 1397 ἔξω

275 1418 372 1490 τῆς
400 1420 588 1482 οὐσίας
617 1417 712 1470 τοῦ
734 1420 982 1482 τεκόντος
1010 1420 1271 1474 κείσεται.
1301 1419 1410 1473 Καὶ
1434 1420 1549 1482 πῶς
1572 1420 1669 1473 οὐκ
1699 1419 1850 1475 ἔσται

274 1508 353 1577 τῷ
380 1508 592 1562 τεκόντι
618 1510 834 1570 πάντως
858 1510 1161 1580 ὀμοούσιος,
1187 1511 1239 1563 ετ
1268 1526 1333 1579 γι
1370 1511 1537 1573 ὅντως
1566 1511 1685 1564 ἐστὶ
1727 1510 1851 1578 γέν-

274 1612 445 1665 νημα,
503 1596 713 1667 καρπὸς
758 1595 949 1668 ῶσπερ
981 1614 1061 1659 τις
1107 1597 1333 1665 φυσικὸς
1367 1595 1458 1649 τοῦ
1493 1596 1851 1665 γεννήσαντος

278 1686 570 1755 ὑπάρχωνς
602 1686 664 1737 Εἰ
696 1685 795 1755 μὲν
816 1681 912 1739 οὖν
938 1685 1125 1739 τοῦτον
1165 1687 1309 1755 ἔχειν
1359 1686 1560 1740 δώσετε
1600 1687 1691 1740 τὸν
1721 1686 1848 1759 τρό-

284 1791 398 1836 πον,
431 1775 584 1827 ἔσται
613 1776 829 1838 πάντως
860 1776 953 1829 καὶ
981 1776 1263 1847 ὀμοούσιος
1286 1796 1298 1807 ·
1323 1780 1372 1830 εί
1406 1778 1459 1829 δὲ
1485 1777 1645 1847 μέχρι
1671 1776 1849 1829 διακό-

1958 643 2244 711 impiisque
2289 637 2560 692 ba‘reticis
2610 631 2871 701 obiiciant
2926 647 2941 685 :
2989 649 3008 682 ι
3041 628 3276 687 Obetlire
3324 638 3540 698 oportet

1957 734 2065 787 Deo
2107 732 2280 802 magis
2322 744 2481 798 quam
2516 724 2829 781 hominibus
2850 722 2957 777 ““l
2982 740 3002 773 ι
3045 720 3103 775 Si
3126 722 3269 775 enim
3302 720 3355 774 itt
3390 735 3538 773 com-

1954 820 2336 893 prehendenda
2376 819 2606 875 veritate
2643 814 2780 869 adeo
2815 821 3031 882 torpent
3063 820 3119 865 et
3158 809 3538 880 languescunt,

1956 914 2178 977 nullam,
2207 913 2423 982 opinor,
2455 908 2706 976 injuriam
2748 906 2939 960 inferri
2979 904 3085 959 sibi
3115 915 3537 975 conquerentur,

1953 1022 2075 1061 cum
2102 1014 2251 1059 tanta
2285 1002 2484 1058 mentis
2506 1000 2753 1057 caecitate
2780 1000 3047 1053 laborent.

2620 1111 2851 1169 ALlUD.

2023 1229 2275 1285 Geuitum
2304 1242 2423 1284 esse
2449 1226 2655 1283 'Filium
2685 1241 2749 1280 ex
2786 1222 2971 1289 Patre,
2994 1239 3093 1279 vos
3120 1226 3284 1281 etiam
3318 1224 3540 1279 omnino

1953 1320 2194 1375 {utemini
2227 1336 2241 1372 :
2274 1333 2449 1389 neque
2472 1318 2618 1372 enim
2645 1315 2808 1369 veluti
2837 1331 2942 1369 una
2972 1325 3356 1370 creaturarum
3384 1323 3539 1368 extra

1951 1413 2243 1467 essentiam
2273 1409 2552 1466 Genitoris
2597 1407 2963 1478 positus‘erit.
2998 1407 3116 1473 Quo
3155 1416 3315 1476 pacto
3357 1416 3539 1459 autem

1951 1514 2059 1559 non
2091 1505 2195 1560 erit
2236 1504 2291 1558 in
2325 1503 2640 1558 universum
2669 1500 3156 1556 eonsubstantialis
3187 1499 3458 1564 Genitori,
3490 1499 3540 1553 sl

1952 1611 2141 1651 revera
2191 1604 2275 1651 est
2317 1596 2603 1664 genituen,
2656 1608 2721 1647 ac
2776 1592 2940 1647 veluti
3000 1591 3265 1658 naturalis
3317 1592 3539 1662 quidam

1950 1687 2164 1743 fructus
2198 1686 2518 1743 Geuitoris?
2548 1686 2603 1741 Si
2636 1700 2763 1741 vero
2790 1685 2893 1739 bac
2929 1686 3139 1739 ratione
3173 1684 3322 1739 illum
3359 1698 3417 1738 se
3446 1684 3541 1739 ba-

1950 1778 2078 1833 bere
2108 1778 2407 1833 conceditis
2430 1816 2447 1842 ,
2480 1778 2584 1831 erit
2616 1776 2858 1846 profecto
2901 1776 3066 1831 etiam
3100 1773 3539 1830 consubstantia-

278 1881 365 1917 νου
391 1866 575 1936 φωνῆς
605 1867 697 1918 καὶ
729 1868 1097 1939 προσηγορίας
1118 1868 1281 1938 ψιλῆς
1306 1870 1552 1939 γέννημα
1581 1868 1844 1931 καλεῖται,

1962 1869 2058 1936 lis;
2091 1880 2147 1922 at
2174 1870 2220 1922 si
2254 1869 2429 1923 solum
2469 1868 2776 1922 ministerio
2798 1866 2974 1939 .vocis
3011 1865 3261 1935 nudaque
3303 1862 3541 1932 appella-

276 1956 513 2023 λεγέσθω
544 1959 755 2027 ποίημα
786 1962 911 2027 παρ’
946 1960 1119 2029 ὑμῶν,
1157 1960 1243 2013 ἵνα
1263 1960 1327 2032 δὴ
1370 1964 1465 2016 καὶ
1514 1960 1846 2033 σαφέστερον

1962 1960 2097 2013 tione
2134 1960 2385 2028 genimen
2421 1968 2671 2022 vocatur,
2704 1958 2911 2011 dicatur
2940 1960 3107 2010 etiam
3134 1970 3163 2007 a
3196 1953 3349 2011 vobis
3382 1967 3540 2006 erea-

277 2044 679 2116 δυσφημοῦντες
709 2048 991 2119 φαίνησθε.

958 2160 1161 2213 AAAO.

557 2273 650 2338 Ὡς
672 2272 741 2337 ἐξ
766 2273 1124 2339 ἀντιθέσεως
1153 2271 1273 2326 τῶν
1318 2272 1558 2327 Ἀετίου.

346 2383 411 2437 El
436 2386 738 2455 ἀμέριστός
770 2389 904 2450 ἐστι,
944 2389 1096 2457 φησὶ,
1148 2387 1246 2457 τὴν
1276 2389 1466 2440 οὐσίαν
1497 2390 1525 2441 ὁ
1563 2388 1714 2453 Θεὸς,
1747 2388 1847 2442 οὐκ

273 2477 457 2539 οὐσίας
498 2479 770 2531 διαστάσει
802 2479 859 2530 τὸ
890 2478 1146 2548 γεννηθὲν
1179 2480 1463 2550 ἐγεννήθη,
1494 2480 1606 2533 ἀλλ’
1641 2480 1849 2552 ὑπέστη

276 2570 398 2620 κατ’
422 2569 689 2632 ἐξουσίαν.
723 2571 829 2621 Καὶ
857 2571 971 2631 πῶς
1005 2570 1071 2622 ἂν
1118 2571 1203 2641 εἴη
1247 2571 1345 2640 τῆς
1388 2573 1558 2643 αὐτῆς
1590 2572 1775 2635 οὐσίας
1812 2574 1845 2643 ή

276 2660 555 2713 arcenda:
588 2660 748 2729 φύσις
787 2660 922 2731 πρὸς
954 2662 1051 2731 τήν
1076 2661 1462 2733 ὑποστήσασαν
1506 2664 1706 2728 α·;ιόν;

754 2858 912 2925 Πρὸς
946 2858 1131 2912 ταῦτα
1156 2860 1358 2925 λύσις.

346 2970 421 3023 Te
454 2968 596 3039 μέγα
643 2969 803 3025 τοῦτο
831 2972 924 3024 καὶ
950 2972 1106 3040 βαθὺ,
1139 2971 1392 3044 καθάπερ
1432 2974 1666 3041 οἴονται,
1700 2978 1851 3046 σόφι-

279 3082 414 3135 σμα,
446 3065 507 3118 τὸ
542 3066 616 3136 μὴ
652 3066 967 3137 μερίζεσθαι
1016 3066 1110 3120 τοῦ
1156 3067 1292 3120 Θεοῦ
1347 3068 1445 3139 τὴν
1476 3072 1688 3137 οὐσίαν,
1749 3073 1849 3143 τῆς

276 3157 448 3226 αὐτῆς
478 3158 662 3221 οὐσίας
692 3154 830 3211 εἶναι
853 3159 943 3212 τὸν
983 3159 1109 3212 Υἱὸν
1133 3160 1210 3232 τῷ
1244 3163 1437 3232 Πατρὶ,
1464 3163 1579 3228 πῶς
1608 3166 1707 3217 οὐκ
1729 3168 1851 3219 ἔπι-

276 3249 466 3319 τρέψει
494 3252 640 3320 παρὰ
674 3254 784 3314 τοῖς
810 3250 985 3321 ὀρθῶς
1012 3253 1323 3323 δοκιμάζειν
1347 3256 1560 3308 εἰωθόσι
1581 3258 1648 3311 τὰ
1674 3261 1849 3328 πρᾶγ-
1880 3241 1921 3297 C

280 3360 462 3413 ματα;
498 3344 817 3411 Λεγέτωσαν
851 3348 983 3415 ήμτν
1030 3348 1079 3399 οἱ
1127 3347 1289 3401 δεινοὶ
1315 3350 1406 3401 καὶ
1447 3350 1720 3418 φιλαίτιοι.
1775 3355 1849 3407 Οὐ

277 3435 387 3504 γὰρ
440 3434 738 3505 ἐπειδήπερ
787 3436 1077 3507 ἁμέριστός
1134 3439 1251 3492 ἑστι
1298 3440 1395 3509 τὴν
1429 3441 1665 3497 οὐσίανό
1698 3441 1849 3506 Θεὸς,

275 3523 365 3579 διὰ
389 3522 546 3577 τοῦτο
567 3526 776 3595 καὶτῆς
800 3527 1124 3597 γεννητικῆς
1143 3528 1425 3600 δυνάμεως
1450 3532 1653 3603 ἔρημος
1675 3532 1847 3597 ἔσται,

277 3614 403 3667 καθ’
435 3616 599 3684 ὑμᾶς.
640 3616 752 3669 Καὶ
788 3617 887 3670 οὐκ
920 3618 1192 3685 ἀπόδειξιν
1222 3620 1335 3691 ἔχει
1365 3623 1457 3675 τοῦ
1492 3626 1566 3693 μὴ
1595 3625 1853 3681 δύνασθαι

278 3705 472 3774 γεννᾷν
506 3707 689 3770 αὑτὸν,
711 3706 774 3759 τὸ
805 3708 1099 3778 ἀμέριστον
1138 3707 1279 3766 εἶναι
1308 3716 1450 3768 κατὰ
1491 3716 1590 3785 τήν
1641 3717 1849 3772 οὐσίαν.

279 3795 341 3849 Εἰ
366 3795 423 3850 δὲ
458 3799 626 3868 τιμᾷν
650 3797 852 3854 οἴονται
878 3801 970 3854 τὸν
997 3802 1150 3870 Θεὸν,
1188 3805 1453 3871 σώζοντες
1486 3808 1584 3877 μὲν
1618 3810 1763 3881 αὐτῷ
1792 3812 1855 3865 τὸ

282 3885 603 3957 μερίζεσθαι
627 3888 916 3960 μηδαμῶς,
939 3893 1365 3966 ἀποστεροῦντες
1397 3898 1452 3953 δὲ
1478 3899 1573 3953 τοῦ
1595 3900 1852 3957 δύνασθαι

280 3980 497 4049 γεννᾷν,
528 3977 604 4042 ὡς
631 3979 719 4033 διὰ
766 3979 923 4035 τοῦτο
965 3985 1083 4038 κατ’
1124 3985 1372 4052 ἐξουσίαν
1411 3989 1716 4060 ὑποστῆσαι
1762 3992 1852 4046 τὸν

311 4066 429 4127 .‘ibv,
463 4068 813 4123 ἁκουὲτωσαν
841 4069 923 4124 ὅτι
968 4071 1102 4125 πολὺ
1139 4074 1323 4143 μεῖζον
1371 4075 1467 4128 καὶ
1502 4076 1719 4130 κάλλιον
1756 4078 1855 4149 τῆς

282 4156 400 4211 κατ’
426 4157 680 4221 ἐξουσίαν
705 4159 1082 4232 λαμπρότητος
1110 4164 1209 4233 τῆς
1238 4166 1474 4236 φυσικῆς
1507 4167 1784 4238 ἐνεργείας
1818 4170 1853 4240 ἡ

280 4251 458 4319 χάρις.
501 4247 943 4324 Ἀξιολογώτερον
965 4252 1073 4323 γὰρ
1101 4254 1163 4308 τὸ
1194 4256 1505 4327 ἀμερίστως
1532 4258 1737 4312 οῐεσθαι
1763 4260 1855 4313 τὸν

282 4339 412 4393 Θεὸν
441 4342 637 4410 γεννᾷν
666 4341 726 4407 ἐξ
756 4344 917 4396 αὑτοῦ
953 4346 1176 4418 ἀρρήτῳ
1216 4350 1321 4401 τινὶ
1362 4350 1453 4402 καὶ
1486 4350 1855 4423 ἀκαταλήπτῳ

282 4432 486 4504 τρόπῳ,
514 4434 547 4505 ἢ
578 4434 664 4487 διὰ
687 4434 748 4487 τὸ
774 4436 846 4506 μὴ
868 4437 1203 4508 μερίζεσθαι,
1231 4441 1352 4497 καθ’
1381 4443 1541 4514 ὑμᾶς,
1570 4444 1706 4514 μηδὲ
1730 4460 1861 4515 γενέ

285 4525 379 4594 νᾷν
409 4524 635 4595 ἰσχύειν.

968 4723 1174 4779 ΔΛΛΟ.

352 4830 417 4885 El.
450 4832 570 4885 κατ’
608 4833 877 4899 ἐξουσίαν,
907 4836 983 4902 ῶς
1012 4855 1170 4908 φατε,
1204 4840 1296 4894 τὸν
1324 4842 1451 4896 Υίὸν
1493 4844 1801 4917 ὑπέστησεν
1828 4847 1857 4900 ὁ

282 4922 495 4993 Πατὴρ,
524 4925 794 4994 περιττῶς
824 4927 1067 4982 καλεῖται
1112 4930 1203 4983 καὶ
1252 4932 1396 4995 Υἱός.
1432 4935 1505 4987 Τὸ
1530 4937 1636 5010 γὰρ
1665 4940 1765 4991 οὐκ
1790 4940 1855 4992 ὲκ

285 5016 381 5086 τῆς
408 5014 597 5077 οὐσίας
617 5015 711 5068 τοῦ
742 5017 951 5088 Πατρὸς
977 5020 1257 5090 προελθὸν,
1280 5025 1399 5087 πῶς
1427 5024 1493 5079 ἂν
1524 5026 1735 5096 λέγοιτο
1760 5031 1857 5082 καὶ

282 5107 312 5159 δ
349 5108 512 5173 mc;
548 5107 622 5159 Τὸ
648 5107 704 5159 δὲ
733 5107 798 5161 ἐκ
818 5127 961 5172 τινος
991 5112 1131 5167 κατὰ
1166 5113 1327 5183 φύσιν
1353 5119 1633 5187 προελθὸν,
1655 5120 1852 5192 ἐπαλη-

286 5194 544 5251 θεύουσαν
584 5198 697 5267 ἔχει
746 5203 841 5251 καὶ
872 5202 969 5271 τὴν
1010 5202 1103 5256 τοῦ
1136 5208 1476 5277 γεννήματος
1515 5211 1854 5280 ἐπωνυμίαν.

296 5288 593 5359 Ἐγεννήθη
624 5290 911 5361 τοιγαροῦν
950 5294 978 5345 ὁ
1011 5293 1159 5359 Illic,
1182 5297 1464 5367 ὁμοούσιος
1493 5300 1599 5372 ἄρα
1627 5302 1703 5372 τῷ
1743 5304 1855 5356 Πασ

284 5380 392 5449 τρί.
422 5381 529 5433 Καὶ
561 5382 661 5452 μία
684 5382 792 5451 γὰρ
817 5384 929 5445 τοῖς
956 5388 1312 5457 γεννωμένοις
1343 5391 1477 5461 πρὸς
1500 5394 1566 5445 τὰ
1586 5394 1860 5461 γεννῶντα

285 5487 463 5540 φυσις.

964 5575 1168 5630 ΔΛΛΟ.

354 5675 414 5730 Εἰ
448 5676 699 5751 καθάπερ
742 5681 901 5754 ὑμεῖς
932 5686 1109 5740 οἴεσθε
1141 5687 1452 5752 «iuvem,-
1504 5706 1562 5742 τε
1598 5692 1692 5744 καὶ
1725 5692 1860 5744 πλα-

354 5839 411 5870 ¹⁸’
432 5844 550 5899 Act.
583 5860 634 5909 v,
658 5842 751 5896 29.

1883 4583 1935 4643 Ι)

1954 2059 2072 2105 tura
2113 2064 2255 2117 esse,
2289 2059 2347 2103 ut
2382 2050 2725 2105 manifestior
2757 2048 2829 2102 sit
2859 2056 3044 2103 vestra
3066 2044 3427 2114 blasphemia.

2630 2158 2866 2214 ALIUD.

2435 2275 2521 2330 Ea:
2560 2274 2850 2345 objections
2891 2270 3046 2324 Aetii.

2022 2388 2078 2444 Si
2126 2387 2494 2452 indivisibilis,
2538 2388 2735 2455 inquit,
2780 2387 3080 2440 secundum
3126 2386 3418 2441 essentiam
3456 2393 3538 2438 est

1952 2480 2113 2544 Deus,
2146 2496 2248 2534 non
2291 2480 2545 2533 essentia:
2574 2479 2917 2547 separatione
2945 2478 3192 2543 genimen
3221 2486 3535 2546 generatum

1950 2582 2054 2637 est,
2085 2571 2177 2625 sed
2229 2568 2585 2623 constitutum
2634 2578 2715 2621 est
2774 2584 2839 2622 ex
2891 2568 3190 2621 voluntate.
3225 2568 3341 2635 Quo
3380 2579 3540 2636 pacto

1952 2673 2132 2715 autem
2162 2661 2404 2730 ejusdem
2443 2660 2692 2713 essentia!
2728 2672 2851 2713 esse
2881 2659 3051 2727 possit
3092 2668 3285 2713 natura
3330 2659 3537 2715 consti-

1954 2763 2069 2809 tuta
2100 2768 2222 2807 cum
2262 2766 2380 2806 eam
2415 2748 2823 2806 eoustituente?

2453 2864 2660 2919 Salutio
2714 2864 3040 2934 objectionis.

2026 2981 2216 3050 lugens
2280 2978 2384 3032 hoc
2448 2992 2513 3030 ae
2566 2975 2921 3044 praeclarum,
2970 2985 3030 3029 ut
3081 2975 3420 3047 existimant,
3459 2992 3541 3030 so-

1954 3074 2186 3143 pltisnta,
2228 3085 2333 3141 quo
2369 3069 2627 3137 colligunt
2674 3081 2739 3121 ex
2786 3082 2851 3121 eo
2886 3068 3031 3137 quod
3075 3070 3321 3136 separari
3360 3068 3539 3122 divina

1954 3165 2189 3219 essentia
2227 3178 2331 3215 non
2369 3161 2556 3229 possit,
2597 3157 2840 3225 ejusdem
2886 3159 3140 3212 essentia:
3183 3172 3303 3213 esse
3343 3158 3539 3213 Filium

1956 3271 2077 3311 eum
2125 3255 2311 3316 Patre,
2348 3267 2455 3321 quo
2501 3261 2661 3318 pacto
2704 3263 2811 3303 non
2862 3250 3196 3304 concedatur
3243 3254 3310 3303 ab
3352 3252 3418 3305 iis
3450 3255 3539 3319 qui

1955 3356 2103 3399 recte
2136 3346 2200 3395 de
2229 3338 2691 3410 rebusjudicaut?
2718 3339 2787 3391 At
2822 3338 3005 3392 dicant
3034 3339 3191 3394 nobis
3217 3342 3543 3395 contentiosi

1956 3436 2065 3489 isti.
2098 3434 2211 3489 Non
2260 3433 2403 3487 enim
2438 3430 2565 3500 quia
2597 3428 2944 3483 indivisibilis
2978 3440 3062 3484 est
3105 3432 3405 3485 secundum
3449 3446 3542 3486 es-

1953 3527 2181 3582 sentiam
2215 3524 2378 3590 Deus,
2433 3522 2553 3575 ideo
2587 3522 2753 3575 etiam
2805 3522 3123 3591 generativa
3151 3521 3407 3578 facultate
3453 3539 3544 3577 ca-

1955 3630 2059 3685 ret,
2095 3619 2246 3688 juxta
2297 3630 2532 3669 vestram
2570 3614 2907 3683 opinionem.
2950 3588 3139 3686 Neque
3189 3630 3376 3670 rursus
3416 3617 3544 3685 quia

1957 3710 2301 3766 indivisibilis
2356 3717 2439 3762 est
2489 3707 2785 3762 sectmdum
2842 3708 3179 3772 essentiam,
3237 3708 3547 3763 declaratur

1956 3816 2219 3872 generare
2256 3814 2360 3854 non
2394 3813 2574 3867 posse.
2614 3796 2684 3851 At
2712 3810 2842 3851 vero
2878 3798 2921 3852 si
2971 3812 3030 3852 se
3063 3797 3229 3851 Deum
3276 3798 3545 3855 honorare

1956 3894 2294 3956 existimant,
2340 3891 2641 3945 tribuentes
2690 3888 2763 3945 illi
2812 3890 2959 3959 quod
2995 3890 3159 3945 dividi
3202 3906 3306 3945 non
3349 3894 3544 3961 possit,

1956 3987 2050 4044 sed
2101 3983 2397 4056 generandi
2436 3981 2697 4038 facultate
2720 3984 3029 4052 privautes,
3068 3992 3125 4036 ut
3167 3998 3235 4037 ex
3274 3985 3375 4039 hoc
3409 3986 3546 4041 infe-

1958 4085 2081 4130 rant
2126 4074 2293 4130 Deum
2342 4088 2408 4127 ex
2458 4073 2738 4128 voluntate
2780 4073 3130 4128 constituisse
3178 4073 3393 4141 Filium,
3442 4077 3545 4133 hoc

1956 4180 2146 4225 contra
2202 4166 2426 4220 audiant
2474 4164 2631 4235 longe
2686 4164 2947 4236 majorem
3004 4166 3547 4239 praestantioremque

1957 4259 2246 4330 Splendore
2300 4256 2591 4310 voluntatis
2644 4271 2766 4310 esse
2826 4257 3091 4311 naturalis
3140 4260 3369 4313 actionis
3418 4276 3545 4327 gra-

1961 4353 2114 4406 tium.
2154 4349 2375 4419 Dignius
2400 4349 2543 4401 enim
2568 4358 2646 4401 est
2677 4350 2745 4401 ita
2771 4348 2994 4413 sentire,
3021 4347 3188 4402 Deum
3220 4350 3449 4405 indivise
3472 4367 3539 4407 ex

1959 4456 2017 4495 se
2045 4453 2330 4509 generare,
2360 4436 2617 4491 inell‘abili
2650 4436 2883 4506 quodam
2916 4446 2971 4490 et
3001 4423 3542 4507 incompreltensibili

1962 4534 2144 4597 modo,
2176 4546 2361 4599 quam,
2397 4537 2453 4582 ut
2481 4544 2574 4582 vos
2608 4530 2928 4597 opinamini,
2954 4530 3080 4598 quia
3108 4531 3273 4586 dividi
3312 4544 3365 4586 et
3397 4520 3549 4602 sepa-

1966 4624 2072 4677 rari
2104 4638 2208 4677 non
2234 4630 2432 4691 potest,
2466 4636 2645 4690 neque
2668 4637 2931 4692 generare
2961 4637 3139 4691 posse.

2569 4734 2677 4805 ει
2711 4732 2943 4789 ALIUD.

2035 4846 2091 4900 Si
2145 4845 2447 4911 voluntate,
2476 4854 2535 4899 ut
2564 4846 2765 4911 dicitis,
2791 4844 2990 4900 Filium
3046 4848 3330 4903 constituit
3362 4847 3545 4916 Pater,

1963 4948 2167 4994 temere
2227 4941 2391 4994 etiam
2433 4947 2656 4993 vocatur
2674 4935 2861 4991 Filius.
2890 4937 3045 5005 Quod
3070 4941 3215 4993 enim
3251 4955 3316 4995 ex
3361 4956 3549 4996 essen-

1965 5033 2033 5085 tia
2069 5030 2243 5085 Patris
2269 5046 2373 5085 non
2405 5029 2693 5100 processit,
2724 5046 2831 5099 quo
2861 5041 3020 5100 pacto
3043 5042 3273 5086 vocetur
3337 5031 3548 5089 Filius?

1964 5120 2113 5187 Quod
2155 5135 2282 5176 vero
2320 5134 2383 5173 ex
2420 5119 2601 5187 aliquo
2648 5120 2944 5174 secundum
2989 5132 3239 5175 naturam
3277 5126 3548 5193 procedit,

1970 5227 2150 5266 verum
2184 5212 2345 5265 etiam
2370 5211 2656 5279 genimiuis
2696 5212 3108 5280 appellationem
3152 5212 3334 5269 liabet.
3381 5218 3548 5271 Geni-

1938 5352 1941 5353 ν
1978 5315 2063 5359 tus
2087 5307 2273 5373 itaque
2296 5321 2425 5359 cum»
2450 5305 2519 5358 sit
2555 5303 2751 5370 Filius,
2780 5302 3153 5357 coessentialis
3194 5307 3356 5359 etiam
3401 5305 3552 5363 l'atrt

1966 5409 2069 5452 est.
2108 5398 2220 5453 Una
2252 5399 2393 5452 enim
2435 5407 2519 5452 est
2559 5404 2758 5451 natura
2791 5396 3121 5466 gignentium
3153 5407 3207 5451 et
3228 5413 3411 5455 eorum
3433 5416 3552 5470 qua:

1848 5508 1867 5531 ο
1959 5490 2275 5559 gignuntur.

2630 5576 2860 5634 ALIUD.

2039 5693 2121 5753 Si,
2160 5693 2623 5759 quemadmodum
2658 5708 2751 5748 vos
2782 5694 3020 5749 censetis
3050 5694 3165 5749 falsi
3195 5708 3241 5750 et
3275 5696 3540 5761 fallentes,
