4012 6338
536 435 633 494 155

1512 418 1568 472 S.
1607 414 1879 473 CYRILLI
1918 409 2380 477 ALEXANDRINI
2421 407 2735 465 ARCIHEP.

3666 393 3775 449 εδδ

534 570 637 607 non
669 564 733 603 ex
764 542 1001 601 essentia
1032 539 1208 593 Patris
1246 535 1512 607 processit
1536 535 1732 599 Filius,
1764 535 1857 589 sed
1880 546 1945 587 ex
1998 546 2061 584 vo

2198 528 2450 599 νὼμενοι,
2484 528 2583 582 οὐκ
2614 528 2677 582 ὲκ
2705 524 2801 595 τῆς
2832 520 3018 583 οὐσίας
3060 518 3151 572 τοῦ
3195 515 3403 587 Πατρὺς
3438 512 3704 585 προῆλθεν
3738 513 3771 563 ὁ

534 645 740 697 luntate
766 636 941 690 Patris
968 632 1298 688 constitutus
1332 636 1432 691 est,
1469 637 1520 679 et
1557 636 1639 680 est
1694 627 1805 695 ipse
1832 622 2093 693 sapientia

531 748 595 786 ac
626 728 863 797 polentia
884 724 1081 789 Patris,
1107 730 1254 775 certe
1286 731 1461 785 neque
1503 718 1721 785 sapiens
1754 726 1837 769 est
1884 728 2084 768 secun-

531 824 657 877 dmn
684 830 953 879 naturam,
984 828 1156 883 neque
1196 821 1388 882 potens
1420 810 1599 864 Pater.
1637 806 1692 861 Si
1748 820 1877 861 vero
1922 803 2096 873 (juxta

530 899 921 978 ineptissimam
983 904 1218 957 vestram
1260 897 1702 970 propositionem)
1758 894 2097 947 extrinsecus

530 995 807 1053 constituit
831 991 1052 1052 Filium,
1084 988 1173 1057 qui
1201 988 1417 1057 quidem
1445 984 1612 1055 ipsius
1632 981 1896 1053 sapientia
1922 990 1977 1036 et
2001 994 2097 1049 po-

533 1087 702 1142 tentia
729 1093 837 1146 est,
861 1081 953 1137 sed
980 1089 1062 1134 est
1094 1094 1159 1133 ex
1188 1092 1285 1132 sua
1336 1087 1528 1132 natura
1561 1075 1775 1144 sapiens
1810 1081 1865 1126 et
1888 1080 2093 1140 potens,

533 1175 895 1233 necessarium
927 1171 1149 1225 omnino
1181 1178 1284 1233 est,
1307 1168 1469 1221 etiam
1504 1164 1699 1229 Filium
1731 1176 1796 1231 ex
1860 1160 2096 1215 essentia

535 1267 713 1323 Patris
740 1280 899 1331 esse,
938 1272 1097 1333 atque
1120 1261 1195 1318 ita
1225 1259 1389 1314 etiam
1421 1252 1957 1313 consubstantialem.

1203 1390 1432 1451 ALIUD.

599 1512 832 1569 Necesse
867 1520 951 1566 est
979 1516 1038 1563 ut
1093 1508 1182 1577 qui
1244 1505 1438 1571 Filium
1486 1517 1551 1557 ex
1600 1500 1880 1554 voluntate
1920 1496 2097 1552 Patris

528 1604 1021 1662 constimtumesse
1053 1595 1401 1657 contendunt,
1424 1607 1533 1647 non
1579 1600 1757 1645 autem
1780 1604 1845 1645 ex
1864 1588 1982 1659 ipso
2008 1601 2099 1658 ge-

531 1694 729 1759 nitum,
764 1691 945 1746 dicant
969 1688 1098 1759 quid
1122 1686 1348 1741 moverit
1375 1683 1591 1739 Patrem
1627 1690 1685 1736 ut
1715 1679 1910 1740 Filium
1964 1694 2098 1735 con-

530 1786 800 1847 stitueret,
837 1790 894 1835 ut
918 1779 1019 1848 ipsi
1048 1779 1227 1846 inepte
1280 1775 1599 1843 loquuntur.
1654 1770 1970 1827 Necessario
2009 1769 2101 1839 igi-

2199 622 2326 685 Υἱὸς
2348 661 2363 683 ,
2414 619 2625 687 ὑπέστη
2656 616 2713 670 δὲ
2747 609 3199 677 ἑξουσιαστικῶς,
3237 608 3332 661 καὶ
3364 606 3509 660 ἐστιν
3536 604 3697 665 αὐτὸς
3734 605 3771 671 ἡ

2200 714 2362 782 σοφία
2390 712 2486 771 καὶ
2511 710 2740 777 δύναμις
2760 704 2855 757 τοῦ
2888 701 3120 771 Πατρὺς,
3142 698 3267 753 οὕτε
3297 696 3458 764 σοφὸς
3496 695 3639 747 κατά
3666 693 3772 749 φύν-

2199 822 2283 859 σιν
2320 803 2520 856 ἐστίνό
2551 798 2762 869 Πατὴρ.
2808 794 2932 849 οὔτε
2976 792 3081 864 μὴν
3115 789 3360 853 δυνατός.
3407 787 3470 841 Εἰ
3496 786 3585 869 δὲ,
3624 783 3772 837 κατὰ

2196 894 2297 965 τὴν
2327 864 2722 963 ἀμαθεστάτην⁷
2741 886 2894 957 ὑμῶν
2940 884 3224 954 πρότασιν,
3258 878 3456 945 ἔξωθεν
3487 864 3769 944 ὑπέστησε

2197 963 2289 1040 τόν
2333 983 2485 1049 Υίδν,
2516 984 2573 1045 ὃς
2615 984 2762 1034 ἐστιν
2790 976 2953 1031 αὑτοῦ
3002 974 3162 1043 σοφία
3212 971 3307 1025 καῖ⁵
3352 969 3599 1036 δύναμις,
3650 963 3770 1018 ἀλλ’

2198 1079 2315 1134 ἔστι
2340 1076 2483 1132 κατά
2507 1073 2667 1145 φύσιν
2694 1070 2853 1138 σοφός
2886 1084 2944 1120 τε
2976 1068 3070 1121 καὶ
3098 1063 3341 1126 δυνατὸς,
3368 1062 3583 1128 ἀνάγκη
3613 1059 3769 1110 πάσα

2199 1171 2291 1224 καὶ
2316 1169 2408 1221 τὸν
2430 1166 2557 1220 Υίὸν
2589 1165 2652 1216 ὲκ
2675 1162 2775 1230 τῆς
2807 1157 2901 1211 τοῦ
2936 1156 3148 1235 Πατρὸς
3183 1154 3371 1215 οὐσίας
3393 1148 3534 1206 εἶναι
3562 1148 3769 1217 λέγειν,

2198 1267 2247 1324 εί
2273 1264 2331 1321 δὲ
2361 1260 2539 1327 τοῦτο,
2563 1258 2657 1313 καὶ
2678 1254 2980 1329 ὁμοούσιος.

2874 1388 3073 1447 ΑΛΛΟ.

2280 1509 2605 1577 Ἀναγκαῖον
2636 1500 2855 1576 ἐρέσθαι
2901 1498 3027 1561 τοὺς
3064 1497 3181 1550 ὅσοι
3224 1497 3317 1546 τὸν
3351 1490 3480 1544 Υἱὺν
3524 1486 3644 1540 κατ’
3675 1483 3768 1549 ἐξ·

2196 1603 2381 1660 ουσίαν
2411 1598 2712 1670 ὑποστῆναι
2740 1593 2841 1665 τὴν
2873 1590 2964 1645 τοῦ
2993 1586 3235 1659 Πατρός,
3263 1584 3356 1638 καὶ
3379 1582 3479 1637 οὐκ
3516 1578 3574 1645 ἐξ
3598 1578 3765 1633 αὑτοῦ

2198 1693 2557 1766 γεγεννῆσθαί
2605 1668 2760 1760 ξρασι,
2806 1685 2859 1739 τί
2903 1684 2967 1738 τὸ
3011 1679 3274 1741 πεπεικδς
3305 1675 3396 1729 τὸν
3427 1671 3648 1740 Πατέρα
3674 1668 3769 1721 τὸν

2355 1764 2656 1855 ὑποστῆσαι
2684 1779 2826 1835 κατὰ
2858 1778 2950 1830 τὸν
2988 1774 3140 1843 ὑμῶν
3164 1769 3353 1851 ἀμαθῆ
3378 1766 3554 1834 λόγον.
3574 1764 3769 1824 ’Δναγ-

532 1885 617 1932 tur
646 1874 749 1928 hoc
784 1870 911 1929 fecit
942 1887 957 1924 ς
988 1866 1238 1923 autFilio
1258 1866 1309 1920 id
1338 1864 1520 1934 largiri
1547 1862 1735 1926 voluit,
1765 1872 1822 1914 ut
1855 1859 2000 1914 illum
2028 1859 2093 1913 ad

2197 1880 2367 1943 καίως
2396 1878 2504 1948 ἄρα
2532 1848 2690 1928 τοῦτο
2732 1868 3063 1939 πεποίηκεν,
3098 1864 3132 1935 ἢ
3164 1848 3492 1933 χαρίσασθαι
3526 1854 3603 1924 τῷ
3650 1850 3768 1927 Titi:

533 1980 659 2021 esse
688 1964 997 2017 traduceret
1024 1958 1331 2030 perindeac
1353 1970 1473 2011 nos.
1496 1952 1554 2009 Si
1573 1954 1737 2024 igitur
1762 1950 2092 2014 necessario,

524 2057 637 2124 jam
658 2055 826 2109 Deum
857 2048 1169 2112 necessitati
1204 2046 1502 2117 subjectum
1560 2056 1686 2099 esse
1736 2040 2094 2113 concedetis;

526 2147 615 2203 sin
636 2156 826 2200 contra
856 2142 1069 2197 Patrem
1099 2140 1203 2195 hoc
1230 2136 1370 2192 Filio
1400 2134 1585 2206 largiri
1607 2132 1841 2190 voluisse
1893 2130 2095 2195 dicitis,

528 2228 737 2305 sibiipsi
803 2235 980 2305 potius
1034 2230 1085 2286 id
1136 2229 1365 2299 largitus
1409 2239 1531 2289 esse
1580 2211 1866 2287 videbitur,
1917 2231 1973 2275 ut
2028 2222 2098 2276 sit

527 2336 766 2392 creator,
791 2334 846 2379 et
872 2333 1062 2399 potens
1085 2334 1149 2375 ac
1195 2319 1450 2399 sapiens:
1486 2314 1747 2385 siquidem
1793 2312 1930 2368 Filio
1982 2311 2096 2366 lucc

528 2421 732 2474 insunt.
757 2433 778 2468 σ
811 2400 1003 2472 Omnia
1027 2410 1171 2468 enim
1204 2412 1299 2480 pe‘r
1322 2408 1499 2477 ipsum
1530 2404 1669 2463 facta
1714 2414 1863 2472 sunt,
1924 2403 2095 2474 inquit

527 2508 824 2578 Scriptura,
854 2512 908 2569 et
931 2498 1051 2558 sine
1071 2500 1186 2573 ipso
1214 2490 1411 2553 factum
1442 2504 1526 2551 est
1551 2492 1688 2553 nihil
1712 2494 1776 2547 ".
1810 2510 1829 2544 ι
1864 2492 1932 2547 Ει
1981 2506 2095 2547 rur-

526 2616 671 2669 sum,
707 2618 727 2651 ι
750 2597 1003 2659 Christus
1038 2594 1132 2657 Dei
1166 2590 1404 2673 potentia
1427 2599 1482 2645 et
1509 2586 1774 2657 sapientia
1804 2584 1889 2640 ιδ’.
1924 2603 1947 2639 a
1976 2584 2095 2642 Cm-

529 2704 705 2749 terum
734 2706 829 2747 nos
857 2704 962 2746 non
986 2687 1088 2743 sibi
1120 2682 1219 2755 ipsi
1258 2684 1373 2744 bare
1401 2682 1647 2755 largitum
1680 2694 1801 2735 esse
1836 2679 2008 2734 Deum
2032 2691 2097 2732 ac

530 2786 743 2841 Patrem
772 2782 1022 2847 dicimus,
1053 2781 1147 2835 sed
1174 2790 1293 2833 esse
1318 2772 1635 2829 naturaliter
1689 2771 1982 2841 sapientein
2042 2776 2098 2822 et

528 2885 827 2949 potentem.
850 2874 964 2928 Non
993 2872 1154 2941 igitur
1183 2882 1248 2922 ex
1277 2866 1549 2921 voluntate
1566 2862 1846 2917 constituit
1873 2857 2091 2923 Filium,

530 2938 593 3026 ut
634 2957 731 3023 vos
790 2938 1108 3037 opinamini,
1162 2960 1258 3016 sed
1319 2956 1484 3013 veluti
1556 2962 1764 3011 natura:
1817 2938 1930 3007 suae
1980 2950 2095 3004 l'ru-

531 3069 787 3125 etusest,
810 3057 1103 3128 quodcum
1136 3054 1211 3108 ita
1257 3052 1348 3118 sit,
1396 3050 1561 3105 etiam
1620 3041 2098 3101 consubstantialis

2198 1945 2497 2045 βουληθείς,
2522 1969 2607 2022 ὅτι
2631 1965 2696 2037 δὴ
2720 1964 2812 2017 καὶ
2829 1960 2991 2017 αὑτὸν
3011 1960 3090 2020 είς
3125 1954 3420 2010 ὑπόστασιν
3449 1950 3573 2017 ἀγοι
3603 1945 3768 2000 καθά-

2196 2037 2301 2133 περ
2337 2037 2433 2117 καὶ
2475 2060 2646 2132 ἡμᾶς.
2684 2057 2748 2110 Εἰ
2792 2054 2899 2127 μὲν·
2933 2047 3026 2106 οὖν
3064 2046 3375 2116 ἀναγκαίως
3420 2037 3768 2129 ἀνάγκη-δὼ-

2198 2124 2320 2211 σετε
2364 2152 2459 2207 τὸν
2498 2124 2637 2205 δεον
2676 2124 3018 2208 ὑποκεῖσθαι,
3050 2144 3098 2196 εἰ
3135 2140 3193 2195 δὲ
3226 2139 3303 2210 μὴ
3330 2136 3509 2201 τοῦτο,
3537 2124 3770 2203 χαρίσα-

2197 2248 2321 2303 σθαι
2365 2245 2423 2299 δὲ
2477 2240 2809 2313 βουληθέντα
2848 2237 2927 2307 τῷ
2972 2234 3119 2305 Υίῷ,
3168 2229 3345 2301 ἑαυτῷ
3400 2228 3767 2299 χαρισάμενος

2196 2342 2444 2416 φανεῖται
2472 2337 2536 2394 τὸ
2567 2330 2705 2389 εἶναι
2725 2328 3055 2409 δημιουργὸς
3079 2327 3173 2381 καὶ
3197 2323 3421 2388 δυνατὸς
3450 2320 3544 2375 καὶ
3579 2317 3764 2386 σοφὶς,

2193 2406 2247 2495 si
2288 2448 2353 2502 γε
2399 2432 2458 2484 ὲν
2507 2425 2622 2498 Υίῷ
2659 2406 2833 2489 ταῦτά
2874 2406 3013 2475 ἐστι.
3062 2437 3080 2469 t
3112 2417 3300 2473 Πάντα
3345 2414 3454 2493 γὰρ
3498 2413 3564 2465 δι’
3598 2406 3767 2472 αὐτοῦ

2197 2524 2433 2593 ἐγένετο,
2464 2521 2627 2591 φησὶν
2676 2519 2709 2589 ἡ
2749 2514 2961 2585 Γραφὴ,
3004 2512 3096 2565 καὶ
3138 2509 3306 2583 χωρὶς
3351 2503 3517 2561 αὑτοῦ
3550 2503 3769 2572 ὶγένετο

2194 2616 2315 2671 οὐδὲ
2367 2613 2481 2689 Emi
2535 2608 2648 2663 Kal.
2690 2609 2873 2673 πάλιν,
2916 2603 3195 2675 «Χριστὸς
3236 2600 3370 2655 Θεοῦ
3402 2598 3631 2668 δύναμις
3671 2596 3770 2659 καὶ

2194 2706 2329 2764 Θεοῦ
2347 2688 2528 2775 σοφία.
2547 2720 2568 2757 ι
2587 2700 2757 2754 ’Δλλά
2784 2699 2890 2771 μὴν
2918 2698 3018 2769 οὐχ
3041 2694 3217 2766 ἑαυτῷ
3243 2692 3415 2747 ταῦτα
3446 2688 3769 2761 χαρίζεσθαί

2200 2816 2380 2869 φαμεν
2401 2797 2493 2852 τὸν
2519 2794 2654 2851 Θεὸν
2673 2791 2768 2847 καὶ
2789 2791 3029 2860 Πατέρα,
3046 2787 3163 2842 ἀλλ’
3179 2781 3321 2839 εἷναι
3340 2781 3579 2853 φυσικῶς
3605 2778 3770 2848 σοφόν

2193 2908 2253 2944 τε
2286 2890 2380 2943 καὶ
2414 2888 2660 2953 δυνατόν.
2712 2884 2827 2940 Οὐκ
2873 2875 3294 2955 ὲξουσιαστικῶς
3341 2873 3449 2945 ἀρα
3501 2872 3592 2925 τὸν
3640 2869 3771 2923 Υίὸν

2197 2983 2497 3051 ὑπέστησᾳ,
2528 2978 2652 3045 καθ’
2679 2976 2845 3047 ὑμᾶς,
2869 2971 3007 3027 ἀλλά
3032 2971 3133 3042 τῆς
3163 2966 3369 3031 οἰκείας
3398 2965 3612 3034 φύσεως
3652 2960 3769 3033 ἔχες

2198 3071 2428 3143 καρπόν·
2466 3062 2655 3138 insidi)
2689 3065 2747 3119 δὲ
2778 3063 2954 3129 τοῦτο⁹
2986 3062 3080 3115 καὶ
3113 3059 3418 3130 ὁμοούσιος.
3452 3054 3526 3109 Τὸ
3559 3054 3669 3125 γάρ
3703 3054 3770 3106 ὲκ

530 3164 634 3209 est.
664 3150 822 3219 Quod
846 3151 990 3206 enim
1024 3145 1344 3202 naturaliter
1395 3156 1463 3197 es
1514 3138 1624 3195 Deo
1673 3135 1932 3208 procedit,
1967 3134 2093 3197 alie-

2197 3134 2334 3218 Θεοῦ
2358 3159 2619 3233 προελθὸν
2640 3134 2780 3213 κατά
2802 3156 2987 3225 φύσιν,
3015 3154 3115 3207 οὐκ
3143 3150 3421 3222 ἀλλότριον
3457 3146 3642 3202 αὐτοῦ.

531 3260 659 3302 num
689 3243 761 3299 ab
790 3255 857 3298 eo
880 3253 1002 3297 esse
1024 3252 1130 3294 non
1165 3243 1362 3307 potest.

603 3375 759 3447 Quod
798 3375 905 3435 Deo
929 3390 991 3429 ac
1027 3369 1178 3434 Patri
1199 3365 1664 3429 consubstantialis
1706 3362 1773 3421 sit
1823 3360 2025 3423 Filius.

602 3489 661 3548 Si
685 3499 899 3561 propter
933 3488 1156 3545 ﬁormam
1206 3498 1368 3558 quam
1388 3481 1616 3552 accepit,
1666 3478 1717 3533 in
1771 3474 1944 3531 forma
2002 3473 2097 3529 Dei

532 3582 824 3643 exsistens.
854 3574 1329 3647 consubstantialis
1356 3573 1508 3627 nobis
1542 3578 1645 3634 est.
1672 3569 1799 3636 quia
1838 3580 1903 3623 ex
1934 3562 2091 3619 nobis

530 3682 635 3739 est,
659 3679 744 3730 est
775 3680 955 3731 autem
996 3668 1169 3724 forma
1222 3665 1316 3721 Dei
1379 3661 1567 3729 Filius,
1623 3654 2097 3723 consubstantialis

530 3761 694 3832 igitur
728 3760 781 3817 ei
811 3766 918 3825 est,
942 3755 1100 3827 cuius
1115 3764 1196 3811 est
1220 3754 1415 3810 forma.

1118 3866 1236 3938 ea
1269 3863 1501 3921 ALIUD.

600 3985 660 4041 Si
692 3992 879 4040 nostro
923 3980 1117 4037 lumini
1162 3979 1416 4050 splendor
1444 3976 1566 4046 eius
1626 3971 2100 4031 consubstantialis

530 4086 636 4140 est,
662 4074 833 4130 Filius
850 4082 1027 4129 autem
1047 4070 1237 4127 εἱστιιί
1259 4067 1479 4123 luminis
1500 4076 1583 4121 est
1635 4065 1919 4136 splendor;
1968 4077 2099 4119 con-

532 4165 905 4225 substantialis
934 4163 1102 4235 igitur
1126 4161 1293 4217 etiam
1323 4162 1438 4231 ipse
1458 4158 1773 4222 estcloinini.
1805 4158 1955 4226 cujus
2015 4165 2098 4212 est

529 4258 803 4331 splendor,
833 4271 957 4312 cum
988 4253 1237 4325 exempla
1259 4262 1414 4323 parte
1447 4251 1621 4322 aliqua
1671 4264 1784 4309 sust
1804 4261 2008 4305 natura:
2042 4249 2094 4303 in

528 4349 706 4407 simile
730 4346 1077 4405 conveniant.

1205 4473 1432 4534 ALIUD.

599 4591 1057 4661 Quemadmodum
1084 4588 1371 4660 mqualitas
1397 4587 1450 4640 in
1481 4584 1931 4643 intellectualibtts
1988 4592 2093 4640 non

527 4686 829 4756 quantitate
853 4684 1171 4746 aestimatur,
1200 4688 1253 4734 et
1278 4676 1421 4748 quod
1451 4675 1523 4731 ita
1547 4674 1752 4744 aequale
1782 4684 1885 4739 est,
1908 4689 2093 4731 neces-

528 4779 674 4833 sario
704 4776 865 4830 etiam
916 4788 1013 4845 par
1041 4771 1300 4842 dignitate
1352 4781 1418 4823 ac
1474 4766 1934 4822 consubstantiale
1987 4776 2091 4832 est,

526 4868 697 4925 Filius
725 4872 903 4921 autem
933 4874 1016 4921 est
1038 4879 1135 4935 par
1156 4862 1416 4932 dignitate
1446 4858 1612 4925 Patri,
1652 4868 1711 4914 ut
1742 4874 1895 4915 sacra
1939 4848 2090 4916 seri-

529 4965 686 5027 ptura
738 4954 1005 5021 testatur;
1056 4950 1362 5007 necessario
1409 4948 1570 5003 etiam
1617 4950 2091 5006 con'substantialis

524 5045 631 5100 erit
662 5060 677 5100 :
712 5042 1017 5112 equalitate
1039 5040 1293 5097 nimirum
1321 5037 1431 5101 illa,
1459 5051 1563 5091 non
1621 5039 1830 5093 ratione
1872 5042 2088 5110 quanti-

530 5138 658 5192 tatis
680 5136 731 5190 in
754 5122 943 5190 natura
967 5134 1279 5205 incorporea
1292 5131 1581 5193 zestimata,
1603 5131 1698 5186 sed
1728 5133 1904 5202 potius
1933 5136 2084 5189 idcu-

528 5227 683 5285 litate
705 5222 975 5284 mentite.

1187 5338 1419 5397 ALIUD.

599 5456 656 5511 Si
678 5470 797 5525 quae
833 5468 960 5510 vere
998 5468 1063 5511 ac
1084 5453 1403 5510 naturaliter
1430 5455 1611 5523 genita
1657 5464 1801 5521 sunt,
1831 5472 1937 5512 non
1984 5472 2083 5513 au-

528 5552 632 5597 tem
667 5543 973 5611 adoptione,
1003 5541 1225 5596 duliinm
1262 5555 1368 5597 non
1409 5552 1495 5597 est
1530 5541 1660 5611 quin
1695 5543 1805 5598 sint
1849 5546 2083 5601 consuli-

524 5634 793 5693 stantialia
814 5650 937 5690 cum
959 5634 1029 5691 iis
1041 5635 1131 5706 qui
1168 5646 1295 5691 vere
1316 5648 1383 5689 ac
1401 5635 1725 5698 naturaliter
1762 5649 2084 5708 genuerunt,

548 5856 549 5859 η
598 5790 641 5821 ⁸⁸
671 5786 825 5844 Joan.
856 5803 894 5849 t.
924 5788 980 5845 ὅ.
1056 5789 1120 5823 ⁸⁸⁸
1150 5790 1171 5847 ι
1200 5786 1323 5849 Cor.
1359 5791 1523 5865 1-,“,

2321 3385 2443 3437 Ὀτι
2466 3381 2548 3449 τῷ
2573 3378 2696 3447 Θεῷ
2721 3378 2819 3433 καὶ
2846 3374 3027 3446 Πατρί
3051 3373 3371 3445 ὀμοούσιος
3400 3371 3436 3426 ὁ
3467 3371 3625 3435 Υἱός,

2268 3496 2333 3551 El
2364 3494 2431 3549 δι’
2455 3494 2522 3566 ἣν
2549 3491 2709 3546 ἔλαϐε
2733 3488 2945 3561 μορφὴν
2972 3488 3001 3540 ό
3025 3488 3087 3540 ὲν
3109 3487 3290 3557 μορφῇ
3314 3480 3451 3537 Θεοῦ
3479 3481 3765 3551 ὑπάρχωνι

2197 3588 2480 3657 όμοούσιος
2512 3584 2669 3658 ήμῶν
2716 3585 2797 3638 ὅτι
2830 3574 2891 3648 ἐξ
2923 3580 3099 3651 ἡμῶν,
3128 3578 3243 3631 ἐστι
3269 3576 3327 3629 δὲ
3362 3574 3544 3647 μορφὴ
3570 3570 3704 3627 Θεοῦ
3737 3572 3769 3631 ὁ

2197 3680 2346 3746 me,
2371 3677 2658 3751 όμοούσιος
2688 3676 2797 3747 ἄρα
2819 3673 3035 3743 εκείνῳ,
3062 3665 3124 3726 οὒ
3155 3669 3251 3726 καὶ
3279 3667 3395 3721 εστι
3428 3665 3645 3739 possit;

2871 3869 3073 3927 AAAO.

2268 3994 2333 4047 Et
2362 3990 2442 4066 τῷ
2460 3989 2582 4049 καθ’
2614 3989 2759 4070 ἡμᾶς
2791 3985 2933 4066 φωτὶ
2959 3983 3021 4039 τὸ
3050 3981 3392 4055 ἀπαργασμα
3421 3975 3587 4033 αὑτοῦ
3618 3975 3767 4034 ἐστιν

2197 4085 2506 4159 όμοοὺσιον,
2546 4086 2576 4136 ὁ
2616 4083 2673 4137 δὲ
2708 4080 2837 4144 Υίδς
2863 4077 2958 4141 τοῦ
2993 4076 3163 4133 ἀϊδίου
3207 4072 3382 4145 φωτός
3417 4073 3564 4126 ἐστιν
3593 4069 3767 4159 ἀπαύ-

2196 4153 2386 4249 γασμα
2410 4217 2425 4244 ,
2458 4175 2743 4245 όμοούσιος
2774 4173 2883 4245 ἄρα
2915 4170 3012 4234 καὶ
3041 4168 3203 4232 αὐτὸς
3251 4165 3330 4238 τῷ
3377 4163 3536 4233 φωτὶ,
3567 4153 3629 4214 οὗ
3671 4160 3763 4213 καὶ

2196 4270 2342 4326 ἔστιν
2379 4270 2743 4337 ἀπαυγασμα,
2775 4264 2883 4318 τῶν
2911 4259 3324 4331 ὑποδειγμάτων
3351 4256 3495 4311 κατά
3517 4272 3571 4308 τι
3600 4253 3763 4324 μέρος

2198 4361 2297 4437 τῆς
2323 4360 2533 4425 οἰκείας
2562 4358 2778 4428 φύσεως
2804 4358 2887 4420 εἰς
2914 4354 2975 4409 τὸ
3006 4354 3190 4423 ὅμοιον
3219 4346 3635 4420 παραγομένων.

2872 4490 3075 4543 ΔΛΛΟ.

2270 4606 2332 4661 El
2364 4606 2426 4659 τὸ
2474 4605 2589 4659 ἴσον
2626 4604 2685 4657 ιν
2716 4603 2928 4671 νοητοῖς
2969 4600 3031 4653 οὐ
3064 4598 3325 4667 ποσότητι
3372 4594 3659 4667 μετρητὸν,
3701 4591 3763 4647 τὸ

2198 4696 2243 4750 δ’
2272 4694 2447 4757 οὕτως
2476 4695 2612 4757 ῐσον,
2660 4692 2754 4746 καὶ
2794 4691 3055 4762 ὁμότιμον
3086 4688 3145 4753 ἐξ
3175 4688 3421 4758 ἀνάγκης
3446 4688 3543 4740 καὶ
3566 4687 3764 4756 ὁμοού-

2195 4805 2332 4852 σιον,
2385 4786 2502 4849 ἔστι
2546 4784 2603 4839 δὲ
2650 4786 2764 4848 τσος
2807 4784 2903 4838 καὶ
2938 4783 3199 4854 ὁμότιμος
3234 4780 3312 4851 τῷ
3342 4780 3517 4850 Ιιατρὶ
3550 4783 3579 4833 ὁ
3610 4779 3759 4845 Υίὺς,

2194 4877 2418 4937 κατὰτὰ
2434 4878 2553 4932 θεῖα
2580 4878 2773 4948 Δόγια,
2792 4876 2852 4941 ἐξ
2880 4873 3125 4945 ἀνάγκης
3150 4873 3303 4926 ἔσται
3332 4872 3427 4929 καὶ
3453 4870 3754 4943 όμοούσιος·

2193 4972 2287 5025 τοῦ
2316 4972 2433 5025 ῐσου
2463 4969 2607 5024 κατά
2636 4969 2696 5023 τὸ
2732 4968 2899 5022 ποσὸν
2926 4969 2986 5021 ὲν
3012 4966 3287 5038 ἀσωμάτῳ
3326 4963 3486 5034 φύσει
3514 4962 3590 5035 μὴ
3621 4961 3760 5025 θεω-

2195 5070 2478 5135 ρουμένου,
2511 5061 2648 5117 ἀλλά
2681 5060 2881 5131 μᾶλλον
2906 5062 2964 5115 ἐν
2986 5060 3175 5124 οὐσίας
3203 5058 3511 5129 ταυτότητι.

2870 5355 3068 5409 ΔΛΛΟ.

2262 5462 2323 5516 Ei
2362 5464 2429 5518 τὰ
2462 5466 2583 5519 κατ’
2637 5466 2915 5538 ἀλήθειαν,
2956 5467 3070 5522 ἀλλ’
3112 5466 3173 5521 οὐ
3220 5467 3387 5534 θέσει,
3421 5466 3755 5540 γεννώμενα,

2188 5555 2448 5622 όμοούσια
2471 5556 2578 5610 τῶν
2608 5560 2730 5612 κατ’
2755 5558 3014 5631 ἀλήθειαν
3045 5559 3358 5630 γεννώντων
3382 5560 3753 5635 ὡμολόγηται,

2188 5640 2302 5695 ἔστι
2330 5644 2385 5697 δὲ
2413 5645 2520 5700 τῶν
2558 5648 2678 5701 κατ’
2706 5648 2965 5720 ἀλήθειαν
2999 5648 3371 5721 γεννηθέντων
3396 5654 3427 5707 ὁ
3453 5652 3581 5718 Υἱὸς
3610 5653 3758 5725 ἥπερ
