4012 6338
262 434 362 495 ιδτ
1665 418 1831 474 τιιεε

1952 414 2107 471 RUS.

3423 410 3528 469 158

261 550 367 607 τῶν
397 549 539 608 κατὰ
574 549 750 612 θέσιν,
805 547 1089 619 ὁμοούσιος
1136 548 1245 619 ἄρα
1296 546 1374 616 τῷ
1421 543 1538 597 κατ’
1591 539 1831 611 άλήθειαι

1952 530 2123 586 Filius
2163 538 2343 584 autem
2377 535 2460 582 est
2492 540 2555 582 ea
2591 526 2657 581 iis
2678 525 2770 596 qui
2801 538 2930 583 vero
2957 524 3128 596 geniti
3162 532 3313 594 sunt,
3337 526 3523 598 longe-

262 642 444 708 αὐτὸν,
469 642 586 696 ἀλλ’
611 641 674 695 οὐ
708 638 882 705 θέσει,
912 640 1261 711 γεγεννηκότι
1290 636 1430 707 Θεῷ.

953 926 1163 981 ΔΛᾹΟ.

329 1038 393 1094 EI
442 1038 503 1093 τδ
537 1037 813 1103 οὐσιωδῶς
856 1036 1199 1109 γεννώμενον
1234 1036 1575 1110 ίκληρονομεῖ
1607 1034 1706 1106 τὴν
1747 1031 1841 1088 τοῦ

255 1130 651 1202 γεγεννηκότος
673 1129 883 1197 οὐσίαν,
918 1129 1043 1200 ἔχον
1069 1128 1275 1197 ταύτην
1320 1129 1379 1181 ιν
1407 1126 1606 1197 ἑαυτῷ,
1638 1125 1751 1196 εχει
1783 1124 1841 1179 δὲ

257 1222 436 1277 πάντα
462 1222 533 1275 τὰ
563 1221 658 1275 τοῦ
688 1221 903 1292 Πατρὸς
934 1222 963 1274 ό
999 1220 1127 1285 Υῖδς
1147 1260 1163 1287 ,
1203 1217 1480 1309 οὒσιωδῷς
1511 1218 1620 1289 ἄρα
1648 1217 1841 1288 γεγέν-

257 1329 436 1384 νηται.

933 1424 1145 1477 ΔΔΛΟ.

322 1533 387 1588 ιι
438 1533 605 1604 μηδεν
630 1533 741 1586 τῶν
779 1534 917 1602 μετὰ
945 1534 1038 1587 τὸν
1070 1531 1198 1587 Υῖδν
1248 1533 1312 1586 εκ
1345 1533 1421 1604 μὴ
1454 1532 1625 1587 ὄντων
1651 1528 1841 1592 οὐσίας

251 1623 568 1696 δφίστησιν,
618 1624 879 1695 ὑφιστησι
926 1625 985 1679 δὲ
1032 1626 1061 1678 ό
1110 1624 1261 1691 Υἱὸς,
1298 1626 1397 1679 οὐκ
1442 1626 1549 1697 ἄρα
1579 1625 1689 1708 τῶν
1724 1624 1840 1695 μετ’

252 1712 414 1770 αὑτὸν
463 1714 617 1768 ἔσται
652 1714 957 1787 συγγενὴς,
992 1714 1132 1770 ἀλλὰ
1172 1716 1252 1787 τῷ
1301 1718 1368 1771 εκ
1404 1714 1480 1787 μὴ
1518 1714 1688 1768 όντων
1730 1715 1835 1783 ὐφ-

1945 636 2049 693 que
2066 620 2410 692 praestantior
2430 634 2591 703 quam
2611 618 2701 689 qui
2725 618 3052 687 adoptione;
3078 617 3524 674 consubstantia-

1944 714 2012 768 Iis
2032 713 2214 782 itaque
2235 720 2318 767 est
2350 710 2463 767 Deo
2494 712 2585 781 qui
2612 725 2736 765 eum
2768 724 2876 768 non
2897 710 3210 781 adoptione,
3244 711 3343 767 sed
3398 726 3527 768 vere

1946 819 2009 859 ac
2034 803 2359 859 naturaliter
2384 804 2592 875 genuit.

2610 916 2846 976 ALIUD.

2018 1032 2077 1088 Si
2116 1032 2260 1103 quod
2283 1030 2715 1087 substantialiter
2742 1031 2983 1103 genitum
3016 1040 3120 1097 est,
3144 1033 3412 1103 genitoris
3440 1048 3530 1091 es-

1944 1125 2173 1180 sentiam
2202 1123 2463 1195 possidet,
2486 1123 2692 1179 habens
2723 1138 2846 1180 eam
2871 1124 2924 1179 in
2951 1139 3011 1179 se
3032 1142 3044 1179 :
3064 1124 3231 1181 Filius
3252 1139 3385 1181 vero
3403 1140 3531 1197 pos-

1943 1216 2087 1271 sidet
2114 1215 2299 1271 omnia
2322 1230 2441 1287 qua:
2464 1214 2645 1271 Patris
2682 1223 2850 1285 aunt;
2887 1215 3256 1273 essentiaiiter
3283 1231 3417 1288 ergo
3434 1232 3531 1288 ge-

1941 1306 2090 1362 nitus
2118 1314 2223 1363 est.

2611 1418 2846 1477 ALIUD.

2015 1528 2077 1584 Si
2112 1542 2272 1584 nemo
2300 1536 2420 1598 post
2449 1526 2650 1582 Filium
2683 1542 2748 1581 ea
2782 1526 2955 1582 nihilo
3004 1526 3342 1585 substantias
3402 1544 3531 1600 pro-

1945 1620 2115 1686 ducit,
2149 1620 2403 1691 producit
2430 1629 2612 1674 autem
2638 1618 2851 1675 Filius:
2883 1634 2990 1675 non
3025 1620 3193 1689 igitur
3216 1620 3325 1676 erit
3376 1622 3530 1692 ejus-

1945 1710 2066 1766 dem
2094 1711 2317 1782 generis
2351 1727 2475 1767 eum
2502 1712 2569 1767 iis
2605 1710 2698 1781 qui
2730 1720 2853 1782 post
2886 1712 3061 1782 ipsum
3085 1720 3236 1779 sunt,
3295 1713 3390 1770 sed
3450 1716 3528 1770 illi

252 1804 475 1860 ιοτῶντι
504 1806 814 1877 ὸμοούσιος.
832 1806 913 1859 Τὰ
935 1805 1156 1879 γὰρτῆς
1185 1807 1356 1879 αὐτῆς
1383 1806 1667 1879 ἔνεργεῖας
1685 1806 1831 1870 ὄντα,

1952 1802 2039 1872 qui
2075 1818 2139 1857 ex
2168 1802 2340 1857 nihilo
2371 1802 2627 1872 producit
2655 1802 3166 1857 consubstantialis.
3192 1802 3325 1871 Quae
3380 1806 3528 1860 enim

251 1896 345 1950 καὶ
366 1896 469 1967 τῆς
499 1895 671 1967 αὐτῆς
696 1896 883 1960 οὐσίας
914 1896 1316 1969 ὡμολόγηνται.

928 2099 1132 2152 ΑΔΛΟ.

318 2211 382 2265 Et
414 2210 484 2265 τά
508 2212 611 2282 τῆς
651 2212 819 2283 αὐτῆς
860 2213 1144 2284 ἐνεργείας
1188 2210 1623 2283 ἀπαραλλάκτως
1654 2213 1836 2285 ὑπάρ-

250 2318 432 2374 χοντα,
483 2304 581 2357 καὶ
623 2306 724 2376 τῆς
754 2305 928 2369 αὐτῆς
958 2304 1146 2368 οὐσίας
1181 2305 1580 2377 ὡμολόγηνται,
1630 2304 1745 2358 ἔστι
1778 2306 1835 2360 δὲ

250 2394 346 2466 τῆς
376 2396 551 2466 αὐτῆς
592 2394 671 2466 τῷ
704 2388 879 2468 nam
928 2395 1210 2466 ἐνεργείας
1252 2397 1281 2449 ὁ
1329 2396 1478 2464 Υἱὸς,
1522 2396 1701 2449 πάντα
1734 2397 1838 2451 ὅσα

252 2490 395 2541 ποιεῖ
418 2489 511 2540 καὶ
546 2487 707 2552 αὐτὸς
738 2488 940 2559 ὁμοίως
976 2488 1172 2551 ποιῶν,
1201 2486 1650 2559 ὁμολογουμένως
1681 2488 1834 2543 ἔσται

251 2579 344 2633 καὶ
382 2579 482 2648 τῆς
532 2580 702 2651 αὐτῆς
731 2580 953 2645 οὐσίας,
999 2580 1089 2635 διά
1134 2580 1196 2634 τὸ
1231 2580 1325 2634 καὶ
1364 2580 1461 2650 τῆς
1491 2579 1662 2651 αὐτῆς
1692 2576 1835 2636 εἶναι

253 2670 555 2742 ἐνεργείας.

929 2790 1134 2845 ΔΛΛΟ.

321 2897 385 2953 Ei
416 2898 577 2968 φύσει
602 2884 736 2965 Θεός
765 2902 913 2954 ἔστιν
944 2902 973 2954 ό
998 2901 1211 2972 Πατὴρ,
1239 2901 1357 2955 ἀλλ’
1380 2901 1442 2955 οὖ
1473 2906 1698 2975 μετοχῇ,
1718 2901 1835 2957 εστι

252 2986 308 3041 δὲ
339 2989 498 3059 φύσει
524 2990 658 3054 Θεὸς
703 2992 795 3044 καὶ
825 2994 854 3045 ὁ
892 2991 1037 3055 Υἱός.
1076 2993 1249 3065 Εἴπερ
1276 2992 1385 3046 τῶν
1424 2994 1564 3048 κατὰ
1598 2995 1833 3067 μετοχὴν

255 3079 543 3153 ὑπερέχει,
594 3082 694 3153 τῆς
722 3083 893 3155 αὐτῆς
921 3084 1030 3156 ἄρα
1081 3083 1303 3155 φύσεως
1329 3084 1479 3141 ἔσται
1521 3086 1599 3159 τῷ
1630 3087 1828 3160 Πατρὶ,

252 3170 366 3227 ἀλλ’
392 3172 453 3226 οὐ
483 3176 597 3237 τοῖς
624 3174 768 3228 κατὰ
803 3178 1059 3249 μετοχὴν.

918 3373 1123 3431 AAAO.

316 3502 379 3561 at
415 3502 651 3573 μετοχῇ,
682 3501 798 3556 ἀλλ’
837 3503 897 3557 οὐ
931 3504 1112 3573 φύσει,
1143 3505 1275 3572 Θεὸς
1312 3509 1342 3561 δ
1372 3487 1518 3573 Υἱός,
1548 3508 1733 3562 πολλοὶ
1768 3510 1827 3563 δὲ

250 3596 300 3651 οῖ
348 3594 491 3649 κατὰ
546 3596 781 3667 μετοχὴν
832 3595 978 3661 θεοὶ,
1033 3598 1184 3652 οὐδὲν
1225 3600 1332 3670 ἄρα
1376 3600 1659 3665 πλεονάζει
1719 3601 1829 3652 τῶν

253 3684 461 3739 πολλῶν
489 3685 570 3747 εἰς
600 3683 875 3757 ὑπεροχὴν
900 3688 1110 3750 οὐσίας.
1142 3688 1205 3741 Ei
1235 3688 1292 3742 δὲ
1318 3689 1393 3759 μὴ
1420 3689 1573 3742 ἔσται
1601 3692 1822 3760 μετοχῇ,

252 3760 330 3830 ὅτι
359 3776 467 3829 τῶν
492 3774 634 3827 κατὰ
664 3777 900 3848 μετοχὴν
926 3779 1090 3843 αὐτός
1115 3780 1229 3833 ἐστι
1257 3780 1506 3851 ποιητὴς,
1536 3783 1635 3851 τῆς
1658 3781 1828 3850 αὐτῆς

251 3871 359 3942 ἄρα
404 3867 621 3937 φύσεως
670 3865 824 3922 ἔσται
873 3869 951 3941 τῷ
1010 3871 1209 3944 Πατρὶ,
1257 3870 1373 3926 ἀλλ’
1417 3871 1479 3925 οὐ
1524 3874 1633 3935 τοῖς
1686 3870 1829 3925 κατὰ

255 3961 504 4034 μιτοχήν-

921 4072 1126 4127 ΔΛΛΟ.

318 4190 383 4243 EI
422 4192 576 4244 πᾶσα
606 4188 763 4244 οὐσία
802 4184 1017 4258 λογικὴ,
1049 4185 1111 4239 οὐ
1160 4184 1308 4256 μόνῳ
1353 4185 1432 4256 τῷ
1466 4185 1662 4255 θέλειν,
1692 4186 1830 4241 ἀλλὰ

251 4282 344 4334 καὶ
371 4280 452 4350 τῷ
484 4282 727 4350 ἐνεργεῖν
755 4279 849 4332 καὶ
892 4278 1121 4348 πάσχειν
1158 4277 1501 4349 δημιουργεῖ,
1540 4278 1674 4349 μόνη
1709 4278 1766 4332 δὲ
1791 4281 1825 4351 ἡ

251 4370 547 4443 άγέννητος
580 4370 739 4424 οὐσία
761 4370 839 4441 τῷ
866 4369 1043 4423 θέλειν
1069 4369 1162 4422 καὶ
1196 4369 1270 4441 μὴ
1298 4369 1550 4440 πάσχειν,
1576 4370 1745 4425 θέλων
1769 4372 1827 4425 δὲ

251 4464 342 4518 καὶ
381 4464 457 4535 μὴ
502 4462 726 4532 πάσχων
760 4462 1139 4531 δημιουργεῖό
1170 4460 1319 4523 Υἱὸς,
1357 4460 1457 4530 τῆς
1500 4462 1559 4514 ὲν
1604 4462 1824 4533 θελήσει

1865 1872 1913 1933 Β
1938 1893 2180 1962 ejusdem
2203 1894 2432 1949 actionis
2450 1894 2893 1965 operationisque
2926 1903 3071 1961 sunt,
3091 1895 3332 1965 ejusdem
3361 1897 3529 1951 etiam

1939 1994 2065 2041 sunt
2091 1986 2430 2043 substantiae.

2613 2098 2773 2158 ALIU
2784 2102 2845 2156 D.

2012 2208 2068 2263 Si
2102 2224 2221 2279 quae
2250 2209 2493 2279 ejusdem
2513 2224 2739 2281 prorsus
2787 2210 3021 2268 actionis
3076 2213 3529 2283 operationisqne

1940 2310 2085 2369 sunt,
2117 2302 2362 2377 ejusdem
2382 2310 2436 2358 et
2466 2304 2785 2359 substantia
2818 2314 2965 2373 sunt,
3000 2313 3055 2361 et
3088 2305 3261 2361 Filius
3281 2306 3525 2375 ejusdem

1940 2402 2026 2447 est
2042 2408 2162 2447 cum
2192 2392 2352 2448 Patre
2369 2394 2625 2458 actionis,
2662 2396 2843 2451 omnia
2865 2412 2987 2467 qua
3020 2396 3149 2453 facit
3171 2397 3334 2454 Pater
3367 2402 3525 2455 smi-

1940 2482 2064 2538 liter
2091 2493 2145 2537 et
2174 2484 2287 2553 ipse
2306 2480 2656 2550 faciens,erii
2682 2497 2830 2544 certe
2860 2490 3022 2544 etiam
3058 2492 3303 2563 ejusdem
3336 2506 3525 2549 essen-

1943 2574 2049 2640 tia,
2078 2575 2197 2631 ideo
2218 2575 2359 2645 quod
2383 2576 2622 2646 ejusdem
2654 2580 2727 2634 sit
2756 2582 3109 2651 operationis.

2620 2778 2849 2835 ALIUD.

2012 2890 2068 2945 Si
2094 2892 2253 2949 Pater
2278 2904 2359 2950 cst
2378 2894 2699 2952 naturaliter
2730 2894 2896 2961 Deus,
2920 2912 3025 2952 non
3064 2907 3245 2954 autem
3300 2902 3527 2970 particio

1939 2984 2177 3051 patione,
2206 2996 2291 3040 est
2317 3000 2445 3042 vero
2469 2987 2631 3041 etiam
2655 2986 2830 3042 Filius
2861 2989 3181 3044 naturaliter
3217 2991 3379 3049 Deus.
3448 2994 3526 3049 At

1939 3074 1984 3127 si
2018 3074 2086 3130 iis
2110 3075 2201 3145 qui
2222 3076 2637 3146 participatione
2668 3079 2739 3132 dii
2768 3079 2898 3134 fiunt
2926 3080 3083 3152 longe
3113 3093 3196 3139 est
3232 3087 3520 3156 superior:

1938 3165 2179 3236 ejusdem
2207 3182 2337 3238 ergo
2364 3179 2572 3224 natura:
2626 3168 2881 3225 eritcum
2930 3171 3110 3240 Patre,
3170 3192 3277 3232 non
3338 3189 3519 3237 autem

1940 3271 2060 3310 cum
2095 3257 2158 3311 iis
2190 3259 2280 3327 qui
2332 3259 2676 3328 participant.

2621 3373 2782 3431 ALIU
2794 3375 2853 3431 D.

2010 3502 2066 3556 Si
2103 3504 2535 3574 participatione,
2566 3522 2671 3561 non
2740 3517 2918 3563 autem
2964 3517 3180 3576 natura,
3226 3514 3337 3585 83
3374 3513 3522 3572 Deus

1937 3604 2018 3649 est
2079 3594 2270 3662 Filius,
2306 3596 2460 3651 multi
2497 3612 2625 3652 vero
2654 3608 2780 3651 sunt
2810 3599 3228 3668 participatione
3255 3605 3349 3668 tlii,
3383 3604 3515 3658 nihil

1939 3687 2122 3757 itaque
2142 3688 2404 3759 dignitate
2422 3690 2676 3745 essentia:
2704 3681 2826 3745 aliis
2844 3694 3133 3747 antecellit.
3169 3693 3224 3748 Si
3245 3710 3373 3749 vero
3408 3711 3515 3751 non

1936 3779 2352 3847 participatione
2379 3781 2517 3851 (ipse
2537 3781 2681 3837 enim
2714 3791 2796 3837 est
2818 3783 3058 3839 omnium
3083 3784 3174 3853 qui
3191 3787 3518 3855 participant

1936 3871 2457 3942 creator),ejusdem
2489 3874 2654 3943 igitur
2677 3877 2782 3931 erit
2809 3886 3017 3934 natura
3050 3895 3171 3933 cum
3202 3879 3383 3947 Patre,
3411 3898 3518 3937 non

1936 3976 2057 4017 cum
2088 3963 2156 4019 iis
2190 3966 2282 4035 qui
2306 3964 2653 4036 participant.

2608 4078 2839 4136 ALIUD.

2011 4189 2066 4245 Si
2098 4191 2275 4246 omnis
2302 4193 2536 4247 essentia
2570 4194 2869 4261 rationalis,
2903 4212 3009 4253 non
3058 4197 3336 4256 voluntate
3369 4202 3515 4271 sola,

1937 4282 2031 4337 sed
2061 4284 2272 4352 agendo
2289 4293 2347 4337 et
2376 4284 2629 4353 patiendo
2654 4296 2911 4354 operatur
2946 4304 2961 4340 :
2990 4289 3101 4344 sola
3135 4299 3315 4345 autem
3362 4286 3517 4364 inge-

1936 4375 2048 4429 nita
2084 4376 2321 4431 essentia
2356 4376 2586 4432 volendo
2619 4386 2674 4431 et
2696 4394 2803 4457 non
2828 4380 3081 4449 patiendo
3116 4396 3132 4435 :
3168 4384 3356 4440 volens
3382 4401 3512 4442 vero

1935 4479 1994 4524 et
2021 4484 2124 4524 non
2158 4470 2369 4539 patiens
2410 4478 2669 4541 operatur
2709 4471 2913 4540 Filius;
2947 4474 3067 4543 ejus
3096 4490 3224 4547 ergo
3265 4482 3518 4537 essentia

253 4556 389 4627 μόνῃ
421 4553 865 4624 δημιουργούσης
912 4551 1100 4614 οὐσίας
1147 4550 1320 4619 εστὶν,
1372 4550 1488 4605 ἀλλ’
1515 4553 1574 4605 οὐ
1601 4554 1702 4624 τῆς
1739 4556 1827 4607 ὲν-

1952 4570 2155 4631 :stqua:
2188 4561 2464 4618 voluntate
2501 4562 2619 4618 sola
2666 4573 2946 4633 operatur,
3005 4581 3113 4620 non
3163 4582 3259 4638 per
3304 4571 3515 4639 passio.

250 4645 517 4715 εργούσης
544 4642 685 4697 κατὰ
712 4642 908 4707 πάθος.

921 4755 1125 4810 ΔΛΛΟ.

317 4872 381 4925 EI
420 4872 528 4926 πᾶν
573 4869 635 4923 τὸ
676 4871 945 4940 γεννῆσαν
983 4869 1044 4923 οὐ
1088 4868 1261 4933 νόθον,
1313 4868 1601 4939 όμοούσιον
1648 4871 1827 4941 ἑαυτῷ

249 4963 567 5033 γεγέννηκε,
599 4962 897 5033 γεγέννηκε
942 4961 998 5014 δὲ
1041 4962 1069 5013 ὁ
1098 4960 1229 5023 Θεὸς
1259 4960 1350 5014 τὸν
1378 4962 1657 5033 Μονογενῆ
1677 5002 1692 5025 ,
1728 4964 1829 5017 οὐκ

251 5051 381 5105 ὄντα
406 5052 581 5117 νόθον,
624 5052 910 5121 ὁμοοὺσιον
938 5048 1046 5120 ἄρα
1086 5048 1263 5120 ἐαυτῷ
1288 5050 1635 5120 γεγέννηκεν.
1671 5052 1734 5104 EI
1769 5051 1827 5104 δὲ

250 5143 415 5207 γεννᾷ
471 5141 592 5211 μὲν,
626 5142 780 5202 νόθον
813 5142 869 5195 δὲ
895 5140 1161 5211 γεννήσας
1194 5141 1255 5195 οὐ
1287 5141 1603 5212 γεγέννηκε.
1633 5144 1827 5216 Χεῖρον

254 5231 361 5303 γὰρ
386 5232 449 5285 τὸ
479 5232 632 5311 παρὰ
663 5232 825 5303 φύσιν
848 5229 944 5286 τοῦ
978 5231 1222 5303 μηδόλως
1250 5234 1631 5303 γεγεννῆσθαι.

919 5438 1121 5492 ᾹΛΛΟ.

319 5549 384 5608 EI
428 5551 524 5607 τὸν
574 5553 850 5625 Μονογενῆ
923 5555 1190 5625 γεννήσας
1238 5555 1267 5606 ὁ
1322 5554 1455 5618 Θεὸς
1502 5557 1595 5609 καὶ
1640 5559 1828 5630 Πατὴρ

251 5648 575 5719 κρειττόνως
614 5646 773 5717 ἡμῶν
826 5648 1164 5729 γεγέννηκε,
1214 5647 1511 5713 γεννῶντες
1562 5649 1617 5703 δὲ
1666 5652 1829 5720 ἡμεῖς

249 5736 680 5808 προϋπάρχομεν
707 5736 817 5789 τῶν
844 5739 1283 5809 γεγεννημένων,
1311 5740 1444 5806 Θεὸς
1487 5744 1594 5814 ἄρα
1622 5748 1827 5813 γεννῶν

248 5829 305 5882 οὗ
364 5828 736 5902 προῦπάρχει.
791 5828 854 5882 EI
900 5829 959 5883 δὲ
1011 5831 1276 5896 ὡσαύτως
1318 5835 1451 5906 ἡμῖν
1499 5838 1826 5910 γεγέννηκεν

566 5924 834 5987 ΡΑτῐιοῐ..
882 5925 997 5987 Gn.
1048 5928 1273 5993 LXXV.

1932 4668 2075 4709 nem.

2596 4767 2828 4824 ALIUD.

2004 4878 2058 4933 Si
2089 4879 2351 4950 quidquid
2377 4884 2565 4952 genuit
2592 4898 2699 4939 non
2739 4882 3009 4953 spuriunt,
3047 4888 3517 4945 consubstantiale

1932 4970 2035 5025 sibi
2061 4972 2161 5040 ipsi
2192 4973 2397 5041 genuit,
2422 4973 2567 5029 Deus
2589 4983 2769 5029 autem
2797 4976 2982 5045 genuit
3008 4976 3379 5047 Unigenitum,
3404 4995 3513 5036 non

1932 5065 2173 5131 spurium
2198 5082 2213 5131 ;
2244 5065 2909 5137 ergo’consubstantialem
2939 5068 3041 5125 sibi
3065 5071 3273 5140 genuit.
3304 5070 3362 5126 Si
3390 5072 3517 5143 qui-

1930 5154 2055 5211 dem
2085 5157 2278 5226 gignit,
2308 5158 2401 5213 sed
2432 5160 2678 5229 spurium
2709 5159 2941 5230 gignens
2960 5176 3065 5216 non
3092 5163 3297 5230 genuit.
3357 5161 3516 5233 Pejus

1931 5249 2076 5302 enim
2109 5259 2189 5304 est
2225 5260 2422 5320 praeter
2452 5260 2701 5307 naturam
2729 5265 2873 5320 esse,
2909 5269 3071 5324 quam
3118 5255 3170 5310 in
3198 5256 3514 5311 universum

1934 5340 2175 5407 genitum
2208 5354 2312 5395 non
2340 5356 2480 5397 esse.

2605 5455 2835 5513 ALIUD.

2003 5564 2060 5619 Si
2092 5581 2213 5620 cunt
2251 5565 2394 5621 Deus
2442 5582 2506 5622 ac
2536 5567 2694 5623 Pater
2731 5569 3079 5640 Unigenitum
3127 5573 3313 5643 genuit
3360 5573 3517 5641 longe

1932 5656 2306 5725 praestantiore
2338 5658 2496 5712 modo
2538 5673 2701 5727 quam
2729 5676 2828 5715 nos
2852 5663 3070 5731 genuit;
3104 5678 3203 5717 nos
3235 5678 3365 5718 vero
3392 5678 3515 5716 cum

1934 5758 2258 5815 generamus
2309 5746 2519 5811 priores
2570 5762 2729 5815 quam
2773 5750 2863 5816 qui
2911 5766 2977 5805 ex
3019 5753 3174 5807 nobis
3223 5754 3518 5823 gignuntur

1934 5838 2280 5906 exsistimus;
2312 5835 2455 5894 Deus
2475 5851 2605 5910 ergo
2625 5838 2815 5897 Filium
2836 5842 3061 5913 gignens
3089 5844 3237 5911 prior
3260 5848 3376 5913 ipso
3406 5860 3512 5899 non

3128 5940 3161 6000 5
