4012 6338
508 448 609 502 143

1182 546 1408 601 ALIUD.

571 648 700 736 Quae
729 665 969 735 ejusdem
1006 662 1323 719 substantias
1353 668 1479 716 sunt
1510 665 1565 714 et
1620 668 1850 721 natura,
1896 655 2071 725 magis

501 762 665 816 etiam
704 757 921 829 proprie
947 756 1091 810 inter
1120 767 1181 809 se
1213 750 1446 807 conferri
1476 757 1731 819 possunt;
1764 762 1883 818 quae
1943 760 2073 801 vero

504 853 577 906 ita
604 864 726 905 sese
749 862 860 904 non
893 847 1114 910 habent,
1139 844 1233 898 sed
1256 842 1485 897 diversa
1512 848 1724 894 natura:
1743 847 1890 900 sunt,
1909 846 2072 906 atque

499 957 565 997 ea
600 944 667 997 de
694 952 857 997 causa
880 935 1199 993 diversitate
1223 930 1467 1002 quadam
1500 930 1643 985 inter
1676 944 1737 985 se
1792 928 2069 993 distincta,

502 1030 801 1103 comparari
848 1028 952 1085 sibi
992 1025 1220 1082 invicem
1272 1038 1378 1077 non
1415 1028 1665 1091 possunt.
1714 1017 1899 1087 Neque
1924 1016 2070 1072 enim

502 1126 788 1195 quisquam
809 1120 914 1176 nisi
934 1117 1124 1188 judicii
1151 1116 1329 1184 inops,
1356 1112 1589 1169 hominis
1619 1120 1869 1166 naturam
1894 1108 2074 1179 inqui-

501 1231 627 1273 rens
653 1216 816 1279 dicat,
846 1213 1036 1269 bovem
1062 1208 1281 1265 homine
1308 1204 1574 1275 majorem
1602 1215 1747 1266 esse,
1787 1209 1880 1255 aut
1909 1199 2071 1255 vicis-

501 1308 602 1363 sim
615 1306 767 1363 bovis
785 1314 1033 1359 naturam
1079 1315 1238 1358 nosse
1267 1296 1476 1360 volens,
1506 1294 1649 1351 dicat
1676 1292 1950 1349 hominem
1988 1306 2067 1346 eo

500 1399 759 1468 majorem
787 1410 928 1451 esse.
975 1392 1105 1461 Quae
1145 1391 1287 1458 enim
1320 1386 1560 1458 ejusdem
1594 1395 1802 1440 natura:
1841 1397 1907 1439 ac
1944 1395 2072 1452 spe-

500 1490 601 1545 ciei
629 1496 773 1552 sunt,
799 1496 859 1541 ut
884 1486 1084 1539 dictum
1112 1491 1216 1546 est,
1249 1495 1311 1533 ea
1337 1477 1622 1533 commode
1654 1486 1889 1544 apteque
1930 1474 2075 1528 inter

499 1597 559 1637 se
577 1579 949 1638 conferuntur.
987 1577 1043 1630 Si
1085 1576 1268 1643 itaque
1294 1571 1594 1633 confertur,
1619 1568 1913 1624 secundum
1956 1580 2073 1631 vos,

501 1673 670 1728 Filius
694 1686 816 1726 cum
837 1668 1014 1731 Patre,
1049 1666 1259 1721 ratione
1290 1661 1511 1732 majoris
1544 1668 1599 1716 et
1650 1659 1901 1724 minoris,
1941 1673 2077 1713 eon-

500 1761 872 1820 substaut'salis
898 1766 1049 1814 certe
1073 1770 1246 1826 neque
1278 1752 1624 1809 diversusrab
1652 1765 1717 1806 eo
1774 1749 1901 1806 erit.
1932 1749 2075 1805 Con-

498 1849 847 1909 suhstantiale
878 1858 1193 1902 autemnon
1229 1852 1406 1914 potest
1470 1838 1924 1897 consubstantiali
1961 1853 2075 1893 ma-

1486 426 1543 482 S.
1587 423 1861 483 CYBILLI
1902 418 2372 477 ALEXANDRINI
2413 416 2734 474 ARCHIEP.

3653 416 3754 471 ιιι

2858 536 3063 591 ΑΛΛΟ.

2246 650 2328 704 Τά
2356 650 2455 719 τῆς
2494 650 2664 719 αὐτῆς
2707 648 2894 713 οὐσίας
2936 647 3066 701 ὄντα
3117 646 3213 699 καὶ
3259 644 3475 713 φύσεως
3516 643 3609 697 καὶ
3653 644 3753 715 τὴν

2176 742 2314 813 πρὸς
2343 742 2549 811 ἄλληλα
2594 742 2883 812 σύγκρισιν
2912 738 3256 811 κυριωτέραν
3302 737 3640 808 ἐπιδέχεται*
3684 748 3753 790 τα

2170 833 2227 887 δὲ
2262 834 2335 904 μὴ
2360 833 2529 898 οὕτως
2557 833 2770 904 ἔχοντα,
2800 830 3069 904 ἑτεροφυῆ
3092 829 3150 883 δὲ
3172 829 3324 893 ὅντα,
3344 829 3442 883 καὶ
3471 829 3558 882 διὰ
3595 827 3755 882 τοῦτο

2170 927 2483 997 τεμνόμενα
2537 925 2670 997 πρὸς
2726 923 3150 994 ἀλλοτριότητα,
3208 922 3307 975 οὐκ
3365 921 3433 975 ἂν
3500 920 3753 992 ἀλλήλοις

2178 1020 2526 1089 συγκρίνοιτο
2545 1035 2559 1049 ⁸
2588 1016 2914 1073 ἀπαιδευσία
2947 1018 3058 1088 γὰρ
3088 1015 3248 1069 τοῦτό
3291 1031 3375 1083 γε.
3421 1016 3498 1068 Οὐ
3528 1015 3637 1086 γὰρ
3686 1012 3757 1067 ἄν

2172 1125 2258 1171 τις
2286 1108 2431 1161 εἴποι
2455 1109 2579 1162 νοῦν
2610 1106 2767 1177 ἔχων,
2795 1106 3019 1176 μείζονα
3040 1105 3136 1159 τοῦ
3161 1104 3449 1175 ἀνθρώπου
3485 1105 3577 1157 τὸν
3600 1102 3753 1174 βοῦν,

2180 1199 2280 1270 τὴν
2309 1199 2597 1269 ἀνθρώπου
2623 1198 2783 1268 φύσιν
2813 1196 3083 1268 ὲρευνῶνο
3115 1196 3224 1250 οὐδ’
3254 1192 3322 1250 αὖ
3357 1196 3517 1255 πάλιν
3536 1195 3638 1267 τὴν
3658 1194 3755 1250 τοῦ

2181 1291 2301 1361 βοὸς
2326 1291 2590 1361 ἐκμαθεῖν
2622 1291 2882 1362 βούλοιτο,
2901 1289 3124 1361 μείζονα
3138 1290 3331 1343 τούτου
3357 1289 3447 1341 τὸν
3468 1288 3755 1361 ἄνθρωπον

2172 1386 2341 1454 λέγοι.
2375 1384 2457 1438 Τὰ
2484 1384 2595 1454 γὰρ
2631 1386 2844 1454 ὁμοφυῆ
2876 1399 2937 1436 τε
2966 1383 3062 1436 καὶ
3090 1381 3312 1452 ὁμοειδῆ
3338 1419 3353 1443 ,
3394 1380 3648 1452 καθάπερ
3676 1379 3760 1431 εἷο

2177 1491 2362 1546 ρηται,
2394 1473 2496 1545 τὴν
2525 1473 2660 1544 πρὸς
2687 1472 2894 1543 ἄλληλα
2921 1469 3213 1542 σύγκρισιν
3245 1469 3541 1523 ἀκόλουθόν
3562 1485 3624 1522 τε
3654 1469 3758 1521 καὶ

2178 1565 2494 1636 πρέπουσαν
2522 1565 2753 1649 εχεε.-Εί
2789 1564 2972 1617 τοίνυν
3000 1563 3388 1642 συγκρίνεται,
3424 1563 3547 1616 καθ’
3584 1563 3757 1633 ὑμᾶς.

2171 1658 2202 1710 6
2227 1658 2355 1721 Υἱὸς
2381 1658 2458 1728 τῷ
2489 1640 2665 1729 Πατρι
2694 1656 2834 1711 κατὰ
2861 1656 2922 1708 τὸ
2958 1653 3143 1726 μεῖζον
3168 1640 3265 1710 καί
3297 1654 3537 1720 ἔλαττον,
3562 1655 3758 1726 ὁμοού-

2178 1770 2292 1817 σιος
2330 1753 2439 1824 ἄρα
2469 1752 2562 1805 καὶ
2584 1752 2685 1805 οὐκ
2715 1751 2995 1823 ἀλλότριος
3022 1749 3189 1805 αὐτοῦ
3224 1751 3393 1803 ἐστιν.
3438 1748 3758 1819 Ὅμοούσιον

2178 1841 2236 1894 δὲ
2262 1840 2550 1910 όμοουσίου
2577 1840 2678 1893 οὐκ
2708 1838 2775 1893 ἂν
2800 1838 3010 1908 γένοιτο
3040 1838 3225 1911 μεῖξον
3246 1838 3340 1891 καὶ
3364 1837 3592 1891 ἔλαττον
3615 1839 3760 1891 κατὰ

494 1944 582 2011 jus
605 1939 892 1995 autmiuus
928 1952 1050 1993 esse
1074 1909 1285 1991 ratione
1307 1932 1626 1989 substantiae
1662 1948 1679 1987 :
1725 1946 1901 2001 neque
1929 1930 2073 1985 enim

2183 1933 2268 1987 τὸν
2299 1909 2399 2004 τῆς
2430 1932 2618 1994 οὐσίας
2646 1932 2799 2001 λόγον
2830 1949 2843 1962 °
2871 1933 2933 1985 06
2964 1909 3073 2002 γὰρ
3100 1930 3304 2001 μείζων
3331 1931 3618 2000 ἄνθρωπος
3657 1932 3757 1983 ἁν-

502 2036 663 2090 homo
693 2032 909 2087 homine
937 2029 1111 2099 major
1134 2037 1239 2091 est,
1265 2035 1535 2096 quatenus
1570 2026 1726 2081 homo
1749 2034 1850 2080 est.
1875 2023 2076 2095 Equa-

498 2125 567 2179 lis
602 2123 763 2195 igitur
792 2130 875 2178 est
903 2132 956 2175 et
979 2119 1458 2176 consubstantialis
1523 2116 1667 2170 Patri
1739 2115 1944 2181 Filius;
1988 2131 2077 2170 ra-

500 2219 647 2273 tione
670 2230 800 2272 τοι-ο
828 2213 1214 2270 incarnationis
1246 2210 1516 2266 credimus
1548 2207 1759 2263 Patrem
1790 2207 2059 2276 majorem

499 2325 529 2363 a
560 2307 696 2363 Filio
725 2303 1401 2372 voeatum.Quandoenim
1422 2301 1813 2358 humanitatem
1828 2314 2075 2371 assump-

500 2401 593 2467 sit,
623 2408 737 2455 tum
769 2398 929 2454 etiam
965 2405 1023 2451 ut
1053 2397 1213 2451 homo
1242 2396 1345 2450 hoc
1379 2392 1542 2450 dixit.

1167 2506 1398 2565 ALIUD.

566 2624 910 2695 Quaecunque
933 2622 1153 2692 proprie
1190 2624 1652 2691 comparationem
1682 2620 1822 2675 inter
1880 2634 1938 2675 se
1980 2619 2076 2673 ad—

502 2716 746 2781 mittunt,
776 2714 1261 2771 consubstantialia
1289 2713 1452 2767 etiam
1506 2726 1629 2767 sunt
1662 2730 1675 2764 :
1725 2713 1885 2767 homo
1927 2710 2075 2765 enim

505 2807 731 2873 homini,
770 2816 824 2861 et
850 2821 1026 2876 equus
1053 2819 1194 2874 equo
1226 2802 1527 2859 confertur.
1580 2801 1892 2856 Diﬂ‘crentia
1948 2816 2077 2856 vero

501 2899 685 2970 quain
716 2898 781 2952 iis
810 2906 1029 2965 estquia:
1053 2894 1291 2962 ejusdem
1318 2892 1516 2961 speciei
1542 2903 1691 2955 sunt,
1734 2892 1788 2945 in
1819 2890 2074 2946 acciden-

505 2990 646 3045 tibus
681 2986 968 3051 consistit;
1015 2994 1176 3053 atque
1224 2982 1357 3049 hmc,
1397 2991 1455 3034 ut
1484 2979 1823 3051 plurimum,
1849 2995 1913 3034 ex
1954 2994 2078 3049 pas-

504 3080 795 3144 sione,aut
820 3080 924 3131 alia
960 3075 1214 3144 quapiam
1249 3087 1409 3126 causa
1432 3070 1587 3135 ﬁunt,
1623 3086 1729 3126 non
1767 3072 1821 3125 in
1869 3072 2079 3126 ratione

504 3168 822 3224 substantiae
850 3167 954 3220 sita
986 3173 1131 3229 sunt,
1159 3165 1224 3217 de
1250 3179 1355 3232 qua
1387 3164 1714 3232 praedicetur
1733 3164 1946 3233 aliquod
1982 3177 2077 3218 ac-

2177 2023 2421 2094 θρὼπου,
2452 2024 2589 2077 καθὸ
2619 2024 2925 2095 ἄνθρωπος.
2965 2025 3109 2087 Ἰσος
3142 2024 3251 2095 ἄρα
3275 2023 3354 2094 τῷ
3385 2023 3561 2094 Πατρὶ
3600 2022 3695 2077 καὶ
3726 2025 3759 2075 6

2175 2117 2303 2180 Υἱὸς
2353 2117 2450 2171 καὶ
2492 2117 2813 2187 όμοούσιος’
2860 2117 3221 2187 οἰκονομικῶς
3267 2117 3323 2170 δὲ
3375 2114 3623 2187 εἰρῆσθαι
3671 2132 3759 2167 πιε-

2180 2209 2449 2279 στεύομεν
2482 2210 2578 2262 ἐπὶ
2610 2208 2707 2262 τοῦ
2756 2210 2969 2282 Πατρδς
3009 2212 3071 2263 τὸ
3113 2207 3319 2279 μεῖζον.
3346 2208 3473 2261 Ὅτε
3520 2206 3629 2279 γὰρ
3666 2208 3757 2261 ὲν-

2179 2300 2553 2371 ανθρωπήσας
2583 2300 2867 2370 φαίνεται,
2900 2301 3022 2353 τότε
3057 2300 3153 2355 καὶ
3183 2298 3340 2353 τοῦτό
3366 2315 3531 2369 φησιν
3554 2298 3629 2361 ὡς
3658 2298 3757 2355 ἇν-

2176 2388 2416 2459 θρωπος.

2845 2508 3029 2561 ᾹΛΛΟ
3040 2543 3055 2558 .

2248 2621 2388 2675 Ὅσα
2447 2620 2547 2690 τὴν
2600 2620 2736 2690 πρὸς
2788 2621 2991 2691 ἄλληλα
3040 2619 3331 2690 σύγκρισιν
3378 2619 3583 2691 κυρίως
3643 2620 3763 2673 ἑπο-

2176 2711 2412 2782 δέχεται,
2445 2710 2620 2766 ταῦτα
2650 2711 2870 2774 πάντως
2896 2713 3013 2766 ἐστὶ
3034 2713 3127 2765 καὶ
3152 2712 3417 2783 ὁμοούσια
3434 2728 3449 2742 ο
3471 2711 3760 2783 ἄνθρωπος

2176 2802 2285 2871 γὰρ
2318 2800 2592 2873 ἀνθρώπῳ
2616 2842 2631 2866 ,
2675 2804 2769 2856 καί
2800 2802 2965 2866 ίππος
3002 2804 3154 2873 ἵππῳ
3193 2802 3567 2874 συγκρίνεται.
3611 2803 3673 2856 Ἦ
3700 2803 3762 2856 δι

2176 2892 2234 2945 ὲν
2250 2893 2369 2956 τοῖς
2395 2892 2665 2963 ὁμοειδέσι
2690 2893 2924 2964 διαφορά
2953 2895 3084 2965 περὶ
3113 2893 3184 2947 τά
3212 2893 3599 2965 συμϐεϐηκότα
3618 2892 3757 2946 ἐστί’

2176 2982 2271 3037 καὶ
2304 2983 2501 3047 ταῦτα,
2529 2985 2605 3049 ὡς
2630 2985 2724 3037 ἐπὶ
2748 2984 3018 3046 πλεῖστον,
3049 2986 3114 3038 ἐκ
3142 2985 3347 3048 πάθους
3377 2985 3607 3053 γίνεται,
3638 2982 3672 3054 ἢ
3700 2982 3764 3050 ἐξ

2179 3073 2371 3145 ἐτέρας
2393 3074 2539 3139 τινὸς
2562 3074 2765 3140 αίτίας,
2796 3076 2897 3129 οὐκ
2928 3077 2985 3129 ἐν
3012 3076 3090 3147 τῷ
3112 3076 3257 3148 λόγῳ
3284 3077 3387 3148 τῆς
3421 3076 3611 3140 οὐσίας
3645 3075 3767 3130 κεί-

2182 3182 2338 3235 μενα,
2367 3164 2490 3219 καθ’
2518 3160 2690 3237 οὗπερ
2737 3166 2803 3219 ἂν
2842 3168 3203 3238 κατηγοροῖτό
3245 3185 3298 3221 τι
3334 3166 3444 3221 τῶν
3495 3164 3767 3239 συμϐεϐη-

503 3262 819 3317 cidentium.
854 3258 925 3315 Ut
966 3257 1197 3326 exempli
1229 3257 1428 3327 gratia,
1469 3256 1630 3311 homo
1682 3257 1901 3311 homine
1957 3270 2075 3309 ma-

2183 3255 2373 3309 κότων.
2405 3251 2532 3310 Οἵον
2560 3257 2693 3327 φέρε
2723 3258 2896 3309 εἰπεῖν
2917 3297 2931 3321 ,
2977 3258 3267 3327 ἄνθρωπος
3312 3256 3601 3328 ἀνθρώπου
3647 3256 3769 3323 μεί-

499 3353 585 3421 jor
613 3362 719 3419 est,
744 3351 1119 3420 magnitudine
1154 3350 1401 3420 corporis
1428 3358 1483 3403 et
1518 3349 1727 3413 robore,
1748 3348 1916 3401 animi
1939 3362 2078 3416 pra:-

504 3444 699 3509 sentia,
742 3443 940 3497 mentis
973 3440 1258 3505 acumine;
1294 3440 1387 3494 sed
1435 3454 1539 3492 una
1561 3440 1810 3493 omnibus
1844 3446 1926 3492 est
1955 3436 2080 3493 sub.

505 3536 716 3590 stantia!
743 3534 906 3596 ratio,
939 3547 1044 3586 non
1073 3546 1200 3586 vero
1229 3531 1525 3599 separatim
1552 3530 1603 3584 in
1652 3529 1878 3600 singulis
1909 3530 2081 3583 diver-

505 3638 584 3677 sa.
631 3621 947 3677 Accidentia
1024 3628 1207 3674 autem
1272 3634 1337 3673 ex
1392 3619 1647 3689 passione
1714 3618 1877 3673 veluti
1940 3619 2083 3673 radi-

505 3729 568 3768 ce
645 3714 944 3768 oriuntur:
1004 3726 1070 3765 ex
1138 3712 1390 3779 passione
1459 3711 1603 3765 enim
1676 3711 1922 3765 inﬁrmus
1986 3712 2075 3780 qui

503 3813 587 3859 est
652 3802 930 3865 inﬁrmus,
1014 3812 1069 3856 et
1174 3804 1361 3856 tardus
1443 3801 1711 3856 intellectu
1785 3801 2080 3872 timidoque

507 3894 708 3948 animo.
737 3892 803 3947 Si
834 3908 964 3963 ergo
984 3907 1091 3946 una
1108 3902 1190 3946 est
1214 3901 1407 3946 natura
1432 3892 1731 3961 eademque
1761 3893 2080 3948 substantia

510 3986 649 4039 ratio
684 3986 749 4039 iis
774 3998 891 4053 quae
909 3984 1126 4053 proprie
1185 3983 1328 4039 inter
1368 3998 1428 4038 se
1463 3983 1763 4052 comparari
1791 3992 2025 4052 possunt
2060 4001 2076 4037 :

505 4089 626 4145 qua:
649 4090 773 4131 vero
797 4074 1118 4129 substantiis
1149 4074 1404 4129 accidunt
1437 4089 1504 4129 ex
1549 4074 1803 4144 passione
1833 4074 2081 4129 oriuntur

505 4176 684 4222 autex
715 4182 778 4221 eo
802 4166 944 4235 quod
989 4182 1094 4221 non
1138 4166 1419 4236 patiuntur
1458 4180 1473 4217 :
1517 4174 1862 4235 comparatur
1900 4171 2078 4219 autem

510 4256 675 4313 Filius
698 4254 847 4310 Patri
880 4257 1088 4311 ratione
1120 4253 1342 4322 majoris
1371 4263 1425 4310 et
1445 4255 1692 4321 minoris,
1735 4255 1955 4325 ipseque
1983 4269 2080 4307 ex-

511 4358 589 4401 tra
624 4363 837 4403 omnem
868 4349 1174 4416 passionem
1208 4356 1291 4402 est
1319 4347 1482 4417 (Deus
1515 4350 1657 4400 enim
1712 4348 1817 4416 pati
1849 4362 1955 4402 non
1993 4361 2081 4416 po-

509 4438 658 4507 test),
683 4436 822 4490 nulla
845 4442 1000 4505 plane
1026 4437 1235 4491 ratione
1259 4434 1534 4504 superabit
1558 4433 1721 4488 Pater
1749 4433 1966 4498 Filium,
1986 4434 2077 4504 qui

508 4530 746 4599 ejusdem
765 4544 886 4583 cum
918 4544 982 4583 eo
1029 4529 1276 4582 essentia:
1314 4537 1418 4591 est,
1457 4526 1745 4594 omnisque
1800 4527 2076 4594 passionis

510 4634 704 4686 expers
734 4628 834 4672 cst.
859 4616 967 4687 87
995 4617 1205 4671 Dicitur
1236 4630 1364 4671 vero
1425 4615 1619 4685 major,
1654 4626 1707 4668 ut
1749 4614 2075 4685 principium

510 4711 763 4765 coaeterni
794 4709 1099 4776 geniminis.

543 4820 610 4878 In
640 4822 804 4882 illud,
841 4841 857 4891 ς
898 4822 1056 4878 Pater
1081 4823 1170 4890 qui
1200 4822 1338 4876 misit
1374 4839 1479 4885 me,
1513 4822 1682 4891 major
1707 4838 1787 4875 me
1813 4832 1889 4875 est
1911 4823 1978 4874 ".
2018 4846 2037 4872 ι

949 4997 1030 5052 Ea:
1061 4998 1344 5065 obiectione
1376 4996 1643 5055 Eunomii.

577 5112 737 5181 Atqui
771 5111 1027 5166 Servator
1053 5112 1168 5181 ipse
1197 5127 1302 5166 non
1332 5112 1584 5175 obscure,
1614 5112 1810 5181 inquit,
1839 5122 1932 5167 aut
1960 5127 2078 5167 am-

512 5204 699 5272 higue,
734 5206 828 5257 sed
865 5204 1204 5272 apertissime
1240 5204 1456 5257 Patrem
1496 5203 1752 5272 majorem
1792 5219 1851 5258 se
1885 5216 2076 5271 vocat,

511 5307 631 5345 cum
663 5292 840 5347 dicit:
880 5312 898 5345 ι
939 5294 1097 5347 l‘atcr
1125 5294 1216 5362 qui
1254 5293 1400 5347 misit
1432 5308 1551 5359 me,
1588 5292 1761 5363 major
1790 5308 1875 5349 me
1906 5304 2010 5351 est.
2048 5315 2067 5347 ι

515 5383 569 5437 Si
605 5392 781 5437 autem
816 5386 1095 5439 veritatem
1128 5401 1311 5439 verum
1348 5385 1532 5441 dicere
1570 5384 1842 5450 fatemini,
1880 5388 2079 5442 veritas

514 5484 687 5528 autem
728 5474 1007 5541 Christus,
1044 5488 1192 5531 certe
1240 5475 1495 5544 majorem
1540 5490 1597 5531 se
1638 5476 1797 5531 habet
1841 5476 2076 5533 Patrem.

514 5564 662 5629 Quod
689 5566 731 5620 si
764 5567 835 5619 ita
865 5580 967 5629 est,
995 5567 1272 5623 dissimilis
1298 5570 1462 5623 etiam
1494 5569 1571 5623 illi
1603 5569 1726 5625 erit.
1756 5570 1824 5624 At
1851 5570 1896 5625 si
1924 5570 2080 5626 dissi-

516 5656 677 5722 milis,
710 5673 811 5711 uon
845 5674 973 5726 ergo
1002 5661 1498 5717 consubstantialis.

583 5840 626 5871 ’³
649 5837 807 5895 Joan.
852 5854 959 5902 xw,
994 5839 1083 5892 98.

2179 3343 2308 3410 ζων,
2349 3347 2573 3416 μεγέθει
2604 3346 2857 3418 σώματος
2908 3348 3003 3400 καὶ
3053 3346 3235 3417 ίσχύῖ,
3266 3346 3445 3417 ψυχῆς
3476 3348 3767 3418 παραστή-

2182 3455 2335 3509 ματι,
2367 3440 2608 3504 διανοίας
2632 3438 2853 3511 ὀξύτητι
2875 3455 2891 3472 ο
2930 3440 3047 3493 ἀλλ’
3093 3435 3175 3503 εἷς
3224 3439 3325 3510 μὲν
3367 3439 3570 3493 ἅπασιν
3595 3442 3624 3493 6
3657 3438 3764 3509 τῆς

2179 3530 2365 3593 οὐσίας
2408 3529 2588 3598 λόγος,
2636 3530 2730 3584 καί⁸
2758 3531 2820 3584 οὐ
2851 3530 3271 3602 μεμερισμένως
3302 3532 3359 3582 ἐν
3389 3530 3604 3599 ἑκάστῳ
3639 3530 3762 3583 διάο

2180 3637 2363 3691 φορος.
2391 3621 2473 3674 Τὰ
2504 3621 2561 3674 δὲ
2600 3620 2986 3692 συμϐεϐηκότα
3022 3621 3179 3692 ῥίζαν
3229 3621 3339 3690 ἔχει
3367 3620 3431 3674 τὸ
3460 3621 3631 3684 πάθος
3651 3636 3667 3652 ·
3696 3623 3765 3675 ἐκ

2180 3710 2389 3774 πάθους
2428 3711 2537 3784 γὰρ
2568 3710 2799 3783 ἀσθενὴς
2845 3716 2875 3766 6
2915 3712 3188 3783 ἀσθενὴς,
3222 3713 3317 3766 καὶ
3360 3715 3390 3766 6
3419 3712 3626 3784 νωθρὸς
3660 3713 3765 3783 τὴν

2177 3803 2437 3870 διάνοιαν,
2470 3804 2563 3857 καὶ
2596 3805 2625 3857 6
2656 3804 2860 3858 δειλίαν
2894 3803 3033 3874 ἔχων
3061 3804 3119 3856 ὲν
3149 3803 3319 3875 ψυχῇ.
3348 3804 3412 3857 Ei
3444 3804 3626 3857 τοίνυν
3659 3806 3765 3874 μία

2183 3895 2280 3962 μὲν
2320 3896 2354 3965 ή
2389 3894 2553 3964 φύσις
2582 3896 2679 3949 καὶ⁵
2705 3895 2805 3965 τῆς
2839 3896 3027 3959 οὐσίας
3052 3898 3082 3949 6
3103 3895 3263 3965 λόγος
3286 3898 3314 3948 6
3342 3895 3507 3959 αὐτὸς
3528 3898 3640 3959 τοῖς
3658 3896 3764 3967 τὴν

2183 3985 2320 4056 πρὸς
2349 3985 2553 4057 ἄλληλα
2578 3985 2865 4057 σύγκρισιν
2898 3988 3103 4058 κυρίως
3134 3986 3561 4057 ἐπιδεχομένοις,
3595 3986 3663 4040 τὰ
3700 3986 3763 4041 δὲ

2180 4079 2279 4139 ὅσα
2311 4078 2440 4149 περὶ
2484 4077 2585 4141 τάς
2616 4079 2802 4144 οὐσίας
2852 4079 2988 4133 εἰσιν
3022 4081 3086 4132 ἐκ
3117 4080 3325 4144 πάθους
3372 4078 3583 4149 γίνεται
3626 4080 3659 4151 ἢ
3694 4082 3764 4135 ἐκ

2180 4166 2275 4220 τοῦ
2311 4168 2387 4239 μὴ
2416 4167 2610 4226 παθεῖν
2632 4208 2647 4233 ,
2681 4169 3031 4239 συγκρίνεται
3056 4168 3113 4221 δὲ
3145 4170 3173 4222 6
3201 4169 3328 4230 Υἱὸς
3358 4168 3497 4238 πρὸς
3524 4169 3616 4222 τδν
3646 4171 3763 4224 Πα-

2178 4260 2313 4330 τέρα
2355 4258 2499 4313 κατὰ
2538 4261 2599 4313 τὸ
2649 4261 2831 4330 μεῖζον
2872 4261 2963 4314 καὶ
2989 4258 3210 4314 ἔλαττον
3240 4261 3629 4332 εἰσφερομένου
3662 4263 3761 4317 τοῦ

2181 4347 2308 4418 περὶ
2340 4348 2503 4402 αὐτὸν
2543 4348 2726 4417 λόγου,
2761 4350 2855 4402 καὶ
2900 4348 3016 4402 ἔστι
3048 4348 3257 4413 πάθους
3298 4349 3455 4414 ἐκτὸς
3505 4349 3762 4421 (ἀπαθὴς

2180 4437 2289 4508 γὰρ
2314 4438 2390 4499 ὡς
2412 4437 2589 4510 Θεὸς),
2626 4440 2747 4492 κατ’
2773 4440 2966 4494 οὐδένα
2992 4440 3195 4511 τρόπον
3219 4442 3247 4493 6
3279 4440 3468 4512 Πατὴρ
3501 4443 3761 4512 ὑπερέξει

2178 4529 2272 4584 τοῦ
2306 4530 2440 4585 Υίοῦ
2466 4533 2562 4585 καὶ
2596 4532 2697 4603 τὴν
2740 4530 2910 4603 αὐτὴν
2942 4531 3161 4603 ἔχοντος
3208 4532 3396 4585 οὐσίαν
3439 4534 3533 4588 καὶ
3563 4534 3763 4588 παθεῖν

2183 4621 2337 4675 οὐδὲν
2380 4622 2700 4693 δυναμένου.
2745 4623 2979 4691 Λέγεται
3023 4622 3080 4675 δὲ
3130 4621 3332 4693 μείζων
3360 4624 3436 4687 ὼς
3482 4624 3626 4697 ἀρχὴ
3660 4626 3759 4681 τοῦ

2186 4711 2459 4763 συναῖδίου
2486 4713 2844 4782 γεννήματος.

2185 4820 2286 4883 Εἰς
2325 4819 2427 4883 τὸ,
2481 4838 2498 4869 ι
2541 4818 2604 4871 '0
2646 4821 2918 4903 Hatﬁp‘d
2963 4820 3204 4890 πέμψας
3247 4839 3324 4891 με
3378 4823 3588 4891 μείζων
3638 4826 3761 4894 μού

2850 4906 3038 4945 εστιν.
3063 4912 3082 4943 Ι

2500 5002 2830 5071 Ἀνντίθεσις
2865 5003 2936 5057 ἑκ
2972 5003 3089 5058 τῶν
3124 5006 3446 5075 Εὑνομίου.

2252 5114 2423 5180 Αὐτὸς
2459 5117 2487 5169 6
2514 5117 2704 5189 Σωτὴρ
2743 5118 2844 5171 οὐκ
2883 5119 3428 5196 ἐπικεκαλυμμένως,
3454 5121 3762 5193 τρανότατα

2181 5208 2236 5262 δὲ
2266 5210 2485 5279 μείζονα
2514 5209 2708 5262 ἑαυτοῦ
2732 5210 2831 5285 τὸν
2856 5211 3075 5282 Πατέρα
3119 5214 3273 5282 φησι,
3305 5212 3392 5265 διὰ
3417 5212 3509 5265 τοῦ
3541 5213 3722 5283 λέγειν
3744 5234 3758 5247 ·

2188 5317 2207 5349 ι
2228 5298 2286 5352 Ὀ
2316 5299 2506 5371 Πατὴρ
2531 5300 2560 5352 6
2584 5299 2800 5370 πέμψας
2828 5318 2893 5371 με
2932 5301 3133 5371 μείζων
3182 5301 3283 5371 μού
3314 5304 3478 5357 ἐστιν.
3508 5322 3526 5355 ι
3562 5303 3623 5356 Εἰ
3647 5304 3763 5356 τοί-

2181 5405 2276 5440 νυν
2327 5386 2611 5457 ἀληθεύειν
2654 5387 2851 5442 δώσετε
2896 5390 2996 5461 τὴν
3039 5390 3318 5460 ἀλήθειαν,
3356 5390 3582 5462 ἀλήθεια
3625 5392 3682 5445 δὲ
3733 5392 3763 5444 6

2182 5479 2434 5550 Χριστὸς,
2471 5478 2692 5549 μείζονα
2746 5480 2861 5551 ἔχει
2912 5482 3003 5535 τὸν
3050 5483 3291 5553 Πατέρα.
3324 5483 3435 5535 Καὶ
3487 5486 3535 5536 εἰ
3578 5483 3759 5548 τοῦτο,

2182 5570 2398 5633 πάντως
2430 5571 2581 5625 ἔσται
2612 5571 2706 5625 καὶ
2733 5573 3004 5645 ἀνόμοιος.
3023 5574 3242 5645 Ἐπειδὴ
3260 5574 3317 5629 δὲ
3343 5575 3615 5645 ἀνόμοιος,
3640 5576 3766 5631 οὐδὲ

2184 5662 2489 5733 ὁμοούσιος.
