4012 6338
239 480 338 539 1ό5

715 588 870 659 Πρὸς
906 586 1084 643 τοῦτο
1120 583 1321 647 λύσις.

315 730 639 799 Ἀναγκαῖον
661 727 831 799 ὑμᾶς,
858 719 906 779 ὧ
932 722 1311 796 χριστομάχοι,
1331 716 1427 773 καὶ
1450 715 1547 769 νῦν
1575 712 1817 786 ἐρέσθαι,

239 824 364 878 πότε
395 819 494 875 τοῦ
523 819 658 874 Υίοῦ
693 816 896 888 μείζων
919 818 948 869 6
981 813 1171 885 Πατὴρ
1209 810 1243 883 ἢ
1277 810 1504 878 γέγονεν
1534 805 1567 877 ἢ
1597 802 1819 875 εὑρέθη,

237 914 268 985 ἢ
304 913 440 983 ὅπερ
466 910 535 965 ἀν
576 906 854 980 βούλοισθε
892 904 1093 974 λέγειν.
1126 902 1331 973 Χρόνον
1362 899 1461 971 μὲν
1486 894 1579 952 οὖν
1610 894 1821 966 όριζόν-

236 1020 341 1056 των
374 1000 532 1072 ὑμῶν
564 1002 665 1054 οὐκ
704 999 770 1054 ἀν
794 1014 877 1061 τις
906 996 1199 1065 ἀνάσχοιτο
1221 1010 1235 1023 ·
1280 990 1491 1063 χρόνων
1523 992 1631 1060 γὰρ
1667 1003 1825 1058 ποιη-

238 1094 332 1165 τὴς
357 1095 385 1147 6
408 1093 561 1159 Υίδς,
579 1091 676 1145 καὶ
703 1090 811 1161 πρὸ
835 1088 945 1142 τῶν
973 1086 1187 1141 αίώνων
1210 1084 1346 1149 ἐστὶ,
1365 1080 1510 1136 κατά
1531 1079 1629 1144 τάς
1654 1077 1823 1148 ἀψευ-

236 1186 340 1250 δεῖς
364 1185 477 1239 τῶν
510 1185 684 1253 ἀγίων
721 1182 922 1253 φωνάς.
965 1179 1171 1251 Χρόνου
1206 1176 1264 1230 δὲ
1286 1174 1655 1247 ἀνῃρημένου,
1684 1173 1825 1226 πάν-

237 1293 341 1340 τως
365 1276 620 1329 λείπεται
642 1273 823 1343 λέγειν
854 1271 992 1325 κατά
1015 1268 1115 1341 τὴν
1144 1267 1299 1339 ὑμῶν
1325 1266 1590 1339 πρότασιν
1621 1262 1709 1316 ἀεὶ
1734 1260 1828 1316 καὶ¹

238 1366 488 1438 ἀνάρχως
513 1366 606 1419 τὸν
641 1364 861 1434 Πατέρα
888 1360 1112 1433 μείζονα
1137 1357 1233 1412 τοῦ
1261 1355 1413 1411 Υίοῦ.
1449 1354 1611 1418 Ἀλλ’,
1630 1347 1675 1406 ὦ
1705 1351 1828 1423 βέλ-

236 1471 425 1518 τιστοι,
468 1452 669 1525 μικρὸν
704 1451 1079 1522 ἀνανήψαντες
1107 1450 1285 1502 ἐκεῖνο
1328 1446 1449 1501 καθ’
1482 1446 1709 1507 ἑαυτοὺς
1746 1445 1831 1497 ιν·-

238 1543 544 1615 θυμήθητε,
571 1544 655 1597 ὅτι
676 1542 736 1596 τὺ
766 1542 1026 1615 διαφέρον
1043 1538 1190 1602 τινὸς
1222 1537 1366 1597 κατά
1387 1536 1447 1590 τὸ
1472 1532 1612 1590 εἶναι
1642 1532 1831 1605 μεῖζον

239 1635 270 1699 ἢ
318 1632 598 1702 λέγεσθαι,
635 1635 1040 1703 παρακείμενον
1074 1630 1188 1702 ἔχει
1219 1630 1313 1683 καὶ
1343 1626 1832 1698 συνεισφερόμενον

241 1723 417 1793 ἑαυτῷ
451 1724 515 1776 τὸ
556 1723 799 1786 ἔλαττον,
832 1715 894 1775 οὗ
930 1720 1025 1775 καὶ
1067 1721 1185 1773 ἐστὶ
1216 1718 1599 1792 μεῖζον.’οταν
1633 1718 1740 1788 γάρ
1773 1715 1833 1768 τὸ

246 1808 426 1881 μεῖζον
453 1811 778 1881 θελήσωμεν
807 1811 1019 1882 μαθεῖν,
1038 1813 1132 1865 ἐπὶ
1157 1812 1257 1881 τὴν
1282 1809 1375 1864 τοῦ
1399 1810 1681 1872 ἐλάττονος
1704 1808 1837 1877 δρα·

247 1904 436 1999 μάντις
482 1904 812 1974 κατάληψιν,
840 1904 941 1977 τὴν
968 1903 1181 1958 ἑκείνου
1224 1902 1499 1973 βλέπομεν
1536 1902 1829 1974 ὑπεροχήν.
1866 1943 1909 1999 Β

245 1994 303 2052 ΕΙ
337 1995 522 2048 τοίνυν
556 1995 643 2048 ἀεὶ
673 1994 876 2065 μείζων
906 1996 934 2048 6
959 1996 1151 2067 Πατὴρ
1181 1994 1277 2049 τοῦ
1313 1993 1469 2057 Υἰοῦ,
1498 1990 1567 2065 ἦν
1597 1994 1696 2065 μὲν
1733 1994 1833 2048 αὐ-

245 2088 330 2150 τὸς
368 2088 493 2141 ἀεί·
529 2082 600 2158 ἦν
626 2086 684 2141 δι
716 2090 813 2142 σὺν
858 2087 1008 2159 αὐτῷ
1041 2088 1134 2142 καὶ
1162 2089 1192 2141 6
1226 2086 1375 2151 Υἱὸς,
1403 2080 1464 2139 οὖ
1504 2087 1598 2141 καὶ
1631 2086 1832 2157 μείζων

247 2173 381 2237 εἶναι
414 2178 657 2247 λέγεται,
687 2178 810 2232 καθ’
834 2180 997 2251 ὑμᾶς.
1028 2179 1101 2233 T6
1145 2179 1203 2233 δὲ
1236 2179 1326 2233 ἀεὶ
1364 2178 1445 2245 6v,
1480 2178 1557 2249 τῷ
1590 2180 1676 2233 ἀεὶ
1720 2179 1833 2233 δντι

248 2271 363 2336 πῶς
391 2272 651 2343 ἀνόμοιον
684 2272 873 2339 lerat;
919 2273 1121 2337 Μεῖζον
1166 2272 1225 2325 δὲ
1266 2272 1404 2338 πῶς,
1434 2271 1835 2343 συντρεχούσης

251 2363 324 2435 τῷ
368 2363 725 2435 γεγεννηκότι
772 2364 874 2435 τῆς
919 2364 1205 2436 ὑπάρξεως
1230 2364 1325 2419 τοῦ
1352 2364 1712 2433 γεννήματος,
1743 2364 1836 2417 καὶ

252 2454 427 2508 πάντα
455 2453 672 2525 ἔχοντος
704 2455 950 2525 φυσικῶς
977 2459 1077 2515 ὅσα
1107 2458 1373 2529 πρόσεστι
1403 2455 1483 2528 τῷ
1513 2455 1726 2525 Πατρί;

941 2764 1147 2821 ΑΛΛΟ.

332 2873 432 2930 Ἕκ
460 2874 802 2947 μαθημάτων
831 2877 962 2948 ἡμῖν
992 2876 1103 2930 τῶν
1142 2876 1547 2948 Ἀριστοτέλους
1582 2877 1840 2951 ὁρμώμε-

253 2984 354 3030 νοι,
384 2967 484 3022 καὶ
510 2970 581 3039 τῇ·
600 2967 869 3039 δεινότητι
887 2969 987 3041 τῆς
1012 2970 1072 3023 ιν
1098 2969 1289 3041 κόσμῳ
1314 2971 1507 3040 σοφίας
1532 2972 1843 3043 ἀποκεχρη-

259 3059 431 3129 μένοι,
470 3058 713 3124 κτύπους
751 3060 1023 3133 ἐγείρουσι
1058 3062 1322 3135 ῥημάτων
1344 3061 1539 3128 κενῶν,
1577 3063 1678 3116 οὐκ
1706 3063 1844 3117 ειδό-

254 3165 346 3214 τες
372 3151 454 3204 δτι
483 3153 579 3204 καὶ
607 3152 745 3223 πρὸς
766 3152 972 3225 ταύτην
994 3153 1224 3225 ἀμαθῶς
1247 3153 1463 3224 ἔχοντες
1493 3152 1846 3225 ἐλεγχθήσον-

1647 447 2091 509 τιιεεΑυιιυε.

1842 571 1895 630 Δ

3416 430 3516 481 H6

2434 558 2640 617 Salutio
2669 552 3001 626 objectionis.

1997 692 2374 765 Interrogandl
2411 691 2570 748 nobis
2604 698 2733 747 sunt
2768 687 2957 743 hostes
2994 681 3231 746 Christi,
3270 680 3522 751 quando-

1925 805 2049 846 nam
2087 786 2260 857 major
2298 786 2438 843 Filio
2470 784 2631 840 Pater
2669 792 2761 838 aut
2794 780 2973 835 factus
3006 778 3078 833 sit
3111 785 3205 831 aut
3252 775 3523 837 iuventus,

1928 893 2022 938 aut
2046 880 2536 952 quomodocunque
2566 876 2698 931 illud
2724 875 2931 929 dicant.
2953 869 3192 941 Tempus
3216 868 3361 924 enim
3388 880 3528 936 prae-

1927 975 2177 1031 llnientes
2208 986 2303 1028 vos
2336 985 2495 1027 nemo
2527 968 2666 1024 [erat
2698 983 2711 1021 :
2752 964 3005 1021 conditor
3039 962 3185 1017 enim
3219 968 3528 1029 temporum

1927 1074 2014 1121 est
2037 1062 2230 1132 Filius,
2255 1072 2312 1118 et
2337 1072 2465 1117 ante
2490 1057 2687 1117 secula
2712 1058 2831 1128 ipse
2857 1055 3083 1110 exsistit,
3119 1053 3275 1123 juxta
3306 1056 3528 1104 sancto-

1930 1173 2052 1213 rum
2094 1156 2187 1225 qui
2228 1153 2448 1210 mentiri
2493 1167 2601 1207 non
2640 1158 2870 1221 possunt
2908 1146 3254 1203 verissimum
3296 1142 3523 1198 dictum.

1931 1243 2155 1301 Sublato
2181 1254 2363 1299 autem
2391 1252 2653 1311 tempore,
2670 1247 2943 1310 superest,
2977 1251 3043 1292 ex
3072 1244 3257 1291 vestra
3285 1234 3529 1303 ipsorum
3576 1306 3577 1309 η

1930 1338 2461 1407 sententia,semper
2483 1344 2539 1391 et
2566 1334 2685 1389 sine
2713 1331 2980 1403 principio
3002 1330 3220 1385 Patrem
3248 1326 3384 1382 Filio
3411 1340 3531 1379 ma-

1924 1430 2102 1500 jorem
2139 1429 2330 1485 fuisse.
2365 1429 2435 1483 At
2466 1440 2583 1491 vos,
2625 1424 2751 1480 boni
2788 1424 2913 1486 viri,
2950 1420 3200 1477 nonnihil
3235 1420 3303 1475 ad
3338 1417 3529 1473 melio-

1933 1538 2048 1578 rem
2080 1528 2319 1577 mentem
2352 1520 2645 1576 redeuntes
2676 1517 2753 1571 ita
2782 1513 3067 1571 vobiscum
3099 1512 3356 1582 cogitate,
3384 1508 3529 1578 quod

1932 1615 1987 1671 id
2029 1614 2173 1685 quod
2216 1612 2398 1669 diﬂert
2433 1614 2501 1665 ab
2534 1610 2720 1681 aliquo
2754 1624 2819 1664 ea
2856 1607 3067 1662 ratione
3099 1618 3208 1675 qua
3244 1600 3417 1670 majus
3448 1608 3534 1655 est

1934 1714 2030 1761 aut
2058 1705 2279 1770 dicitur,
2314 1700 2682 1774 propinquum
2718 1698 2819 1754 sibi
2853 1698 3023 1752 habet
3050 1704 3105 1750 et
3134 1692 3390 1749 collatum
3428 1690 3532 1745 sibi

1936 1795 2145 1859 minus,
2178 1807 2285 1863 quo
2317 1792 2573 1846 nimirum
2608 1788 2782 1857 majus
2811 1796 2915 1843 est,
2953 1785 3087 1841 Cum
3119 1784 3265 1839 enim
3300 1782 3352 1838 id
3387 1782 3533 1851 quod

1938 1887 2116 1956 majus
2138 1894 2222 1941 est
2249 1897 2588 1955 cognoscere
2613 1881 2894 1945 volumus,
2922 1878 2989 1933 ad
3021 1876 3251 1932 minoris
3280 1874 3531 1930 notitiam

1939 1974 2337 2046 confugientes,
2358 1973 2581 2042 majoris
2599 1970 2977 2027 excellentiam
2999 1968 3295 2023 cernimus.
3320 1964 3378 2020 Si
3402 1978 3535 2033 ergo

1940 2067 2104 2123 Pater
2125 2080 2341 2137 semper
2365 2064 2543 2135 major
2566 2074 2649 2118 est
2678 2061 2839 2127 Filio,
2869 2058 2971 2114 fuit
2997 2059 3217 2129 quidem
3249 2057 3363 2127 ipse
3392 2070 3537 2112 sem-

1942 2176 2040 2232 per
2075 2180 2087 2216 :
2125 2160 2227 2215 fuit
2261 2174 2390 2215 vero
2425 2158 2591 2215 etiam
2624 2170 2751 2212 cum
2785 2170 2852 2211 eo
2890 2153 3090 2220 Filius,
3126 2166 3235 2223 quo
3269 2160 3324 2207 et
3366 2147 3538 2219 major

1941 2269 2063 2311 esse
2091 2253 2314 2319 dicitur,
2346 2256 2643 2306 secundum
2673 2262 2791 2304 vos.
2823 2246 2980 2314 Quod
3012 2259 3142 2301 vero
3172 2257 3391 2314 semper
3418 2251 3535 2307 est,

1942 2361 2179 2417 quonam
2212 2354 2373 2417 pacto
2400 2342 2669 2399 dissimile
2698 2343 2806 2399 erit
2838 2342 2913 2397 illi
2946 2341 3088 2410 quod
3120 2338 3287 2394 etiam
3322 2350 3538 2406 semper

1943 2438 2059 2494 est?
2086 2438 2193 2491 Aut
2221 2435 2498 2506 quomodo
2527 2435 2736 2505 majus,
2766 2450 2890 2490 cum
2926 2434 3042 2503 ipsa
3069 2429 3238 2501 geniti
3266 2428 3539 2484 exsisten-

1945 2532 2019 2584 tia
2048 2543 2169 2583 cum
2202 2527 2451 2598 genitore
2479 2528 2772 2581 conveniat
2801 2525 3098 2593 martiaque
3131 2519 3453 2579 naturaliter
3484 2518 3537 2572 in

1946 2636 2005 2678 se
2037 2621 2232 2678 habeat
2261 2634 2380 2690 qua:
2408 2616 2555 2674 Patri
2588 2616 2811 2674 insunt?

2623 2751 2852 2808 ALIUD.

2019 2871 2096 2926 Ex
2144 2868 2495 2925 Aristotelica
2545 2864 2830 2936 disciplina
2881 2866 3037 2921 nobis
3083 2864 3440 2933 insultantes,
3488 2873 3542 2919 et

1950 2962 2238 3019 mundanae
2268 2961 2550 3032 sapientia:
2584 2959 2726 3014 fastu
2762 2958 2995 3030 turgidi,
3030 2957 3220 3013 inanes
3250 2956 3537 3012 verborum

1950 3053 2191 3124 crepitus
2223 3053 2497 3117 excitant,
2537 3066 2729 3122 parum
2762 3050 2866 3105 sibi
2901 3049 3292 3119 persuadentes
3325 3062 3384 3103 se
3414 3046 3540 3101 Ari-

1950 3147 2214 3205 stotelicas
2253 3145 2554 3215 disciplina:
2596 3146 2815 3214 ignaros
2859 3142 3075 3199 ostendi
3118 3157 3297 3212 posse.
3337 3140 3543 3195 Mirana

255 3254 365 3292 ται.
399 3238 690 3311 Θαυμάσαι
730 3240 840 3314 γάρ
872 3242 1040 3306 ὅντως
1073 3241 1369 3296 ἀκόλουθον
1396 3242 1478 3295 ὅτι
1505 3240 1570 3313 δὴ
1595 3240 1687 3295 τὸν
1717 3241 1845 3314 tre-91

1954 3240 2079 3295 dmn
2115 3239 2261 3293 enim
2295 3244 2378 3291 est
2410 3236 2589 3307 quod,
2623 3250 2747 3291 cum
2786 3235 3054 3289 rationem
3091 3232 3314 3302 majoris
3345 3242 3401 3286 et
3442 3234 3546 3286 mi-

254 3325 352 3379 τοῦ
402 3304 649 3398 μείξονος
691 3304 786 3383 καὶ
806 3304 923 3385 ’τοῦ
970 3304 1252 3395 ἐλάττονος
1296 3304 1641 3397 ἐξετάζοντες
1668 3304 1847 3401 λόγον,

1954 3332 2106 3388 noris
2136 3331 2436 3395 excutiant,
2465 3330 2533 3384 ad
2567 3342 2877 3385 sermonem
2909 3328 2976 3382 de
3006 3326 3171 3382 simili
3205 3336 3260 3381 et
3290 3326 3542 3381 dissimili

258 3417 352 3471 ἐπὶ
380 3419 474 3472 τὸν
501 3420 631 3491 περὶ
658 3420 754 3473 τοῦ
785 3422 973 3497 ὁμοίου
1004 3424 1101 3476 καὶ
1128 3422 1383 3494 ἀνομοίου
1412 3422 1849 3494 μεταπεπτὼκα-

1952 3422 2339 3494 prolabantnr,
2383 3420 2733 3484 nescientes,
2773 3421 2927 3489 juxta
2974 3418 3289 3472 Aristotelis
3338 3416 3541 3487 placita

262 3525 371 3576 σιν,
402 3511 505 3566 οὐκ
527 3512 731 3576 ειδότες
753 3514 859 3579 ὅτι,
893 3515 1036 3569 κατά
1074 3515 1174 3586 τὴν
1217 3515 1623 3586 Ἀριστοτέλους
1656 3514 1849 3586 τέχνην

1953 3528 2063 3583 quo
2091 3512 2191 3583 ipsi
2223 3512 2516 3583 plurimum
2544 3525 2668 3566 sese
2691 3510 2973 3579 jactitaut,
3006 3508 3185 3563 simile
3212 3507 3329 3579 88
3355 3517 3410 3563 et
3436 3508 3551 3562 dis-

261 3596 404 3678 ὲφ⁹ᾖ
430 3603 668 3673 μάλιστα
693 3606 1120 3679 μεγαλοφρονεῖν
1152 3607 1406 3662 εἰώθασιν
1442 3607 1619 3672 αὐτοὶ,
1650 3609 1752 3661 οὐκ
1774 3610 1849 3671 εἰς

1955 3602 2133 3659 simile
2165 3618 2270 3658 non
2302 3603 2357 3658 in
2388 3602 2577 3658 eodem
2610 3615 2811 3672 genere
2839 3598 3123 3662 collocari.
3154 3598 3206 3653 in
3234 3613 3341 3667 quo
3372 3597 3548 3668 majus

260 3695 457 3751 ταυτὸν
503 3697 901 3753 κατατάττεται
928 3699 1087 3769 γένος
1115 3700 1176 3753 τό
1207 3717 1269 3753 τε
1300 3700 1486 3771 ὅμοιον
1516 3700 1612 3754 καὶ
1656 3699 1717 3753 τὸ
1760 3700 1849 3753 ἀν-

1955 3704 2011 3747 et
2048 3695 2247 3749 minus.
2281 3692 2338 3749 Si
2375 3693 2593 3764 quidem
2631 3691 2805 3761 majus
2842 3701 2899 3746 et
2939 3690 3121 3744 minus
3157 3688 3382 3743 relativa
3431 3689 3547 3742 sive

261 3786 472 3859 όμοιον,
499 3789 576 3854 ὡς
597 3791 692 3845 καὶ
723 3792 787 3845 τδ
816 3791 1005 3863 μεῖζον
1038 3794 1135 3848 καὶ
1152 3794 1215 3848 τὸ
1247 3793 1497 3849 ἔλαττον.
1524 3794 1598 3847 Τὸ
1626 3794 1849 3865 μὲνγὰρ

1958 3784 2025 3838 ad
2061 3783 2265 3855 aliquid
2301 3784 2375 3847 ait
2404 3784 2469 3838 iis
2502 3784 2781 3837 dicuntur.
2815 3782 3006 3837 Simile
3038 3795 3166 3835 vero
3199 3788 3255 3835 et
3287 3780 3550 3835 dissimile

268 3873 455 3944 μεῖζον
500 3877 595 3931 καὶ
631 3878 689 3932 τὺ
722 3879 963 3948 ἔλαττον,
994 3882 1103 3935 τῶν
1152 3884 1288 3955 πρός
1334 3901 1385 3937 τι
1431 3884 1662 3955 ἑχόντων
1713 3885 1849 3955 παρ’

1957 3873 2185 3929 alterius
2209 3874 2419 3929 ordinis
2446 3872 2561 3929 sive
2590 3872 2998 3943 prmdicamenti
3026 3881 3172 3926 sunt.
3204 3869 3360 3927 Unde
3385 3870 3550 3939 igitur

264 3966 497 4032 txslvou;
540 3969 777 4038 λέγεται.
820 3971 895 4026 Τὸ
944 3973 1002 4026 δὲ
1048 3974 1235 4044 ὅμοιον
1278 3975 1311 4047 ἢ
1361 3978 1455 4029 καὶ
1497 3976 1565 4030 τὸ
1603 3975 1849 4048 ἀνόμοιον

1960 3980 2057 4021 vos
2086 3965 2160 4020 ita
2188 3980 2219 4022 a
2245 3964 2450 4033 majore
2476 3966 2543 4019 ad
2572 3963 2750 4020 simile
2781 3965 3107 4020 transilitis?
3133 3974 3189 4019 et
3216 3979 3284 4019 ex
3312 3962 3547 4030 majore,

267 4058 461 4130 ἑτέρας
499 4062 615 4115 ἐστὶ
644 4064 981 4135 κατηγορίας
1020 4065 1141 4136 ἦτοι
1176 4065 1523 4136 διαιρέσεως..
1545 4068 1717 4121 Πόθεν
1745 4068 1855 4122 τοί-

266 4168 359 4206 νυν
390 4152 650 4223 ὑμϊνλάπὸ
670 4155 764 4209 τοῦ
790 4156 1037 4226 μείζονος
1060 4157 1153 4210 ἐπὶ
1172 4160 1233 4211 τὸ
1253 4159 1438 4230 ἆμοιον
1462 4160 1494 4231 ἡ
1521 4158 1856 4230 μετάὼσιςς

258 4242 361 4296 καὶ
386 4242 446 4310 ἑξ
475 4243 759 4310 ἐλάττονος
800 4246 925 4318 ἦτοι
946 4248 1041 4301 τοῦ
1071 4249 1316 4319 μείζονος
1342 4250 1442 4321 τὴν
1472 4251 1737 4323 πρότασιν
1769 4250 1859 4318 ἐξ·

269 4334 605 4403 υφαίνοντες,
651 4336 965 4407 ἑτερογενὲς
1022 4340 1307 4411 είσφέρετε
1348 4341 1411 4393 τὸ
1462 4340 1857 4413 συμπέρασμα,

268 4420 551 4491 λέγοντες·
588 4425 651 4477 Ei
684 4425 922 4483 ἐλάττων
957 4427 1106 4481 ἐστὶν
1144 4429 1173 4480 6
1208 4428 1336 4493 Υίὸς
1367 4428 1462 4483 τοῦ
1501 4430 1735 4500 Πατρδς,
1766 4432 1862 4484 ἀν-

268 4513 455 4585 όμοιος
487 4514 596 4587 ἀρα
614 4534 628 4546 ·
663 4516 834 4589 έχρῆν
863 4518 972 4591 γὰρ
1000 4519 1201 4590 μᾶλλον
1225 4522 1421 4587 εἰπεῖν,
1447 4522 1549 4576 οὐκ
1582 4522 1697 4586 ίσος
1729 4524 1859 4595 ἀρα,

270 4608 392 4681 ﬂed
429 4609 686 4673 τοσοῦτος
713 4610 841 4681 ἄρα,
875 4612 964 4666 ἵνα
998 4613 1074 4684 μὴ
1113 4614 1277 4669 πάλιν
1305 4614 1539 4685 ἀμαθεῖς
1576 4616 1729 4680 ὄντες
1771 4615 1860 4681 ἐξ·

271 4700 679 4774 ελεγχθήσησθε
712 4702 789 4775 τῷ
819 4721 879 4757 τε
900 4705 1105 4777 μείζονι
1121 4706 1217 4761 καὶ
1237 4706 1313 4779 τῷ
1337 4708 1579 4764 ἐλάττονι
1612 4709 1672 4763 τὸ
1696 4711 1861 4764 ποσὸν

273 4794 647 4863 ἐπιφέροντες.
665 4798 739 4850 Οὐ
776 4796 885 4870 γὰρ
918 4798 987 4853 τά
1008 4799 1147 4870 πρός
1182 4800 1234 4854 τί
1263 4818 1379 4866 πως
1409 4800 1618 4873 ἔχοντα,
1646 4802 1780 4859 ἀλλά
1802 4803 1864 4857 τὺ

278 4885 461 4953 μεῖζον
488 4887 522 4956 ἢ
554 4887 775 4942 ἔλαττον
801 4890 1122 4945 ὑποκεῖσθαι
1148 4891 1225 4963 τῷ
1257 4892 1416 4964 ποσῷ
1434 4894 1862 4966 νενομοθέτηκεν

274 4978 310 5047 ἡ
347 4978 755 5049 Ἀριστοτέλους
782 4982 968 5054 τέχνη.
1007 4985 1135 5057 Εῐδη
1175 4985 1237 5040 δὲ
1278 4986 1429 5058 αὑτῷ
1451 4988 1666 5057 τίθησιν
1699 4989 1861 5054 ἑπτὰ,

275 5069 533 5145 ἀριθμὸν,
567 5072 662 5128 καὶ
704 5071 885 5140 λόγον,
920 5074 1016 5128 καὶ
1064 5077 1352 5149 γραμμὴν,
1385 5080 1480 5133 καὶ
1515 5079 1858 5148 ἐπιφάνειαν,

276 5163 371 5215 καὶ⁵
401 5164 581 5235 σῶμα,
614 5166 711 5220 καὶ
749 5168 961 5238 χρόνον,
995 5169 1090 5222 καὶ
1121 5170 1304 5223 τόπον.
1340 5171 1533 5226 Μόνων
1576 5170 1865 5242 τοιγαροῦν

274 5255 383 5309 τῶν
420 5257 729 5330 εἰρημένων
760 5260 1008 5330 δέχεσθαι
1045 5261 1106 5316 τὸ
1136 5262 1302 5316 ποσὸν
1329 5262 1673 5332 πεφυκότων,
1701 5264 1867 5319 πόθεν

278 5348 458 5419 ὑμεῖς,
486 5344 533 5403 ὧ
560 5346 728 5417 οὗτοι,
762 5352 840 5423 τῷ
871 5353 1076 5424 μείζονι
1103 5354 1199 5408 καὶ
1222 5353 1301 5425 τῷ
1334 5355 1578 5409 ἐλάττονι
1607 5354 1667 5410 τὸ
1702 5357 1867 5410 ποσὸν

279 5442 569 5512 ἔπιφέρετε
596 5482 611 5507 ,
665 5443 838 5516 ἑτέρῳ
884 5447 1033 5513 γένει
1086 5445 1260 5501 ταῦτα
1313 5446 1409 5500 τοῦ
1461 5448 1867 5517 Ἀριστοτέλους

279 5533 725 5599 ἀνατεθεικότοςς
754 5537 972 5609 Ἐπειδὴ
1008 5538 1185 5592 τοίνυν
1218 5539 1311 5593 τὸν
1342 5539 1586 5612 περὶτοῦ
1624 5538 1868 5610 μείζονος

280 5629 376 5681 καὶ
423 5628 519 5681 τοῦ
574 5628 860 5695 ἐλάττονος
908 5630 1253 5698 ἐξετάζοντες
1303 5634 1483 5702 λόγον,
1529 5633 1869 5698 ἀπαιδεύτως

282 5717 375 5771 ἐπὶ
411 5718 511 5789 τὴν
543 5719 639 5774 τοῦ
673 5721 862 5792 ὁμοίου
905 5725 998 5778 καὶ
1030 5726 1287 5797 ἀνομοίου
1330 5726 1635 5798 παράθεσιν
1661 5727 1870 5795 ἐξέκλι-

282 5824 429 5879 νατε,
464 5812 749 5883 λέγοντες*
779 5816 843 5871 Ei
869 5817 1103 5871 ἐλάττων
1129 5818 1275 5872 ἐστὶν
1301 5821 1329 5874 6
1354 5820 1480 5884 Υἱὸς
1512 5819 1605 5873 τοῦ
1636 5819 1868 5892 Πατρὸς,

286 5908 537 5978 ἀνόμοιος
588 5912 728 5978 ἄρα*
779 5912 1153 5990 χαλεπωτέρω.
1202 5913 1257 5969 δὲ
1307 5918 1469 5974 πάλιν
1519 5915 1872 5980 ἀπαιδευσίας

1959 4066 2075 4123 sive
2114 4065 2323 4120 minore
2352 4062 2778 4135 propositionem
2808 4063 3166 4127 deducentes,
3213 4061 3416 4116 diversi
3458 4075 3553 4131 ge-

1961 4159 2109 4214 neris
2132 4157 2547 4213 couclusionem
2576 4155 2814 4220 infertis,
2845 4155 3092 4210 dicentes
3124 4171 3137 4208 :
3174 4152 3231 4207 Si
3264 4153 3442 4207 minor
3468 4163 3554 4207 est

1961 4251 2130 4307 Filius
2157 4249 2350 4317 Patre,
2382 4248 2663 4304 dissimilis
2688 4247 2884 4318 igitur;
2914 4261 3035 4301 cum
3064 4246 3242 4317 potius
3267 4246 3341 4299 ita
3365 4244 3552 4299 dicen-

1961 4344 2089 4398 dutn
2125 4342 2292 4399 fuerit
2323 4362 2335 4397 :
2378 4341 2491 4398 Non
2523 4356 2652 4410 ergo
2684 4340 2942 4410 aequalis,
2975 4350 3068 4394 aut
3100 4353 3204 4395 non
3239 4348 3452 4405 tantus,
3486 4354 3553 4393 ne

1962 4436 2291 4505 imperitiam
2318 4444 2556 4490 vestram
2586 4433 2910 4505 proderctis,
2936 4447 3002 4487 ex
3030 4430 3237 4500 majore
3260 4441 3314 4486 et
3342 4431 3557 4487 minore

1963 4530 2320 4600 quantitatem
2356 4527 2671 4582 inferentes.
2716 4525 3075 4595 Neque-enim
3107 4539 3228 4595 qum
3254 4522 3551 4593 adaliquld

1966 4631 2116 4684 sunt,
2148 4622 2243 4677 sed
2282 4619 2459 4689 majus
2494 4629 2550 4674 ct
2585 4620 2791 4684 minus,
2824 4618 3116 4689 quantitati
3155 4617 3396 4685 subjecta
3429 4630 3554 4672 esse.

1964 4714 2314 4772 Aristotelica
2340 4712 2624 4783 disciplina
2654 4712 2839 4767 tradit.
2867 4710 3092 4781 Species
3113 4720 3293 4766 autem
3321 4709 3397 4763 illi
3422 4724 3555 4765 con-

1965 4807 2141 4861 stituit
2174 4815 2381 4874 septem
2417 4823 2432 4859 :
2468 4818 2751 4858 numerum
2773 4843 2789 4869 ,
2823 4803 3162 4867 orationem,
3196 4802 3425 4867 lineam,
3460 4815 3555 4855 su-

1965 4899 2264 4970 perﬁciem,
2290 4913 2512 4968 corpus,
2544 4906 2758 4969 tempus
2783 4906 2839 4951 et
2869 4896 3069 4952 locum.
3097 4894 3231 4951 Cum
3260 4893 3407 4949 enim
3440 4893 3554 4948 haec

1964 4989 2305 5046 solummodo
2331 4998 2594 5060 quantum
2623 4988 2911 5057 recipiant,
2940 4988 3210 5042 undenam
3237 4999 3333 5040 vos
3360 4983 3553 5055 majori

1966 5092 2027 5138 et"
2067 5081 2263 5136 minori
2308 5090 2569 5151 quantum
2618 5079 2887 5144 tribuitis,
2933 5092 3055 5132 cum
3097 5075 3421 5132 Aristoteles
3465 5074 3553 5130 illa

1968 5173 2068 5228 sub
2099 5173 2203 5226 alio
2235 5188 2435 5243 genere
2462 5170 2898 5228 collocet?Cum
2930 5170 3096 5241 igitur
3124 5183 3219 5224 vos
3251 5168 3475 5238 majoris
3500 5178 3569 5222 et

1970 5265 2197 5320 minoris
2228 5264 2489 5320 rationem
2522 5263 2943 5333 investigantes,
2981 5260 3233 5329 imperite
3263 5261 3327 5313 ad
3360 5258 3557 5314 similis

1969 5365 2024 5409 et
2053 5354 2333 5409 dissimilis
2362 5352 2827 5423 comparationem
2856 5350 3232 5416 devolvimini,
3258 5348 3509 5405 dicentes
3539 5368 3553 5405 :

1973 5445 2029 5501 Si
2075 5447 2245 5503 Filius
2287 5446 2468 5502 minor
2507 5456 2592 5501 est
2632 5444 2814 5510 Patre,
2857 5458 2988 5515 ergo
3026 5443 3193 5498 etiam
3236 5442 3557 5504 dissimilis;

1970 5544 2190 5614 gravius
2218 5540 2401 5595 statim
2430 5539 2649 5605 erratis,
2678 5537 2850 5607 majus
2879 5546 2933 5589 et
2966 5537 3147 5590 minus
3176 5534 3243 5588 ad
3274 5532 3522 5604 quantita
3542 5563 3556 5572 -

1973 5642 2079 5687 tem
2125 5629 2455 5694 referentes,
2498 5643 2621 5684 cum
2662 5626 2843 5682 dicitis
2884 5644 2897 5681 :
2942 5625 2998 5680 Si
3042 5624 3211 5680 Filius
3253 5635 3338 5680 est
3382 5624 3558 5679 minor

1972 5723 2155 5789 Patre,
2192 5736 2322 5791 ergo
2364 5735 2469 5775 non
2510 5719 2751 5789 aequalis,
2795 5733 2968 5789 neque
3013 5727 3211 5773 tantus.
3254 5718 3389 5773 Cum
3429 5733 3557 5773 vero

1976 5830 2130 5871 mens
2156 5814 2308 5870 vobis
2337 5812 2479 5867 nulla
2511 5826 2577 5867 ex
2608 5820 2763 5881 parte
2795 5827 2926 5868 sana
2958 5812 3049 5880 sit,
3082 5811 3263 5867 inanis
3296 5810 3460 5866 etiam
3492 5823 3558 5865 ac

1976 5924 2112 5967 vana
2146 5917 2231 5965 cst
2260 5914 2436 5963 vestra
2468 5903 2783 5975 propositio.
