4012 6338
517 488 619 543 ιιτ

1498 489 1553 545 S.
1594 486 1874 545 CYRILLI
1911 484 2379 542 ALEXANDRINI
2417 485 2735 543 ARCHlEP.

3652 492 3758 551 με

517 607 819 681 ιγκλήματι
848 606 1205 681 περιπίπτετε
1241 606 1381 661 κατὰ
1425 606 1517 659 τοῦ
1554 604 1796 676 μείζονος
1833 605 1926 659 καὶ
1952 605 2045 660 τοῦ
2086 603 2367 669 ἐλάττονος
2404 606 2466 660 τὸ
2491 605 2655 661 ποσὸν
2680 604 2941 675 τιθέντες,
2980 608 3110 662 ὅταν
3140 606 3365 681 λέγητε·
3413 611 3476 664 El
3520 611 3755 665 ἐλάττων

516 706 661 758 ἐστὶν
686 704 717 757 ὁ
745 701 871 766 Υἱὸς
898 702 991 756 τοῦ
1032 704 1263 776 Πατρὸς,
1295 702 1394 757 οὐκ
1436 702 1550 765 ἴσος
1595 703 1725 774 ἄρα.
1752 702 1872 757 οὐδε
1927 699 2197 767 τοσοῦτος.
2219 702 2531 774 Οὑδαμάθεν
2593 703 2640 756 δ’
2663 703 2793 775 ὑμῖν
2840 702 3171 771 ὑγιαίνοντος
3233 700 3325 757 τοῦ
3347 702 3526 772 λόγου,
3553 702 3755 773 ματαία

516 794 736 859 πάντως
759 794 874 848 ἐστὶ
904 794 997 847 καὶ
1026 793 1250 865 [κούφη]
1277 796 1308 865 ἡ
1340 795 1624 866 πρὸτασις.

1191 910 1404 967 ALIUD
2104 896 2151 950 Α

520 1021 719 1076 Doctus
760 1021 1205 1091 nod,pr0posilo
1250 1021 1450 1091 majore
1487 1032 1534 1075 et
1580 1022 1801 1086 minore,
1843 1022 2078 1088 imperite

586 1039 719 1076 tctus
760 1037 1205 1091 uoa,proposrto
1250 1037 1333 1075 uta
1396 1037 1450 1075 re
1487 1037 1534 1075 et
1580 1037 1801 1086 minore,
1843 1037 2078 1088 imperas

586 1094 866 1165 admodum
892 1037 1527 1165 ἦιιιτᾳιιαιίιαιίηρῗαιιιν,
1556 1108 1674 1165 sum
1692 1091 1850 1160 juxta
1876 1091 2078 1146 Aristo-

587 1162 700 1215 telis
730 1160 1061 1228 disciplinam
1091 1159 1317 1221 alterius
1342 1160 1408 1215 sit
1437 1162 1661 1230 generis.

586 1336 814 1393 Nomina
853 1351 976 1407 quae
1009 1338 1075 1392 ad
1115 1334 1319 1406 aliquid
1354 1344 1515 1404 sunt,
1553 1345 1714 1405 atque
1752 1336 1827 1391 ita
1864 1337 1932 1394 ab
1974 1337 2079 1393 illis

515 1436 797 1494 vocantur,
821 1441 943 1483 cum
967 1428 1287 1483 Aristoteles
1312 1428 1534 1497 hujusce
1559 1428 1694 1482 artis
1720 1428 1971 1485 inventor
1984 1445 2079 1484 ex-

516 1521 700 1589 plicat,
727 1520 801 1574 ita
829 1518 1015 1573 deﬁnit
1043 1537 1057 1574 :
1089 1520 1167 1573 Ad
1194 1519 1417 1590 aliquid,
1446 1520 1643 1590 inquit,
1673 1530 1935 1575 vocantur
1958 1537 2078 1592 quae

514 1608 567 1661 id
596 1607 768 1677 ipsum
792 1606 935 1677 quod
960 1615 1116 1672 sunt,
1139 1607 1367 1662 aliorum
1390 1620 1510 1664 esse
1534 1608 1803 1674 dicuntur,
1831 1619 1923 1665 aut
1947 1626 2079 1681 quo-

513 1699 807 1755 modulibet
832 1699 991 1754 aliter
1018 1702 1085 1753 ad
1114 1698 1257 1754 aliud
1288 1714 1305 1753 :
1335 1708 1390 1754 ut
1420 1702 1615 1772 majus,
1645 1702 1697 1757 id
1732 1704 1903 1772 ipsum
1933 1705 2079 1775 quod

513 1799 602 1845 est
633 1800 880 1859 respectu
911 1791 1134 1846 alterius
1165 1808 1285 1848 esse
1317 1793 1533 1849 dicitur.
1566 1792 1633 1849 Et
1666 1795 1908 1866 duplum,
1939 1796 2103 1866 idip-k

512 1896 631 1934 sum
664 1883 807 1951 quod
842 1892 954 1946 est,
990 1883 1216 1939 alterius
1249 1893 1331 1938 est
1366 1897 1383 1937 :
1416 1884 1645 1953 alicujus
1678 1888 1822 1941 enim
1857 1888 2075 1957 duplum

510 1973 731 2027 dicitur.
765 1973 900 2029 Cum
936 1975 1097 2045 igitur
1126 1977 1239 2030 htec
1271 1975 1341 2030 sit
1372 1990 1556 2031 eorum
1588 1977 1702 2050 89
1735 1994 1852 2048 quae
1884 1981 1949 2035 ad
1981 1980 2080 2035 ali-

510 2063 640 2130 quid
666 2074 790 2119 sunt
815 2064 1076 2133 dellnitio,
1102 2066 1285 2122 dicant
1312 2066 1467 2123 nobis
1494 2068 1577 2123 isti
1596 2109 1610 2131 ,
1638 2069 1726 2138 qui
1758 2069 1890 2125 nihil
1917 2086 2077 2141 quam

511 2156 853 2213 Aristotelem
883 2166 1125 2226 erepant,
1150 2166 1203 2213 et
1234 2159 1378 2215 illius
1401 2162 1579 2230 potius
1610 2159 1889 2230 disciplina
1917 2176 2077 2232 quam

2872 906 3073 960 AMO.

2180 1022 2476 1076 Διδὰσκον
2502 1020 2613 1087 δτι,
2649 1021 3044 1088 προκειμένου
3075 1019 3186 1073 τοῦ
3209 1019 3478 1089 μείζονος
3514 1020 3612 1074 καί
3646 1020 3755 1074 τοῦ

2251 1092 2593 1155 ἐλάττονος,
2638 1092 3007 1155 ἀπαιδεύτως
3057 1089 3125 1142 τὸ
3168 1091 3452 1159 ἀνόμοιον
3498 1090 3756 1159 εἰσφέρε-

2249 1178 2344 1215 ται
2366 1202 2380 1225 ,
2438 1161 2773 1231 ἐτεροτενὲς
2836 1160 2909 1214 ὃν
2952 1160 3103 1213 κατὰ
3154 1161 3269 1230 τὴν
3308 1162 3757 1229 Ἀριστοτέλους

2248 1230 2492 1301 τέχνην.

2248 1344 2330 1397 Td
2382 1343 2519 1416 πρός
2566 1361 2619 1398 τι
2660 1343 2851 1414 ἔχοντα
2883 1343 2993 1398 τῶν
3039 1344 3319 1415 ὀνομάτων
3352 1343 3496 1399 οὕτω
3526 1361 3587 1398 τε
3616 1342 3775 1421 παρ’,

2180 1428 2410 1493 ἐκείνοις
2434 1429 2762 1501 καλούμενα,
2788 1432 2997 1503 φανερὰ
3026 1432 3297 1486 καθιστῶν
3321 1435 3349 1487 ὁ
3376 1437 3477 1504 τῆς
3503 1432 3757 1505 τοιαύτης

2178 1522 2372 1593 τέχνης
2410 1523 2638 1594 εὑρετὴς
2672 1523 3066 1595 Ἀριστοτέλης,
3111 1521 3352 1577 τοιοῦτον
3399 1523 3620 1595 ἐκφέρει
3664 1523 3753 1577 τὸν

2178 1614 2303 1687 ὅρον
2323 1632 2339 1647 ο
2370 1613 2515 1686 Πρός
2534 1632 2587 1668 τι
2616 1614 2672 1668 δὲ
2693 1614 2762 1667 τὰ
2796 1614 3019 1668 τοιαῦτα
3051 1615 3291 1683 λέγεται,
3325 1616 3426 1669 ὅσα
3454 1616 3593 1669 αὐτὰ
3613 1614 3756 1684 ἅπερ

2180 1708 2350 1770 ἐστὶν,
2380 1707 2581 1778 ἑτέρων
2619 1699 2759 1759 εἶναι
2803 1706 3019 1775 λέγεται
3052 1706 3083 1776 ἢ
3120 1705 3371 1759 ὁπωσοῦν
3406 1704 3581 1767 ἄλλως
3621 1704 3757 1772 πρὸς

2178 1796 2398 1868 ἕτερον·
2433 1790 2543 1849 οἷον
2593 1794 2654 1847 τὸ
2697 1794 2880 1864 μεῖζον
2927 1793 3073 1847 τοῦθ’
3098 1794 3234 1863 ὅπερ
3266 1792 3413 1844 ἐστὶν
3448 1789 3633 1859 ἑτέρου
3672 1787 3759 1839 λέ-

2180 1905 2357 1955 γεται.
2385 1886 2495 1940 Καὶ
2537 1887 2598 1939 τὸ
2639 1885 2923 1939 διπλάσιον
2970 1885 3158 1954 ἐτέρου
3210 1884 3426 1950 λέγεται
3456 1879 3601 1933 τοῦθ’
3620 1880 3759 1949 ὅπερ

2181 1978 2297 2031 ἔστί
2316 1993 2330 2008 ·
2357 1976 2499 2040 τινὸς
2524 1977 2632 2047 γάρ
2659 1977 2939 2031 διπλάσιον
2976 1975 3217 2044 λέγεται.
3240 1972 3442 2027 Τοῦτον
3468 1969 3760 2041 τοιγαροῦν

2182 2069 2411 2140 ἐχόντων
2436 2068 2545 2121 τῶν
2573 2068 2707 2137 πρός
2736 2086 2787 2121 τι
2830 2067 2922 2121 τὸν
2966 2070 3109 2138 ὅρον,
3146 2068 3510 2121 δεικνύτωσαν
3544 2065 3675 2134 ἡμῖν
3706 2060 3759 2115 οἱ

2179 2161 2281 2231 τὴν
2314 2159 2715 2231 Ἀριστοτέλους
2740 2159 3089 2231 ἐρευγόμενοι
3115 2158 3329 2229 τέχνην,
3360 2155 3452 2209 καὶ
3478 2156 3589 2218 τοῖς
3614 2154 3759 2206 ὲκεϊο

510 2266 787 2306 sacrarum
832 2250 1238 2321 Scripturarum
1282 2254 1589 2325 cognitione
1627 2268 1749 2311 sese
1784 2255 2071 2323 iactitant,

2181 2253 2267 2306 θεν
2295 2252 2632 2325 μαθήμασιν,
2661 2252 2721 2306 οὐ
2755 2256 2867 2316 τοῖς
2908 2252 3017 2305 ἀπὸ
3044 2252 3143 2320 τῆς
3182 2250 3333 2313 θείας
3370 2248 3596 2319 Γραφῆς
3638 2247 3772 2299 ἐαυ-

508 2358 577 2395 an
611 2342 790 2397 simile
830 2343 883 2397 id
916 2342 1090 2413 ipsum
1138 2344 1280 2413 quod
1308 2355 1393 2400 est
1436 2345 1659 2401 alterius
1688 2346 1786 2413 sit,
1822 2347 2078 2416 quemad-

511 2433 726 2488 modum
775 2435 948 2505 majus
990 2444 1044 2490 et
1092 2435 1331 2507 duplum.
1380 2438 1681 2508 Opponitur
1719 2442 1863 2495 enim
1912 2440 2075 2496 simili

507 2522 793 2588 dissimile,
815 2525 957 2580 sicut
981 2525 1191 2593 majori,
1218 2528 1421 2595 minus;
1450 2530 1542 2583 sed
1572 2546 1675 2584 non
1701 2534 1887 2586 eodem
1917 2534 2078 2587 modo

506 2624 673 2683 atque
698 2615 925 2671 ratione.
954 2616 1123 2687 Majas
1150 2618 1294 2673 enim
1330 2620 1527 2675 dicitur
1555 2631 1614 2675 ut
1643 2622 1848 2677 minore
1879 2624 2072 2694 majus.

509 2701 697 2759 Simile
724 2714 903 2759 autem
934 2721 1213 2777 nunquam
1244 2708 1490 2765 dissimili
1523 2712 1695 2781 majus
1722 2715 1955 2778 dicitur,
1984 2730 2078 2770 ne-

506 2807 612 2861 que
642 2796 1092 2864 quemadmodum
1122 2796 1315 2869 majus,
1345 2801 1439 2869 qui
1468 2804 1773 2871 oppositum
1800 2819 1956 2857 suum
1986 2822 2076 2859 su-

508 2892 691 2951 perat,
733 2893 816 2940 est
863 2885 913 2940 id
956 2889 1099 2955 quod
1145 2904 1267 2945 esse
1310 2890 1541 2958 dicitur;
1586 2892 1659 2946 ita
1699 2894 1906 2957 simile,
1947 2898 2073 2963 quia

506 2972 681 3041 majus
715 2984 799 3029 est
833 2975 1119 3044 dissimili,
1152 2979 1257 3034 hoc
1289 2983 1432 3050 quod
1467 2994 1551 3039 est
1582 2999 1705 3039 esse
1738 2988 2069 3042 censebitur.

510 3065 712 3121 Diversi
752 3067 917 3138 igitur
949 3071 1164 3140 generis
1202 3087 1422 3142 prorsus
1456 3085 1516 3131 ut
1552 3077 1661 3131 sint
1697 3093 1918 3133 necesse
1956 3091 2075 3145 est,

505 3172 629 3223 quae
649 3158 895 3214 eamdem
923 3160 1240 3219 divisionem
1266 3165 1740 3239 deliuitiouemque
1769 3184 1871 3224 uou
1901 3174 2074 3227 susci-

505 3258 673 3315 ptum.

1179 3369 1404 3424 ALIUD.

576 3471 803 3529 Nomina
833 3489 954 3545 qua:
983 3479 1048 3533 ad
1080 3479 1280 3552 aliquid
1313 3493 1470 3548 sunt,
1506 3496 1596 3540 aut
1627 3504 1949 3558 quacunque
1977 3506 2070 3544 ra-

2176 2345 2301 2407 τοὺς
2349 2343 2839 2414 ἀποσεμνύνοντες,
2869 2342 2917 2394 εί
2966 2342 3060 2395 καὶ
3108 2340 3169 2392 τὸ
3218 2340 3402 2409 ὅμοιον
3447 2335 3591 2389 τοῦθ’
3620 2335 3759 2403 ὅπερ

2176 2438 2325 2491 ἐστὶν
2363 2437 2548 2507 ἐτέρου
2579 2436 2817 2504 λέγεται,
2848 2434 3101 2505 καθάπερ
3132 2433 3224 2485 καί
3256 2431 3316 2485 τὸ
3345 2430 3528 2501 μεῖζον
3569 2427 3662 2482 καὶ
3697 2427 3759 2480 τὸ

2175 2531 2475 2584 διπλάσιον.
2492 2528 2815 2583 ’Λντίκειται
2850 2527 2949 2598 μὲν
2972 2526 3080 2596 γάρ
3101 2525 3180 2595 τῷ
3203 2524 3375 2594 ὁμοίῳ
3396 2521 3459 2573 τὸ
3482 2519 3757 2590 ἀνόμοιον,

2176 2622 2363 2692 ὥσπερ
2396 2621 2491 2674 καὶ
2534 2619 2613 2690 τῷ
2653 2618 2861 2690 μείζονι
2893 2617 2954 2671 τὸ
3002 2617 3247 2675 ἔλαττον,
3292 2612 3407 2665 ἀλλ’
3438 2610 3537 2680 οὐχ
3583 2608 3757 2671 οὕτως

2176 2713 2293 2766 οὐδὲ
2328 2711 2611 2775 ὡσαύτως.
2641 2711 2715 2764 Τὸ
2752 2711 2851 2781 μὲν
2876 2709 2984 2780 γὰρ
3012 2709 3195 2779 μεῖζον
3225 2707 3300 2770 ὡς
3325 2705 3606 2767 ἐλάττονος
3641 2700 3764 2772 μετ-

2175 2804 2267 2868 ζον
2296 2804 2532 2871 λέγεται.
2561 2803 2634 2856 Τὸ
2660 2802 2717 2855 δὲ
2742 2804 2927 2870 ὅμοιον
2956 2801 3057 2853 οὐκ
3088 2799 3157 2853 ἂν
3188 2799 3264 2862 ὼς
3292 2796 3548 2867 ἀνομοίου
3573 2794 3760 2865 μεῖζον

2173 2892 2390 2963 λεχθείη
2427 2892 2581 2957 ποτὲ,
2626 2891 2744 2945 οὐδὲ
2766 2892 2954 2959 ὥσπερ
2980 2890 3039 2942 τὸ
3065 2889 3248 2957 μεῖζον
3272 2887 3359 2940 διὰ
3384 2886 3443 2940 τὸ
3465 2885 3760 2955 ὑπερέχειν

2175 2983 2267 3037 τοῦ
2333 2982 2709 3052 ἀντικειμένου
2746 2981 2906 3035 τοῦτό
2945 2982 3095 3034 ἐστιν
3139 2981 3277 3050 ὅπερ
3319 2976 3459 3030 εἶναι
3501 2977 3754 3045 λέγεταιο

2173 3073 2315 3129 οὕτω
2342 3074 2435 3128 καὶ
2472 3074 2533 3127 τὸ
2570 3076 2754 3145 ὅμοιον
2789 3073 2876 3127 διὰ
2916 3074 2976 3126 τὸ
3019 3072 3202 3142 μεῖζον
3224 3068 3365 3125 εἶναι
3386 3070 3478 3124 τοῦ
3502 3067 3759 3141 ἀνομοίου

2173 3164 2497 3234 νοηθήσεται
2540 3164 2713 3218 τοῦτο.
2740 3162 2947 3217 Οὐκοῦν
2971 3163 3258 3235 ἑτερογενῆ
3282 3162 3496 3225 πάντως
3514 3160 3666 3213 ἔσται
3688 3160 3762 3218 τά

2172 3257 2269 3328 τὴν
2293 3257 2463 3327 αὐτὴν
2483 3255 2745 3326 διαίρεσίν
2766 3273 2825 3309 τε
2848 3257 2941 3311 καὶ
2966 3258 3090 3326 ὅρον
3113 3257 3213 3308 οὐκ
3238 3254 3623 3324 ἐπιδεχόμενα.

2869 3370 3075 3422 ΑΛΛΟ.

2242 3480 2322 3533 Τὰ
2359 3481 2494 3551 πρός
2531 3498 2583 3534 τι
2622 3479 2812 3550 ἔχοντα
2847 3480 2956 3533 τῶν
2999 3479 3359 3549 ὀνομάτων,ῆ
3404 3479 3497 3531 καὶ
3524 3478 3669 3540 ὅπως
3691 3478 3755 3548 δή

503 3566 651 3622 tione
679 3579 924 3639 respectu
956 3570 1178 3628 alterius
1210 3574 1481 3641 dicuntur,
1512 3579 1673 3634 simul
1708 3592 1758 3635 et
1790 3583 2064 3638 intellectu

2181 3568 2401 3625 ποτόὗν
2441 3572 2575 3643 πρὸς
2616 3572 2801 3642 ἕτερόν
2843 3590 2895 3624 τι
2935 3572 3225 3641 λεγόμενα,
3251 3572 3368 3640 ἅμα
3410 3572 3527 3622 ἐστὶ
3559 3570 3653 3623 καὶ
3686 3574 3755 3641 τῇ

502 3668 557 3712 et
590 3670 778 3715 natura
814 3672 971 3727 sunt,
1011 3673 1069 3719 ut
1107 3668 1339 3737 exempli
1376 3670 1580 3738 gratia,
1619 3674 1835 3743 tlttplum
1870 3684 1922 3729 et
1959 3692 2071 3728 ma-

502 3765 689 3817 gnum.
720 3752 947 3823 Duplum
976 3756 1117 3811 enim
1146 3758 1369 3814 omnino
1395 3775 1573 3816 secum
1606 3764 1808 3817 inducit
1836 3766 1885 3818 id
1916 3766 2071 3834 cujus

496 3850 585 3894 est
610 3843 850 3912 duplum,
876 3854 929 3901 et
956 3862 1208 3918 magnum
1237 3864 1416 3905 secum
1445 3854 1606 3907 etiam
1636 3854 1793 3909 aﬂ'ert
1821 3872 2068 3925 parvum,

499 3934 658 4001 cujus
692 3941 1093 4006 comparatione
1129 3950 1213 3996 est
1251 3958 1522 4014 magnum.
1562 3945 1747 4014 Neque
1784 3949 1927 4001 enim
1964 3950 2071 4003 erit

502 4028 720 4099 duplum
748 4045 852 4085 non
882 4032 1177 4087 exsistcnte
1205 4036 1380 4089 medio
1408 4054 1421 4090 :
1451 4052 1625 4105 neque
1655 4054 1904 4109 magnum
1925 4082 1937 4103 ,
1966 4043 2068 4095 nisi

502 4126 771 4173 statuatur
790 4119 1005 4189 aliquod
1028 4138 1271 4191 parvum.
1299 4123 1422 4179 Haec
1448 4135 1529 4179 est
1558 4126 1719 4196 igitur
1740 4142 1923 4183 eorum
1950 4146 2068 4199 qua:

503 4209 571 4263 ad
604 4209 807 4279 aliquid
839 4220 963 4265 sunt
996 4212 1267 4279 deﬁnitio;
1307 4214 1483 4269 simile
1512 4230 1639 4270 vero
1677 4232 1781 4271 n0u
1820 4234 2071 4274 necessa-

501 4301 583 4357 rio
628 4316 732 4355 una
774 4316 896 4357 cum
940 4303 1187 4359 dissimili
1236 4305 1576 4375 intelligitur,
1616 4312 2065 4377 quemadmodum

502 4392 622 4456 illa,
656 4392 798 4449 sicut
829 4408 1004 4463 neque
1030 4393 1235 4461 justum
1270 4410 1389 4450 cum
1432 4396 1655 4463 injusto,
1691 4414 1863 4467 neque
1899 4402 2067 4454 virtus

499 4500 623 4539 cum
660 4486 812 4540 vitio.
850 4485 981 4539 Nam
1028 4485 1289 4553 ejusmodi
1332 4487 1662 4557 privatioues
1705 4492 1880 4559 potius
1922 4504 2065 4559 sunt,

500 4587 557 4633 et
583 4592 771 4633 eorum
800 4592 918 4647 qua:
950 4580 1003 4633 in
1038 4580 1221 4635 habitu
1253 4580 1550 4635 consistunt
1583 4586 1904 4637 mutationes
1926 4627 1939 4649 ,
1974 4604 2066 4641 ne-

500 4681 605 4736 que
638 4670 1085 4739 quemadmodum
1122 4686 1182 4725 ea
1219 4687 1339 4739 qum
1372 4674 1437 4727 ad
1477 4674 1678 4743 aliquid
1717 4686 1866 4741 sunt,
1905 4677 2065 4731 simul

499 4778 623 4816 eum
658 4761 771 4815 suis
804 4762 1063 4830 oppositis
1099 4762 1489 4836 intelliguntur.
1522 4768 1729 4823 Similis
1765 4771 1905 4822 enim
1948 4787 2065 4824 mll-

501 4852 631 4907 ta'io
662 4849 903 4921 quaedam
935 4863 1018 4907 est
1048 4854 1336 4919 dissimile,
1364 4854 1588 4923 justitiae
1614 4874 1743 4913 vero
1778 4860 2059 4928 injustitia.

2176 3664 2357 3734 νοήσει
2396 3664 2487 3715 καὶ
2524 3666 2587 3734 τῇ
2630 3663 2823 3733 φύσει·
2868 3658 2979 3716 οἷον
3003 3664 3133 3735 φέρε
3176 3665 3369 3726 εἰπεῖν,
3395 3663 3454 3715 τὸ
3476 3663 3756 3715 διπλάσιον

2177 3755 2268 3806 καὶ
2314 3753 2373 3805 τὸ
2415 3753 2673 3828 μέγαηΤὺ
2716 3754 2814 3824 μὲν
2857 3756 2967 3826 γὰρ
3014 3754 3312 3813 διπλάσιον,
3341 3756 3755 3825 συνεισφέρειτι

2177 3843 2391 3904 πάντως
2433 3843 2609 3911 ἑαυτῷ
2652 3836 2713 3895 οὗ
2755 3845 2848 3896 καὶ
2889 3846 3001 3895 ἐστί
3045 3844 3343 3909 διπλάσιον,
3371 3846 3465 3897 καὶ
3509 3844 3567 3896 τὸ
3612 3844 3755 3913 μέγα

2178 3933 2497 3985 συνεισοίσει
2537 3934 2753 3997 πάντως
2797 3934 2975 4004 ἑαυτῷ
2999 3935 3059 3987 τὸ
3094 3935 3288 4006 μικρὸν
3320 3936 3455 4005 πρὸς
3481 3936 3508 3987 ὃ
3540 3936 3635 3988 καὶ
3667 3934 3756 3988 λέ-

2177 4036 2329 4089 γεται
2364 4022 2523 4091 μέγα.
2561 4023 2635 4074 Οὐ
2665 4022 2773 4093 γὰρ
2808 4024 2871 4075 ἂν
2917 4025 3000 4093 εἴη
3052 4024 3350 4087 διπλάσιον,
3383 4025 3607 4094 ἡμίσεος
3651 4026 3754 4078 οὐκ

2175 4114 2347 4179 ὄντος,
2382 4114 2495 4166 ἀλλ’
2522 4114 2641 4167 οὐδὲ
2684 4115 2844 4184 μέγα,
2885 4117 3080 4186 μικροῦ
3129 4116 3202 4188 μὴ
3253 4118 3539 4187 νοουμένου
3586 4119 3749 4180 τινός.

2175 4206 2255 4259 Τὰ
2292 4206 2388 4276 μὲν
2419 4202 2510 4258 οὖν
2546 4207 2681 4276 πρός
2728 4225 2778 4258 τι
2808 4207 2992 4260 τοῦτον
3040 4208 3150 4279 ἔχει
3193 4212 3283 4265 τὸν
3330 4211 3483 4279 ὃρον’
3513 4210 3573 4262 τὸ
3600 4208 3655 4261 δέ
3685 4224 3750 4276 γε

2174 4298 2358 4368 ὅμοιον
2407 4300 2505 4351 οὐκ
2556 4300 2615 4365 ἐξ
2662 4298 2909 4370 ἀνάγκης
2954 4300 3069 4369 ἅμα
3116 4301 3191 4372 τῷ
3247 4302 3479 4371 ἀνομοίῳ
3525 4303 3747 4361 νοεῖται,

2176 4393 2427 4463 καθάπερ
2472 4394 2719 4447 κάκεῖνα·
2758 4393 2945 4465 ὥσπερ
2983 4396 3100 4449 οὐδὲ
3145 4396 3207 4447 τὸ
3257 4397 3462 4449 δίκαιον
3511 4395 3624 4465 ἅμα
3671 4394 3749 4463 τῷ

2174 4484 2363 4554 ἀδίκῳ,
2404 4486 2521 4539 οὐδὲ
2562 4488 2592 4555 ἡ
2644 4488 2810 4558 ἀρετὴ
2864 4488 2974 4557 ἅμα
3021 4492 3086 4558 τῇ
3139 4489 3326 4559 κακίᾳ.
3359 4490 3441 4541 Τὰ
3494 4489 3591 4557 μὲν
3640 4489 3748 4561 γὰρ

2172 4577 2392 4630 τοιαῦτα
2424 4580 2705 4649 στερήσεις
2742 4581 2938 4649 μᾶλλον
2969 4584 3072 4634 εἰσι
3121 4583 3214 4632 καὶ
3258 4581 3521 4651 ἐκτροπαὶ
3550 4580 3655 4632 τῶν
3689 4582 3748 4633 ὲν

2172 4668 2281 4735 ἕξει
2310 4672 2597 4739 κειμένων,
2621 4671 2680 4722 οὐ
2717 4671 3162 4743 συνεισφέρεσθαι
3198 4674 3411 4734 πάντως
3442 4673 3743 4741 ὀφείλοντα,

2172 4761 2421 4830 καθάπερ
2452 4763 2542 4815 καὶ
2574 4763 2800 4815 ἐπὶτῶν
2843 4765 2976 4835 πρός
3021 4782 3072 4818 τι
3121 4764 3188 4816 τὰ
3236 4764 3603 4833 ἀντικείμενα.
3637 4764 3745 4818 Τοῦ

2173 4852 2273 4922 μὲν
2303 4852 2409 4923 γάρ
2440 4852 2623 4922 ὁμοίου
2654 4854 2892 4923 ἐκτροπή
2926 4854 3005 4917 τίς
3035 4856 3149 4906 ἐστι
3179 4856 3237 4905 τὸ
3265 4854 3535 4924 ἀνόμοιον,
3564 4858 3659 4925 τῆς
3687 4855 3745 4907 δὲ

497 4944 632 4999 Cum
670 4959 829 5010 vero,
868 4944 1019 5013 juxta
1064 4944 1276 4999 illorum
1317 4947 1687 5016 disciplinam,
1732 4951 2063 5019 privationes

2181 4946 2510 5015 Ξικαιοσύνης
2558 4948 2591 5015 ἡ
2636 4946 3070 5016 ἀδικία.Ἐπειδὴ
3100 4947 3177 5008 δὲ,
3212 4948 3349 4999 κατὰ
3386 4948 3482 5017 τὴν
3523 4948 3745 5000 ἐκείνων

499 5036 772 5090 ltabitibus
801 5038 909 5090 sint
938 5037 1284 5104 posteriores,
1318 5052 1423 5093 non
1454 5042 1559 5092 erit
1590 5039 1771 5111 itaque
1800 5043 2065 5098 dissimile

500 5142 566 5180 cx
594 5126 663 5181 iis
688 5142 807 5199 qua:
833 5143 935 5182 una
966 5129 1357 5200 intelliguntur,
1384 5145 1507 5185 cum
1538 5136 1714 5201 potius
1738 5137 1808 5190 sit
1836 5136 2065 5205 privatio

499 5227 555 5272 et
586 5218 812 5275 mutatio
841 5219 1050 5276 similis.

1172 5335 1393 5392 ALIUD.

569 5442 853 5497 Nominum
883 5459 1001 5514 qua!
1027 5446 1093 5499 ad
1126 5447 1323 5516 aliquid
1351 5461 1507 5515 sunt,
1536 5452 1763 5506 alterum
1796 5455 2055 5524 quodam-

502 5535 661 5588 modo
693 5534 743 5587 in
779 5533 947 5589 altero
974 5548 1093 5591 esse
1120 5553 1277 5592 suum
1310 5540 1490 5607 habet,
1522 5553 1575 5595 ct
1605 5548 1815 5599 sublato
1848 5564 1950 5601 uno
1981 5549 2057 5601 al-

503 5634 673 5677 terunt
712 5628 873 5680 etiam
914 5627 1117 5683 interit.
1156 5630 1614 5696 Quemadmodum
1655 5638 1815 5705 igitur
1851 5640 2060 5694 sublato

504 5716 726 5785 majore,
774 5718 975 5772 tollitur
1014 5720 1174 5773 etiam
1222 5723 1427 5788 minus;
1477 5742 1648 5795 neque
1692 5730 1834 5782 enim
1884 5732 2059 5785 minus

2165 5038 2381 5107 τέχνην,
2415 5038 2471 5088 αἱ
2502 5038 2783 5108 στερήσεις
2816 5039 2921 5089 τῶν
2952 5037 3115 5101 ἕξεων
3143 5037 3411 5108 δεύτεραι,
3437 5039 3536 5090 οὑκ
3566 5038 3630 5091 ἂν
3656 5032 3743 5109 εἴη

2165 5129 2273 5182 τῶν
2312 5130 2427 5197 ἄμα
2462 5129 2761 5195 νοουμένων
2814 5129 2873 5182 τὸ
2903 5131 3171 5200 ἀνόμοιον,
3210 5131 3461 5200 στέρησις
3509 5132 3601 5183 κα)⁸
3648 5132 3743 5182 ὲκ-

2160 5218 2342 5288 τροπὴ
2376 5217 2469 5269 τοῦ
2507 5217 2689 5287 ὁμοίου
2724 5220 3009 5287 τυγχάνον.

2853 5338 3056 5391 AAAO.

2243 5456 2323 5507 Td
2359 5455 2491 5523 πρός
2522 5471 2573 5506 τι
2601 5454 2790 5523 ἔχοντα
2825 5455 2933 5508 τῶν
2962 5455 3240 5525 ὀνομάτων
3270 5451 3379 5509 οἷον
3408 5457 3463 5509 ὲν
3491 5457 3741 5527 ἀλλήλοις

2165 5546 2277 5618 ἔχει
2304 5546 2364 5599 τὸ
2392 5542 2549 5608 εἶναι,
2604 5545 2696 5598 καὶ
2719 5547 2835 5609 ἑνὸς
2866 5547 3241 5618 ἀναιρεθέντος
3266 5550 3364 5601 οὐκ
3388 5549 3503 5602 ἐστι
3532 5550 3595 5603 τὸ
3620 5552 3741 5603 δεύο

2165 5654 2344 5707 τερον.
2372 5637 2583 5707 Ὥσπερ
2627 5632 2721 5690 οὖν
2765 5638 2857 5691 καὶ
2903 5639 3282 5706 ἀναιρεθέντος
3326 5643 3419 5695 τοῦ
3472 5642 3735 5711 μείζονος,

2166 5730 2570 5798 συναναιρεῖται
2595 5728 2812 5793 παντως
2831 5730 2890 5783 τὸ
2917 5730 3135 5784 ἔλαττον
3156 5749 3169 5761 ·
3202 5734 3262 5784 οὐ
3292 5734 3398 5804 γὰρ
3428 5733 3492 5789 ἂν
3519 5734 3739 5789 ἔλαττον

503 5805 705 5874 aliquid
751 5804 933 5873 fuerit,
976 5809 1077 5864 nisi
1120 5812 1345 5866 exsistat
1388 5815 1577 5885 majus,
1619 5817 1767 5885 cujus
1814 5832 2058 5887 respectu

2181 5820 2246 5888 ιῖη
2283 5838 2356 5881 τι,
2398 5821 2471 5891 μὴ
2505 5822 2655 5885 δντος
2694 5823 2953 5891 μείζονος,
2992 5818 3051 5877 οὗ
3085 5825 3179 5876 καὶ
3209 5824 3355 5877 ἔστιν
3400 5826 3639 5880 ἔλαττον.
3675 5828 3736 5880 Εἰ

504 5897 685 5952 minus
711 5907 809 5953 cst.
839 5897 893 5952 Si
922 5913 1047 5968 crgo
1076 5901 1246 5959 simile
1274 5903 1507 5973 ejusdem
1548 5911 1758 5977 generis
1787 5928 1903 5966 ωδε
1932 5929 2051 5967 «sum

2161 5913 2336 5965 τοίνυν
2367 5914 2621 5982 ὁμογενὲς
2645 5910 2778 5970 εἷναί
2802 5933 2933 5985 φατε
2966 5919 3075 5979 τοῖς
3098 5919 3228 5987 πρός
3253 5937 3302 5971 τι
3332 5921 3419 5973 καὶ
3450 5920 3505 5972 τὸ
3529 5921 3730 5985 ὅμοιον.
