4012 6338
276 441 371 499 τις

1686 408 2132 470 TBESAURUS.

3430 401 3530 456 150

275 557 550 629 ἀναιρεθὲν
579 553 763 619 αὐτὸν,
797 547 1185 622 συναναιρείτω
1209 544 1270 598 rb
1309 543 1580 614 ἀνόμοιον,
1616 537 1711 592 καὶ
1737 554 1858 591 συν-

1980 525 2273 583 iominibus
2300 537 2421 596 qua:
2443 523 2515 580 ad
2544 520 2748 593 aliquid
2776 529 2904 576 sunt
2934 517 3189 586 censetis,
3215 515 3429 574 sublato
3459 523 3531 576 si-

275 649 596 722 αναιρείσθω
649 647 814 702 πάλιν
867 643 1082 712 ἐκείνῳ.
1118 639 1256 692 Ἀλλ’
1305 635 1364 689 οὐ
1422 633 1846 722 συναναιρεῖται,

276 721 530 813 οῦδὲίμὴν
557 740 800 810 ἀναιρεῖ·
843 736 994 799 ὄντος
1023 734 1131 804 γάρ
1161 747 1306 792 τινος
1348 726 1657 797 ἀνθρώπου,
1688 721 1850 792 τυχὸν

276 840 424 894 ἕσται
454 855 508 892 τι
534 835 595 890 rb
618 833 868 904 ἀνόμοιον
897 826 1045 898 αὐτῷ
1067 845 1079 856 ·
1101 826 1196 878 καὶ
1228 819 1606 892 ἀναιρεθέντος
1638 815 1733 871 τοῦ
1766 816 1852 869 ἀν-

277 931 485 1004 ομοίου,
515 930 576 983 οὐ
608 924 1011 995 συναναιρεῖται
1051 919 1110 973 rb
1144 917 1227 980 δν,
1257 915 1535 970 τουτέστιν
1563 913 1592 966 ὁ
1637 910 1853 1004 ἀνθρωο

276 1001 394 1088 ὡς,
429 1016 491 1077 οὗ
524 1021 620 1075 καὶ
647 1019 871 1088 γέγονεν
895 1014 1148 1083 ἀνόμοιον
1175 1009 1236 1062 rb
1260 1005 1566 1077 ἀναιρεθὲν.
1601 1003 1715 1056 Οὐκ
1743 1001 1853 1072 ἄρα

273 1089 382 1171 τῶν
426 1116 565 1187 πρὸς
597 1111 799 1182 ἄλληλα
845 1105 1152 1178 λεγομένων
1184 1102 1244 1156 rb
1284 1102 1468 1172 ὅμοιον
1506 1097 1599 1151 καὶ
1647 1095 1709 1148 rb
1759 1094 1859 1186 ἀν-

276 1205 478 1277 όμοιον.

959 1310 1162 1364 ΑΛΛΟ.

355 1429 480 1485 Ἐπὶ
519 1428 614 1482 τοῦ
647 1426 830 1498 ὁμοίου
880 1424 975 1480 καὶ
1002 1425 1103 1494 τῆς
1129 1420 1332 1494 ἀρετῆς
1359 1419 1452 1474 καὶ
1479 1417 1588 1471 τῶν
1617 1416 1853 1470 ἀντικει-

278 1518 453 1590 μένων
497 1517 708 1581 τούτοις
743 1515 984 1586 χωρήσει
1022 1511 1084 1565 rb
1131 1510 1336 1582 μᾶλλον
1374 1507 1469 1560 καὶ
1501 1501 1854 1577 ἧττον.Ἔσ.τι

275 1611 383 1681 γὰρ
427 1611 603 1662 είπεῖν
645 1609 707 1662 οὐ
750 1607 1079 1677 ψευδόμενον
1111 1602 1260 1656 τόνδε
1306 1600 1428 1654 τινὰ
1473 1597 1636 1667 τυχὸν
1669 1597 1852 1665 ὅμοιον

275 1701 428 1772 τῷδε,
448 1700 543 1754 καὶ
569 1693 731 1773 ἦττον
759 1697 792 1769 ἢ
827 1696 1026 1767 μᾶλλον
1051 1696 1254 1765 ὅμοιον,
1277 1693 1367 1746 καὶ
1394 1690 1594 1763 μᾶλλον
1621 1688 1850 1748 δίκαιον,

277 1793 368 1846 καὶ
399 1791 607 1845 δίκαιον
640 1785 822 1862 ἦττον.
842 1789 964 1842 Ἐπὶ
999 1787 1098 1858 μέν
1143 1803 1224 1838 τοι
1275 1783 1369 1837 τοῦ
1421 1782 1664 1852 μείζονος
1692 1780 1724 1848 ἢ
1758 1779 1853 1831 καὶ

275 1883 365 1938 τοῦ
417 1882 716 1945 ἐλάττονος,
746 1877 1089 1939 διπλασίονός
1132 1893 1192 1929 τε
1242 1875 1334 1928 καὶ⁵
1381 1873 1628 1944 ἡμίσεος,
1661 1870 1758 1923 οὐκ
1788 1869 1853 1922 ἂν
1888 1903 1930 1957 Β

277 1976 418 2030 είποι
445 1991 554 2037 τις,
593 1973 791 2042 μᾶλλον
825 1968 1064 2041 μεῖζονῆ
1100 1967 1297 2038 μᾶλλον
1331 1962 1622 2033 ἑλαττον,ἣ
1658 1961 1856 2032 μᾶλλον

276 2059 606 2128 διπλάσιονῆ
633 2059 832 2130 μᾶλλον
857 2059 1051 2128 ἥμισυ.
1070 2056 1420 2110 Ἀνεπίδεκτα
1441 2054 1548 2124 γὰρ
1570 2053 1662 2106 τοῦ
1688 2051 1857 2105 ποσοῦ

277 2153 343 2206 τὰ
385 2155 484 2224 τῆς
526 2153 814 2221 ποιότητος
855 2151 968 2221 είδη
1004 2149 1093 2204 διὰ
1125 2149 1334 2202 πολλῶν
1364 2149 1762 2202 ἀποδέδεικται.
1795 2146 1858 2199 Ei

278 2245 452 2300 τοίνυν
477 2245 539 2300 rb
563 2246 747 2316 ὅμοιον
775 2244 868 2298 τοῦ
899 2241 1065 2297 ποσοῦ
1093 2242 1396 2314 χωρητικόν
1423 2245 1558 2305 ἐστι,
1588 2241 1680 2293 καὶ
1705 2240 1858 2309 δέχε-

279 2355 365 2391 ται
393 2337 454 2391 rb
489 2336 688 2408 μ’ῖλλον
717 2336 810 2391 καὶ
838 2336 898 2389 rb
931 2335 1172 2398 ἔλαττον,
1192 2336 1254 2388 οὐ
1276 2334 1579 2404 δεχομένων
1610 2333 1741 2386 αὐτὸ
1764 2331 1858 2385 τοῦ

281 2428 526 2498 ἡμίσεως
562 2427 660 2482 καλ⁵
691 2427 994 2493 διπλασίου,
1029 2427 1126 2496 οὐχ
1154 2425 1411 2496 ὁμογενὲς
1440 2424 1548 2495 ἀρα
1581 2426 1692 2488 τοῖς
1724 2424 1865 2495 πρός

280 2519 333 2572 τί
363 2519 532 2575 ἐστιν.

963 2633 1165 2689 ΛΑΜ).

351 2744 426 2798 Tb
457 2744 656 2816 μᾶλλον
687 2748 805 2818 ἦτοι
832 2747 894 2800 rb
921 2747 1104 2817 μεῖζον
1137 2747 1389 2810 ἐπίτασίς
1420 2748 1537 2800 ἐστι
1571 2747 1666 2801 καὶ
1701 2745 1869 2816 ὕπερ-

284 2834 410 2907 6ολή
461 2852 609 2901 τινος
652 2838 977 2908 πράγματος
1027 2838 1428 2909 οίουδηποτοῦν,
1459 2840 1560 2892 οὐκ
1611 2839 1865 2908 ἀνομοίου

285 2926 426 2990 τινὸς
472 2929 569 2981 καὶ
617 2928 996 2998 ἀντικειμένου
1046 2929 1276 3001 δήλωσιν
1325 2929 1457 3000 ἔχει.
1491 2929 1566 2982 Tb
1602 2928 1658 2982 δὲ
1682 2930 1870 3000 ὅμοιον

285 3019 382 3089 οὐχ
412 3019 607 3083 οὕτως.
636 3021 894 3092 Εἱσφὲρει
925 3021 1034 3090 γὰρ
1067 3020 1159 3074 τοῦ
1191 3022 1446 3092 ἀνομοίου
1476 3021 1572 3093 τὴν
1606 3023 1870 3093 ἔμφασιν..

291 3111 503 3176 ’Δλλως
532 3128 588 3164 τε
617 3111 694 3182 τῷ
719 3113 818 3183 μὲν
841 3114 1078 3185 ἀνομοίῳ
1109 3114 1366 3186 στέρησις
1396 3115 1698 3170 ἀκολουθεῖ.
1716 3118 1877 3171 Ἀποο

1952 620 2088 682 mili,
2132 617 2320 673 interit
2361 615 2524 670 etiam
2571 623 2628 669 et
2670 611 2954 678 dissimile,
2997 609 3266 680 simulque
3307 619 3529 678 pereant

1951 723 2171 764 necesse
2209 715 2313 764 est.
2351 705 2463 777 9o
2499 703 2605 760 Sed
2641 718 2814 774 neque
2849 701 3203 768 interimitur,
3240 717 3415 770 neque
3445 702 3533 755 in-

1951 800 2155 855 terimit
2184 818 2198 854 :
2229 813 2350 853 cum
2381 797 2525 852 enim
2561 794 2765 866 aliquid
2796 796 2868 850 sit
2898 795 3082 858 homo,
3110 792 3214 847 erit
3241 792 3402 846 etiam
3437 791 3534 845 ali-

1951 894 2077 962 quid
2108 893 2157 949 ei
2188 889 2476 954 dissimile,
2507 897 2563 944 et
2591 886 2809 944 sublato
2841 884 3116 948 dissimili,
3150 898 3258 938 non
3293 883 3437 952 perit
3464 882 3538 936 si-

1951 988 2062 1044 nul
2093 987 2146 1043 id
2172 987 2316 1057 quod
2342 992 2481 1048 erat,
2519 982 2624 1038 hoc
2655 989 2737 1036 est
2775 981 2961 1044 homo,
3007 977 3094 1032 cui
3126 974 3392 1033 dissimile
3419 984 3535 1029 erat

1951 1080 2093 1151 quod
2129 1078 2312 1150 periit.
2350 1075 2542 1132 Simile
2577 1073 2743 1143 igitur
2773 1081 2829 1128 et
2862 1069 3128 1127 dissimile
3163 1083 3270 1123 non
3308 1073 3436 1122 sunt
3469 1065 3533 1120 ad

1951 1170 2175 1240 aliquid.

2628 1274 2862 1331 ALIUD.

2027 1397 2101 1453 De
2128 1394 2290 1452 simili
2318 1403 2372 1448 et
2395 1392 2594 1448 virtute
2619 1401 2782 1461 atque
2813 1390 3007 1444 horum
3039 1387 3305 1459 oppositis
3338 1385 3542 1441 dicitur

1953 1489 2127 1559 magis
2158 1495 2213 1542 et
2248 1486 2448 1540 minus.
2471 1482 2610 1537 Vere
2639 1481 2784 1536 enim
2821 1481 2927 1534 dici
2963 1488 3160 1549 potest,
3189 1479 3331 1533 hunc
3355 1477 3432 1532 illi
3466 1477 3542 1531 si-

1954 1577 2134 1633 milem
2167 1589 2317 1640 esse,
2347 1582 2402 1628 et
2438 1573 2621 1627 minus
2650 1579 2743 1624 aut
2773 1570 2948 1636 magis
2979 1569 3212 1624 similem
3233 1608 3248 1634 ,
3283 1577 3338 1622 et
3368 1568 3543 1636 magis

1955 1677 2050 1725 aut
2091 1668 2270 1723 minus
2324 1665 2558 1737 justum.
2583 1661 2652 1732 Et
2691 1661 2759 1717 de
2804 1662 2976 1732 magis
3047 1661 3210 1731 duplo
3250 1669 3306 1715 et
3367 1661 3543 1714 medio

1954 1759 2060 1814 dici
2107 1773 2210 1813 non
2254 1763 2436 1826 potest
2488 1755 2662 1824 magis
2712 1753 2911 1822 majus,
2963 1751 3048 1806 vel
3096 1751 3267 1820 magis
3326 1750 3544 1815 minus,

1956 1860 2050 1906 aut
2073 1850 2243 1920 magis
2260 1848 2505 1919 duplum,
2524 1846 2610 1902 vel
2628 1845 2800 1913 magis
2819 1841 3380 1910 medium.Qualitatis
3397 1842 3544 1897 enim

1959 1940 2165 2012 species
2199 1941 2483 2010 incapaces
2504 1953 2625 1994 esse
2651 1935 2974 2007 quantitatis
3004 1949 3074 1990 ex
3106 1934 3290 1989 multis
3319 1936 3546 1988 demon-

1960 2040 2184 2087 stratum
2219 2041 2322 2086 est.
2354 2031 2412 2086 Si
2457 2045 2585 2101 ergo
2625 2028 2806 2085 simile
2851 2027 3174 2098 quantitatis
3215 2041 3388 2096 capax
3430 2035 3547 2090 est,

1962 2123 2262 2192 recipitque
2289 2123 2458 2194 magis
2477 2131 2529 2176 et
2546 2122 2742 2184 minus,
2763 2119 3046 2175 dimidium
3081 2133 3212 2174 vero
3240 2128 3296 2175 et
3327 2118 3548 2188 duplum

1962 2214 2016 2270 id
2035 2230 2139 2270 non
2161 2216 2466 2286 .eeipiunt;
2496 2231 2603 2269 non
2629 2228 2758 2285 ergo
2783 2212 3028 2282 ejusdem
3058 2211 3278 2282 generis
3298 2212 3404 2267 erit
3423 2225 3548 2265 cum

1963 2307 2030 2364 iis
2061 2325 2179 2380 quze
2208 2316 2339 2364 sunt
2365 2308 2433 2362 ad
2463 2307 2691 2376 aliquid.

2642 2621 2877 2679 ALIUD.

2037 2735 2207 2808 Magis
2242 2737 2357 2793 sive
2385 2737 2558 2809 majus
2585 2737 2943 2793 intentionem
2975 2745 3140 2806 atque
3174 2735 3552 2792 excellentiam

1968 2827 2195 2899 alicujus
2233 2831 2308 2883 rei
2347 2829 2648 2899 signiﬁcat,
2683 2845 2790 2885 non
2829 2840 3009 2884 autem
3051 2829 3317 2884 dissimile
3352 2829 3556 2899 aliquid

1968 2928 2024 2974 et
2062 2921 2370 2990 oppositum
2416 2920 2644 2975 indicat.
2691 2918 2883 2976 Simile
2923 2935 3055 2976 vero
3105 2937 3210 2975 non
3259 2922 3388 2975 item
3419 2937 3432 2973 :
3463 2919 3560 2974 de-

1970 3021 2239 3068 monstrat
2269 3013 2411 3068 enim
2449 3013 2500 3068 id
2534 3012 2676 3082 quod
2711 3013 2974 3069 dissimile
3004 3022 3110 3069 est.
3143 3012 3381 3068 Amissio
3409 3013 3552 3066 enim

1973 3105 2192 3169 similis,
2218 3104 2484 3159 dissimile
2511 3103 2676 3160 efﬁcit
2703 3122 2718 3159 :
2746 3105 2882 3159 adde
2909 3107 3053 3173 quod
3082 3103 3348 3159 dissimile
3374 3105 3559 3172 sequi-

288 3201 414 3269 ϐολὴ
453 3204 564 3275 γὰρ
599 3204 690 3258 τοῦ
723 3205 910 3274 ὁμοίου
945 3206 1006 3257 rb
1049 3206 1301 3275 ἀνόμοιον
1347 3207 1660 3276 ἐργάζεται.
1696 3207 1768 3259 Τὸ
1812 3206 1870 3259 δὲ

1980 3204 2061 3251 tur
2089 3197 2340 3265 privatio.
2373 3194 2543 3266 Magis
2572 3211 2702 3252 vero
2731 3205 2787 3251 et
2818 3197 2998 3250 minus
3027 3210 3149 3250 eum
3181 3196 3290 3250 sint
3320 3195 3559 3250 intensio

291 3262 490 3363 μᾶλλον
531 3262 623 3348 ica‘t
671 3262 856 3366 μείζον
905 3262 1162 3359 ὲπίτασίς
1192 3262 1516 3360 τινος
1548 3299 1709 3350 ποίαν
1760 3297 1868 3362 ἔξει

1980 3262 2200 3356 alicujus
2243 3285 2341 3352 rei,
2385 3262 2630 3354 quamam
2679 3285 2730 3338 in
2772 3284 2856 3339 bis
2898 3285 3144 3348 amissio,
3191 3294 3286 3339 aut
3325 3285 3558 3354 privatio

288 3385 385 3455 τὴν
409 3386 751 3458 ἀποόολὴν,ῆ
776 3387 893 3452 πῶς
915 3387 1002 3440 ἐπ’
1023 3388 1188 3441 αὐτοῦ
1212 3390 1467 3461 στέρησις
1489 3389 1662 3456 ἔσται,
1683 3390 1872 3460 ὥσπερ

293 3476 383 3527 καὶ
431 3477 522 3529 ἐπὶ
547 3478 642 3530 τοῦ
673 3478 962 3548 ἀνομοίου;
1012 3478 1148 3532 Ἀλλ’
1184 3479 1282 3532 οὐκ
1319 3479 1384 3533 ἂν
1418 3480 1643 3550 ἔχοι.τις
1674 3481 1870 3534 είπεῖν.

304 3563 644 3636 Ἐτερογενὲς
673 3567 782 3636 ἀρα
810 3567 889 3637 τῷ
921 3568 1094 3638 ὁμοίῳ
1127 3569 1188 3622 rb
1221 3569 1425 3640 μεῖζον.

293 3676 495 3753 ΑΑΑιυ,
544 3680 854 3753 ἀπόδειξιν
881 3680 1026 3749 ἕχον
1054 3681 1141 3734 ὅτι
1182 3680 1280 3753 διὰ
1312 3684 1416 3737 τοῦ
1445 3683 1726 3753 λέγεσθαι
1747 3685 1874 3752 ,ιιεί-

363 3748 503 3822 (ora
532 3751 639 3822 τὸν
669 3749 919 3822 Πατέρα,
939 3748 1402 3822 συνεισφέρεται
1434 3748 1551 3821 ιιὲὼ-
1580 3748 1817 3822 πάντὼς
1842 3757 1874 3808 ό

375 3819 525 3886 Υἱὸς,
565 3821 695 3874 ἐστι
727 3820 794 3872 δὲ
830 3823 942 3874 οὐκ
969 3819 1464 3877 ἐλάττωνίαὺτοῦ.

367 3935 438 3988 Tb
471 3933 658 4005 μεῖζον
690 3937 742 3987 εἴ
765 3953 847 3998 τις
875 3936 1158 4006 ὀνομάσαι,
1187 3939 1511 3991 συνεισοίσει
1538 3940 1756 4003 πάντως
1781 3940 1882 3993 καὶ·

299 4025 612 4095 ἀναγκαίως
643 4026 828 4096 ἕτερόν
874 4043 925 4079 τι
974 4028 1100 4097 παρ’
1135 4027 1267 4080 αὐτὸ
1294 4022 1354 4081 οὗ
1382 4030 1474 4082 καὶ
1505 4029 1621 4083 ἔστι
1671 4031 1872 4101 μεῖζον.

300 4118 453 4172 υῦτω
495 4116 783 4190 τοιγαροῦν
828 4119 1042 4187 ἔχοντος
1088 4117 1183 4171 τοῦ
1231 4121 1520 4190 νοήματος,
1560 4122 1692 4193 φέρε
1746 4125 1878 4176 κατ’

299 4208 427 4260 αὐτὸ
468 4207 568 4278 τὴν
619 4207 766 4289 θείαν
817 4208 1159 4278 ἐξετάσωμεν
1193 4211 1465 4281 γέννησιν,
1494 4213 1588 4264 καὶ
1632 4211 1722 4266 τὸν
1751 4213 1878 4284 περὶ

301 4299 514 4369 Πατρδς
566 4301 658 4352 καὶ
706 4299 832 4352 Υξοῦ
882 4302 1250 4371 γυμνάσωμεν
1302 4303 1652 4370 λόγον.Ὂταν
1699 4306 1879 4358 τοίνυν

301 4391 526 4461 λέγηται
560 4393 760 4461 μείζων
795 4395 820 4444 ὁ
847 4393 1059 4464 Πατὴρ,
1090 4395 1428 4463 συνεισφέρει
1449 4395 1546 4465 μὲν
1574 4395 1791 4458 πάντως
1821 4397 1880 4449 rb

303 4484 359 4536 ἐν
398 4484 580 4553 σχέσει
626 4487 690 4554 τῇ
745 4484 879 4554 πρὸς
908 4484 1089 4551 αὑτὸν,
1118 4485 1214 4556 τὴν
1242 4485 1372 4538 Υίοῦ
1411 4487 1684 4557 σημασίαν
1715 4487 1879 4557 φημὶ,

1973 3377 2138 3432 statui
2182 3386 2376 3446 potest.
2416 3384 2472 3428 ut
2515 3375 2566 3429 in
2613 3375 2900 3430 dissimili?
2938 3373 3095 3430 Nulla
3140 3367 3558 3432 certeyDiversi

1974 3469 2140 3535 igitur
2170 3468 2385 3536 generis
2417 3477 2543 3522 sunt
2575 3466 2754 3522 simile
2784 3477 2838 3522 et
2869 3468 3067 3537 majus.

1976 3668 2212 3730 ALIUD,
2242 3669 2608 3722 demonslrans
2645 3684 2737 3736 per
2764 3669 2817 3720 id
2849 3670 2986 3735 quod
3021 3668 3220 3722 dicitur
3253 3669 3412 3724 Pater
3439 3688 3555 3724 ma-

2041 3739 2153 3808 jor,
2183 3740 2342 3792 simul
2371 3741 2526 3794 etiam
2558 3739 2754 3807 inferre
2783 3737 3006 3805 Filium,
3042 3741 3215 3794 minor
3242 3751 3417 3796 autem
3447 3744 3562 3812 ipso

2049 3825 2149 3862 non
2178 3818 2274 3864 est.

2053 3935 2109 3992 Si
2144 3937 2265 4006 quis
2297 3937 2542 3994 nominet
2577 3939 2785 4009 majus,
2818 3938 3128 3993 necessario
3162 3938 3325 3992 etiam
3367 3937 3564 3993 inferet

1980 4025 2122 4080 aliud
2151 4026 2425 4095 quidpiam
2457 4036 2652 4096 praeter
2699 4029 2751 4082 id
2779 4029 2939 4097 cujus
2973 4037 3220 4097 respectu
3249 4029 3427 4098 majus
3455 4037 3562 4085 est.

1981 4119 2132 4185 Quod
2163 4133 2285 4173 cum
2316 4119 2388 4172 ita
2422 4121 2642 4176 omnino
2676 4137 2733 4176 se
2767 4121 2994 4185 habeat,
3025 4138 3123 4192 age
3153 4122 3256 4177 hac
3285 4125 3448 4177 etiam
3481 4139 3566 4177 ra-

1984 4208 2128 4264 tione
2159 4209 2390 4262 divinam
2424 4215 2826 4276 generationem
2863 4213 3240 4281 exploremus,
3269 4224 3322 4268 et
3351 4229 3565 4267 sermo-

1983 4313 2105 4353 nem
2141 4299 2206 4354 de
2237 4298 2398 4354 Patre
2428 4310 2482 4354 et
2513 4300 2649 4356 Filio
2680 4304 3087 4373 investigcmus.
3118 4304 3254 4359 Cum
3289 4305 3453 4371 igitur
3481 4307 3566 4360 di-

1984 4392 2124 4447 citur
2161 4393 2334 4460 major
2366 4391 2548 4459 Pater,
2586 4393 2818 4448 infertur
2854 4396 3077 4451 omnino
3119 4397 3279 4450 etiam
3329 4398 3377 4450 id
3420 4400 3563 4467 quod

1984 4483 2305 4539 relationem
2354 4485 2420 4538 ad
2469 4486 2646 4554 ipsum
2695 4487 2887 4550 habet,
2938 4488 3193 4540 nimirum
3241 4488 3567 4559 signiﬁcatio

307 4575 425 4627 καθ’
451 4572 520 4645 ἦς
559 4579 621 4628 r‘o
650 4575 870 4628 ἔλαττον
902 4575 1112 4630 νοοῦσιν
1155 4579 1203 4630 οί
1249 4579 1626 4649 χριστομάχοι.
1660 4579 1873 4631 Συνεισ-

1989 4572 2133 4638 Filii,
2159 4576 2210 4629 in
2237 4590 2341 4645 qua
2366 4577 2542 4631 minus
2565 4577 2904 4631 constituunt
2929 4579 3112 4633 hostes
3135 4579 3360 4634 Christi.
3387 4580 3569 4646 Quan-

308 4667 615 4738 ενεχοέντος
644 4669 933 4738 τοιγαροῦν
972 4669 1281 4738 ἀναγκαίως
1314 4669 1389 4740 τῷ
1413 4671 1587 4739 Πατρὶ
1610 4670 1702 4723 τοῦ
1730 4671 1880 4739 Υίοῦ,

311 4759 441 4829 φέρε
487 4759 871 4830 δοκιμάζωμεν
904 4759 1016 4825 πῶς
1050 4761 1162 4827 ἕξει
1208 4761 1269 4813 rb
1307 4763 1543 4831 μεῖζονὸ
1578 4763 1788 4833 Πατήρ.
1821 4764 1884 4816 EE

311 4849 414 4919 γὰρ
444 4847 604 4914 φύσει
640 4848 770 4910 Θεὸς
798 4851 826 4900 ὁ
859 4849 1002 4913 Υἱὸς,
1029 4849 1280 4918 καθάπερ
1307 4849 1401 4901 καὶ
1431 4852 1458 4902 ὁ
1493 4849 1701 4920 Πατὴρ,
1728 4849 1886 4917 φύσει

310 4937 530 5005 ἀγαθὸς,
581 4937 741 5006 φύσει
784 4937 1132 5009 δημιουργὸς,
1183 4938 1342 5007 φύσει
1400 4939 1674 5009 βασιλεὺς,
1736 4943 1887 4994 ποῖον

312 5026 462 5080 ἔσται
488 5029 549 5080 rb
587 5027 770 5098 μεῖζον
799 5030 854 5081 ὲν
886 5030 1080 5099 Πατρὶ,
1115 5029 1326 5100 ἔχοντος
1361 5032 1500 5084 αὐτὰ
1539 5031 1759 5095 τελείως
1793 5032 1888 5086 καὶ

313 5122 402 5174 τοῦ
432 5122 597 5186 Υἱοῦ;
627 5123 689 5175 El
723 5121 780 5174 δὲ
814 5123 891 5193 μὴ
937 5122 1049 5192 ἔχει
1089 5122 1326 5187 τελείως,
1359 5123 1476 5187 πῶς
1511 5122 1642 5186 Θεὸς
1681 5125 1795 5176 ἐστι
1829 5123 1895 5176 rb

311 5206 354 5282 ᾧ
372 5215 546 5268 τιτῶν
571 5213 792 5283 ἀγαθῶν
815 5215 1013 5279 ὲνδεεῖ;
1035 5214 1106 5266 Τὸ
1123 5214 1230 5282 γὰρ
1260 5213 1412 5267 οΰπω
1439 5216 1535 5284 τῆς
1566 5214 1889 5285 ὀφειλούσης

315 5311 588 5376 προσεῖναι
624 5305 743 5377 Θεῷ
775 5306 1106 5377 τελειότητος
1133 5305 1552 5376 ἐπειλημμένον,
1582 5308 1682 5359 οὐκ
1713 5307 1779 5360 ἂν
1805 5309 1890 5380 εἴη

317 5395 470 5464 φύσει
503 5397 637 5460 Θεὸς
658 5412 672 5425 ⁸
711 5395 870 5464 φύσει
897 5396 954 5448 δὲ
977 5396 1106 5458 Θεὸς
1135 5398 1162 5449 ὁ
1184 5395 1329 5458 Υἱός·
1360 5397 1562 5460 τέλειος
1590 5396 1698 5467 ἄρα
1725 5397 1894 5450 καϐά-

318 5503 418 5558 περ
462 5489 554 5541 καὶ
585 5489 612 5539 ὁ
641 5489 1086 5559 Πατήρ.Ἑπειδὴ
1132 5489 1188 5542 δὲ
1235 5490 1439 5552 τέλειος
1479 5493 1506 5543 ὁ
1543 5491 1751 5561 Πατὴρ,
1795 5491 1895 5543 οὐκ

317 5581 548 5634 ἐλάττων
575 5581 802 5652 δηλαδή.
833 5582 1204 5651 Οίκονομικῶς
1240 5583 1297 5635 δέ
1339 5601 1502 5653 φησιν
1547 5585 1740 5637 ἑαυτοῦ
1777 5584 1896 5655 μεί-

321 5671 444 5736 ζονα
470 5675 558 5727 τὸν
589 5672 881 5743 Πατέρα,ἢ
909 5673 1044 5726 καθὸ
1069 5675 1289 5741 γέγονεν
1320 5673 1626 5746 ἅνθρωπος,
1646 5693 1898 5747 παραχω-

326 5764 425 5822 ρῶν
452 5769 514 5837 τῇ
540 5767 637 5838 τῆς
663 5766 915 5835 Θεότητος
937 5765 1004 5834 φῦ
1015 5782 1094 5817 σει
1119 5767 1177 5818 rb
1195 5766 1483 5837 ὑπερέχειν
1505 5767 1611 5819 τῶν
1633 5768 1892 5840 γενητῶν

328 5857 414 5910 καί
438 5859 513 5928 τῷ
541 5859 685 5916 κατὰ
719 5858 882 5927 φύσιν
908 5857 1096 5927 Κυρίῳ
1122 5859 1183 5912 rb
1209 5860 1319 5914 ἄνω
1355 5859 1562 5914 κεῖσθαι
1593 5860 1765 5924 διδους
1802 5862 1898 5929 τῆς

1991 4667 2278 4735 doquidem
2315 4682 2443 4737 ergo
2479 4669 2790 4724 necessario
2831 4685 2935 4724 una
2973 4686 3096 4723 eum
3135 4669 3299 4725 Patre
3338 4671 3571 4726 infertur

1989 4756 2179 4822 Filius,
2206 4772 2321 4826 age,
2341 4759 2716 4813 examinemus
2749 4774 2856 4826 quo
2893 4771 3049 4828 pacto
3083 4760 3246 4815 Pater
3274 4765 3446 4831 major
3476 4763 3567 4818 sit.

1989 4846 2044 4900 Si
2083 4848 2224 4902 enim
2262 4847 2430 4901 Filius
2465 4855 2552 4901 est
2583 4857 2778 4902 natura
2817 4850 2985 4915 Deus,
3020 4851 3478 4920 quemadmodum
3516 4864 3572 4907 et

1986 4938 2148 4994 Pater
2175 4950 2255 4995 est
2283 4949 2473 4995 natura
2508 4941 2700 5005 bonus,
2733 4951 2922 4996 natura
2953 4953 3189 5006 creator,
3225 4952 3417 4997 natura
3448 4958 3566 5010 rex,

1988 5031 2271 5101 qualenam
2303 5033 2409 5087 erit
2437 5033 2611 5103 majus
2642 5035 2694 5088 in
2728 5026 2908 5096 Patre,
2937 5034 3041 5104 91
3074 5050 3194 5088 cum
3224 5045 3277 5089 et
3308 5036 3476 5091 Filius
3509 5053 3571 5091 ca

1988 5122 2227 5192 perfecte
2271 5125 2499 5179 habeat?
2539 5125 2597 5179 Si
2640 5139 2768 5180 vero
2809 5125 3043 5194 perfecte
3086 5140 3193 5180 non
3240 5125 3422 5192 habet,
3467 5141 3577 5196 quo

1993 5225 2149 5284 pacto
2173 5216 2276 5270 dici
2300 5224 2478 5285 potest
2505 5225 2644 5271 Deus
2671 5217 2715 5271 is
2739 5219 2826 5272 cui
2856 5217 3071 5285 aliquod
3099 5218 3362 5273 bonorum
3389 5217 3575 5271 deest?

1994 5304 2051 5359 ld
2084 5307 2227 5360 enim
2262 5310 2403 5377 quod
2431 5322 2551 5362 eam
2585 5323 2706 5377 qua:
2740 5308 2915 5362 inesse
2946 5309 3055 5362 Deo
3087 5308 3247 5362 debet
3284 5308 3574 5377 perfectio-

1997 5411 2121 5451 nem
2155 5413 2256 5450 non
2290 5397 2483 5464 habet,
2510 5399 2651 5455 Deus
2678 5412 2869 5453 natura
2899 5413 3020 5453 esse
3049 5414 3152 5453 non
3183 5409 3394 5467 potest;
3425 5402 3576 5470 atqui

1995 5489 2164 5544 Filius
2205 5501 2290 5544 est
2333 5492 2472 5546 Deus
2516 5501 2707 5546 natura
2746 5511 2757 5547 ι
2797 5491 3072 5562 perfectus
3112 5492 3274 5560 igitur
3310 5494 3574 5560 quemad-

1997 5584 2216 5637 modum
2241 5593 2294 5636 et
2319 5583 2498 5636 Pater.
2519 5582 2654 5636 Cum
2682 5597 2809 5637 vero
2836 5583 3106 5651 perfectus
3128 5582 3198 5635 sit
3223 5580 3404 5648 Pater,
3429 5595 3576 5637 certe

2000 5676 2176 5728 minor
2202 5690 2304 5728 non
2331 5685 2437 5730 est.
2462 5674 2730 5729 Caeterum
2759 5684 3006 5744 respectu
3035 5675 3428 5727 incarnationis
3457 5689 3574 5727 ma-

1995 5767 2169 5835 jorem
2201 5768 2328 5823 dicit
2356 5769 2593 5834 Palrem,
2623 5769 2736 5823 sive
2761 5778 3031 5838 quatenus
3063 5767 3240 5822 factus
3269 5777 3351 5822 est
3383 5769 3575 5832 homo;

2007 5858 2247 5916 tribuens
2291 5861 2392 5916 hoc
2436 5869 2639 5917 natura:
2681 5860 2978 5919 divinitatis
3022 5869 3079 5915 ut
3123 5861 3390 5915 creaturis
3429 5871 3571 5913 aute-
