4012 6338
434 432 529 486 151

1445 430 1503 483 S.
1541 428 1815 485 CYRILLI
1856 431 2320 490 ALEXANDRINI
2359 434 2677 491 ARCHIEP.

3555 434 3657 488 152

432 546 623 612 cellat;
670 554 725 600 et
768 543 995 599 Domino
1040 541 1336 600 secundum
1382 551 1631 599 naturam
1678 544 1781 600 hoc
1824 544 1987 600 ascri-

2094 544 2180 599 τοῦ
2202 544 2387 599 δούλου
2412 545 2644 618 μορφῆς,
2663 545 2711 597 εί
2734 543 2827 596 καὶ
2853 544 2936 597 ὅτι
2968 544 3202 615 μάλιστα
3224 545 3316 599 καὶ
3335 543 3496 608 αὑτὸς
3516 545 3658 599 κατὰ

432 641 564 693 hens
589 638 730 707 quod
755 634 938 692 servili
965 633 1139 689 l'orma
1169 632 1327 703 longe
1356 633 1600 703 superior
1621 642 1704 689 est
1728 673 1743 699 ,
1771 635 1986 691 tametsi

430 727 590 781 etiam
632 727 746 797 ipse
779 726 1077 781 secundum
1113 734 1357 779 naturam
1394 723 1653 780 Dominus
1685 726 1790 790 sit;
1825 734 1987 795 atque

430 819 503 871 ita
539 818 755 887 quidem
796 818 1038 873 tribuens
1074 815 1242 882 Patri,
1281 824 1339 871 ut
1374 815 1545 886 major
1578 815 1668 884 sit,
1707 825 1769 869 ut
1807 824 1986 870 tamen

429 909 545 975 ipse
579 909 710 964 nihil
749 910 926 963 minus
959 906 1154 963 habeat
1184 907 1395 963 ratione
1424 907 1691 963 essentia.
1727 908 1803 962 Ita
1840 909 1987 963 enim

426 999 533 1053 erit
558 1013 743 1054 verum
773 998 1019 1067 genimen
1051 1008 1211 1067 atque
1239 998 1417 1068 imago
1440 998 1735 1063 (ianitoris,
1762 1012 1868 1052 non
1893 998 1989 1052 ali-

426 1102 530 1155 qua
560 1101 625 1141 ex
657 1095 811 1155 parte
840 1100 1127 1155 expressa,
1161 1086 1255 1141 sed
1285 1086 1652 1141 omnimodam
1681 1088 1987 1143 similitudi-

427 1190 549 1231 nem
586 1190 705 1230 cum
746 1177 862 1245 ipso
895 1176 1134 1241 habens;
1167 1176 1334 1232 solius
1361 1191 1492 1231 vero
1521 1178 1704 1234 decori
1736 1193 1900 1235 causa
1929 1188 1988 1235 ut

426 1265 594 1321 Filius
622 1265 884 1336 majorem
917 1266 1178 1322 honorem
1208 1266 1353 1321 Patri
1385 1268 1592 1323 tribuit.

508 1404 766 1459 Adversas
801 1404 1045 1469 dicentes,
1076 1362 1215 1473 quod
1251 1402 1412 1458 Pater
1437 1405 1507 1459 sit
1541 1404 1713 1474 major
1738 1402 1901 1459 Filio.

865 1582 1102 1651 Obiectio
1134 1584 1522 1639 haereticorum.

492 1694 676 1763 Pater,
718 1696 1001 1766 inquiunt,
1046 1710 1264 1767 semper
1302 1706 1457 1760 erat,
1501 1695 1670 1751 Filius
1712 1710 1839 1751 vero
1879 1710 1985 1752 non

422 1801 635 1855 semper
666 1803 679 1839 :
713 1802 821 1856 quo
853 1796 1010 1856 pacto
1046 1786 1210 1854 igitur
1240 1801 1345 1841 non
1383 1788 1488 1841 erit
1523 1786 1693 1854 major
1721 1786 1813 1856 qui
1847 1800 1985 1840 sem-

2093 634 2256 705 φύσιν
2294 636 2514 706 Κύριος,
2562 637 2596 706 ἢ
2645 635 2706 688 τὺ
2749 635 2931 706 μεῖζον
2969 636 3311 707 παραχωρῶν
3352 636 3427 699 ὼς
3458 635 3655 706 Πατρὶ,

2092 729 2243 782 οὐδὲν
2280 729 2379 799 μὲν
2408 724 2569 799 ἦττον
2598 727 2735 797 ἔχων
2765 725 2927 781 αὑτοῦ
2957 726 3098 780 κατὰ
3126 728 3215 781 τὸν
3234 728 3334 798 τῆς
3365 726 3551 789 οὐσίας
3571 726 3661 780 λό-

2090 840 2208 892 γον.
2228 821 2384 876 Οὑτω
2408 821 2518 893 γὰρ
2541 821 2605 874 ἂν
2637 820 2722 890 εἴη
2751 821 2846 873 καὶ
2872 822 3093 890 γνήσιον
3117 820 3361 891 γέννημα
3382 821 3473 874 καὶ
3495 818 3658 873 είκὼν

2088 915 2259 977 εντως
2281 914 2375 968 τοῦ
2401 912 2809 983 γεγεννηκότος,
2837 914 2898 966 οὑ
2925 913 3064 966 κατά
3087 929 3137 965 τι
3162 910 3659 983 παρακεχαραγμέ-

2091 1024 2180 1075 νη,
2209 1005 2323 1059 ἀλλ’
2361 1005 2652 1076 ὀλόκληρον
2696 1004 2835 1075 πρὸς
2882 1004 3044 1057 αὑτὸν
3081 1002 3325 1067 σώζουσα
3350 1002 3450 1074 τὴν
3483 1001 3657 1072 ἐμφέ-

2097 1114 2246 1169 ρειαν
2269 1114 2283 1127 ·
2329 1097 2417 1151 διὰ
2466 1098 2523 1150 δὲ
2574 1094 2734 1167 μόνον
2765 1097 2826 1148 τὸ
2854 1095 3065 1165 πρέπον
3110 1095 3185 1158 ὡς
3214 1094 3340 1159 Υἱὸς
3376 1094 3454 1165 τῷ
3483 1092 3659 1164 Πατρὶ

2090 1188 2259 1260 τιμὴν
2286 1189 2574 1260 ἀπονέμων
2600 1188 2697 1258 τὴν
2730 1187 2969 1258 μείζονα.

2090 1410 2250 1479 Πρὸς
2296 1409 2438 1476 τοὺς
2482 1407 2771 1479 λέγοντας
2796 1411 2941 1534 ,Υρέἑ
2978 1409 3191 1480 μείζων
3229 1413 3261 1463 ὀ
3299 1410 3501 1480 Πατὴρ
3552 1411 3659 1473 τοῦ

2349 1592 2669 1659 Ἀντίθεσις
2705 1592 2784 1658 ὠς
2820 1591 2887 1645 ἐκ
2925 1592 3044 1646 τῶν
3079 1594 3410 1662 αΙρετικῶν.

2173 1706 2233 1758 '0
2259 1704 2470 1775 Πατὴρ,
2504 1704 2686 1775 φησὶν,
2718 1700 2786 1774 ῆν
2817 1705 2920 1767 ἀεὶ,
2952 1705 3052 1757 οὑκ
3082 1704 3169 1757 ἀεὶ
3192 1705 3249 1757 δὲ
3286 1706 3314 1756 ὁ
3345 1703 3470 1767 Υἱός
3494 1718 3507 1733 ⁸
3545 1702 3662 1765 πῶς

2090 1792 2184 1851 οὖν
2211 1795 2311 1847 οὑκ
2342 1794 2492 1847 ἔσται
2528 1793 2728 1863 μείζων
2754 1795 2782 1845 ὁ
2810 1794 2899 1846 ἀεὶ
2931 1793 3189 1865 ὑπάρχων
3230 1794 3324 1847 τοῦ
3372 1792 3447 1864 μὴ
3488 1790 3663 1854 οὕτως

422 1893 517 1947 per
554 1876 771 1933 exsistit
804 1892 868 1933 eo
894 1878 985 1947 qui
1015 1892 1120 1932 non
1148 1876 1398 1947 semper?
1422 1878 1528 1931 Aut
1554 1892 1662 1947 quo
1688 1889 1845 1946 pacto
1872 1893 1975 1933 non

2094 1889 2264 1948 5ντοςς
2298 1883 2421 1945 Πῶς
2450 1882 2507 1935 δὲ
2532 1882 2633 1934 οὐκ
2665 1882 2901 1935 ἐλάττων
2928 1882 3020 1934 τοῦ
3051 1883 3238 1947 ἀϊδίως
3261 1884 3600 1953 ὑπάρχοντος
3632 1882 3663 1935 6

420 1971 492 2024 sit
524 1970 700 2024 minor
728 1983 793 2024 eo
825 1970 915 2039 qui
948 1970 1016 2025 ab
1051 1980 1253 2025 aterno
1282 1970 1499 2025 exsistit
1532 1969 1577 2024 is
1606 1971 1697 2038 qui
1747 1978 1982 2025 aternus

420 2073 527 2113 non
571 2059 692 2116 est?
734 2057 792 2114 Si
832 2074 959 2114 vero
1005 2058 1175 2128 major
1213 2067 1298 2116 est
1342 2059 1506 2116 Pater
1544 2059 1715 2125 Filio,
1762 2060 1987 2117 diversa

418 2149 580 2205 ctiam
608 2151 858 2206 essentia
884 2150 954 2206 ab
982 2149 1098 2221 ipso
1127 2150 1253 2206 erit.

910 2282 1117 2337 Salutio
1152 2283 1483 2353 objectiouis.

493 2397 789 2470 Oportebat
815 2411 946 2453 sane
979 2412 1083 2453 non
1118 2398 1192 2466 ita
1228 2400 1408 2469 inepte
1438 2406 1599 2469 atque
1630 2399 1839 2454 ruditer
1866 2414 1986 2469 pro-

416 2488 544 2556 poni
574 2501 793 2556 gravem
825 2488 963 2541 hanc
984 2527 1000 2551 ,
1033 2495 1089 2540 et
1127 2486 1413 2557 imperitia
1440 2496 1631 2543 vestra
1660 2488 1987 2543 convenien-

416 2589 528 2634 tem
555 2580 931 2649 quastionem.
955 2577 1092 2634 Nam
1117 2594 1239 2635 cum
1263 2580 1629 2635 diversitatem
1656 2582 1905 2635 essentia
1931 2580 1985 2634 in

415 2667 579 2724 Patre
602 2676 657 2722 et
682 2667 820 2723 Filio
844 2668 1068 2739 urgetis,
1096 2668 1346 2738 imperite
1373 2669 1663 2725 admodum
1690 2686 1757 2725 ex
1784 2670 1987 2739 majore

415 2767 473 2814 ot
498 2760 707 2814 minore
732 2760 785 2815 id
810 2759 1041 2829 probare
1066 2759 1298 2816 studetis
1328 2778 1342 2815 :
1372 2762 1595 2831 proinde
1619 2776 1681 2816 ac
1707 2762 1751 2815 si
1780 2776 1840 2815 ea
1866 2776 1985 2831 qua

415 2850 608 2906 horum
644 2851 860 2922 capacia
895 2861 1042 2916 sunt,
1075 2853 1384 2907 necessario
1419 2854 1558 2908 inter
1587 2867 1647 2908 se
1681 2852 1983 2907 substantia

415 2940 688 2998 diderant.
712 2942 875 3013 Atqui
906 2942 1101 3013 lapidis
1128 2944 1345 3013 quidem
1374 2945 1441 2998 ad
1469 2944 1725 3014 lapidem,
1753 2944 1880 3014 ligni
1914 2942 1982 2997 ad

417 3032 654 3103 lignum,
686 3032 917 3088 hominis
947 3033 1013 3087 ad
1044 3033 1352 3099 hominem,
1384 3033 1703 3087 substantia
1734 3034 1871 3086 ratio
1902 3039 1986 3085 est

415 3124 625 3181 eadem.
656 3124 867 3180 Accidit
900 3134 1078 3180 tamen
1117 3124 1245 3195 ipsis
1278 3134 1333 3181 et
1367 3125 1539 3196 majus
1571 3135 1624 3180 et
1661 3126 1865 3179 minus.
1897 3124 1985 3177 Li-

415 3228 577 3281 gnum
607 3213 751 3269 enim
780 3214 925 3284 ligno
956 3214 1133 3284 majus
1162 3215 1457 3270 secundum
1489 3216 1712 3285 aliquid,
1742 3227 1793 3269 et
1823 3214 1983 3269 vicis-
2013 3270 2053 3290 ﬂ

417 3305 521 3358 sim
554 3305 732 3361 minus
764 3316 1006 3376 apparet.
1034 3306 1168 3363 Cum
1203 3308 1368 3378 igitur
1393 3308 1555 3364 etiam
1590 3310 1656 3364 iis
1685 3324 1803 3379 qua
1837 3308 1981 3375 ejus-

418 3396 537 3451 dem
565 3397 880 3453 substantia
905 3408 1027 3453 sunt
1055 3401 1230 3471 majus
1253 3408 1309 3455 et
1336 3400 1513 3454 minus
1542 3401 1770 3465 accidat,
1804 3400 1985 3464 inepte

416 3502 516 3543 vos
553 3502 619 3544 ex
657 3490 758 3545 hoc
792 3491 1161 3547 diversitatem
1196 3493 1449 3548 essentia
1483 3493 1535 3547 in
1568 3491 1728 3549 Patre
1759 3505 1814 3547 et
1845 3492 1984 3563 Filio

417 3582 793 3637 demonstrare
840 3582 1104 3648 nitimini,
1142 3592 1485 3650 vestramque
1529 3586 1851 3638 dementiam
1898 3583 1983 3637 ni-

420 3672 711 3728 hilominus
750 3690 847 3743 per
878 3675 994 3730 hac
1025 3675 1335 3731 declaratis.
1373 3674 1621 3745 Equalis
1655 3676 1798 3730 enim
1834 3674 1981 3729 Patri

416 3763 686 3820 exsistens
710 3762 913 3831 Filius,
945 3767 1208 3821 minorem
1238 3779 1297 3823 se
1329 3764 1457 3821 facit
1490 3765 1695 3821 ratione
1725 3764 1979 3821 incarna-

420 3854 599 3924 tionis,
629 3866 690 3912 ut
714 3856 969 3913 diximus.

996 4151 1106 4221 92
1144 4149 1375 4207 ALIUD.

487 4286 622 4352 Qua
663 4284 891 4340 naturali
937 4287 1079 4340 inter
1115 4300 1176 4340 se
1220 4284 1573 4340 similitudine
1614 4299 1719 4340 non
1767 4285 1985 4352 c0njun-

420 4387 637 4446 gnntur,
670 4386 725 4431 et
758 4377 967 4431 ratione
998 4375 1247 4431 essentia
1279 4375 1553 4440 differunt,
1592 4391 1688 4444 per
1720 4376 1900 4430 simile
1932 4387 1989 4429 et

420 4469 711 4533 dissimile,
741 4482 848 4523 non
881 4483 1011 4523 vero
1041 4483 1136 4536 per
1166 4468 1339 4537 majus
1366 4476 1420 4521 et
1452 4468 1627 4521 minus
1656 4466 1985 4521 discernun-

2092 1977 2166 2049 μὴ
2198 1974 2363 2037 ἀΐδιος
2392 1974 2500 2039 ῶν;
2548 1974 2610 2026 El
2642 1972 2698 2026 δὲ
2743 1972 2947 2043 μείζων
2975 1976 3003 2027 ό
3030 1974 3220 2045 Πατὴρ
3249 1973 3342 2027 τοῦ
3375 1973 3529 2039 Υίοῦ,
3566 1969 3665 2026 καὶ

2088 2065 2423 2138 ὲτεροούσιος
2452 2064 2558 2135 ἄρα
2593 2062 2728 2135 πρὸς
2754 2063 2939 2120 αὑτόν.

2557 2283 2713 2352 Πρὸς
2751 2282 2938 2337 ταῦτα
2973 2283 3173 2351 λύσις.

2174 2397 2389 2468 Ἐχρῆν,
2423 2390 2469 2451 ὧ
2496 2395 2785 2466 βέλτιστοι,
2818 2396 2893 2465 μὴ
2940 2395 3059 2448 λίαν
3110 2395 3254 2449 οὑτω
3287 2394 3472 2459 κακῶς
3528 2391 3665 2465 μηδι

2087 2489 2327 2558 ἀτέχνως
2354 2484 2674 2557 προκεῖσθαι
2700 2485 2760 2538 τὸ
2785 2486 2948 2555 σοφδν
2972 2485 3037 2557 δὴ
3061 2484 3217 2540 τοῦτο
3248 2486 3348 2557 τῆς
3376 2486 3405 2538 ὑ
3414 2488 3505 2555 μίν
3529 2501 3661 2556 πρε-

2090 2580 2295 2649 πούσης
2343 2578 2582 2648 ἀμαθίας
2631 2575 2946 2647 πρόϐλημα.
2980 2577 3338 2649 Είσφέροντες
3380 2578 3487 2648 γὰρ
3533 2578 3666 2647 ἡμῖν

2088 2669 2181 2724 ἐπί
2209 2687 2267 2723 τε
2296 2668 2509 2737 Πατρὺς
2537 2666 2633 2720 καὶ
2662 2666 2793 2719 Υίοῦ
2822 2666 2883 2719 τὸ
2911 2667 3267 2737 ἑτεροούσιον,
3296 2668 3403 2721 ἀπὸ
3430 2667 3521 2721 τοῦ
3549 2666 3668 2737 μεί-

2089 2759 2239 2825 ζονος
2262 2760 2355 2812 καὶ
2385 2757 2479 2812 τοῦ
2514 2758 2794 2821 ἐλάττονος
2820 2756 2918 2827 τὴν
2942 2758 3215 2824 ἀπόδειξιν
3237 2757 3468 2829 ἀμαθῶς
3494 2759 3667 2811 ποιεῖ-

2089 2851 2213 2905 σθαι
2271 2849 2621 2915 σπουδάζετε,
2671 2848 2861 2920 ὥσπερ
2902 2850 3214 2918 ἀναγκαίως
3252 2849 3485 2919 ἐχόντων
3532 2847 3668 2918 πρὸς

2088 2943 2291 3013 ἄλληλα
2318 2943 2414 3012 τὴν
2444 2941 2913 3013 ἑτεροουσιότητα,
2932 2941 3039 2993 τῶν
3067 2940 3167 2993 ὅσα
3193 2938 3396 2993 τούτων
3424 2939 3668 3009 πέφυκεν

2088 3030 2226 3086 εἶναι
2272 3033 2515 3086 δεκτικά.
2549 3032 2743 3086 Καίτοι
2777 3033 2917 3103 ξύλῳ
2957 3032 3055 3103 μὲν
3104 3031 3266 3083 παντὶ
3314 3030 3452 3101 πρὸς
3486 3024 3666 3096 ξύλον,

2087 3124 2183 3178 καὶ
2215 3123 2344 3194 λίθῳ
2390 3125 2525 3195 πρὸς
2555 3123 2723 3188 λίθον,
2756 3124 2850 3178 καὶ
2882 3122 3150 3193 ἀνθρώπῳ
3195 3120 3330 3192 πρὸς
3362 3120 3668 3191 ἄνθρωπον,

2087 3216 2185 3283 τῆς
2222 3213 2319 3283 μὲν
2351 3213 2538 3275 οὐσίας
2582 3216 2610 3266 ό
2656 3213 2812 3280 λόγος
2840 3216 2867 3266 ὁ
2892 3212 3073 3273 αὑτός.
3130 3212 3400 3282 Πρόσεστι
3432 3211 3489 3264 δὲ
3520 3211 3671 3276 ὅμως

2093 3306 2189 3358 καὶ
2218 3306 2277 3357 τὺ
2308 3305 2488 3375 μεῖζον
2526 3304 2621 3357 καὶ
2664 3305 2723 3357 τὸ
2752 3304 2970 3357 ἔλαττον
2990 3321 3003 3333 ·
3037 3303 3193 3369 ξύλον
3219 3303 3328 3373 γὰρ
3360 3302 3537 3367 ξύλου.
3549 3304 3671 3373 μεί-

2095 3398 2187 3462 ζον
2240 3398 2380 3449 κατά
2415 3414 2487 3460 τι,
2522 3398 2615 3449 καὶ
2672 3396 2835 3448 πάλιν
2889 3396 3091 3465 ὁμοίως
3147 3396 3365 3449 ἔλαττον
3398 3396 3667 3465 φαίνεται.

2106 3488 2484 3556 Ἐμὸαίνοντος
2512 3487 2690 3539 τοίνυν
2733 3489 2827 3539 καὶ
2869 3488 2962 3540 ἐπὶ
3011 3488 3119 3539 τῶν
3154 3487 3453 3557 ὀμοουσίων
3490 3486 3582 3539 τοῦ
3607 3503 3669 3540 τι

2094 3579 2338 3649 μείζονος
2368 3579 2461 3631 καὶ
2489 3577 2582 3630 τοῦ
2614 3578 2916 3642 ἐλάττονος,
2952 3580 3221 3652 περιττῶς
3256 3581 3415 3650 ὑμεῖς
3438 3580 3531 3631 ἐπὶ
3558 3580 3671 3631 Πα-

2087 3670 2217 3741 τρὸς
2260 3671 2353 3723 καὶ
2386 3669 2515 3723 Υἱοῦ
2554 3669 2761 3741 ταύτην
2786 3671 3060 3737 ἀπόδειξιν
3089 3672 3327 3726 ποιεῖσθε
3353 3670 3447 3724 τοῦ
3482 3671 3668 3743 ἑτερο-

2086 3762 2300 3816 ουσίου·
2334 3763 2425 3815 καὶ
2456 3761 2547 3815 διὰ
2567 3761 2771 3814 τούτων
2798 3761 2855 3814 δὲ
2880 3762 3033 3815 οὐδὲν
3063 3754 3224 3832 ἧττον
3250 3763 3314 3833 λη
3327 3762 3544 3833 ροῦντες
3576 3762 3669 3816 εὑο

2093 3854 2512 3927 ρίσιεσθε.’1σος
2551 3854 2660 3922 γὰρ
2706 3852 2967 3923 ὑπάρχων
3016 3854 3043 3906 6
3074 3852 3203 3916 Υἱὸς
3245 3855 3323 3925 τῷ
3362 3854 3557 3925 Πατρὶ,
3602 3851 3664 3905 τὸ

2091 3950 2309 4003 ἔλαττον
2358 3951 2440 4019 ἐφ’
2468 3947 2658 4003 ἑαυτοῦ
2704 3947 2915 4020 τίθησιν
2949 3947 3327 4018 οἰκονομικῶς,
3378 3951 3452 4013 ὡς
3498 3948 3668 4004 δέδει-

2095 4057 2239 4093 κται.

2771 4154 2975 4209 ΔΛΛΟ.

2154 4282 2240 4335 Τὰ
2268 4281 2369 4350 τῆς
2396 4283 2530 4353 πρὸς
2562 4282 2766 4354 ἄλληλα
2811 4284 3046 4354 φυσικῆς
3090 4285 3405 4358 ὁμοιότητος
3437 4286 3661 4361 ἑστερη-

2092 4374 2247 4441 μὲνα,
2280 4374 2373 4424 καὶ
2406 4372 2545 4426 κατὰ
2570 4374 2663 4427 τὸν
2691 4374 2784 4427 τοῦ
2821 4393 2936 4438 πως
2968 4372 3107 4429 εἶναι
3137 4376 3293 4444 λόγον
3321 4379 3665 4449 διεστηκότα,

2088 4462 2165 4533 τῷ
2193 4464 2363 4533 ὁμοίῳ
2397 4464 2492 4517 καὶ
2516 4465 2593 4535 τῷ
2628 4465 2864 4537 ἀνομοίῳ
2896 4468 3141 4537 κρίνεται
3178 4468 3400 4539 μᾶλλον,
3425 4474 3519 4525 καὶ
3546 4473 3664 4526 οὑδὲ

422 4570 528 4613 tur.
551 4557 609 4612 Si
631 4572 759 4627 ergo
783 4572 945 4613 unum
970 4569 1052 4613 est
1077 4556 1235 4613 Pater
1255 4567 1308 4612 et
1333 4556 1499 4611 Filius
1525 4558 1733 4612 ratione
1760 4568 1983 4623 natura,

2094 4573 2195 4608 που
2242 4556 2319 4625 τῷ
2350 4574 2409 4609 τε
2449 4556 2655 4626 μείζονι
2708 4559 2799 4611 καὶ
2844 4558 2921 4629 τῷ
2968 4559 3232 4614 ἐλάττονι.
3264 4563 3325 4617 Ei
3358 4564 3457 4633 μὲν
3486 4561 3577 4619 οὖν
3607 4566 3667 4619 ’ἐν

421 4651 604 4704 dicant
628 4650 783 4704 nobis
806 4650 985 4705 acerbi
1013 4649 1101 4704 isti
1126 4650 1539 4718 disceptatores,
1564 4652 1837 4720 quomodo
1866 4666 1947 4703 ma
1963 4680 1983 4691 -

416 4739 505 4805 jus
530 4748 585 4795 et
612 4740 789 4794 minus
816 4740 896 4795 eis
922 4750 1228 4809 competere
1259 4741 1494 4811 poterit?
1522 4739 1578 4795 Si
1608 4754 1736 4795 vero
1764 4742 1985 4795 alterius

422 4831 578 4898 plane
610 4831 945 4902 diversaque
979 4848 1009 4885 a
1045 4831 1205 4885 Patre
1236 4834 1491 4889 essentia
1527 4833 1721 4888 Filium
1756 4848 1877 4888 esse
1913 4834 1987 4887 di-

422 4922 562 4985 citis,
589 4934 696 4990 quo
720 4929 878 4991 pacto
904 4936 965 4976 ea
994 4937 1112 4991 qua
1140 4923 1297 4991 plane
1323 4924 1571 4979 essentia
1599 4925 1809 4980 ratione
1839 4927 1980 4979 inter

420 5028 481 5067 se
518 5012 815 5079 dissident,
854 5016 1159 5085 comparari
1199 5016 1341 5071 inter
1376 5030 1434 5072 se
1471 5020 1762 5087 poterunt?
1801 5018 1986 5087 Neque

420 5103 567 5156 enim
611 5117 715 5157 non
758 5103 1013 5159 ridiculus
1052 5120 1175 5160 esse
1214 5108 1404 5176 possit,
1445 5108 1536 5176 qui
1578 5122 1695 5177 qua
1734 5108 1875 5161 nulla
1923 5123 1989 5162 ex

422 5204 573 5264 parte
601 5196 925 5250 conveniant
955 5197 1096 5251 inter
1124 5212 1182 5253 se
1212 5198 1561 5267 compararit,
1593 5203 1790 5269 quique
1818 5198 1984 5253 solem

424 5288 566 5356 ligno
608 5286 1023 5356 splendidiorem
1072 5289 1255 5345 dicere
1297 5290 1543 5346 voluerit.
1588 5292 1643 5345 Si
1692 5308 1818 5360 ergo
1872 5307 1989 5359 qua

425 5380 620 5433 diversi
651 5380 865 5449 generis
891 5389 1035 5444 sunt,
1060 5396 1089 5434 a
1118 5391 1299 5437 mutua
1326 5383 1467 5438 inter
1491 5398 1549 5438 se
1573 5386 1989 5451 comparatione

424 5470 721 5525 abhorrent
750 5492 762 5525 :
794 5471 974 5542 inepta
1012 5482 1157 5529 certe
1190 5484 1274 5529 est
1307 5476 1619 5545 propositio,
1655 5490 1779 5543 qua
1817 5476 1990 5545 majus

423 5570 478 5615 et
510 5561 689 5615 minus
720 5559 866 5616 Patri
903 5572 958 5618 et
994 5562 1129 5618 Filio
1163 5567 1573 5631 accommodat,
1610 5568 1653 5622 si
1693 5566 1848 5621 modo
1882 5581 1987 5620 non

424 5652 662 5719 ejusdem
686 5694 701 5715 ,
726 5651 877 5720 juxta
906 5666 1142 5711 vestram
1172 5658 1476 5727 opinionem
1500 5698 1513 5724 ,
1547 5668 1673 5713 sunt
1699 5659 1951 5714 essentia
1975 5697 1991 5723 ,

427 5753 483 5797 et
503 5758 621 5812 qua
645 5758 764 5798 eam
788 5748 1037 5802 essentia
1060 5749 1423 5805 diversitatem
1449 5751 1803 5815 demonstrat,
1828 5765 1990 5820 quam

424 5835 617 5892 nescio
638 5838 774 5895 unde
792 5839 1149 5910 excogitarint
1166 5841 1229 5898 de
1248 5850 1439 5898 natura
1459 5842 1695 5900 omnium
1714 5856 1985 5913 suprema,

2095 4647 2241 4699 ἐστιν
2267 4647 2294 4698 ὁ
2320 4644 2508 4717 Πατὴρ
2538 4648 2613 4711 ὡς
2640 4649 2776 4719 πρὸς
2795 4650 2886 4702 τὸν
2912 4651 3037 4704 Υἱὸν
3064 4653 3203 4706 κατὰ
3223 4653 3314 4706 τὸν
3335 4654 3434 4725 τῆς
3456 4656 3668 4724 φύσεως

2090 4735 2266 4805 λόγον,
2300 4737 2602 4806 λεγέτωσαν
2649 4741 2780 4810 ἡμῖν
2827 4743 2875 4793 oi
2924 4743 3112 4811 πικροὶ
3167 4744 3485 4816 συζητηταὶ,
3531 4748 3667 4801 κατὰ

2095 4829 2215 4882 τίνα
2262 4830 2460 4900 τρόπον
2497 4832 2733 4900 χωρήσει
2778 4832 3071 4887 ὲπάὑτῶν
3118 4835 3178 4888 τὸ
3233 4836 3415 4905 μεῖξον
3466 4840 3560 4892 καλ⁴
3605 4840 3667 4911 το

2096 4920 2330 4987 ἔλαττον;
2350 4920 2413 4975 Εἰ
2436 4920 2494 4973 δὲ
2514 4921 2687 4991 πάντη
2708 4922 2999 4992 διεστηκὼς
3030 4926 3118 4978 καὶ
3146 4928 3548 4997 κεχωρισμένος
3570 4931 3667 5000 τῆς

2097 5012 2188 5066 τοῦ
2222 5013 2432 5085 Πατρός
2459 5013 2646 5075 οὑσίας
2670 5014 2697 5065 ό
2726 5014 2853 5077 Υἱὸς
2890 5017 3218 5088 είσερέρεται,
3251 5004 3443 5091 ἑτέρας
3474 5038 3533 5076 τε
3565 5022 3665 5092 φύ..

2101 5120 2235 5166 σεως
2258 5104 2586 5173 ὑπείληπται
2610 5109 2739 5175 παρ’
2756 5106 2903 5177 ὑμῖν,
2920 5108 3037 5171 πῶς
3058 5109 3125 5162 τὰ
3148 5110 3323 5182 πάντη
3347 5111 3667 5184 διεστηκότα

2100 5197 2239 5249 κατὰ
2265 5198 2355 5249 τὸν
2399 5195 2493 5251 τοῦ
2529 5215 2642 5261 πως
2672 5196 2811 5254 εἶναι
2838 5200 2996 5268 λόγον
3021 5200 3116 5272 τὴν
3144 5203 3276 5273 πρὸς
3302 5203 3507 5274 ἄλληλα
3536 5206 3665 5275 σύγ-

2101 5302 2277 5357 κρισιν
2316 5286 2652 5352 ὲπιδέξεται;
2682 5291 2756 5343 Οὑ
2794 5291 2901 5360 γὰρ
2938 5292 3002 5362 δή
3054 5310 3136 5356 τις
3178 5293 3281 5361 ἔξω
3326 5294 3668 5367 γελοιότητπ

2100 5379 2337 5433 κείσεται
2354 5381 2421 5434 τὰ
2448 5381 2587 5435 κατὰ
2616 5383 2778 5451 μηδὲν
2798 5384 3048 5453 ἀλλήλοις
3068 5385 3423 5441 κοινωνοῦντα
3444 5390 3668 5461 συγκρί·

2101 5488 2227 5537 νων,
2262 5475 2355 5526 καὶ
2385 5472 2535 5543 ἥλιον
2566 5474 2721 5537 ξύλου
2762 5476 2935 5543 λέγων
2980 5472 3119 5529 εἶναι
3167 5477 3562 5550 λαμπρότερον.
3599 5481 3664 5535 Ei

2098 5564 2278 5617 τοίνυν
2312 5564 2377 5617 τὰ
2404 5566 2688 5635 ἑτερογενῆ
2720 5567 2812 5620 καὶ
2844 5566 2938 5637 τὴν
2977 5569 3113 5637 πρὸς
3142 5568 3344 5638 ἄλληλα
3376 5570 3662 5641 σύγκρισιν

2099 5654 2512 5725 παραιτούμενα
2557 5655 2816 5724 φαίνεται,
2850 5658 3170 5725 ἀπαίδευτος
3220 5664 3251 5730 ἡ
3306 5662 3565 5733 πρότασις
3602 5664 3664 5716 τὸ

2107 5746 2287 5817 μεῖζον
2332 5748 2423 5801 καὶ
2456 5748 2517 5799 τὸ
2548 5746 2764 5801 ἔλαττον
2795 5750 2887 5802 ἐπὶ
2933 5749 3063 5803 Υίοῦ
3096 5753 3186 5804 καὶ
3220 5753 3431 5823 Πατρὺς
3480 5755 3661 5822 είσφὲ-

2103 5854 2287 5908 ρουσα,
2320 5838 2473 5909 εἴπερ
2510 5840 2642 5895 εἰσὶν
2680 5842 2735 5893 οὐ
2781 5842 2879 5912 τῆς
2907 5841 3078 5914 αὑτῆς
3110 5844 3315 5915 οὐσίας,
3344 5844 3461 5899 καθ’
3490 5847 3656 5918 ὑμᾶς,
