  <div class='ocr_page' id='page_1' title='image "/cluster/home/n/w/nwhite01/storage/ocr_20150623/75/pst.000005712748/086.png"; bbox 0 0 4012 6338; ppageno 0'>
   <div class='ocr_carea' id='block_1_1' title="bbox 237 444 1818 505">
    <p class='ocr_par' dir='ltr' id='par_1_1' title="bbox 237 444 1818 503">
     <span class='ocr_line' id='line_1_1' title="bbox 237 444 1818 503; baseline 0 0"><span class='ocrx_word' id='word_1_1' title='bbox 237 444 335 503; x_wconf 67' lang='grc'><strong>153</strong></span> <span class='ocrx_word' id='word_1_2' title='bbox 1651 445 1818 503; x_wconf 69' lang='grc' dir='ltr'><strong>ΤΗΕΕ</strong></span> 
     </span>
    </p>
   </div>
   <div class='ocr_carea' id='block_1_2' title="bbox 1927 444 3504 505">
    <p class='ocr_par' dir='ltr' id='par_1_2' title="bbox 1927 445 3504 504">
     <span class='ocr_line' id='line_1_2' title="bbox 1927 445 3504 504; baseline 0.001 -2"><span class='ocrx_word' id='word_1_3' title='bbox 1927 445 2099 504; x_wconf 72' lang='grc' dir='ltr'>ιιυε.</span> <span class='ocrx_word' id='word_1_4' title='bbox 3403 448 3504 504; x_wconf 74' lang='grc' dir='ltr'><strong>ιει</strong></span> 
     </span>
    </p>
   </div>
   <div class='ocr_carea' id='block_1_3' title="bbox 238 558 1818 641">
    <p class='ocr_par' dir='ltr' id='par_1_3' title="bbox 238 558 1816 641">
     <span class='ocr_line' id='line_1_3' title="bbox 238 558 1816 641; baseline 0.002 -26"><span class='ocrx_word' id='word_1_5' title='bbox 238 560 324 615; x_wconf 71' lang='grc' dir='ltr'><strong>καὶ</strong></span> <span class='ocrx_word' id='word_1_6' title='bbox 355 558 559 630; x_wconf 83' lang='grc' dir='ltr'>ταύτην</span> <span class='ocrx_word' id='word_1_7' title='bbox 587 558 868 625; x_wconf 78' lang='grc' dir='ltr'>ἀπόδειξιν</span> <span class='ocrx_word' id='word_1_8' title='bbox 913 561 1207 634; x_wconf 76' lang='grc' dir='ltr'><strong>ποιουμένη</strong></span> <span class='ocrx_word' id='word_1_9' title='bbox 1256 563 1352 635; x_wconf 80' lang='grc' dir='ltr'><strong>τῆς</strong></span> <span class='ocrx_word' id='word_1_10' title='bbox 1407 564 1816 641; x_wconf 80' lang='grc' dir='ltr'>ἐτεροουσιότη-</span> 
     </span>
    </p>
   </div>
   <div class='ocr_carea' id='block_1_4' title="bbox 1927 558 3505 641">
    <p class='ocr_par' dir='ltr' id='par_1_4' title="bbox 1927 565 3505 637">
     <span class='ocr_line' id='line_1_4' title="bbox 1927 565 3505 637; baseline 0 -14"><span class='ocrx_word' id='word_1_11' title='bbox 1927 578 1975 623; x_wconf 80' lang='lat' dir='ltr'><strong>et</strong></span> <span class='ocrx_word' id='word_1_12' title='bbox 2012 568 2063 622; x_wconf 93' lang='lat' dir='ltr'><strong>in</strong></span> <span class='ocrx_word' id='word_1_13' title='bbox 2103 581 2267 637; x_wconf 87' lang='lat' dir='ltr'><strong>quam</strong></span> <span class='ocrx_word' id='word_1_14' title='bbox 2303 566 2482 623; x_wconf 85' lang='lat' dir='ltr'><strong>minus</strong></span> <span class='ocrx_word' id='word_1_15' title='bbox 2516 565 2661 623; x_wconf 87' lang='lat' dir='ltr'><strong>nulla</strong></span> <span class='ocrx_word' id='word_1_16' title='bbox 2694 565 2903 623; x_wconf 75' lang='lat' dir='ltr'><strong>ratione</strong></span> <span class='ocrx_word' id='word_1_17' title='bbox 2939 565 3134 622; x_wconf 85' lang='lat' dir='ltr'><strong>cadere</strong></span> <span class='ocrx_word' id='word_1_18' title='bbox 3168 573 3373 635; x_wconf 92' lang='lat' dir='ltr'><strong>potest,</strong></span> <span class='ocrx_word' id='word_1_19' title='bbox 3408 569 3505 623; x_wconf 82' lang='lat' dir='ltr'><strong>sed</strong></span> 
     </span>
    </p>
   </div>
   <div class='ocr_carea' id='block_1_5' title="bbox 234 648 1818 731">
    <p class='ocr_par' dir='ltr' id='par_1_5' title="bbox 234 648 1814 727">
     <span class='ocr_line' id='line_1_5' title="bbox 234 648 1814 727; baseline 0.006 -22"><span class='ocrx_word' id='word_1_20' title='bbox 234 670 341 717; x_wconf 86' lang='grc' dir='ltr'>τος,</span> <span class='ocrx_word' id='word_1_21' title='bbox 371 652 439 723; x_wconf 73' lang='grc' dir='ltr'>ἢν</span> <span class='ocrx_word' id='word_1_22' title='bbox 471 654 570 707; x_wconf 82' lang='grc' dir='ltr'><strong>οὑκ</strong></span> <span class='ocrx_word' id='word_1_23' title='bbox 604 648 724 707; x_wconf 84' lang='grc' dir='ltr'>οἴδα</span> <span class='ocrx_word' id='word_1_24' title='bbox 764 652 928 709; x_wconf 84' lang='grc' dir='ltr'>πόθεν</span> <span class='ocrx_word' id='word_1_25' title='bbox 954 654 1259 710; x_wconf 67' lang='grc' dir='ltr'><strong>ἐπινοοῦσιν</strong></span> <span class='ocrx_word' id='word_1_26' title='bbox 1292 658 1383 710; x_wconf 81' lang='grc' dir='ltr'>ἐπὶ</span> <span class='ocrx_word' id='word_1_27' title='bbox 1408 658 1509 727; x_wconf 86' lang='grc' dir='ltr'>τῆς</span> <span class='ocrx_word' id='word_1_28' title='bbox 1539 658 1609 712; x_wconf 88' lang='grc' dir='ltr'><strong>τά</strong></span> <span class='ocrx_word' id='word_1_29' title='bbox 1634 659 1814 715; x_wconf 86' lang='grc' dir='ltr'>πάντα</span> 
     </span>
    </p>
   </div>
   <div class='ocr_carea' id='block_1_6' title="bbox 1927 648 3508 731">
    <p class='ocr_par' dir='ltr' id='par_1_6' title="bbox 1927 658 3508 731">
     <span class='ocr_line' id='line_1_6' title="bbox 1927 658 3508 731; baseline -0.001 -17"><span class='ocrx_word' id='word_1_30' title='bbox 1927 675 2038 730; x_wconf 78' lang='lat' dir='ltr'><strong>quae</strong></span> <span class='ocrx_word' id='word_1_31' title='bbox 2081 660 2263 731; x_wconf 90' lang='lat' dir='ltr'><strong>potius</strong></span> <span class='ocrx_word' id='word_1_32' title='bbox 2297 658 2684 730; x_wconf 73' lang='lat' dir='ltr'><strong>perfectionem</strong></span> <span class='ocrx_word' id='word_1_33' title='bbox 2725 658 2831 715; x_wconf 85' lang='lat' dir='ltr'><strong>sibi</strong></span> <span class='ocrx_word' id='word_1_34' title='bbox 2870 659 3284 714; x_wconf 76' lang='lat' dir='ltr'><strong>convenientem</strong></span> <span class='ocrx_word' id='word_1_35' title='bbox 3321 661 3508 730; x_wconf 88' lang='lat' dir='ltr'><strong>requi-</strong></span> 
     </span>
    </p>
   </div>
   <div class='ocr_carea' id='block_1_7' title="bbox 237 742 1814 818">
    <p class='ocr_par' dir='ltr' id='par_1_7' title="bbox 237 742 1814 818">
     <span class='ocr_line' id='line_1_7' title="bbox 237 742 1814 818; baseline 0.005 -24"><span class='ocrx_word' id='word_1_36' title='bbox 237 742 637 813; x_wconf 83' lang='grc' dir='ltr'>ὑπερκειμένης</span> <span class='ocrx_word' id='word_1_37' title='bbox 669 742 878 811; x_wconf 79' lang='grc' dir='ltr'><strong>οὐσίας,</strong></span> <span class='ocrx_word' id='word_1_38' title='bbox 901 744 995 798; x_wconf 78' lang='grc' dir='ltr'>καὶ</span> <span class='ocrx_word' id='word_1_39' title='bbox 1017 744 1077 798; x_wconf 83' lang='grc' dir='ltr'>τὸ</span> <span class='ocrx_word' id='word_1_40' title='bbox 1098 745 1319 800; x_wconf 69' lang='grc' dir='ltr'>ἔλαττον</span> <span class='ocrx_word' id='word_1_41' title='bbox 1357 747 1659 817; x_wconf 72' lang='grc' dir='ltr'>οὐδαμόθεν</span> <span class='ocrx_word' id='word_1_42' title='bbox 1703 766 1814 818; x_wconf 90' lang='grc' dir='ltr'>χω-</span> 
     </span>
    </p>
   </div>
   <div class='ocr_carea' id='block_1_8' title="bbox 240 832 1812 911">
    <p class='ocr_par' dir='ltr' id='par_1_8' title="bbox 240 832 1812 911">
     <span class='ocr_line' id='line_1_8' title="bbox 240 832 1812 911; baseline 0.004 -26"><span class='ocrx_word' id='word_1_43' title='bbox 240 836 349 903; x_wconf 80' lang='grc' dir='ltr'>ρεῖν</span> <span class='ocrx_word' id='word_1_44' title='bbox 390 832 734 905; x_wconf 72' lang='grc' dir='ltr'>δυναμένης*</span> <span class='ocrx_word' id='word_1_45' title='bbox 786 834 1122 906; x_wconf 70' lang='grc' dir='ltr'><strong>ἀπαιτούσης</strong></span> <span class='ocrx_word' id='word_1_46' title='bbox 1168 837 1226 890; x_wconf 75' lang='grc' dir='ltr'>δὲ</span> <span class='ocrx_word' id='word_1_47' title='bbox 1280 838 1482 906; x_wconf 76' lang='grc' dir='ltr'>μᾶλλον</span> <span class='ocrx_word' id='word_1_48' title='bbox 1521 837 1621 910; x_wconf 78' lang='grc' dir='ltr'>τὴν</span> <span class='ocrx_word' id='word_1_49' title='bbox 1676 839 1812 911; x_wconf 74' lang='grc' dir='ltr'>αὑτῇ</span> 
     </span>
    </p>
   </div>
   <div class='ocr_carea' id='block_1_9' title="bbox 238 925 1814 999">
    <p class='ocr_par' dir='ltr' id='par_1_9' title="bbox 238 925 1814 999">
     <span class='ocr_line' id='line_1_9' title="bbox 238 925 1814 999; baseline 0.003 -22"><span class='ocrx_word' id='word_1_50' title='bbox 238 927 551 994; x_wconf 75' lang='grc' dir='ltr'>πρέπουσαν</span> <span class='ocrx_word' id='word_1_51' title='bbox 596 925 929 995; x_wconf 76' lang='grc' dir='ltr'><strong>τελειότητα,</strong></span> <span class='ocrx_word' id='word_1_52' title='bbox 964 927 1197 999; x_wconf 78' lang='grc' dir='ltr'>ἐπείπερ</span> <span class='ocrx_word' id='word_1_53' title='bbox 1231 928 1385 981; x_wconf 74' lang='grc' dir='ltr'>οὐδὲν</span> <span class='ocrx_word' id='word_1_54' title='bbox 1426 927 1646 982; x_wconf 69' lang='grc' dir='ltr'>ἔλαττον</span> <span class='ocrx_word' id='word_1_55' title='bbox 1691 927 1814 981; x_wconf 67' lang='grc' dir='ltr'>οὑδὲ</span> 
     </span>
    </p>
   </div>
   <div class='ocr_carea' id='block_1_10' title="bbox 240 1016 1719 1092">
    <p class='ocr_par' dir='ltr' id='par_1_10' title="bbox 240 1016 1719 1092">
     <span class='ocr_line' id='line_1_10' title="bbox 240 1016 1719 1092; baseline 0.003 -23"><span class='ocrx_word' id='word_1_56' title='bbox 240 1016 423 1081; x_wconf 83' lang='grc' dir='ltr'>ἀτελὲς</span> <span class='ocrx_word' id='word_1_57' title='bbox 450 1018 509 1071; x_wconf 85' lang='grc' dir='ltr'><strong>ἐν</strong></span> <span class='ocrx_word' id='word_1_58' title='bbox 537 1016 616 1091; x_wconf 78' lang='grc' dir='ltr'><strong>τῷ</strong></span> <span class='ocrx_word' id='word_1_59' title='bbox 644 1020 786 1073; x_wconf 88' lang='grc' dir='ltr'><strong>κατά</strong></span> <span class='ocrx_word' id='word_1_60' title='bbox 811 1017 972 1087; x_wconf 82' lang='grc' dir='ltr'>φύσιν</span> <span class='ocrx_word' id='word_1_61' title='bbox 1003 1019 1144 1091; x_wconf 81' lang='grc' dir='ltr'>Θεῷ,</span> <span class='ocrx_word' id='word_1_62' title='bbox 1164 1022 1303 1092; x_wconf 74' lang='grc' dir='ltr'>ὅπερ</span> <span class='ocrx_word' id='word_1_63' title='bbox 1329 1022 1476 1076; x_wconf 82' lang='grc' dir='ltr'>ἐστὶν</span> <span class='ocrx_word' id='word_1_64' title='bbox 1505 1022 1534 1075; x_wconf 86' lang='grc' dir='ltr'><strong>ό</strong></span> <span class='ocrx_word' id='word_1_65' title='bbox 1568 1020 1719 1085; x_wconf 79' lang='grc' dir='ltr'>Υἱός.</span> 
     </span>
    </p>
   </div>
   <div class='ocr_carea' id='block_1_11' title="bbox 918 1155 1116 1211">
    <p class='ocr_par' dir='ltr' id='par_1_11' title="bbox 918 1155 1116 1211">
     <span class='ocr_line' id='line_1_11' title="bbox 918 1155 1116 1211; baseline 0.005 -2"><span class='ocrx_word' id='word_1_66' title='bbox 918 1155 1116 1211; x_wconf 78' lang='grc' dir='ltr'><strong>ΔΛΛΟ.</strong></span> 
     </span>
    </p>
   </div>
   <div class='ocr_carea' id='block_1_12' title="bbox 301 1288 1815 1367">
    <p class='ocr_par' dir='ltr' id='par_1_12' title="bbox 301 1288 1815 1367">
     <span class='ocr_line' id='line_1_12' title="bbox 301 1288 1815 1367; baseline 0.004 -24"><span class='ocrx_word' id='word_1_67' title='bbox 301 1288 542 1353; x_wconf 75' lang='grc' dir='ltr'>Μείζονά</span> <span class='ocrx_word' id='word_1_68' title='bbox 565 1306 728 1359; x_wconf 84' lang='grc' dir='ltr'>φασιν</span> <span class='ocrx_word' id='word_1_69' title='bbox 751 1291 797 1343; x_wconf 89' lang='grc' dir='ltr'><strong>οἱ</strong></span> <span class='ocrx_word' id='word_1_70' title='bbox 826 1291 1184 1363; x_wconf 84' lang='grc' dir='ltr'>χριστομάχοι</span> <span class='ocrx_word' id='word_1_71' title='bbox 1212 1291 1308 1346; x_wconf 89' lang='grc' dir='ltr'><strong>τοῦ</strong></span> <span class='ocrx_word' id='word_1_72' title='bbox 1325 1293 1454 1348; x_wconf 87' lang='grc' dir='ltr'>Υίοῦ</span> <span class='ocrx_word' id='word_1_73' title='bbox 1476 1293 1567 1349; x_wconf 76' lang='grc' dir='ltr'>τὸν</span> <span class='ocrx_word' id='word_1_74' title='bbox 1591 1294 1815 1367; x_wconf 77' lang='grc' dir='ltr'><strong>Πατέρα</strong></span> 
     </span>
    </p>
   </div>
   <div class='ocr_carea' id='block_1_13' title="bbox 236 1377 1814 1457">
    <p class='ocr_par' dir='ltr' id='par_1_13' title="bbox 236 1377 1814 1457">
     <span class='ocr_line' id='line_1_13' title="bbox 236 1377 1814 1457; baseline 0.007 -28"><span class='ocrx_word' id='word_1_75' title='bbox 236 1377 645 1450; x_wconf 76' lang='grc' dir='ltr'>δυσφημοῦντες</span> <span class='ocrx_word' id='word_1_76' title='bbox 691 1381 1037 1451; x_wconf 76' lang='grc' dir='ltr'><strong>ἀφυλάκτως,</strong></span> <span class='ocrx_word' id='word_1_77' title='bbox 1078 1384 1171 1438; x_wconf 75' lang='grc' dir='ltr'>καὶ</span> <span class='ocrx_word' id='word_1_78' title='bbox 1235 1383 1311 1457; x_wconf 81' lang='grc' dir='ltr'>μὴ</span> <span class='ocrx_word' id='word_1_79' title='bbox 1364 1384 1633 1451; x_wconf 80' lang='grc' dir='ltr'>νοοῦντες,</span> <span class='ocrx_word' id='word_1_80' title='bbox 1670 1385 1814 1441; x_wconf 84' lang='grc' dir='ltr'><strong>καθά</strong></span> 
     </span>
    </p>
   </div>
   <div class='ocr_carea' id='block_1_14' title="bbox 234 1469 1816 1547">
    <p class='ocr_par' dir='ltr' id='par_1_14' title="bbox 234 1469 1816 1547">
     <span class='ocr_line' id='line_1_14' title="bbox 234 1469 1816 1547; baseline 0.004 -24"><span class='ocrx_word' id='word_1_81' title='bbox 234 1469 566 1541; x_wconf 79' lang='grc' dir='ltr'>γέγραπται,</span> <span class='ocrx_word' id='word_1_82' title='bbox 608 1474 749 1543; x_wconf 86' lang='grc' dir='ltr'>μήτε</span> <span class='ocrx_word' id='word_1_83' title='bbox 780 1472 816 1527; x_wconf 80' lang='grc' dir='ltr'><strong>ἀ</strong></span> <span class='ocrx_word' id='word_1_84' title='bbox 847 1473 1085 1543; x_wconf 77' lang='grc' dir='ltr'>λέγουσι,</span> <span class='ocrx_word' id='word_1_85' title='bbox 1123 1476 1262 1545; x_wconf 89' lang='grc' dir='ltr'>μήτε</span> <span class='ocrx_word' id='word_1_86' title='bbox 1294 1477 1424 1547; x_wconf 63' lang='grc' dir='ltr'><strong>περὶ⁸</strong></span> <span class='ocrx_word' id='word_1_87' title='bbox 1454 1477 1618 1529; x_wconf 90' lang='grc' dir='ltr'>τίνων</span> <span class='ocrx_word' id='word_1_88' title='bbox 1642 1476 1816 1531; x_wconf 79' lang='grc' dir='ltr'>διασε-</span> 
     </span>
    </p>
   </div>
   <div class='ocr_carea' id='block_1_15' title="bbox 234 1560 1816 1638">
    <p class='ocr_par' dir='ltr' id='par_1_15' title="bbox 234 1560 1816 1638">
     <span class='ocr_line' id='line_1_15' title="bbox 234 1560 1816 1638; baseline 0.007 -27"><span class='ocrx_word' id='word_1_89' title='bbox 234 1560 533 1616; x_wconf 78' lang='grc' dir='ltr'>σαιοῦνται.</span> <span class='ocrx_word' id='word_1_90' title='bbox 572 1564 662 1616; x_wconf 85' lang='grc' dir='ltr'><strong>Διὸ</strong></span> <span class='ocrx_word' id='word_1_91' title='bbox 693 1564 758 1635; x_wconf 82' lang='grc' dir='ltr'>δὴ</span> <span class='ocrx_word' id='word_1_92' title='bbox 798 1565 960 1618; x_wconf 84' lang='grc' dir='ltr'>πάλιν</span> <span class='ocrx_word' id='word_1_93' title='bbox 1009 1568 1129 1628; x_wconf 76' lang='grc' dir='ltr'>ταις</span> <span class='ocrx_word' id='word_1_94' title='bbox 1172 1566 1401 1621; x_wconf 89' lang='grc' dir='ltr'>ἐκείνων</span> <span class='ocrx_word' id='word_1_95' title='bbox 1454 1568 1677 1638; x_wconf 79' lang='grc' dir='ltr'><strong>μανίαις</strong></span> <span class='ocrx_word' id='word_1_96' title='bbox 1723 1568 1816 1623; x_wconf 81' lang='grc' dir='ltr'>τὸν</span> 
     </span>
    </p>
   </div>
   <div class='ocr_carea' id='block_1_16' title="bbox 231 1651 1810 1728">
    <p class='ocr_par' dir='ltr' id='par_1_16' title="bbox 231 1651 1810 1728">
     <span class='ocr_line' id='line_1_16' title="bbox 231 1651 1810 1728; baseline 0.004 -24"><span class='ocrx_word' id='word_1_97' title='bbox 231 1651 388 1722; x_wconf 79' lang='grc' dir='ltr'>ὀρθὸν</span> <span class='ocrx_word' id='word_1_98' title='bbox 421 1653 939 1724; x_wconf 82' lang='grc' dir='ltr'>άντιστρατεὺοντες</span> <span class='ocrx_word' id='word_1_99' title='bbox 982 1654 1161 1725; x_wconf 87' lang='grc' dir='ltr'>λόγον,</span> <span class='ocrx_word' id='word_1_100' title='bbox 1195 1658 1545 1728; x_wconf 81' lang='grc' dir='ltr'>ἐρωτήσομεν</span> <span class='ocrx_word' id='word_1_101' title='bbox 1587 1656 1810 1721; x_wconf 74' lang='grc' dir='ltr'>αὑτοὺςο</span> 
     </span>
    </p>
   </div>
   <div class='ocr_carea' id='block_1_17' title="bbox 229 1740 1815 1820">
    <p class='ocr_par' dir='ltr' id='par_1_17' title="bbox 229 1740 1815 1820">
     <span class='ocr_line' id='line_1_17' title="bbox 229 1740 1815 1820; baseline 0.003 -24"><span class='ocrx_word' id='word_1_102' title='bbox 229 1743 432 1811; x_wconf 62' lang='grc' dir='ltr'>Δέγετε</span> <span class='ocrx_word' id='word_1_103' title='bbox 473 1745 635 1799; x_wconf 88' lang='grc' dir='ltr'>πάλιν</span> <span class='ocrx_word' id='word_1_104' title='bbox 666 1747 817 1817; x_wconf 70' lang='grc' dir='ltr'>ἡμῖν,</span> <span class='ocrx_word' id='word_1_105' title='bbox 856 1741 900 1801; x_wconf 77' lang='grc' dir='ltr'><strong>ὦ</strong></span> <span class='ocrx_word' id='word_1_106' title='bbox 930 1740 1101 1813; x_wconf 72' lang='grc' dir='ltr'>οὗτοι,</span> <span class='ocrx_word' id='word_1_107' title='bbox 1132 1748 1360 1819; x_wconf 84' lang='grc' dir='ltr'>πότερόν</span> <span class='ocrx_word' id='word_1_108' title='bbox 1386 1766 1537 1816; x_wconf 87' lang='grc' dir='ltr'>ποτε,</span> <span class='ocrx_word' id='word_1_109' title='bbox 1561 1749 1815 1820; x_wconf 86' lang='grc' dir='ltr'>καθάπερ</span> 
     </span>
    </p>
   </div>
   <div class='ocr_carea' id='block_1_18' title="bbox 232 1831 1815 1909">
    <p class='ocr_par' dir='ltr' id='par_1_18' title="bbox 232 1831 1815 1909">
     <span class='ocr_line' id='line_1_18' title="bbox 232 1831 1815 1909; baseline 0.004 -24"><span class='ocrx_word' id='word_1_110' title='bbox 232 1833 387 1903; x_wconf 73' lang='grc' dir='ltr'>ὑμεῖς</span> <span class='ocrx_word' id='word_1_111' title='bbox 413 1851 576 1903; x_wconf 79' lang='grc' dir='ltr'>φατε,</span> <span class='ocrx_word' id='word_1_112' title='bbox 613 1836 814 1906; x_wconf 80' lang='grc' dir='ltr'>μείζων</span> <span class='ocrx_word' id='word_1_113' title='bbox 846 1831 915 1908; x_wconf 76' lang='grc' dir='ltr'>ἦν</span> <span class='ocrx_word' id='word_1_114' title='bbox 942 1838 1029 1891; x_wconf 76' lang='grc' dir='ltr'>ἀεὶ</span> <span class='ocrx_word' id='word_1_115' title='bbox 1056 1840 1085 1891; x_wconf 87' lang='grc' dir='ltr'><strong>ό</strong></span> <span class='ocrx_word' id='word_1_116' title='bbox 1119 1838 1309 1908; x_wconf 81' lang='grc' dir='ltr'>Πατὴρ</span> <span class='ocrx_word' id='word_1_117' title='bbox 1343 1837 1435 1891; x_wconf 88' lang='grc' dir='ltr'><strong>τοῦ</strong></span> <span class='ocrx_word' id='word_1_118' title='bbox 1464 1838 1620 1903; x_wconf 87' lang='grc' dir='ltr'>Υίοῦ,</span> <span class='ocrx_word' id='word_1_119' title='bbox 1653 1838 1686 1909; x_wconf 77' lang='grc' dir='ltr'><strong>ἢ</strong></span> <span class='ocrx_word' id='word_1_120' title='bbox 1721 1838 1815 1907; x_wconf 82' lang='grc' dir='ltr'>γέ-</span> 
     </span>
    </p>
   </div>
   <div class='ocr_carea' id='block_1_19' title="bbox 228 1925 1813 2001">
    <p class='ocr_par' dir='ltr' id='par_1_19' title="bbox 228 1925 1813 2001">
     <span class='ocr_line' id='line_1_19' title="bbox 228 1925 1813 2001; baseline 0.004 -22"><span class='ocrx_word' id='word_1_121' title='bbox 228 1942 384 1992; x_wconf 86' lang='grc' dir='ltr'>γονεν</span> <span class='ocrx_word' id='word_1_122' title='bbox 406 1926 670 1997; x_wconf 83' lang='grc' dir='ltr'>ὑστερον;</span> <span class='ocrx_word' id='word_1_123' title='bbox 706 1929 769 1981; x_wconf 82' lang='lat' dir='ltr'><strong>El</strong></span> <span class='ocrx_word' id='word_1_124' title='bbox 807 1929 905 2001; x_wconf 80' lang='grc' dir='ltr'>μὲν</span> <span class='ocrx_word' id='word_1_125' title='bbox 934 1925 1028 1983; x_wconf 83' lang='grc' dir='ltr'>οὖν</span> <span class='ocrx_word' id='word_1_126' title='bbox 1061 1929 1204 1983; x_wconf 87' lang='grc' dir='ltr'>κατά</span> <span class='ocrx_word' id='word_1_127' title='bbox 1234 1947 1353 1983; x_wconf 90' lang='grc' dir='ltr'>τινα</span> <span class='ocrx_word' id='word_1_128' title='bbox 1380 1930 1573 2001; x_wconf 82' lang='grc' dir='ltr'>χρόνον</span> <span class='ocrx_word' id='word_1_129' title='bbox 1609 1928 1813 1999; x_wconf 77' lang='grc' dir='ltr'>μείζων</span> 
     </span>
    </p>
   </div>
   <div class='ocr_carea' id='block_1_20' title="bbox 226 2016 1809 2092">
    <p class='ocr_par' dir='ltr' id='par_1_20' title="bbox 226 2016 1809 2092">
     <span class='ocr_line' id='line_1_20' title="bbox 226 2016 1809 2092; baseline 0.004 -25"><span class='ocrx_word' id='word_1_130' title='bbox 226 2016 480 2083; x_wconf 73' lang='grc' dir='ltr'>ἐφαίνετο</span> <span class='ocrx_word' id='word_1_131' title='bbox 506 2017 601 2070; x_wconf 88' lang='grc' dir='ltr'><strong>τοῦ</strong></span> <span class='ocrx_word' id='word_1_132' title='bbox 621 2018 773 2085; x_wconf 84' lang='grc' dir='ltr'>Υἱοῦ,</span> <span class='ocrx_word' id='word_1_133' title='bbox 805 2020 1144 2091; x_wconf 76' lang='grc' dir='ltr'>προσγέγονέ</span> <span class='ocrx_word' id='word_1_134' title='bbox 1161 2038 1213 2075; x_wconf 89' lang='grc' dir='ltr'><strong>τι</strong></span> <span class='ocrx_word' id='word_1_135' title='bbox 1236 2020 1317 2091; x_wconf 86' lang='grc' dir='ltr'><strong>τῷ</strong></span> <span class='ocrx_word' id='word_1_136' title='bbox 1339 2021 1459 2092; x_wconf 86' lang='grc' dir='ltr'>Θεῷ</span> <span class='ocrx_word' id='word_1_137' title='bbox 1488 2022 1577 2075; x_wconf 84' lang='grc' dir='ltr'>καὶ</span> <span class='ocrx_word' id='word_1_138' title='bbox 1602 2021 1776 2092; x_wconf 76' lang='grc' dir='ltr'>Πατρί</span> <span class='ocrx_word' id='word_1_139' title='bbox 1794 2038 1809 2052; x_wconf 83' lang='grc'><strong>·</strong></span> 
     </span>
    </p>
   </div>
   <div class='ocr_carea' id='block_1_21' title="bbox 228 2106 1809 2183">
    <p class='ocr_par' dir='ltr' id='par_1_21' title="bbox 228 2106 1809 2183">
     <span class='ocr_line' id='line_1_21' title="bbox 228 2106 1809 2183; baseline 0.004 -25"><span class='ocrx_word' id='word_1_140' title='bbox 228 2106 317 2159; x_wconf 76' lang='grc' dir='ltr'><strong>καὶ</strong></span> <span class='ocrx_word' id='word_1_141' title='bbox 334 2106 365 2159; x_wconf 86' lang='grc' dir='ltr'><strong>δ</strong></span> <span class='ocrx_word' id='word_1_142' title='bbox 385 2106 465 2179; x_wconf 79' lang='grc' dir='ltr'>μὴ</span> <span class='ocrx_word' id='word_1_143' title='bbox 489 2108 754 2181; x_wconf 87' lang='grc' dir='ltr'>πρότερον</span> <span class='ocrx_word' id='word_1_144' title='bbox 782 2110 1026 2181; x_wconf 79' lang='grc' dir='ltr'>ὑπῆρχεν</span> <span class='ocrx_word' id='word_1_145' title='bbox 1052 2110 1223 2183; x_wconf 85' lang='grc' dir='ltr'>αὑτῷ,</span> <span class='ocrx_word' id='word_1_146' title='bbox 1250 2111 1346 2166; x_wconf 89' lang='grc' dir='ltr'><strong>νῦν</strong></span> <span class='ocrx_word' id='word_1_147' title='bbox 1371 2111 1511 2182; x_wconf 68' lang='grc' dir='ltr'>ἔχων</span> <span class='ocrx_word' id='word_1_148' title='bbox 1538 2112 1809 2181; x_wconf 76' lang='grc' dir='ltr'>φαίνεται·</span> 
     </span>
    </p>
   </div>
   <div class='ocr_carea' id='block_1_22' title="bbox 226 2194 1812 2275">
    <p class='ocr_par' dir='ltr' id='par_1_22' title="bbox 226 2194 1812 2275">
     <span class='ocr_line' id='line_1_22' title="bbox 226 2194 1812 2275; baseline 0.004 -25"><span class='ocrx_word' id='word_1_149' title='bbox 226 2198 342 2260; x_wconf 81' lang='grc' dir='ltr'><strong>πῶς</strong></span> <span class='ocrx_word' id='word_1_150' title='bbox 373 2194 469 2251; x_wconf 77' lang='grc' dir='ltr'>οὖν</span> <span class='ocrx_word' id='word_1_151' title='bbox 510 2199 717 2263; x_wconf 77' lang='grc' dir='ltr'>τέλειος</span> <span class='ocrx_word' id='word_1_152' title='bbox 754 2196 823 2272; x_wconf 76' lang='grc' dir='ltr'>ἦν</span> <span class='ocrx_word' id='word_1_153' title='bbox 858 2203 888 2255; x_wconf 86' lang='grc' dir='ltr'><strong>ό</strong></span> <span class='ocrx_word' id='word_1_154' title='bbox 924 2201 1114 2255; x_wconf 80' lang='grc' dir='ltr'>τούτου</span> <span class='ocrx_word' id='word_1_155' title='bbox 1156 2202 1478 2274; x_wconf 82' lang='grc' dir='ltr'>λειπόμενος</span> <span class='ocrx_word' id='word_1_156' title='bbox 1510 2203 1567 2270; x_wconf 76' lang='grc' dir='ltr'>ἐξ</span> <span class='ocrx_word' id='word_1_157' title='bbox 1602 2203 1812 2275; x_wconf 74' lang='grc' dir='ltr'>ἀρχῆςς</span> 
     </span>
    </p>
   </div>
   <div class='ocr_carea' id='block_1_23' title="bbox 239 2286 1810 2365">
    <p class='ocr_par' dir='ltr' id='par_1_23' title="bbox 239 2286 1810 2365">
     <span class='ocr_line' id='line_1_23' title="bbox 239 2286 1810 2365; baseline 0.003 -22"><span class='ocrx_word' id='word_1_158' title='bbox 239 2290 377 2343; x_wconf 82' lang='grc' dir='ltr'>Ἀλλ’</span> <span class='ocrx_word' id='word_1_159' title='bbox 400 2286 472 2361; x_wconf 80' lang='grc' dir='ltr'>ἦν</span> <span class='ocrx_word' id='word_1_160' title='bbox 500 2292 589 2344; x_wconf 78' lang='grc' dir='ltr'>ἀεὶ</span> <span class='ocrx_word' id='word_1_161' title='bbox 618 2292 843 2358; x_wconf 81' lang='grc' dir='ltr'>τέλειος,</span> <span class='ocrx_word' id='word_1_162' title='bbox 876 2294 977 2347; x_wconf 88' lang='grc' dir='ltr'><strong>οὑκ</strong></span> <span class='ocrx_word' id='word_1_163' title='bbox 1004 2295 1113 2364; x_wconf 79' lang='grc' dir='ltr'>ἄρα</span> <span class='ocrx_word' id='word_1_164' title='bbox 1135 2294 1380 2347; x_wconf 90' lang='grc' dir='ltr'>ἐλείπετο</span> <span class='ocrx_word' id='word_1_165' title='bbox 1413 2294 1506 2347; x_wconf 88' lang='grc' dir='ltr'><strong>τοῦ</strong></span> <span class='ocrx_word' id='word_1_166' title='bbox 1534 2295 1810 2365; x_wconf 71' lang='grc' dir='ltr'>μείζονοςο</span> 
     </span>
    </p>
   </div>
   <div class='ocr_carea' id='block_1_24' title="bbox 222 2376 1815 2454">
    <p class='ocr_par' dir='ltr' id='par_1_24' title="bbox 222 2376 1815 2454">
     <span class='ocr_line' id='line_1_24' title="bbox 222 2376 1815 2454; baseline 0.003 -21"><span class='ocrx_word' id='word_1_167' title='bbox 222 2376 290 2452; x_wconf 79' lang='grc' dir='ltr'>ἦν</span> <span class='ocrx_word' id='word_1_168' title='bbox 322 2380 381 2435; x_wconf 68' lang='grc' dir='ltr'>δὲ</span> <span class='ocrx_word' id='word_1_169' title='bbox 415 2382 504 2436; x_wconf 77' lang='grc' dir='ltr'>ἀεὶ</span> <span class='ocrx_word' id='word_1_170' title='bbox 535 2381 713 2449; x_wconf 87' lang='grc' dir='ltr'>τοῦτο,</span> <span class='ocrx_word' id='word_1_171' title='bbox 752 2383 874 2436; x_wconf 83' lang='grc' dir='ltr'>καθ’</span> <span class='ocrx_word' id='word_1_172' title='bbox 905 2385 1071 2454; x_wconf 79' lang='grc' dir='ltr'>ὑμᾶς.</span> <span class='ocrx_word' id='word_1_173' title='bbox 1090 2382 1252 2449; x_wconf 63' lang='lat' dir='ltr'><strong>axx,</strong></span> <span class='ocrx_word' id='word_1_174' title='bbox 1287 2377 1332 2437; x_wconf 79' lang='grc' dir='ltr'>ὧ</span> <span class='ocrx_word' id='word_1_175' title='bbox 1365 2382 1652 2453; x_wconf 80' lang='grc' dir='ltr'>βέλτιστοι,</span> <span class='ocrx_word' id='word_1_176' title='bbox 1689 2400 1815 2437; x_wconf 81' lang='grc' dir='ltr'>ουν-</span> 
     </span>
    </p>
   </div>
   <div class='ocr_carea' id='block_1_25' title="bbox 224 2473 1817 2544">
    <p class='ocr_par' dir='ltr' id='par_1_25' title="bbox 224 2473 1817 2544">
     <span class='ocr_line' id='line_1_25' title="bbox 224 2473 1817 2544; baseline 0.001 -20"><span class='ocrx_word' id='word_1_177' title='bbox 224 2473 387 2543; x_wconf 81' lang='grc' dir='ltr'>ορᾶτε</span> <span class='ocrx_word' id='word_1_178' title='bbox 433 2473 497 2543; x_wconf 78' lang='grc' dir='ltr'><strong>δή</strong></span> <span class='ocrx_word' id='word_1_179' title='bbox 546 2489 650 2525; x_wconf 88' lang='grc' dir='ltr'><strong>που</strong></span> <span class='ocrx_word' id='word_1_180' title='bbox 704 2473 798 2527; x_wconf 75' lang='grc' dir='ltr'>καὶ</span> <span class='ocrx_word' id='word_1_181' title='bbox 844 2474 1004 2544; x_wconf 82' lang='grc' dir='ltr'>ὑμεῖς</span> <span class='ocrx_word' id='word_1_182' title='bbox 1034 2476 1116 2527; x_wconf 80' lang='grc' dir='ltr'>ὅτι</span> <span class='ocrx_word' id='word_1_183' title='bbox 1149 2474 1237 2527; x_wconf 72' lang='grc' dir='ltr'><strong>διὰ</strong></span> <span class='ocrx_word' id='word_1_184' title='bbox 1268 2474 1329 2527; x_wconf 72' lang='grc' dir='ltr'>τὸ</span> <span class='ocrx_word' id='word_1_185' title='bbox 1357 2474 1579 2528; x_wconf 75' lang='grc' dir='ltr'>ἔλαττον</span> <span class='ocrx_word' id='word_1_186' title='bbox 1614 2475 1707 2528; x_wconf 80' lang='grc' dir='ltr'>καὶ</span> <span class='ocrx_word' id='word_1_187' title='bbox 1754 2473 1817 2526; x_wconf 83' lang='grc' dir='ltr'>τὸ</span> 
     </span>
    </p>
   </div>
   <div class='ocr_carea' id='block_1_26' title="bbox 228 2563 1817 2635">
    <p class='ocr_par' dir='ltr' id='par_1_26' title="bbox 228 2563 1817 2635">
     <span class='ocr_line' id='line_1_26' title="bbox 228 2563 1817 2635; baseline 0.001 -18"><span class='ocrx_word' id='word_1_188' title='bbox 228 2563 414 2633; x_wconf 80' lang='grc' dir='ltr'>μεῖζον</span> <span class='ocrx_word' id='word_1_189' title='bbox 463 2564 593 2633; x_wconf 77' lang='grc' dir='ltr'>ὑμῖν</span> <span class='ocrx_word' id='word_1_190' title='bbox 636 2564 876 2633; x_wconf 77' lang='grc' dir='ltr'>εὐλόγως</span> <span class='ocrx_word' id='word_1_191' title='bbox 925 2564 1279 2631; x_wconf 80' lang='grc' dir='ltr'>κινδυνεύσει,</span> <span class='ocrx_word' id='word_1_192' title='bbox 1332 2569 1425 2619; x_wconf 76' lang='grc' dir='ltr'>καὶ</span> <span class='ocrx_word' id='word_1_193' title='bbox 1474 2565 1817 2635; x_wconf 84' lang='grc' dir='ltr'>δειχθήσεται</span> 
     </span>
    </p>
   </div>
   <div class='ocr_carea' id='block_1_27' title="bbox 226 2655 1816 2729">
    <p class='ocr_par' dir='ltr' id='par_1_27' title="bbox 226 2655 1816 2729">
     <span class='ocr_line' id='line_1_27' title="bbox 226 2655 1816 2729; baseline 0.002 -21"><span class='ocrx_word' id='word_1_194' title='bbox 226 2655 411 2710; x_wconf 72' lang='grc' dir='ltr'>λοιπὸν</span> <span class='ocrx_word' id='word_1_195' title='bbox 434 2655 603 2720; x_wconf 68' lang='grc' dir='ltr'>ἕωλος</span> <span class='ocrx_word' id='word_1_196' title='bbox 639 2657 794 2727; x_wconf 84' lang='grc' dir='ltr'>ὑμῶν</span> <span class='ocrx_word' id='word_1_197' title='bbox 827 2659 861 2729; x_wconf 84' lang='grc' dir='ltr'><strong>ή</strong></span> <span class='ocrx_word' id='word_1_198' title='bbox 890 2657 1175 2729; x_wconf 80' lang='grc' dir='ltr'>πρότασις.</span> <span class='ocrx_word' id='word_1_199' title='bbox 1208 2659 1281 2712; x_wconf 85' lang='grc' dir='ltr'>Τὸ</span> <span class='ocrx_word' id='word_1_200' title='bbox 1311 2658 1420 2726; x_wconf 75' lang='grc' dir='ltr'><strong>γάρ</strong></span> <span class='ocrx_word' id='word_1_201' title='bbox 1464 2658 1647 2728; x_wconf 77' lang='grc' dir='ltr'>μεῖζόν</span> <span class='ocrx_word' id='word_1_202' title='bbox 1671 2675 1816 2723; x_wconf 85' lang='grc' dir='ltr'>τινος</span> 
     </span>
    </p>
   </div>
   <div class='ocr_carea' id='block_1_28' title="bbox 226 2746 1817 2821">
    <p class='ocr_par' dir='ltr' id='par_1_28' title="bbox 226 2746 1817 2821">
     <span class='ocr_line' id='line_1_28' title="bbox 226 2746 1817 2821; baseline 0.002 -21"><span class='ocrx_word' id='word_1_203' title='bbox 226 2746 540 2817; x_wconf 78' lang='grc' dir='ltr'>λεγόμενον,</span> <span class='ocrx_word' id='word_1_204' title='bbox 572 2748 672 2801; x_wconf 80' lang='grc' dir='ltr'><strong>οὑκ</strong></span> <span class='ocrx_word' id='word_1_205' title='bbox 699 2748 766 2802; x_wconf 77' lang='grc' dir='ltr'>ἂν</span> <span class='ocrx_word' id='word_1_206' title='bbox 797 2749 881 2820; x_wconf 73' lang='grc' dir='ltr'>εἴη</span> <span class='ocrx_word' id='word_1_207' title='bbox 913 2750 1119 2820; x_wconf 75' lang='grc' dir='ltr'>μεῖζον,</span> <span class='ocrx_word' id='word_1_208' title='bbox 1155 2749 1230 2821; x_wconf 83' lang='grc' dir='ltr'>μὴ</span> <span class='ocrx_word' id='word_1_209' title='bbox 1275 2750 1463 2821; x_wconf 78' lang='grc' dir='ltr'>ἐτέρου</span> <span class='ocrx_word' id='word_1_210' title='bbox 1499 2751 1645 2813; x_wconf 84' lang='grc' dir='ltr'>τινὸς</span> <span class='ocrx_word' id='word_1_211' title='bbox 1676 2750 1817 2804; x_wconf 86' lang='grc' dir='ltr'>πάν-</span> 
     </span>
    </p>
   </div>
   <div class='ocr_carea' id='block_1_29' title="bbox 226 2839 1819 2912">
    <p class='ocr_par' dir='ltr' id='par_1_29' title="bbox 226 2839 1819 2912">
     <span class='ocr_line' id='line_1_29' title="bbox 226 2839 1819 2912; baseline 0.003 -22"><span class='ocrx_word' id='word_1_212' title='bbox 226 2854 335 2903; x_wconf 88' lang='grc' dir='ltr'><strong>τως</strong></span> <span class='ocrx_word' id='word_1_213' title='bbox 366 2839 772 2911; x_wconf 77' lang='grc' dir='ltr'>παρακειμένου</span> <span class='ocrx_word' id='word_1_214' title='bbox 803 2842 898 2893; x_wconf 78' lang='grc' dir='ltr'>καὶ</span> <span class='ocrx_word' id='word_1_215' title='bbox 924 2841 1226 2904; x_wconf 81' lang='grc' dir='ltr'>ἐλάττονος,</span> <span class='ocrx_word' id='word_1_216' title='bbox 1269 2840 1405 2911; x_wconf 78' lang='grc' dir='ltr'>πρὸς</span> <span class='ocrx_word' id='word_1_217' title='bbox 1433 2841 1461 2893; x_wconf 84' lang='grc' dir='ltr'><strong>δ</strong></span> <span class='ocrx_word' id='word_1_218' title='bbox 1492 2840 1556 2912; x_wconf 83' lang='grc' dir='ltr'>δὴ</span> <span class='ocrx_word' id='word_1_219' title='bbox 1594 2843 1688 2895; x_wconf 73' lang='grc' dir='ltr'>καὶ</span> <span class='ocrx_word' id='word_1_220' title='bbox 1720 2859 1819 2912; x_wconf 60' lang='grc' dir='ltr'>με.</span> 
     </span>
    </p>
   </div>
   <div class='ocr_carea' id='block_1_30' title="bbox 227 2930 1820 3003">
    <p class='ocr_par' dir='ltr' id='par_1_30' title="bbox 227 2930 1820 3003">
     <span class='ocr_line' id='line_1_30' title="bbox 227 2930 1820 3003; baseline 0.003 -20"><span class='ocrx_word' id='word_1_221' title='bbox 227 2930 551 3003; x_wconf 82' lang='grc' dir='ltr'>τροὺμενον,</span> <span class='ocrx_word' id='word_1_222' title='bbox 588 2930 773 3001; x_wconf 73' lang='grc' dir='ltr'>μεῖζον</span> <span class='ocrx_word' id='word_1_223' title='bbox 806 2933 883 2996; x_wconf 87' lang='grc' dir='ltr'>ὡς</span> <span class='ocrx_word' id='word_1_224' title='bbox 912 2932 1048 3003; x_wconf 83' lang='grc' dir='ltr'>πρὸς</span> <span class='ocrx_word' id='word_1_225' title='bbox 1080 2932 1215 2986; x_wconf 81' lang='grc' dir='ltr'>αὑτὸ</span> <span class='ocrx_word' id='word_1_226' title='bbox 1245 2934 1518 3002; x_wconf 80' lang='grc' dir='ltr'>φαίνεται.</span> <span class='ocrx_word' id='word_1_227' title='bbox 1548 2934 1611 2987; x_wconf 85' lang='lat' dir='ltr'><strong>Ei</strong></span> <span class='ocrx_word' id='word_1_228' title='bbox 1637 2934 1820 2989; x_wconf 84' lang='grc' dir='ltr'>τοίνυν</span> 
     </span>
    </p>
   </div>
   <div class='ocr_carea' id='block_1_31' title="bbox 224 3020 1821 3098">
    <p class='ocr_par' dir='ltr' id='par_1_31' title="bbox 224 3020 1821 3098">
     <span class='ocr_line' id='line_1_31' title="bbox 224 3020 1821 3098; baseline 0.003 -21"><span class='ocrx_word' id='word_1_229' title='bbox 224 3022 316 3077; x_wconf 76' lang='grc' dir='ltr'>ἀεὶ</span> <span class='ocrx_word' id='word_1_230' title='bbox 364 3023 569 3094; x_wconf 80' lang='grc' dir='ltr'>μείζων</span> <span class='ocrx_word' id='word_1_231' title='bbox 603 3020 671 3096; x_wconf 75' lang='grc' dir='ltr'>ἦν</span> <span class='ocrx_word' id='word_1_232' title='bbox 703 3028 732 3080; x_wconf 85' lang='grc' dir='ltr'>ὁ</span> <span class='ocrx_word' id='word_1_233' title='bbox 752 3026 945 3097; x_wconf 75' lang='grc' dir='ltr'>Πατὴρ</span> <span class='ocrx_word' id='word_1_234' title='bbox 982 3026 1079 3080; x_wconf 87' lang='grc' dir='ltr'><strong>τοῦ</strong></span> <span class='ocrx_word' id='word_1_235' title='bbox 1106 3026 1256 3092; x_wconf 89' lang='grc' dir='ltr'>Υίοῦ,</span> <span class='ocrx_word' id='word_1_236' title='bbox 1290 3027 1506 3098; x_wconf 79' lang='grc' dir='ltr'>ἀνάγκη</span> <span class='ocrx_word' id='word_1_237' title='bbox 1550 3029 1704 3082; x_wconf 82' lang='grc' dir='ltr'>πᾶσα</span> <span class='ocrx_word' id='word_1_238' title='bbox 1728 3029 1821 3081; x_wconf 81' lang='grc' dir='ltr'>τὸν</span> 
     </span>
    </p>
   </div>
   <div class='ocr_carea' id='block_1_32' title="bbox 224 3114 1822 3191">
    <p class='ocr_par' dir='ltr' id='par_1_32' title="bbox 224 3114 1822 3191">
     <span class='ocr_line' id='line_1_32' title="bbox 224 3114 1822 3191; baseline 0.003 -22"><span class='ocrx_word' id='word_1_239' title='bbox 224 3114 360 3170; x_wconf 82' lang='grc' dir='ltr'>Υίδν</span> <span class='ocrx_word' id='word_1_240' title='bbox 411 3117 858 3187; x_wconf 75' lang='grc' dir='ltr'>συνεισφέρεσθαι</span> <span class='ocrx_word' id='word_1_241' title='bbox 901 3117 977 3189; x_wconf 83' lang='grc' dir='ltr'>τῷ</span> <span class='ocrx_word' id='word_1_242' title='bbox 1023 3119 1216 3189; x_wconf 79' lang='grc' dir='ltr'>Πατρὶ,</span> <span class='ocrx_word' id='word_1_243' title='bbox 1259 3120 1394 3191; x_wconf 75' lang='grc' dir='ltr'>πρὸς</span> <span class='ocrx_word' id='word_1_244' title='bbox 1434 3120 1492 3173; x_wconf 81' lang='grc' dir='ltr'>ὃν</span> <span class='ocrx_word' id='word_1_245' title='bbox 1541 3120 1637 3185; x_wconf 83' lang='grc' dir='ltr'>ὡς,</span> <span class='ocrx_word' id='word_1_246' title='bbox 1689 3121 1822 3174; x_wconf 88' lang='grc' dir='ltr'>καθ’</span> 
     </span>
    </p>
   </div>
   <div class='ocr_carea' id='block_1_33' title="bbox 227 3207 1817 3282">
    <p class='ocr_par' dir='ltr' id='par_1_33' title="bbox 227 3207 1817 3282">
     <span class='ocr_line' id='line_1_33' title="bbox 227 3207 1817 3282; baseline 0.004 -22"><span class='ocrx_word' id='word_1_247' title='bbox 227 3207 396 3279; x_wconf 76' lang='grc' dir='ltr'>ὑμᾶς,</span> <span class='ocrx_word' id='word_1_248' title='bbox 424 3208 685 3263; x_wconf 82' lang='grc' dir='ltr'>ἐλάττονα</span> <span class='ocrx_word' id='word_1_249' title='bbox 699 3210 828 3263; x_wconf 75' lang='grc' dir='ltr'>ὄντα</span> <span class='ocrx_word' id='word_1_250' title='bbox 852 3210 1301 3281; x_wconf 84' lang='grc' dir='ltr'>συγκρινόμενος,</span> <span class='ocrx_word' id='word_1_251' title='bbox 1325 3209 1526 3279; x_wconf 76' lang='grc' dir='ltr'>μείζων</span> <span class='ocrx_word' id='word_1_252' title='bbox 1544 3212 1817 3282; x_wconf 84' lang='grc' dir='ltr'>ἐφαίνετο,</span> 
     </span>
    </p>
   </div>
   <div class='ocr_carea' id='block_1_34' title="bbox 1920 748 3507 823">
    <p class='ocr_par' dir='ltr' id='par_1_34' title="bbox 1920 748 3507 823">
     <span class='ocr_line' id='line_1_34' title="bbox 1920 748 3507 823; baseline 0 -15"><span class='ocrx_word' id='word_1_253' title='bbox 1920 753 2010 817; x_wconf 92' lang='lat' dir='ltr'><strong>rit,</strong></span> <span class='ocrx_word' id='word_1_254' title='bbox 2039 752 2307 823; x_wconf 84' lang='lat' dir='ltr'><strong>siquidem</strong></span> <span class='ocrx_word' id='word_1_255' title='bbox 2348 752 2481 807; x_wconf 88' lang='lat' dir='ltr'><strong>nihil</strong></span> <span class='ocrx_word' id='word_1_256' title='bbox 2509 753 2689 807; x_wconf 87' lang='lat' dir='ltr'><strong>minus</strong></span> <span class='ocrx_word' id='word_1_257' title='bbox 2717 759 2812 807; x_wconf 81' lang='lat' dir='ltr'><strong>aut</strong></span> <span class='ocrx_word' id='word_1_258' title='bbox 2841 748 3219 821; x_wconf 84' lang='lat' dir='ltr'><strong>imperfectum</strong></span> <span class='ocrx_word' id='word_1_259' title='bbox 3250 766 3333 807; x_wconf 84' lang='lat' dir='ltr'><strong>est</strong></span> <span class='ocrx_word' id='word_1_260' title='bbox 3362 752 3414 807; x_wconf 89' lang='lat' dir='ltr'><strong>in</strong></span> <span class='ocrx_word' id='word_1_261' title='bbox 3441 766 3507 808; x_wconf 84' lang='lat' dir='ltr'><strong>eo</strong></span> 
     </span>
    </p>
   </div>
   <div class='ocr_carea' id='block_1_35' title="bbox 1917 840 3193 917">
    <p class='ocr_par' dir='ltr' id='par_1_35' title="bbox 1917 840 3193 917">
     <span class='ocr_line' id='line_1_35' title="bbox 1917 840 3193 917; baseline -0.005 -16"><span class='ocrx_word' id='word_1_262' title='bbox 1917 846 2011 917; x_wconf 87' lang='lat' dir='ltr'><strong>qui</strong></span> <span class='ocrx_word' id='word_1_263' title='bbox 2044 846 2370 901; x_wconf 75' lang='lat' dir='ltr'><strong>naturaliter</strong></span> <span class='ocrx_word' id='word_1_264' title='bbox 2397 843 2539 902; x_wconf 91' lang='lat' dir='ltr'><strong>Deus</strong></span> <span class='ocrx_word' id='word_1_265' title='bbox 2567 854 2674 913; x_wconf 82' lang='lat' dir='ltr'><strong>est,</strong></span> <span class='ocrx_word' id='word_1_266' title='bbox 2704 845 2806 901; x_wconf 89' lang='lat' dir='ltr'><strong>Itoc</strong></span> <span class='ocrx_word' id='word_1_267' title='bbox 2834 852 2919 899; x_wconf 82' lang='lat' dir='ltr'><strong>est</strong></span> <span class='ocrx_word' id='word_1_268' title='bbox 2948 844 3002 898; x_wconf 89' lang='lat' dir='ltr'><strong>in</strong></span> <span class='ocrx_word' id='word_1_269' title='bbox 3032 840 3193 896; x_wconf 86' lang='lat' dir='ltr'><strong>Filio.</strong></span> 
     </span>
    </p>
   </div>
   <div class='ocr_carea' id='block_1_36' title="bbox 2591 1147 2825 1206">
    <p class='ocr_par' dir='ltr' id='par_1_36' title="bbox 2591 1147 2825 1206">
     <span class='ocr_line' id='line_1_36' title="bbox 2591 1147 2825 1206; baseline -0.004 0"><span class='ocrx_word' id='word_1_270' title='bbox 2591 1147 2825 1206; x_wconf 80' lang='lat' dir='ltr'><strong>ALIUD.</strong></span> 
     </span>
    </p>
   </div>
   <div class='ocr_carea' id='block_1_37' title="bbox 1990 1282 3515 1359">
    <p class='ocr_par' dir='ltr' id='par_1_37' title="bbox 1990 1282 3515 1359">
     <span class='ocr_line' id='line_1_37' title="bbox 1990 1282 3515 1359; baseline -0.009 -10"><span class='ocrx_word' id='word_1_271' title='bbox 1990 1292 2189 1349; x_wconf 80' lang='lat' dir='ltr'><strong>Hostes</strong></span> <span class='ocrx_word' id='word_1_272' title='bbox 2217 1289 2422 1347; x_wconf 82' lang='lat' dir='ltr'><strong>Christi</strong></span> <span class='ocrx_word' id='word_1_273' title='bbox 2455 1288 2719 1359; x_wconf 76' lang='lat' dir='ltr'><strong>majorem</strong></span> <span class='ocrx_word' id='word_1_274' title='bbox 2756 1287 2919 1342; x_wconf 86' lang='lat' dir='ltr'><strong>Patre</strong></span> <span class='ocrx_word' id='word_1_275' title='bbox 2946 1286 3144 1341; x_wconf 81' lang='lat' dir='ltr'><strong>Filium</strong></span> <span class='ocrx_word' id='word_1_276' title='bbox 3176 1298 3296 1340; x_wconf 87' lang='lat' dir='ltr'><strong>esse</strong></span> <span class='ocrx_word' id='word_1_277' title='bbox 3325 1282 3515 1338; x_wconf 88' lang='lat' dir='ltr'><strong>dicunt</strong></span> 
     </span>
    </p>
   </div>
   <div class='ocr_carea' id='block_1_38' title="bbox 1917 1376 3512 1456">
    <p class='ocr_par' dir='ltr' id='par_1_38' title="bbox 1917 1376 3512 1456">
     <span class='ocr_line' id='line_1_38' title="bbox 1917 1376 3512 1456; baseline -0.008 -16"><span class='ocrx_word' id='word_1_278' title='bbox 1917 1386 2156 1456; x_wconf 73' lang='lat' dir='ltr'><strong>graviter</strong></span> <span class='ocrx_word' id='word_1_279' title='bbox 2179 1384 2638 1455; x_wconf 88' lang='lat' dir='ltr'><strong>hlasphemantes,</strong></span> <span class='ocrx_word' id='word_1_280' title='bbox 2663 1391 2718 1436; x_wconf 90' lang='lat' dir='ltr'><strong>et</strong></span> <span class='ocrx_word' id='word_1_281' title='bbox 2746 1397 2851 1435; x_wconf 94' lang='lat' dir='ltr'><strong>non</strong></span> <span class='ocrx_word' id='word_1_282' title='bbox 2877 1378 3265 1450; x_wconf 87' lang='lat' dir='ltr'><strong>intelligentes,</strong></span> <span class='ocrx_word' id='word_1_283' title='bbox 3291 1385 3349 1430; x_wconf 92' lang='lat' dir='ltr'><strong>ut</strong></span> <span class='ocrx_word' id='word_1_284' title='bbox 3373 1376 3512 1431; x_wconf 83' lang='lat' dir='ltr'><strong>scri-</strong></span> 
     </span>
    </p>
   </div>
   <div class='ocr_carea' id='block_1_39' title="bbox 1917 1472 3511 1549">
    <p class='ocr_par' dir='ltr' id='par_1_39' title="bbox 1917 1472 3511 1549">
     <span class='ocr_line' id='line_1_39' title="bbox 1917 1472 3511 1549; baseline -0.008 -17"><span class='ocrx_word' id='word_1_285' title='bbox 1917 1487 2068 1549; x_wconf 87' lang='lat' dir='ltr'><strong>ptum</strong></span> <span class='ocrx_word' id='word_1_286' title='bbox 2099 1485 2183 1532; x_wconf 91' lang='lat' dir='ltr'><strong>est</strong></span> <span class='ocrx_word' id='word_1_287' title='bbox 2205 1478 2276 1541; x_wconf 81' lang='lat'><strong>&quot;,</strong></span> <span class='ocrx_word' id='word_1_288' title='bbox 2306 1489 2483 1545; x_wconf 87' lang='lat' dir='ltr'><strong>neque</strong></span> <span class='ocrx_word' id='word_1_289' title='bbox 2508 1488 2571 1529; x_wconf 82' lang='lat' dir='ltr'><strong>ea</strong></span> <span class='ocrx_word' id='word_1_290' title='bbox 2603 1487 2723 1542; x_wconf 76' lang='lat' dir='ltr'><strong>quae</strong></span> <span class='ocrx_word' id='word_1_291' title='bbox 2754 1472 2973 1537; x_wconf 91' lang='lat' dir='ltr'><strong>dicunt,</strong></span> <span class='ocrx_word' id='word_1_292' title='bbox 3005 1484 3181 1539; x_wconf 91' lang='lat' dir='ltr'><strong>neque</strong></span> <span class='ocrx_word' id='word_1_293' title='bbox 3210 1482 3330 1538; x_wconf 74' lang='lat' dir='ltr'><strong>quae</strong></span> <span class='ocrx_word' id='word_1_294' title='bbox 3360 1481 3511 1521; x_wconf 89' lang='lat' dir='ltr'><strong>asse-</strong></span> 
     </span>
    </p>
   </div>
   <div class='ocr_carea' id='block_1_40' title="bbox 1916 1559 3511 1633">
    <p class='ocr_par' dir='ltr' id='par_1_40' title="bbox 1916 1559 3511 1633">
     <span class='ocr_line' id='line_1_40' title="bbox 1916 1559 3511 1633; baseline -0.006 -12"><span class='ocrx_word' id='word_1_295' title='bbox 1916 1577 2127 1623; x_wconf 77' lang='lat' dir='ltr'><strong>verant.</strong></span> <span class='ocrx_word' id='word_1_296' title='bbox 2163 1566 2433 1633; x_wconf 84' lang='lat' dir='ltr'><strong>Quocirca</strong></span> <span class='ocrx_word' id='word_1_297' title='bbox 2471 1579 2662 1619; x_wconf 81' lang='lat' dir='ltr'><strong>rursus</strong></span> <span class='ocrx_word' id='word_1_298' title='bbox 2699 1563 2915 1619; x_wconf 91' lang='lat' dir='ltr'><strong>illorum</strong></span> <span class='ocrx_word' id='word_1_299' title='bbox 2956 1560 3185 1617; x_wconf 77' lang='lat' dir='ltr'><strong>insaniae</strong></span> <span class='ocrx_word' id='word_1_300' title='bbox 3219 1559 3511 1615; x_wconf 82' lang='lat' dir='ltr'><strong>veritatem</strong></span> 
     </span>
    </p>
   </div>
   <div class='ocr_carea' id='block_1_41' title="bbox 1916 1651 3512 1731">
    <p class='ocr_par' dir='ltr' id='par_1_41' title="bbox 1916 1651 3512 1731">
     <span class='ocr_line' id='line_1_41' title="bbox 1916 1651 3512 1731; baseline -0.006 -16"><span class='ocrx_word' id='word_1_301' title='bbox 1916 1669 2275 1731; x_wconf 87' lang='lat' dir='ltr'><strong>opponentes,</strong></span> <span class='ocrx_word' id='word_1_302' title='bbox 2310 1673 2405 1713; x_wconf 89' lang='lat' dir='ltr'><strong>eos</strong></span> <span class='ocrx_word' id='word_1_303' title='bbox 2442 1656 2921 1727; x_wconf 79' lang='lat' dir='ltr'><strong>interrogabimus.</strong></span> <span class='ocrx_word' id='word_1_304' title='bbox 2958 1654 3132 1709; x_wconf 88' lang='lat' dir='ltr'><strong>Dicite</strong></span> <span class='ocrx_word' id='word_1_305' title='bbox 3167 1652 3347 1719; x_wconf 89' lang='lat' dir='ltr'><strong>nobis,</strong></span> <span class='ocrx_word' id='word_1_306' title='bbox 3383 1651 3512 1705; x_wconf 90' lang='lat' dir='ltr'><strong>boni</strong></span> 
     </span>
    </p>
   </div>
   <div class='ocr_carea' id='block_1_42' title="bbox 1919 1740 3516 1820">
    <p class='ocr_par' dir='ltr' id='par_1_42' title="bbox 1919 1740 3516 1820">
     <span class='ocr_line' id='line_1_42' title="bbox 1919 1740 3516 1820; baseline -0.005 -15"><span class='ocrx_word' id='word_1_307' title='bbox 1919 1752 2057 1816; x_wconf 90' lang='lat' dir='ltr'><strong>viri,</strong></span> <span class='ocrx_word' id='word_1_308' title='bbox 2091 1750 2287 1806; x_wconf 83' lang='lat' dir='ltr'><strong>Fuitne</strong></span> <span class='ocrx_word' id='word_1_309' title='bbox 2335 1764 2551 1820; x_wconf 83' lang='lat' dir='ltr'><strong>semper</strong></span> <span class='ocrx_word' id='word_1_310' title='bbox 2580 1748 2772 1818; x_wconf 86' lang='lat' dir='ltr'><strong>major,</strong></span> <span class='ocrx_word' id='word_1_311' title='bbox 2803 1755 2864 1802; x_wconf 94' lang='lat' dir='ltr'><strong>ut</strong></span> <span class='ocrx_word' id='word_1_312' title='bbox 2903 1761 2999 1801; x_wconf 89' lang='lat' dir='ltr'><strong>vos</strong></span> <span class='ocrx_word' id='word_1_313' title='bbox 3030 1744 3341 1815; x_wconf 88' lang='lat' dir='ltr'><strong>loquimini,</strong></span> <span class='ocrx_word' id='word_1_314' title='bbox 3372 1740 3516 1797; x_wconf 86' lang='lat' dir='ltr'><strong>Filio</strong></span> 
     </span>
    </p>
   </div>
   <div class='ocr_carea' id='block_1_43' title="bbox 1919 1835 3514 1912">
    <p class='ocr_par' dir='ltr' id='par_1_43' title="bbox 1919 1835 3514 1912">
     <span class='ocr_line' id='line_1_43' title="bbox 1919 1835 3514 1912; baseline -0.007 -14"><span class='ocrx_word' id='word_1_315' title='bbox 1919 1843 2103 1909; x_wconf 87' lang='lat' dir='ltr'><strong>Pater,</strong></span> <span class='ocrx_word' id='word_1_316' title='bbox 2135 1858 2201 1897; x_wconf 90' lang='lat' dir='ltr'><strong>an</strong></span> <span class='ocrx_word' id='word_1_317' title='bbox 2239 1840 2525 1912; x_wconf 90' lang='lat' dir='ltr'><strong>postmodo</strong></span> <span class='ocrx_word' id='word_1_318' title='bbox 2558 1841 2610 1895; x_wconf 88' lang='lat' dir='ltr'><strong>id</strong></span> <span class='ocrx_word' id='word_1_319' title='bbox 2645 1838 2824 1894; x_wconf 82' lang='lat' dir='ltr'><strong>factus</strong></span> <span class='ocrx_word' id='word_1_320' title='bbox 2856 1837 2982 1892; x_wconf 78' lang='lat' dir='ltr'><strong>est?</strong></span> <span class='ocrx_word' id='word_1_321' title='bbox 3010 1835 3145 1890; x_wconf 80' lang='lat' dir='ltr'><strong>Nam</strong></span> <span class='ocrx_word' id='word_1_322' title='bbox 3184 1835 3231 1889; x_wconf 87' lang='lat' dir='ltr'><strong>si</strong></span> <span class='ocrx_word' id='word_1_323' title='bbox 3269 1843 3514 1901; x_wconf 80' lang='lat' dir='ltr'><strong>temet‘e</strong></span> 
     </span>
    </p>
   </div>
   <div class='ocr_carea' id='block_1_44' title="bbox 1916 1923 3515 2004">
    <p class='ocr_par' dir='ltr' id='par_1_44' title="bbox 1916 1923 3515 2004">
     <span class='ocr_line' id='line_1_44' title="bbox 1916 1923 3515 2004; baseline -0.006 -17"><span class='ocrx_word' id='word_1_324' title='bbox 1916 1934 2098 2004; x_wconf 88' lang='lat' dir='ltr'><strong>aliquo</strong></span> <span class='ocrx_word' id='word_1_325' title='bbox 2125 1933 2297 2000; x_wconf 85' lang='lat' dir='ltr'><strong>major</strong></span> <span class='ocrx_word' id='word_1_326' title='bbox 2316 1930 2453 1987; x_wconf 82' lang='lat' dir='ltr'><strong>Filio</strong></span> <span class='ocrx_word' id='word_1_327' title='bbox 2478 1929 2703 1985; x_wconf 79' lang='lat' dir='ltr'><strong>effectus</strong></span> <span class='ocrx_word' id='word_1_328' title='bbox 2727 1938 2833 1995; x_wconf 89' lang='lat' dir='ltr'><strong>est,</strong></span> <span class='ocrx_word' id='word_1_329' title='bbox 2856 1927 3090 1983; x_wconf 79' lang='lat' dir='ltr'><strong>accessit</strong></span> <span class='ocrx_word' id='word_1_330' title='bbox 3118 1926 3283 1996; x_wconf 77' lang='lat' dir='ltr'><strong>igitur</strong></span> <span class='ocrx_word' id='word_1_331' title='bbox 3306 1923 3515 1994; x_wconf 90' lang='lat' dir='ltr'><strong>aliquid</strong></span> 
     </span>
    </p>
   </div>
   <div class='ocr_carea' id='block_1_45' title="bbox 1917 2018 3517 2091">
    <p class='ocr_par' dir='ltr' id='par_1_45' title="bbox 1917 2018 3517 2091">
     <span class='ocr_line' id='line_1_45' title="bbox 1917 2018 3517 2091; baseline -0.007 -11"><span class='ocrx_word' id='word_1_332' title='bbox 1917 2026 2026 2080; x_wconf 88' lang='lat' dir='ltr'><strong>Deo</strong></span> <span class='ocrx_word' id='word_1_333' title='bbox 2064 2041 2128 2079; x_wconf 83' lang='lat' dir='ltr'><strong>ac</strong></span> <span class='ocrx_word' id='word_1_334' title='bbox 2165 2024 2313 2078; x_wconf 86' lang='lat' dir='ltr'><strong>Patri</strong></span> <span class='ocrx_word' id='word_1_335' title='bbox 2354 2043 2369 2080; x_wconf 89' lang='lat'><strong>:</strong></span> <span class='ocrx_word' id='word_1_336' title='bbox 2410 2032 2463 2078; x_wconf 92' lang='lat' dir='ltr'><strong>et</strong></span> <span class='ocrx_word' id='word_1_337' title='bbox 2502 2021 2646 2091; x_wconf 88' lang='lat' dir='ltr'><strong>quod</strong></span> <span class='ocrx_word' id='word_1_338' title='bbox 2685 2031 2847 2075; x_wconf 85' lang='lat' dir='ltr'><strong>antea</strong></span> <span class='ocrx_word' id='word_1_339' title='bbox 2885 2019 2935 2074; x_wconf 90' lang='lat' dir='ltr'><strong>ei</strong></span> <span class='ocrx_word' id='word_1_340' title='bbox 2975 2034 3081 2076; x_wconf 90' lang='lat' dir='ltr'><strong>non</strong></span> <span class='ocrx_word' id='word_1_341' title='bbox 3120 2018 3325 2077; x_wconf 90' lang='lat' dir='ltr'><strong>inerat.</strong></span> <span class='ocrx_word' id='word_1_342' title='bbox 3367 2029 3517 2070; x_wconf 90' lang='lat' dir='ltr'><strong>nunc</strong></span> 
     </span>
    </p>
   </div>
   <div class='ocr_carea' id='block_1_46' title="bbox 1918 2106 3515 2185">
    <p class='ocr_par' dir='ltr' id='par_1_46' title="bbox 1918 2106 3515 2185">
     <span class='ocr_line' id='line_1_46' title="bbox 1918 2106 3515 2185; baseline -0.006 -14"><span class='ocrx_word' id='word_1_343' title='bbox 1918 2118 2120 2173; x_wconf 87' lang='lat' dir='ltr'><strong>habere</strong></span> <span class='ocrx_word' id='word_1_344' title='bbox 2145 2117 2421 2183; x_wconf 90' lang='lat' dir='ltr'><strong>cernitur;</strong></span> <span class='ocrx_word' id='word_1_345' title='bbox 2450 2114 2726 2185; x_wconf 88' lang='lat' dir='ltr'><strong>quomodo</strong></span> <span class='ocrx_word' id='word_1_346' title='bbox 2755 2111 2921 2180; x_wconf 81' lang='lat' dir='ltr'><strong>igitur</strong></span> <span class='ocrx_word' id='word_1_347' title='bbox 2946 2109 3226 2179; x_wconf 81' lang='lat' dir='ltr'><strong>perfectus</strong></span> <span class='ocrx_word' id='word_1_348' title='bbox 3256 2114 3395 2172; x_wconf 88' lang='lat' dir='ltr'><strong>erat,</strong></span> <span class='ocrx_word' id='word_1_349' title='bbox 3424 2106 3515 2162; x_wconf 85' lang='lat' dir='ltr'><strong>cui</strong></span> 
     </span>
    </p>
   </div>
   <div class='ocr_carea' id='block_1_47' title="bbox 1917 2198 3513 2275">
    <p class='ocr_par' dir='ltr' id='par_1_47' title="bbox 1917 2198 3513 2275">
     <span class='ocr_line' id='line_1_47' title="bbox 1917 2198 3513 2275; baseline -0.008 -10"><span class='ocrx_word' id='word_1_350' title='bbox 1917 2212 1971 2267; x_wconf 93' lang='lat' dir='ltr'><strong>id</strong></span> <span class='ocrx_word' id='word_1_351' title='bbox 2014 2212 2081 2266; x_wconf 88' lang='lat' dir='ltr'><strong>ab</strong></span> <span class='ocrx_word' id='word_1_352' title='bbox 2124 2211 2281 2264; x_wconf 90' lang='lat' dir='ltr'><strong>initio</strong></span> <span class='ocrx_word' id='word_1_353' title='bbox 2315 2207 2539 2263; x_wconf 79' lang='lat' dir='ltr'><strong>deerat?</strong></span> <span class='ocrx_word' id='word_1_354' title='bbox 2574 2205 2738 2275; x_wconf 83' lang='lat' dir='ltr'><strong>Atqui</strong></span> <span class='ocrx_word' id='word_1_355' title='bbox 2777 2218 2995 2273; x_wconf 89' lang='lat' dir='ltr'><strong>semper</strong></span> <span class='ocrx_word' id='word_1_356' title='bbox 3027 2209 3148 2258; x_wconf 89' lang='lat' dir='ltr'><strong>erat</strong></span> <span class='ocrx_word' id='word_1_357' title='bbox 3189 2198 3461 2271; x_wconf 78' lang='lat' dir='ltr'><strong>perfectus</strong></span> <span class='ocrx_word' id='word_1_358' title='bbox 3497 2215 3513 2253; x_wconf 90' lang='lat'><strong>:</strong></span> 
     </span>
    </p>
   </div>
   <div class='ocr_carea' id='block_1_48' title="bbox 1919 2289 3516 2372">
    <p class='ocr_par' dir='ltr' id='par_1_48' title="bbox 1919 2289 3516 2372">
     <span class='ocr_line' id='line_1_48' title="bbox 1919 2289 3516 2372; baseline -0.011 -14"><span class='ocrx_word' id='word_1_359' title='bbox 1919 2319 2024 2358; x_wconf 93' lang='lat' dir='ltr'><strong>non</strong></span> <span class='ocrx_word' id='word_1_360' title='bbox 2054 2303 2222 2372; x_wconf 80' lang='lat' dir='ltr'><strong>igitur</strong></span> <span class='ocrx_word' id='word_1_361' title='bbox 2243 2301 2421 2356; x_wconf 85' lang='lat' dir='ltr'><strong>caruit</strong></span> <span class='ocrx_word' id='word_1_362' title='bbox 2447 2298 2657 2369; x_wconf 85' lang='lat' dir='ltr'><strong>majore</strong></span> <span class='ocrx_word' id='word_1_363' title='bbox 2682 2317 2696 2351; x_wconf 86' lang='lat'><strong>:</strong></span> <span class='ocrx_word' id='word_1_364' title='bbox 2727 2310 2942 2364; x_wconf 84' lang='lat' dir='ltr'><strong>semper</strong></span> <span class='ocrx_word' id='word_1_365' title='bbox 2964 2293 3111 2348; x_wconf 90' lang='lat' dir='ltr'><strong>enim</strong></span> <span class='ocrx_word' id='word_1_366' title='bbox 3140 2292 3192 2346; x_wconf 92' lang='lat' dir='ltr'><strong>id</strong></span> <span class='ocrx_word' id='word_1_367' title='bbox 3219 2299 3337 2345; x_wconf 89' lang='lat' dir='ltr'><strong>erat</strong></span> <span class='ocrx_word' id='word_1_368' title='bbox 3357 2289 3516 2359; x_wconf 74' lang='lat' dir='ltr'><strong>juxta</strong></span> 
     </span>
    </p>
   </div>
   <div class='ocr_carea' id='block_1_49' title="bbox 1919 2381 3515 2455">
    <p class='ocr_par' dir='ltr' id='par_1_49' title="bbox 1919 2381 3515 2455">
     <span class='ocr_line' id='line_1_49' title="bbox 1919 2381 3515 2455; baseline -0.009 -4"><span class='ocrx_word' id='word_1_369' title='bbox 1919 2409 2034 2451; x_wconf 72' lang='lat' dir='ltr'><strong>vos.</strong></span> <span class='ocrx_word' id='word_1_370' title='bbox 2064 2394 2331 2447; x_wconf 64' lang='lat' dir='ltr'><strong>Caeterum</strong></span> <span class='ocrx_word' id='word_1_371' title='bbox 2362 2390 2554 2445; x_wconf 85' lang='lat' dir='ltr'><strong>videtis</strong></span> <span class='ocrx_word' id='word_1_372' title='bbox 2586 2390 2750 2443; x_wconf 91' lang='lat' dir='ltr'><strong>etiam</strong></span> <span class='ocrx_word' id='word_1_373' title='bbox 2780 2402 2876 2442; x_wconf 85' lang='lat' dir='ltr'><strong>vos</strong></span> <span class='ocrx_word' id='word_1_374' title='bbox 2908 2401 3005 2455; x_wconf 90' lang='lat' dir='ltr'><strong>per</strong></span> <span class='ocrx_word' id='word_1_375' title='bbox 3035 2384 3217 2439; x_wconf 87' lang='lat' dir='ltr'><strong>minus</strong></span> <span class='ocrx_word' id='word_1_376' title='bbox 3249 2391 3304 2437; x_wconf 92' lang='lat' dir='ltr'><strong>et</strong></span> <span class='ocrx_word' id='word_1_377' title='bbox 3334 2381 3515 2448; x_wconf 80' lang='lat' dir='ltr'><strong>majus</strong></span> 
     </span>
    </p>
   </div>
   <div class='ocr_carea' id='block_1_50' title="bbox 1920 2471 3517 2556">
    <p class='ocr_par' dir='ltr' id='par_1_50' title="bbox 1920 2471 3517 2556">
     <span class='ocr_line' id='line_1_50' title="bbox 1920 2471 3517 2556; baseline -0.009 -16"><span class='ocrx_word' id='word_1_378' title='bbox 1920 2485 2241 2556; x_wconf 87' lang='lat' dir='ltr'><strong>periclitari,</strong></span> <span class='ocrx_word' id='word_1_379' title='bbox 2279 2495 2585 2551; x_wconf 81' lang='lat' dir='ltr'><strong>vanamque</strong></span> <span class='ocrx_word' id='word_1_380' title='bbox 2618 2478 2957 2549; x_wconf 88' lang='lat' dir='ltr'><strong>deprehendi</strong></span> <span class='ocrx_word' id='word_1_381' title='bbox 2992 2485 3232 2531; x_wconf 86' lang='lat' dir='ltr'><strong>vestram</strong></span> <span class='ocrx_word' id='word_1_382' title='bbox 3265 2471 3517 2544; x_wconf 88' lang='lat' dir='ltr'><strong>proposi-</strong></span> 
     </span>
    </p>
   </div>
   <div class='ocr_carea' id='block_1_51' title="bbox 1922 2563 3518 2643">
    <p class='ocr_par' dir='ltr' id='par_1_51' title="bbox 1922 2563 3518 2643">
     <span class='ocr_line' id='line_1_51' title="bbox 1922 2563 3518 2643; baseline -0.01 -10"><span class='ocrx_word' id='word_1_383' title='bbox 1922 2581 2146 2633; x_wconf 90' lang='lat' dir='ltr'><strong>tionem.</strong></span> <span class='ocrx_word' id='word_1_384' title='bbox 2187 2576 2343 2643; x_wconf 83' lang='lat' dir='ltr'><strong>Quod</strong></span> <span class='ocrx_word' id='word_1_385' title='bbox 2384 2575 2528 2630; x_wconf 91' lang='lat' dir='ltr'><strong>enim</strong></span> <span class='ocrx_word' id='word_1_386' title='bbox 2580 2571 2754 2641; x_wconf 91' lang='lat' dir='ltr'><strong>majus</strong></span> <span class='ocrx_word' id='word_1_387' title='bbox 2799 2572 2982 2638; x_wconf 81' lang='lat' dir='ltr'><strong>aliquo</strong></span> <span class='ocrx_word' id='word_1_388' title='bbox 3024 2568 3244 2631; x_wconf 91' lang='lat' dir='ltr'><strong>dicitur,</strong></span> <span class='ocrx_word' id='word_1_389' title='bbox 3286 2580 3394 2619; x_wconf 93' lang='lat' dir='ltr'><strong>non</strong></span> <span class='ocrx_word' id='word_1_390' title='bbox 3446 2563 3518 2618; x_wconf 77' lang='lat' dir='ltr'><strong>sit</strong></span> 
     </span>
    </p>
   </div>
   <div class='ocr_carea' id='block_1_52' title="bbox 1921 2660 3519 2741">
    <p class='ocr_par' dir='ltr' id='par_1_52' title="bbox 1921 2660 3519 2741">
     <span class='ocr_line' id='line_1_52' title="bbox 1921 2660 3519 2741; baseline -0.009 -16"><span class='ocrx_word' id='word_1_391' title='bbox 1921 2671 2129 2741; x_wconf 83' lang='lat' dir='ltr'><strong>majus,</strong></span> <span class='ocrx_word' id='word_1_392' title='bbox 2159 2669 2261 2723; x_wconf 85' lang='lat' dir='ltr'><strong>nisi</strong></span> <span class='ocrx_word' id='word_1_393' title='bbox 2295 2668 2441 2721; x_wconf 86' lang='lat' dir='ltr'><strong>aliud</strong></span> <span class='ocrx_word' id='word_1_394' title='bbox 2469 2665 2749 2736; x_wconf 88' lang='lat' dir='ltr'><strong>quidpiam</strong></span> <span class='ocrx_word' id='word_1_395' title='bbox 2778 2662 2922 2734; x_wconf 87' lang='lat' dir='ltr'><strong>quod</strong></span> <span class='ocrx_word' id='word_1_396' title='bbox 2955 2661 3136 2716; x_wconf 89' lang='lat' dir='ltr'><strong>minus</strong></span> <span class='ocrx_word' id='word_1_397' title='bbox 3166 2660 3237 2714; x_wconf 85' lang='lat' dir='ltr'><strong>sit</strong></span> <span class='ocrx_word' id='word_1_398' title='bbox 3270 2672 3519 2728; x_wconf 81' lang='lat' dir='ltr'><strong>appona-</strong></span> 
     </span>
    </p>
   </div>
   <div class='ocr_carea' id='block_1_53' title="bbox 1924 2750 3519 2829">
    <p class='ocr_par' dir='ltr' id='par_1_53' title="bbox 1924 2750 3519 2829">
     <span class='ocr_line' id='line_1_53' title="bbox 1924 2750 3519 2829; baseline -0.008 -14"><span class='ocrx_word' id='word_1_399' title='bbox 1924 2774 2033 2825; x_wconf 87' lang='lat' dir='ltr'><strong>tur,</strong></span> <span class='ocrx_word' id='word_1_400' title='bbox 2070 2764 2133 2815; x_wconf 86' lang='lat' dir='ltr'><strong>ad</strong></span> <span class='ocrx_word' id='word_1_401' title='bbox 2176 2761 2318 2829; x_wconf 83' lang='lat' dir='ltr'><strong>quod</strong></span> <span class='ocrx_word' id='word_1_402' title='bbox 2360 2758 2613 2813; x_wconf 86' lang='lat' dir='ltr'><strong>collatum</strong></span> <span class='ocrx_word' id='word_1_403' title='bbox 2655 2754 2827 2823; x_wconf 78' lang='lat' dir='ltr'><strong>majus</strong></span> <span class='ocrx_word' id='word_1_404' title='bbox 2864 2767 2930 2810; x_wconf 89' lang='lat' dir='ltr'><strong>eo</strong></span> <span class='ocrx_word' id='word_1_405' title='bbox 2967 2760 3248 2822; x_wconf 83' lang='lat' dir='ltr'><strong>appareat.</strong></span> <span class='ocrx_word' id='word_1_406' title='bbox 3290 2750 3345 2803; x_wconf 89' lang='lat' dir='ltr'><strong>Si</strong></span> <span class='ocrx_word' id='word_1_407' title='bbox 3386 2762 3519 2817; x_wconf 81' lang='lat' dir='ltr'><strong>ergo</strong></span> 
     </span>
    </p>
   </div>
   <div class='ocr_carea' id='block_1_54' title="bbox 1921 2838 3519 2917">
    <p class='ocr_par' dir='ltr' id='par_1_54' title="bbox 1921 2838 3519 2917">
     <span class='ocr_line' id='line_1_54' title="bbox 1921 2838 3519 2917; baseline -0.005 -16"><span class='ocrx_word' id='word_1_408' title='bbox 1921 2848 2082 2902; x_wconf 88' lang='lat' dir='ltr'><strong>Pater</strong></span> <span class='ocrx_word' id='word_1_409' title='bbox 2108 2862 2321 2917; x_wconf 86' lang='lat' dir='ltr'><strong>semper</strong></span> <span class='ocrx_word' id='word_1_410' title='bbox 2348 2845 2448 2900; x_wconf 78' lang='lat' dir='ltr'><strong>fuit</strong></span> <span class='ocrx_word' id='word_1_411' title='bbox 2478 2845 2649 2916; x_wconf 83' lang='lat' dir='ltr'><strong>major</strong></span> <span class='ocrx_word' id='word_1_412' title='bbox 2674 2843 2831 2909; x_wconf 85' lang='lat' dir='ltr'><strong>Filio,</strong></span> <span class='ocrx_word' id='word_1_413' title='bbox 2863 2842 3234 2898; x_wconf 87' lang='lat' dir='ltr'><strong>necessarium</strong></span> <span class='ocrx_word' id='word_1_414' title='bbox 3263 2838 3372 2910; x_wconf 80' lang='lat'><strong>93</strong></span> <span class='ocrx_word' id='word_1_415' title='bbox 3402 2854 3519 2894; x_wconf 89' lang='lat' dir='ltr'><strong>om-</strong></span> 
     </span>
    </p>
   </div>
   <div class='ocr_carea' id='block_1_55' title="bbox 1924 2932 3515 3001">
    <p class='ocr_par' dir='ltr' id='par_1_55' title="bbox 1924 2932 3515 3001">
     <span class='ocr_line' id='line_1_55' title="bbox 1924 2932 3515 3001; baseline -0.006 -7"><span class='ocrx_word' id='word_1_416' title='bbox 1924 2940 2055 2994; x_wconf 90' lang='lat' dir='ltr'><strong>nino</strong></span> <span class='ocrx_word' id='word_1_417' title='bbox 2078 2949 2161 2994; x_wconf 88' lang='lat' dir='ltr'><strong>est</strong></span> <span class='ocrx_word' id='word_1_418' title='bbox 2185 2950 2243 2994; x_wconf 94' lang='lat' dir='ltr'><strong>ut</strong></span> <span class='ocrx_word' id='word_1_419' title='bbox 2266 2954 2369 2992; x_wconf 87' lang='lat' dir='ltr'><strong>una</strong></span> <span class='ocrx_word' id='word_1_420' title='bbox 2393 2953 2516 2993; x_wconf 90' lang='lat' dir='ltr'><strong>cum</strong></span> <span class='ocrx_word' id='word_1_421' title='bbox 2542 2936 2703 2992; x_wconf 86' lang='lat' dir='ltr'><strong>Patre</strong></span> <span class='ocrx_word' id='word_1_422' title='bbox 2725 2934 2994 2991; x_wconf 83' lang='lat' dir='ltr'><strong>inferatur</strong></span> <span class='ocrx_word' id='word_1_423' title='bbox 3014 2932 3213 3000; x_wconf 79' lang='lat' dir='ltr'><strong>Filius,</strong></span> <span class='ocrx_word' id='word_1_424' title='bbox 3236 2935 3303 2985; x_wconf 80' lang='lat' dir='ltr'><strong>ad</strong></span> <span class='ocrx_word' id='word_1_425' title='bbox 3329 2946 3515 3001; x_wconf 89' lang='lat' dir='ltr'><strong>quem,</strong></span> 
     </span>
    </p>
   </div>
   <div class='ocr_carea' id='block_1_56' title="bbox 1924 3028 3521 3101">
    <p class='ocr_par' dir='ltr' id='par_1_56' title="bbox 1924 3028 3521 3101">
     <span class='ocr_line' id='line_1_56' title="bbox 1924 3028 3521 3101; baseline -0.006 -14"><span class='ocrx_word' id='word_1_426' title='bbox 1924 3036 2221 3087; x_wconf 80' lang='lat' dir='ltr'><strong>secundum</strong></span> <span class='ocrx_word' id='word_1_427' title='bbox 2264 3042 2505 3087; x_wconf 79' lang='lat' dir='ltr'><strong>vestram</strong></span> <span class='ocrx_word' id='word_1_428' title='bbox 2546 3029 2881 3101; x_wconf 90' lang='lat' dir='ltr'><strong>opinionem,</strong></span> <span class='ocrx_word' id='word_1_429' title='bbox 2924 3035 3298 3096; x_wconf 88' lang='lat' dir='ltr'><strong>comparatus,</strong></span> <span class='ocrx_word' id='word_1_430' title='bbox 3345 3028 3521 3094; x_wconf 86' lang='lat' dir='ltr'><strong>major</strong></span> 
     </span>
    </p>
   </div>
   <div class='ocr_carea' id='block_1_57' title="bbox 1925 3114 3521 3193">
    <p class='ocr_par' dir='ltr' id='par_1_57' title="bbox 1925 3114 3521 3193">
     <span class='ocr_line' id='line_1_57' title="bbox 1925 3114 3521 3193; baseline -0.007 -14"><span class='ocrx_word' id='word_1_431' title='bbox 1925 3125 2193 3193; x_wconf 87' lang='lat' dir='ltr'><strong>apparuit.</strong></span> <span class='ocrx_word' id='word_1_432' title='bbox 2227 3123 2283 3177; x_wconf 89' lang='lat' dir='ltr'><strong>Si</strong></span> <span class='ocrx_word' id='word_1_433' title='bbox 2317 3138 2470 3193; x_wconf 82' lang='lat' dir='ltr'><strong>ergo,</strong></span> <span class='ocrx_word' id='word_1_434' title='bbox 2505 3134 2564 3176; x_wconf 94' lang='lat' dir='ltr'><strong>ut</strong></span> <span class='ocrx_word' id='word_1_435' title='bbox 2594 3137 2688 3176; x_wconf 91' lang='lat' dir='ltr'><strong>vos</strong></span> <span class='ocrx_word' id='word_1_436' title='bbox 2722 3120 3043 3191; x_wconf 83' lang='lat' dir='ltr'><strong>epinamini,</strong></span> <span class='ocrx_word' id='word_1_437' title='bbox 3082 3117 3204 3172; x_wconf 89' lang='lat' dir='ltr'><strong>ideo</strong></span> <span class='ocrx_word' id='word_1_438' title='bbox 3240 3114 3405 3169; x_wconf 86' lang='lat' dir='ltr'><strong>Pater</strong></span> <span class='ocrx_word' id='word_1_439' title='bbox 3434 3122 3521 3169; x_wconf 84' lang='lat' dir='ltr'><strong>est</strong></span> 
     </span>
    </p>
   </div>
   <div class='ocr_carea' id='block_1_58' title="bbox 1927 3210 3522 3284">
    <p class='ocr_par' dir='ltr' id='par_1_58' title="bbox 1927 3210 3522 3284">
     <span class='ocr_line' id='line_1_58' title="bbox 1927 3210 3522 3284; baseline -0.006 -15"><span class='ocrx_word' id='word_1_440' title='bbox 1927 3216 2100 3284; x_wconf 81' lang='lat' dir='ltr'><strong>major</strong></span> <span class='ocrx_word' id='word_1_441' title='bbox 2132 3213 2303 3281; x_wconf 81' lang='lat' dir='ltr'><strong>Filio,</strong></span> <span class='ocrx_word' id='word_1_442' title='bbox 2337 3215 2463 3284; x_wconf 85' lang='lat' dir='ltr'><strong>quia</strong></span> <span class='ocrx_word' id='word_1_443' title='bbox 2496 3213 2585 3267; x_wconf 89' lang='lat' dir='ltr'><strong>ille</strong></span> <span class='ocrx_word' id='word_1_444' title='bbox 2614 3214 2682 3266; x_wconf 91' lang='lat' dir='ltr'><strong>ab</strong></span> <span class='ocrx_word' id='word_1_445' title='bbox 2713 3222 2919 3265; x_wconf 68' lang='lat' dir='ltr'><strong>interno</strong></span> <span class='ocrx_word' id='word_1_446' title='bbox 2950 3220 3099 3273; x_wconf 89' lang='lat' dir='ltr'><strong>erat,</strong></span> <span class='ocrx_word' id='word_1_447' title='bbox 3132 3210 3223 3263; x_wconf 88' lang='lat' dir='ltr'><strong>hic</strong></span> <span class='ocrx_word' id='word_1_448' title='bbox 3253 3222 3380 3261; x_wconf 85' lang='lat' dir='ltr'><strong>vero</strong></span> <span class='ocrx_word' id='word_1_449' title='bbox 3412 3222 3522 3262; x_wconf 89' lang='lat' dir='ltr'><strong>non</strong></span> 
     </span>
    </p>
   </div>
   <div class='ocr_carea' id='block_1_59' title="bbox 227 3297 1818 3377">
    <p class='ocr_par' dir='ltr' id='par_1_59' title="bbox 227 3299 1818 3374">
     <span class='ocr_line' id='line_1_59' title="bbox 227 3299 1818 3374; baseline 0.003 -22"><span class='ocrx_word' id='word_1_450' title='bbox 227 3300 291 3353; x_wconf 81' lang='grc' dir='ltr'><strong>Εί</strong></span> <span class='ocrx_word' id='word_1_451' title='bbox 318 3300 523 3367; x_wconf 77' lang='grc' dir='ltr'>τοίνυν,</span> <span class='ocrx_word' id='word_1_452' title='bbox 560 3299 704 3354; x_wconf 85' lang='grc' dir='ltr'><strong>κατά</strong></span> <span class='ocrx_word' id='word_1_453' title='bbox 746 3301 846 3370; x_wconf 71' lang='grc' dir='ltr'>τὴν</span> <span class='ocrx_word' id='word_1_454' title='bbox 894 3302 1167 3374; x_wconf 80' lang='grc' dir='ltr'>ὑμετέραν</span> <span class='ocrx_word' id='word_1_455' title='bbox 1216 3303 1503 3374; x_wconf 79' lang='grc' dir='ltr'>πρότασιν,</span> <span class='ocrx_word' id='word_1_456' title='bbox 1534 3303 1621 3357; x_wconf 73' lang='grc' dir='ltr'><strong>διὰ</strong></span> <span class='ocrx_word' id='word_1_457' title='bbox 1660 3304 1818 3357; x_wconf 84' lang='grc' dir='ltr'>τοῦτο</span> 
     </span>
    </p>
   </div>
   <div class='ocr_carea' id='block_1_60' title="bbox 1927 3297 3521 3377">
    <p class='ocr_par' dir='ltr' id='par_1_60' title="bbox 1927 3297 3521 3377">
     <span class='ocr_line' id='line_1_60' title="bbox 1927 3297 3521 3377; baseline -0.008 -15"><span class='ocrx_word' id='word_1_458' title='bbox 1927 3310 2074 3373; x_wconf 89' lang='lat' dir='ltr'><strong>item,</strong></span> <span class='ocrx_word' id='word_1_459' title='bbox 2107 3324 2229 3361; x_wconf 88' lang='lat' dir='ltr'><strong>cum</strong></span> <span class='ocrx_word' id='word_1_460' title='bbox 2261 3307 2373 3377; x_wconf 91' lang='lat' dir='ltr'><strong>jam</strong></span> <span class='ocrx_word' id='word_1_461' title='bbox 2408 3316 2688 3360; x_wconf 79' lang='lat' dir='ltr'><strong>05tensnm</strong></span> <span class='ocrx_word' id='word_1_462' title='bbox 2721 3305 2793 3357; x_wconf 86' lang='lat' dir='ltr'><strong>sit</strong></span> <span class='ocrx_word' id='word_1_463' title='bbox 2824 3317 2948 3357; x_wconf 90' lang='lat' dir='ltr'><strong>enm</strong></span> <span class='ocrx_word' id='word_1_464' title='bbox 2982 3316 3200 3371; x_wconf 77' lang='lat' dir='ltr'><strong>semper</strong></span> <span class='ocrx_word' id='word_1_465' title='bbox 3256 3314 3381 3354; x_wconf 85' lang='lat' dir='ltr'><strong>cum</strong></span> <span class='ocrx_word' id='word_1_466' title='bbox 3420 3297 3521 3351; x_wconf 86' lang='lat' dir='ltr'><strong>Pa-</strong></span> 
     </span>
    </p>
   </div>
   <div class='ocr_carea' id='block_1_61' title="bbox 230 3392 1820 3466">
    <p class='ocr_par' dir='ltr' id='par_1_61' title="bbox 230 3392 1820 3466">
     <span class='ocr_line' id='line_1_61' title="bbox 230 3392 1820 3466; baseline 0.001 -19"><span class='ocrx_word' id='word_1_467' title='bbox 230 3392 436 3463; x_wconf 77' lang='grc' dir='ltr'>μείζων</span> <span class='ocrx_word' id='word_1_468' title='bbox 484 3393 633 3446; x_wconf 76' lang='grc' dir='ltr'>ἐστὶν</span> <span class='ocrx_word' id='word_1_469' title='bbox 678 3396 706 3447; x_wconf 84' lang='grc' dir='ltr'><strong>ὁ</strong></span> <span class='ocrx_word' id='word_1_470' title='bbox 757 3393 947 3464; x_wconf 85' lang='grc' dir='ltr'>Πατὴρ</span> <span class='ocrx_word' id='word_1_471' title='bbox 978 3394 1073 3447; x_wconf 87' lang='grc' dir='ltr'><strong>τοῦ</strong></span> <span class='ocrx_word' id='word_1_472' title='bbox 1109 3393 1263 3459; x_wconf 86' lang='grc' dir='ltr'>Υίοῦ,</span> <span class='ocrx_word' id='word_1_473' title='bbox 1311 3396 1612 3466; x_wconf 76' lang='grc' dir='ltr'>ἐπειδήπερ</span> <span class='ocrx_word' id='word_1_474' title='bbox 1656 3396 1820 3459; x_wconf 78' lang='grc' dir='ltr'>αὐτὸς</span> 
     </span>
    </p>
   </div>
   <div class='ocr_carea' id='block_1_62' title="bbox 226 3481 1820 3557">
    <p class='ocr_par' dir='ltr' id='par_1_62' title="bbox 226 3481 1820 3557">
     <span class='ocr_line' id='line_1_62' title="bbox 226 3481 1820 3557; baseline -0.001 -18"><span class='ocrx_word' id='word_1_475' title='bbox 226 3486 416 3548; x_wconf 80' lang='grc' dir='ltr'>ἀῑδίως</span> <span class='ocrx_word' id='word_1_476' title='bbox 452 3485 549 3555; x_wconf 79' lang='grc' dir='ltr'>μὲν</span> <span class='ocrx_word' id='word_1_477' title='bbox 582 3481 716 3557; x_wconf 48' lang='lat' dir='ltr'><strong>ﬁmo</strong></span> <span class='ocrx_word' id='word_1_478' title='bbox 743 3484 800 3537; x_wconf 84' lang='grc' dir='ltr'>δὲ</span> <span class='ocrx_word' id='word_1_479' title='bbox 826 3484 953 3548; x_wconf 80' lang='grc' dir='ltr'>Υίὸς</span> <span class='ocrx_word' id='word_1_480' title='bbox 980 3485 1079 3555; x_wconf 89' lang='grc' dir='ltr'><strong>οὑχ</strong></span> <span class='ocrx_word' id='word_1_481' title='bbox 1107 3483 1303 3549; x_wconf 76' lang='grc' dir='ltr'>οὕτως,</span> <span class='ocrx_word' id='word_1_482' title='bbox 1332 3485 1521 3557; x_wconf 81' lang='grc' dir='ltr'>ἐπειδὴ</span> <span class='ocrx_word' id='word_1_483' title='bbox 1551 3484 1820 3539; x_wconf 78' lang='grc' dir='ltr'>δέδεικται</span> 
     </span>
    </p>
   </div>
   <div class='ocr_carea' id='block_1_63' title="bbox 227 3576 1822 3650">
    <p class='ocr_par' dir='ltr' id='par_1_63' title="bbox 227 3576 1822 3650">
     <span class='ocr_line' id='line_1_63' title="bbox 227 3576 1822 3650; baseline -0.001 -19"><span class='ocrx_word' id='word_1_484' title='bbox 227 3577 407 3631; x_wconf 84' lang='grc' dir='ltr'>συνὼν</span> <span class='ocrx_word' id='word_1_485' title='bbox 436 3576 523 3630; x_wconf 78' lang='grc' dir='ltr'>ἀεὶ</span> <span class='ocrx_word' id='word_1_486' title='bbox 543 3577 638 3630; x_wconf 72' lang='grc' dir='ltr'>καὶ</span> <span class='ocrx_word' id='word_1_487' title='bbox 668 3577 1031 3650; x_wconf 78' lang='grc' dir='ltr'>συνυπάρχων</span> <span class='ocrx_word' id='word_1_488' title='bbox 1059 3576 1135 3647; x_wconf 79' lang='grc' dir='ltr'>τῷ</span> <span class='ocrx_word' id='word_1_489' title='bbox 1162 3578 1358 3646; x_wconf 77' lang='grc' dir='ltr'>Πατρὶ,</span> <span class='ocrx_word' id='word_1_490' title='bbox 1379 3579 1479 3630; x_wconf 88' lang='grc' dir='ltr'><strong>οὑκ</strong></span> <span class='ocrx_word' id='word_1_491' title='bbox 1501 3576 1654 3629; x_wconf 76' lang='grc' dir='ltr'>ἔσται</span> <span class='ocrx_word' id='word_1_492' title='bbox 1679 3576 1822 3630; x_wconf 79' lang='grc' dir='ltr'>κατά</span> 
     </span>
    </p>
   </div>
   <div class='ocr_carea' id='block_1_64' title="bbox 224 3662 1822 3739">
    <p class='ocr_par' dir='ltr' id='par_1_64' title="bbox 224 3662 1822 3739">
     <span class='ocr_line' id='line_1_64' title="bbox 224 3662 1822 3739; baseline -0.003 -15"><span class='ocrx_word' id='word_1_493' title='bbox 224 3687 278 3724; x_wconf 87' lang='grc' dir='ltr'><strong>τι</strong></span> <span class='ocrx_word' id='word_1_494' title='bbox 305 3669 440 3739; x_wconf 88' lang='grc' dir='ltr'>γοῦν</span> <span class='ocrx_word' id='word_1_495' title='bbox 475 3669 734 3730; x_wconf 85' lang='grc' dir='ltr'>ἐλάττων,</span> <span class='ocrx_word' id='word_1_496' title='bbox 765 3668 799 3739; x_wconf 85' lang='grc' dir='ltr'>ἢ</span> <span class='ocrx_word' id='word_1_497' title='bbox 839 3667 1178 3739; x_wconf 83' lang='grc' dir='ltr'>ἐτεροούσιος</span> <span class='ocrx_word' id='word_1_498' title='bbox 1221 3662 1485 3739; x_wconf 76' lang='grc' dir='ltr'>αὑτοῦ.ᾯ</span> <span class='ocrx_word' id='word_1_499' title='bbox 1520 3667 1627 3739; x_wconf 76' lang='grc' dir='ltr'><strong>γὰρ</strong></span> <span class='ocrx_word' id='word_1_500' title='bbox 1677 3668 1822 3738; x_wconf 83' lang='grc' dir='ltr'>λόγῳ</span> 
     </span>
    </p>
   </div>
   <div class='ocr_carea' id='block_1_65' title="bbox 230 3760 1823 3834">
    <p class='ocr_par' dir='ltr' id='par_1_65' title="bbox 230 3760 1823 3834">
     <span class='ocr_line' id='line_1_65' title="bbox 230 3760 1823 3834; baseline 0 -19"><span class='ocrx_word' id='word_1_501' title='bbox 230 3763 305 3834; x_wconf 80' lang='grc' dir='ltr'>μὴ</span> <span class='ocrx_word' id='word_1_502' title='bbox 338 3761 514 3816; x_wconf 85' lang='grc' dir='ltr'>συνὼν</span> <span class='ocrx_word' id='word_1_503' title='bbox 540 3761 869 3816; x_wconf 80' lang='grc' dir='ltr'>ἀπελείπετο</span> <span class='ocrx_word' id='word_1_504' title='bbox 907 3762 1009 3831; x_wconf 81' lang='grc' dir='ltr'>τῆς</span> <span class='ocrx_word' id='word_1_505' title='bbox 1054 3762 1318 3833; x_wconf 77' lang='grc' dir='ltr'>ἰσότητος,</span> <span class='ocrx_word' id='word_1_506' title='bbox 1350 3761 1430 3832; x_wconf 83' lang='grc' dir='ltr'>τῷ</span> <span class='ocrx_word' id='word_1_507' title='bbox 1468 3760 1616 3832; x_wconf 80' lang='grc' dir='ltr'>αὑτῷ</span> <span class='ocrx_word' id='word_1_508' title='bbox 1659 3761 1823 3815; x_wconf 83' lang='grc' dir='ltr'>πάλιν</span> 
     </span>
    </p>
   </div>
   <div class='ocr_carea' id='block_1_66' title="bbox 228 3853 1824 3927">
    <p class='ocr_par' dir='ltr' id='par_1_66' title="bbox 228 3853 1824 3927">
     <span class='ocr_line' id='line_1_66' title="bbox 228 3853 1824 3927; baseline 0.004 -20"><span class='ocrx_word' id='word_1_509' title='bbox 228 3856 326 3909; x_wconf 75' lang='grc' dir='ltr'>καὶ</span> <span class='ocrx_word' id='word_1_510' title='bbox 371 3855 430 3922; x_wconf 80' lang='grc' dir='ltr'>ἐξ</span> <span class='ocrx_word' id='word_1_511' title='bbox 468 3855 831 3926; x_wconf 80' lang='grc' dir='ltr'>ἀντιστροφῆς</span> <span class='ocrx_word' id='word_1_512' title='bbox 861 3853 1026 3925; x_wconf 86' lang='grc' dir='ltr'>λόγῳ,</span> <span class='ocrx_word' id='word_1_513' title='bbox 1060 3853 1247 3925; x_wconf 83' lang='grc' dir='ltr'>ἐπειδὴ</span> <span class='ocrx_word' id='word_1_514' title='bbox 1288 3856 1646 3927; x_wconf 83' lang='grc' dir='ltr'>συνυπάρχει,</span> <span class='ocrx_word' id='word_1_515' title='bbox 1688 3856 1824 3914; x_wconf 79' lang='grc' dir='ltr'>κατ’</span> 
     </span>
    </p>
   </div>
   <div class='ocr_carea' id='block_1_67' title="bbox 227 3945 1825 4019">
    <p class='ocr_par' dir='ltr' id='par_1_67' title="bbox 227 3945 1825 4019">
     <span class='ocr_line' id='line_1_67' title="bbox 227 3945 1825 4019; baseline -0.001 -17"><span class='ocrx_word' id='word_1_516' title='bbox 227 3947 421 4002; x_wconf 75' lang='grc' dir='ltr'>οὐδένα</span> <span class='ocrx_word' id='word_1_517' title='bbox 450 3948 652 4019; x_wconf 86' lang='grc' dir='ltr'>τρόπον</span> <span class='ocrx_word' id='word_1_518' title='bbox 696 3945 1177 4017; x_wconf 82' lang='grc' dir='ltr'>ἀπολειφθήσεται,</span> <span class='ocrx_word' id='word_1_519' title='bbox 1198 3947 1322 3999; x_wconf 76' lang='grc' dir='ltr'><strong>Ἐπὶ</strong></span> <span class='ocrx_word' id='word_1_520' title='bbox 1349 3946 1405 4001; x_wconf 80' lang='grc' dir='ltr'>δὲ</span> <span class='ocrx_word' id='word_1_521' title='bbox 1435 3947 1546 4001; x_wconf 85' lang='grc' dir='ltr'><strong>τῶν</strong></span> <span class='ocrx_word' id='word_1_522' title='bbox 1572 3947 1825 4019; x_wconf 76' lang='grc' dir='ltr'>ἀλλήλοις</span> 
     </span>
    </p>
   </div>
   <div class='ocr_carea' id='block_1_68' title="bbox 230 4038 1823 4112">
    <p class='ocr_par' dir='ltr' id='par_1_68' title="bbox 230 4038 1823 4112">
     <span class='ocr_line' id='line_1_68' title="bbox 230 4038 1823 4112; baseline -0.001 -20"><span class='ocrx_word' id='word_1_523' title='bbox 230 4041 375 4093; x_wconf 87' lang='grc' dir='ltr'><strong>κατά</strong></span> <span class='ocrx_word' id='word_1_524' title='bbox 414 4039 593 4093; x_wconf 85' lang='grc' dir='ltr'>πάντα</span> <span class='ocrx_word' id='word_1_525' title='bbox 631 4040 1029 4110; x_wconf 76' lang='grc' dir='ltr'>προσεοικότων</span> <span class='ocrx_word' id='word_1_526' title='bbox 1059 4038 1329 4109; x_wconf 75' lang='grc' dir='ltr'>φυσικῶς,</span> <span class='ocrx_word' id='word_1_527' title='bbox 1363 4041 1456 4093; x_wconf 73' lang='grc' dir='ltr'>καὶ</span> <span class='ocrx_word' id='word_1_528' title='bbox 1488 4039 1709 4110; x_wconf 84' lang='grc' dir='ltr'>μεγέθει</span> <span class='ocrx_word' id='word_1_529' title='bbox 1747 4042 1823 4112; x_wconf 76' lang='grc' dir='ltr'>μὴ</span> 
     </span>
    </p>
   </div>
   <div class='ocr_carea' id='block_1_69' title="bbox 234 4131 1819 4208">
    <p class='ocr_par' dir='ltr' id='par_1_69' title="bbox 234 4131 1819 4208">
     <span class='ocr_line' id='line_1_69' title="bbox 234 4131 1819 4208; baseline 0.003 -25"><span class='ocrx_word' id='word_1_530' title='bbox 234 4132 642 4208; x_wconf 77' lang='grc' dir='ltr'>μετρουμένων,</span> <span class='ocrx_word' id='word_1_531' title='bbox 673 4131 776 4186; x_wconf 88' lang='grc' dir='ltr'><strong>ποῦ</strong></span> <span class='ocrx_word' id='word_1_532' title='bbox 812 4132 1055 4205; x_wconf 84' lang='grc' dir='ltr'>χωρήσει</span> <span class='ocrx_word' id='word_1_533' title='bbox 1086 4132 1365 4204; x_wconf 75' lang='grc' dir='ltr'>τδμεῑζον</span> <span class='ocrx_word' id='word_1_534' title='bbox 1411 4134 1506 4186; x_wconf 79' lang='grc' dir='ltr'>καὶ</span> <span class='ocrx_word' id='word_1_535' title='bbox 1548 4133 1608 4186; x_wconf 76' lang='grc' dir='ltr'><strong>τὸ</strong></span> <span class='ocrx_word' id='word_1_536' title='bbox 1662 4131 1819 4187; x_wconf 81' lang='grc' dir='ltr'>ἐλατ-</span> 
     </span>
    </p>
   </div>
   <div class='ocr_carea' id='block_1_70' title="bbox 229 4242 359 4292">
    <p class='ocr_par' dir='ltr' id='par_1_70' title="bbox 229 4242 359 4292">
     <span class='ocr_line' id='line_1_70' title="bbox 229 4242 359 4292; baseline 0 -13"><span class='ocrx_word' id='word_1_537' title='bbox 229 4242 321 4279; x_wconf 85' lang='grc' dir='ltr'><strong>τον</strong></span> <span class='ocrx_word' id='word_1_538' title='bbox 342 4243 359 4292; x_wconf 89' lang='lat'><strong>;</strong></span> 
     </span>
    </p>
   </div>
   <div class='ocr_carea' id='block_1_71' title="bbox 929 4362 1130 4417">
    <p class='ocr_par' dir='ltr' id='par_1_71' title="bbox 929 4362 1130 4417">
     <span class='ocr_line' id='line_1_71' title="bbox 929 4362 1130 4417; baseline -0.005 0"><span class='ocrx_word' id='word_1_539' title='bbox 929 4362 1130 4417; x_wconf 81' lang='grc' dir='ltr'><strong>ΔΛΛΟ.</strong></span> 
     </span>
    </p>
   </div>
   <div class='ocr_carea' id='block_1_72' title="bbox 303 4498 1824 4571">
    <p class='ocr_par' dir='ltr' id='par_1_72' title="bbox 303 4498 1824 4571">
     <span class='ocr_line' id='line_1_72' title="bbox 303 4498 1824 4571; baseline -0.001 -16"><span class='ocrx_word' id='word_1_540' title='bbox 303 4502 366 4555; x_wconf 84' lang='grc' dir='ltr'><strong>Εἰ</strong></span> <span class='ocrx_word' id='word_1_541' title='bbox 396 4499 597 4571; x_wconf 81' lang='grc' dir='ltr'>μείζων</span> <span class='ocrx_word' id='word_1_542' title='bbox 626 4500 654 4551; x_wconf 87' lang='grc' dir='ltr'>ὁ</span> <span class='ocrx_word' id='word_1_543' title='bbox 685 4499 875 4570; x_wconf 81' lang='grc' dir='ltr'>Πατὴρ</span> <span class='ocrx_word' id='word_1_544' title='bbox 903 4499 996 4551; x_wconf 85' lang='grc' dir='ltr'><strong>τοῦ</strong></span> <span class='ocrx_word' id='word_1_545' title='bbox 1027 4499 1182 4563; x_wconf 81' lang='grc' dir='ltr'>Υἱοῦ,</span> <span class='ocrx_word' id='word_1_546' title='bbox 1224 4498 1366 4552; x_wconf 78' lang='grc' dir='ltr'>κατὰ</span> <span class='ocrx_word' id='word_1_547' title='bbox 1410 4500 1508 4571; x_wconf 84' lang='grc' dir='ltr'>τὴν</span> <span class='ocrx_word' id='word_1_548' title='bbox 1551 4500 1824 4570; x_wconf 83' lang='grc' dir='ltr'>ὑμετέραν</span> 
     </span>
    </p>
   </div>
   <div class='ocr_carea' id='block_1_73' title="bbox 1924 3389 3521 3460">
    <p class='ocr_par' dir='ltr' id='par_1_73' title="bbox 1924 3389 3521 3460">
     <span class='ocr_line' id='line_1_73' title="bbox 1924 3389 3521 3460; baseline -0.008 -5"><span class='ocrx_word' id='word_1_549' title='bbox 1924 3409 2008 3455; x_wconf 89' lang='lat' dir='ltr'><strong>tre</strong></span> <span class='ocrx_word' id='word_1_550' title='bbox 2038 3400 2310 3454; x_wconf 79' lang='lat' dir='ltr'><strong>exsistere</strong></span> <span class='ocrx_word' id='word_1_551' title='bbox 2341 3416 2355 3451; x_wconf 90' lang='lat'><strong>:</strong></span> <span class='ocrx_word' id='word_1_552' title='bbox 2386 3412 2493 3453; x_wconf 92' lang='lat' dir='ltr'><strong>non</strong></span> <span class='ocrx_word' id='word_1_553' title='bbox 2525 3397 2631 3451; x_wconf 90' lang='lat' dir='ltr'><strong>erit</strong></span> <span class='ocrx_word' id='word_1_554' title='bbox 2660 3404 2807 3449; x_wconf 88' lang='lat' dir='ltr'><strong>certe</strong></span> <span class='ocrx_word' id='word_1_555' title='bbox 2839 3395 3137 3449; x_wconf 90' lang='lat' dir='ltr'><strong>secundum</strong></span> <span class='ocrx_word' id='word_1_556' title='bbox 3174 3391 3381 3460; x_wconf 87' lang='lat' dir='ltr'><strong>aliquid</strong></span> <span class='ocrx_word' id='word_1_557' title='bbox 3416 3389 3521 3443; x_wconf 83' lang='lat' dir='ltr'><strong>nti-</strong></span> 
     </span>
    </p>
   </div>
   <div class='ocr_carea' id='block_1_74' title="bbox 1924 3482 3515 3559">
    <p class='ocr_par' dir='ltr' id='par_1_74' title="bbox 1924 3482 3515 3559">
     <span class='ocr_line' id='line_1_74' title="bbox 1924 3482 3515 3559; baseline -0.008 -13"><span class='ocrx_word' id='word_1_558' title='bbox 1924 3509 2045 3559; x_wconf 89' lang='lat' dir='ltr'><strong>nor,</strong></span> <span class='ocrx_word' id='word_1_559' title='bbox 2083 3502 2176 3545; x_wconf 89' lang='lat' dir='ltr'><strong>aut</strong></span> <span class='ocrx_word' id='word_1_560' title='bbox 2213 3492 2445 3546; x_wconf 70' lang='lat' dir='ltr'><strong>diversa:</strong></span> <span class='ocrx_word' id='word_1_561' title='bbox 2480 3490 2549 3544; x_wconf 88' lang='lat' dir='ltr'><strong>ab</strong></span> <span class='ocrx_word' id='word_1_562' title='bbox 2582 3504 2650 3543; x_wconf 91' lang='lat' dir='ltr'><strong>eo</strong></span> <span class='ocrx_word' id='word_1_563' title='bbox 2685 3486 2961 3542; x_wconf 71' lang='lat' dir='ltr'><strong>essentiae.</strong></span> <span class='ocrx_word' id='word_1_564' title='bbox 3000 3483 3200 3538; x_wconf 85' lang='lat' dir='ltr'><strong>Eadem</strong></span> <span class='ocrx_word' id='word_1_565' title='bbox 3238 3482 3383 3538; x_wconf 90' lang='lat' dir='ltr'><strong>enim</strong></span> <span class='ocrx_word' id='word_1_566' title='bbox 3422 3496 3515 3535; x_wconf 86' lang='lat' dir='ltr'><strong>ra-</strong></span> 
     </span>
    </p>
   </div>
   <div class='ocr_carea' id='block_1_75' title="bbox 1924 3574 3515 3654">
    <p class='ocr_par' dir='ltr' id='par_1_75' title="bbox 1924 3574 3515 3654">
     <span class='ocr_line' id='line_1_75' title="bbox 1924 3574 3515 3654; baseline -0.009 -14"><span class='ocrx_word' id='word_1_567' title='bbox 1924 3588 2073 3640; x_wconf 79' lang='lat' dir='ltr'><strong>tione</strong></span> <span class='ocrx_word' id='word_1_568' title='bbox 2102 3600 2208 3654; x_wconf 85' lang='lat' dir='ltr'><strong>qna</strong></span> <span class='ocrx_word' id='word_1_569' title='bbox 2242 3585 2527 3653; x_wconf 84' lang='lat' dir='ltr'><strong>probatur,</strong></span> <span class='ocrx_word' id='word_1_570' title='bbox 2558 3583 2602 3635; x_wconf 89' lang='lat' dir='ltr'><strong>si</strong></span> <span class='ocrx_word' id='word_1_571' title='bbox 2638 3595 2743 3633; x_wconf 87' lang='lat' dir='ltr'><strong>una</strong></span> <span class='ocrx_word' id='word_1_572' title='bbox 2776 3593 2899 3633; x_wconf 89' lang='lat' dir='ltr'><strong>cum</strong></span> <span class='ocrx_word' id='word_1_573' title='bbox 2934 3575 3096 3631; x_wconf 81' lang='lat' dir='ltr'><strong>Patre</strong></span> <span class='ocrx_word' id='word_1_574' title='bbox 3128 3591 3233 3630; x_wconf 91' lang='lat' dir='ltr'><strong>non</strong></span> <span class='ocrx_word' id='word_1_575' title='bbox 3264 3574 3515 3639; x_wconf 79' lang='lat' dir='ltr'><strong>exsistit,</strong></span> 
     </span>
    </p>
   </div>
   <div class='ocr_carea' id='block_1_76' title="bbox 1925 3662 3517 3743">
    <p class='ocr_par' dir='ltr' id='par_1_76' title="bbox 1925 3662 3517 3743">
     <span class='ocr_line' id='line_1_76' title="bbox 1925 3662 3517 3743; baseline -0.009 -15"><span class='ocrx_word' id='word_1_576' title='bbox 1925 3676 1993 3730; x_wconf 88' lang='lat' dir='ltr'><strong>ab</strong></span> <span class='ocrx_word' id='word_1_577' title='bbox 2028 3674 2339 3743; x_wconf 72' lang='lat' dir='ltr'><strong>mqualitate</strong></span> <span class='ocrx_word' id='word_1_578' title='bbox 2375 3672 2611 3725; x_wconf 82' lang='lat' dir='ltr'><strong>deiicere</strong></span> <span class='ocrx_word' id='word_1_579' title='bbox 2652 3688 2665 3723; x_wconf 91' lang='lat'>:</span> <span class='ocrx_word' id='word_1_580' title='bbox 2702 3671 2893 3723; x_wconf 89' lang='lat' dir='ltr'><strong>eadem</strong></span> <span class='ocrx_word' id='word_1_581' title='bbox 2930 3666 3097 3721; x_wconf 87' lang='lat' dir='ltr'><strong>etiam</strong></span> <span class='ocrx_word' id='word_1_582' title='bbox 3140 3678 3207 3718; x_wconf 78' lang='lat' dir='ltr'><strong>ex</strong></span> <span class='ocrx_word' id='word_1_583' title='bbox 3248 3662 3517 3725; x_wconf 80' lang='lat' dir='ltr'><strong>adverso,</strong></span> 
     </span>
    </p>
   </div>
   <div class='ocr_carea' id='block_1_77' title="bbox 1925 3753 3518 3840">
    <p class='ocr_par' dir='ltr' id='par_1_77' title="bbox 1925 3753 3518 3840">
     <span class='ocr_line' id='line_1_77' title="bbox 1925 3753 3518 3840; baseline -0.011 -17"><span class='ocrx_word' id='word_1_584' title='bbox 1925 3770 2051 3840; x_wconf 89' lang='lat' dir='ltr'><strong>quia</strong></span> <span class='ocrx_word' id='word_1_585' title='bbox 2089 3783 2194 3822; x_wconf 89' lang='lat' dir='ltr'><strong>una</strong></span> <span class='ocrx_word' id='word_1_586' title='bbox 2233 3782 2356 3822; x_wconf 88' lang='lat' dir='ltr'><strong>cum</strong></span> <span class='ocrx_word' id='word_1_587' title='bbox 2397 3764 2559 3819; x_wconf 82' lang='lat' dir='ltr'><strong>Patre</strong></span> <span class='ocrx_word' id='word_1_588' title='bbox 2591 3763 2833 3824; x_wconf 75' lang='lat' dir='ltr'><strong>exsistit,</strong></span> <span class='ocrx_word' id='word_1_589' title='bbox 2869 3758 3017 3815; x_wconf 92' lang='lat' dir='ltr'><strong>nullo</strong></span> <span class='ocrx_word' id='word_1_590' title='bbox 3058 3756 3218 3827; x_wconf 86' lang='lat' dir='ltr'><strong>plane</strong></span> <span class='ocrx_word' id='word_1_591' title='bbox 3254 3754 3414 3808; x_wconf 89' lang='lat' dir='ltr'><strong>modo</strong></span> <span class='ocrx_word' id='word_1_592' title='bbox 3449 3753 3518 3807; x_wconf 87' lang='lat' dir='ltr'><strong>ab</strong></span> 
     </span>
    </p>
   </div>
   <div class='ocr_carea' id='block_1_78' title="bbox 1922 3848 3520 3931">
    <p class='ocr_par' dir='ltr' id='par_1_78' title="bbox 1922 3848 3520 3931">
     <span class='ocr_line' id='line_1_78' title="bbox 1922 3848 3520 3931; baseline -0.013 -11"><span class='ocrx_word' id='word_1_593' title='bbox 1922 3879 1987 3920; x_wconf 92' lang='lat' dir='ltr'><strong>eo</strong></span> <span class='ocrx_word' id='word_1_594' title='bbox 2026 3863 2210 3931; x_wconf 85' lang='lat' dir='ltr'><strong>dispar</strong></span> <span class='ocrx_word' id='word_1_595' title='bbox 2242 3860 2370 3916; x_wconf 89' lang='lat' dir='ltr'><strong>erit.</strong></span> <span class='ocrx_word' id='word_1_596' title='bbox 2406 3857 2467 3912; x_wconf 88' lang='lat' dir='ltr'><strong>In</strong></span> <span class='ocrx_word' id='word_1_597' title='bbox 2507 3857 2576 3912; x_wconf 87' lang='lat' dir='ltr'><strong>iis</strong></span> <span class='ocrx_word' id='word_1_598' title='bbox 2606 3871 2735 3910; x_wconf 75' lang='lat' dir='ltr'><strong>vero</strong></span> <span class='ocrx_word' id='word_1_599' title='bbox 2773 3869 2893 3923; x_wconf 80' lang='lat' dir='ltr'><strong>quae</strong></span> <span class='ocrx_word' id='word_1_600' title='bbox 2931 3867 3028 3922; x_wconf 89' lang='lat' dir='ltr'><strong>per</strong></span> <span class='ocrx_word' id='word_1_601' title='bbox 3059 3849 3243 3905; x_wconf 87' lang='lat' dir='ltr'><strong>omnia</strong></span> <span class='ocrx_word' id='word_1_602' title='bbox 3283 3848 3423 3901; x_wconf 88' lang='lat' dir='ltr'><strong>inter</strong></span> <span class='ocrx_word' id='word_1_603' title='bbox 3457 3860 3520 3901; x_wconf 88' lang='lat' dir='ltr'><strong>se</strong></span> 
     </span>
    </p>
   </div>
   <div class='ocr_carea' id='block_1_79' title="bbox 1926 3940 3515 4015">
    <p class='ocr_par' dir='ltr' id='par_1_79' title="bbox 1926 3940 3515 4015">
     <span class='ocr_line' id='line_1_79' title="bbox 1926 3940 3515 4015; baseline -0.013 -5"><span class='ocrx_word' id='word_1_604' title='bbox 1926 3940 2249 4010; x_wconf 81' lang='lat' dir='ltr'><strong>naturaliter</strong></span> <span class='ocrx_word' id='word_1_605' title='bbox 2276 3951 2475 4006; x_wconf 89' lang='lat' dir='ltr'><strong>similia</strong></span> <span class='ocrx_word' id='word_1_606' title='bbox 2517 3955 2686 4013; x_wconf 85' lang='lat' dir='ltr'><strong>sunt,</strong></span> <span class='ocrx_word' id='word_1_607' title='bbox 2718 3956 2772 4001; x_wconf 88' lang='lat' dir='ltr'><strong>et</strong></span> <span class='ocrx_word' id='word_1_608' title='bbox 2811 3943 3183 4015; x_wconf 84' lang='lat' dir='ltr'><strong>magnitudine</strong></span> <span class='ocrx_word' id='word_1_609' title='bbox 3215 3954 3323 3994; x_wconf 91' lang='lat' dir='ltr'><strong>non</strong></span> <span class='ocrx_word' id='word_1_610' title='bbox 3358 3952 3515 3991; x_wconf 87' lang='lat' dir='ltr'><strong>men-</strong></span> 
     </span>
    </p>
   </div>
   <div class='ocr_carea' id='block_1_80' title="bbox 1925 4028 3427 4113">
    <p class='ocr_par' dir='ltr' id='par_1_80' title="bbox 1925 4028 3427 4113">
     <span class='ocr_line' id='line_1_80' title="bbox 1925 4028 3427 4113; baseline -0.01 -11"><span class='ocrx_word' id='word_1_611' title='bbox 1925 4055 2207 4113; x_wconf 84' lang='lat' dir='ltr'><strong>surantur,</strong></span> <span class='ocrx_word' id='word_1_612' title='bbox 2239 4055 2398 4113; x_wconf 91' lang='lat' dir='ltr'><strong>quem</strong></span> <span class='ocrx_word' id='word_1_613' title='bbox 2437 4040 2615 4094; x_wconf 88' lang='lat' dir='ltr'><strong>locum</strong></span> <span class='ocrx_word' id='word_1_614' title='bbox 2650 4037 2871 4093; x_wconf 85' lang='lat' dir='ltr'><strong>habebit</strong></span> <span class='ocrx_word' id='word_1_615' title='bbox 2904 4035 3080 4105; x_wconf 82' lang='lat' dir='ltr'><strong>majus</strong></span> <span class='ocrx_word' id='word_1_616' title='bbox 3109 4043 3166 4090; x_wconf 89' lang='lat' dir='ltr'><strong>et</strong></span> <span class='ocrx_word' id='word_1_617' title='bbox 3204 4028 3427 4087; x_wconf 68' lang='lat' dir='ltr'><strong>minus?</strong></span> 
     </span>
    </p>
   </div>
   <div class='ocr_carea' id='block_1_81' title="bbox 2614 4354 2838 4411">
    <p class='ocr_par' dir='ltr' id='par_1_81' title="bbox 2614 4354 2838 4411">
     <span class='ocr_line' id='line_1_81' title="bbox 2614 4354 2838 4411; baseline 0 -2"><span class='ocrx_word' id='word_1_618' title='bbox 2614 4354 2838 4411; x_wconf 80' lang='lat' dir='ltr'><strong>ALIUD.</strong></span> 
     </span>
    </p>
   </div>
   <div class='ocr_carea' id='block_1_82' title="bbox 2002 4486 3523 4559">
    <p class='ocr_par' dir='ltr' id='par_1_82' title="bbox 2002 4486 3523 4559">
     <span class='ocr_line' id='line_1_82' title="bbox 2002 4486 3523 4559; baseline -0.009 -9"><span class='ocrx_word' id='word_1_619' title='bbox 2002 4495 2058 4550; x_wconf 90' lang='lat' dir='ltr'><strong>Si</strong></span> <span class='ocrx_word' id='word_1_620' title='bbox 2102 4494 2266 4548; x_wconf 84' lang='lat' dir='ltr'><strong>Pater</strong></span> <span class='ocrx_word' id='word_1_621' title='bbox 2304 4491 2478 4559; x_wconf 82' lang='lat' dir='ltr'><strong>major</strong></span> <span class='ocrx_word' id='word_1_622' title='bbox 2517 4500 2599 4545; x_wconf 83' lang='lat' dir='ltr'><strong>est</strong></span> <span class='ocrx_word' id='word_1_623' title='bbox 2640 4489 2808 4554; x_wconf 89' lang='lat' dir='ltr'><strong>Filio,</strong></span> <span class='ocrx_word' id='word_1_624' title='bbox 2848 4486 3145 4542; x_wconf 79' lang='lat' dir='ltr'><strong>secundum</strong></span> <span class='ocrx_word' id='word_1_625' title='bbox 3185 4494 3456 4550; x_wconf 73' lang='lat' dir='ltr'><strong>vestram,</strong></span> <span class='ocrx_word' id='word_1_626' title='bbox 3490 4499 3523 4538; x_wconf 88' lang='grc' dir='ltr'><strong>ο</strong></span> 
     </span>
    </p>
   </div>
   <div class='ocr_carea' id='block_1_83' title="bbox 232 4577 1818 4663">
    <p class='ocr_par' dir='ltr' id='par_1_83' title="bbox 232 4585 1818 4663">
     <span class='ocr_line' id='line_1_83' title="bbox 232 4585 1818 4663; baseline 0 -18"><span class='ocrx_word' id='word_1_627' title='bbox 232 4594 519 4663; x_wconf 77' lang='grc' dir='ltr'>πρότασιν,</span> <span class='ocrx_word' id='word_1_628' title='bbox 575 4585 619 4645; x_wconf 82' lang='grc' dir='ltr'><strong>ὦ</strong></span> <span class='ocrx_word' id='word_1_629' title='bbox 660 4589 1036 4662; x_wconf 83' lang='grc' dir='ltr'>χριστομάχοι,</span> <span class='ocrx_word' id='word_1_630' title='bbox 1092 4590 1209 4653; x_wconf 76' lang='grc' dir='ltr'>πῶς</span> <span class='ocrx_word' id='word_1_631' title='bbox 1252 4590 1401 4661; x_wconf 84' lang='grc' dir='ltr'><strong>αὑτῷ</strong></span> <span class='ocrx_word' id='word_1_632' title='bbox 1450 4591 1547 4662; x_wconf 80' lang='grc' dir='ltr'><strong>τὴν</strong></span> <span class='ocrx_word' id='word_1_633' title='bbox 1600 4594 1818 4661; x_wconf 73' lang='grc' dir='ltr'>ἰσότητα</span> 
     </span>
    </p>
   </div>
   <div class='ocr_carea' id='block_1_84' title="bbox 1927 4577 3520 4663">
    <p class='ocr_par' dir='ltr' id='par_1_84' title="bbox 1927 4577 3520 4653">
     <span class='ocr_line' id='line_1_84' title="bbox 1927 4577 3520 4653; baseline -0.009 -9"><span class='ocrx_word' id='word_1_634' title='bbox 1927 4590 2112 4644; x_wconf 81' lang='lat' dir='ltr'><strong>hostes</strong></span> <span class='ocrx_word' id='word_1_635' title='bbox 2142 4586 2377 4651; x_wconf 88' lang='lat' dir='ltr'><strong>Christi,</strong></span> <span class='ocrx_word' id='word_1_636' title='bbox 2412 4583 2839 4653; x_wconf 78' lang='lat' dir='ltr'><strong>prepositionein</strong></span> <span class='ocrx_word' id='word_1_637' title='bbox 2861 4621 2875 4644; x_wconf 96' lang='lat'><strong>,</strong></span> <span class='ocrx_word' id='word_1_638' title='bbox 2909 4595 3016 4649; x_wconf 88' lang='lat' dir='ltr'><strong>quo</strong></span> <span class='ocrx_word' id='word_1_639' title='bbox 3050 4588 3208 4649; x_wconf 72' lang='lat' dir='ltr'><strong>pacto</strong></span> <span class='ocrx_word' id='word_1_640' title='bbox 3240 4577 3520 4631; x_wconf 76' lang='lat' dir='ltr'><strong>Paulus&#39;ei</strong></span> 
     </span>
    </p>
   </div>
   <div class='ocr_carea' id='block_1_85' title="bbox 234 4666 1818 4755">
    <p class='ocr_par' dir='ltr' id='par_1_85' title="bbox 234 4683 1818 4755">
     <span class='ocr_line' id='line_1_85' title="bbox 234 4683 1818 4755; baseline -0.003 -16"><span class='ocrx_word' id='word_1_641' title='bbox 234 4686 445 4749; x_wconf 77' lang='grc' dir='ltr'>Παῦλος</span> <span class='ocrx_word' id='word_1_642' title='bbox 491 4684 803 4748; x_wconf 80' lang='grc' dir='ltr'>ἀποδίδωσι,</span> <span class='ocrx_word' id='word_1_643' title='bbox 835 4685 1042 4754; x_wconf 78' lang='grc' dir='ltr'><strong>λέγων⁹</strong></span> <span class='ocrx_word' id='word_1_644' title='bbox 1079 4687 1210 4749; x_wconf 80' lang='grc' dir='ltr'><strong>«Ὃς</strong></span> <span class='ocrx_word' id='word_1_645' title='bbox 1236 4688 1292 4738; x_wconf 86' lang='grc' dir='ltr'><strong>ἐν</strong></span> <span class='ocrx_word' id='word_1_646' title='bbox 1328 4687 1509 4755; x_wconf 80' lang='grc' dir='ltr'>μορφῇ</span> <span class='ocrx_word' id='word_1_647' title='bbox 1547 4683 1682 4736; x_wconf 85' lang='grc' dir='ltr'>Θεοῦ</span> <span class='ocrx_word' id='word_1_648' title='bbox 1719 4686 1818 4736; x_wconf 86' lang='grc' dir='ltr'>ὑπ-</span> 
     </span>
    </p>
   </div>
   <div class='ocr_carea' id='block_1_86' title="bbox 1927 4666 2840 4755">
    <p class='ocr_par' dir='ltr' id='par_1_86' title="bbox 1928 4677 2840 4753">
     <span class='ocr_line' id='line_1_86' title="bbox 1928 4677 2840 4753; baseline -0.011 -14"><span class='ocrx_word' id='word_1_649' title='bbox 1928 4683 2291 4753; x_wconf 69' lang='grc' dir='ltr'>ωῳισιὶισιειιι</span> <span class='ocrx_word' id='word_1_650' title='bbox 2340 4679 2559 4743; x_wconf 78' lang='lat' dir='ltr'><strong>tribuit,</strong></span> <span class='ocrx_word' id='word_1_651' title='bbox 2605 4677 2789 4732; x_wconf 79' lang='lat' dir='ltr'><strong>dicens</strong></span> <span class='ocrx_word' id='word_1_652' title='bbox 2828 4693 2840 4729; x_wconf 88' lang='lat'><strong>:</strong></span> 
     </span>
    </p>
   </div>
   <div class='ocr_carea' id='block_1_87' title="bbox 233 4772 1822 4848">
    <p class='ocr_par' dir='ltr' id='par_1_87' title="bbox 233 4772 1822 4848">
     <span class='ocr_line' id='line_1_87' title="bbox 233 4772 1822 4848; baseline -0.001 -19"><span class='ocrx_word' id='word_1_653' title='bbox 233 4778 439 4847; x_wconf 77' lang='grc' dir='ltr'>ἅρχων,</span> <span class='ocrx_word' id='word_1_654' title='bbox 470 4778 568 4846; x_wconf 85' lang='grc' dir='ltr'><strong>οὑχ</strong></span> <span class='ocrx_word' id='word_1_655' title='bbox 614 4775 907 4847; x_wconf 85' lang='grc' dir='ltr'>ἁρπαγμὸν</span> <span class='ocrx_word' id='word_1_656' title='bbox 945 4778 1189 4848; x_wconf 83' lang='grc' dir='ltr'>ἡγήσατο</span> <span class='ocrx_word' id='word_1_657' title='bbox 1228 4778 1289 4829; x_wconf 83' lang='grc' dir='ltr'>τὸ</span> <span class='ocrx_word' id='word_1_658' title='bbox 1333 4772 1469 4830; x_wconf 80' lang='grc' dir='ltr'>εἶναι</span> <span class='ocrx_word' id='word_1_659' title='bbox 1524 4776 1613 4829; x_wconf 72' lang='grc' dir='ltr'><strong>[σα</strong></span> <span class='ocrx_word' id='word_1_660' title='bbox 1661 4776 1779 4847; x_wconf 82' lang='grc' dir='ltr'><strong>Θεῷ</strong></span> <span class='ocrx_word' id='word_1_661' title='bbox 1810 4793 1822 4805; x_wconf 94' lang='grc'><strong>·</strong></span> 
     </span>
    </p>
   </div>
   <div class='ocr_carea' id='block_1_88' title="bbox 233 4868 1825 4940">
    <p class='ocr_par' dir='ltr' id='par_1_88' title="bbox 233 4868 1825 4940">
     <span class='ocr_line' id='line_1_88' title="bbox 233 4868 1825 4940; baseline -0.001 -18"><span class='ocrx_word' id='word_1_662' title='bbox 233 4868 347 4923; x_wconf 78' lang='grc' dir='ltr'>ἀλλ’</span> <span class='ocrx_word' id='word_1_663' title='bbox 376 4870 571 4921; x_wconf 71' lang='grc' dir='ltr'>ἑαυτὸν</span> <span class='ocrx_word' id='word_1_664' title='bbox 602 4870 859 4931; x_wconf 80' lang='grc' dir='ltr'>ἐκένωσε,</span> <span class='ocrx_word' id='word_1_665' title='bbox 890 4869 1102 4940; x_wconf 82' lang='grc' dir='ltr'>μορφὴν</span> <span class='ocrx_word' id='word_1_666' title='bbox 1134 4870 1319 4923; x_wconf 79' lang='grc' dir='ltr'>δούλου</span> <span class='ocrx_word' id='word_1_667' title='bbox 1354 4868 1556 4933; x_wconf 78' lang='grc' dir='ltr'>λαϐὼν,</span> <span class='ocrx_word' id='word_1_668' title='bbox 1579 4870 1673 4922; x_wconf 76' lang='grc' dir='ltr'>καὶ</span> <span class='ocrx_word' id='word_1_669' title='bbox 1696 4872 1825 4940; x_wconf 89' lang='grc' dir='ltr'>σχή-</span> 
     </span>
    </p>
   </div>
   <div class='ocr_carea' id='block_1_89' title="bbox 238 4961 1816 5033">
    <p class='ocr_par' dir='ltr' id='par_1_89' title="bbox 238 4961 1816 5033">
     <span class='ocr_line' id='line_1_89' title="bbox 238 4961 1816 5033; baseline -0.003 -18"><span class='ocrx_word' id='word_1_670' title='bbox 238 4980 368 5032; x_wconf 85' lang='grc' dir='ltr'>ματι</span> <span class='ocrx_word' id='word_1_671' title='bbox 406 4962 656 5033; x_wconf 69' lang='grc' dir='ltr'>εὑρεθεὶς</span> <span class='ocrx_word' id='word_1_672' title='bbox 682 4963 759 5024; x_wconf 83' lang='grc' dir='ltr'>ὼς</span> <span class='ocrx_word' id='word_1_673' title='bbox 790 4961 1096 5032; x_wconf 81' lang='grc' dir='ltr'>ἄνθρωπος,</span> <span class='ocrx_word' id='word_1_674' title='bbox 1132 4961 1496 5013; x_wconf 80' lang='grc' dir='ltr'>ἐταπείνωσεν</span> <span class='ocrx_word' id='word_1_675' title='bbox 1536 4961 1762 5024; x_wconf 79' lang='grc' dir='ltr'>ἐαυτὸν;</span> <span class='ocrx_word' id='word_1_676' title='bbox 1798 4978 1816 5011; x_wconf 72' lang='grc' dir='ltr'><strong>ι</strong></span> 
     </span>
    </p>
   </div>
   <div class='ocr_carea' id='block_1_90' title="bbox 236 5050 1825 5123">
    <p class='ocr_par' dir='ltr' id='par_1_90' title="bbox 236 5050 1825 5123">
     <span class='ocr_line' id='line_1_90' title="bbox 236 5050 1825 5123; baseline -0.001 -18"><span class='ocrx_word' id='word_1_677' title='bbox 236 5053 300 5105; x_wconf 83' lang='grc' dir='ltr'><strong>Εἰ</strong></span> <span class='ocrx_word' id='word_1_678' title='bbox 325 5051 506 5105; x_wconf 80' lang='grc' dir='ltr'>τοίνυν</span> <span class='ocrx_word' id='word_1_679' title='bbox 529 5053 558 5104; x_wconf 77' lang='grc' dir='ltr'><strong><em>ὁ</em></strong></span> <span class='ocrx_word' id='word_1_680' title='bbox 586 5054 685 5121; x_wconf 83' lang='grc' dir='ltr'>τῆς</span> <span class='ocrx_word' id='word_1_681' title='bbox 718 5050 1183 5122; x_wconf 85' lang='grc' dir='ltr'>ἐνανθρωπήσεως</span> <span class='ocrx_word' id='word_1_682' title='bbox 1208 5051 1408 5120; x_wconf 80' lang='grc' dir='ltr'>τρόπος</span> <span class='ocrx_word' id='word_1_683' title='bbox 1438 5050 1534 5123; x_wconf 82' lang='grc' dir='ltr'>τὴν</span> <span class='ocrx_word' id='word_1_684' title='bbox 1562 5052 1825 5103; x_wconf 87' lang='grc' dir='ltr'>ταπείνω-</span> 
     </span>
    </p>
   </div>
   <div class='ocr_carea' id='block_1_91' title="bbox 237 5142 1820 5220">
    <p class='ocr_par' dir='ltr' id='par_1_91' title="bbox 237 5142 1820 5220">
     <span class='ocr_line' id='line_1_91' title="bbox 237 5142 1820 5220; baseline 0.001 -25"><span class='ocrx_word' id='word_1_685' title='bbox 237 5160 323 5195; x_wconf 73' lang='grc' dir='ltr'><strong>σιν</strong></span> <span class='ocrx_word' id='word_1_686' title='bbox 351 5143 487 5213; x_wconf 75' lang='grc' dir='ltr'>ἔχει,</span> <span class='ocrx_word' id='word_1_687' title='bbox 516 5143 609 5195; x_wconf 79' lang='grc' dir='ltr'>καὶ</span> <span class='ocrx_word' id='word_1_688' title='bbox 637 5142 735 5220; x_wconf 82' lang='grc' dir='ltr'>τὴν</span> <span class='ocrx_word' id='word_1_689' title='bbox 764 5142 1064 5215; x_wconf 81' lang='grc' dir='ltr'>λεγομένην</span> <span class='ocrx_word' id='word_1_690' title='bbox 1097 5143 1284 5196; x_wconf 85' lang='grc' dir='ltr'>ἐνθάδε</span> <span class='ocrx_word' id='word_1_691' title='bbox 1325 5143 1574 5207; x_wconf 86' lang='grc' dir='ltr'>κένωσιν,</span> <span class='ocrx_word' id='word_1_692' title='bbox 1608 5144 1820 5213; x_wconf 84' lang='grc' dir='ltr'>ἀνάγκη</span> 
     </span>
    </p>
   </div>
   <div class='ocr_carea' id='block_1_92' title="bbox 239 5232 1823 5305">
    <p class='ocr_par' dir='ltr' id='par_1_92' title="bbox 239 5232 1823 5305">
     <span class='ocr_line' id='line_1_92' title="bbox 239 5232 1823 5305; baseline 0 -20"><span class='ocrx_word' id='word_1_693' title='bbox 239 5236 386 5287; x_wconf 73' lang='grc' dir='ltr'>πᾶσα</span> <span class='ocrx_word' id='word_1_694' title='bbox 438 5232 707 5297; x_wconf 79' lang='grc' dir='ltr'>σώζεσθαι</span> <span class='ocrx_word' id='word_1_695' title='bbox 736 5234 797 5286; x_wconf 72' lang='grc' dir='ltr'>τὸ</span> <span class='ocrx_word' id='word_1_696' title='bbox 822 5234 1024 5287; x_wconf 86' lang='grc' dir='ltr'>τέλειον</span> <span class='ocrx_word' id='word_1_697' title='bbox 1049 5234 1126 5304; x_wconf 85' lang='grc' dir='ltr'>τῷ</span> <span class='ocrx_word' id='word_1_698' title='bbox 1157 5233 1270 5304; x_wconf 78' lang='grc' dir='ltr'>Υίῷ</span> <span class='ocrx_word' id='word_1_699' title='bbox 1303 5236 1425 5287; x_wconf 77' lang='grc' dir='ltr'>κατ’</span> <span class='ocrx_word' id='word_1_700' title='bbox 1460 5235 1681 5305; x_wconf 78' lang='grc' dir='ltr'>ἰσότητα</span> <span class='ocrx_word' id='word_1_701' title='bbox 1723 5234 1823 5304; x_wconf 81' lang='grc' dir='ltr'>τὴν</span> 
     </span>
    </p>
   </div>
   <div class='ocr_carea' id='block_1_93' title="bbox 236 5324 1822 5398">
    <p class='ocr_par' dir='ltr' id='par_1_93' title="bbox 236 5324 1822 5398">
     <span class='ocr_line' id='line_1_93' title="bbox 236 5324 1822 5398; baseline 0.002 -22"><span class='ocrx_word' id='word_1_702' title='bbox 236 5324 375 5394; x_wconf 77' lang='grc' dir='ltr'>πρὸς</span> <span class='ocrx_word' id='word_1_703' title='bbox 406 5326 499 5378; x_wconf 68' lang='grc' dir='ltr'><strong>τὸν</strong></span> <span class='ocrx_word' id='word_1_704' title='bbox 526 5325 661 5378; x_wconf 70' lang='grc' dir='ltr'>Θεὸν</span> <span class='ocrx_word' id='word_1_705' title='bbox 696 5326 789 5379; x_wconf 75' lang='grc' dir='ltr'>καὶ</span> <span class='ocrx_word' id='word_1_706' title='bbox 822 5326 1039 5397; x_wconf 77' lang='grc' dir='ltr'>Πατέρα</span> <span class='ocrx_word' id='word_1_707' title='bbox 1072 5326 1176 5396; x_wconf 70' lang='grc' dir='ltr'><strong>πρὸ</strong></span> <span class='ocrx_word' id='word_1_708' title='bbox 1206 5328 1306 5395; x_wconf 80' lang='grc' dir='ltr'>τῆς</span> <span class='ocrx_word' id='word_1_709' title='bbox 1337 5328 1822 5398; x_wconf 83' lang='grc' dir='ltr'>ἐνανθρωπήσεως.</span> 
     </span>
    </p>
   </div>
   <div class='ocr_carea' id='block_1_94' title="bbox 251 5416 1824 5489">
    <p class='ocr_par' dir='ltr' id='par_1_94' title="bbox 251 5416 1824 5489">
     <span class='ocr_line' id='line_1_94' title="bbox 251 5416 1824 5489; baseline 0.002 -19"><span class='ocrx_word' id='word_1_710' title='bbox 251 5417 532 5471; x_wconf 78' lang='grc' dir='ltr'>Ἐντεῦθεν</span> <span class='ocrx_word' id='word_1_711' title='bbox 563 5416 673 5487; x_wconf 86' lang='grc' dir='ltr'><strong>γάρ</strong></span> <span class='ocrx_word' id='word_1_712' title='bbox 705 5418 836 5487; x_wconf 85' lang='grc' dir='ltr'>ήμῖν</span> <span class='ocrx_word' id='word_1_713' title='bbox 863 5421 1112 5486; x_wconf 86' lang='grc' dir='ltr'>φανεῖται.</span> <span class='ocrx_word' id='word_1_714' title='bbox 1152 5420 1247 5471; x_wconf 70' lang='lat' dir='ltr'><strong>xui.</strong></span> <span class='ocrx_word' id='word_1_715' title='bbox 1294 5421 1325 5489; x_wconf 84' lang='grc' dir='ltr'><strong>ή</strong></span> <span class='ocrx_word' id='word_1_716' title='bbox 1375 5420 1723 5483; x_wconf 87' lang='grc' dir='ltr'>ταπείνωσις.</span> <span class='ocrx_word' id='word_1_717' title='bbox 1761 5421 1824 5473; x_wconf 79' lang='lat' dir='ltr'><strong>Ei</strong></span> 
     </span>
    </p>
   </div>
   <div class='ocr_carea' id='block_1_95' title="bbox 239 5504 1823 5582">
    <p class='ocr_par' dir='ltr' id='par_1_95' title="bbox 239 5504 1823 5582">
     <span class='ocr_line' id='line_1_95' title="bbox 239 5504 1823 5582; baseline 0.003 -22"><span class='ocrx_word' id='word_1_718' title='bbox 239 5508 347 5577; x_wconf 77' lang='grc' dir='ltr'><strong>γὰρ</strong></span> <span class='ocrx_word' id='word_1_719' title='bbox 375 5504 441 5579; x_wconf 78' lang='grc' dir='ltr'>ἦν</span> <span class='ocrx_word' id='word_1_720' title='bbox 468 5508 709 5562; x_wconf 83' lang='grc' dir='ltr'>ἐλάττων</span> <span class='ocrx_word' id='word_1_721' title='bbox 734 5509 795 5576; x_wconf 81' lang='grc' dir='ltr'>ἐξ</span> <span class='ocrx_word' id='word_1_722' title='bbox 824 5509 1020 5563; x_wconf 78' lang='grc' dir='ltr'>ἐαυτοῦ</span> <span class='ocrx_word' id='word_1_723' title='bbox 1045 5512 1142 5564; x_wconf 72' lang='grc' dir='ltr'>καὶ</span> <span class='ocrx_word' id='word_1_724' title='bbox 1165 5512 1268 5582; x_wconf 72' lang='grc' dir='ltr'>πρὸ</span> <span class='ocrx_word' id='word_1_725' title='bbox 1292 5511 1390 5581; x_wconf 83' lang='grc' dir='ltr'>τῆς</span> <span class='ocrx_word' id='word_1_726' title='bbox 1420 5514 1823 5579; x_wconf 67' lang='grc' dir='ltr'>ταπεινώσεως,</span> 
     </span>
    </p>
   </div>
   <div class='ocr_carea' id='block_1_96' title="bbox 240 5601 1827 5680">
    <p class='ocr_par' dir='ltr' id='par_1_96' title="bbox 240 5601 1827 5680">
     <span class='ocr_line' id='line_1_96' title="bbox 240 5601 1827 5680; baseline 0.004 -27"><span class='ocrx_word' id='word_1_727' title='bbox 240 5604 332 5653; x_wconf 79' lang='grc' dir='ltr'><strong>ποῖ</strong></span> <span class='ocrx_word' id='word_1_728' title='bbox 356 5603 419 5673; x_wconf 75' lang='grc' dir='ltr'>δὴ</span> <span class='ocrx_word' id='word_1_729' title='bbox 450 5601 561 5673; x_wconf 83' lang='grc' dir='ltr'>ἄρα</span> <span class='ocrx_word' id='word_1_730' title='bbox 614 5602 1014 5675; x_wconf 77' lang='grc' dir='ltr'>καταϐεϐηκὼς</span> <span class='ocrx_word' id='word_1_731' title='bbox 1039 5604 1354 5678; x_wconf 75' lang='grc' dir='ltr'>ὀφθήσεται,</span> <span class='ocrx_word' id='word_1_732' title='bbox 1394 5608 1487 5661; x_wconf 75' lang='grc' dir='ltr'>καὶ</span> <span class='ocrx_word' id='word_1_733' title='bbox 1517 5608 1598 5672; x_wconf 83' lang='grc' dir='ltr'><strong>τίς</strong></span> <span class='ocrx_word' id='word_1_734' title='bbox 1637 5610 1768 5680; x_wconf 83' lang='grc' dir='ltr'>ἡμῖν</span> <span class='ocrx_word' id='word_1_735' title='bbox 1800 5610 1827 5660; x_wconf 85' lang='grc' dir='ltr'>ὁ</span> 
     </span>
    </p>
   </div>
   <div class='ocr_carea' id='block_1_97' title="bbox 241 5695 1013 5768">
    <p class='ocr_par' dir='ltr' id='par_1_97' title="bbox 241 5695 1013 5768">
     <span class='ocr_line' id='line_1_97' title="bbox 241 5695 1013 5768; baseline 0.009 -22"><span class='ocrx_word' id='word_1_736' title='bbox 241 5696 337 5764; x_wconf 76' lang='grc' dir='ltr'>τῆς</span> <span class='ocrx_word' id='word_1_737' title='bbox 366 5695 756 5759; x_wconf 76' lang='grc' dir='ltr'>ταπεινώσεως</span> <span class='ocrx_word' id='word_1_738' title='bbox 782 5697 982 5768; x_wconf 84' lang='grc' dir='ltr'>τρόπος</span> <span class='ocrx_word' id='word_1_739' title='bbox 1000 5715 1013 5762; x_wconf 90' lang='grc'><strong>;</strong></span> 
     </span>
    </p>
   </div>
   <div class='ocr_carea' id='block_1_98' title="bbox 313 5874 1491 5948">
    <p class='ocr_par' dir='ltr' id='par_1_98' title="bbox 313 5874 1491 5948">
     <span class='ocr_line' id='line_1_98' title="bbox 313 5874 1491 5948; baseline 0.003 -18"><span class='ocrx_word' id='word_1_740' title='bbox 313 5877 352 5907; x_wconf 82' lang='grc'>⁸⁸</span> <span class='ocrx_word' id='word_1_741' title='bbox 389 5876 405 5930; x_wconf 79' lang='grc'>1</span> <span class='ocrx_word' id='word_1_742' title='bbox 438 5876 678 5934; x_wconf 85' lang='lat' dir='ltr'><strong>Timoth.</strong></span> <span class='ocrx_word' id='word_1_743' title='bbox 717 5890 755 5946; x_wconf 90' lang='grc'>1,</span> <span class='ocrx_word' id='word_1_744' title='bbox 788 5875 841 5931; x_wconf 87' lang='lat'><strong>7.</strong></span> <span class='ocrx_word' id='word_1_745' title='bbox 922 5877 965 5910; x_wconf 72' lang='grc'>’³</span> <span class='ocrx_word' id='word_1_746' title='bbox 994 5874 1226 5948; x_wconf 79' lang='lat' dir='ltr'><strong>Philipp.</strong></span> <span class='ocrx_word' id='word_1_747' title='bbox 1259 5894 1316 5947; x_wconf 83' lang='lat' dir='ltr'><strong>tt,</strong></span> <span class='ocrx_word' id='word_1_748' title='bbox 1355 5879 1405 5948; x_wconf 74' lang='grc' dir='ltr'><strong>(ἰ,</strong></span> <span class='ocrx_word' id='word_1_749' title='bbox 1442 5878 1491 5934; x_wconf 78' lang='lat'><strong>7.</strong></span> 
     </span>
    </p>
   </div>
   <div class='ocr_carea' id='block_1_99' title="bbox 1930 4770 3524 4841">
    <p class='ocr_par' dir='ltr' id='par_1_99' title="bbox 1930 4770 3524 4841">
     <span class='ocr_line' id='line_1_99' title="bbox 1930 4770 3524 4841; baseline -0.011 -9"><span class='ocrx_word' id='word_1_750' title='bbox 1930 4778 2233 4841; x_wconf 75' lang='lat' dir='ltr'><strong>exsistens,</strong></span> <span class='ocrx_word' id='word_1_751' title='bbox 2267 4788 2371 4827; x_wconf 91' lang='lat' dir='ltr'><strong>non</strong></span> <span class='ocrx_word' id='word_1_752' title='bbox 2400 4770 2644 4841; x_wconf 85' lang='lat' dir='ltr'><strong>rapinam</strong></span> <span class='ocrx_word' id='word_1_753' title='bbox 2675 4770 2971 4823; x_wconf 86' lang='lat' dir='ltr'><strong>arbitratus</strong></span> <span class='ocrx_word' id='word_1_754' title='bbox 2997 4776 3077 4821; x_wconf 85' lang='lat' dir='ltr'><strong>est</strong></span> <span class='ocrx_word' id='word_1_755' title='bbox 3108 4780 3165 4819; x_wconf 87' lang='lat' dir='ltr'><strong>se</strong></span> <span class='ocrx_word' id='word_1_756' title='bbox 3191 4780 3313 4819; x_wconf 89' lang='lat' dir='ltr'><strong>esse</strong></span> <span class='ocrx_word' id='word_1_757' title='bbox 3339 4779 3524 4833; x_wconf 69' lang='lat' dir='ltr'><strong>mqua-</strong></span> 
     </span>
    </p>
   </div>
   <div class='ocr_carea' id='block_1_100' title="bbox 1932 4854 3526 4933">
    <p class='ocr_par' dir='ltr' id='par_1_100' title="bbox 1932 4854 3526 4933">
     <span class='ocr_line' id='line_1_100' title="bbox 1932 4854 3526 4933; baseline -0.011 -9"><span class='ocrx_word' id='word_1_758' title='bbox 1932 4872 2035 4924; x_wconf 87' lang='lat' dir='ltr'><strong>lem</strong></span> <span class='ocrx_word' id='word_1_759' title='bbox 2069 4868 2209 4931; x_wconf 88' lang='lat' dir='ltr'><strong>Deo,</strong></span> <span class='ocrx_word' id='word_1_760' title='bbox 2244 4867 2336 4919; x_wconf 89' lang='lat' dir='ltr'><strong>sed</strong></span> <span class='ocrx_word' id='word_1_761' title='bbox 2368 4865 2605 4933; x_wconf 86' lang='lat' dir='ltr'><strong>seipsum</strong></span> <span class='ocrx_word' id='word_1_762' title='bbox 2638 4861 2967 4923; x_wconf 75' lang='lat' dir='ltr'><strong>exinanivit,</strong></span> <span class='ocrx_word' id='word_1_763' title='bbox 3002 4857 3232 4912; x_wconf 79' lang='lat' dir='ltr'><strong>formam</strong></span> <span class='ocrx_word' id='word_1_764' title='bbox 3262 4854 3401 4909; x_wconf 87' lang='lat' dir='ltr'><strong>servi</strong></span> <span class='ocrx_word' id='word_1_765' title='bbox 3435 4869 3526 4907; x_wconf 88' lang='lat' dir='ltr'><strong>ac-</strong></span> 
     </span>
    </p>
   </div>
   <div class='ocr_carea' id='block_1_101' title="bbox 1931 4943 3527 5029">
    <p class='ocr_par' dir='ltr' id='par_1_101' title="bbox 1931 4943 3527 5029">
     <span class='ocr_line' id='line_1_101' title="bbox 1931 4943 3527 5029; baseline -0.013 -15"><span class='ocrx_word' id='word_1_766' title='bbox 1931 4961 2169 5029; x_wconf 81' lang='lat' dir='ltr'><strong>cipiens,</strong></span> <span class='ocrx_word' id='word_1_767' title='bbox 2201 4968 2363 5027; x_wconf 87' lang='lat' dir='ltr'><strong>atque</strong></span> <span class='ocrx_word' id='word_1_768' title='bbox 2396 4954 2581 5010; x_wconf 87' lang='lat' dir='ltr'><strong>habitu</strong></span> <span class='ocrx_word' id='word_1_769' title='bbox 2614 4954 2865 5006; x_wconf 90' lang='lat' dir='ltr'><strong>inventus</strong></span> <span class='ocrx_word' id='word_1_770' title='bbox 2897 4959 2955 5003; x_wconf 92' lang='lat' dir='ltr'><strong>nt</strong></span> <span class='ocrx_word' id='word_1_771' title='bbox 2987 4949 3181 5011; x_wconf 86' lang='lat' dir='ltr'><strong>homo,</strong></span> <span class='ocrx_word' id='word_1_772' title='bbox 3215 4943 3527 4999; x_wconf 78' lang='lat' dir='ltr'><strong>ltutniliavit</strong></span> 
     </span>
    </p>
   </div>
   <div class='ocr_carea' id='block_1_102' title="bbox 1932 5034 3527 5121">
    <p class='ocr_par' dir='ltr' id='par_1_102' title="bbox 1932 5034 3527 5121">
     <span class='ocr_line' id='line_1_102' title="bbox 1932 5034 3527 5121; baseline -0.014 -14"><span class='ocrx_word' id='word_1_773' title='bbox 1932 5049 2269 5121; x_wconf 79' lang='lat' dir='ltr'><strong>seipsum”?</strong></span> <span class='ocrx_word' id='word_1_774' title='bbox 2316 5069 2334 5101; x_wconf 70' lang='grc' dir='ltr'><strong>ι</strong></span> <span class='ocrx_word' id='word_1_775' title='bbox 2383 5048 2440 5102; x_wconf 81' lang='lat' dir='ltr'><strong>Si</strong></span> <span class='ocrx_word' id='word_1_776' title='bbox 2486 5060 2616 5116; x_wconf 79' lang='lat' dir='ltr'><strong>ergo</strong></span> <span class='ocrx_word' id='word_1_777' title='bbox 2656 5040 3047 5098; x_wconf 86' lang='lat' dir='ltr'><strong>incarnationis</strong></span> <span class='ocrx_word' id='word_1_778' title='bbox 3092 5038 3303 5092; x_wconf 88' lang='lat' dir='ltr'><strong>ratione</strong></span> <span class='ocrx_word' id='word_1_779' title='bbox 3346 5034 3527 5090; x_wconf 87' lang='lat' dir='ltr'><strong>humi-</strong></span> 
     </span>
    </p>
   </div>
   <div class='ocr_carea' id='block_1_103' title="bbox 1936 5127 3527 5211">
    <p class='ocr_par' dir='ltr' id='par_1_103' title="bbox 1936 5127 3527 5211">
     <span class='ocr_line' id='line_1_103' title="bbox 1936 5127 3527 5211; baseline -0.013 -12"><span class='ocrx_word' id='word_1_780' title='bbox 1936 5147 2098 5199; x_wconf 90' lang='lat' dir='ltr'><strong>liatus</strong></span> <span class='ocrx_word' id='word_1_781' title='bbox 2133 5153 2294 5211; x_wconf 90' lang='lat' dir='ltr'><strong>atque</strong></span> <span class='ocrx_word' id='word_1_782' title='bbox 2329 5139 2642 5195; x_wconf 80' lang='lat' dir='ltr'><strong>exinanitus</strong></span> <span class='ocrx_word' id='word_1_783' title='bbox 2673 5136 2892 5199; x_wconf 83' lang='lat' dir='ltr'><strong>dicitur,</strong></span> <span class='ocrx_word' id='word_1_784' title='bbox 2930 5146 3152 5187; x_wconf 84' lang='lat' dir='ltr'><strong>necesse</strong></span> <span class='ocrx_word' id='word_1_785' title='bbox 3185 5127 3409 5183; x_wconf 90' lang='lat' dir='ltr'><strong>omnino</strong></span> <span class='ocrx_word' id='word_1_786' title='bbox 3442 5132 3527 5178; x_wconf 84' lang='lat' dir='ltr'><strong>est</strong></span> 
     </span>
    </p>
   </div>
   <div class='ocr_carea' id='block_1_104' title="bbox 1934 5219 3525 5307">
    <p class='ocr_par' dir='ltr' id='par_1_104' title="bbox 1934 5219 3525 5307">
     <span class='ocr_line' id='line_1_104' title="bbox 1934 5219 3525 5307; baseline -0.014 -15"><span class='ocrx_word' id='word_1_787' title='bbox 1934 5249 1993 5291; x_wconf 93' lang='lat' dir='ltr'><strong>ut</strong></span> <span class='ocrx_word' id='word_1_788' title='bbox 2019 5235 2281 5307; x_wconf 82' lang='lat' dir='ltr'><strong>perfectio</strong></span> <span class='ocrx_word' id='word_1_789' title='bbox 2308 5232 2428 5286; x_wconf 86' lang='lat' dir='ltr'><strong>Filii</strong></span> <span class='ocrx_word' id='word_1_790' title='bbox 2458 5229 2783 5288; x_wconf 85' lang='lat' dir='ltr'><strong>retineatur,</strong></span> <span class='ocrx_word' id='word_1_791' title='bbox 2811 5224 3023 5277; x_wconf 84' lang='lat' dir='ltr'><strong>ratione</strong></span> <span class='ocrx_word' id='word_1_792' title='bbox 3049 5219 3378 5290; x_wconf 77' lang='lat' dir='ltr'><strong>:equalitatis</strong></span> <span class='ocrx_word' id='word_1_793' title='bbox 3406 5231 3525 5284; x_wconf 67' lang='lat' dir='ltr'><strong>qua:</strong></span> 
     </span>
    </p>
   </div>
   <div class='ocr_carea' id='block_1_105' title="bbox 1932 5311 3522 5386">
    <p class='ocr_par' dir='ltr' id='par_1_105' title="bbox 1932 5311 3522 5386">
     <span class='ocr_line' id='line_1_105' title="bbox 1932 5311 3522 5386; baseline -0.016 -1"><span class='ocrx_word' id='word_1_794' title='bbox 1932 5334 1979 5386; x_wconf 92' lang='lat' dir='ltr'><strong>ei</strong></span> <span class='ocrx_word' id='word_1_795' title='bbox 2014 5345 2136 5386; x_wconf 87' lang='lat' dir='ltr'><strong>cum</strong></span> <span class='ocrx_word' id='word_1_796' title='bbox 2175 5328 2281 5383; x_wconf 90' lang='lat' dir='ltr'><strong>Deo</strong></span> <span class='ocrx_word' id='word_1_797' title='bbox 2315 5336 2368 5380; x_wconf 93' lang='lat' dir='ltr'><strong>ct</strong></span> <span class='ocrx_word' id='word_1_798' title='bbox 2402 5324 2558 5377; x_wconf 85' lang='lat' dir='ltr'><strong>Patre</strong></span> <span class='ocrx_word' id='word_1_799' title='bbox 2593 5318 2879 5374; x_wconf 89' lang='lat' dir='ltr'><strong>intercedit</strong></span> <span class='ocrx_word' id='word_1_800' title='bbox 2911 5324 3036 5370; x_wconf 90' lang='lat' dir='ltr'><strong>ante</strong></span> <span class='ocrx_word' id='word_1_801' title='bbox 3072 5311 3522 5368; x_wconf 81' lang='lat' dir='ltr'><strong>incarnationem.</strong></span> 
     </span>
    </p>
   </div>
   <div class='ocr_carea' id='block_1_106' title="bbox 1936 5403 3523 5483">
    <p class='ocr_par' dir='ltr' id='par_1_106' title="bbox 1936 5403 3523 5483">
     <span class='ocr_line' id='line_1_106' title="bbox 1936 5403 3523 5483; baseline -0.016 0"><span class='ocrx_word' id='word_1_802' title='bbox 1936 5427 2072 5483; x_wconf 90' lang='lat' dir='ltr'><strong>llinc</strong></span> <span class='ocrx_word' id='word_1_803' title='bbox 2107 5425 2251 5479; x_wconf 90' lang='lat' dir='ltr'><strong>enim</strong></span> <span class='ocrx_word' id='word_1_804' title='bbox 2286 5430 2340 5476; x_wconf 93' lang='lat' dir='ltr'><strong>et</strong></span> <span class='ocrx_word' id='word_1_805' title='bbox 2373 5416 2678 5474; x_wconf 80' lang='lat' dir='ltr'><strong>ltutniliatio</strong></span> <span class='ocrx_word' id='word_1_806' title='bbox 2712 5430 2741 5468; x_wconf 91' lang='lat' dir='ltr'><strong>a</strong></span> <span class='ocrx_word' id='word_1_807' title='bbox 2778 5414 2937 5468; x_wconf 87' lang='lat' dir='ltr'><strong>nobis</strong></span> <span class='ocrx_word' id='word_1_808' title='bbox 2974 5416 3353 5481; x_wconf 82' lang='lat' dir='ltr'><strong>cognoscetur.</strong></span> <span class='ocrx_word' id='word_1_809' title='bbox 3390 5403 3523 5457; x_wconf 83' lang='lat' dir='ltr'><strong>Nam</strong></span> 
     </span>
    </p>
   </div>
   <div class='ocr_carea' id='block_1_107' title="bbox 1936 5501 3526 5589">
    <p class='ocr_par' dir='ltr' id='par_1_107' title="bbox 1936 5501 3526 5589">
     <span class='ocr_line' id='line_1_107' title="bbox 1936 5501 3526 5589; baseline -0.017 -15"><span class='ocrx_word' id='word_1_810' title='bbox 1936 5519 1981 5574; x_wconf 88' lang='lat' dir='ltr'><strong>si</strong></span> <span class='ocrx_word' id='word_1_811' title='bbox 2012 5534 2109 5589; x_wconf 90' lang='lat' dir='ltr'><strong>per</strong></span> <span class='ocrx_word' id='word_1_812' title='bbox 2138 5531 2197 5571; x_wconf 88' lang='lat' dir='ltr'><strong>se</strong></span> <span class='ocrx_word' id='word_1_813' title='bbox 2224 5516 2403 5569; x_wconf 92' lang='lat' dir='ltr'><strong>minor</strong></span> <span class='ocrx_word' id='word_1_814' title='bbox 2429 5521 2547 5568; x_wconf 88' lang='lat' dir='ltr'><strong>erat</strong></span> <span class='ocrx_word' id='word_1_815' title='bbox 2573 5513 2737 5567; x_wconf 91' lang='lat' dir='ltr'><strong>etiam</strong></span> <span class='ocrx_word' id='word_1_816' title='bbox 2768 5518 2894 5563; x_wconf 85' lang='lat' dir='ltr'><strong>ante</strong></span> <span class='ocrx_word' id='word_1_817' title='bbox 2922 5501 3351 5561; x_wconf 88' lang='lat' dir='ltr'><strong>incarnationem</strong></span> <span class='ocrx_word' id='word_1_818' title='bbox 3374 5536 3388 5559; x_wconf 91' lang='lat'><strong>,</strong></span> <span class='ocrx_word' id='word_1_819' title='bbox 3418 5508 3526 5564; x_wconf 83' lang='lat' dir='ltr'><strong>quo</strong></span> 
     </span>
    </p>
   </div>
   <div class='ocr_carea' id='block_1_108' title="bbox 1937 5586 3525 5680">
    <p class='ocr_par' dir='ltr' id='par_1_108' title="bbox 1937 5586 3525 5680">
     <span class='ocr_line' id='line_1_108' title="bbox 1937 5586 3525 5680; baseline -0.016 -15"><span class='ocrx_word' id='word_1_820' title='bbox 1937 5586 2098 5680; x_wconf 81' lang='lat' dir='ltr'><strong>pacto</strong></span> <span class='ocrx_word' id='word_1_821' title='bbox 2128 5608 2480 5663; x_wconf 83' lang='lat' dir='ltr'><strong>descendisse</strong></span> <span class='ocrx_word' id='word_1_822' title='bbox 2509 5614 2786 5669; x_wconf 88' lang='lat' dir='ltr'><strong>cernetnr,</strong></span> <span class='ocrx_word' id='word_1_823' title='bbox 2817 5610 2909 5655; x_wconf 87' lang='lat' dir='ltr'><strong>aut</strong></span> <span class='ocrx_word' id='word_1_824' title='bbox 2937 5610 3185 5668; x_wconf 65' lang='lat' dir='ltr'><strong>quaenam</strong></span> <span class='ocrx_word' id='word_1_825' title='bbox 3216 5590 3320 5648; x_wconf 90' lang='lat' dir='ltr'><strong>erit</strong></span> <span class='ocrx_word' id='word_1_826' title='bbox 3348 5586 3525 5645; x_wconf 83' lang='lat' dir='ltr'><strong>humi-</strong></span> 
     </span>
    </p>
   </div>
   <div class='ocr_carea' id='block_1_109' title="bbox 1940 5700 2386 5760">
    <p class='ocr_par' dir='ltr' id='par_1_109' title="bbox 1940 5700 2386 5760">
     <span class='ocr_line' id='line_1_109' title="bbox 1940 5700 2386 5760; baseline -0.011 -2"><span class='ocrx_word' id='word_1_827' title='bbox 1940 5702 2176 5760; x_wconf 87' lang='lat' dir='ltr'><strong>liationis</strong></span> <span class='ocrx_word' id='word_1_828' title='bbox 2210 5700 2386 5756; x_wconf 82' lang='lat' dir='ltr'><strong>ratio?</strong></span> 
     </span>
    </p>
   </div>
   <div class='ocr_carea' id='block_1_110' title="bbox 2893 4671 3615 4741">
    <p class='ocr_par' dir='ltr' id='par_1_110' title="bbox 2893 4671 3615 4741">
     <span class='ocr_line' id='line_1_110' title="bbox 2893 4671 3615 4741; baseline 0.001 -16"><span class='ocrx_word' id='word_1_829' title='bbox 2893 4693 2910 4725; x_wconf 81' lang='grc' dir='ltr'><strong>ι</strong></span> <span class='ocrx_word' id='word_1_830' title='bbox 2958 4673 3060 4741; x_wconf 87' lang='lat' dir='ltr'><strong>Qui</strong></span> <span class='ocrx_word' id='word_1_831' title='bbox 3106 4672 3158 4725; x_wconf 90' lang='lat' dir='ltr'><strong>in</strong></span> <span class='ocrx_word' id='word_1_832' title='bbox 3206 4671 3379 4725; x_wconf 80' lang='lat' dir='ltr'><strong>forma</strong></span> <span class='ocrx_word' id='word_1_833' title='bbox 3429 4671 3522 4725; x_wconf 85' lang='lat' dir='ltr'><strong>Dei</strong></span> <span class='ocrx_word' id='word_1_834' title='bbox 3600 4710 3615 4725; x_wconf 56' lang='grc' dir='ltr'><strong>η</strong></span> 
     </span>
    </p>
   </div>
  </div>
