4012 6338
528 429 632 486 155

1193 545 1421 602 ALIUD.

598 657 652 710 Si
689 671 784 725 per
814 655 1119 726 passionem
1155 659 1347 714 mortis
1382 660 1721 717 imminutum
1753 663 1942 718 Iesum
1971 681 2092 720 cer-

526 748 738 809 nimus,
773 746 926 815 juxta
967 749 1115 803 Pauli
1153 764 1338 806 vocent
1361 752 1425 818 “,
1461 768 1588 824 ergo
1623 764 1747 809 ante
1782 757 2095 824 passionem

527 838 705 893 minus
741 839 793 894 in
833 841 948 910 ipso
985 856 1087 895 non
1123 852 1260 897 erat.
1297 843 1427 898 Cum
1464 860 1590 900 vero
1626 847 1714 901 hic
1749 847 1926 912 dicat,
1965 863 2088 917 per-

525 927 724 983 fectum
751 930 921 1001 ipsum
949 948 1066 987 esse
1091 948 1310 989 necesse
1334 945 1437 990 est.
1460 936 1592 992 Cum
1618 948 1795 995 autem
1823 940 2096 1010 perfectus

527 1020 599 1073 sit
629 1019 811 1086 Filius,
841 1031 895 1075 et
927 1021 1237 1092 perfectioni
1270 1024 1449 1082 Patris
1476 1027 1806 1098 adaequatus,
1842 1042 1992 1085 certe
2021 1032 2090 1085 il-

526 1109 617 1164 Iud
643 1113 1017 1168 haereticorum
1043 1116 1240 1180 minus,
1267 1116 1440 1171 locum
1475 1119 1528 1174 in
1560 1121 1676 1189 ipso
1707 1136 1813 1176 non
1847 1122 2086 1178 habebit.

1190 1317 1417 1373 ALIUD.

589 1445 808 1514 Paulus,
845 1449 1143 1506 testiﬁcans
1170 1454 1533 1522 aequalitatem
1553 1471 1670 1526 qua:
1689 1457 1826 1514 Filio
1843 1475 1962 1514 cum
1992 1460 2091 1515 Pa-

522 1544 602 1591 tre
645 1536 951 1603 intercedit,
987 1540 1182 1595 alicubi
1228 1544 1298 1596 ita
1347 1544 1520 1614 inquit
1557 1565 1569 1600 :
1613 1566 1631 1598 ι
1673 1547 1771 1615 Qui
1818 1551 1871 1604 in
1916 1551 2086 1605 forma

517 1625 693 1683 Patris
726 1631 992 1686 exsistens
1026 1648 1129 1686 non
1169 1636 1405 1704 rapinam
1441 1639 1732 1695 arbitratus
1766 1652 1847 1696 est
1881 1657 1938 1696 se
1971 1658 2089 1699 esse

517 1719 776 1787 aequalem
809 1722 935 1777 lleo.
971 1742 989 1774 ι
1025 1725 1162 1779 Dicit
1194 1743 1322 1783 vero
1351 1731 1511 1783 etiam
1542 1732 1713 1800 ipsum
1745 1734 2085 1790 imminutum

519 1811 685 1865 fuisse
729 1829 825 1882 per
859 1817 1158 1885 passionem
1203 1823 1411 1877 mortis.
1450 1824 1582 1879 Cum
1625 1826 1789 1895 igitur
1825 1828 1936 1882 ﬁeri
1983 1846 2084 1884 non

1550 434 1604 488 S.
1649 433 1915 490 CTRIILI
1953 436 2421 496 ALEXANDRIEI
2461 441 2778 500 ARCHIEP.

2118 559 2166 616 Α

3665 451 3770 506 156

2874 558 3075 614 AAAO.
3467 597 3496 606 ο

2265 667 2326 720 Ei
2353 667 2440 721 διὰ
2471 667 2532 722 τὸ
2562 666 2789 738 πάθημα
2817 669 2913 723 τοῦ
2949 669 3178 726 Θανάτου
3220 671 3489 745 βλέπομεν
3523 675 3765 745 ἠλαττω-

2195 758 2354 828 μένον
2383 758 2471 813 τὸν
2515 759 2739 828 Ἰησοῦν,
2775 763 2916 817 κατὰ
2939 763 3039 836 τὴν
3071 763 3164 817 τοῦ
3191 765 3404 819 Παύλου
3442 767 3643 838 φωνὴν,
3663 768 3767 839 πρὸ

2190 845 2284 899 τοῦ
2313 847 2519 913 πάθους
2539 848 2648 920 ἄρα
2673 849 2735 902 τὸ
2768 849 2989 905 ἔλαττον
3017 852 3117 906 οὐκ
3140 847 3210 923 ἦν
3232 854 3289 906 ὲν
3321 854 3489 925 αὐτῷ.
3509 857 3767 920 Εἰπόντος

2190 936 2248 990 δὲ
2285 936 2572 1001 τούτου,τδ
2593 935 2965 994 εἶναιτέλειον
2998 943 3162 997 αὑτὸν
3189 943 3480 999 εἰσϐαίνειν
3523 947 3762 1018 ἀνάγκη.

2192 1029 2404 1094 Τέλειος
2442 1030 2499 1084 δὲ
2526 1031 2602 1085 ὢν
2639 1032 2667 1086 ό
2703 1031 2850 1098 Υἱὸς,
2883 1033 2974 1087 καὶ
2997 1035 3063 1105 τῇ
3100 1034 3202 1087 τοῦ
3233 1035 3446 1106 Πατρὸς
3468 1035 3764 1108 τελειότητι

2191 1121 2612 1191 παρισούμενος,
2641 1122 2740 1176 οὐκ
2766 1121 3069 1190 ἑπιδέξεται
3102 1124 3346 1195 δηλονότι
3365 1125 3473 1181 τῶν
3492 1126 3762 1196 ἀνομοίων

2190 1210 2251 1264 τὸ
2280 1212 2551 1269 ἔλαττον.

2869 1328 3079 1383 MAG.

2258 1461 2370 1532 Τὴν
2400 1462 2617 1532 ἰσότητα
2645 1461 2720 1533 τῷ
2748 1461 2864 1533 Υἱῷ
2908 1462 3353 1535 προσμαρτυρῶν
3379 1465 3408 1518 ὁ
3443 1464 3657 1530 Παῦλος
3699 1466 3767 1538 ἥν

2189 1553 2301 1624 ἔχει
2349 1555 2484 1627 πρὸς
2533 1555 2621 1607 τὸν
2664 1554 2914 1629 Πατέρα,
2953 1555 3087 1626 φησι
3121 1572 3223 1608 που
3259 1555 3475 1624 σαφῶς·
3531 1559 3661 1621 «Ὃς
3710 1559 3770 1611 ὲν

2191 1643 2370 1711 μορφῇ
2423 1640 2557 1693 Θεοῦ
2605 1641 2883 1712 ὑπάρχων,
2924 1643 3024 1713 οὐχ
3074 1644 3370 1714 ἁρπαγμὸν
3420 1647 3667 1717 ἡγήσατο
3706 1647 3769 1701 τὸ

2187 1727 2324 1784 εἶναι
2356 1733 2446 1785 ἴσα
2470 1732 2606 1803 Θεῷ.
2643 1752 2662 1785 ι
2718 1732 2881 1802 Λέγει
2906 1733 2963 1787 δὲ
2995 1734 3158 1787 αὐτὸν
3189 1735 3284 1788 καὶ
3310 1736 3653 1806 ἠλαττῶσθαι
3679 1738 3768 1792 διὰ

2188 1820 2249 1874 τὸ
2279 1820 2506 1891 πάθημα
2537 1822 2630 1874 τοῦ
2666 1823 2920 1877 Θανάτου.
2956 1825 3071 1878 Οὐκ
3107 1825 3455 1896 ἐνδεχομένου
3479 1827 3769 1900 τοιγαροῦν

516 1903 686 1970 possit
725 1914 781 1958 ut
826 1907 890 1960 de
931 1923 1036 1963 uno
1078 1919 1240 1979 atque
1281 1913 1468 1969 eodem
1513 1917 1675 1971 simul
1716 1919 2084 1989 significentur

2198 1913 2268 1981 ἐφ’
2299 1913 2417 1975 ἑνὸς
2455 1915 2549 1968 καὶ
2584 1915 2678 1967 τοῦ
2714 1914 2881 1969 αὐτοῦ
2913 1917 3279 1988 σημαίνεσθαι
3303 1919 3439 1990 ὁμοῦ
3472 1920 3534 1973 τό
3561 1936 3619 1973 τε
3645 1920 3766 1990 μεῖ-

515 1994 686 2064 majus
726 2006 782 2050 et
829 1999 1007 2056 minus
1053 2007 1408 2072 naturaliter;
1460 2013 1807 2076 quaerendum
1855 2021 1935 2067 est
1978 2029 2084 2081 quo

514 2095 672 2153 pacto
706 2097 994 2159 utrumque
1029 2092 1079 2146 in
1123 2094 1228 2149 Deo
1264 2097 1440 2152 Verbo
1477 2101 1763 2165 tuebimur,
1802 2114 1856 2158 et
1892 2106 1946 2159 in
1981 2122 2086 2160 uno
2139 2096 2144 2100 ’

512 2190 576 2230 ac
609 2177 724 2232 solo
759 2182 862 2235 duo
895 2184 1006 2237 hare
1041 2185 1143 2238 sita
1179 2201 1298 2241 esse
1331 2197 1653 2245 statuemus.
1683 2193 1793 2264 94
1825 2193 2083 2261 Quocirca

511 2277 778 2334 quatenus
815 2282 1002 2327 natura
1040 2291 1134 2329 sua
1173 2276 1313 2332 Deus
1346 2288 1448 2343 est,
1481 2283 1705 2351 aequalis
1737 2297 1819 2340 est
1852 2287 1960 2342 Deo
1992 2289 2081 2358 qui

510 2374 632 2414 cum
667 2364 886 2433 genuit;
923 2377 1187 2436 quatenus
1214 2386 1342 2424 vero
1372 2371 1544 2428 iactus
1573 2386 1654 2430 est
1683 2376 1875 2444 homo,
1910 2379 2088 2434 immi-

512 2463 674 2509 nutus
696 2469 814 2510 esse
834 2457 1048 2512 dicitur.
1069 2461 1124 2515 Si
1148 2463 1268 2531 quis
1293 2475 1468 2519 autem
1495 2482 1523 2520 a
1550 2471 1780 2523 naturali
1804 2471 1920 2540 ejus
1942 2473 2087 2528 exsi-

513 2543 708 2597 stentia
743 2548 1106 2615 aequalitatem
1140 2555 1364 2619 adimat,
1398 2572 1571 2628 neque
1605 2561 1742 2616 hanc
1774 2562 1824 2615 in
1860 2579 1923 2618 eo
1954 2580 2085 2619 con-

512 2635 713 2688 servari
740 2643 1053 2707 contendat,
1081 2644 1295 2698 ubinam
1327 2647 1489 2716 igitur
1507 2651 1610 2703 sita
1638 2652 1774 2706 erit?
1799 2654 1903 2707 Aut
1928 2670 2083 2724 quem

511 2724 682 2778 locum
721 2727 939 2785 habebit
973 2731 1094 2786 Filii
1131 2737 1480 2805 excellentia,
1517 2756 1636 2794 cum
1675 2746 1787 2796 sola
1827 2747 2082 2800 imminu-

513 2815 584 2869 tio
613 2830 869 2886 aoparcat
899 2823 1042 2878 circa
1079 2825 1475 2885 incarnationis
1509 2832 1821 2888 rationem?

507 2942 747 3025 Irrideor
780 2967 797 3004 :
833 2951 984 3016 Quod
1019 2953 1192 3009 Filius
1231 2976 1322 3024 per
1356 2977 1531 3014 omnia
1564 2964 1750 3017 similis
1783 2967 1850 3019 sit
1887 2966 1992 3021 Deo
2024 2987 2085 3023 ac
2121 3020 2127 3025 .

587 3015 765 3093 Patri,
801 3015 1068 3093 proposito
1099 3037 1147 3079 et
1181 3015 1488 3084 'eiaminato
1521 3015 1845 3088 dictoriltovrv
1868 3015 2083 3093 {Aine}

585 3085 702 3177 ιμεο
730 3085 1018 3177 νοιῖξξηοη
1041 3099 1268 3150 surrexit
1293 3100 1422 3152 inter
1440 3113 1590 3155 natos
1613 3104 1887 3159 mulierum
1914 3109 2087 3177 major

577 3150 788 3212 Joanne
815 3159 1074 3231 Baptista,
1112 3184 1129 3217 ι
1165 3178 1269 3220 etc.

965 3360 1201 3432 Objectio
1241 3368 1626 3425 Iucreticorum.

580 3493 650 3546 At
694 3497 981 3563 quomodo,
1033 3501 1302 3567 inquiunt,
1351 3505 1423 3558 sit
1472 3511 1694 3576 aequalis
1747 3523 1836 3566 aut
1889 3515 2081 3571 similis

512 3583 785 3653 Christus,
825 3589 929 3646 hoc
973 3603 1051 3646 est
1098 3593 1290 3662 Filius,
1337 3597 1479 3652 Patri
1524 3603 1950 3674 perfectissimo,
1989 3612 2079 3679 qui

514 3677 708 3732 alicubi
739 3691 920 3749 aperte
944 3683 1062 3738 ait:
1097 3704 1114 3735 t
1145 3686 1421 3744 Neminem
1453 3692 1592 3748 inter
1619 3709 1769 3750 natos
1797 3701 2078 3755 mulierum

515 3767 770 3837 majorem
807 3770 1011 3827 Joanne
1063 3775 1302 3846 Baptista
1342 3785 1672 3848 surrexisse;
1728 3799 1778 3842 et
1821 3792 2079 3846 minorem

515 3859 567 3911 in
595 3875 755 3930 regno
779 3863 1057 3928 caelorum,
1074 3869 1331 3938 majorem
1359 3873 1473 3939 ipso
1495 3890 1614 3930 esse
1632 3879 1717 3931 ⁸⁵⁸2
1750 3899 1767 3930 ι
1796 3880 1911 3948 Ipse
1935 3885 2078 3937 enim

515 3950 691 4005 minor
719 3955 1013 4024 exsistcns,
1050 3963 1255 4017 ratione
1291 3969 1548 4035 temporis
1580 3985 1685 4037 quo
1717 3983 1872 4029 natus
1902 3989 1983 4029 est
2017 3995 2082 4031 ex

517 4054 704 4096 Sancta
735 4047 985 4116 Virgine,
1024 4062 1133 4106 tum
1171 4055 1381 4110 demum
1419 4074 1476 4114 se
1509 4062 1575 4114 ad
1614 4079 1874 4118 summam
1911 4069 2080 4122 virtu-

519 4141 628 4186 tum
655 4151 955 4194 mensuram
979 4155 1358 4211 perventurum
1386 4149 1602 4217 fatetur,
1625 4157 1836 4222 quando
1861 4173 2081 4227 regnum

519 4227 774 4282 rcelorum
811 4233 1120 4300 advenerit,
1160 4254 1220 4293 ac
1255 4242 1415 4296 veluti
1456 4249 1756 4301 mercedem
1792 4252 2081 4317 quamdam

521 4328 735 4386 propter
768 4322 1286 4385 administrationem
1327 4345 1521 4390 nostra:
1556 4338 1743 4391 salutis
1784 4350 2086 4407 reportatu-

521 4422 658 4461 rum.
686 4410 786 4474 Qui
813 4427 942 4467 vero
968 4418 1224 4481 ejusmodi
1259 4432 1481 4490 naturae,
1510 4440 1615 4492 quo
1648 4438 1805 4492 pacto
1837 4431 1907 4483 sit
1935 4431 2086 4485 sitni-

522 4494 614 4561 lis,
644 4508 736 4551 aut
764 4515 870 4569 quo
900 4512 1057 4571 pacto
1087 4516 1356 4564 statuatur
1382 4513 1604 4581 tequalis
1634 4513 1820 4569 Patri?

1017 4709 1222 4766 Salutio
1260 4714 1585 4784 objectionis.

589 4832 837 4902 imperite
868 4839 1152 4896 admodum
1184 4854 1346 4913 atque
1381 4848 1557 4915 inepte
1587 4853 1674 4918 qui
1711 4852 1779 4905 ita
1812 4855 2084 4922 sentiunt,

519 4940 704 4979 eorum
752 4944 869 4997 qua:
904 4946 932 4984 a
970 4932 1255 4990 Servatore
1313 4951 1496 4995 nostro
1529 4942 1743 4998 Christo
1777 4948 1915 5000 dicta
1964 4958 2088 5001 sunt

519 5018 624 5070 vim
664 5019 1100 5089 interpretantur.
1139 5027 1322 5098 Neque
1357 5033 1497 5085 enim
1538 5046 1592 5088 ut
1628 5038 1896 5104 propriam
1935 5056 2086 5095 suam

523 5119 767 5164 naturam
793 5127 1028 5178 accuset,
1055 5120 1166 5174 hate
1190 5123 1339 5187 dicit,
1369 5141 1538 5193 neque
1562 5136 1811 5198 tanquam
1838 5148 2085 5202 magnum

519 5206 574 5252 et
605 5202 915 5268 praeclarum
952 5208 1149 5278 aliquid
1185 5215 1372 5267 Statuit
1406 5213 1611 5270 Joanne
1647 5219 1900 5286 majorem
1934 5238 2085 5290 esse,

521 5291 611 5358 qui
652 5293 740 5346 Dei
775 5311 837 5347 ac
870 5295 1044 5354 Patris
1077 5301 1331 5370 dignitate
1370 5307 1649 5374 gloriatur,
1682 5320 1732 5363 et
1771 5313 2089 5368 naturaliter

521 5385 699 5436 omnia
737 5401 853 5454 qure
893 5388 1065 5444 Patris
1102 5403 1256 5459 sunt,
1300 5395 1349 5449 in
1397 5414 1454 5452 se
1499 5400 1693 5466 habet,
1733 5412 1889 5473 atque
1931 5406 1998 5459 ob
2040 5408 2088 5461 id

525 5475 902 5541 proclamans:
935 5499 952 5531 t
982 5482 1169 5536 Omnia
1195 5501 1311 5552 qum
1336 5489 1493 5542 habet
1518 5489 1674 5546 Pater
1699 5509 1812 5547 mea
1839 5498 2039 5551 sunt”.
2067 5517 2084 5548 ι

529 5565 802 5624 Perfectus
833 5582 1008 5628 autent
1041 5585 1122 5629 est
1153 5576 1342 5633 Pater:
1372 5582 1567 5636 nullius
1595 5585 1772 5654 itaque
1792 5578 2043 5656 indigens
2072 5608 2085 5657 ;

529 5655 906 5729 perfectusqne
936 5675 1019 5720 est
1047 5666 1211 5722 Filius
1239 5685 1302 5724 ex
1337 5672 1450 5739 ipso
1480 5676 1708 5742 genitus.
1736 5678 1836 5744 Qui
1864 5695 1990 5734 vero
2019 5655 2089 5734 ita

605 5833 644 5864 "'
681 5833 838 5893 Hebr.
871 5857 927 5908 tt,
954 5845 1003 5897 7.
1085 5848 1125 5877 ”
1159 5846 1285 5904 Luc.
1325 5866 1415 5919 \‘ll,
1447 5852 1532 5908 ‘28.
1612 5857 1651 5887 "‘
1683 5854 1836 5910 Juan.
1863 5872 1966 5924 XVI,
2004 5859 2081 5912 15.

2187 2000 2278 2065 ζον
2309 2003 2402 2055 καὶ
2428 2002 2487 2055 τὸ
2517 2004 2736 2058 ἔλαττον
2778 2007 3044 2075 φυσικῶς,
3086 2008 3345 2079 ζητητέον
3375 2011 3523 2074 ὅπως
3553 2011 3647 2064 ἐπὶ
3671 2010 3768 2064 τοῦ

2186 2092 2320 2145 Θεοῦ
2350 2094 2523 2164 Λόγου
2551 2095 2890 2167 διασώσομεν
2927 2100 3232 2171 ἀμφότερα,
3265 2101 3360 2154 καὶ
3403 2102 3530 2172 περὶ
3551 2102 3642 2155 τὸν
3670 2102 3768 2156 ἕνα

2187 2182 2278 2233 καὶ
2307 2183 2466 2251 μόνον
2499 2185 2566 2237 τὰ
2595 2184 2686 2237 δύο
2717 2185 2930 2238 κεῖσθαι
2957 2187 3222 2257 δώσομεν.
3262 2189 3471 2242 Οὐκοῦν
3499 2190 3633 2242 καθὸ
3661 2190 3768 2258 φύ-

2187 2289 2267 2324 σει
2307 2273 2458 2342 Θεὸς,
2496 2277 2608 2339 [σος
2646 2275 2799 2330 ἔσται
2836 2276 2914 2347 τῷ
2964 2279 3282 2351 γεγενηκότι
3331 2278 3483 2350 Θεῷ·
3535 2279 3671 2332 καθὸ
3711 2278 3770 2332 δὲ

2185 2365 2409 2434 γέγονεν
2456 2366 2760 2439 ἄνθρωπος,
2793 2369 3143 2438 ὴλαττῶσθαι
3191 2370 3431 2439 λέγεται.
3468 2371 3531 2423 Εἰ
3577 2371 3637 2423 δέ
3682 2387 3770 2433 τις

2184 2456 2373 2524 ἀφέλοι
2396 2458 2494 2528 τῆς
2523 2460 2757 2530 φυσικῆς
2786 2460 3075 2532 ὑπάρξεως
3101 2462 3267 2516 αὐτοῦ
3297 2462 3394 2533 τὴν
3418 2463 3772 2533 ἰσότητα,καὶ

2190 2550 2263 2619 μὴ
2307 2551 2364 2602 ἐν
2407 2551 2582 2621 τούτῳ
2612 2551 2816 2622 ταύτην
2852 2552 3124 2617 σώζεσθαι
3154 2554 3324 2623 λέγοι,
3353 2556 3446 2608 ποῖ
3490 2553 3553 2624 δὴ
3584 2554 3771 2607 λοιπὸν

2187 2642 2461 2708 miserat;
2501 2644 2571 2696 Ἢ
2595 2635 2752 2696 ’ποῖον
2787 2643 2897 2708 ἕξει
2938 2644 3028 2698 τὸν
3060 2644 3223 2724 τόπον
3252 2646 3345 2699 τοῦ
3372 2644 3502 2698 Υἱοῦ
3531 2645 3591 2697 τὸ
3622 2644 3772 2710 ἐξαί-

2188 2751 2362 2803 ρετον,
2400 2734 2572 2805 μόνης
2611 2736 2710 2805 τῆς
2763 2736 3113 2801 ἐλαττώσεως
3145 2738 3477 2809 φαινομένης
3519 2736 3648 2808 περὶ
3679 2736 3773 2790 τὸν

2184 2823 2284 2894 τῆς
2314 2823 2784 2896 ἐνανθρωπήσεως
2812 2825 3015 2896 τρόπον
3032 2841 3046 2892 ;

2190 2957 2311 3009 Ἔτι
2341 2959 2426 3023 εὶς
2455 2959 2520 3011 τὸ
2551 2961 2702 3012 αὑτό
2719 2977 2734 2992 ·
2767 2961 2896 3013 Ὅτι
2925 2960 3060 3025 ἴσος
3081 2961 3113 3014 d
3139 2959 3270 3025 mc
3299 2958 3448 3012 κατὰ
3472 2958 3668 3012 πάντα
3688 2957 3773 3022 τῷ

2260 3029 2380 3099 Θεῴ
2414 3030 2511 3099 καὶ
2544 3029 2746 3096 Harp},
2783 3031 3176 3099 προκειμένου
3217 3031 3316 3082 καὶ
3346 3027 3775 3099 ἐξεταζομένου

2249 3098 2438 3165 ῥητοῦ
2467 3113 2478 3125 ·
2513 3117 2537 3179 ξ
2560 3099 2747 3167 Ἀμὴν
2790 3099 2946 3178 λέγω
2990 3097 3316 3184 egit-“'01);
3360 3097 3775 3184 érrjrspfathév

2258 3169 2564 3239 γεννητοῖς
2598 3169 2898 3239 γυναικῶν
2923 3169 3132 3236 μείζων
3174 3169 3446 3224 Ἰωάννου
3499 3169 3604 3224 τοῦ
3656 3172 3764 3223 Ba-

2250 3238 2524 3303 πτιστοῦ,
2566 3257 2584 3290 ›
2607 3238 2612 3239 ⁷
2632 3241 2773 3310 μετὰ
2793 3239 2904 3292 τῶν
2930 3239 3150 3310 ἐφεξῆς.

2411 3375 2726 3442 Ἁντίθεσις
2761 3377 2842 3442 ὡς
2879 3377 2946 3430 ἐκ
2984 3377 3105 3430 τῶν
3140 3377 3214 3430 δι’
3248 3378 3551 3445 ἐναντίας.

2259 3510 2366 3562 Καὶ
2393 3509 2508 3573 πῶς
2539 3511 2603 3563 ἂν
2635 3510 2740 3582 εἴη.
2771 3511 2954 3582 φησὶν,
2985 3512 3016 3583 ἢ
3050 3512 3162 3576 ῐσος
3192 3514 3224 3584 ἦ
3256 3516 3442 3585 ὅμοιος
3465 3517 3491 3569 ὁ
3511 3515 3771 3587 Χριστὸς,

2188 3605 2482 3660 τουτέστιν.
2517 3608 2543 3658 ὁ
2571 3606 2699 3668 Υἱὸς
2726 3605 2801 3676 τῷ
2836 3606 3139 3678 παντελείῳ
3164 3608 3361 3679 Πατρὶ,
3388 3609 3448 3672 ὃς
3485 3627 3547 3678 γε
3584 3612 3775 3680 σαφῶς

2190 3692 2291 3745 πού
2328 3712 2489 3764 φησιν
2519 3695 2617 3757 ώς-
2644 3714 2661 3745 ‹
2692 3697 2802 3747 Οὐκ
2831 3697 3128 3767 ἐγήγερται
3163 3697 3261 3767 μὲν
3285 3701 3341 3751 ἐν
3370 3704 3645 3770 γεννητοῖς
3672 3719 3774 3770 γυ-

2189 3786 2390 3838 ναικῶν
2431 3785 2674 3840 Ἰωάννου
2713 3785 2912 3856 μείζων
2951 3788 3160 3852 οὐδείς·
3208 3790 3235 3841 ὁ
3264 3788 3320 3841 δὲ
3363 3791 3688 3862 μικρότερος
3715 3794 3777 3846 ὲν

2189 3877 2254 3944 τῇ
2311 3875 2556 3946 βασιλεία
2601 3877 2709 3929 τῶν
2753 3871 3022 3948 οὐρανῶν,
3082 3879 3279 3949 μείζων
3333 3881 3497 3936 αὐτοῦ
3546 3885 3712 3938 ἐστιν.
3748 3903 3768 3936 ι

2191 3968 2359 4031 Αὐτὸς
2386 3969 2492 4038 γὰρ
2521 3968 2593 4021 ὢν
2619 3970 2645 4021 ὁ
2677 3972 2997 4041 μικρότερος
3029 3973 3169 4026 κατὰ
3197 3973 3286 4026 τὸν
3314 3978 3370 4028 ἐν
3401 3976 3477 4046 τῷ
3507 3978 3774 4048 γεγεννῆ-

2191 4060 2314 4113 σθαι
2354 4062 2542 4130 χρόνον
2567 4062 2653 4114 διὰ
2678 4062 2777 4132 τῆς
2806 4064 2965 4131 ἁγίας
3007 4066 3308 4138 Παρθένου,
3338 4067 3460 4121 τότε
3499 4069 3649 4139 μόλις
3679 4072 3776 4124 καὶ

2189 4151 2248 4204 τὸ
2297 4151 2402 4204 τῶν
2438 4154 2517 4215 εἰς
2547 4155 2713 4225 ἄκρον
2748 4155 2990 4224 ἡκόντων
3020 4157 3223 4228 ἀρετῆς
3261 4159 3774 4233 ὑπεραναϐήσεσθαι

2196 4240 2393 4311 μέτρον
2415 4244 2604 4296 ἑαυτὸν
2623 4245 2893 4314 ὁμολογεῖ,
2922 4247 3046 4299 ὅταν
3068 4249 3099 4315 ἡ
3126 4247 3233 4301 τῶν
3261 4249 3503 4321 οὐρανῶν
3528 4251 3773 4320 βασιλεία

2193 4334 2590 4403 παραγένηται,
2617 4336 2805 4405 μισθὸν
2834 4337 3024 4409 ὥσπερ
3045 4341 3162 4394 τινὰ
3192 4340 3378 4396 τοῦτον
3404 4343 3500 4413 τῆς
3524 4346 3602 4407 εἰς
3625 4347 3772 4415 ἡμᾶς

2191 4421 2458 4486 διακονίας
2482 4424 2979 4496 ἀντικομιζὸμενον.
2999 4429 3056 4481 Ὀ
3081 4429 3134 4482 δὲ
3164 4429 3337 4495 οὕτως
3367 4431 3504 4501 ἔχων
3532 4433 3768 4503 φύσεως,

2192 4513 2308 4576 πῶς
2338 4514 2402 4566 ἂν
2437 4512 2501 4584 ἦν
2530 4519 2732 4587 ὅμοιος,
2757 4519 2789 4588 ἢ
2817 4521 2910 4571 καὶ
2941 4521 2996 4574 ἐν
3023 4521 3228 4593 ἰσότητι
3255 4524 3499 4592 φαίνοιτο
3519 4525 3611 4580 τοῦ
3635 4527 3770 4581 Θεοῦ

2119 4619 2160 4672 ῐ)
2195 4608 2287 4656 καὶ
2318 4607 2564 4675 Henr/3;;

2539 4720 2693 4786 Πρὸς
2733 4722 2915 4776 ταῦτα
2950 4725 3130 4792 λύσις
3166 4727 3410 4796 ἑφεξῆς.

2274 4852 2535 4922 ’Λνοὴτως
2565 4854 2766 4925 σφόδρα
2802 4857 2893 4909 καὶ
2928 4857 3154 4928 ἀμαθῶς
3181 4863 3227 4912 οἱ
3255 4862 3414 4932 τῆσδε
3445 4862 3770 4934 διεσκεμμέ-

2191 4959 2267 4994 νοι
2294 4943 2391 5011 τὴν
2416 4944 2520 4996 τῶν
2552 4947 2854 5017 εἰρημένων
2880 4951 3028 5021 παρὰ
3053 4951 3146 5004 τοῦ
3177 4953 3428 5024 Σωτῆρος
3457 4954 3612 5025 ἡμῶν
3637 4957 3770 5027 Χρι-

2193 5034 2314 5086 στοῦ
2347 5036 2653 5107 διειλήφασι
2675 5039 2920 5110 δύναμιν.
2947 5044 3021 5096 Οὐ
3040 5044 3146 5115 γὰρ
3171 5045 3256 5098 ἵνα
3280 5048 3375 5115 τῆς
3405 5046 3612 5110 οἱκεέας
3635 5065 3770 5101 κατ-

2190 5126 2434 5197 ηγορήσῃ
2474 5129 2705 5196 φύσεως,
2736 5131 2803 5183 τὰ
2832 5133 3057 5186 τοιαῦτά
3091 5137 3410 5206 φησιν,οὑὸὲ
3444 5139 3518 5200 ὡς
3550 5139 3693 5208 μέγα
3715 5157 3768 5192 τι

2191 5220 2285 5271 καὶ
2337 5220 2690 5289 ἀξιοζήλωτον
2740 5226 2996 5296 καύχημα
3052 5227 3392 5298 περιτίθησιν
3442 5230 3617 5300 ἑαυτῷ
3660 5230 3767 5282 τῶν

2205 5313 2449 5366 Ἰωάννου
2483 5316 2696 5385 μέτρων
2722 5316 2818 5387 τὴν
2847 5319 3138 5390 ὑπεροχὴν,
3175 5324 3202 5374 ὁ
3239 5324 3352 5387 τοῖς
3383 5323 3474 5375 τοῦ
3515 5323 3648 5376 Θεοῦ
3675 5325 3767 5376 καὶ⁷

2193 5405 2403 5474 Ila-.90;
2437 5407 2828 5476 ἐπικομπάζων
2857 5410 3153 5479 ἀξιώμασι,
3181 5414 3273 5465 καὶ
3316 5413 3492 5468 πάντα
3539 5413 3675 5483 ἔχων
3709 5416 3767 5466 ὲν

2194 5498 2369 5568 ἑαυτῷ
2423 5499 2490 5551 τὰ
2545 5501 2750 5553 ἐκείνου
2813 5505 3073 5570 φυσικῶς,
3125 5506 3216 5558 διά
3271 5523 3332 5574 γε
3387 5507 3543 5560 τοῦτο
3594 5506 3762 5576 βοῶν·

2200 5592 2428 5644 «Πάντα
2473 5595 2570 5644 ὅσα
2619 5593 2728 5662 ἔχει
2772 5597 2798 5647 ὁ
2847 5597 3035 5668 Πατὴρ
3076 5598 3183 5667 ἐμά
3229 5599 3393 5650 ἐστιν.
3430 5598 3612 5666 »Ἔχει
3651 5596 3705 5648 δὲ
3741 5598 3767 5648 ὁ

2195 5685 2380 5756 Πατὴρ
2414 5687 2474 5739 τὸ
2506 5688 2817 5743 παντέλειον
2841 5707 2855 5722 ο
2893 5691 3193 5764 ἀπροσδεὴς
3222 5693 3329 5763 ἄρα
3363 5691 3457 5747 καὶ
3480 5690 3683 5755 τέλειος
3709 5691 3765 5756 ἐξ
