4012 6338
338 370 435 426 157

1756 368 2199 426 THESAURUS.

3522 372 3628 426 £58

336 483 497 541 αὐτοῦ
530 487 934 559 γεγεννημένος
956 489 984 542 ὁ
1006 488 1152 553 Υἱός.
1173 487 1231 543 '0
1254 488 1309 542 δὲ
1338 486 1511 553 οὕτως
1545 487 1683 558 ἔχων
1704 487 1913 557 φύσεως

2025 503 2082 543 se
2118 484 2445 541 naturaliter
2480 484 2674 551 habet,
2712 498 2819 553 quo
2854 492 3018 553 pacto
3056 500 3161 538 non
3196 483 3266 539 sit
3301 480 3493 539 similis
3530 500 3625 554 per

334 578 475 631 κατὰ
502 579 591 632 τὸν
615 581 747 651 παρ’
778 581 1001 635 ἐκείνων
1037 580 1212 649 λόγον,
1244 579 1359 642 πῶς
1400 582 1497 634 οὐκ
1528 580 1595 633 ἂν
1623 581 1708 650 εἴη
1740 580 1925 634 λοιπὸν

335 669 518 740 ὅμοιός
547 686 607 723 τε
637 672 731 724 καὶ
765 670 881 735 ἶσος
904 673 1046 727 κατά
1072 672 1248 725 πάντα
1281 672 1359 743 τῷ
1390 672 1657 742 φύσαντις

333 782 537 843 MAG,
573 784 672 838 διὰ
702 783 811 852 τῆς
839 788 927 852 είς
956 786 1183 839 ἄτοπον
1206 784 1544 855 ἀπαγωγῆς.
1581 785 1803 854 ὲνάγον
1834 786 1924 851 είς

402 855 747 923 ὁμολογίαν,
794 855 884 909 ὅτι
932 857 1224 922 κίϐδηλον
1264 855 1383 909 τῶν
1428 855 1503 909 δι’
1546 856 1826 922 ἐναντίας
1853 855 1922 908 τὸ

402 922 674 993 θεώρημα
696 942 711 955 ⁸
741 926 838 979 καὶ
874 925 964 979 ὅτι
991 926 1056 980 τὸ
1087 927 1241 981 οὕτω
1275 926 1455 992 νοεῖν,
1480 927 1722 995 ἀμαθές.

401 1034 541 1105 Φησί
570 1054 672 1089 που
701 1038 936 1108 Χριστός
959 1056 973 1070 ·
1014 1056 1032 1089 ι
1063 1040 1177 1093 Οὐκ
1208 1040 1504 1111 ἐγήγερται
1548 1042 1608 1094 ὲν
1641 1042 1922 1111 γεννητοῖς

334 1124 607 1186 γυναικῶν
644 1124 848 1195 μείζων
890 1127 1136 1182 Ἰωάννου
1163 1129 1257 1183 τοῦ
1291 1128 1601 1184 Βαπτιστοῦ
1627 1145 1639 1158 ·
1687 1133 1715 1184 ὁ
1739 1130 1795 1183 δὲ
1830 1148 1919 1201 μι-

334 1214 591 1286 κρότερος
626 1219 684 1269 ὲν
712 1221 777 1289 τῇ
808 1219 1053 1291 βασιλείᾳ
1081 1220 1190 1273 τῶν
1216 1222 1462 1292 οὐρανῶν
1497 1222 1701 1291 μείζων
1746 1223 1914 1277 αὑτοῦ

332 1305 495 1358 ἐστιν.
533 1306 715 1359 »Ἀλλ’
745 1310 901 1381 εῐπερ
946 1310 1162 1380 ὲνεχθὶν
1196 1311 1291 1365 ἐπὶ
1332 1312 1426 1365 τοῦ
1463 1313 1704 1383 Χριστοῦ
1732 1313 1791 1365 τὸ
1830 1331 1918 1383 μι-

333 1396 588 1467 κρότερον
616 1400 716 1470 τὴν
765 1401 823 1453 ὲν
871 1402 1048 1473 χρόνῳ
1077 1404 1350 1472 ποσότητα
1383 1406 1661 1474 σημαίνει,
1690 1407 1783 1459 καὶ
1816 1407 1918 1458 ἐπ’

332 1488 495 1540 αὐτοῦ
532 1493 796 1562 κρατήσει
834 1491 928 1545 τοῦ
962 1494 1120 1561 ἁγίου
1152 1494 1458 1548 Βαπτιστοῦ
1493 1496 1550 1548 τὸ
1585 1496 1698 1549 ἴσον
1724 1496 1917 1549 ἀναλό-

330 1595 441 1646 γως
468 1582 581 1642 τοῖς
615 1580 956 1653 θεωρήμασι.
988 1584 1255 1655 Σημαίνει
1282 1584 1339 1637 δὲ
1370 1584 1573 1655 ὁμοίως
1607 1586 1696 1637 τὸν
1722 1584 1915 1656 χρόνον

330 1667 407 1730 τὸ,
447 1687 467 1719 ι
497 1670 614 1721 Οὐκ
639 1670 934 1742 ἐγήγερται
966 1671 1189 1741 μείζων.
1224 1693 1242 1725 t
1264 1673 1400 1727 Ἀλλ’
1430 1674 1528 1727 οὐκ
1554 1674 1759 1746 ἀληθὴς
1781 1677 1914 1745 ἡμῖν

328 1762 355 1813 ὁ
378 1761 471 1812 ἐπὶ
490 1760 667 1832 τούτῳ
687 1762 1008 1833 λεχθήσεται
1040 1764 1216 1832 λόγος,
1253 1767 1680 1837 ἀντελεγχούσ-ης
1713 1766 1913 1837 τρόπον

328 1851 448 1905 τινὰ
473 1854 571 1923 τῆς
604 1853 755 1917 θείας
788 1854 1012 1925 Γμφῆς
1046 1858 1141 1909 καὶ
1178 1856 1369 1927 βιῶναι
1399 1857 1664 1929 λεγούσης
1691 1860 1782 1912 τὸν
1818 1859 1917 1929 μὲν

327 1942 421 1995 τοῦ
455 1942 646 2012 γένους
688 1945 847 2015 ἡμῶν
892 1948 1207 2017 ἀρχηγέτην
1258 1947 1432 2018 Ἀδὰμ
1461 1951 1549 2018 ἔφ’
1571 1950 1714 2014 ὅλοις
1743 1949 1919 2003 ἐτεσιν

327 2033 693 2099 ἐννεακοσίοις
739 2037 829 2090 τὸν
879 2038 1112 2109 ἀριθμὸν
1159 2041 1252 2093 καὶ
1299 2043 1667 2110 πεντήκοντα·
1699 2042 1918 2112 ἑτέρους

326 2122 383 2177 δὲ
415 2125 579 2179 πάλιν
607 2128 802 2198 ἐκείνῳ
833 2129 1074 2201 τιθείσης
1101 2134 1180 2195 είς
1211 2133 1484 2203 ποσότητα
1514 2133 1611 2203 τὴν
1652 2137 1709 2186 ὲν
1740 2134 1919 2205 χρόνῳ

326 2214 593 2281 γείτονας,
618 2218 911 2289 γεννητοίκ
932 2219 1091 2283 ὄντας
1120 2224 1182 2274 ὲκ
1210 2224 1504 2289 γυναικῶν,
1538 2224 1678 2276 κατὰ
1704 2225 1800 2293 τὴν
1824 2224 1915 2277 τοῦ

325 2306 578 2380 Σωτῆρος
610 2310 818 2379 φωνὴν,
858 2312 1035 2365 καίτοι
1066 2313 1159 2368 τοῦ
1198 2315 1671 2386 προκηρύττοντος
1714 2317 1919 2370 Βαπτι-

324 2399 451 2453 στοῦ
485 2402 684 2472 κομιδῇ
722 2402 842 2456 νέον
872 2404 963 2457 τὸν
1007 2405 1128 2458 καθ’
1160 2408 1305 2477 ἡμᾶς
1354 2407 1719 2473 ἀναλύσαντος
1774 2408 1915 2478 βίου.

324 2489 535 2566 οὐκοῦν
585 2492 646 2544 οὐ
694 2492 788 2545 τὸν
822 2494 1013 2563 χρόνον
1056 2496 1147 2549 ἐπ’
1176 2496 1343 2550 αὐτοῦ
1388 2498 1449 2550 τὸ
1502 2499 1705 2567 μείζων
1745 2500 1915 2570 δηλοῖ,

325 2580 530 2649 μᾶλλον
553 2580 612 2633 δὲ
639 2581 731 2634 τὸν
758 2583 816 2635 ὲν
841 2583 1009 2655 ἀρετῇ
1035 2584 1335 2656 κεκτῆσθαι
1363 2586 1422 2639 τὸ
1450 2586 1671 2657 ὑψηλὸν,
1698 2589 1791 2641 καὶ
1819 2590 1919 2642 ἐπ’

322 2672 522 2736 αὐτοὺς
556 2672 825 2744 ἀναϐῆναι
866 2672 1053 2729 λοιπὸν
1096 2678 1196 2745 τῆς
1226 2678 1454 2747 ἐνούσης
1488 2678 1801 2749 ἀνθρώποις
1838 2680 1917 2732 δι-

322 2761 621 2831 καιοσύνης
647 2765 775 2826 τοὺς
803 2765 963 2835 ὄρους
985 2782 995 2793 ⁸
1022 2766 1234 2831 τούτοις
1264 2768 1571 2832 ἀκολούθως
1592 2770 1687 2822 καὶ⁵
1708 2771 1799 2823 ἐπὶ
1823 2770 1915 2822 τοῦ

320 2853 575 2924 Σωτῆρος
621 2854 782 2924 ἡμῶν
835 2856 1071 2929 Χριστοῦ
1117 2857 1178 2910 τὸ
1228 2858 1548 2929 μικρότερος
1596 2859 1675 2929 τῷ
1710 2858 1917 2929 μείζονι

321 2944 854 3015 ἁντιπαρακείμενον
894 2947 954 2999 οὑ
990 2946 1184 3018 χρόνου
1213 2947 1425 3013 δέξεταί
1464 2966 1514 3001 τι
1553 2950 1910 3018 σημαντικόν.

323 3034 421 3104 Εἴη
454 3034 566 3107 γὰρ
600 3036 667 3089 ἂν
698 3034 872 3100 οὕτως
918 3037 1011 3090 καὶ
1064 3038 1299 3106 γέλωτος
1341 3040 1489 3105 ἄξιον
1536 3040 1598 3091 τὸ
1646 3041 1704 3091 ἐν
1738 3042 1916 3110 χρόνῳ

323 3124 509 3188 ποσὸν,
539 3126 649 3180 τῶν
681 3127 822 3181 κατὰ
855 3127 1055 3199 ἀρετὴν
1104 3129 1413 3199 ὑψωμάτων
1457 3130 1675 3183 ἔσεσθαι
1730 3130 1915 3201 μεῖζον

2026 577 2206 631 omnia
2238 584 2293 631 et
2326 575 2552 645 aequalis
2587 590 2685 630 suo
2722 575 2909 629 Patri?

2025 778 2264 845 ALIUD,
2310 796 2403 850 per
2444 778 2798 833 reductionem
2850 777 2920 829 ad
2968 774 3291 850 absurdum,
3344 775 3622 850 ostendens

2098 846 2439 917 falsam'eus
2479 850 2910 902 adversariorum
2951 847 3400 917 propositionem;
3440 855 3486 898 et
3530 846 3622 896 ub-

2096 922 2316 974 surdum
2352 935 2464 974 esse
2493 920 2572 972 ita
2602 921 2816 972 sentire.

2093 1032 2343 1088 Christus
2374 1031 2573 1086 alicubi
2608 1032 2681 1085 ita
2714 1030 2789 1083 ait
2820 1047 2833 1084 :
2872 1048 2889 1080 ι
2924 1027 3041 1083 Non
3072 1027 3309 1083 surrexit
3345 1027 3490 1081 inter
3519 1040 3619 1078 na-

2026 1134 2108 1179 tos
2140 1123 2427 1178 mulierum
2462 1123 2638 1193 major
2664 1120 2873 1177 Joanne
2902 1119 3145 1190 Baptista
3178 1137 3191 1174 :
3229 1120 3409 1172 minor
3436 1127 3617 1171 autent

2023 1218 2075 1273 in
2114 1232 2278 1288 regno
2310 1219 2574 1273 cmlorum
2622 1216 2798 1286 major
2854 1213 2964 1285 95
2997 1214 3116 1284 ipso
3147 1223 3249 1267 est.
3290 1231 3310 1263 ι
3346 1212 3614 1266 Czeterum

2021 1309 2067 1362 si
2116 1308 2166 1362 id
2210 1307 2353 1377 quod
2395 1304 2622 1360 affertur
2665 1307 2730 1360 de
2774 1303 2992 1360 Christo
3032 1304 3211 1358 minus
3252 1301 3613 1372 quantitatem

2020 1398 2286 1466 temporis
2322 1396 2629 1465 signiﬁcat,
2665 1396 2857 1449 eadem
2897 1394 3108 1447 ratione
3145 1393 3310 1446 etiam
3348 1391 3615 1445 Joannem

2021 1489 2317 1559 Baptistam
2357 1490 2472 1543 haec
2508 1487 2956 1559 comprehendet.
2993 1485 3280 1555 Signiﬁcat
3318 1494 3498 1538 autem
3537 1483 3615 1537 si-

2022 1582 2230 1636 militer
2260 1592 2494 1650 tempus,
2530 1580 2660 1634 illud
2696 1597 2709 1633 :
2749 1598 2767 1629 ι
2804 1577 2919 1635 Νοη
2951 1578 3192 1633 surrexit
3226 1576 3421 1645 major.
3458 1594 3477 1629 t
3510 1576 3615 1630 At-

2020 1673 2109 1742 qui
2156 1675 2258 1727 hoc
2292 1688 2479 1727 verum
2516 1687 2621 1726 non
2656 1680 2763 1737 est,
2798 1686 2922 1726 cum
2966 1671 3083 1739 ipsa
3128 1684 3283 1724 sacra
3327 1668 3616 1739 Scriptura

2022 1774 2304 1834 repugnet,
2332 1772 2384 1817 et
2408 1763 2676 1816 Adamum
2709 1762 2925 1832 generis
2958 1760 3131 1816 nostri
3163 1770 3442 1814 auctorem
3475 1774 3613 1812 non-

1948 1839 1989 1894 Β
2019 1866 2209 1927 gentos
2234 1854 2623 1925 quinquaginta
2656 1869 2828 1909 annos
2856 1853 3058 1908 vixisse
3086 1861 3337 1916 testetur,
3369 1851 3617 1919 aliosque

2026 1958 2305 2004 recenseat
2332 1950 2421 2018 qui
2454 1947 2792 2018 longitudine
2822 1947 2947 2001 vita:
2975 1946 3221 2017 proxime
3249 1946 3314 1999 ad
3346 1945 3613 2002 Adamum

2024 2048 2407 2103 accesserunt,
2440 2048 2495 2094 et
2522 2054 2587 2093 ex
2624 2036 2944 2092 mulieribus
2976 2037 3124 2100 nati,
3158 2046 3216 2089 ut
3247 2035 3502 2090 Christus
3533 2034 3615 2089 lo-

2023 2129 2227 2197 quitur,
2261 2129 2502 2193 fuerant,
2538 2143 2659 2183 cum
2695 2142 2997 2197 prmcursor
3025 2125 3225 2181 Christi
3257 2124 3499 2193 Baptista
3527 2129 3615 2190 Ju-

2023 2221 2177 2273 venis
2211 2220 2500 2274 admodum
2537 2234 2566 2274 e
2596 2218 2736 2272 vivis
2769 2219 3085 2273 excesserit.
3124 2216 3248 2271 "me
3283 2216 3447 2286 igitur
3480 2230 3613 2280 vox,

2024 2310 2218 2379 tnajor,
2254 2314 2359 2365 non
2397 2320 2611 2380 tempus
2640 2308 2948 2379 signiﬁcat,
2983 2307 3077 2362 sed
3110 2306 3289 2376 potius
3321 2306 3465 2375 quod
3501 2304 3615 2357 vir-

2024 2404 2154 2457 tutis
2188 2402 2461 2470 fastigium
2497 2402 2570 2457 sit
2604 2409 2966 2462 consecutus,
2998 2407 3052 2453 et
3084 2398 3150 2450 ad
3188 2396 3361 2464 ipsam
3391 2395 3616 2463 justitia:

2022 2509 2142 2563 qua:
2189 2493 2240 2548 in
2290 2492 2538 2548 homines
2586 2492 2731 2545 cadit
2781 2501 2979 2545 metam
3031 2488 3375 2557 pervenerit;
3422 2488 3612 2542 eadem

2024 2586 2183 2655 plane
2232 2584 2443 2638 ratione
2484 2582 2552 2638 de
2594 2583 2888 2638 Servatore
2938 2591 3123 2636 nostro
3168 2580 3389 2637 Christo
3437 2581 3618 2635 minor

2022 2676 2213 2743 majori
2252 2677 2534 2745 Oppositus
2583 2690 2687 2729 non
2736 2685 2950 2742 tempus
2990 2673 3281 2744 signiﬁcat.
3332 2670 3616 2726 Ridiculus

2019 2770 2162 2823 οιιίιιι
2200 2770 2270 2822 sit
2305 2768 2395 2837 qui
2440 2769 2489 2821 id
2536 2768 2676 2837 quod
2724 2767 2983 2834 temporis
3018 2766 3378 2834 quantitatem
3419 2764 3611 2827 habet,

2020 2862 2238 2915 virtutis
2270 2861 2591 2915 celsitudine
2622 2860 2799 2930 majus
2828 2859 3122 2913 existimet.
3155 2858 3437 2925 Quomodo
3468 2856 3613 2911 enim

2020 2953 2149 3006 talia
2200 2952 2344 3007 inter
2390 2967 2449 3007 se
2500 2952 2805 3020 comparari
2854 2950 3116 3021 possint?
3163 2951 3231 3004 At
3278 2946 3407 3003 ve'ro
3437 2948 3617 3015 potius

2020 3044 2329 3097 necessaria
2367 3044 2578 3097 ratione
2614 3043 2881 3096 minorem
2918 3042 3263 3096 sanctitatem
3301 3041 3613 3110 signiﬁcat,

2021 3142 2078 3184 ut
2116 3134 2217 3186 hoc
2253 3142 2414 3200 pacto
2447 3132 2702 3187 Christus
2736 3133 2858 3186 vita:
2892 3133 3252 3187 sanctimonia
3290 3130 3497 3186 Joanne
3532 3132 3617 3184 itt—

323 3217 541 3270 ἐννοεῖν.
575 3218 711 3271 Ποῖα
751 3215 861 3287 γὰρ
892 3216 1029 3280 ὅλως
1057 3218 1123 3270 τὰ
1151 3219 1377 3273 τοιαῦτα
1418 3220 1555 3290 πρὸς
1582 3219 1788 3289 ἄλληλα
1817 3220 1913 3293 τὴν

2025 3222 2192 3277 ferior
2227 3224 2527 3293 judicemr.
2561 3223 2714 3289 Quod
2760 3238 2883 3276 cum
2930 3238 3027 3293 per
3065 3239 3124 3279 se
3166 3238 3318 3277 suam
3365 3223 3616 3293 blasphe«

325 3304 609 3375 σύγκρισιν
644 3305 983 3371 ἐπιδέξεται;
1028 3307 1260 3377 δηλώσει
1300 3309 1355 3361 δὲ
1396 3310 1595 3379 μᾶλλον
1624 3311 1699 3373 ὡς
1727 3310 1786 3375 ἐξ
1818 3313 1909 3365 ἀν-

2021 3317 2183 3369 miam
2213 3316 2487 3376 ostendat.
2521 3316 2717 3369 nterito
2746 3330 3125 3369 exsecramur.

322 3399 552 3466 αγκαίου
587 3399 745 3467 λόγου
776 3400 836 3452 τὸ
863 3401 921 3452 ὲν
949 3401 1210 3472 ἁγιασμῷ
1281 3404 1652 3473 μειονέκτημα
1673 3422 1685 3434 ·
1718 3407 1804 3458 ἵνα
1827 3406 2013 3460 λοιπὸν
2079 3410 2173 3461 καὶ
2239 3410 2336 3479 τῆς
2382 3410 2630 3464 Ἰωάννου
2670 3409 2953 3471 πολιτείας
3018 3409 3278 3481 φαίνηται
3303 3408 3555 3481 δεύτερος
3584 3410 3614 3465 ὀ

322 3491 467 3555 Υἱός.
486 3490 748 3560 Ἐχούσης
773 3489 1056 3545 δὲοῖκοθεν
1080 3493 1177 3561 τῆς
1203 3493 1261 3546 δυ
1273 3494 1514 3563 σφημίας
1536 3496 1627 3549 τὸν
1656 3495 1897 3566 ἔλεγχον,
1938 3499 1997 3551 τὸ
2031 3499 2174 3553 οὕτω
2208 3501 2349 3553 νοεῖν
2386 3484 2836 3569 παραιτούμεθα.

720 3605 818 3670 Ὠς
853 3604 921 3658 ἐκ
958 3605 1076 3659 τῶν
1113 3605 1187 3659 δι’
1219 3607 1516 3674 ἐναντίας.

389 3717 499 3789 Τὴν
545 3717 744 3788 ἁπλῆν,
776 3717 927 3786 φασὶ,
958 3718 1055 3773 καὶ
1088 3720 1553 3791 ἀπεριεργοτέραν
1599 3724 1712 3785 τοῖς
1764 3722 1913 3792 παρὰ

323 3805 411 3858 τοῦ
442 3806 694 3875 Σωτῆρος
734 3806 1045 3876 εἰρημένας
1080 3808 1314 3882 θεωρίαν
1341 3812 1657 3879 ἐπάγοντες,
1693 3812 1912 3881 χαριέν-

323 3916 427 3960 τως
457 3898 622 3951 eam
643 3900 925 3969 εἰρηκέναι
950 3902 1276 3972 πιστεύομεν
1302 3903 1493 3975 ὅτιπερ
1525 3906 1552 3956 ὁ
1585 3905 1912 3975 μικρότερος

323 3988 395 4051 ὡς
434 3990 492 4041 ἐν
532 3989 790 4059 ποσότητι
825 3992 1014 4061 χρόνου
1045 3992 1136 4046 τοῦ
1188 3992 1327 4047 κατὰ
1378 3996 1477 4064 τὴν
1526 3997 1782 4066 γέννησιν
1810 3998 1910 4067 τὴν

325 4080 459 4147 μετὰ
494 4080 718 4150 σαρκὸς,
743 4080 895 4134 ἔσται
929 4083 1132 4153 μείζων
1163 4087 1219 4137 ὲν
1245 4088 1311 4155 τῇ
1341 4086 1587 4159 βασιλείᾳ
1614 4089 1722 4141 τῶν
1751 4089 1913 4159 οὐρα-

216 4238 219 4239 ,
321 4172 425 4223 νῶν
452 4173 547 4225 καὶ
581 4172 674 4225 τοῦ
705 4173 908 4227 τελείου
943 4176 1079 4246 πρὸς
1124 4177 1222 4247 τὴν
1253 4179 1311 4231 ὲν
1352 4178 1661 4248 ἀνθρώποις
1688 4180 1910 4252 ἀρετήν.

322 4264 526 4317 Οὐκοῦν
552 4264 613 4317 τὸ
642 4267 739 4335 μὲν
766 4270 1087 4341 μικρότερος
1110 4270 1168 4322 τὸ
1189 4272 1467 4342 Κυριακὸν
1496 4273 1717 4325 είσοίσει
1744 4274 1915 4343 πρόσ-

320 4372 466 4408 ωπον
507 4357 669 4427 ἡμῖν’
720 4354 779 4413 τὸ
812 4360 868 4412 δὲ
913 4363 969 4413 ὲν
1018 4363 1316 4432 τελειότητι
1363 4366 1426 4434 τῇ
1478 4365 1598 4417 κατ’
1629 4366 1914 4421 εὐσέϐειαν

324 4447 787 4521 ἀνθρωποπρεπεϊ
823 4454 1035 4507 κεῖσθαι
1086 4455 1177 4507 τὸν
1236 4455 1391 4523 ἆγῑον
1444 4458 1781 4530 Βαπτιστὴν,
1822 4460 1905 4528 τὸ,

334 4541 421 4592 Ἐν
447 4545 725 4611 γεννητοῖς
756 4545 1030 4613 γυναικῶν
1059 4547 1133 4619 μὴ
1159 4548 1465 4621 ὴγηγέρθαι
1495 4549 1739 4620 μείζονα,
1770 4569 1911 4623 μαρο

321 4637 511 4703 τυρείο
543 4636 679 4688 ἀλλὰ
717 4638 811 4689 καὶ
850 4638 939 4691 τὸν
985 4640 1127 4693 οὕτω
1177 4642 1352 4709 μέγαν
1388 4645 1741 4715 ὑπεραλεῖται
1772 4647 1911 4717 Χρι-

325 4727 469 4790 στός.
516 4730 674 4782 Ποῖον
710 4732 767 4785 ἐν
797 4732 1007 4797 τούτοις
1033 4735 1093 4787 τὸ
1127 4736 1358 4803 ἂτοπονς

803 4846 957 4912 Πρὸς
996 4848 1181 4902 ταῦτα
1218 4852 1420 4917 λύσις.

388 4954 449 5007 Ei
487 4955 653 5023 μηδὲν
689 4958 745 5009 ἐν
774 4958 983 5023 τούτοις
1016 4962 1076 5013 τὸ
1104 4964 1324 5025 ἄτοπον,
1356 4967 1453 5034 οὐχ
1485 4966 1671 5031 ἁπλῶς
1704 4969 1901 5031 εἰπεῖν,

320 5045 450 5099 ἀλλὰ
494 5045 677 5116 ζητεῖν
724 5047 1057 5121 ἀναγκαῖονο
1107 5054 1306 5124 χρῆναι
1336 5056 1444 5127 γὰρ
1488 5055 1641 5129 οἶμαι
1687 5061 1901 5130 γοργῶς

320 5144 428 5203 τοῖς
460 5142 625 5206 θείοις
653 5147 1088 5213 ἐπαγωνίζεσθαι
1122 5150 1322 5221 λόγοις,
1354 5156 1414 5208 ού
1460 5158 1679 5221 πάντως
1713 5160 1811 5229 τὴν
1845 5159 1904 5224 ἐξ

319 5233 698 5305 ἁπλουστέρων
731 5235 1102 5310 θεωρημάτων
1149 5246 1419 5315 ἐρανίζειν
1461 5249 1776 5315 διάγνωσιν,
1814 5254 1904 5305 ὅτε

318 5320 378 5389 δὴ
410 5324 644 5391 μάλιστα
678 5327 879 5400 πολλὴν
907 5334 1038 5401 ἡμῖν
1071 5336 1372 5405 ἐμποιοῦσα
1405 5339 1501 5410 τὴν
1529 5340 1734 5410 ζημίαν
1767 5345 1898 5413 ὁρᾶ-

320 5415 549 5468 ται.Ἷνα
582 5418 691 5489 γὰρ
720 5421 812 5473 καὶ
840 5426 1121 5495 νοήσωμεν
1163 5426 1336 5493 οὕτως
1375 5429 1435 5482 τὸ
1486 5432 1794 5502 εἰρημένον,
1828 5435 1905 5498 ὡς

321 5506 473 5596 ύμεῖς
516 5526 655 5575 φατε
698 5513 796 5565 καὶ
839 5514 1177 5585 βουλεύεσθε,
1208 5523 1558 5591 σημαινέσθω
1605 5528 1903 5596 χαριέντως

319 5590 401 5647 διὰ
450 5596 542 5649 τοῦ
594 5600 956 5671 Μικρότερος
989 5608 1015 5659 ὁ
1043 5590 1693 5683 ΣωτήρξΎπερκείσεται
1724 5590 1903 5673 τοίνυν

388 5770 430 5800 "
458 5770 586 5831 Luc.
625 5790 718 5839 ηπ,
758 5777 842 5836 23.

2449 3609 2691 3681 Objectio
2736 3611 3181 3667 adversariorum.

2092 3723 2442 3793 Simplicem,
2487 3726 2676 3790 aiunt,
2728 3727 3060 3795 minimeque
3104 3728 3376 3783 curiosam
3423 3743 3611 3783 eorum

2018 3832 2139 3885 qua:
2175 3832 2201 3869 a
2240 3817 2456 3872 Christo
2493 3819 2635 3872 dicta
2673 3829 2799 3873 sunt
2835 3821 3343 3890 interpretationem
3379 3836 3606 3888 sequen-

2021 3918 2121 3968 tes.
2156 3910 2361 3964 urbane
2394 3910 2544 3964 illum
2578 3911 2783 3965 dixisse
2816 3912 3090 3968 credimus
3121 3914 3288 3983 quod,
3324 3914 3499 3967 minor
3528 3914 3612 3965 tti-

2018 4002 2215 4054 mirum
2250 4002 2557 4072 quantitate
2589 4005 2856 4073 temporis
2891 4006 2959 4059 ab
2992 4016 3116 4061 ortu
3151 4007 3449 4061 secundum
3483 4020 3608 4057 car-

2017 4110 2163 4159 nem,
2196 4096 2368 4166 major
2395 4098 2612 4152 futurus
2642 4098 2713 4152 sit
2747 4099 2799 4152 in
2837 4114 3007 4169 regno
3036 4098 3318 4163 cmlorum,
3351 4098 3513 4153 ctiam
3545 4111 3613 4151 eo

2016 4186 2106 4255 qni
2146 4186 2399 4242 humanae
2434 4190 2653 4245 virtutis
2695 4192 3084 4261 perfectionem
3130 4201 3215 4246 est
3259 4198 3605 4245 consecutus.

2018 4279 2191 4333 Minor
2222 4280 2401 4350 itaque
2438 4296 2725 4350 personam
2762 4283 2972 4338 Domini
3015 4284 3170 4338 nobis
3205 4283 3507 4353 significat;
3546 4280 3611 4335 il-

1943 4415 1990 4475 Β
2020 4373 2107 4426 Iud
2146 4387 2273 4426 vero
2314 4389 2417 4427 non
2460 4377 2764 4431 surrexisse
2805 4375 3065 4443 majorem
3112 4377 3253 4431 inter
3290 4385 3448 4430 natos
3489 4390 3610 4428 mu-

2020 4464 2246 4530 lierum,
2283 4465 2555 4533 signiﬁcat
2588 4477 2837 4521 sanctum
2874 4467 3175 4537 Baptistam
3215 4466 3607 4537 perfectionem

2021 4556 2235 4623 pietatis
2266 4571 2385 4621 quae
2414 4558 2467 4611 itt
2498 4558 2772 4612 hominem
2800 4560 2999 4613 cadere
3030 4560 3224 4630 possit,
3254 4568 3606 4613 consecutum

2018 4646 2187 4701 fuisse
2222 4665 2235 4704 :
2276 4657 2531 4703 caeterum
2576 4652 2719 4705 hunc
2758 4653 3112 4719 quantumvis
3152 4667 3408 4720 magnum
3450 4647 3610 4704 Chri-

2017 4752 2132 4797 stus
2165 4742 2470 4812 superabit.
2503 4743 2643 4810 Quid
2676 4746 2778 4800 hac
2812 4746 2862 4799 in
2898 4762 2956 4801 re
2988 4757 3072 4801 est
3104 4746 3364 4801 absurdi?

2527 4854 2732 4910 Salutio
2768 4857 3096 4926 objectionis.

2082 4968 2161 5019 Au
2190 4968 2321 5024 nihil
2350 4972 2402 5024 in
2433 4970 2516 5024 his
2542 4970 2763 5025 absurdi
2790 4972 2881 5036 sit,
2910 4986 3018 5025 non
3047 4971 3377 5040 simpliciter
3401 4974 3605 5043 dicere,

2012 5060 2104 5113 sed
2134 5062 2407 5131 inquirere
2430 5072 2685 5132 oportet;
2714 5078 2909 5134 magna
2937 5064 3393 5134 eninttdiligentia
3421 5066 3605 5121 divina

2013 5152 2224 5222 Scripta
2262 5156 2674 5223 pervestiganda
2710 5166 2870 5219 sunt,
2906 5172 3083 5226 neque
3118 5159 3341 5211 omnino
3376 5159 3607 5228 simplex

2004 5260 2069 5298 ac
2108 5246 2258 5299 rudis
2312 5248 2579 5301 sententia
2632 5249 2931 5319 colligenda
2968 5259 3072 5304 est.
3124 5250 3418 5305 Maximum
3458 5255 3603 5307 enim

2008 5339 2266 5393 damnum
2301 5342 2352 5393 id
2386 5341 2540 5395 nobis
2573 5341 2775 5397 inferre
2809 5342 2920 5414 96
2948 5344 3216 5398 cernitur.
3250 5344 3383 5398 Nam
3418 5356 3474 5398 ut
3508 5362 3605 5400 nos

2008 5434 2170 5487 etiam
2204 5435 2275 5486 ita
2312 5436 2512 5487 dictum
2549 5434 2937 5506 intelligamus,
2970 5446 3028 5490 nt
3060 5454 3156 5491 vos
3192 5438 3372 5492 dicitis
3402 5446 3455 5492 et
3488 5450 3605 5491 sta-

2010 5529 2190 5593 luitis,
2230 5528 2421 5582 demus
2459 5529 2750 5598 signiﬁcari
2793 5531 3139 5585 Servatorem
3183 5547 3280 5599 per
3315 5545 3499 5585 vocem
3538 5531 3603 5583 il-

2012 5619 2138 5687 lam,
2168 5620 2365 5675 Minor.
2396 5620 2640 5690 Quanam
2675 5623 2837 5693 igitur
2868 5624 3079 5677 ratione
3112 5624 3387 5696 superabit
3420 5621 3605 5691 Bapti-
