4012 6338
286 411 375 471 {Gl

970 520 1174 575 ΔΛΛΟ.

349 642 458 712 Τὴν
483 637 572 694 διά
601 638 844 700 πίστεως
874 636 1067 705 ἄφεσιν
1098 629 1531 703 ὑπισχνούμενος
1561 627 1695 697 ἡμῖν
1724 624 1754 677 6
1775 621 1872 676 τοῦ

282 733 415 787 Θεοῦ
470 732 665 799 Λόγος,
719 729 810 783 διὰ
872 726 967 780 τοῦ
1028 726 1308 799 προφήτου
1371 722 1535 793 φησὶν
1608 718 1871 772 Ἠσαίου*

290 845 307 876 ι
358 822 500 893 Ἐγώ
524 823 643 893 είμι
672 822 701 873 6
721 819 1021 886 ἐξαλείφων
1051 816 1147 880 τάς
1177 815 1409 886 ἀνομίας
1438 831 1552 878 σου,
1584 812 1679 865 καὶ
1707 812 1768 864 οὐ
1798 810 1874 881 μὴ

286 915 691 987 μνησθήσομαι.
732 931 751 963 ι
800 908 1021 979 Ἐπειδὴ
1053 909 1109 961 δὲ
1139 908 1241 980 ἠδη
1293 907 1495 978 παρῆν,
1528 905 1625 957 καὶ
1660 902 1746 955 διὰ
1774 901 1875 971 τῆς

280 1009 439 1077 ἁγίας
472 1005 745 1076 ἐγεννήθη
800 1001 1101 1073 Παρθένου.
1144 1002 1237 1053 ἐπὶ
1265 1000 1369 1070 γῆς
1407 1015 1467 1052 τε
1497 996 1675 1066 ὤφθη,
1729 993 1874 1048 καθά

281 1103 591 1171 γέγραπται
614 1138 630 1161 ,
688 1097 785 1151 καὶ
850 1097 961 1159 τοῖς
1023 1090 1333 1165 ἀνθρώποις
1390 1088 1873 1160 συνανεστρέφετο,

282 1191 685 1263 κατασημαίνει
728 1191 842 1252 τοῖς
893 1188 1095 1259 ὁρῶσιν
1137 1186 1301 1239 αὐτὸν
1342 1187 1371 1238 6
1398 1184 1569 1256 κήρυξ
1606 1182 1699 1236 καὶ
1733 1180 1873 1253 πρό-

281 1288 501 1357 δρομος,
543 1288 640 1339 καὶ
672 1284 738 1355 δὴ
782 1281 875 1335 καί
924 1297 1089 1352 φησιν
1132 1280 1161 1331 6
1209 1279 1479 1349 μακάριος
1524 1276 1870 1346 Βαπτιστής·

290 1397 308 1431 ι
349 1377 456 1432 Ἴδε
480 1380 510 1430 6
540 1376 714 1447 ἀμνὸς
738 1375 834 1429 τοῦ
868 1374 1028 1437 Θεοῦ,
1063 1376 1092 1427 6
1120 1373 1291 1442 αἴρων
1319 1372 1421 1441 τὴν
1458 1368 1735 1440 ἁμαρτίαν
1776 1365 1873 1419 τοῦ

283 1468 511 1537 κόσμου.
577 1485 597 1518 ι
655 1465 830 1536 Είπερ
873 1460 966 1519 οὖν
1008 1463 1182 1527 ἔσται,
1238 1462 1381 1516 κατὰ
1428 1478 1617 1523 τινας,
1674 1458 1876 1529 μείζων

297 1560 543 1613 Ἰωάννου
572 1558 808 1629 Χριστὸς
838 1560 897 1612 ἐν
938 1559 1005 1627 τῇ
1053 1555 1304 1626 βασιλείᾳ
1334 1554 1446 1607 τῶν
1482 1550 1752 1623 οὐρανῶν,
1782 1550 1877 1603 καὶ

282 1649 439 1704 τοῦτο
484 1652 544 1703 ἐν
571 1650 785 1703 ἐλπίσιν
814 1648 928 1719 ἔχει
972 1650 1034 1702 τὸ
1060 1649 1250 1719 γέρας,
1273 1642 1343 1717 ἦν
1386 1645 1495 1716 ἀρα
1530 1645 1749 1706 πάντως
1778 1642 1878 1695 οὐκ

284 1744 340 1795 ἐν
369 1740 689 1808 ἐλαττώσει,
712 1743 772 1796 ἐν
801 1742 1009 1811 ίσότητι
1040 1740 1121 1805 δέ,
1142 1739 1285 1793 κατὰ
1307 1738 1370 1791 τὸ
1398 1737 1565 1799 είκός.
1600 1731 1735 1789 Εἶτα
1758 1734 1877 1798 πῶς

1710 385 2153 447 τηεελυιιυε.

1900 520 1949 577 Δ

3469 372 3577 429 ηε

2574 484 2579 493 ’
2657 496 2887 554 ALIUD.

2051 620 2193 676 Deus
2241 632 2342 688 per
2371 614 2698 687 prophetam
2731 614 2929 667 lsaiam
2959 608 3340 666 remissionem
3375 623 3474 678 per
3506 610 3571 666 ﬂ-

1976 714 2101 770 dem
2134 712 2464 783 promittens
2509 726 2523 762 :
2576 725 2595 760 ι
2629 706 2742 776 Ego
2765 750 2780 773 ,
2846 705 3023 774 inquit
3053 745 3068 771 ,
3134 716 3256 757 sum
3288 702 3380 772 qui
3420 700 3577 757 deleo

1981 806 2303 875 iniquitates
2338 812 2480 868 tuas,
2515 810 2569 856 et
2606 814 2715 855 non
2737 797 3067 854 recordabor
3098 797 3142 829 "
3166 837 3180 852 .
3220 814 3242 847 ο
3272 796 3408 851 Cum
3440 810 3576 852 vero

1976 914 2045 954 ex
2076 906 2265 953 sancta
2297 894 2524 965 Virgine
2565 904 2727 949 natus
2780 902 2865 949 est
2915 901 2969 948 et
3006 893 3059 947 in
3108 900 3256 947 terra
3296 891 3576 962 apparuit,

1978 992 2119 1047 sicut
2148 990 2411 1059 scriptum
2446 999 2533 1044 est
2556 988 2599 1019 "
2624 1029 2639 1053 ,
2691 1001 2925 1057 cumque
2970 986 3288 1041 hominibus
3316 996 3574 1041 versatus

1977 1094 2080 1149 est,
2108 1082 2347 1138 Joannes
2383 1080 2625 1151 Baptista
2653 1079 2773 1149 ejus
2823 1096 3003 1151 praeco
3046 1090 3214 1150 atque
3260 1096 3572 1151 praecursor

1978 1176 2217 1231 ostendit
2252 1176 2487 1238 dicens;
2529 1194 2547 1226 ι
2583 1174 2724 1229 Ecce
2770 1174 2959 1243 Agnus
2992 1173 3086 1229 Dei
3120 1174 3213 1244 qui
3264 1174 3405 1230 tollit
3438 1189 3571 1244 pec-

1978 1278 2101 1325 cata
2162 1268 2346 1324 mundi
2406 1268 2473 1321 ⁸⁸.
2535 1287 2554 1319 ι
2622 1267 2680 1323 Si
2728 1268 2917 1338 igitur,
2948 1276 3007 1323 ut
3058 1268 3305 1323 nonnulli
3357 1269 3570 1335 volunt,

1936 1362 1939 1363 ⁷
1978 1360 2231 1416 Christus
2277 1361 2490 1415 futurus
2525 1369 2609 1415 est
2636 1358 2810 1428 major
2865 1360 3075 1417 Joanne
3111 1359 3165 1415 in
3198 1375 3364 1432 regno
3408 1360 3581 1417 casio-

1979 1468 2120 1519 rum,
2156 1461 2319 1522 atque
2349 1454 2452 1509 hoc
2483 1454 2766 1523 przemium
2800 1468 2861 1510 se
2896 1463 3329 1510 consecuturum
3366 1466 3577 1525 sperat,

1980 1553 2098 1598 erat
2119 1545 2306 1613 igitur,
2328 1555 2385 1598 ut
2405 1543 2713 1600 verisimile
2733 1555 2839 1611 est,
2861 1562 2966 1602 non
2993 1547 3193 1607 minor.
3210 1547 3305 1602 sed
3329 1547 3578 1618 aqualis.

1980 1636 2051 1689 At
2100 1650 2232 1689 vero
2288 1651 2409 1705 qua:
2463 1637 2695 1707 acqualia
2737 1646 2890 1702 sunt,
2950 1653 3058 1708 quo
3089 1652 3249 1709 pacto
3298 1649 3584 1709 tantopere

1982 1728 2127 1783 inter
2160 1742 2219 1783 se
2250 1728 2599 1799 discrepant,
2655 1741 2712 1782 ut
2741 1728 2832 1783 hic
2872 1730 3092 1799 quidem
3122 1739 3350 1800 peccata
3392 1729 3583 1786 mundi

284 1832 352 1886 τὰ
378 1836 437 1885 ἐν
474 1833 576 1903 ίσῳ
613 1830 803 1902 μέτρῳ
833 1830 1088 1884 τοσοῦτον
1115 1830 1184 1883 δι’
1214 1828 1461 1899 ἀλλήλων
1504 1827 1881 1897 ἀπολιμπάνε·

1995 1819 2178 1875 tollere
2211 1822 2405 1889 possit,
2444 1830 2608 1890 atque
2636 1822 2740 1875 hoc.
2768 1836 2836 1875 ex
2862 1836 2960 1877 sua
3012 1832 3282 1891 potestate
3316 1832 3582 1893 praestet;

284 1941 394 1988 ται,
432 1924 509 1988 ὡς
544 1922 636 1976 τὸν
670 1923 772 1993 μὲν
800 1922 1062 1976 δύνασθαι
1107 1921 1201 1975 τοῦ
1236 1920 1446 1991 κόσμου
1475 1920 1574 1991 τὴν
1608 1918 1885 1989 ἁμαρτίαν

288 2013 565 2083 ἀφαιρεῖν,
609 2013 706 2066 καὶ
743 2012 905 2066 τοῦτο
930 2012 1173 2083 ἐνεργεῖν
1206 2010 1663 2076 ὲξουσιαστικῶς·
1708 2011 1801 2064 τὸν
1827 2010 1887 2064 δὲ

286 2104 379 2157 τοῦ
426 2104 787 2175 καθαίροντος
821 2104 915 2157 καὶ
944 2103 1264 2172 ἁγιάζοντος
1294 2103 1487 2156 ἐπιδεᾶ
1521 2102 1886 2167 καθεστάναι;

295 2214 312 2247 ι
363 2195 568 2265 Χρείαν
596 2195 707 2266 γὰρ
752 2193 883 2263 ἐγὼ,
939 2194 1125 2265 φησὶν,
1162 2194 1272 2265 ἔχω
1308 2192 1413 2245 ὐπὸ
1446 2192 1541 2245 σοῦ
1586 2192 1889 2263 βαπτισθῆ-

290 2305 394 2341 ναι.
429 2306 447 2338 ι
494 2286 716 2356 Ἐπειδὴ
765 2286 821 2339 δὲ
859 2286 959 2339 οὐκ
1004 2286 1064 2339 ἐν
1108 2288 1222 2349 τοῖς
1256 2302 1401 2348 τινος
1438 2284 1737 2355 δεομένοις,
1773 2285 1887 2337 ἀλλ’

291 2383 347 2434 ἐν
383 2381 496 2442 τοῖς
525 2376 825 2449 χορηγοῦσι
865 2378 925 2430 τὸ
964 2378 1149 2448 μεῖζον
1184 2378 1401 2448 δρᾶται,
1438 2380 1534 2429 καὶ
1566 2379 1594 2429 6
1648 2378 1770 2447 μὲν,
1812 2378 1889 2441 ώς

292 2469 439 2536 Θεὸς,
470 2468 698 2538 ἀφίησιν
742 2468 1041 2538 ἁμαρτίας,
1084 2470 1112 2520 6
1146 2467 1204 2521 δὲ
1250 2466 1472 2520 δύναται
1514 2468 1673 2519 τοῦτο
1715 2470 1889 2521 ποιεῖν

292 2562 563 2632 οὐδαμῶς,
612 2560 714 2613 οὐκ
760 2560 875 2623 ίσος
908 2560 1019 2630 ἀρα
1060 2558 1141 2629 τῷ
1183 2560 1437 2613 τοσοῦτον
1478 2558 1887 2630 ἐξηλλαγμένῳ.

466 2692 677 2757 ΔΛΛΟ,
718 2690 799 2757 ὡς
830 2690 901 2744 ἐν
931 2689 1185 2759 ἐπιτομῇ
1228 2689 1325 2743 καί
1376 2689 1691 2757 ἁπλότητι.

363 2808 427 2860 Εἰ
473 2805 677 2876 μείζων
702 2804 854 2858 ἔσται
882 2804 977 2857 τοῦ
1007 2804 1165 2872 ἁγίου
1196 2802 1526 2867 Βαπτιστοῦ,
1551 2802 1697 2856 κατὰ
1719 2819 1887 2864 τινας,

296 2899 324 2951 6
361 2895 553 2966 Σωτὴρ
595 2897 655 2948 ὲν
699 2897 765 2965 τῇ
800 2892 1048 2963 βασιλείᾳ
1075 2891 1182 2973 τῶν
1212 2890 1482 2961 οὐρανῶν,
1518 2890 1551 2961 ἢ
1581 2893 1716 2955 ίσος,
1759 2890 1792 2960 ἢ
1834 2893 1891 2942 ὲν

297 2986 590 3041 ἐλαττώσει
624 2986 741 3039 ἐστὶ
767 2986 911 3039 κατά
936 2985 1028 3037 τὸν
1054 2982 1155 3054 τῆς
1183 2983 1651 3054 ἐνανθρωπήσεως
1678 2982 1887 3053 χρόνον.

310 3079 395 3131 Ἐν
420 3078 521 3149 μὲν
546 3073 640 3130 οὖν
660 3072 977 3141 ἐλαττώσει,
998 3073 1273 3144 οὐδαμῶς.
1309 3073 1398 3127 Ἔν
1417 3072 1623 3143 ἰσότητι
1648 3072 1707 3126 δέ
1724 3088 1735 3100 ·
1766 3070 1893 3125 τοῦο

299 3187 355 3223 το
368 3170 477 3238 γάρ
500 3168 617 3231 πώς
642 3171 757 3221 ἐστι
783 3168 843 3221 τὸ
864 3166 1334 3238 πρεπωδέστερον.
1370 3164 1510 3218 Ἀλλ’
1529 3165 1687 3237 εἴπερ
1717 3165 1889 3227 ὅντως
1911 3208 1959 3263 C

296 3265 324 3315 6
338 3264 432 3333 τῆς
452 3263 695 3334 ἰσότητος
716 3260 802 3313 ἐπ’
821 3261 1025 3329 ἀμφοῖν
1053 3256 1286 3323 σώζεται
1305 3257 1481 3325 λόγος,
1507 3257 1780 3309 καλείσθω
1796 3256 1891 3308 καὶ⁵

309 3354 561 3423 Ἰωάννης
582 3353 745 3421 σοφία
768 3352 863 3405 καὶ
882 3350 1113 3421 δύναμις
1133 3348 1227 3403 τοῦ
1245 3350 1483 3419 Πατρὸς,
1504 3348 1895 3419 χρηματιξέτω

296 3446 351 3500 δὲ
382 3465 400 3498 ι
426 3447 593 3499 είκὼν
612 3444 1032 3517 καὶχαρακτὴρ,
1056 3444 1151 3496 καὶ
1170 3444 1515 3512 ἀπαύγασμα
1532 3442 1630 3511 τῆς
1653 3440 1893 3495 ὑποστά-

300 3555 435 3602 σεως
462 3536 653 3591 αὐτοῦ.
691 3536 908 3608 Φερέτω
934 3535 1030 3589 καὶ
1060 3534 1223 3599 αὐτὸς
1262 3534 1330 3589 τὰ
1357 3533 1535 3588 πάντα
1570 3532 1649 3603 τῷ
1686 3534 1897 3605 ῥήματι

296 3632 394 3700 τῆς
417 3629 703 3700 δυνάμεως
730 3627 897 3681 αὐτοῦ
921 3644 934 3657 '
967 3646 986 3680 ι
1028 3628 1276 3681 ἀκουέτω
1302 3628 1396 3680 καὶ
1429 3625 1593 3688 αὐτὸς
1620 3626 1774 3696 παρά
1800 3622 1897 3676 τοῦ

299 3720 515 3789 Πατρός
536 3737 548 3748 ·
578 3736 600 3771 ι
634 3718 764 3782 Υἱός
794 3735 896 3787 μου
932 3712 983 3770 εί
1025 3718 1112 3779 σὺ,
1163 3716 1275 3785 ἐγὼ
1317 3716 1560 3786 σήμερον
1590 3702 1899 3782 γεγέννηκά

306 3831 365 3867 σε
395 3831 410 3845 ’
444 3832 465 3865 ι
511 3813 607 3867 καί
636 3830 649 3843 ·
688 3830 707 3863 ι
741 3810 925 3865 Κάθου
955 3811 1021 3863 ἐκ
1052 3808 1242 3872 δεξιῶν
1289 3825 1411 3880 μου,
1436 3806 1541 3869 ἕως
1581 3805 1647 3858 ἂν
1673 3804 1749 3857 θῶ
1774 3804 1901 3864 τοὺς

298 3903 527 3975 ἐχθρούς
557 3920 655 3956 σου
686 3901 979 3955 ὑποπόδιον
1012 3900 1121 3953 τῶν
1152 3900 1329 3953 ποδῶν
1371 3916 1487 3951 σον.
1528 3918 1545 3949 ι
1578 3895 1899 3965 Εἰσαγέσθω

300 3998 392 4049 καὶ
416 3996 582 4059 αὐτὸς
610 3994 687 4059 ώς
710 3994 1053 4065 πρωτότοκος
1090 3993 1171 4056 εἰς
1210 3992 1311 4063 τὴν
1339 3990 1690 4061 οἰκουμένην,
1719 4005 1895 4058 προσ-

299 4087 570 4143 κυνείσθω
632 4086 789 4157 παρὰ
844 4084 955 4138 τῶν
1010 4084 1185 4153 ἁγίων
1253 4082 1537 4151 ἀγγέλων,
1593 4080 1800 4149 λεγέτω
1842 4079 1901 4133 δέ

298 4178 653 4248 ἀνεγκλήτως
680 4178 811 4249 περὶ
841 4173 1037 4230 ἑαυτοῦ
1062 4191 1073 4204 ·
1114 4194 1133 4227 ι
1192 4175 1337 4243 Ἐγὼ
1385 4174 1480 4228 καὶ
1531 4174 1560 4225 6
1608 4171 1802 4243 Πατὴρ
1840 4171 1899 4224 ἓν

302 4273 489 4341 ἐσμεν.
533 4270 594 4323 '0
624 4268 884 4339 ἑωρακὼς
913 4269 1035 4341 ἐμὲ,
1078 4268 1290 4341 ἑώρακε
1323 4266 1413 4320 τὸν
1443 4265 1664 4336 Πατέρα
1692 4281 1709 4297 ο
1749 4282 1769 4315 ι
1804 4265 1901 4318 καὶ

305 4363 465 4418 πάλιν
486 4377 500 4390 ’
537 4381 558 4414 ‹
602 4361 744 4430 Ἐγώ
770 4362 885 4432 είμι
911 4363 945 4432 ὴ
989 4362 1287 4423 ἀνάστασις
1318 4359 1411 4413 καὶ
1458 4359 1491 4429 ἡ
1520 4357 1667 4428 ζωή·
1706 4375 1725 4409 ι
1760 4355 1894 4409 καί·

311 4473 332 4506 ι
375 4453 518 4523 Ἐγώ
547 4454 662 4524 εἰμι
705 4456 734 4507 6
774 4453 939 4524 ἀρτος
970 4455 1000 4505 6
1042 4452 1153 4517 ζῶν
1180 4453 1209 4505 6
1237 4456 1302 4505 ἐκ
1328 4449 1425 4503 τοῦ
1460 4447 1693 4521 οὐρανοῦ
1725 4465 1897 4501 κατα-

1991 1912 2130 1967 alter
2152 1927 2282 1968 vero
2300 1923 2566 1984 purgante
2588 1922 2643 1970 et
2674 1914 3055 1971 sanctiﬁcante
3081 1916 3357 1987 indigeat?
3388 1935 3408 1969 ι
3436 1916 3587 1989 Opus

1990 2007 2137 2060 enim
2167 2016 2272 2071 est,
2302 2004 2500 2075 inquit,
2536 2014 2595 2060 ut
2633 2008 2732 2061 abs
2769 2015 2822 2062 te
2848 2007 3098 2075 baptizer
3122 2007 3190 2062 “.
3224 2026 3244 2061 ι
3283 2007 3420 2063 Cum
3453 2024 3588 2065 vero

1992 2112 2100 2151 non
2141 2097 2189 2153 is
2217 2098 2309 2168 qui
2336 2098 2520 2167 aliquo
2552 2098 2779 2168 indiget,
2830 2100 2925 2154 sed
2953 2100 2999 2155 is
3049 2100 3143 2169 qui
3206 2099 3255 2153 id
3302 2116 3411 2172 quo
3446 2101 3590 2156 alius

1992 2199 2114 2259 eget
2134 2190 2481 2259 suppeditare
2506 2201 2706 2260 potest,
2756 2191 2932 2259 major
2962 2192 3071 2257 sit,
3115 2200 3172 2247 et
3200 2193 3344 2248 Deus
3369 2194 3589 2262 quidem

1992 2284 2243 2337 remittat
2292 2295 2512 2353 peccata
2542 2325 2555 2348 ,
2612 2285 2704 2340 hic
2748 2300 2883 2340 vero
2931 2284 3080 2340 nullo
3138 2294 3300 2355 pacto
3348 2286 3401 2341 id
3451 2300 3592 2356 pra:-

1994 2384 2142 2431 stare
2177 2387 2341 2445 queat
2373 2394 2388 2430 :
2423 2392 2530 2433 non
2559 2387 2644 2433 est
2696 2378 2861 2446 igitur
2890 2378 3120 2449 aequalis
3168 2379 3243 2433 illi
3275 2393 3304 2433 a
3328 2393 3437 2449 quo
3468 2387 3591 2433 tau-

1996 2478 2182 2538 topere
2206 2479 2518 2531 superatur.

2346 2684 2577 2751 ALIUD,
2604 2688 2866 2741 succincte
2895 2697 2944 2742 et
2994 2688 3218 2742 ruditer.

2065 2796 2124 2852 Si
2160 2798 2442 2867 Servatur,
2497 2813 2553 2855 nt
2610 2802 2855 2856 nonnulli
2914 2805 3233 2873 opinantur,
3294 2802 3471 2873 major
3509 2812 3594 2859 est

1993 2891 2203 2948 Joanne
2232 2896 2473 2965 Baptista
2510 2896 2562 2949 in
2606 2911 2772 2965 regno
2797 2895 3060 2949 ctelorum
3085 2934 3101 2961 ,
3153 2905 3325 2978 certe.
3347 2911 3415 2951 eo
3447 2907 3591 2953 tem-

1995 3005 2126 3059 pore
2156 3004 2263 3057 quo
2295 2990 2438 3043 inter
2475 2990 2725 3043 homines
2750 2998 2999 3058 versatus
3046 2998 3152 3054 est,
3213 2999 3307 3044 aut
3340 2990 3593 3061 mqualis,

1995 3088 2090 3134 aut
2110 3080 2289 3133 minor
2305 3093 2370 3133 eo
2394 3080 2516 3135 fuit.
2542 3078 2717 3135 Minor
2740 3089 2920 3135 autem
2943 3081 3089 3135 nulla
3115 3080 3352 3138 ratione.
3384 3080 3595 3152 Equa—

1995 3172 2061 3228 lis
2094 3173 2278 3243 igitur.
2338 3172 2449 3227 iloc
2486 3173 2628 3227 enim
2662 3184 2743 3227 est
2774 3174 3209 3228 convenientius.
3242 3177 3310 3228 At
3340 3176 3384 3229 si
3412 3191 3597 3245 aequa-

1997 3268 2077 3321 les
2110 3268 2337 3321 omnino
2366 3266 2509 3320 inter
2539 3281 2597 3320 se
2628 3264 2874 3329 fuerunt,
2904 3277 3136 3321 vocetur
3157 3268 3323 3321 etiam
3350 3267 3594 3326 Joannes

1997 3358 2263 3428 sapientia
2285 3368 2339 3410 et
2360 3359 2598 3428 potentia
2623 3356 2803 3412 Patris
2826 3357 2895 3424 ³³;
2912 3367 3137 3414 vocetur
3158 3359 3326 3414 etiam
3358 3378 3379 3413 ι
3412 3360 3595 3431 imago

1995 3461 2051 3507 et
2086 3450 2393 3515 character,
2430 3465 2493 3504 ac
2526 3450 2783 3518 splendor
2809 3450 3147 3506 exsistentia:
3175 3451 3379 3522 ipsius:
3408 3453 3596 3511 Portet

1998 3545 2165 3597 etiam
2219 3544 2407 3598 omnia
2452 3546 2620 3597 verbo
2672 3544 2931 3612 potentiae
2982 3559 3095 3599 suae
3130 3544 3200 3610 ³⁸,
3242 3564 3261 3597 ι
3311 3546 3500 3601 audiat
3539 3556 3597 3603 et

1999 3636 2115 3705 ipse
2149 3649 2178 3687 a
2212 3634 2375 3689 Patre
2403 3653 2416 3688 :
2455 3654 2473 3685 ι
2515 3634 2683 3689 Filius
2715 3650 2868 3690 meus
2917 3650 2977 3691 es
3005 3646 3080 3701 lu,
3104 3650 3205 3704 ego
3237 3636 3398 3692 hodie
3434 3639 3595 3709 genui

1998 3738 2055 3781 te
2080 3727 2150 3794 ³⁷;
2186 3748 2204 3779 ι
2236 3726 2351 3797 98
2376 3737 2431 3782 et
2464 3745 2482 3778 ι
2526 3728 2665 3781 Sede
2692 3742 2720 3781 a
2750 3728 2959 3783 dextris
2995 3729 3151 3792 meis,
3182 3731 3355 3784 donec
3396 3745 3597 3799 ponam

2000 3820 2251 3876 inimicos
2291 3831 2411 3875 tuos
2444 3821 2741 3875 scabellum
2784 3822 2980 3889 pedum
3027 3830 3243 3875 tuorum
3271 3822 3335 3875 ⁸⁸.
3367 3841 3386 3873 ι
3422 3821 3594 3877 intro-

2000 3914 2230 3970 ducatur
2263 3916 2425 3969 etiam
2459 3916 2575 3985 ipse
2602 3916 2653 3969 in
2677 3918 2865 3970 orbem
2898 3925 3167 3970 terrarum
3197 3925 3455 3986 tanquam
3476 3918 3592 3987 pri-

2000 4008 2350 4080 mogenitus;
2384 4008 2649 4063 adoretur
2700 4025 2729 4062 a
2777 4009 2985 4065 sanctis
3027 4010 3276 4080 angelis,
3330 4021 3595 4080 recteque

2003 4102 2069 4157 de
2097 4101 2283 4173 seipso
2313 4102 2460 4157 dicat
2494 4118 2508 4155 :
2550 4121 2568 4155 ι
2626 4102 2741 4173 Ego
2772 4112 2827 4158 et
2854 4102 3021 4158 Pater
3052 4118 3219 4159 unum
3246 4120 3457 4160 sumus.
3493 4103 3599 4172 Qui

2001 4194 2137 4250 vidit
2156 4199 2275 4263 ine,
2304 4193 2443 4249 vidit
2469 4204 2525 4249 et
2552 4194 2767 4250 Patrem
2788 4196 2833 4228 ’θ
2852 4212 2900 4263 ς»
2939 4205 2994 4251 et
3021 4211 3238 4251 rursum
3267 4214 3283 4253 :
3309 4196 3454 4268 «Ego
3476 4212 3597 4252 sum

2001 4288 2335 4345 resurrectio
2366 4298 2424 4344 et
2448 4289 2554 4342 vita
2580 4306 2596 4357 ;
2627 4289 2672 4320 “
2710 4308 2730 4341 ι
2764 4297 2818 4345 et
2853 4307 2872 4341 ι
2908 4289 3021 4359 Ego
3053 4305 3172 4345 sum
3206 4292 3364 4359 panis
3407 4291 3598 4347 vivens

2001 4382 2096 4452 qui
2129 4397 2160 4436 e
2208 4381 2352 4438 ccelo
2387 4383 2667 4450 descendi,
2722 4390 2778 4438 et
2818 4383 2988 4437 vitam
3041 4383 3178 4438 dans
3217 4380 3421 4439 mdhdo
3453 4384 3523 4441 υ.
3569 4404 3591 4438 ι

2004 4472 2062 4529 Si
2097 4489 2230 4530 vero
2260 4475 2375 4530 hzec
2402 4476 2585 4529 omnia
2620 4484 2705 4530 est
2726 4474 3003 4542 Christus,
3026 4488 3133 4529 non
3163 4484 3348 4530 autem
3381 4476 3473 4531 ille
3500 4479 3595 4547 qui

306 4544 424 4609 ϐὰς,
459 4548 557 4599 καὶ
582 4543 727 4616 ζωὴν
761 4543 936 4608 διδοὺς
962 4542 1039 4613 τῷ
1067 4543 1279 4613 κόσμῳ.
1324 4562 1340 4595 ι
1397 4540 1461 4594 Εἰ
1505 4541 1563 4594 δὲ
1592 4538 1767 4593 ταῦτα
1795 4538 1889 4610 μὲν

2001 4565 2254 4635 imperite
2285 4566 2513 4634 aqualis
2542 4581 2667 4622 csse
2717 4565 2920 4621 dicitur
2954 4538 3117 4637 :uno
3158 4579 3318 4637 pacto
3349 4582 3455 4623 non
3491 4538 3595 4625 ah-

306 4638 417 4690 ἔστι
460 4637 639 4691 πάντα
688 4636 944 4706 Χριστὸς,
986 4635 1169 4688 οὐκέτι
1210 4634 1266 4688 δέ
1299 4634 1394 4688 καί⁸
1426 4636 1454 4686 ὁ
1486 4632 1622 4703 πρὸς
1673 4631 1895 4699 ἰσότητα

305 4728 399 4799 τὴν
440 4727 573 4800 πρδς
620 4729 785 4782 αὐτὸν
832 4727 1169 4799 καλούμενος
1203 4724 1453 4797 ἀμαθῶς,
1509 4723 1630 4787 πῶς
1672 4724 1734 4777 οὐ
1772 4722 1894 4778 λίαν

307 4818 632 4871 ἀπαίδευτον
652 4818 809 4871 παντί
833 4836 911 4889 τῳ
933 4820 1182 4887 φανεῖται
1204 4818 1412 4883 λοιπὸν,
1432 4817 1494 4870 τὸ
1519 4816 1742 4889 μείζονὰ
1763 4832 1894 4869 ποτε

309 4911 636 4981 γενήσεσθαι
664 4910 908 4981 νομίζειν
937 4910 1126 4977 αὐτοῦ,
1152 4911 1244 4965 τὸν
1282 4912 1369 4964 ἀεὶ⁵
1397 4910 1556 4965 τοῦτο
1580 4909 1895 4981 ὑπάρχοντα

312 5001 577 5069 φυσικῶς,
608 5000 685 5065 ὠς
708 5000 841 5054 Θεόν
865 5017 879 5066 ;

1000 5118 1207 5173 ΑΛΛΟ.

379 5228 441 5283 Εἰ
484 5230 544 5283 ἐν
570 5228 650 5300 τῷ
695 5230 826 5285 ποτὲ
870 5230 971 5301 τὴν
1013 5231 1263 5285 Ἰωᾶννου
1310 5231 1727 5305 πλεονεκτήσειν
1771 5233 1901 5304 ἁρε-

2007 4660 2233 4712 surdum
2266 4657 2414 4713 dictu
2459 4658 2674 4714 censeri
2717 4658 2948 4719 debeat.
2976 4657 3264 4721 Christum,
3304 4660 3601 4731 aliquando

2002 4747 2214 4806 Joanne
2262 4748 2521 4819 majorem
2568 4750 2833 4819 futurum,
2868 4752 2962 4821 qui
3001 4761 3195 4823 suapte
3226 4761 3423 4809 natura
3451 4766 3599 4808 sem-

2002 4857 2101 4913 per
2132 4842 2309 4913 major
2339 4842 2463 4911 iuit,
2500 4843 2757 4899 nimirum
2786 4842 2979 4901 Deus?

2680 5110 2916 5169 ALIUD.

2080 5226 2136 5283 Si
2170 5226 2226 5281 in
2257 5226 2443 5281 iuturo
2468 5225 2668 5282 saeculo
2702 5235 2916 5281 tantum
2943 5223 3197 5281 Christus
3232 5223 3461 5282 Joannis
3490 5226 3597 5281 vir-

308 5317 402 5389 τὴν
430 5319 760 5389 ἁξιάγαστος
782 5321 1079 5393 ὀφθήσεται
1109 5322 1365 5393 Χριστὸς,
1390 5324 1541 5376 οὐδὲν
1564 5325 1623 5376 ἐν
1656 5322 1805 5393 αὐτῷ
1842 5324 1889 5376 τί

2005 5330 2173 5375 tutem
2206 5329 2565 5389 superaturus
2598 5328 2701 5383 est,
2734 5328 2887 5375 certe
2933 5318 3142 5374 nihilin
3167 5320 3289 5390 ipso
3334 5335 3595 5393 magnum

314 5411 483 5481 μέγα’
511 5413 635 5467 ἐπεὶ
660 5414 757 5469 καὶ
779 5414 1001 5483 ἁγγελοι
1028 5416 1312 5486 κρείττους
1346 5416 1513 5470 αὐτοῦ
1550 5418 1691 5470 κατά
1721 5433 1783 5485 γε
1812 5416 1889 5469 τδκ.

2008 5425 2091 5470 est
2131 5432 2143 5468 :
2188 5430 2311 5469 cum
2344 5425 2398 5467 et
2438 5413 2617 5483 angeli
2662 5412 2921 5469 meliores
2967 5413 3489 5484 praastantioresque
3530 5429 3598 5469 eo

310 5505 463 5575 λόγον
498 5507 600 5577 τῆς
638 5508 846 5571 οἰκείας
892 5508 1131 5578 φύσεως,
1183 5511 1278 5564 καὶ
1315 5510 1413 5581 τῆς
1454 5512 1533 5575 είς
1569 5510 1701 5563 Θεὸν
1747 5510 1889 5563 εὐπε-

2018 5509 2130 5562 sint
2174 5508 2413 5578 propriae
2444 5522 2556 5561 sua:
2600 5518 2809 5561 natura:
2843 5506 3093 5571 ratione,
3130 5514 3185 5560 et
3215 5505 3435 5574 pietatis
3467 5521 3597 5577 erga

313 5603 458 5667 θείας
481 5604 579 5675 τὴν
613 5604 909 5674 ὑπεροχήν.
948 5599 1080 5659 Εἶτα
1114 5606 1205 5657 ποῖ
1241 5622 1369 5657 ποτε
1404 5604 1666 5673 βαδιεῖται
1694 5604 1889 5667 nam.

2010 5600 2180 5655 Deum
2198 5600 2549 5656 excellentia.
2580 5599 2781 5654 Deinde
2801 5598 2933 5669 quid
2956 5600 3020 5655 de
3034 5597 3425 5668 sapientissimi
3451 5596 3598 5653 illius

378 5780 417 5811 "
447 5781 547 5837 lsa.
577 5796 734 5845 xuii,
778 5779 869 5835 ΞΒ.
948 5782 993 5819 ’τι
1028 5780 1237 5846 Baruch
1274 5796 1356 5838 ιιι.
1398 5783 1487 5836 58.
1568 5784 1611 5815 ³³
1645 5781 1802 5835 Joan.
1838 5796 1875 5846 ι,

1995 5822 2002 5832 ,
2082 5779 2126 5810 ³⁸
2160 5779 2351 5835 Matth.
2386 5794 2469 5843 ιιι,
2504 5780 2589 5833 Η.
2669 5777 2714 5810 ³³
2755 5778 2767 5830 Ι
2800 5777 2927 5832 Cor.
2962 5794 2998 5844 l,
3032 5776 3122 5831 Ἡ.
3203 5776 3249 5807 ³⁸
3282 5774 3448 5831 Hebr.
3472 5788 3509 5841 l,
3540 5773 3593 5832 5.

316 5849 354 5883 ⁸⁷
387 5850 521 5908 l’sal.
553 5869 610 5922 li,
654 5852 705 5906 7.
801 5853 843 5884 ³⁸
873 5844 1165 5920 ιἐίιιξειχ,
1199 5855 1245 5907 l.
1325 5853 1365 5884 ”
1394 5854 1544 5909 Joun.
1582 5871 1689 5919 XIV,
1733 5856 1785 5907 9.
1865 5844 1879 5881 ί

1995 5867 2091 5904 ιίιιι.
2129 5866 2203 5917 χι,
2232 5852 2320 5907 25.
2401 5852 2439 5882 δ’
2478 5851 2610 5905 Juun
2660 5866 2733 5913 Vi,
2770 5850 2855 5903 55.
