4012 6338
1584 242 1657 259 Α*

251 339 362 395 N35

1674 329 2121 382 'l’liLSAIJﬂUb.

3428 329 3533 387 166

251 462 390 522 θεῖν,
436 458 532 513 καὶ
566 458 667 513 οὐκ
715 458 895 512 εῐασεν
942 457 1138 521 αὐτοὺς
1187 456 1247 510 τὸ
1290 453 1513 525 Πνεῦμα
1564 450 1761 521 Ἰησοῦ.
1820 468 1823 501 :

1952 447 2007 500 Si
2039 460 2171 515 ergo
2195 444 2446 501 Christus
2469 456 2525 501 ut
2564 446 2859 517 aliquando
2882 449 3099 505 futurus
3121 447 3293 517 major
3314 447 3532 509 Joanne

245 549 434 620 Εἴπερ
473 543 568 601 οὖν
605 548 684 612 ὡς
724 548 983 618 ἰσόμενός
1014 564 1142 602 ποτε
1178 546 1378 617 μείζων
1424 542 1671 596 Ἰωάννου
1702 542 1842 611 Χρι-

249 641 400 705 στὸς,
447 642 507 694 ιν
541 640 749 711 ἰσότητι
792 640 931 703 τέως
962 641 1026 709 τῇ
1078 637 1211 708 πρὸς
1259 636 1420 689 αὑτὸν
1462 632 1839 704 εὑρεθήσεται,

246 713 574 789 ἀνανεούτω
602 733 854 794 κάκεῖνος
882 731 941 785 ὲν
971 730 1099 799 ἡμῖν
1130 726 1227 799 τὴν
1270 724 1365 779 τοῦ
1404 725 1718 791 Πνεύματος
1744 720 1843 790 χά-

249 840 357 893 ριν,
390 822 493 877 καὶ
524 821 831 892 χορηγείτω
850 820 941 873 καὶ
970 818 1151 882 αὑτὸς,
1171 815 1362 885 ὥσπερ
1389 808 1482 867 οὖν
1512 812 1684 865 ιποίει
1713 811 1843 881 Χρι-

1948 536 2176 605 aqualis
2205 538 2413 592 interea
2442 540 2491 592 ei
2520 537 2648 606 fuit,
2692 540 2962 596 instauret
2998 542 3164 595 etiam
3198 541 3437 597 Joannes
3475 545 3529 598 in

1949 627 2107 682 nobis
2137 629 2370 698 gratiam
2407 628 2664 699 Spiritus,
2712 632 2983 702 ducatque
3010 633 3178 687 etiam
3236 635 3354 703 ipse
3403 650 3527 700 nos,

1949 729 2007 773 ut
2038 718 2170 773 fecit
2199 718 2475 787 Christus;
2500 723 2713 777 dicatur
2742 732 2793 778 et
2815 724 2983 792 ipsius
3015 738 3137 780 esse
3166 724 3410 795 Spiritus
3433 726 3526 782 Dei

1946 826 2010 864 ac
2038 810 2219 866 Patris
2254 830 2267 867 :
2304 814 2504 869 clamet
2554 816 2717 869 etiam
2773 818 2891 886 ipse
2922 823 2987 872 de
3018 816 3225 887 Spiritu
3270 835 3285 877 :
3336 836 3356 871 ι
3390 818 3526 886 Quia

248 910 397 976 πὸς,
436 908 687 979 λεγέσθω
711 910 769 963 δὲ
796 909 890 963 καὶ
920 907 1085 961 αὑτοῦ
1121 904 1343 974 Πνεῦμα
1384 902 1449 955 τὺ
1492 903 1549 955 ὲν
1583 899 1703 969 Θεῷ
1746 898 1823 951 κα¹

1941 902 2012 955 de
2037 917 2162 957 meo
2193 904 2445 972 accipiet.
2482 904 2795 962 sCeterum
2822 907 2925 963 hoc
2943 910 3025 963 vel
3054 908 3167 963 sola
3191 909 3528 979 cogitatione

248 1001 455 1073 Πατρὶ,
492 1000 673 1071 βοάτω
697 1000 789 1055 καὶ
809 998 970 1063 αὐτὸς
998 996 1127 1069 περὶ
1150 995 1245 1048 τοῦ
1276 992 1595 1063 Πνεύματος
1614 1004 1627 1018 ·
1659 1007 1678 1040 ε
1718 987 1823 1040 Ὀτι

1943 992 2169 1062 impium
2204 1004 2309 1048 cst.
2336 993 2451 1050 Non
2482 1008 2566 1051 est
2600 998 2766 1068 igitur
2810 1000 3038 1069 aqualis
3069 999 3312 1065 Christo,
3349 1014 3529 1070 neque

245 1092 310 1143 tat
336 1089 442 1143 τοῦ
495 1086 631 1158 ἐμοῦ
661 1085 948 1158 λαμϐάνει.
987 1103 1006 1135 ι
1049 1082 1210 1137 Ἀλλά
1240 1081 1397 1135 τοῦτο
1427 1080 1521 1133 καὶ
1552 1078 1711 1149 μόνον
1746 1076 1837 1128 ὲν-

1945 1084 1995 1137 in
2023 1082 2207 1137 futuro
2235 1085 2438 1140 saeculo
2475 1087 2690 1141 desinet
2724 1102 2849 1143 esse
2895 1088 3091 1155 major,
3135 1102 3260 1143 cum
3314 1104 3529 1160 semper

246 1183 414 1246 νοεῖν,
453 1178 677 1244 ἀσεϐές.
714 1179 828 1233 Οὐκ
860 1177 967 1248 ἀρα
1001 1174 1116 1238 tuo;
1162 1174 1279 1257 ἐστὶ
1319 1170 1396 1244 τῷ
1433 1168 1677 1242 Χριστῷ,
1716 1166 1823 1220 οὐδὲ

1940 1174 2120 1230 minor
2150 1174 2337 1243 fuerit,
2364 1186 2623 1249 tantoque
2653 1178 2902 1247 inferior,
2926 1188 2987 1237 ut
3013 1181 3176 1237 homo
3205 1180 3343 1240 Deo.

230 1271 343 1341 ὀψὲ
394 1271 799 1342 παραχωρήσει
830 1268 891 1321 τὺ
930 1267 1133 1339 μεῖζον,
1178 1264 1266 1319 ἀεὶ
1315 1264 1377 1317 τὸ
1408 1262 1630 1317 ἔλαττον
1674 1258 1835 1329 ἔχων,

247 1363 341 1418 καὶ
363 1360 634 1416 τοσοῦτον
661 1359 995 1431 ἡττώμενος,
1028 1358 1152 1413 ὅσον
1184 1356 1470 1427 ἄνθρωπος
1498 1352 1659 1408 Θεοῦ.

942 1472 1149 1528 ΔΑΜ).

311 1588 453 1643 Θεὸν
493 1588 627 1641 ὅντα
658 1587 798 1641 κατά
823 1588 984 1657 φύσιν
1018 1582 1373 1637 ἐπιδεικνύων
1398 1581 1594 1637 ἑαυτὸν
1619 1581 1648 1633 6
1681 1579 1831 1645 Υίδς,

2601 1456 2830 1512 ALIUD.

1935 1595 1941 1601 ~
2004 1567 2177 1625 Filius
2196 1556 2381 1625 Deum
2425 1585 2484 1627 se
2537 1573 2862 1627 naturaliter
2901 1586 3023 1627 esse
3064 1573 3383 1640 ostendens,
3425 1587 3525 1644 op-

236 1678 675 1733 ’ἀντιδιαστέλλει
706 1680 771 1749 τῇ
802 1676 997 1740 κτίσει,
1026 1674 1119 1727 καί
1152 1691 1317 1745 φησιν
1341 1690 1356 1703 ·
1394 1692 1413 1725 ι
1463 1670 1604 1741 Ἐγὼ
1634 1672 1698 1725 ἐκ
1723 1668 1823 1724 τῶν

1934 1662 2082 1730 ponit
2105 1678 2165 1718 se
2188 1672 2453 1717 creatum
2483 1664 2669 1718 dicens
2698 1663 2867 1733 :iEgo
2884 1676 2951 1718 ex
2982 1664 3236 1735 superuis
3260 1681 3400 1731 sum,
3426 1682 3523 1720 vos

233 1771 354 1824 im
382 1768 534 1839 σίμὶ,
564 1768 723 1838 ὑμεῖς
748 1768 812 1820 εκ
837 1764 944 1820 τῶν
972 1764 1122 1817 κάτω
1150 1763 1293 1817 ὲστέ.
1331 1782 1351 1815 ι
1390 1762 1599 1816 Οὐκοῦν
1625 1761 1823 1830 λεγέτω

1931 1769 1997 1809 ex
2025 1756 2251 1811 infernis
2277 1756 2410 1811 estis
2436 1755 2501 1810 ".
2538 1774 2557 1807 ι
2588 1756 2922 1827 Dicatigitur
2940 1760 3105 1812 etiam
3142 1759 3246 1814 hoc
3277 1756 3517 1816 Joannes

241 1859 398 1913 τοῦτο
424 1859 530 1913 καὶ
556 1860 586 1911 6
614 1857 881 1929 μακάριος
906 1854 1235 1925 Βαπτιστὴς,
1268 1854 1343 1917 ὠς
1371 1851 1522 1905 οὔπω
1546 1851 1606 1904 τὸ
1628 1853 1686 1906 ιν
1710 1851 1829 1921 μεί-

234 1950 391 2016 ζοσιν
417 1944 568 2003 εἴναι
596 1944 937 2019 παραχωρῶν
956 1946 1035 2016 τῷ
1054 1944 1293 2016 Χριστῷ,
1320 1943 1478 2015 είπερ
1498 1943 1649 1997 ἔσται
1668 1942 1828 1996 τοῦτό

244 2056 393 2103 ποτε,
444 2037 600 2093 κατά
629 2039 727 2108 τήν
757 2053 918 2089 τινων
948 2035 1225 2089 ὑπόνοιαν.
1284 2033 1446 2087 Ἀλλά
1482 2032 1589 2105 μὴν
1611 2034 1678 2087 ὲκ
1717 2033 1819 2103 τῆς

246 2131 345 2202 τῆς
378 2126 531 2185 εἶναί
559 2146 724 2201 φησιν
750 2127 967 2194 ἑαυτὸν,
998 2126 1179 2181 καὶτὸ
1210 2128 1407 2181 οἰκεῖον
1444 2127 1545 2181 οὒκ
1589 2126 1825 2197 ἠγνόησε

238 2222 463 2294 μέτρον.
504 2222 727 2289 Maiva
772 2223 882 2295 ipa.
933 2224 1188 2297 Χριστὸς,
1229 2224 1330 2277 οὐκ
1372 2222 1627 2293 ισόμενος
1670 2221 1827 2275 τοῦτο

231 2316 395 2381 ποτε,
442 2314 563 2369 ἀλλ’
597 2314 735 2386 ἔχων
783 2316 873 2387 ἀεὶ
917 2315 979 2369 τὸ
1030 2316 1194 2369 πλέον
1242 2315 1317 2378 ὡς
1364 2314 1495 2379 Θεὸς
1539 2316 1604 2368 ἐκ
1651 2313 1824 2367 Θεοῦ’

240 2402 397 2458 τοῦτο
431 2404 546 2475 γὰρ
577 2405 832 2475 σημαίνει
861 2404 943 2471 τὸ,
983 2422 1002 2457 ι
1047 2406 1140 2459 Ἐκ
1180 2405 1289 2459 τῶν
1318 2405 1430 2459 ἀνω
1458 2404 1593 2473 εἰμί.
1641 2422 1663 2457 ι

934 2514 1139 2571 ΔΛΔΟ.

322 2624 380 2679 ’0
443 2625 718 2696 μακάριος
772 2626 1169 2698 εὖαγγελιστής
1242 2627 1496 2698 Ἰωάννης
1548 2627 1607 2682 τὸ
1666 2628 1824 2698 φύσει

250 2716 447 2787 προσὸν
480 2717 708 2788 ἀξίωμα
750 2715 829 2788 τῷ
869 2717 985 2788 Υὶῷ
1021 2717 1391 2790 διερμηνεύων
1427 2719 1687 2790 ἀκριϐῶς,
1729 2721 1824 2773 καὶ

244 2807 310 2860 τὸ
355 2808 607 2863 Ἰωάννου
643 2810 840 2880 μέτρον
870 2811 948 2876 ὡς
984 2811 1194 2866 οἰκέτου
1223 2812 1450 2882 γνησίου
1478 2813 1820 2883 παρατιθεὶς,

246 2895 387 2950 ὀὕτω
422 2900 592 2970 φησίν
614 2915 628 2928 ·
692 2916 713 2951 t
785 2899 1031 2969 Ἐγένετο
1081 2900 1367 2972 ἄνθρωπος
1414 2902 1824 2973 ἀπεσταλμένος

246 2988 396 3062 παρά
430 2989 592 3059 Θεοῦ,
624 2990 800 3063 ὕνομα
832 2991 983 3065 αὐτῷ
1033 2992 1317 3065 Ἰωάννης·
1360 2985 1513 3059 οὗτος
1546 2988 1709 3065 ἦλθεν
1744 2994 1824 3057 εἷς

252 3083 574 3154 μαρτυρίαν.
612 3084 699 3137 ῐνα
739 3086 1064 3157 μαρτυρήσῃ
1095 3086 1223 3156 περὶ
1258 3084 1355 3139 τοῦ
1385 3086 1581 3155 φωτός.
1621 3086 1731 3144 Ἦν
1760 3086 1823 3140 τὺ

256 3170 363 3241 φῶς
397 3173 458 3228 τδ
497 3174 774 3246 ἀληθινὸν,
811 3176 841 3229 6
874 3176 1095 3245 φωτίζει
1136 3177 1313 3231 πάντα
1344 3176 1628 3248 ἄνθρωπον
1663 3179 1821 3248 ἐρχό-

261 3281 410 3333 μενον
433 3268 516 3331 είς
549 3267 643 3321 τὸν
683 3268 907 3340 κόσμον.
951 3288 973 3323 ι
1010 3271 1111 3324 Ποῖ
1138 3287 1269 3324 ποτε
1296 3264 1391 3325 οὖν
1424 3269 1531 3342 ipa
1559 3271 1825 3343 προκόψει

251 3353 478 3425 Χριστὸς
521 3359 636 3420 τοῖς
688 3357 933 3432 Ἰωάννου
966 3360 1390 3432 συγκρινόμενος
1443 3360 1695 3431 μέτροιςς
1752 3362 1824 3416 Ἦ

260 3443 365 3507 πῶς
390 3440 455 3499 οὗ
479 3447 669 3517 μεῖξον
704 3430 793 3503 ἀεὶ
819 3448 881 3503 τδ
916 3430 1172 3520 φωτίζειν
1206 3430 1346 3515 είδὸς
1378 3430 1472 3505 καὶ
1503 3451 1821 3521 δυνάμενον,

258 3535 344 3588 τοῦ
377 3534 633 3609 δεοβνου
664 3540 1015 3610 φωτίζεσθαι,
1050 3543 1145 3597 καὶ
1175 3544 1275 3614 τῆς
1305 3544 1412 3597 ἀπὸ
1444 3544 1538 3597 τοῦ
1568 3544 1823 3617 λαμπρύ-

262 3641 427 3693 νοντος
465 3630 761 3702 χρῄζοντος
802 3635 1100 3705 χορηγίας;
1140 3635 1265 3698 Πῶς
1293 3635 1350 3690 δὲ
1390 3635 1515 3706 οὐχὶ
1544 3636 1765 3699 πάντως
1794 3640 1823 3691 6

259 3717 385 3787 πρὸς
413 3721 583 3791 μόνην
626 3722 933 3795 μαρτυρίαν
960 3726 1344 3795 ’παραληφθεὶς
1374 3726 1470 3779 καὶ⁵
1497 3725 1656 3781 τοῦτο
1683 3710 1822 3798 ἔχων

260 3807 483 3963 gitana,
515 3815 911 3885 παραχωρήσει
946 3816 1007 3870 τὸ
1041 3816 1229 3887 μεῖζον
1260 3817 1346 3871 ἀεὶ
1381 3817 1458 3889 τῷ
1487 3819 1554 3873 δι’
1583 3820 1641 3873 ὃν
1675 3822 1821 3875 ἐστιν

316 3914 348 3951 α
373 3916 559 3963 ρετοςς

316 3898 523 3971 ἀερετος
541 3920 559 3970 ;

932 4107 1137 4162 AAAO.

335 4211 751 4287 ’Δναλεγόμενός
780 4233 909 4271 ποτε
932 4220 1044 4282 τοῖς
1080 4218 1350 4284 Ἰουδαίοις
1390 4220 1590 4290 ἔφησεν
1626 4224 1654 4278 6
1688 4226 1821 4297 Xpt-

260 4301 404 4365 στάς·
440 4324 458 4358 ι
509 4307 700 4376 Ὑμεῖς
723 4308 1098 4361 ἀπεστάλκατε
1121 4309 1257 4379 πρὸς
1280 4303 1572 4382 Ἰωάννην,
1608 4313 1701 4366 καὶ
1724 4332 1820 4385 με·

1931 1848 2192 1918 Baptista,
2221 1856 2279 1902 ut
2302 1848 2395 1918 qui
2422 1849 2663 1903 nondum
2687 1846 3081 1918 majoritatem,
3111 1857 3170 1904 ut
3204 1848 3284 1905 ita
3314 1849 3518 1919 dicam,

1926 1940 2041 1994 sive
2070 1939 2446 1995 excellentiam
2482 1955 2633 1995 suam
2663 1939 2879 1995 Christo
2907 1939 3140 1997 cesserit
3169 1982 3187 2009 ,
3246 1955 3510 1997 cessurus

1925 2045 2047 2086 eam
2079 2030 2131 2086 in
2163 2030 2347 2087 futuro
2381 2032 2608 2094 saculo.
2635 2040 2693 2086 ut
2726 2031 2975 2087 nonnulli
3004 2032 3321 2103 opinantur.
3354 2031 3520 2103 Atqui

1928 2124 2043 2194 ipse
2067 2139 2126 2180 se
2160 2133 2434 2180 terrenum
2474 2139 2600 2181 esse
2630 2125 2729 2190 ait,
2761 2138 2939 2194 neque
2964 2139 3121 2179 suam
3146 2125 3519 2185 conditionem

1928 2216 2160 2287 ignorat.
2198 2215 2369 2288 Major
2396 2218 2579 2289 itaque
2604 2226 2685 2273 est
2717 2217 2991 2282 Christus,
3017 2232 3125 2272 non
3166 2217 3217 2272 id
3250 2218 3512 2289 aliquan-

1926 2308 1997 2363 do
2027 2308 2268 2375 l’uturus,
2300 2310 2395 2364 sed
2430 2324 2646 2379 semper
2680 2309 2952 2379 superior,
2988 2316 3049 2363 ut
3080 2309 3223 2365 Deus
3252 2325 3322 2365 ex
3358 2311 3471 2366 Deo
3498 2324 3513 2363 :

1929 2400 2033 2456 hoc
2059 2401 2205 2456 enim
2238 2400 2519 2471 signiﬁcat
2548 2401 2704 2467 illud,
2740 2405 2757 2453 ἆ
2795 2400 2907 2472 Ego
2937 2415 3005 2456 ex
3026 2402 3284 2472 supernis
3308 2417 3454 2459 sum.
3488 2420 3513 2458 ι

2603 2512 2837 2571 ALIUD.

1997 2628 2197 2685 Beatus
2276 2628 2611 2699 evangelista
2695 2629 2936 2687 Joannes
3007 2630 3334 2700 dignitatem
3395 2644 3519 2700 quae

1918 2720 2065 2775 Filio
2098 2720 2420 2775 naturaliter
2446 2721 2607 2786 inest,
2660 2730 2851 2790 aperte
2885 2721 3188 2790 explicans,
3244 2720 3405 2791 100
3459 2729 3516 2775 et

1932 2813 2161 2869 Joannis
2190 2813 2555 2868 conditionem
2583 2822 2641 2869 ut
2668 2814 2817 2868 servi
2839 2813 3018 2869 ﬁdelis
3056 2814 3397 2891 describens,
3441 2815 3521 2869 ita

1925 2904 2041 2957 ait:
2080 2922 2103 2955 ἰ
2132 2903 2270 2957 Erat
2318 2904 2481 2958 homo
2522 2905 2725 2959 missus
2766 2918 2798 2959 a
2833 2905 2963 2970 Deo,
3013 2904 3103 2960 cui
3153 2918 3352 2960 nomen
3398 2917 3521 2962 erat

1922 2990 2168 3048 Joannes
2202 3009 2221 3048 :
2250 2993 2340 3047 hic
2370 2994 2518 3048 venit
2573 2994 2629 3048 in
2690 2994 3061 3048 testimonium
3091 3036 3106 3061 ,
3159 3004 3219 3049 ut
3273 2995 3521 3050 testimo-

1926 3082 2073 3138 nium
2102 3082 2414 3154 perhiberet
2439 3084 2507 3139 de
2536 3080 2763 3147 lumine,
2790 3089 2849 3134 ut
2872 3096 3067 3139 omnes
3088 3082 3381 3137 crederent
3412 3096 3512 3152 per

1927 3176 2124 3246 ipsum.
2171 3177 2301 3230 Erat
2326 3176 2416 3231 lux
2443 3188 2573 3229 vera
2604 3189 2724 3245 quae
2755 3173 3026 3229 illuminat
3068 3188 3287 3230 omnem
3333 3174 3517 3230 homi-

1926 3283 2049 3322 nem
2086 3269 2390 3323 venientem
2433 3267 2487 3321 in
2535 3268 2677 3322 hunc
2708 3268 2991 3334 piundum
3039 3266 3109 3322 ⁵⁸.
3154 3284 3174 3319 ι
3205 3266 3324 3334 Quo
3354 3276 3519 3338 pacto

1924 3357 2091 3426 igitur
2121 3358 2538 3427 promovebitur
2585 3357 2837 3414 Christus
2871 3354 3069 3412 Joanni
3114 3367 3465 3427 comparatus
3495 3358 3519 3411 ?

1922 3450 2032 3505 Aut
2062 3453 2333 3520 quomodo
2391 3465 2501 3506 non
2558 3464 2775 3519 semper
2832 3448 3011 3519 major
3052 3448 3516 3519 praestantiorque

1920 3546 2033 3601 erit
2070 3545 2164 3615 qui
2212 3545 2519 3601 illuminare
2559 3545 2710 3600 novit
2754 3553 2813 3600 et
2855 3553 3038 3615 potest
3079 3558 3144 3599 eo
3187 3542 3278 3613 qui
3312 3542 3515 3599 illumi-

1926 3639 2149 3694 uatione
2180 3638 2431 3709 indiget?
2459 3637 2740 3705 Quomodo
2786 3650 2917 3693 vero
2949 3651 3054 3692 non
3092 3639 3313 3693 omnino
3342 3637 3387 3691 is
3416 3637 3511 3706 qui

1926 3729 2099 3785 solum
2137 3730 2203 3785 ad
2262 3728 2646 3785 testimonium
2698 3728 3094 3798 perhibendum
3132 3737 3378 3797 sumptus
3406 3737 3512 3789 est,

1923 3835 2098 3891 eaque
2153 3822 2269 3877 sola
2317 3821 2581 3893 dignitate
2643 3836 2708 3877 ac
2750 3834 2977 3876 munere
3024 3819 3299 3891 fungitur,
3354 3820 3516 3874 cedat

1922 3930 2080 3969 suam
2134 3914 2513 3969 excellentiam
2574 3914 2691 3971 sive
2757 3913 3121 3984 majoritatem
3174 3913 3247 3967 illi
3293 3921 3516 3983 propter

1922 4021 2085 4075 quem
2129 4005 2337 4062 electus
2368 4006 2490 4077 est?

2598 4115 2833 4175 ALIUD.

1992 4228 2243 4283 Christus
2268 4242 2389 4283 cum
2448 4226 2650 4282 Iudaeis
2702 4228 3018 4292 disserens,
3069 4226 3142 4280 ita
3196 4226 3399 4280 alicubi
3434 4224 3509 4279 in—

1918 4320 2074 4387 quit:
2109 4336 2128 4370 ι
2164 4316 2274 4373 Vos
2327 4318 2553 4371 misistis
2586 4317 2651 4370 ad
2700 4315 2987 4380 Joannem,
3038 4324 3092 4371 et
3131 4315 3220 4370 ille
3262 4316 3511 4371 testimo-

266 4396 568 4469 μαρτύρηκε
601 4400 668 4469 τῇ
701 4397 946 4469 ἀληθείᾳ.
1000 4398 1140 4467 Ἐγὼ
1166 4398 1221 4453 δὲ
1260 4400 1319 4453 οὐ
1356 4402 1504 4473 παρά
1530 4404 1816 4475 ἀνθρώπου

1931 4415 2068 4466 nium
2104 4410 2380 4480 perhibuit
2417 4410 2657 4463 veritati.
2686 4408 2800 4478 Ego
2825 4418 3006 4463 autem
3042 4422 3148 4461 non
3185 4408 3253 4463 ab
3284 4406 3507 4463 bominu

264 4484 352 4554 τὴν
373 4489 671 4559 μαρτυρίαν
702 4488 983 4558 λαμϐάνω.
1027 4508 1048 4542 ι
1094 4490 1234 4543 Ἀλλ’
1262 4490 1417 4563 εἴπερ
1452 4494 1567 4547 ἐστι
1598 4497 1692 4548 καὶ
1718 4497 1817 4567 τῆς

1931 4502 2297 4556 testimonium
2326 4500 2537 4569 accipio
2559 4500 2626 4553 ⁵¹.
2653 4518 2671 4551 ι
2697 4501 2859 4569 Atqui
2884 4515 2927 4554 sn
2954 4500 3260 4554 testimonio
3281 4500 3508 4556 Joannis

277 4574 502 4632 Ἰωάννου
569 4579 877 4650 μαρτυρίας
922 4580 1185 4650 κρείττων
1233 4582 1262 4635 6
1311 4582 1520 4653 Σωτὴρ,
1561 4585 1661 4638 οὐκ
1708 4586 1817 4657 ἄρα

266 4661 384 4731 (σος,
408 4668 541 4723 ἀλλά
570 4670 768 4740 μείζων
787 4671 874 4724 ἀεὶ
900 4672 990 4725 καὶ
1009 4671 1448 4745 ἀξιολογώτερος.
1481 4676 1540 4728 'U
1564 4675 1621 4736 δὲ
1644 4677 1815 4743 οὕτως

266 4750 388 4823 ἔχων
421 4762 510 4812 ποῖ
546 4777 677 4813 ποτε
732 4761 840 4832 ἄρα
884 4760 1238 4832 προόήσεται,
1272 4764 1307 4833 ἢ
1342 4764 1485 4835 πρὸς
1534 4768 1685 4819 ποῖον
1731 4768 1813 4822 ἐτι

269 4844 429 4911 μεῖζον
454 4850 786 4922 ἀναϐήσεται
810 4868 824 4916 ;

921 4963 1127 5018 ΔΛΛΟ.

336 5065 390 5121 '0
437 5073 702 5145 μακάριος
747 5073 1019 5144 Ζαχαρίας
1062 5074 1091 5125 6
1131 5071 1225 5125 τοῦ
1275 5074 1430 5142 ἁγίου
1475 5075 1809 5146 Βαπτιστοῦ,

269 5158 390 5213 κατά
419 5163 593 5236 σάρκα
644 5164 846 5236 πατὴρ,
875 5165 963 5218 ὅτε
1008 5165 1107 5235 τὴν
1147 5165 1287 5236 ὑπὲρ
1328 5166 1492 5220 αὑτοῦ
1536 5171 1810 5240 προσῆγεν

270 5247 591 5324 ιὺχαριστίαν
642 5258 760 5320 ταῖς
823 5259 886 5309 ἐκ
956 5256 1291 5327 προφητείας
1356 5258 1811 5331 ἀναμεμιγμένην

271 5346 471 5409 φωναῖς,
498 5347 875 5417 ἀπεφθέγγετο
894 5364 908 5379 ·
938 5367 957 5400 ι
992 5350 1105 5403 Καὶ
1144 5348 1232 5416 σὺ,
1265 5350 1495 5414 παιδίον,
1526 5354 1812 5423 προφήτης

272 5429 465 5499 ὑψίστου
504 5438 788 5511 κληθήσῃ·
836 5440 1186 5512 προπορεύσῃ
1224 5440 1333 5512 γὰρ
1380 5442 1486 5514 πρὸ
1517 5443 1810 5514 προσώπου

274 5514 451 5590 Κυρίου
493 5530 779 5601 ἑτοιμάσαι
823 5530 968 5602 αὑτῷ
1014 5531 1141 5585 λαὸν
1201 5533 1727 5604 κατεσκευασμένον.
1786 5552 1805 5585 ›

1920 4592 2171 4661 superior
2200 4600 2283 4645 est
2309 4590 2593 4653 Servator,
2625 4604 2730 4643 non
2756 4589 2923 4657 igitur
2946 4588 3195 4659 aequalis,
3216 4590 3311 4645 sed
3330 4590 3509 4659 major

1916 4697 2134 4752 semper
2154 4690 2210 4737 et
2233 4682 2465 4748 dignior.
2497 4680 2597 4747 Qui
2632 4695 2760 4735 vero
2794 4680 2868 4734 ila
2908 4696 2967 4734 se
2993 4680 3176 4746 habet,
3208 4695 3318 4749 quo
3343 4692 3505 4749 pacto

1915 4773 2349 4843 proniovehitur,
2374 4780 2465 4825 aut
2493 4772 2559 4826 ad
2589 4771 2751 4842 quale
2787 4772 2963 4841 majus
2991 4771 3297 4827 evehetur?

2603 4955 2834 5019 ALIUD.

1990 5081 2189 5137 Beatus
2239 5077 2575 5145 Zacharias,
2634 5078 2808 5133 sancti
2876 5075 3133 5145 Baptista:
3194 5076 3491 5131 secundum

1919 5188 2139 5228 carnem
2177 5180 2350 5241 pater,
2380 5184 2503 5225 cum
2528 5171 2827 5239 gratiarum
2873 5168 3141 5223 actionem
3168 5181 3266 5237 pro
3310 5182 3375 5221 eo
3420 5166 3501 5220 of-

1925 5264 2119 5327 ferret,
2176 5262 2442 5331 ejusmodi
2472 5274 2658 5317 vocem
2695 5260 3011 5330 prophetico
3039 5258 3233 5328 spiritu
3284 5259 3498 5328 plenam

1917 5357 2087 5410 edidit
2122 5373 2135 5409 :
2174 5374 2193 5405 ι
2226 5355 2292 5409 Ει
2321 5364 2399 5418 ιιι,
2422 5368 2577 5422 puer,
2605 5353 2866 5423 propheta
2881 5350 3146 5406 Altissimi
3174 5350 3457 5405 vocaberis
3483 5369 3496 5401 :

1921 5446 2138 5515 praeibis
2166 5446 2310 5499 enim
2350 5452 2477 5498 ante
2510 5444 2708 5499 faciem
2760 5442 2973 5497 Domini
3010 5441 3077 5495 ad
3115 5442 3416 5509 parandum
3451 5440 3498 5493 ei

1918 5537 2174 5607 populum
2207 5538 2532 5591 instructum
2554 5536 2623 5591 ⁸².
2659 5554 2677 5588 ι
2724 5536 2843 5605 ipse
2887 5534 3053 5590 etiam
3096 5548 3127 5588 a
3170 5530 3371 5589 Judais
3414 5531 3491 5585 in-

336 5725 371 5757 “
393 5727 534 5787 ioan.
562 5748 685 5802 vni,
705 5733 794 5791 ‘25.
870 5736 916 5769 ³ο
940 5734 1095 5792 Joan.
1138 5753 1179 5802 ι,
1209 5737 1263 5793 6-
1284 5737 1336 5794 9.
1412 5739 1455 5772 "
1486 5739 1640 5796 Joan.
1670 5754 1720 5806 ν,
1746 5740 1816 5795 ‘55

1931 5778 1952 5795 ν.
2029 5741 2074 5773 ⁸³
2108 5741 2239 5798 Luc.
2274 5757 2314 5810 ι,
2343 5741 2429 5795 76.
