4012 6338
502 400 601 458 1θῖ

1517 380 1575 436 S.
1612 373 1901 435 οιιιιιιι
1930 366 2399 427 ALEXANDle
2436 360 2759 422 ARCHIEP.

3632 352 3731 407 168

498 513 801 579 terrogatus
827 503 1286 574 quisnam-esset:
1333 516 1352 551 ι
1404 498 1537 570 Ego,
1568 497 1770 568 inquit,
1794 508 1913 551 sum
1955 507 2057 549 vos

2180 489 2268 544 [αἱ
2299 488 2463 551 αὐτὸς
2495 486 2552 541 δέ
2591 501 2697 539 που
2722 479 2874 552 παρὰ
2899 476 3008 533 τῶν
3051 475 3318 531 Ἰουδαίων
3348 472 3410 526 τδ
3441 473 3524 538 τίς
3552 471 3619 527 ἂν
3645 474 3733 544 εἴη

497 598 777 657 clamantis
803 597 856 669 in
878 595 1097 651 deserto
1124 610 1140 649 :
1176 592 1486 666 Prmparate
1511 588 1653 643 viam
1684 584 1904 641 Domini
1935 583 2006 638 ⁸³.
2039 600 2058 635 ι

498 689 669 746 Dicite
699 686 863 757 igitur
892 682 1048 745 nobis
1076 682 1169 751 qui
1192 680 1439 749 imperite
1468 677 1749 734 Christum
1776 674 2065 745 aliquando

503 769 927 848 promoveudum
1000 772 1342 845 opinamini,
1405 778 1465 825 et
1523 766 1750 824 Joannis
1810 766 2063 820 virtutem

497 871 717 925 vixdum
744 870 798 923 in
836 852 1243 924 luturo'saiculo
1273 870 1673 932 superaturum,
1703 860 1917 929 quando
1941 870 2067 927 pro-

500 962 662 1027 pheta
686 958 943 1015 Altissimi
975 971 1096 1012 non
1112 954 1311 1011 merito
1338 954 1517 1009 minor
1543 952 1754 1008 censui
1783 947 2069 1005 debuerit?

499 1050 725 1117 Quaado
775 1062 907 1103 vero
954 1061 1132 1117 praeco
1191 1054 1247 1101 et
1293 1041 1882 1115 pmcurwr,quiqus
1921 1036 2065 1093 servi

500 1139 674 1195 «ﬁcio
700 1139 960 1208 fungitur,
1001 1134 1225 1205 aequalis
1247 1135 1515 1190 habeatur
1547 1133 1596 1188 ei
1619 1132 1714 1202 qui
1742 1128 2067 1185 naturaliter

506 1231 775 1285 Dominus-
816 1227 932 1284 est!
984 1226 1155 1294 Quam
1196 1226 1411 1297 quidem
1469 1239 1580 1280 rem
1632 1223 1890 1279 omnibus
1936 1219 2069 1275 satis

504 1321 773 1390 cognitam
802 1332 923 1374 esse
961 1317 1218 1371 arbitror.
1246 1316 1524 1382 Quomodo
1547 1314 1713 1382 igitur
1735 1312 1825 1384 qui
1856 1323 2070 1379 semper

507 1411 677 1481 major
709 1408 832 1476 fuit,
874 1406 1519 1477 temporum'evolutionc
1554 1404 1672 1460 talis
1697 1403 1805 1469 llet,
1845 1401 1890 1457 si
1914 1399 2071 1456 Chri-

506 1510 622 1555 stus
677 1507 930 1567 tanquam
987 1497 1207 1553 luturus‘
1237 1494 1413 1564 major
1459 1492 1665 1550 Joanne
1710 1494 1949 1563 Baptista
2000 1494 2069 1547 ita

507 1592 582 1645 ait
634 1604 649 1646 :
707 1608 726 1641 ι
776 1588 950 1644 liuor
1008 1587 1063 1642 in
1142 1600 1310 1656 regno
1368 1584 1627 1643 calorum
1708 1587 1883 1657 major
1955 1584 2071 1654 ipso

506 1679 613 1735 erit
644 1677 731 1732 "7
768 1696 787 1731 s

2163 577 2566 650 διερωτώμενος
2586 592 2600 606 '
2637 592 2657 625 ι
2706 570 2847 637 Ἐγὼ
2873 567 3024 640 φωνὴ
3058 566 3287 637 βοιῖθντος
3327 566 3385 619 δν
3412 565 3478 634 τῇ
3520 562 3735 633 δρήμφί

2164 670 2360 740 φησίν·
2423 664 2777 735 Ἑτοιμάσατε
2804 662 2905 731 τὴν
2935 658 3052 713 όδδν
3079 656 3305 727 Κυρίου.
3341 672 3360 706 ι
3394 653 3595 725 Λέγετε
3625 651 3736 704 τοί-

2163 777 2259 835 νυν
2296 760 2427 830 ἡμῖν
2454 759 2505 811 οἶ
2540 752 2946 826 προδεδλῆσθαί
2978 767 3110 804 ποτε
3143 748 3234 801 τὸν
3272 746 3507 818 Χριστὸν
3537 742 3629 797 επὶ
3672 740 3738 795 τὸ

2168 832 2352 921 μεῖζον
2396 846 2620 919 ἀμαθῶς
2648 843 3067 905 ὑποπτεύοντες,
3116 839 3211 893 καὶ
3253 838 3315 891 τὸ
3357 837 3600 891 Ἰωάννου
3636 832 3738 903 μέ-

2164 958 2294 1012 τρον
2326 937 2710 1010 ὑπεραλεῖσθαι
2743 936 2897 1007 μόλις
2928 937 2987 987 ὲν
3026 935 3090 1004 τῇ
3138 929 3383 1001 βασιλείᾳ
3420 927 3531 981 τῶν
3567 926 3737 995 οὐρα-

2166 1034 2293 1097 νῶν,
2340 1032 2470 1085 πότε
2500 1029 2594 1083 τοῦ
2644 1027 2900 1097 Ὑψίστου
2949 1024 3233 1096 προφήτης
3268 1022 3367 1075 οὐκ
3406 1019 3471 1074 ἀν
3502 1018 3740 1072 ἐλάττων

2167 1125 2340 1177 νοοῖτο
2360 1122 2585 1184 δικαίως
2607 1138 2622 1185 ;
2655 1120 2795 1174 Πότε
2813 1119 2872 1172 δὲ
2917 1119 2946 1171 ό
2970 1114 3145 1189 κήρυξ
3172 1113 3265 1169 καὶ⁵
3292 1112 3594 1183 πρόδρομος
3638 1107 3739 1162 καὶ

2166 1211 2266 1283 τὴν
2290 1212 2477 1283 οἰκέτῃ
2516 1208 2833 1281 πρέπουσαν
2866 1205 3136 1260 διακονίαν
3180 1200 3530 1273 ἀποπληρῶν,
3565 1200 3643 1261 είς
3674 1198 3739 1250 τὸ

2170 1305 2283 1357 ῐσον
2314 1302 2589 1358 ἀναϐαίνει
2620 1302 2814 1372 μέτρον
2843 1298 2920 1369 τῷ
2950 1297 3090 1352 κατά
3116 1295 3276 1365 φύσιν
3308 1292 3530 1365 Κυρίῳς
3572 1288 3736 1352 Ἀλλ’,

2167 1390 2342 1466 οἶμαι,
2388 1393 2555 1447 πᾶσίν
2594 1393 2742 1445 ἐστιν
2769 1393 2799 1445 ό
2842 1391 2997 1459 λόγος
3039 1386 3385 1448 εὐσύνοπτος.
3428 1382 3553 1446 Πῶς
3586 1376 3679 1435 οῦν
3710 1379 3740 1431 ὁ

2172 1487 2373 1559 μείζων
2398 1486 2506 1550 ἀεὶ,
2534 1482 2691 1537 τοῦτο
2711 1481 2862 1535 ἔσται
2896 1479 3035 1534 κατά
3059 1478 3301 1549 καιροὺς,
3323 1474 3481 1546 εῐπερ
3513 1473 3588 1536 ὡς
3614 1470 3739 1525 ἐσό-

2171 1594 2335 1650 μενος
2365 1574 2566 1648 μείζων
2621 1574 2866 1627 Ἰωάννου
2909 1570 3162 1643 Χριστὸς,
3206 1587 3227 1621 ι
3289 1568 3349 1621 ὐ
3394 1564 3737 1639 μικρότερος,

2171 1672 2353 1742 φησὶν,
2397 1670 2458 1723 έν
2497 1670 2563 1739 τῇ
2605 1664 2849 1737 βασιλείᾳ
2888 1662 2999 1717 τῶν
3031 1660 3297 1735 οὐρανῶν,
3331 1657 3529 1731 μείζων
3572 1654 3738 1711 αὐτοῦ

2173 1765 2321 1817 ἔστιν
2344 1779 2360 1829 ;
2403 1780 2421 1814 ι

496 1872 611 1936 Ρὶι
651 1876 809 1933 totius
845 1876 1035 1944 capitis
1091 1874 1394 1943 explicatio,
1447 1888 1657 1944 sensum
1701 1874 1808 1928 sive
1852 1885 2067 1940 scopum

2182 1858 2784 1944 Ἐξήγησιςεὺσεᾶὴς
2823 1866 3107 1944 ὅᾼουτοῦ
3139 1863 3490 1944 κεφαὶιαίου,
3526 1859 3633 1939 τόν
3666 1857 3741 1911 ἐν

858 1942 1005 2000 illius
1037 1942 1163 1998 dicti
1195 1953 1441 1998 accurate
1464 1942 1759 1997 declarans.

579 2058 716 2113 Cum
762 2056 873 2125 jam
925 2054 1060 2111 satis
1111 2068 1210 2121 pro
1262 2066 1380 2107 meo
1427 2052 1740 2115 intellectu,
1784 2050 2071 2121 proposita

512 2146 829 2219 quaestionis
850 2144 1116 2199 rationem
1136 2141 1594 2212 investigaverim,
1626 2140 1780 2209 ιοι
1811 2140 2074 2210 singulas-

510 2250 616 2305 que
646 2234 771 2305 ejus
798 2244 978 2305 partes
998 2240 1257 2286 accurate
1304 2231 1682 2299 pertractarim
1712 2268 1727 2294 ,
1773 2237 1829 2284 et
1877 2231 2075 2283 adver-

510 2326 777 2381 sariorum
822 2322 1105 2393 opiniones
1151 2330 1209 2374 ut
1248 2320 1414 2374 falsas
1454 2318 1733 2373 relutarim
1759 2358 1775 2384 ,
1828 2328 2075 2387 superest

513 2426 573 2471 ut
636 2429 822 2469 verum
884 2411 1044 2480 hujus
1100 2411 1227 2465 dicti
1274 2425 1491 2465 sensum
1540 2408 1823 2479 explicem.
1892 2407 2076 2481 Neque

511 2509 657 2563 enim
691 2506 928 2561 arbitror
957 2503 1203 2559 suiﬁcere
1227 2543 1242 2567 ,
1291 2512 1352 2556 ut
1381 2514 1474 2557 eos
1505 2502 1596 2571 qui
1646 2501 1785 2555 male
1834 2500 2077 2556 sentiunt

514 2603 836 2671 (statuentes
892 2596 1146 2651 nimirum
1204 2594 1478 2649 Christum
1538 2593 1768 2661 quodam
1833 2600 2077 2662 tempore

518 2690 777 2758 majorem
805 2684 1014 2741 Joanne
1049 2682 1336 2751 futurum),
1363 2683 1821 2753 reprehendamus
1843 2721 1859 2747 ,
1890 2695 2075 2735 verum

516 2776 679 2830 etiam
704 2771 1065 2829 necessarium
1089 2785 1222 2824 esse
1277 2780 1355 2836 ut,
1392 2770 1552 2824 allata
1583 2771 1637 2824 in
1680 2769 1915 2824 medium
1948 2782 2076 2823 vera

514 2866 803 2932 sententia,
833 2862 1161 2931 intelligatur
1209 2876 1315 2917 non
1359 2870 1561 2916 temere
1592 2875 1690 2915 nos
1736 2861 1803 2915 ad
1846 2873 1940 2916 eos
1992 2875 2078 2915 rc-

516 2956 926 3028 prehendendos
982 2951 1297 3007 accessisse.
1371 2951 1483 3020 Age
1529 2949 1690 3020 igitur
1738 2958 1898 3004 totam
1962 2964 2076 3005 rem

517 3048 694 3103 denuo
721 3045 1031 3108 recitemus,
1082 3050 1351 3097 eteorum
1410 3054 1533 3109 qua:
1591 3054 1619 3093 a
1666 3038 1883 3094 Christo
1936 3039 2078 3093 dicta

516 3146 643 3196 sunt
664 3151 881 3193 causam
904 3134 1141 3190 breviter
1171 3138 1514 3188 recensentes
1540 3169 1557 3196 ,
1605 3128 1895 3185 doceamus
1927 3129 2079 3183 audi-

521 3234 704 3297 tores,
764 3230 1016 3301 quisnam
1064 3226 1137 3281 sit
1163 3224 1319 3295 hujus
1376 3223 1502 3279 dicti
1548 3237 1760 3292 scopus.
1815 3220 2075 3287 Quocirca
2106 3213 2147 3271 C

521 3326 667 3393 (nam
696 3323 820 3377 inde
839 3320 1050 3375 initium
1076 3317 1367 3380 faciemus,
1385 3330 1507 3371 cum
1526 3314 1578 3369 in
1605 3329 1825 3369 carcere
1846 3312 2081 3369 Joannes

523 3410 782 3467 miracula
809 3408 1012 3466 Christi
1053 3406 1389 3469 audivisset,
1438 3403 1617 3459 missis
1669 3402 1878 3457 duobus
1918 3401 2081 3456 disci-

522 3501 661 3569 pulis
689 3501 800 3557 suis
842 3498 981 3554 dixit
1028 3498 1071 3553 ei
1108 3512 1121 3545 :
1160 3515 1181 3548 ι
1222 3494 1304 3551 'l'u
1357 3510 1418 3549 es
1463 3494 1554 3564 qui
1610 3501 1867 3549 venturus
1892 3506 1972 3560 es,
2010 3507 2079 3546 an

530 3594 692 3648 alium
728 3588 1143 3661 exspectamus?
1175 3606 1194 3639 ι
1227 3586 1307 3641 Ad
1342 3587 1444 3641 hoc
1479 3584 1727 3640 Christus
1759 3584 2032 3653 respondit
2062 3600 2076 3636 :

527 3705 548 3738 ι
577 3685 775 3739 Euntes
807 3684 968 3737 dicite
994 3679 1185 3735 Joanni
1216 3694 1334 3751 qua:
1366 3677 1593 3733 audistis
1615 3685 1671 3732 et
1692 3676 1904 3731 vidistis
1948 3677 2014 3741 ",
2053 3693 2073 3727 ι

523 3784 577 3829 et
609 3775 868 3845 praeclara
906 3770 1161 3826 miracula
1190 3770 1284 3825 abs
1314 3783 1374 3823 se
1416 3767 1559 3823 edita
1588 3776 1891 3822 enumerat.
1947 3767 2081 3821 Cum

523 3880 654 3920 vero
680 3862 923 3933 discipuli
969 3862 1035 3916 ad
1070 3859 1333 3914 Joannem
1384 3857 1692 3933 rediissem,
1730 3857 1978 3912 Christus
2008 3858 2081 3911 ita

527 3957 595 4010 ad
642 3930 1022 4011 circumfusam
1075 3950 1383 4005 Judaaorum
1444 3930 1655 4003 titrbam
1702 3948 1912 4003 locutus
1955 3960 2081 4003 est:

533 4065 554 4099 ι
592 4046 728 4112 Quid
792 4042 981 4099 existis
1031 4044 1083 4097 in
1146 4042 1419 4096 desertum
1471 4039 1653 4095 videre
1685 4078 1701 4105 ,
1764 4040 2084 4094 arundinem

470 4140 473 4143 ’
526 4148 689 4193 vento
724 4135 1020 4207 agitatam?
1051 4149 1118 4187 an
1150 4133 1423 4187 hominem
1457 4131 1707 4187 mollibus
1748 4131 2087 4186 vestimentis

528 4230 769 4284 indutum
794 4226 816 4279 ?
838 4242 904 4280 an
930 4223 1285 4295 prophetam?
1331 4232 1478 4278 certe
1519 4222 1643 4277 dico
1672 4222 1822 4277 vobis
1879 4230 1933 4277 et
1964 4221 2086 4291 plus

530 4334 688 4389 quam
732 4318 1072 4386 praphetam.
1110 4310 1391 4370 llic‘enim
1441 4322 1523 4369 est
1573 4314 1640 4370 de
1687 4328 1793 4383 quo
1826 4316 2085 4384 scriptum

529 4421 613 4466 cst
642 4424 657 4463 :
692 4409 831 4463 Ecce
862 4422 960 4475 ego
995 4406 1199 4459 mittam
1231 4404 1475 4473 angelum
1516 4419 1692 4459 meum
1724 4415 1852 4460 ante
1892 4405 2085 4460 faciem

534 4514 702 4567 tuam,
762 4502 852 4570 qui
911 4498 1235 4569 praeparabit
1282 4498 1421 4552 viam
1482 4508 1624 4551 tuam
1675 4506 1799 4550 ante
1851 4506 1901 4550 te
1930 4496 1993 4549 ”.
2064 4514 2084 4547 ι

534 4594 734 4649 Deinde
766 4593 912 4647 addit
942 4591 994 4645 id
1026 4590 1165 4660 quod
1191 4591 1555 4658 interrogatur
1582 4605 1595 4641 :
1630 4606 1650 4640 ι
1684 4590 1851 4643 Amen
1872 4627 1887 4653 ,
1931 4603 2087 4644 amen

532 4688 655 4742 dico
712 4684 884 4748 vobis,
932 4696 1036 4737 non
1081 4682 1316 4736 surrexit
1371 4682 1513 4736 inter
1554 4691 1709 4737 natos
1749 4680 2033 4736 mulierum
2073 4719 2088 4745 ,

533 4778 703 4847 major
734 4774 940 4830 Joanne
969 4773 1236 4842 Baptista,
1290 4776 1381 4827 sed
1420 4774 1595 4827 minor
1627 4774 1680 4827 in
1718 4787 1885 4843 regno
1925 4776 2091 4828 caelo-

534 4885 650 4924 rum
688 4867 853 4935 major
892 4868 1005 4934 ipso
1034 4874 1118 4919 cst
1158 4864 1228 4917 ⁸⁷.
1265 4883 1284 4915 ι
1332 4864 1517 4935 Neque
1546 4865 1633 4918 hic
1686 4864 1848 4919 linem
1893 4865 2089 4920 verbo-

536 4978 649 5015 rum
682 4958 833 5013 fecit.
867 4958 1026 5011 Addit
1055 4956 1198 5011 enim
1236 4957 1417 5010 statim
1456 4972 1471 5011 :
1511 4974 1529 5007 ι
1586 4956 1630 5009 Α
1676 4956 1868 5012 diebus
1910 4967 2086 5011 autem

538 5051 756 5107 Joannis
784 5064 953 5118 usque
986 5064 1131 5102 nunc
1154 5062 1375 5117 regnum
1412 5046 1669 5100 cmlorum
1716 5049 1821 5102 vim
1868 5049 2089 5117 patitur,

535 5150 589 5194 ct
619 5140 840 5194 violenti
866 5139 1077 5208 rapiunt
1107 5137 1235 5191 illud
1263 5138 1335 5190 ⁸³.
1363 5156 1382 5188 ι
1414 5137 1590 5206 Atque
1633 5138 1747 5193 lucc
1768 5140 1986 5209 quidem
2012 5150 2094 5194 est

539 5233 701 5288 totius
730 5231 923 5299 capitis
953 5245 1182 5285 summa.
1215 5229 1366 5285 Nunc
1395 5244 1524 5285 vero
1554 5241 1765 5300 oportet
1797 5241 1855 5287 ut
1880 5233 2087 5303 singula

537 5324 916 5391 percurrehtes
959 5320 1225 5384 dicamus,
1273 5334 1431 5384 quam
1482 5320 1551 5375 ob
1607 5334 1822 5391 causam
1858 5320 2093 5379 Joannes

536 5412 775 5481 Baptista
810 5412 863 5465 in
895 5425 1166 5465 carcerem
1198 5410 1476 5480 conjectus
1507 5410 1709 5478 luerit;
1743 5387 2093 5480 qeamobrcm

538 5504 700 5557 etiam
757 5516 854 5571 per
888 5499 1179 5571 discipulos
1214 5514 1341 5555 suos
1388 5500 1659 5557 Christum
1711 5502 2089 5571 interrOgarit,

541 5604 717 5649 utrum
750 5594 862 5663 ipse
888 5594 1106 5648 omnino
1142 5600 1286 5649 esset
1307 5593 1397 5663 qui
1430 5602 1688 5649 venturus
1713 5603 1868 5660 erat;
1902 5594 2095 5649 deinde

2239 1928 2665 2012 ἕῶᾎὲωρήματι
2693 1928 2931 1995 σκοπὸν
2952 1928 3399 2009 ἀπογυμῦοῦσα
3426 1928 3664 2002 τορτῶς.

2256 2055 2658 2129 Ἔξαρκούντως
2684 2054 2786 2126 ήδη
2812 2052 2954 2107 κατά
2980 2067 3045 2121 γε
3076 2050 3168 2103 τὸν
3202 2048 3467 2120 ἡμέτερον
3488 2042 3613 2097 νοῦν
3646 2041 3742 2095 τὸν

2173 2148 2231 2201 ὲν
2259 2149 2370 2223 τοῖς
2392 2144 2719 2216 προλαϐοῦσι
2746 2141 3133 2214 βασανίσαντες
3151 2138 3327 2207 λόγον,
3354 2135 3448 2191 καὶ
3476 2135 3585 2190 τῶν
3607 2133 3743 2187 θεω-

2177 2239 2434 2311 ρημάτων
2465 2237 2691 2291 ἕκαστον
2722 2234 2861 2306 μετὰ
2894 2234 2994 2303 τῆς
3030 2232 3256 2303 δεούσης
3286 2227 3570 2300 ἀκριϐείας
3606 2225 3744 2278 διευς

2173 2329 2559 2401 κρινησάμενοι
2620 2328 2798 2381 τόντε
2837 2323 2946 2378 τῶν
2974 2323 3041 2376 δι’
3083 2321 3327 2383 ἐναντίας
3374 2319 3447 2384 ὡς
3489 2318 3589 2370 οὐκ
3629 2314 3743 2384 εχοι

2175 2420 2353 2483 καλῶς
2376 2415 2748 2486 διελέγξαντες
2781 2414 3000 2475 σκοπὸν,
3031 2413 3117 2465 ἐπ’
3138 2410 3277 2465 αὐτά
3309 2408 3373 2480 δὴ
3396 2406 3581 2461 λοιπὸν
3606 2405 3743 2458 ίέναι

2176 2513 2473 2583 προσήκειν
2514 2510 2875 2580 ἐνενοήσαμεν
2914 2505 2985 2559 τά
3016 2504 3075 2569 ἐξ
3110 2502 3362 2573 ἀληθείας
3415 2497 3744 2569 θεωρήματα

2176 2605 2271 2657 καὶ
2323 2602 2420 2672 τὴν
2452 2602 2511 2654 ὲν
2542 2601 2621 2672 τῷ
2673 2597 3017 2669 παροισθέντι
3055 2593 3203 2667 ῥητῷ
3235 2590 3581 2647 διαπτύσσειν
3627 2587 3747 2640 διά-

2178 2708 2345 2747 νοιαν.
2379 2692 2453 2745 Οὐ
2480 2690 2589 2761 γὰρ
2610 2684 2762 2759 οἶμαι
2793 2688 2922 2751 δεῖν,
2954 2686 3029 2748 ὡς
3055 2684 3155 2737 οὐκ
3186 2683 3385 2754 ἄριστα
3410 2676 3609 2741 νοοῦσι,
3649 2675 3746 2746 μό-

2178 2801 2266 2838 νον
2297 2783 2553 2852 ὲπιτιμᾷν
2582 2782 2691 2843 τοῖς
2712 2780 2792 2831 ὅτι
2820 2775 3021 2849 μείζων
3051 2774 3202 2828 ἔσται
3230 2770 3463 2843 Χριστὸς
3495 2769 3743 2823 Ἰωάννου

2178 2874 2319 2928 κατά
2334 2890 2452 2925 τινα
2470 2873 2657 2942 χρόνον
2681 2869 3029 2940 διειληφόσιν,
3054 2865 3186 2919 ἀλλά
3206 2865 3298 2919 καὶ
3324 2864 3460 2933 αὐτῇ
3480 2863 3545 2932 τῇ
3569 2876 3747 2931 παρα-

2181 2968 2325 3020 θέσει
2365 2965 2475 3018 τῶν
2522 2963 2896 3035 ἁληθεστέρων
2943 2958 3159 3014 ἐννοιῶν
3211 2953 3610 3026 ἀποκρούεσθαι
3666 2948 3749 3022 τῷ

2183 3057 2257 3128 μὴ
2288 3057 2464 3110 δοκεῖν
2514 3055 2574 3106 οὐ
2617 3047 3244 3122 δεόντωςέπισκήπτειν
3272 3048 3473 3109 αὐτοῖς.
3505 3044 3639 3114 Φέρε
3680 3042 3748 3113 δὴ

2180 3142 2274 3197 οὖν
2304 3145 2388 3196 ἐπ’
2422 3142 2551 3197 αὐτὸ
2595 3142 2780 3195 λοιπὸν
2814 3140 2981 3211 ῖωμεν
3025 3139 3086 3192 τὸ
3119 3138 3473 3206 ἀνάγνωσμα,
3514 3134 3609 3187 καὶ
3639 3131 3749 3185 τῶν

2182 3231 2486 3303 εἰρημένων
2535 3231 2684 3303 παρά
2736 3229 2831 3283 τοῦ
2869 3229 3120 3300 Σωτῆρος
3172 3228 3328 3297 ἡμῶν
3366 3222 3603 3297 Χριστοῦ
3649 3222 3750 3293 τὴν

2182 3324 2360 3377 αἰτίαν
2406 3321 2981 3392 ἀνακεφαλαιούμενοι,
3030 3321 3156 3383 τοὺς
3183 3311 3579 3390 ἀκροωμένους
3606 3314 3753 3368 διδά-

2183 3431 2422 3487 σκωμεν,
2454 3416 2538 3478 τίς
2568 3414 2635 3469 ἂν
2664 3414 2747 3485 εἴη
2780 3413 2962 3467 λοιπὸν
2984 3412 3012 3464 ὀ
3047 3411 3141 3464 τοῦ
3166 3411 3323 3479 λόγου
3349 3410 3567 3473 σκοπός.
3599 3408 3749 3461 Οὐκ-

2182 3505 2295 3570 οῦν,
2344 3503 2591 3557 ὲντεῦθεν
2640 3502 2747 3571 γὰρ
2793 3501 2892 3572 ήδη
2946 3501 3042 3570 τὴν
3096 3499 3269 3570 ἀρχὴν
3324 3496 3679 3567 ποιησόμεθα,
3719 3498 3751 3549 ό

2195 3597 2446 3666 Ἰωάννης
2477 3599 2533 3649 ἒν
2580 3596 2657 3666 τῷ
2702 3586 3057 3664 δεσμωτηρίῳ
3102 3591 3338 3656 ἀκούσας
3370 3590 3437 3644 τὰ
3473 3588 3613 3661 ἔργα
3651 3586 3747 3640 τοῦ

2183 3686 2452 3757 Χριστοῦ,
2499 3682 2722 3756 πέμψας
2780 3683 2873 3737 δύο
2922 3684 3030 3735 τῶν
3079 3683 3336 3755 μαθητῶν
3391 3680 3554 3735 αὑτοῦ
3597 3676 3750 3734 εἶπεν

2184 3777 2331 3851 αὐτῷ
2349 3793 2361 3806 '
2393 3798 2409 3831 ι
2439 3778 2510 3831 Σὺ
2534 3775 2582 3830 εἷ
2610 3779 2637 3830 ὁ
2662 3777 2974 3847 ἐρχόμενος,
3001 3775 3033 3848 ἦ
3063 3775 3248 3846 ἓτερον
3276 3773 3697 3845 προσδοκῶμενς
3723 3789 3741 3822 ι

2186 3870 2328 3941 Πρὸς
2360 3868 2787 3939 ταῦταιΧριστὸς
2820 3866 3181 3936 ἀπεκρίνατο·
3222 3884 3241 3917 ι
3276 3864 3636 3936 Πορευθέντες
3668 3860 3750 3915 εἴ·

2187 3977 2325 4014 πατε
2366 3959 2587 4033 Ἰωάννῃ
2628 3958 2664 4012 ἀ
2699 3958 2967 4029 ἠκούσατε
3015 3958 3105 4011 καὶ
3133 3957 3379 4027 βλέπετε,
3439 3975 3459 4007 ι
3511 3956 3605 4010 καὶ
3651 3955 3752 4025 τὴν

2187 4050 2294 4105 τῶν
2335 4050 2576 4121 σημείων
2622 4050 2911 4117 καταλέγει
2962 4048 3383 4120 μεγαλουργίαν.
3436 4048 3651 4119 Ἐπειδὴ
3693 4048 3751 4100 δὲ

2188 4139 2325 4209 πρὸς
2360 4142 2451 4191 τδν
2499 4139 2766 4209 μακάριον
2807 4140 3116 4211 Βαπτιστὴν
3166 4138 3330 4193 πάλιν
3371 4138 3753 4211 ἀνεκομίζοντο

2188 4234 2237 4285 οἱ
2265 4232 2520 4304 μαθηταὶ,
2552 4232 2699 4301 λέγει
2728 4231 2859 4303 πρὸς
2890 4232 2985 4302 τὴν
3018 4210 3385 4303 περιεστῶσαν
3411 4210 3617 4301 πληθῦν
3644 4230 3753 4284 τῶν

2203 4323 2462 4376 Ἰουδαίων
2507 4324 2535 4375 ὁ
2571 4324 2792 4394 Σωτήρ·
2845 4342 2863 4373 ι
2896 4322 2960 4374 Τί
2989 4320 3243 4393 ἐξήλθετε
3274 4324 3353 4385 εἰς
3405 4321 3503 4392 τὴν
3547 4321 3753 4393 ἔρημον

2196 4414 2339 4479 ἰδεῖν,
2388 4412 2630 4483 κάλαμον
2680 4413 2784 4466 ὑπὸ
2836 4412 3036 4483 ἀνέμου
3087 4412 3479 4483 σαλευόμενον;
3529 4411 3644 4465 ἀλλ’
3696 4413 3753 4464 ὲν

2121 4545 2164 4599 D
2198 4504 2710 4599 μαλακοῖς-ἱματίοις
2730 4504 3011 4576 ἄνθρωπον
3031 4504 3432 4575 ὴμφιεσμένονς
3458 4502 3590 4557 ἀλλά
3616 4520 3753 4573 προ·-

2194 4598 2370 4668 φήτην
2389 4614 2413 4671 ;-,
2432 4597 2538 4649 Ναὶ
2568 4596 2709 4663 λέγω
2741 4597 2868 4665 ὑμῖν
2896 4596 2990 4648 καὶ
3026 4596 3405 4667 περισσότερον
3438 4595 3740 4666 προφήτου.

2194 4680 2361 4749 Οὗτος
2388 4686 2497 4756 γάρ
2535 4686 2648 4738 ἐστι
2678 4686 2803 4757 περ).
2825 4680 2885 4761 οὗ
2916 4686 3224 4757 γέγραπται
3244 4702 3256 4717 ·
3310 4685 3439 4738 Ἰδοὺ
3474 4684 3754 4739 ἀποστελῶ

2192 4777 2281 4831 τὸν
2310 4776 2537 4845 ἄγγελόν
2563 4794 2662 4846 μου
2684 4776 2790 4846 πρὸ
2819 4777 3109 4844 προσώπου
3136 4794 3249 4843 σου,
3277 4777 3335 4840 δς
3360 4775 3754 4829 κατασκευάσει

2192 4869 2288 4939 τὴν
2321 4869 2439 4922 ὁδόν
2472 4886 2564 4921 σου
2613 4867 2918 4939 ἔμπροσθέν
2961 4884 3075 4922 σου.
3127 4888 3147 4920 ι
3197 4865 3332 4923 Εἶτα
3382 4869 3518 4941 πρὸς
3548 4870 3755 4932 τούτοις

2194 4962 2327 5033 φησὶ
2360 4959 2716 5030 ζητούμενον·
2768 4976 2787 5009 ι
2839 4958 3029 5029 ’Δμὴν,
3082 4960 3229 5029 ἀμὴν
3263 4958 3409 5027 λέγω
3457 4959 3605 5029 ὑμῖν,
3655 4960 3757 5013 οὐκ

2194 5052 2490 5122 ἐγήγερται
2538 5053 2594 5103 ἐν
2639 5053 2914 5119 γεννητοῖς
2951 5050 3221 5119 γυναικῶν
3263 5050 3463 5121 μείζων
3512 5049 3756 5104 Ἰωάννου

2194 5141 2288 5195 τοῦ
2328 5141 2629 5196 Βαπτιστοῦ
2649 5158 2661 5171 ’
2703 5142 2732 5193 ό
2756 5141 2812 5193 δὲ
2853 5140 3170 5211 μικρότερος
3193 5142 3251 5195 ἐν
3277 5146 3342 5214 τῇ
3374 5141 3617 5214 βασιλείᾳ
3649 5140 3758 5196 τῶν

2193 5232 2459 5306 οὐρανῶν,
2490 5231 2687 5302 μείζων
2717 5232 2877 5287 αὐτοῦ
2913 5234 3050 5287 ἐστι.
3090 5251 3108 5284 ι
3148 5232 3251 5287 Καὶ
3278 5233 3335 5286 οὐ
3366 5232 3526 5304 μέχρι
3554 5233 3757 5288 τούτων

2194 5324 2222 5375 ὁ
2254 5323 2430 5391 λόγος.
2464 5322 2739 5393 Ἐπιφὲρει
2762 5321 2869 5394 γάρ
2886 5321 3079 5385 εὐθύς·
3111 5339 3131 5374 ι
3175 5321 3304 5375 Ἀπὸ
3327 5321 3384 5375 δὲ
3410 5320 3517 5374 τῶν
3537 5323 3758 5391 ἡμερῶν

2208 5414 2452 5468 Ἰωάννου
2486 5413 2579 5465 τοῦ
2621 5412 2924 5466 Βαπτιστοῦ
2975 5413 3081 5476 ἕως
3116 5413 3239 5483 ἄρτι
3281 5414 3315 5483 ἡ
3362 5411 3609 5481 βασιλεία
3651 5412 3761 5473 τῶν

2196 5504 2438 5575 οὐρανῶν
2474 5504 2737 5573 βιάζεται,
2771 5505 2865 5557 καὶ
2901 5504 3112 5573 βιασταὶ
3142 5504 3476 5575 ἁρπάζουσιν
3509 5503 3700 5573 αὐτὴν.
3735 5522 3755 5556 ι

2199 5596 2358 5649 Ὀλον
2390 5598 2446 5649 ἐν
2484 5595 2710 5663 τούτοις,
2742 5596 2816 5659 ὼς
2862 5596 2987 5659 ἔπος
3016 5596 3209 5659 εἰπεῖν,
3238 5595 3301 5648 τὺ
3343 5594 3637 5665 κεφάλαιον
3663 5594 3763 5666 τὴν

615 5746 663 5776 ⁸⁸
687 5744 817 5800 Luc.
852 5761 935 5813 ιιι,
962 5747 1031 5813 ις
1065 5744 1165 5803 lsa.
1193 5761 1279 5815 aL,
1306 5746 1359 5801 3.
1440 5747 1485 5780 “
1511 5747 1641 5802 Luc.
1673 5764 1767 5815 vn,
1795 5750 1885 5805 28.
1963 5749 2009 5781 "
2032 5747 2077 5802 Μ

2180 5742 2971 5817 ἰι.ιι,5,4.’⁸⁸11›ἱι1.7-10.
3049 5750 3370 5810 "ibim".
3451 5752 3760 5809 "lbid.t2.
