4012 6338
215 396 301 451 169
1660 360 2108 422 'l‘lll-ISAifilUS.

3415 334 3518 390 170

219 508 608 581 συμπλήρωσιν
660 504 797 574 ἔχει.
849 497 1061 570 Κρῆναι
1102 494 1156 548 δὲ
1192 489 1343 564 οἶμαι
1387 492 1492 544 τῶν
1531 487 1822 558 νοημάτων

1969 481 2057 534 uid
2087 487 2140 533 et
2161 490 2257 530 cur
2288 473 2339 528 id
2373 469 2626 526 Christus
2659 464 2834 519 turbis
2867 455 3234 530 responderit.
3282 453 3518 506 Practer-

2095 569 2146 581 ..
2193 567 2246 581 ..ι
2419 561 2628 581 ,_-__-_2.
2678 567 2730 581 --.
2789 556 2988 581 MM.-.“
3061 565 3164 581 ..ων
3215 542 3518 581 curn-nciam-

220 601 440 654 ἕκαστον
475 593 857 665 ἐπιδρομάδην
890 588 1182 655 διεξιόντας
1210 587 1407 649 εἰπεῖν,
1433 583 1516 646 τίς
1545 583 1642 652 μὲν
1668 578 1816 633 αἰτία

219 689 497 761 δεσμώτην
526 687 706 740 ἐποίει
733 684 823 738 τὸν
849 683 1002 752 ἇγιον
1038 678 1372 747 Βαπτιστὴν,
1414 678 1536 730 ὅτου
1565 673 1621 727 δὲ
1656 671 1816 743 χάριν

221 779 620 834 ἀνεπυνθάνετο
640 774 739 830 τοῦ
771 771 1008 846 Χριστοῦ
1041 769 1130 824 διὰ
1160 769 1268 823 τῶν
1292 767 1506 820 οἰκείων
1530 761 1813 834 μαθητῶν,

221 874 369 940 εῖπερ
400 870 488 938 εἴη
530 867 724 936 σαφῶς
753 865 912 927 αὐτὸς
945 865 974 916 6
1001 860 1294 933 ἐρχόμενος
1316 873 1330 886 ·
1365 857 1458 910 καὶ
1489 855 1569 917 τίς
1596 854 1628 924 ἢ
1654 851 1814 906 πόθεν

223 963 413 1033 ἠπρδς
450 963 584 1025 τοὺς
628 961 820 1031 δχλους
864 957 1161 1026 ἀπόκρισις
1189 953 1382 1022 γέγονε
1418 949 1511 1003 τοῦ
1551 942 1814 1016 Χριστοῦ.

1923 588 1984 628 ea
2018 569 2146 644 quid
2193 567 2344 622 illum
2401 561 2634 618 moverit
2678 567 2739 610 ut
2786 556 3014 615 diceret,
3061 565 3166 603 non
3215 542 3521 602 surrexisse

1928 681 1957 721 c
2014 640 2156 718 natis
2213 659 2504 714 mulierum
2555 651 2816 720 majorem
2875 645 3084 701 Joanne
3139 640 3429 710 Baptista,
3469 643 3525 689 ct

1928 768 2109 812 tamen
2144 752 2404 822 majorem
2447 762 2511 802 eo
2570 758 2692 801 esse
2737 756 2862 796 eum
2903 739 2995 807 qui
3040 739 3095 790 in
3143 747 3313 803 regno
3353 727 3524 784 cmlo-

1929 865 2048 906 rum
2103 847 2284 902 minor
2331 849 2496 898 esset.
2554 833 2937 892 Acccdcndum
2994 829 3184 896 itaque
3240 823 3399 877 nobis
3453 817 3523 870 ad

1927 957 2117 998 eorum
2149 953 2268 1009 qua:
2302 933 2579 1006 proposita
2614 937 2742 984 sunt
2770 925 2925 980 nobis
2948 917 3398 989 explicationem.

229 1004 254 1033 Ἰ
287 1004 412 1032 ’τοι
462 1004 581 1025 ’ννν
629 1004 817 1031 *κη-ν
866 1004 1159 1026 “’“-’τ“-’·
1202 1004 1212 1022 ι
1269 1004 1281 1020 ο
1605 1004 1614 1016 '
2166 1004 2181 1009 '
2305 1004 2316 1006 “

226 1051 292 1108 Ἤ
319 1055 370 1108 τί
410 1056 474 1108 τὸ
502 1053 768 1116 πεπεικὸς
793 1051 867 1115 ὡς
910 1051 1238 1120 Ἔγήγερται
1281 1049 1381 1119 μὲν
1451 1044 1626 1105 οὐδεὶς
1682 1043 1739 1093 ὲν
1799 1040 2080 1108 γεννητοῖς
2132 1032 2406 1104 γυναικῶν
2468 1028 2670 1100 μείζων
2706 1023 2956 1077 Ἰωάννου
3027 1017 3229 1084 λέγειν’
3278 1004 3422 1064 εἶναι
3460 1019 3528 1072 γε

251 1097 292 1108 ..
329 1097 370 1108 ..
422 1097 473 1108 ...
509 1097 766 1116 ..-η-η.-.
795 1097 864 1115 _,
926 1097 1236 1120 _,-,,-r-“-
1281 1097 1372 1119 τ---
1465 1097 1468 1098 ν
1607 1097 1623 1105 -
1811 1097 1822 1107 .
1951 1097 1962 1108 .
2061 1097 2074 1100 -
2143 1097 2154 1104 .
2470 1097 2480 1100 -

225 1150 328 1218 μὴν
360 1146 456 1200 τοῦ
497 1144 753 1199 τοσούτου
801 1141 1022 1211 μείζονα
1069 1140 1160 1193 τον
1206 1140 1265 1190 ὲν
1316 1139 1383 1207 τῇ
1447 1135 1694 1205 βασιλείᾳ
1767 1131 1877 1184 τῶν
1915 1128 2166 1202 οὐρανῶν
2213 1123 2578 1197 μικρότερον;
2627 1114 2836 1170 υὺκοῦν
2887 1112 2973 1165 ἐπ’
3025 1106 3194 1177 αὐτὴν
3245 1103 3385 1156 ἰτέον
3427 1097 3530 1168 ’τὴν

225 1241 324 1294 τῶν
353 1237 732 1308 προτεθέντων
765 1235 1043 1304 ἐξήγησιν.

293 1327 607 1402 Παράδοξὸν
625 1344 748 1380 τινα
779 1327 873 1379 καὶ
905 1323 1062 1393 ξένην
1095 1322 1455 1394 ἐπιτηδεύσας
1479 1321 1750 1376 πολιτείαν
1783 1324 1812 1375 ὁ

232 1425 499 1495 μακάριος
532 1417 864 1488 Βαπτιστὴς,
897 1417 990 1470 καὶ
1007 1415 1125 1485 βίου
1147 1416 1330 1486 τρίϐον
1359 1415 1557 1479 ἐλάσας
1573 1414 1818 1484 ἀσυνήθη

230 1519 340 1579 τοῖς
381 1514 564 1576 ἄλλοις
607 1513 700 1566 καὶ
741 1510 801 1564 οὐ
833 1511 944 1572 τοῖς
981 1507 1204 1578 τυχοῦσι
1240 1507 1430 1578 βατὴν,
1480 1505 1825 1576 ἐθαυμάζετο

235 1607 351 1677 μὲν,
387 1606 485 1659 καὶ
516 1603 635 1658 λίαν
682 1599 925 1665 είκότως,
959 1599 1109 1669 παρὰ
1157 1598 1264 1651 τῶν
1303 1599 1598 1652 Ἰουδαίων·
1645 1598 1736 1650 τὸν
1768 1599 1825 1652 δὲ

234 1701 350 1752 ὅσον
377 1697 612 1759 οὐδέπω,
646 1692 847 1765 μᾶλλον
871 1692 928 1744 δέ
957 1691 1059 1762 ήδη
1089 1690 1354 1760 παρόντα,
1383 1690 1666 1761 κηρύττων
1700 1690 1825 1761 Χρι-

1997 1311 2160 1382 102
2186 1308 2383 1362 Beatus
2415 1301 2685 1370 Baptista,
2720 1296 3021 1352 inauditum
3047 1290 3318 1362 quoddam
3351 1296 3405 1342 et
3447 1288 3529 1342 in-

1920 1380 2175 1460 usiiaturii
2225 1400 2350 1452 vita:
2409 1409 2584 1466 genus
2614 1392 2861 1455 ducens,
2912 1386 3166 1456 quodque
3195 1382 3283 1436 alii
3323 1380 3526 1435 imitari

1924 1511 2029 1550 non
2075 1498 2338 1561 possent,
2403 1498 2654 1554 magnam
2712 1479 2910 1533 merito
2955 1477 3040 1531 sui
3099 1472 3529 1527 admirationem

1927 1588 2064 1657 apud
2093 1582 2310 1652 Jmlanos
2341 1577 2620 1641 excitavit,
2649 1582 2703 1626 et
2731 1571 3010 1627 Christum
3039 1567 3130 1636 qui
3164 1575 3376 1619 tantmn
3420 1577 3526 1616 non
3599 1561 3609 1566 “

1930 1655 2192 1744 venisset,
2221 1674 2329 1728 imo
2353 1675 2464 1741 jam
2491 1665 2823 1730 advenisset,
2862 1659 3191 1731 praedicans,
3240 1655 3525 1725 digitoque

239 1789 379 1851 στὸν,
420 1747 704 1859 μονονουχὶ
734 1787 826 1839 καὶ
857 1747 1018 1856 χεῖροα
1045 1747 1531 1854 προτείνει-λέγων
1552 1798 1569 1815 ⁸
1608 1802 1626 1836 ι
1663 1747 1768 1838 ’1δέ
1791 1780 1820 1833 6

1959 1772 2082 1827 llum
2112 1772 2586 1827 commonstrans,
2639 1759 2715 1812 ait
2751 1779 2759 1812 :
2800 1773 2818 1806 ι
2867 1754 3008 1807 Ecce
3038 1753 3223 1820 Agnus
3287 1747 3409 1810 Dei,
3439 1748 3530 1815 qui

2585 1850 2617 1859 ..
2651 1849 2696 1859 --
2821 1845 2856 1859 ,.
3014 1858 3022 1859 ί
3155 1839 3412 1859 “wh”
3473 1837 3530 1859 _,_

249 1880 443 1952 ’Δμνδς
457 1878 551 1931 τοῦ
569 1876 724 1941 Θεοῦ,
747 1878 774 1930 ὁ
800 1876 968 1947 αἴρων
1000 1874 1098 1945 τὴν
1129 1874 1405 1945 ἁμαρτίαν
1433 1873 1525 1927 τοῦ
1558 1873 1819 1945 κόσμου.)

249 1972 470 2041 ,Επειδὴ
508 1969 566 2024 δδ
611 1971 639 2022 ὁ
671 1969 800 2038 παρ’
846 1963 1010 2019 αὑτοῦ
1068 1964 1518 2038 μαρτυρούμενος
1584 1965 1824 2036 Κύριος,

239 2062 415 2115 λιπεῖν
456 2059 630 2113 ἐδόκει
663 2060 764 2128 τὴν
807 2058 871 2111 ἐκ
915 2057 1082 2126 νρμου
1114 2056 1203 2110 διὰ
1250 2057 1496 2120 Μωσέως
1545 2055 1825 2127 λατρείαν,

239 2153 336 2224 τὴν
399 2150 765 2221 εὖαγγελικὴν
828 2149 944 2201 ἀντ’
1013 2148 1229 2218 ἐκείνης
1300 2147 1580 2201 πολιτείαν
1645 2147 1830 2218 εἰσφέ-

245 2263 386 2316 ρων,
427 2244 629 2314 μᾶλλον
664 2242 721 2295 δὲ
755 2242 823 2294 τὰ
877 2243 934 2293 ἐν
973 2240 1130 2310 τύπῳ
1179 2258 1276 2293 και
1325 2241 1451 2310 σκιᾷ
1486 2239 1832 2312 μεταρυθμίο

244 2337 350 2400 ζων
377 2338 457 2398 είς
487 2335 764 2406 ἀλήθειαν,
793 2334 892 2386 οὐκ
918 2333 1022 2397 ἔξω
1057 2333 1278 2402 μομφῆς
1300 2334 1332 2385 6
1365 2333 1633 2403 μακάριος
1657 2333 1835 2386 ἔκειτο

247 2428 590 2497 Βαπτιστὴς,
633 2427 728 2481 an
763 2425 826 2497 δὴ
866 2428 1185 2496 συνηγορεῖν
1254 2425 1723 2496 ἁναπεπεισμένος
1756 2424 1836 2494 τῷ

246 2521 342 2589 τὴν
372 2518 605 2588 νομικὴν
657 2516 1014 2587 ἀνατρέποντι
1072 2516 1371 2580 παίδευσιν,
1413 2516 1556 2569 κατά
1603 2533 1666 2582 γε
1710 2517 1836 2579 τοὺς

247 2610 351 2662 τῶν
396 2610 637 2678 ἀνοήτων
682 2607 894 2674 λόγους.
947 2607 1007 2659 Εἰ
1042 2605 1150 2677 γὰρ
1195 2602 1262 2676 ἦν
1300 2601 1454 2670 οὗτος
1488 2607 1639 2676 παρὰ
1676 2605 1835 2671 Θεοῦ,

249 2702 556 2772 ἔφασκον,ὸ
597 2700 905 2770 ἄνθρωπος,
938 2699 1038 2751 οὐκ
1073 2697 1138 2750 ἂν
1171 2697 1289 2749 ἔλυε
1329 2697 1390 2749 τὸ
1437 2696 1735 2750 Σάϐϐατον.
1775 2696 1841 2748 Τί

249 2790 340 2849 οὖν
379 2794 488 2865 ἄρα
535 2794 844 2864 μηχανᾶται
881 2791 1017 2861 πρὸς
1054 2788 1241 2852 τοῦτο;
1276 2788 1387 2852 Τὰς
1432 2788 1539 2842 τῶν
1573 2789 1841 2844 Ἰουδαίων

251 2885 313 2942 οὐ
343 2887 562 2948 πάντως
591 2885 1052 2956 ἀποκρουόμενος,
1080 2880 1216 2945 ἀλλ’,
1247 2880 1312 2932 ἵν’
1338 2880 1511 2946 οὕτως
1541 2882 1699 2949 εἴπω,
1726 2882 1843 2936 δια-

255 2979 533 3050 χλευάζων
590 2980 832 3042 ἐννοίας,
891 2976 1272 3046 συναγορεύειν
1328 2973 1845 3047 προσποιεῖται,τῷ

255 3069 423 3140 νόμῳ,
454 3068 894 3150 καὶῐΜωσαῖκῶν
939 3064 1446 3138 ύπεραγωνίζεσθαι
1487 3081 1818 3137 προσταγμα

1937 1862 2075 1918 ιοΙΙὶι
2116 1866 2400 1929 peccaturo
2435 1850 2619 1909 mundi
2649 1849 2718 1902 ".
2762 1866 2779 1898 ι
2818 1845 2956 1899 Cum
2993 1857 3123 1897 vero
3155 1839 3440 1901 Dominus,
3469 1837 3535 1890 de

1936 1967 2044 2025 quo
2093 1926 2462 2006 testimonium
2526 1941 2882 2013 perhibuerat
2917 1977 2933 2004 ,
2984 1936 3203 1987 deserto
3269 1929 3417 1984 cultu
3465 1926 3543 1980 le-

1937 2020 2042 2117 g—ali
2078 2057 2173 2112 per
2200 2041 2382 2095 Mosen
2423 2034 2779 2108 praescripto,
2819 2029 2938 2085 loco
2987 2025 3131 2080 illius
3159 2020 3535 2091 evangelicam

1941 2115 2109 2194 vitam
2154 2137 2464 2196 induceret,
2502 2140 2553 2184 et
2586 2141 2708 2198 qna':
2741 2126 2792 2179 in
2829 2133 2957 2194 typo
3000 2131 3164 2190 atque
3213 2118 3409 2172 umbra
3447 2115 3536 2167 iu-

1940 2230 2123 2286 voluta
2171 2235 2372 2290 erant,
2417 2224 2484 2277 ad
2536 2219 2821 2274 veritatem
2873 2211 3231 2274 transferret,
3294 2204 3537 2276 Baptista

1945 2318 2426 2393 reprehensionem
2454 2311 2708 2374 incurrit,
2741 2309 2940 2378 quippe
2970 2304 3061 2374 qui
3096 2299 3542 2372 patrocinaretur

1946 2415 2050 2479 illi,
2095 2413 2186 2483 qui
2212 2409 2440 2480 legalem
2477 2406 2818 2466 doctrinam,
2864 2401 3017 2470 juxta
3049 2400 3290 2465 ipsorum
3327 2406 3538 2447 sermo-

1949 2521 2093 2571 nem,
2145 2509 2440 2558 everteret.
2478 2498 2536 2552 Si
2569 2497 2714 2550 enim
2780 2495 2946 2547 homo
2975 2491 3061 2543 hic
3106 2528 3120 2550 ,
3159 2487 3456 2547 dicebant,
3512 2497 3542 2534 a

1951 2599 2061 2653 Deo
2093 2602 2262 2659 esset,
2301 2593 2727 2658 haudquaquam
2785 2583 3116 2638 dissolveret
3142 2579 3445 2634 Sabbatum
3472 2574 3542 2625 ‘°.

1950 2687 2091 2755 Quid
2161 2685 2325 2754 igitur
2384 2681 2647 2735 adversus
2710 2677 2826 2731 hzcc
2886 2673 3159 2743 excogitat
3218 2679 3274 2724 et
3327 2666 3548 2721 molitur

1951 2780 2234 2850 Baptista?
2267 2776 2580 2832 Judaaorum
2598 2771 2910 2842 opinionem
2938 2783 3042 2821 non
3067 2765 3225 2834 plane
3257 2762 3546 2834 rejiciens,

1953 2874 2072 2940 sed,
2101 2883 2160 2928 ut
2197 2873 2270 2926 ita
2324 2869 2545 2933 dicam,
2610 2866 2868 2940 irridens,
2903 2857 3265 2928 patrocinium
3309 2855 3445 2924 legis
3495 2866 3551 2905 et

1954 2966 2320 3023 Mosaicorum
2352 2970 2749 3033 praceptorum
2775 2933 3270 3024 propugnationem
3300 2943 3545 3001 simulat.

1957 3059 2093 3115 Cum
2154 3057 2300 3112 enim
2360 3064 2488 3109 tunc
2536 3050 2799 3120 temporis
2847 3047 3016 3101 variis
3069 3044 3244 3098 modis
3285 3042 3337 3096 in
3376 3040 3550 3109 legem

255 3180 380 3216 των.
413 3160 635 3215 Πολλῶν
666 3161 771 3230 γαρ
799 3160 874 3230 τῷ
904 3158 1157 3229 τηνικάδε
1189 3156 1334 3210 κατὰ
1364 3157 1642 3220 ποικίλους
1675 3173 1847 3227 παρα-

1961 3158 2301 3222 peccaretur,
2335 3145 2508 3200 solum
2541 3140 2809 3196 Herodem
2846 3137 3280 3206 reprehensuros
3318 3132 3552 3194 accedit,

258 3254 567 3326 νομούντων
622 3253 890 3324 τρόπους,
945 3251 1196 3322 πρόσεισι
1251 3249 1412 3320 μόνον
1456 3246 1548 3300 τὸν
1603 3247 1851 3317 Ἡρώδην

258 3347 571 3417 διελέγχων,
618 3345 714 3397 καὶ
771 3343 1158 3426 ῥιψοκινδύνως
1213 3341 1343 3412 περὶ
1384 3341 1483 3410 τῆς
1526 3339 1852 3410 Ἡρωδιάδος

264 3439 427 3510 βοῶν·
467 3458 486 3490 ι
515 3440 628 3491 Οὐκ
677 3437 854 3502 ἒξεστί
894 3454 975 3490 σοι
1012 3436 1157 3506 ἔχειν
1208 3436 1413 3505 αὐτὴν·
1450 3453 1467 3484 ›
1514 3433 1702 3486 οὐδένα
1746 3432 1854 3503 γὰρ

261 3532 396 3595 ὅλως
420 3531 515 3585 τοῦ
551 3531 745 3584 παθεῖν
777 3531 1011 3584 ἐποιεῖτο
1040 3528 1221 3597 λόγον,
1250 3528 1409 3599 ἄχρις
1442 3525 1508 3580 ἂν
1535 3526 1684 3596 αύτῷ
1713 3525 1856 3579 κατά

262 3621 353 3676 τὸν
386 3621 726 3692 προτεθέντα
756 3619 958 3673 σκοπὸν
985 3617 1169 3682 διεξίοι
1198 3616 1265 3669 τὰ
1291 3615 1611 3687 πράγματα.
1638 3609 1859 3681 Δεσμὼ-

265 3731 361 3784 της
398 3714 580 3766 τοίνυν
606 3714 633 3765 6
668 3711 876 3774 δίκαιος
903 3713 968 3764 ἐκ
1002 3707 1340 3780 τυραννικῶν
1381 3705 1592 3775 ἐγίνετο
1624 3721 1861 3775 προστα-

266 3807 517 3876 γμὰτων,
560 3806 656 3858 καὶ
695 3802 964 3866 ἐδ-πάθος
1011 3802 1277 3856 ἐδυσώπει
1310 3800 1399 3852 τὸν
1450 3797 1862 3868 φιλεγκλήμονα

267 3897 375 3950 τῶν
411 3896 684 3951 Ἰουδαίων
712 3895 863 3950 λαόν.
907 3895 998 3957 Ὠς
1030 3892 1140 3964 γὰρ
1188 3892 1327 3962 ὑπὲρ
1379 3891 1546 3961 νόμου
1582 3889 1862 3959 πάσχοντα

270 3989 476 4053 λοιπὸν,
504 3990 722 4060 ἀγαπᾷν
750 3988 1112 4058 ἠναγκάζετο,
1163 3986 1407 4056 ἐτοιμὸτε
1419 3984 1508 4055 ρός
1537 4000 1594 4036 τε
1621 3982 1721 4054 ἤδη
1751 3983 1865 4046 τοῖς

273 4080 404 4154 παρ’
432 4080 598 4134 αὑτοῦ
625 4080 1050 4153 κηρυττομένοις
1076 4079 1214 4150 πρὸς
1239 4078 1299 4131 τὸ
1331 4075 1604 4130 πιστεύειν
1634 4075 1862 4143 ἐγίνετο.

275 4173 484 4228 Οὐκοῦν
531 4175 631 4237 τὰς
679 4172 789 4225 τῶν
838 4172 1108 4226 Ἰουδαίων
1171 4169 1416 4234 εύνοίας,
1465 4168 1562 4221 καὶ
1611 4166 1709 4237 τὴν
1758 4166 1867 4218 τῶν

277 4265 657 4337 σκληροτέρων
699 4264 983 4318 ἀπείθειαν
1031 4261 1321 4335 ἀγοράζειν
1363 4261 1553 4332 ὥσπερ
1593 4260 1621 4313 6
1665 4260 1870 4312 Βαπτι-

281 4358 408 4429 στὴς
457 4356 547 4411 διὰ
595 4356 689 4410 τοῦ
735 4358 968 4427 πάσχειν
1014 4356 1294 4425 ἠπείγετο.
1343 4353 1560 4423 Ἐπειδὴ
1600 4351 1656 4406 δὲ
1696 4349 1868 4406 Πνεύ-

283 4468 451 4520 ματος
498 4449 655 4517 ἁγίου
705 4448 932 4520 μέτοχος
979 4446 1076 4512 ὢν,
1128 4447 1221 4500 καὶ
1270 4445 1617 4516 προφητικῆς
1667 4443 1872 4496 ἁναπε·

1961 3254 2017 3299 et
2041 3241 2301 3296 audacter
2344 3238 2411 3291 de
2462 3233 2768 3290 llerodiade
2809 3230 3054 3284 clamans
3101 3244 3114 3279 :
3169 3243 3187 3277 ι
3237 3224 3352 3278 Νοιι
3401 3223 3554 3280 licet.

1958 3334 2152 3404 inquit,
2179 3331 2272 3384 tibi
2297 3344 2416 3384 eam
2448 3327 2650 3382 habere
2677 3324 2718 3355 “
2742 3338 2757 3388 ;
2786 3340 2804 3374 ι
2837 3326 3151 3388 contempto
3179 3316 3338 3388 plane
3362 3314 3557 3370 mortis

1957 3425 2224 3498 periculo,
2253 3423 2378 3478 dum
2403 3421 2450 3475 ei
2475 3420 2540 3474 ad
2564 3416 2929 3488 praesulatum
2958 3426 3180 3481 scopum
3215 3425 3304 3465 res
3324 3421 3557 3479 ageren-

1965 3531 2072 3576 tur.
2117 3515 2356 3590 Tyranni
2392 3517 2575 3582 itaque
2605 3511 2758 3580 jnssu
2794 3509 2847 3562 in
2882 3505 3098 3562 vincula
3126 3501 3430 3570 coniectus,
3458 3500 3556 3556 ,Ιιιο

1961 3613 2104 3668 daeos
2123 3612 2188 3666 ad
2207 3607 2567 3665 accusandum
2591 3617 2790 3672 pronos
2807 3601 2906 3655 sibi
2927 3597 3254 3654 conciliavit.
3271 3594 3409 3647 Nam
3429 3592 3556 3663 quia

1963 3721 2061 3777 pro
2096 3704 2210 3774 lege
2245 3700 2570 3771 patiebatur,
2601 3710 2786 3751 amare
2810 3709 2931 3749 eum
2969 3693 3334 3760 cogebantur,
3376 3701 3561 3756 prom-

1964 3798 2276 3865 ptioresque
2322 3795 2389 3847 ad
2422 3788 2786 3847 adhibendum
2827 3783 3198 3858 prardicationi
3239 3781 3360 3850 ejus
3399 3779 3559 3834 [idem

1967 3886 2355 3942 reddebantur.
2401 3881 2711 3936 Judaaormn
2768 3878 2949 3947 itaque
2993 3873 3465 3937 benevolentiam,
3508 3882 3564 3925 et

1967 3981 2246 4035 duriorum
2296 3973 2735 4032 incredulitatem
2785 3978 2962 4026 morte
3016 3984 3110 4024 sna
3153 3965 3562 4038 quodammodo

1970 4070 2204 4127 mercari
2241 4067 2485 4140 Baptista
2519 4065 2714 4121 voluit.
2764 4063 2902 4119 Cum
2937 4076 3068 4119 vero
3104 4060 3346 4129 Spiritus
3379 4058 3557 4112 saneti

1981 4164 2256 4235 particeps
2281 4171 2331 4215 et
2364 4159 2684 4231 prophetica
2716 4157 2892 4227 gratia
2926 4170 2990 4210 ex
3030 4163 3188 4207 utero
3223 4153 3414 4206 matris
3453 4164 3566 4204 sua:

1974 4255 2164 4326 plenus
2194 4263 2363 4321 esset,
2418 4250 2880 4324 tyrannieumqnc
2920 4261 3106 4302 ensem
3153 4246 3264 4312 jam
3305 4241 3561 4298 strictum

1973 4356 2027 4401 et
2062 4344 2262 4407 cervici
2299 4359 2412 4399 suae
2447 4341 2822 4396 imminentem
2855 4336 3220 4408 praevidisset,
3265 4332 3568 4403 discipulos

1975 4453 2103 4494 suos
2135 4438 2187 4491 in
2224 4435 2328 4491 [ide
2364 4449 2493 4505 erga
2522 4433 2800 4489 Christum
2833 4429 3186 4485 Servatorem
3236 4425 3571 4480 conﬁrmare

281 4516 596 4611 πλησμένος
625 4516 958 4609 χάριτοςέτι
997 4538 1061 4590 ἐκ
1098 4536 1300 4599 κοιλίας
1345 4533 1548 4606 μητρὸς
1587 4532 1774 4596 αὑτοῦ,
1810 4532 1847 4584 τὲ

1977 4547 2041 4587 ac
2087 4530 2334 4586 stabilire
2367 4528 2562 4593 voluit,
2602 4536 2770 4595 utque
2803 4523 2856 4578 id
2888 4522 3023 4577 citra
3085 4533 3304 4576 omnem
3355 4516 3572 4573 dubita-

281 4629 603 4702 τυραννικὸν
635 4627 859 4700 ἐθεώρει
892 4627 1043 4697 ξίφος
1085 4626 1568 4698 ἁπογυμνούμενον
1603 4625 1737 4697 ἤδη,
1778 4625 1872 4678 καὶ

283 4719 374 4774 τὸν
407 4717 506 4772 τοῦ
547 4716 798 4788 σώματος
823 4718 1219 4788 ἀπαστράπτον
1257 4716 1508 4781 θάνατον,
1533 4714 1716 4786 ἐζήτει
1742 4714 1870 4778 τοὺς

285 4811 520 4873 ciuica;
571 4809 819 4881 μαθητὰς
869 4809 1164 4881 βεϐαιῶσαι
1212 4808 1346 4872 πρὸς
1389 4808 1490 4878 τὴν
1543 4807 1726 4860 πίστιν
1772 4805 1872 4877 τὴν

288 4904 379 4957 ἐπὶ
409 4901 489 4972 τῷ
519 4902 731 4972 Σωτῆρι
772 4901 991 4972 Χριστῷ
1013 4918 1027 4932 ·
1060 4900 1256 4954 εἰδέναι
1284 4917 1344 4954 τε
1376 4900 1471 4953 καὶ
1505 4890 1652 4969 μάλα
1685 4895 1874 4965 σαφῶς

288 4993 555 5065 ἐπεθύμει
578 4993 697 5046 κατ’
721 4992 871 5045 οὐδὲν
897 4991 1289 5057 ἐνδοιάζοντας,
1319 4993 1510 5061 ὅτιπερ
1532 4991 1696 5053 αὐτὸς
1728 4992 1874 5043 ἐστιν

288 5090 314 5142 6
341 5088 435 5141 ἐπὶ
470 5085 718 5158 σωτηρία
752 5087 968 5140 πάντων
1009 5085 1159 5156 ἥξειν
1190 5083 1660 5156 προσδοκώμενος.
1695 5085 1874 5155 Προσ-

291 5180 524 5232 τωιείται
549 5177 728 5230 τοίνυν
756 5174 1116 5246 οἰκονομικῶς
1143 5176 1378 5244 ἀγνοεῖν,
1403 5175 1492 5230 ἵνα
1524 5174 1876 5228 πισπύσαντι

293 5271 581 5343 σύνδρομοι
616 5270 777 5324 πάλιν
804 5272 852 5322 oi
890 5269 1129 5340 μαθηταὶ
1177 5269 1315 5342 πρὸς
1353 5270 1416 5323 τὸ
1457 5268 1736 5323 πιστεύειν
1783 5268 1876 5322 εύ-

293 5363 583 5432 ρίσκοιντο.
606 5356 716 5414 Ἦν
755 5361 864 5432 γὰρ
887 5361 952 5432 δὴ
982 5361 1077 5415 καὶ
1111 5361 1459 5432 φρονήματος
1486 5361 1547 5414 οὐ
1581 5360 1783 5432 μικρὰν
1820 5362 1878 5413 ἐν

292 5454 466 5525 ἐαυτῷ
498 5454 600 5524 τὴν
632 5451 951 5517 ἀλαζονείαν
985 5452 1286 5518 ὡδίνοντος,
1325 5453 1399 5524 μὴ
1441 5455 1560 5516 ταῖς
1591 5449 1682 5506 τοῦ
1729 5451 1876 5504 διδα-

291 5547 488 5602 σκάλου
539 5544 763 5616 μᾶλλον,
791 5545 928 5599 ἀλλά
966 5548 1088 5609 ταῖς
1130 5545 1358 5610 οἰκείαις
1405 5542 1876 5613 παιδαγωγεῖσθαι

292 5639 506 5709 βουλαῖς
584 5637 792 5692 Οὐκοῦν
828 5637 1222 5710 οἰκονομικῶς,
1267 5640 1360 5693 καὶ
1394 5639 1460 5694 ἵν’
1502 5639 1674 5702 οὕτως
1709 5637 1875 5690 εἴπω-

353 5817 399 5850 ⁵⁸
428 5815 589 5872 Joan.
627 5828 664 5878 l,
697 5813 788 5867 9.9.
864 5813 908 5844 ⁸ο
932 5814 1086 5867 Joan.
1114 5830 1189 5877 rx,
1225 5817 1312 5872 16.

636 5914 905 5974 ιἰιιίιοι..
946 5912 1063 5972 Gn.
1104 5913 1340 5978 LXXV.

1389 5816 1428 5847 "‘
1459 5816 1644 5872 Matth.
1681 5831 1791 5881 xn',
1822 5814 1873 5870 4.

1984 4622 2184 4678 tionem
2213 4633 2532 4690 persuasum
2584 4617 2870 4678 haberent,
2923 4609 3199 4681 cupiebat,
3256 4607 3398 4678 quod
3456 4605 3572 4676 ipse

1972 4723 2118 4769 esset
2140 4714 2230 4784 qui
2269 4726 2366 4781 pro
2399 4709 2572 4764 salute
2596 4707 2838 4762 omnium
2887 4714 3153 4760 venturus
3197 4715 3320 4755 esse
3368 4713 3572 4768 exspe-

1976 4807 2246 4860 ctabatur.
2281 4802 2446 4858 Certo
2478 4803 2662 4872 itaque
2696 4799 2932 4855 consilio
2966 4796 3188 4853 simulat
3219 4809 3278 4850 se
3319 4793 3530 4848 nescire
3555 4833 3570 4856 ,

1980 4908 2039 4951 nt
2103 4896 2352 4953 credenti
2411 4895 2512 4963 ipsi
2589 4890 2983 4962 discipulorum
3055 4890 3189 4944 ﬁdes
3245 4902 3573 4958 aggregare-

1981 5000 2090 5044 tnr.
2151 4987 2434 5058 Regnabat
2491 4987 2638 5041 enim
2685 5000 2794 5039 non
2857 4985 3051 5053 exigua
3110 4983 3164 5036 in
3231 4981 3432 5034 animis
3488 4994 3576 5034 eo-

1985 5097 2104 5138 rum
2162 5083 2519 5152 arrogantia,
2594 5095 2773 5150 neque
2835 5093 2894 5132 se
2940 5086 3048 5130 tam
3105 5074 3354 5148 magistri
3411 5088 3573 5143 quam

1993 5177 2108 5231 suis
2170 5176 2410 5245 ipsorum
2456 5173 2702 5230 consiliis
2759 5171 3051 5242 gubernari
3092 5169 3364 5225 volebant.
3418 5165 3576 5237 103

1985 5268 2149 5324 Certo
2186 5268 2348 5338 igitur
2398 5266 2657 5329 consilio,
2710 5277 2905 5335 atque,
2962 5272 3020 5318 ut
3079 5263 3152 5317 ita
3206 5262 3425 5326 dicam,
3465 5259 3577 5310 vcl-

1986 5362 2062 5416 uti
2110 5362 2162 5417 in
2194 5376 2354 5417 scena
2382 5359 2748 5432 ignorantium
2797 5371 3085 5429 personam
3121 5356 3374 5416 induens,
3413 5352 3577 5406 mittit

1986 5468 2052 5509 ex
2080 5454 2196 5510 suis
2222 5453 2510 5523 discipulis
2539 5453 2675 5508 duos
2701 5452 2930 5522 reliquis
2961 5449 3438 5518 intelligentiores,
3472 5445 3579 5500 eis-

1986 5562 2093 5617 que
2139 5547 2296 5617 jubet
2343 5556 2403 5600 ut
2454 5546 2824 5609 scisciteutur,
2872 5553 2927 5600 et
2987 5559 3054 5599 ex
3106 5541 3226 5612 viva
3270 5536 3579 5594 Serv-alaris

1989 5653 2119 5694 voce
2145 5646 2498 5710 cognoscant,
2526 5653 2594 5694 an
2621 5638 2736 5709 ipse
2763 5635 2833 5692 sit
2859 5636 2906 5691 is
2934 5635 3026 5706 qui
3051 5639 3419 5703 exspectatur.
3445 5625 3578 5683 Cum
