4012 6338
518 456 620 515 171

1497 444 1554 501 S.
1594 440 1864 502 CYRILU
1904 438 2371 499 ALEXANDle
2410 439 2727 499 ARCIIIEP.

3636 437 3741 496 l7!

518 588 649 630 vero
698 572 737 627 ii
782 568 850 626 ad
898 565 1175 625 Christum
1227 565 1535 631 venissent,
1590 563 1695 622 hoc
1741 562 2076 635 intelligens,

2184 579 2305 634 μεν,
2335 561 2523 635 ῶσπερ
2570 562 2661 616 ἐπὶ
2698 556 2903 633 σκηνῆς
2937 559 3000 615 τὸ
3030 559 3137 614 τῶν
3183 559 3517 630 ἀγνοούντων
3571 575 3743 631 προσ-

516 664 716 736 quippe
745 662 839 732 Qui
867 670 1026 717 verus
1049 652 1193 714 Deus
1218 666 1355 724 erat,
1378 652 1720 728 praeclariora
1743 655 1885 711 circa
1914 667 2079 726 agro-

522 761 604 809 tos
652 760 816 822 opera
868 749 1236 819 miraculoque
1285 748 1519 813 edebat,
1569 760 1730 817 quam
1780 753 1967 814 antea;
2010 759 2075 802 ea

520 856 647 899 vero
677 853 828 898 certo
848 841 1076 897 consilio
1102 850 1202 912 per
1232 834 1357 894 illud
1388 848 1595 908 tempus
1621 837 1928 906 prtestabat,
1958 848 2077 905 quas

518 934 723 1006 ipsum,
753 942 877 989 cum
906 932 973 987 ad
999 946 1097 987 nos
1124 930 1381 993 venisset,
1415 927 1691 998 propheta:
1716 924 2077 996 prmstiturum

517 1024 894 1099 praedixerant.
924 1021 1295 1092 interrogatus
1325 1020 1507 1089 itaque
1551 1033 1659 1073 non
1699 1016 1881 1073 statim
1911 1014 2079 1085 proti-

520 1126 662 1170 tetur
698 1126 760 1169 se
790 1111 939 1168 illum
985 1123 1124 1177 esse,
1154 1110 1249 1167 sed
1281 1107 1609 1181 propheticis
1631 1105 2074 1178 praedictionibus

519 1202 784 1259 factorum
819 1210 874 1258 et
904 1201 1283 1263 miraculorum
1318 1197 1741 1269 magnitudinem
1775 1196 2075 1266 adaptans:

520 1311 541 1347 ι
576 1293 675 1359 Ite,
718 1294 917 1364 inquit,
966 1301 1021 1348 et
1050 1290 1357 1347 renuntiate
1386 1287 1579 1343 Joanni
1603 1304 1723 1360 qua
1766 1286 1995 1342 audistis
2026 1292 2081 1341 et

515 1385 765 1453 vidistis;
804 1402 824 1438 ι
862 1382 1092 1440 audistis
1117 1382 1261 1439 enim
1284 1396 1381 1452 per
1408 1382 1718 1453 prophetas,
1745 1378 1957 1435 vidistis
1980 1394 2075 1436 au-

517 1486 623 1531 tem
655 1489 753 1546 per
781 1486 869 1531 tne
911 1470 1151 1544 impleta.
1182 1472 1327 1528 Cum
1366 1474 1558 1543 itaque
1601 1472 1655 1528 hi
1702 1470 1984 1535 abiisseut,
2022 1480 2080 1526 ut

514 1566 844 1638 evangelista
883 1566 997 1633 ipse
1025 1572 1276 1633 testatur,
1311 1564 1477 1634 erepit
1506 1562 1751 1619 Christus
1784 1562 1925 1631 loqui
1962 1574 2075 1617 tur-

514 1656 601 1713 bis
650 1657 716 1710 de
771 1652 1019 1711 Joanne:
1059 1672 1075 1706 ι
1114 1654 1252 1721 Quid
1294 1652 1489 1709 existis
1533 1650 1798 1707 videre?»
1856 1662 1911 1706 et
1959 1666 2079 1719 qua:

516 1744 770 1815 deinceps
814 1754 1138 1813 sequuntur.
1178 1741 1551 1799 Necessarium
1592 1751 1723 1796 vero
1758 1736 1915 1809 plane
1955 1737 2073 1805 fuit,

515 1843 573 1890 ut
597 1832 847 1889 Christus
877 1830 941 1886 de
963 1828 1172 1887 Joanne
1198 1845 1500 1887 sermonem
1532 1828 1753 1885 faceret.
1776 1826 1910 1884 Cum
1932 1826 2075 1885 enim

2176 656 2376 709 ωπείον
2418 654 2594 726 ἑαυτῷ
2628 652 2892 725 περιθεὶς,
2931 653 3140 725 πέμπει
3166 653 3277 706 τῶν
3306 651 3521 707 οίκείων
3562 652 3749 724 μαθη-

2174 742 2307 813 τῶν,
2332 746 2490 818 οἵπερ
2527 740 2665 816 ἦσαν
2705 742 3091 813 συνετώτεροι,
3130 746 3224 798 καὶ
3268 743 3332 814 δὴ
3364 745 3458 798 καὶ
3502 743 3744 798 ἀναπυν-

2178 832 2436 887 θάνεσθαι
2465 830 2693 897 κελεύει,
2725 829 2821 885 καὶ
2849 829 2936 885 διὰ
2962 831 3142 903 ζώσης
3167 833 3259 884 τοῦ
3287 832 3537 903 Σωτῆρος
3563 832 3747 901 φωνῆς

2175 922 2455 993 ικμαθεῐν,
2505 923 2554 976 εί
2606 920 2768 985 αὑτός
2815 921 2963 975 ἔστιν
3016 920 3481 991 προσδοκώμενος.
3530 921 3747 991 Ἐπειδὴ

2175 1009 2231 1064 δὲ
2258 1006 2391 1082 ἧκον
2418 1011 2517 1082 ήδη
2545 1010 2678 1082 πρὸς
2711 1009 2801 1062 τὸν
2836 1007 3041 1080 Ἰησοῦν
3070 1009 3120 1063 οί
3148 1008 3562 1079 ἀπεσταλμένοι,
3589 1007 3745 1061 τοῦτο

2177 1102 2386 1171 συνεὶς,
2433 1102 2529 1157 ﬁre
2569 1101 2634 1173 δή
2676 1100 2807 1165 Θεὸς
2858 1100 3117 1170 ὑπάρχων
3164 1098 3433 1171 ἀληθινὸς,
3484 1097 3749 1152 πλουσιω-

2174 1193 2339 1266 τέραν
2364 1195 2599 1247 ὶποιεῖτο
2623 1193 2720 1263 τήν
2744 1192 2835 1245 ἐπὶ
2860 1192 2972 1255 τοῖς
2997 1190 3263 1262 κάμνουσι
3296 1182 3624 1261 φιλοτιμίαν,
3652 1188 3750 1244 καὶ

2179 1284 2497 1355 παραδόξων
2541 1284 2832 1356 ηὑρίσκετο
2865 1283 3095 1354 ποιητὴς
3122 1280 3243 1335 τότε
3297 1280 3497 1351 μᾶλλον
3542 1281 3576 1351 ἢ
3611 1281 3751 1351 πρό-

2176 1393 2331 1451 τερον
2351 1392 2365 1407 ο
2398 1378 2583 1431 ἐκεῖνα
2611 1376 2667 1429 δὲ
2705 1373 3061 1446 οἰκονομικῶς
3103 1373 3386 1445 εἰργάξετο
3428 1374 3548 1426 κατ’
3574 1376 3753 1428 ἐκεῖνο

2182 1467 2414 1540 μάλιστα
2466 1464 2679 1536 καιροῦ,
2708 1464 2849 1535 άπερ
2893 1463 3052 1517 αὑτὸν
3092 1461 3443 1528 ἐπιτελέσειν,
3470 1464 3596 1515 ὅταν
3621 1462 3749 1533 ήκοι

2177 1557 2316 1629 πρὸς
2356 1556 2524 1628 ἡμᾶς,
2572 1558 2621 1609 oi
2657 1554 2933 1626 προφῆται
2978 1553 3311 1625 διήγγελλον.
3365 1552 3751 1624 Ἐρωτὼμενος

2176 1650 2376 1715 τοίνυν,
2410 1649 2509 1703 οὑκ
2545 1646 2704 1711 suos;
2751 1647 2962 1717 ὑπαντᾷ
2994 1646 3083 1699 καί
3131 1662 3261 1717 φησι
3291 1643 3374 1711 τὸ,
3410 1642 3551 1712 Ἐγώ
3582 1645 3699 1714 είμι
3728 1683 3749 1709 ,

2178 1738 2311 1794 ἀλλὰ
2344 1742 2453 1802 τοῖς
2483 1737 2836 1809 προφητικοῖς
2872 1734 3187 1805 κηρύγμασι
3217 1734 3313 1805 τὴν
3342 1736 3398 1787 ὲν
3420 1733 3527 1799 τοῖς
3555 1734 3753 1787 ἀποτε-

2176 1830 2412 1884 λεσθεῖσι
2437 1827 2701 1900 παραθεὶς
2727 1826 3154 1897 μεγαλουργίαν·
3193 1846 3213 1878 ι
3243 1822 3624 1894 Πορευθέντες,
3653 1840 3753 1895 φη-

513 1923 841 1983 circumfusa
894 1923 1200 1977 auditorum
1240 1922 1393 1976 turba
1437 1922 1797 1990 cognovisset,
1845 1916 2076 1989 discipu-

2181 1923 2284 1987 σὶν,
2318 1918 2681 1989 ἀπαγγείλατε
2726 1918 2945 1988 Ἰωάννῃ
2972 1917 3008 1971 ά
3037 1917 3207 1971 εἴδετε
3256 1915 3347 1969 καὶ
3389 1915 3658 1985 ἠκούσατε
3677 1930 3691 1944 ’
3723 1934 3749 1968 s

516 2016 597 2071 los
630 2012 853 2070 Joannis
880 2022 1022 2078 esse,
1060 2014 1151 2081 qui
1182 2011 1659 2082 interrogationem
1688 2009 1835 2065 illam
1858 2008 2075 2066 Christo

515 2105 940 2178 proposuissent,
969 2117 1201 2173 cumque
1234 2103 1335 2172 ipsi
1365 2116 1472 2157 non
1503 2109 1562 2157 ut
1590 2115 1686 2157 sua
1712 2103 1949 2171 ipsorum
1972 2102 2074 2155 du-

511 2197 779 2253 bitatione
835 2209 957 2251 sese
1010 2195 1326 2259 liberarent,
1362 2194 1654 2257 venissent,
1702 2194 1795 2261 sed
1847 2194 1994 2248 illum
2044 2204 2073 2248 ο

513 2303 621 2358 quo
652 2288 800 2343 missi
822 2293 995 2351 erant,
1021 2286 1219 2356 quique
1243 2286 1323 2340 eis
1350 2293 1409 2338 ut
1443 2281 1495 2338 id
1523 2285 1955 2349 sciscitarentur,
1994 2280 2075 2337 iu-

512 2380 793 2451 junxerat;
854 2377 1119 2432 intellexit
1170 2376 1352 2431 statim
1398 2375 1677 2441 Christus,
1739 2379 1936 2445 quippe
1983 2374 2074 2445 qui

514 2471 679 2527 corda
732 2478 791 2525 et
840 2468 1201 2538 cogitationes.
1236 2467 1512 2522 hominum
1558 2465 1795 2533 novit",
1839 2467 2075 2520 dicturos

514 2575 636 2618 esse
676 2556 983 2621 nonnullos,
1025 2566 1117 2611 aut
1146 2556 1345 2625 alioqui
1395 2567 1577 2610 secum
1609 2556 1937 2625 cogitaturos
1968 2573 1982 2609 :
2017 2552 2073 2610 Si

517 2653 572 2706 in
602 2650 745 2704 hunc
780 2661 949 2717 usque
977 2646 1119 2701 diem
1143 2645 1378 2700 Joannes
1402 2644 1639 2714 Baptista
1666 2644 1942 2699 Christum
1969 2660 2072 2699 non

516 2740 687 2806 novit,
712 2748 819 2809 quo
842 2742 1002 2808 pacto
1023 2736 1180 2791 nobis
1201 2734 1348 2790 illum
1371 2734 1609 2789 ostendit
1632 2735 1817 2787 dicens
1842 2751 1854 2788 :
1884 2751 1903 2786 ι
1938 2735 2075 2790 Ecce

513 2832 698 2902 Agnus
726 2829 842 2897 Dei,
866 2827 955 2899 qui
981 2825 1121 2882 tollit
1146 2834 1426 2897 peccatum
1458 2823 1683 2880 mundi?
1714 2843 1733 2877 ι
1769 2825 1834 2880 Ει
1860 2828 2074 2895 quidem

514 2925 809 2979 verendum
848 2928 969 2976 orat
1019 2932 1088 2975 ne
1138 2933 1243 2974 non
1291 2932 1477 2986 parum
1504 2918 1683 2972 damni
1721 2918 1843 2973 inde
1875 2919 1925 2973 in
1965 2928 2077 2973 tur-

513 3015 641 3070 bant
681 3010 1002 3081 perveniret.
1036 3008 1423 3075 Quamobrem,
1464 3015 1525 3060 ut
1569 3007 1879 3076 scrupulum
1931 3008 2075 3062 illum

516 3102 713 3157 animis
750 3112 937 3155 eorum
980 3098 1245 3154 eximeret
1277 3103 1333 3149 et
1378 3094 1616 3149 scandaii
1668 3110 1853 3149 unsum
1888 3096 2075 3165 praet-io

514 3201 686 3261 potet,
732 3191 805 3246 ita
843 3190 910 3244 ad
955 3200 1052 3245 eos
1080 3188 1192 3243 ait:
1234 3205 1253 3238 ‹
1280 3184 1418 3252 Quid
1466 3186 1657 3239 existis
1702 3186 1757 3241 in
1804 3187 2073 3242 desertum

2181 2012 2450 2083 ἠκούσατε
2479 2007 2576 2081 μὲν
2600 2010 2708 2078 γὰρ
2737 2006 2823 2061 διὰ
2848 2007 2956 2061 τῶν
2988 2004 3305 2077 προφητῶν,
3339 2004 3504 2059 εἴδετε
3535 2004 3591 2059 δὲ
3620 2005 3756 2076 πλη-

2182 2102 2421 2174 ρωθέντα
2449 2100 2515 2155 δι’
2552 2098 2708 2170 ἐμοῦ.
2763 2098 2925 2152 Ἀλλὰ
2968 2099 3174 2165 τούτων
3225 2096 3620 2168 πορευομένων,
3675 2098 3754 2162 ὼς

2181 2195 2341 2256 αὑτός
2367 2206 2535 2263 φησιν
2553 2193 2581 2245 6
2607 2191 3017 2260 εύαγγελιστής,
3038 2190 3239 2261 ήρξατο
3261 2190 3290 2244 ὁ
3315 2191 3546 2261 Χριστὸς
3574 2189 3753 2259 λέγειν

2181 2287 2289 2348 τοῖς
2315 2285 2490 2355 ὄχλοις
2515 2284 2643 2353 περ)⁵
2678 2282 2922 2337 Ἰωάννου
2941 2299 2953 2313 ο
2988 2301 3005 2333 ι
3034 2282 3099 2335 Τί
3132 2281 3383 2353 ἐξήλθετε
3415 2281 3575 2347 ἰδεῖν;
3602 2300 3620 2332 ι
3655 2284 3752 2336 καὶ

2179 2376 2249 2429 τὰ
2276 2374 2484 2437 τούτοις
2519 2374 2712 2444 ἐφεξῆς
2754 2375 2996 2443 κείμενα.
3039 2374 3358 2440 Ἀναγκαῖον
3384 2373 3439 2425 δὲ
3468 2372 3626 2425 πάλιν
3655 2374 3750 2425 καὶ

2180 2465 2270 2520 τὸν
2313 2463 2439 2537 περὶ
2480 2464 2669 2517 τούτου
2706 2462 2860 2531 λόγον
2900 2463 3195 2533 ἐποιήσατο
3239 2463 3487 2533 Χριστός.
3529 2460 3749 2533 Ἐπειδὴ

2180 2556 2287 2628 γὰρ
2320 2556 2617 2625 ἐμάνθανεν
2649 2557 2681 2625 ή
2718 2571 2781 2607 πε
2794 2554 3063 2624 ριεστῶσα
3090 2554 3197 2606 τῶν
3224 2554 3586 2623 ἀκροωμένων
3614 2552 3751 2622 πλη-

2183 2647 2311 2712 θὺς,
2363 2648 2437 2709 ῶς
2473 2641 2612 2717 ἦσαν
2664 2647 2760 2715 μὲν
2814 2644 2921 2697 τῶν
2957 2644 3201 2699 Ἰωάννου
3256 2644 3510 2715 μαθητῶν
3550 2644 3599 2696 oi
3650 2643 3750 2714 τὴν

2182 2737 2373 2791 πεῦσιν
2397 2738 2780 2806 προσάγοντες,
2803 2731 2936 2808 ἦκον
2958 2736 3014 2789 δὲ
3038 2737 3137 2787 οὑκ
3163 2736 3295 2798 [δίας
3321 2735 3506 2806 ὥσπερ
3531 2735 3751 2804 ἀγνοίας

2183 2826 2467 2899 ζητοῦντες
2509 2827 2847 2908 ἀπαλλαγὴν,
2878 2826 3017 2881 ἀλλὰ
3051 2827 3149 2895 τῆς
3191 2824 3355 2879 αὑτοῦ
3404 2827 3751 2896 πεπομφότος

2182 2920 2276 2972 καὶ
2305 2918 2564 2989 διερωτᾷν
2607 2917 3018 2980 ἀναπείθοντος,
3065 2916 3388 2985 κατενὰησεν
3431 2916 3536 2969 ἅτε
3559 2916 3621 2987 δὴ
3656 2917 3752 2971 καὶ

2182 3008 2408 3079 καρδίας
2452 3007 2624 3072 εἰδὼς,
2658 3008 2751 3061 καὶ
2790 3009 2857 3061 τὰ
2887 3009 2943 3061 ἑν
2981 3006 3057 3077 τῷ
3102 3007 3371 3080 ἀνθρώπῳ
3404 3010 3747 3078 γιγνώσκων,

2182 3098 2262 3152 ὅτι
2299 3100 2513 3162 πάντως
2552 3098 2739 3168 ὲροῦσί
2786 3113 2927 3161 τινες
2974 3100 3067 3152 καὶ
3118 3098 3421 3167 λογιοῦνται
3467 3101 3588 3154 καθ’
3618 3102 3747 3155 ἑαυ-

2181 3187 2339 3249 τούς’
2388 3187 2449 3240 Εί
2498 3187 2656 3258 μέχρι
2707 3188 2943 3257 σήμερον
2994 3188 3177 3254 ἀγνοεῖ
3225 3188 3315 3242 τὸν
3349 3189 3552 3259 Ἰησοῦν
3586 3192 3614 3243 ὁ
3648 3210 3752 3262 μα-

515 3284 737 3341 viderei
801 3281 1136 3337 Arundinem
1187 3288 1348 3333 vento
1404 3278 1697 3341 agitatam?
1734 3297 1752 3330 ι
1811 3279 2073 3333 Admirati

2179 3278 2367 3348 κάριος
2400 3278 2685 3349 Ἰωάννης,
2734 3276 2849 3340 πῶς
2893 3280 3025 3348 ἡμῖν
3058 3278 3219 3331 αὑτὸν
3268 3279 3505 3334 ἐδείκνυε
3548 3282 3748 3351 λέγων’

517 3374 673 3439 estis,
730 3373 936 3442 inquit,
976 3368 1242 3425 Joannem
1279 3367 1612 3437 Baptistam,
1670 3376 1725 3423 et
1775 3369 2080 3438 frequenter

520 3464 674 3532 longa
725 3476 824 3531 per
858 3461 1205 3517 solitudinem
1254 3457 1591 3528 profectione
1637 3459 1785 3513 illum
1833 3456 2077 3525 adiistis,

521 3549 704 3605 multis
733 3551 1005 3606 laboribus
1031 3549 1340 3616 utilitatem,
1376 3563 1539 3618 quam
1572 3548 1697 3605 inde
1730 3552 2083 3620 exspectabit-

519 3642 609 3707 tis,
638 3640 987 3695 redimentes.
1016 3639 1285 3695 Caeterum
1312 3639 1601 3695 temerarie
1641 3639 1881 3710 profecto
1905 3642 2080 3697 nulla-

518 3744 625 3799 que
655 3728 846 3784 idonea
885 3731 950 3785 de
988 3744 1151 3786 causa
1198 3729 1347 3784 illum
1380 3730 1631 3784 admirati
1674 3731 1832 3796 estis,
1866 3732 1911 3786 si
1954 3743 2077 3786 cum

518 3826 654 3879 adeo
698 3822 871 3877 levem
920 3822 1270 3889 existimatis,
1310 3830 1370 3877 ut
1409 3822 1663 3876 arundini
1713 3832 2076 3891 comparetur,

519 3929 638 3981 quze
672 3913 927 3968 facillime
958 3914 1011 3967 in
1039 3913 1289 3981 quamvis
1328 3921 1534 3981 partem
1569 3922 1729 3968 vento
1770 3912 2076 3983 impellitur.

520 4004 796 4071 Quomodo
820 4003 978 4074 105.
1003 4004 1147 4058 enim
1189 4018 1295 4058 non
1326 4001 1587 4070 ejusmodi
1626 4018 1748 4057 esse
1777 4004 2078 4072 deprehen.

521 4096 701 4159 datur,
756 4094 826 4160 si,
871 4104 980 4162 prae
1012 4108 1203 4162 magna
1252 4094 1416 4147 animi
1458 4092 1695 4158 levitate,
1728 4108 1886 4163 quem
1933 4096 2082 4149 novit

522 4198 680 4240 nosse
702 4198 763 4239 se
782 4184 1091 4238 iuiiciatnr?
1123 4186 1193 4237 At
1220 4199 1326 4238 non
1355 4185 1669 4239 arundinem
1694 4195 1863 4239 certe.
1892 4204 1911 4237 ι
1942 4183 2079 4251 Quid

525 4283 704 4327 tamen
759 4272 949 4326 existis
981 4271 1199 4325 videre?
1229 4269 1582 4325 Hominemne
1630 4269 1881 4325 mollibus
1913 4270 2079 4324 vesti-

523 4365 719 4419 mentis
753 4364 1040 4419 indutum!
1071 4362 1210 4418 Ecce
1254 4363 1344 4431 qui
1389 4360 1640 4415 mollibus
1670 4360 1984 4425 induuntur,
2028 4361 2080 4414 in

522 4454 776 4508 domibus
809 4468 994 4521 regum
1038 4461 1187 4506 sunt.
1219 4470 1243 4503 ο
1278 4451 1453 4520 Atque
1502 4452 1571 4506 iis
1607 4451 1848 4519 quidem,
1886 4450 2080 4520 inquit,

521 4541 928 4597 convenientiae
942 4542 1015 4596 sit
1042 4541 1261 4597 levitate
1280 4542 1444 4597 animi
1469 4542 1739 4599 laborare.
1764 4540 1916 4599 Unde
1936 4545 2079 4599 enim

522 4634 613 4702 qui
637 4633 909 4703 perpetuis
938 4632 1211 4688 laboribus
1253 4648 1374 4689 sese
1400 4643 1641 4701 exercet,
1675 4650 2079 4706 corporeasque

522 4722 838 4778 aﬂ’ectioues
882 4723 1102 4778 assidue
1143 4724 1395 4793 reprimit
1440 4738 1505 4780 ac
1550 4726 1758 4790 domat,
1787 4725 1840 4780 in
1872 4735 2078 4781 tantam

528 4814 804 4870 levitatem
847 4814 954 4869 labi
987 4815 1213 4886 posset?
1256 4814 1391 4871 Nam
1443 4816 1813 4887 hujuscemodi
1863 4817 2079 4875 levitate

523 4906 720 4962 mentis
754 4904 1003 4960 laborare
1042 4915 1128 4960 est
1174 4905 1363 4972 animi,
1416 4906 1607 4975 inquit,
1656 4910 1747 4977 qui
1806 4924 1912 4964 non
1966 4920 2077 4965 tum

522 5010 713 5066 aspera
738 4996 949 5051 vivendi
976 4997 1210 5063 ratione,
1238 5012 1399 5067 quam
1435 4998 1722 5056 mundanis
1752 5000 1959 5058 deliciis
1984 5002 2078 5059 dc-

524 5088 771 5143 lectetur.
800 5086 859 5142 Si
888 5100 1018 5157 ergo
1040 5101 1163 5143 eum
1197 5088 1535 5144 admiramini
1574 5097 1826 5160 tanquam
1850 5105 1880 5146 a
1903 5092 2082 5148 molli-

526 5175 598 5229 tie
615 5172 1018 5239 abhomuteut,
1049 5174 1273 5230 tribuite
1292 5174 1456 5231 etiam
1481 5176 1555 5232 illi
1585 5176 1893 5234 firmitatem
1916 5182 2079 5238 animi

523 5263 785 5333 ejusmodi
829 5262 1111 5321 laboriosa:
1146 5267 1270 5321 vitae
1296 5271 1725 5326 convenientem.
1772 5270 1829 5327 Si
1861 5284 1987 5328 vero
2013 5274 2074 5329 in

524 5352 731 5423 optimo
757 5354 881 5410 vitae
908 5368 1108 5425 genere
1146 5356 1280 5412 nihil
1304 5358 1539 5429 amplius
1568 5360 1827 5429 statuitis,
1862 5363 1957 5419 sed
1983 5377 2078 5419 eo-

526 5445 646 5498 dem
678 5443 868 5499 ordiue
917 5444 1130 5504 habetis
1167 5462 1290 5504 eum
1316 5449 1408 5519 qui
1457 5450 1670 5507 laborat
1716 5467 1837 5508 cum
1880 5467 1952 5509 eo
1982 5454 2076 5525 qui

527 5531 828 5599 deiiciatur,
875 5548 992 5602 cur,
1042 5538 1363 5609 contemptis
1390 5541 1457 5595 iis
1485 5541 1579 5611 qui
1628 5542 1816 5598 sericis
1841 5543 2078 5599 vestibus

528 5630 751 5677 utuntur
781 5629 837 5678 et
878 5623 933 5679 in
979 5623 1117 5682 aulis
1159 5640 1345 5698 regum
1377 5640 1696 5701 versantur,
1738 5646 1862 5689 eum
1899 5632 1991 5703 qui
2024 5631 2079 5688 in

603 5802 647 5833 "
675 5800 812 5857 Psal.
848 5817 999 5871 xcnt,
1041 5804 1124 5858 ll.

2185 3384 2204 3418 ι
2236 3368 2341 3421 Ἴδε
2367 3367 2605 3436 ὁἋμνὸς
2637 3366 2730 3419 τοῦ
2767 3365 2923 3431 Θεοῦ,
2952 3368 2981 3419 ὀ
3012 3368 3179 3438 αἴρων
3224 3369 3323 3437 τὴν
3360 3364 3634 3443 ἁμαρτίαν
3654 3372 3749 3426 τοῦ

2178 3458 2466 3527 κόσμους»
2512 3457 2622 3510 Καὶ
2680 3453 2747 3527 ἧν
2792 3456 2852 3510 οὐ
2908 3458 3102 3529 μικρὸν
3151 3458 3402 3514 ἐντεῦθεν
3464 3462 3749 3517 ὑπολαϐεῖν

2180 3545 2395 3599 ἔσεσθαι
2416 3548 2527 3609 τοῖς
2553 3546 2730 3617 δχλοις
2751 3546 2811 3599 τὸ
2842 3546 3055 3618 βλάϐος.
3081 3546 3289 3603 Οὐκοῦν
3317 3547 3377 3602 τὸ
3406 3550 3750 3623 συμδεδηκὸς

2179 3638 2359 3698 αὐτοῖς
2394 3632 2712 3707 θεραπεύων
2747 3636 2936 3701 πάθος,
2968 3638 3063 3690 καὶ
3106 3638 3205 3708 τήν
3236 3639 3345 3693 ἀπὸ
3377 3640 3469 3693 τοῦ
3521 3642 3749 3696 exavdi-

2179 3728 2291 3798 λου]
2325 3727 2527 3799 ζημίαν
2574 3726 2907 3799 α’πορριζῶν,
2964 3727 3112 3797 λέγει
3159 3730 3294 3801 πρὸς
3350 3731 3578 3796 αὑτούς·
3616 3753 3634 3785 ι
3684 3732 3749 3786 Τί

2179 3818 2427 3887 ἐξήλθετε
2460 3820 2539 3881 είς
2570 3817 2667 3889 τὴν
2699 3817 2901 3888 ἔρημον
2939 3818 3102 3885 ίδεῖν;
3132 3818 3377 3891 κάλαμον
3410 3821 3515 3874 ὑπὸ
3549 3822 3749 3892 ἀνέμου

2184 3909 2574 3979 σαλευόμενονς
2607 3928 2626 3960 ι
2672 3908 3082 3979 Ἑθαυμάσατε,
3129 3911 3288 3981 φησι,
3334 3912 3425 3964 τὶν
3484 3914 3749 3983 μακάριον

2182 4000 2511 4067 Βαιττιστήν,
2542 3998 2638 4051 καὶ
2678 3997 2742 4065 δὴ
2780 3998 2872 4050 καὶ
2906 3999 3003 4069 τὴν
3042 4000 3175 4070 πρὸς
3226 4001 3389 4053 αὑτὸν
3441 4002 3749 4073 ἀποδημίαν

2182 4087 2503 4143 ὲπονίσασθε
2545 4086 2824 4152 πολλάκις,
2856 4088 2954 4151 τὰς
2992 4087 3133 4141 οῦτω
3167 4090 3379 4159 μακρὰς
3410 4093 3506 4156 τῆς
3542 4093 3747 4164 ὲρήμου

2181 4178 2595 4251 κατατρίϐοντες
2625 4179 2797 4244 ὁδοὺς,
2832 4181 2925 4233 καὶ
2956 4179 3137 4251 ίδρῶτι
3167 4181 3345 4252 πολλῷ
3377 4181 3474 4253 τὴν
3502 4184 3749 4241 ἐντεῦθεν

2180 4272 2444 4341 ὠφέλειαν
2492 4270 2809 4341 ὠνούμενοι,
2842 4273 2965 4340 Ἆρ’
3002 4266 3095 4325 οῦν
3126 4271 3249 4341 είκῆ
3292 4274 3385 4326 καὶ
3422 4276 3749 4348 προχείρως.

2183 4364 2365 4431 φησὶν,
2400 4360 2753 4433 ἐθαυμάζετε,
2782 4364 2939 4434 εἰπερ
2966 4362 3137 4427 οὑτως
3162 4363 3321 4417 αὑτὸν
3356 4364 3586 4436 ἐλαφρὸν
3606 4367 3751 4438 ἔχειν

2180 4452 2355 4506 οἴεσθε
2392 4452 2484 4507 τὸν
2521 4453 2665 4520 νοῦν,
2706 4454 2783 4517 ὡς
2821 4455 3196 4525 προσεοικέναι
3246 4455 3475 4527 καλάμῳ
3511 4457 3587 4528 τῷ
3630 4458 3749 4513 λίαν

2182 4540 2409 4613 ἑτοίμως
2445 4544 2529 4612 ἐφ’
2555 4544 2693 4612 ὅπερ
2728 4544 2794 4596 ἂν
2824 4542 3036 4613 συνωθῇ
3080 4544 3139 4597 τὸ
3168 4544 3385 4615 πνεῦμα
3418 4547 3745 4605 συννεύοντι.

2112 4620 2156 4674 Ῑ)
2186 4632 2307 4696 Πῶς
2334 4632 2441 4704 γὰρ
2467 4633 2585 4703 οὑχὶ
2611 4632 2846 4696 τοιοῦτος
2867 4632 2943 4685 ῶν
2965 4634 3338 4705 εὑρεθήσεται,
3371 4637 3529 4709 εἴπερ
3555 4638 3745 4706 ὗντως,

2178 4724 2236 4777 ὃν
2250 4723 2407 4789 οῐὸεν,
2422 4726 2634 4794 ἀγνοεῖν
2646 4725 2913 4795 ὁμολογεῖ,
2929 4725 2994 4778 ἐκ
3008 4725 3209 4797 πολλῆς
3225 4742 3372 4791 τινος
3385 4727 3541 4782 τοῦτο
3558 4726 3748 4785 παθὼν

2180 4815 2473 4888 ίλαφρίαςς
2509 4814 2647 4869 Ἀλλ’
2674 4816 2732 4869 ού
2762 4815 3003 4886 κάλαμον
3038 4816 3136 4886 μέν
3158 4831 3173 4847 ⁵
3205 4836 3229 4869 s
3257 4816 3322 4870 Τί
3352 4818 3410 4871 δὲ
3438 4819 3586 4889 ὅμως
3620 4819 3749 4875 ίδεῖν

2178 4905 2460 4978 ὲξήλθετες
2485 4905 2800 4977 ’Ἄνθρωπον
2822 4906 2879 4959 ἐν
2904 4906 3163 4977 μαλακοις
3184 4906 3586 4978 ﬂuctuantium;
3616 4908 3749 4965 ’1δοὺ

2180 4995 2230 5048 oi
2257 4994 2327 5049 τά
2358 4992 2580 5066 μαλακὰ
2605 4992 2894 5065 φοροῦντες
2928 4995 2988 5051 εν
3017 4997 3129 5060 τοϊς
3156 4996 3327 5060 οίκοις
3347 4995 3457 5049 τῶν
3484 4995 3750 5068 βασιλέων

2184 5087 2340 5142 είσίν.
2363 5102 2387 5139 δ
2420 5081 2514 5151 Οἷς
2538 5085 2614 5156 δὴ
2649 5085 2740 5138 καὶ
2780 5086 2981 5156 μᾶλλον
3009 5086 3077 5141 ἂν
3121 5088 3228 5159 εἴη,
3262 5088 3447 5158 φησιν,
3482 5089 3751 5159 ἁρμοδιώ-

2184 5193 2339 5249 τερον
2354 5177 2443 5231 υτδ
2481 5178 2543 5230 sv
2574 5178 2762 5248 φρεσὶν
2791 5178 3058 5248 ὑπάρχειν
3100 5178 3377 5249 ἐλαφραῖς.
3418 5179 3587 5235 Πόθεν
3642 5180 3751 5254 γὰρ

2184 5269 2214 5321 ὁ
2241 5267 2488 5337 σύντονος
2525 5265 2668 5321 οὑτω
2711 5267 2836 5341 περὶ
2884 5267 2981 5339 τὴν
3027 5267 3281 5339 ἄσκησιν,
3318 5267 3529 5340 βέϐαιός
3561 5286 3621 5325 τε
3657 5274 3752 5325 καὶ

2186 5358 2351 5423 πολὺς
2388 5362 2472 5423 είς
2509 5358 2573 5412 τὸ
2603 5359 2695 5413 καὶ
2729 5358 2905 5414 αὐτῶν
2928 5359 3037 5414 τῶν
3068 5359 3169 5430 τῆς
3200 5360 3401 5431 σαρκὸς
3443 5363 3749 5431 καταγωνί-

2188 5448 2373 5512 ζεσθαι
2407 5448 2615 5515 παθῶν,
2642 5450 2724 5513 είς
2755 5449 3024 5522 τοσαύτην
3053 5451 3294 5521 ἀμαθίαν
3324 5451 3646 5522 ἐκϐήσεταις
3675 5453 3753 5507 Τδ

2186 5541 2295 5612 γάρ
2334 5543 2392 5594 ὲν
2423 5541 2646 5614 τοιαύτῃ
2684 5542 2899 5597 κεῖσθαι
2939 5544 3175 5606 διανοίας
3223 5543 3533 5615 κουφότητι,
3573 5545 3753 5615 ψυχῆς

2188 5633 2254 5687 ἂν
2281 5633 2389 5704 εἴη,
2424 5634 2607 5706 φησιν,
2636 5633 2695 5687 οὐ
2729 5634 3169 5706 σκληραγωγίαις
3210 5633 3431 5705 μᾶλλον,
3457 5634 3593 5690 ἀλλὰ
3635 5638 3753 5700 ταῖς
