4012 6338
263 455 366 512 HS

1687 436 2132 495 TIIESAUBUS.

3423 424 3532 483 1⁵16

261 574 324 624 ἐν
368 567 555 637 κόσμῳ
598 564 840 635 τρυφαῖς
902 560 1189 631 ἡδομένης.
1220 560 1284 614 El
1341 576 1439 630 μεν
1484 554 1576 613 οὖν
1622 558 1696 623 ὡς
1743 559 1842 612 οὐκ

1972 558 2238 613 olitudine
2266 556 2431 625 degit,
2478 552 2676 621 vilique
2706 551 2905 605 vestitu
2938 563 3031 604 seu
3065 547 3246 619 potius
3286 546 3413 617 pilis
3432 562 3529 603 ca-

261 662 391 714 ὄντα
432 661 488 711 ἑν
532 655 801 727 μαλακοῖς
849 651 1177 723 θαυμάζετε,
1204 651 1323 703 δότε
1369 654 1435 721 τῇ
1469 652 1701 720 ἀσκήσει
1747 650 1848 719 τὴν

262 752 399 821 αὐτῇ
464 747 787 819 πρέπουσαν
854 744 1174 813 ἀσφάλειαν.
1227 742 1290 797 Ei
1341 741 1397 794 δὲ
1454 743 1511 793 ἐν
1560 740 1636 811 τῷ
1700 739 1848 809 βιοῦν

259 843 460 912 ἄριστα
491 840 554 892 τὸ
584 836 746 893 πλέον
776 836 948 899 οὐδὲν,
980 836 1037 887 ὲν
1064 833 1121 887 δὲ
1151 832 1241 906 ίσῃ
1269 831 1419 897 τάξει
1454 831 1544 885 τδν
1584 831 1851 885 πονοῦντα

262 932 341 1001 τῷ
370 929 647 1003 τρυφῶντι
684 930 897 999 Θήσετε,
929 925 981 979 τί
1023 924 1082 977 τὸ
1128 924 1409 995 σεμνύνειν
1458 923 1686 992 ἀφέντες
1727 922 1851 985 τοὺς

260 1024 422 1091 οἷπερ
463 1022 601 1072 εἰσὶν
642 1021 698 1075 ἐν
736 1018 999 1091 μαλακοῖς
1038 1016 1262 1086 ἀμφίοις
1294 1015 1388 1068 καὶ
1423 1017 1481 1069 ὲν
1521 1014 1712 1077 αύλαῖς
1754 1014 1851 1084 βα-

265 1113 481 1176 σιλέων,
530 1112 627 1175 τάς
670 1114 725 1165 ὲν
769 1111 961 1180 ἐρήμῳ
1008 1107 1315 1178 διατρισάς,
1367 1107 1461 1162 καὶ
1508 1105 1851 1177 περιϐόλαιον

265 1204 504 1269 εὐτελὲς,
540 1203 739 1272 μᾶλλον
768 1202 826 1254 δὲ
859 1201 953 1263 τάς
990 1202 1054 1254 ἐκ
1092 1200 1356 1272 καμήλων
1404 1198 1593 1270 τρίχας
1640 1196 1853 1266 Θαυμά-

264 1294 416 1360 (sta;
473 1293 613 1345 Ἀλλ’
654 1288 809 1361 οἶμαι
859 1291 1203 1361 δυσωπήσειν
1244 1290 1389 1360 ὑμᾶς
1429 1288 1491 1341 τὸ
1536 1290 1593 1343 ὲν
1640 1286 1853 1349 τούτοις

265 1387 489 1449 ἄτοπον,
541 1382 900 1453 ἀξιοζήλωτον
932 1381 988 1434 δὲ
1032 1381 1200 1444 ὅντως
1237 1382 1413 1451 ἐρεῖτε
1444 1379 1533 1435 τὸν
1585 1378 1852 1449 μακάριον

268 1477 601 1546 Βαπτιστήν.
630 1470 755 1543 'Ap‘
781 1468 874 1525 οὖν
903 1471 1079 1524 οἴεσθε
1132 1472 1418 1542 προφήτην
1466 1468 1729 1539 ὑπάρχειν
1759 1468 1855 1521 αύ-

266 1571 389 1633 τόν;
422 1569 535 1621 Ναὶ
564 1567 870 1637 προφήτην,
916 1563 1115 1634 μᾶλλον
1143 1564 1199 1616 δὲ
1229 1563 1324 1615 καὶ
1351 1563 1631 1632 προφήτου
1660 1562 1853 1614 πλεον-

274 1659 537 1712 εκτοῦντα
560 1657 619 1710 τὸ
647 1656 863 1726 μέτρον.
894 1655 956 1705 Ol
987 1653 1085 1723 μὲν
1118 1652 1225 1722 γὰρ
1252 1652 1327 1713 ὡς
1360 1652 1478 1722 ἣξει
1522 1652 1855 1721 προεκήρυτ-

272 1767 381 1813 τον,
410 1748 563 1800 οῦπω
593 1745 833 1815 παρόντα
862 1742 1153 1813 θεώμενοι·
1186 1744 1213 1794 ό
1240 1741 1297 1794 δὲ
1331 1742 1391 1795 τὺ
1424 1742 1850 1811 συναμφότερον.

275 1838 615 1907 Πανταχόθεν
637 1833 924 1905 τοιγαροῦν
944 1835 973 1885 ό
996 1833 1182 1903 Σωτὴρ
1208 1832 1535 1900 άξιάγαστον
1556 1827 1720 1884 οὖσαν
1739 1834 1857 1884 ὲπι-

1952 650 2219 706 melorum
2248 649 2511 713 induitur,
2542 644 2921 701 admiramini?
2948 640 3055 697 Sed
3082 651 3212 712 puto
3236 656 3330 696 vos
3355 643 3531 697 vereri

1951 742 2344 799 absurditatem
2383 739 2543 809 hujus
2590 738 2703 804 rei;
2754 735 3019 791 Joannem
3066 748 3197 789 vero
3231 732 3533 802 Baptistam

1953 833 2317 889 admiratione
2351 832 2573 901 dignum
2618 844 2740 885 esse
2792 826 3007 883 dicetis.
3058 826 3401 881 Existitnatis
3433 825 3536 881 ita-

1953 941 2060 997 que
2106 926 2425 997 prephetam
2476 924 2651 993 ipsum
2693 922 2857 978 esse?
2902 920 3061 975 Certe
3113 919 3379 991 propheta
3431 931 3536 986 est,

1955 1018 2065 1072 imo
2096 1018 2273 1087 potius
2300 1013 2683 1086 prophetarum
2707 1011 3073 1067 conditionem
3106 1010 3265 1080 longe
3291 1020 3535 1079 superat.

1953 1110 2239 1179 Propheta!
2280 1109 2424 1167 enim
2473 1118 2757 1164 venturum
2802 1118 2926 1159 eum
2968 1104 3356 1175 praedixerunt,
3405 1120 3542 1173 prm-

1954 1212 2165 1259 sentem
2218 1209 2397 1255 tamen
2442 1214 2547 1253 non
2592 1197 2848 1252 viderunt
2880 1214 2895 1251 :
2927 1195 3015 1250 hic
3064 1210 3195 1249 vero
3226 1206 3539 1263 utrumque.

1956 1294 2035 1348 lla
2064 1292 2316 1348 Christus
2363 1290 2745 1345 admirandum
2784 1288 3038 1342 omnibus
3080 1286 3255 1342 modis
3284 1285 3545 1356 Baptistae

1958 1383 2263 1439 institutum
2303 1396 2425 1436 esse
2463 1380 2721 1443 ostendit,
2753 1386 2813 1435 ut
2856 1379 3113 1433 credatur
3157 1393 3285 1433 vera
3343 1379 3544 1447 praedi-

1958 1488 2122 1539 care;
2172 1487 2237 1527 ac
2281 1481 2514 1527 testatur
2564 1470 2781 1539 quidem
2819 1469 2935 1538 ipse
2987 1468 3041 1523 in
3080 1468 3369 1524 sublimem
3418 1483 3542 1523 eum

1960 1564 2280 1634 dignitatem
2320 1562 2610 1625 extollens,
2656 1570 2710 1615 et
2752 1561 3048 1629 prophetas
3091 1560 3360 1616 excellere
3409 1559 3547 1614 allir-

1961 1670 2137 1709 nians.
2167 1654 2365 1725 Adjicit
2396 1667 2526 1710 vero
2556 1652 2739 1706 statim
2768 1666 2876 1721 quo
2906 1661 3064 1722 pacto
3084 1652 3199 1707 suis
3232 1652 3413 1707 verbis
3437 1652 3545 1710 Pa-

1962 1746 2063 1802 tris
2098 1746 2263 1801 etiam
2297 1761 2395 1800 vox
2436 1744 2787 1817 respondeat,
2832 1753 2892 1805 ut
2938 1745 3339 1813 quodammodo
3372 1746 3543 1802 etiam

1960 1853 2030 1893 ex
2070 1838 2224 1908 legali
2268 1838 2482 1910 iustitia
2540 1835 2911 1893 testimonium
2958 1836 3023 1889 de
3066 1850 3132 1890 eo
3173 1836 3547 1908 consignatur.

272 1917 624 1998 δεικνύει⁶τὴν
652 1926 743 1977 ἐπὶ
765 1923 843 1994 τῷ
868 1922 1156 1994 προδρόμῳ
1180 1921 1453 1991 διάληψιν,
1484 1920 1570 1973 ἴνα
1598 1922 1857 1992 φαίνηται

1972 1948 1987 1981 ι
2021 1928 2116 1985 llic
2150 1929 2296 1983 enim
2340 1935 2445 1995 est,
2480 1926 2676 1995 inquit,
2715 1926 2782 1980 de
2808 1939 2916 1994 quo
2957 1925 3221 1995 scriptum
3256 1933 3375 1979 est:
3406 1926 3549 1981 Ecce

275 2020 519 2091 κηρύξας
552 2016 759 2086 ἀληθῆ·
795 2017 887 2068 καὶ
923 2016 1189 2085 μαρτυρεῖ
1222 2014 1320 2082 μὲν
1355 2012 1517 2078 αὐτὸς
1549 2016 1627 2076 εἰς
1660 2012 1861 2084 ὑψηλὸν

273 2109 562 2179 ἀναφέρων
604 2107 840 2177 ἀξίωμα,
877 2107 969 2159 καὶ
1016 2104 1370 2177 προιρητικῶν
1412 2104 1731 2169 ἐξάλλεσθαι
1774 2105 1863 2158 τό·

276 2218 393 2253 πων
421 2200 513 2252 τὸν
540 2198 709 2268 ἀνδρα
729 2197 1227 2267 διαϐεϐαιούμενος.
1252 2196 1592 2268 Παρατίθησι
1621 2197 1678 2249 δὲ
1703 2197 1863 2261 εὐθὺς

277 2292 351 2353 ὡς
388 2292 501 2353 τοῖς
532 2288 727 2342 ἑαυτοῦ
769 2289 949 2357 λόγοις
991 2290 1226 2341 ἐποιεῖτο
1266 2287 1482 2356 γείτονα
1511 2287 1605 2340 τοῦ
1650 2288 1863 2359 Πατρὸς

278 2382 371 2453 τὴν
418 2382 621 2452 φωνὴν,
650 2383 737 2434 ἵνα
765 2381 963 2452 τρόπον
991 2380 1113 2434 τινὰ
1146 2380 1238 2435 καὶ⁵
1283 2381 1347 2433 ὲκ
1376 2378 1601 2449 νομικοῦ
1643 2379 1866 2433 δικαιώ-

283 2492 448 2545 ματος
480 2477 511 2540 ή
553 2473 639 2527 ἐπ’
668 2471 815 2541 αὐτῷ
864 2470 1139 2542 μαρτυρία
1206 2470 1593 2539 σφραγίζηται.
1647 2489 1665 2520 ι
1695 2464 1863 2533 Οὗτος

280 2564 383 2633 γάρ
412 2565 546 2626 ἐστι,
581 2563 743 2631 φησὶ,
779 2560 905 2629 περὶ
937 2555 996 2613 οὗ
1034 2559 1371 2631 γέγραπται·
1414 2558 1543 2618 Ἰδοὺ
1584 2557 1692 2625 ἐγὼ
1726 2558 1863 2610 ἀπο-

284 2654 481 2707 στέλλω
507 2653 597 2705 τδν
626 2649 855 2722 ἄγγελόν
887 2668 989 2719 μου
1024 2651 1127 2723 πρὸ
1157 2648 1449 2722 προσώπου
1479 2666 1595 2715 σου,
1624 2649 1680 2711 ὃ,
1706 2665 1867 2702 arata.~

283 2744 534 2799 σκευάσει
582 2744 681 2816 τὴν
726 2744 845 2796 ὁδόν
903 2760 997 2795 σου
1052 2743 1363 2813 ἔμπροσθέν
1417 2761 1531 2795 σου.
1561 2763 1578 2795 ι
1633 2740 1766 2796 Εἶτα
1813 2743 1867 2795 τί

283 2852 446 2904 φησιν
474 2834 564 2887 ἐπὶ
590 2833 803 2894 τούτοις
830 2833 956 2902 περὶ
984 2832 1145 2885 αὐτοῦ
1169 2850 1182 2895 ;
1219 2835 1389 2903 Ἀμὴν
1418 2834 1559 2901 λέγω
1588 2834 1738 2903 ὑμῖν,
1767 2835 1867 2885 οὐκ

284 2928 576 2993 ἐγήγερται
622 2926 679 2977 ὲν
724 2927 1003 2992 γεννητοῖς
1049 2925 1324 2991 γυναικῶν
1372 2926 1573 2994 μείζων
1620 2925 1865 2978 Ἰωάννου

280 3017 375 3069 τοῦ
408 3016 733 3079 Βαπτιστοῦ,
760 3020 786 3069 ό
824 3013 878 3069 δὲ
912 3016 1233 3088 μικρότερος
1260 3018 1318 3068 ὲν
1346 3020 1411 3088 τῇ
1464 3016 1714 3086 βασιλεία
1759 3016 1867 3069 τῶν

282 3112 546 3183 ούρανῶν,
585 3111 785 3182 μείζων
838 3110 1001 3163 αὑτοῦ
1053 3111 1219 3163 ἐστιν.
1247 3128 1263 3158 ι
1305 3111 1447 3180 Ὅρα
1485 3109 1547 3181 δὴ
1602 3109 1762 3162 πάλιν
1810 3111 1869 3162 ὲν

284 3204 487 3265 τούτοις
539 3204 670 3273 ὅσην
720 3203 1013 3272 ἐποιήσατο
1071 3200 1167 3272 τὴν
1219 3200 1531 3269 οἰκονομίαν
1579 3200 1605 3252 ὁ
1654 3200 1866 3269 Σωτήρ.

1962 2040 2063 2096 ego
2095 2024 2305 2079 mittam
2347 2024 2598 2094 angelum
2632 2036 2811 2078 meum
2856 2030 2985 2078 ante
3025 2020 3225 2077 faciem
3254 2030 3422 2089 luant,
3454 2024 3551 2093 qui

1965 2117 2178 2187 parabit
2218 2116 2360 2171 viam
2408 2125 2555 2170 tuam
2604 2123 2733 2171 ante
2765 2125 2836 2169 te.
2874 2132 2893 2167 ι
2940 2113 3079 2180 Quid
3111 2128 3243 2169 vero
3284 2123 3549 2183 praeterea

1966 2212 2031 2265 de
2063 2224 2129 2264 eo
2165 2208 2511 2279 prazdicath
2542 2208 2713 2262 Amen
2766 2206 2887 2262 dico
2938 2206 3113 2270 vobis,
3160 2222 3265 2260 non
3310 2209 3553 2261 surrexit

1966 2296 2111 2352 inter
2155 2306 2311 2351 natos
2352 2296 2639 2351 mulierum
2690 2295 2862 2363 major
2901 2294 3109 2351 Joanne
3139 2294 3415 2363 Baptista;
3451 2298 3553 2353 mi-

1966 2404 2069 2444 nor
2100 2398 2282 2444 autem
2329 2390 2381 2443 in
2432 2404 2597 2458 regno
2633 2385 2895 2442 caelorum
2944 2388 3119 2456 major
3158 2401 3223 2443 eo
3256 2398 3357 2445 est.
3398 2406 3416 2441 ι
3455 2389 3555 2445 llic

1965 2477 2091 2532 vide
2131 2492 2315 2531 rursus
2360 2487 2561 2545 quanta
2613 2476 2919 2531 mconomia
2974 2493 3107 2533 usus
3147 2479 3222 2536 sit
3268 2478 3552 2535 Servatur.

1967 2566 2242 2622 Prolixum
2275 2568 2420 2621 enim
2456 2567 2521 2623 dc
2562 2566 2803 2637 Baptista
2840 2567 3031 2623 habuit
3065 2583 3394 2623 sermonem.
3434 2570 3558 2639 Opi-

1969 2660 2185 2715 nionem
2224 2661 2369 2713 enim
2403 2676 2541 2728 qum,
2572 2670 2629 2713 ut
2664 2660 2961 2715 verisimile
2997 2670 3101 2728 est,
3132 2660 3305 2717 fraudi
3339 2661 3439 2731 ipsi
3474 2663 3557 2715 l'u-

1972 2763 2092 2805 tura
2138 2757 2275 2815 erat,
2334 2752 2546 2819 repulit.
2590 2750 2834 2820 Cumque
2878 2750 3027 2805 illum
3080 2752 3283 2819 aliquid
3325 2754 3557 2823 amplius

1971 2857 2134 2909 quam
2165 2841 2483 2909 prephetam
2532 2842 2731 2896 habere
2758 2842 3007 2905 dixisset,
3059 2842 3421 2897 admiratione
3472 2854 3558 2895 at-

1970 2946 2078 2997 que
2135 2946 2321 2986 amore
2372 2932 2594 2998 dignum
2650 2932 2990 2986 auditoribus
3034 2934 3323 3009 ostendit“
3355 2933 3560 2989 Deinde

1974 3019 2132 3090 105
2166 3035 2270 3075 non
2311 3023 2616 3077 surrexisse
2650 3024 2823 3093 inquit
2857 3037 2886 3076 e
2919 3024 3063 3079 natis
3108 3024 3399 3079 mulierum
3446 3042 3561 3085 ma-

1968 3113 2165 3182 jorem.
2212 3113 2345 3167 Cum
2398 3114 2561 3183 igitur
2616 3114 2767 3169 illum
2801 3116 2963 3169 veluti
3002 3116 3294 3184 imaginem
3331 3134 3562 3175 summie

1976 3204 2213 3268 virtutis,
2245 3218 2365 3272 qua:
2395 3204 2446 3257 in
2472 3215 2629 3258 natos
2656 3218 2685 3258 e
2713 3204 3035 3259 mulieribus
3066 3208 3307 3273 caderet,
3340 3209 3565 3264 statuis-

287 3298 460 3358 Πολὺς
500 3294 648 3364 αὑτῷ
685 3295 779 3347 καὶ
822 3293 1029 3366 μακρὸς
1060 3292 1187 3361 περὶ
1222 3292 1318 3345 τοῦ
1358 3292 1514 3359 ἁγίου
1565 3291 1866 3344 Βαπτιστοῦ

1978 3304 2080 3361 set,
2121 3293 2295 3361 majus
2324 3294 2525 3348 bonum
2573 3295 2820 3362 opponit,
2854 3295 2957 3348 hoc
2990 3304 3095 3359 est,
3129 3296 3221 3367 qui
3259 3312 3449 3351 recens
3475 3314 3565 3353 re-

283 3388 565 3458 κεκίνηται
594 3387 768 3455 λόγος.
808 3385 918 3455 Τὴν
953 3385 1049 3455 μὲν
1084 3382 1210 3453 γὰρ,
1236 3382 1358 3436 ὅθεν
1397 3378 1464 3451 ἦν
1498 3383 1645 3445 είκὸς
1683 3383 1871 3451 ἀδικη-

286 3479 545 3550 οήσεσθαί
576 3495 690 3540 πως
733 3476 915 3540 αὑτὸν,
961 3473 1339 3544 ἀπεκρούσατο
1375 3473 1553 3537 δόξαν.
1585 3476 1870 3544 Προφήτου

284 3574 341 3626 δέ
382 3590 437 3624 τι
483 3572 641 3623 πλέον
692 3562 837 3638 ἔχειν
887 3564 1078 3630 εἰπὼν,
1129 3563 1565 3634 ἀξιοθαύμαστον
1634 3564 1732 3634 ἤδη
1782 3565 1874 3616 καὶ

286 3663 732 3734 ἁξιεραστότατον
752 3662 862 3721 τοῖς
884 3656 1253 3727 ἀκροωμένοις
1274 3656 1563 3709 ἐδείκνυεν.
1586 3650 1717 3708 Εἶτα
1740 3654 1873 3723 πρὸς

287 3758 499 3819 τούτοις
529 3760 628 3808 οὐκ
660 3753 955 3825 ὲγηγέρθαι
988 3749 1151 3818 φησὶν
1189 3752 1243 3801 ὲν
1285 3750 1561 3818 γεννητοῖς
1601 3746 1874 3813 γυναικῶν

292 3850 535 3919 μείζονα.
560 3845 759 3899 Εἰκόνα
785 3841 1073 3915 τοιγαροῦν
1103 3840 1291 3909 ὥσπερ
1320 3840 1483 3893 αὑτὸν
1518 3840 1739 3902 ἀναθεὶς
1775 3838 1875 3909 τῆς

287 3940 514 4010 ἐνούσης
564 3937 767 4008 ἀρετῆς
808 3937 865 3989 ὲν
903 3936 1183 4004 γεννητοῖς
1228 3932 1500 4000 γυναικῶν
1536 3931 1765 4000 ἔχουσαν
1815 3930 1877 3982 τὸ

286 4030 614 4098 ἀκρότατον,
668 4023 1161 4094 ἀντιπαρατίθησιν
1214 4022 1275 4075 τὸ
1342 4020 1603 4092 μειζόνως
1651 4020 1874 4087 ἀγαθὸν,

287 4120 557 4181 τουτέστι,
601 4118 693 4171 τὸν
732 4118 856 4187 ἄρτι
889 4118 991 4187 τῆς
1026 4114 1301 4184 βασιλείας
1342 4114 1642 4183 ἁψάμενον,
1677 4114 1769 4166 καὶ
1799 4115 1877 4177 εἰς

288 4212 406 4261 υἱον
450 4207 883 4277 ἀναγεννηοέντα
914 4205 1048 4259 Θεοῦ
1081 4205 1166 4259 διὰ
1197 4204 1292 4258 τοῦ
1324 4204 1638 4275 Πνεύματος
1658 4221 1670 4233 ο
1709 4204 1773 4255 ἵν’
1820 4205 1876 4271 ἐξ

286 4296 365 4353 ὧν
404 4302 605 4361 ἐκεῖνος
649 4298 708 4350 τὸ
741 4298 959 4351 ἔλαττον
1001 4297 1140 4367 ἔχων
1172 4295 1545 4366 Θαυμάζεται,
1589 4292 1879 4363 ἀξιολογὼ-

287 4410 443 4444 τατοι
480 4390 754 4459 φαίνοιντο
788 4392 885 4459 τῆς
920 4388 1197 4458 βασιλείας
1235 4390 1281 4440 οί
1330 4386 1566 4457 μέτοχοι,
1616 4384 1879 4456 βαδίζοιεν

287 4480 347 4533 δὲ
381 4479 675 4554 προθύμως
708 4478 851 4541 τινὲς
898 4478 990 4528 ἐπὶ
1026 4475 1087 4528 τὺ
1134 4475 1399 4546 ἁρπάζειν
1442 4476 1632 4545 αὐτὴν,
1683 4478 1744 4528 ἐκ
1784 4478 1881 4546 τῆς

302 4570 553 4625 Ἰωάννου
586 4569 754 4639 τιμῆς
780 4570 842 4621 τὸ
872 4568 1179 4639 ὑπερφέρον
1213 4569 1385 4637 αὐτῆς
1413 4566 1879 4639 ἀναμετρούμενοι

1975 3402 2139 3454 gnum
2176 3384 2436 3440 caelorum
2485 3395 2816 3441 consecutus
2846 3396 3011 3450 esset,
3064 3397 3119 3442 et
3162 3388 3214 3441 iu
3262 3389 3429 3444 lilium
3466 3390 3563 3447 Dei

1980 3488 2330 3547 regeneratus
2364 3492 2458 3546 per
2479 3477 2775 3546 Spiritum,
2832 3487 2888 3531 ut
2916 3494 2979 3533 ex
3017 3479 3216 3549 quibus
3254 3481 3341 3536 ille
3383 3482 3563 3539 minus

1978 3570 2207 3634 habens,
2242 3568 2585 3623 admirationi
2618 3578 2783 3636 esset,
2815 3568 2967 3638 regni
3002 3569 3292 3639 participes
3327 3571 3562 3628 admira-

1980 3661 2129 3714 tione
2158 3658 2465 3727 dignissimi
2498 3659 2806 3723 videantur,
2856 3670 3021 3729 utque
3073 3662 3165 3715 alii
3199 3662 3455 3717 alacriter
3496 3666 3565 3723 ad

1976 3752 2374 3820 capessendum
2421 3749 2552 3804 illud
2603 3751 2963 3815 contendant,
3022 3766 3089 3806 ex
3130 3750 3353 3808 Joannis
3392 3753 3564 3822 gloria

1979 3842 2299 3895 immensam
2355 3841 2497 3895 illius
2544 3841 3010 3909 pulchritudinem
3060 3844 3415 3899 mstimantes.
3462 3845 3567 3901 Ne-

1978 3949 2084 4002 que
2112 3934 2253 3987 cnim
2278 3934 2372 4003 qui
2398 3948 2522 3987 cum
2548 3949 2715 4002 parva
2744 3950 2800 3989 re
2836 3936 3141 4001 contendit,
3174 3951 3423 4007 magnam
3451 3937 3567 4007 gluo

1981 4020 2115 4073 riam
2146 4021 2402 4090 consequi
2429 4031 2629 4089 potest,
2657 4024 2750 4077 sed
2782 4023 2825 4076 si
2856 4039 2979 4078 cum
3009 4038 3206 4094 magno
3228 4025 3565 4093 conferatur,

1980 4108 2185 4175 majore
2244 4124 2494 4164 mensura
2544 4111 2725 4166 vincit.
2775 4112 3019 4180 Regnum
3072 4124 3252 4169 autem
3300 4116 3565 4171 caelorum

1982 4199 2218 4268 Spiritus
2269 4202 2469 4254 donum
2522 4216 2647 4255 esse
2683 4202 2935 4269 dicimus,
2965 4202 3119 4273 juxta
3184 4206 3311 4260 illud
3360 4207 3566 4261 Christi

1979 4293 2183 4347 dictum
2220 4311 2231 4346 :
2267 4310 2285 4342 ι
2322 4290 2567 4359 Regnum
2600 4293 2861 4347 cmlorum
2900 4296 3043 4349 intra
3068 4310 3166 4351 vos
3198 4297 3365 4351 est”.
3400 4317 3417 4349 ι
3452 4297 3567 4351 Ma—

1976 4383 2064 4458 jur
2096 4384 2277 4453 itaque
2304 4384 2557 4438 erunibus
2590 4386 2733 4440 natis
2756 4400 2787 4438 e
2819 4386 3044 4442 muliere
3072 4398 3173 4451 est,
3198 4389 3289 4458 qui
3322 4404 3417 4457 per
3447 4390 3569 4460 Spi-

1985 4473 2147 4527 ritum
2197 4484 2547 4542 regeneratus
2590 4483 2691 4527 est.
2743 4472 2822 4527 llli
2856 4475 3001 4527 enim
3044 4477 3219 4530 adhuc
3257 4477 3352 4531 ﬁlii
3389 4479 3570 4533 carnis

1986 4564 2351 4633 appellantur;
2406 4563 2455 4615 lii
2496 4578 2624 4617 vero
2654 4562 2821 4617 Deum
2856 4566 3020 4619 totius
3064 4566 3301 4622 universi
3352 4567 3569 4623 Patrem

289 4661 510 4724 κάλλος.
538 4662 613 4713 Οὐ
649 4662 757 4731 γὰρ
798 4660 857 4713 τὸ
914 4658 1094 4730 μικρῷ
1131 4676 1238 4711 τινι
1294 4658 1627 4726 φιλονεικοῦν
1670 4661 1747 4722 εἱς
1782 4676 1866 4711 πο·

1993 4662 2278 4716 vocantes,
2314 4662 2369 4705 ut
2398 4652 2493 4707 ﬁlii
2536 4669 2659 4707 eum
2690 4655 2965 4720 invocant,
3010 4658 3254 4712 dicentes
3288 4676 3300 4712 :
3340 4677 3358 4711 ι
3392 4660 3567 4728 Abba,

291 4753 515 4821 σότητα,
544 4752 645 4821 τὴν
678 4750 771 4805 τοῦ
815 4751 1050 4821 μεγάλου
1082 4750 1239 4815 δόξαν
1266 4750 1571 4815 ἀποίσεται,
1603 4752 1717 4806 ἀλλ’
1739 4752 1793 4805 εί
1820 4769 1875 4805 τι

289 4844 430 4913 πρὸς
468 4844 611 4913 μέγα
658 4842 755 4913 τὴν
788 4842 1073 4911 σύγκρισιν
1120 4840 1263 4912 ἔχοι,
1309 4842 1387 4913 τῷ
1434 4844 1639 4897 πλείονι
1690 4844 1875 4915 μέτρῳ

286 4936 417 5004 νικᾷ
443 4934 537 4987 καὶ
561 4933 955 5001 ὑπερτείνεται.
984 4934 1269 4988 Βασιλείαν
1290 4934 1345 4987 δὲ
1379 4934 1625 5006 οὐρανῶν
1650 4935 1748 5004 τὴν
1777 4933 1871 4987 τοῦ

286 5025 614 5096 Πνεύματος
660 5026 807 5080 δόσιν
849 5022 990 5079 εἷναί
1044 5043 1243 5096 φαμεν,
1291 5026 1433 5079 κατὰ
1477 5026 1538 5079 τὸ
1588 5027 1873 5098 εἰρημένον

283 5118 448 5188 παρά
495 5116 766 5187 Χριστοῦ*
805 5136 822 5168 ι
864 5117 929 5170 Ἤ
979 5115 1226 5186 βασιλεία
1268 5115 1379 5169 τῶν
1436 5116 1681 5189 οὐρανῶν
1729 5117 1877 5180 ἐντὸς

286 5204 447 5275 ὑμῶν
493 5207 631 5260 ὲστι.
658 5224 677 5257 ι
716 5206 934 5271 Μείζων
972 5202 1064 5259 οὖν
1104 5205 1213 5274 ἄρα
1243 5206 1444 5270 παντὸς
1476 5206 1736 5277 γεννητοῦ
1782 5224 1879 5275 γυ-

285 5298 479 5360 ναικὸς
500 5301 529 5351 ό
556 5301 620 5369 τῇ
648 5298 742 5352 τοῦ
770 5298 1089 5370 Πνεῦματος
1109 5299 1465 5368 ἀναγεννὴσει
1495 5298 1875 5368 τετιμημένος.

284 5387 357 5438 υί
393 5386 491 5455 μὲν
518 5390 629 5457 γάρ
672 5386 751 5439 ἔτι
794 5387 959 5440 τέκνα
993 5386 1280 5440 καλοῦνται
1329 5386 1554 5457 σαρκὸς,
1583 5388 1633 5439 οί
1675 5388 1731 5440 δὲ
1763 5388 1878 5440 Πα-

286 5475 425 5545 τέρα
476 5474 567 5526 τὸν
605 5473 717 5527 τῶν
775 5475 911 5529 ὅλων
961 5474 1393 5546 ἐπιγραφόμενοι
1446 5474 1599 5539 Θεὸν,
1652 5475 1727 5536 ῶς
1770 5476 1877 5527 υίοὶ

288 5564 705 5637 προσεύχονται,
736 5566 983 5634 λέγοντες
1004 5583 1017 5596 ·
1052 5585 1070 5617 ι
1106 5565 1295 5631 Ἀϐὅᾶ,
1325 5568 1354 5619 ό
1383 5568 1626 5637 Πατήρ.»
1660 5566 1873 5620 Οὐκοῦν

288 5655 338 5705 εί
375 5656 463 5710 καί
493 5654 805 5725 ἑνυπάρχῃ,
834 5657 986 5724 φησι,
1035 5654 1276 5726 γεννητῷ
1306 5656 1560 5723 γυναικὸς
1590 5655 1649 5708 τὸ
1692 5658 1749 5709 ὲν
1782 5656 1873 5727 ἕρ-

361 5834 397 5867 “
433 5835 568 5893 Luc.
605 5852 744 5899 svtt,
775 5834 867 5889 2i.

948 5834 990 5865 “
1022 5834 1177 5890 Rom.
1214 5850 1327 5900 vttt,
1372 5834 1455 5889 15.
1534 5835 1579 5866 θ’
1607 5832 1649 5887 li
1688 5832 1835 5887 Pctr.
1870 5850 1909 5900 ι,
1952 5836 1996 5887 ί.

1987 4741 2236 4797 Pater“.
2268 4762 2286 4793 ι
2333 4742 2597 4809 Quocirca
2639 4746 2854 4800 tametsi
2904 4746 3182 4817 Baptistae,
3238 4762 3297 4804 ut
3348 4768 3414 4807 ex
3461 4770 3571 4806 tnu-

1987 4832 2123 4889 licre
2163 4842 2313 4899 natu,
2346 4849 2556 4888 summa
2587 4849 2809 4904 cperunt
2845 4840 3159 4906 praestantia
3192 4840 3359 4896 insit:
3393 4845 3570 4914 major

1988 4937 2166 4981 tamen
2215 4940 2280 4980 eo
2330 4926 2435 4979 erit
2486 4927 2577 4994 qul
2629 4926 2697 4979 ad
2742 4941 2967 4997 regnum
3021 4931 3283 4987 cmlorum
3344 4945 3571 4991 vocatus

1986 5018 2186 5083 fuerit;
2224 5017 2347 5087 quia
2381 5031 2486 5072 non
2521 5019 2756 5089 amplius
2798 5020 3086 5076 vocabitur
3122 5023 3263 5079 [ilius
3302 5026 3567 5093 mulieris,

1987 5108 2082 5162 sed
2110 5107 2306 5161 divinae
2335 5118 2540 5161 natura:
2572 5110 2848 5179 particeps
2873 5112 2964 5166 llet
2987 5112 3054 5176 “,
3086 5121 3139 5167 et
3170 5115 3313 5170 illius
3346 5116 3441 5171 Dei
3472 5135 3568 5172 vo-

1988 5199 2205 5253 cabitur
2227 5198 2272 5229 “
2298 5216 2312 5252 :
2342 5199 2559 5255 tametsi
2589 5202 2765 5257 minor
2788 5202 2859 5258 sit
2880 5204 2946 5258 iis
2969 5205 3061 5275 qui
3092 5207 3418 5276 perfectiore
3444 5224 3571 5265 sunt

1990 5288 2197 5355 habitu,
2249 5298 2305 5342 et
2334 5289 2561 5359 pusillus
2610 5290 2791 5348 infans
2842 5295 3017 5351 adhuc
3066 5312 3363 5369 recensque
3410 5310 3570 5357 natus

1986 5381 2253 5435 videatur.
2288 5381 2425 5448 Quia
2452 5397 2582 5438 vero
2611 5386 2949 5454 regeneratio
2980 5402 3079 5457 per
3112 5388 3374 5459 Spiritum
3404 5390 3569 5447 Joan-

1990 5470 2075 5527 nis
2102 5482 2155 5527 et
2192 5473 2435 5527 omnium
2468 5475 2560 5543 qui
2600 5491 2662 5531 ex
2710 5477 3029 5535 mulieribus
3070 5482 3184 5536 nati
3227 5491 3353 5537 sunt
3384 5485 3569 5538 condi-

1994 5567 2195 5620 tionem
2231 5566 2414 5619 multis
2442 5567 2744 5625 intervallis
2772 5570 2844 5625 sit
2868 5584 3212 5641 superatura,
3244 5588 3348 5628 non
3381 5586 3570 5629 extra-

1992 5671 2126 5710 neus
2166 5655 2324 5710 nobis
2353 5657 2679 5725 quaerendus
2710 5670 2792 5716 est
2836 5662 3012 5728 testis,
3046 5664 3141 5717 sed
3172 5662 3413 5721 Joannes
3454 5664 3570 5734 ipse

2077 5836 2118 5865 σε
2149 5834 2165 5887 l
2199 5835 2354 5891 Joau.
2389 5851 2469 5901 nt,
2508 5837 2556 5891 l.
