3994 6324
244 434 341 492 ΓΠ

742 558 1110 648 ΛΟΓΟΣ
1186 562 1329 645 ΙΒ.

246 739 347 805 είς
373 736 457 804 τὸ,
485 754 503 789 t
537 737 681 807 Ἐγὼ
701 737 772 790 ἐν
793 737 876 804 τῷ
900 736 1105 807 Πστρῖ,
1132 736 1233 807 καὶ
1256 736 1518 807 όνιῑατὴρ

454 806 575 874 καὶ,
608 806 635 859 t
672 807 815 878 Ἐγὼ
841 809 940 863 καὶ
970 812 1004 863 ό
1026 806 1243 877 Πατὴρ
1270 806 1342 861 ἓν
1363 807 1570 878 ἐσμεν.
1599 826 1619 859 ι

518 942 839 1009 Ἀντίθεσις
870 943 951 1010 ὡς
987 942 1056 996 ἐκ
1094 940 1214 996 τῶν
1250 939 1581 1010 alpes-mins.

312 1055 505 1121 οὐδὲν,
534 1057 688 1127 φασὶ,
716 1056 1052 1125 θαυμαστὸν,
1083 1057 1133 1109 ει
1161 1056 1188 1108 6
1219 1056 1413 1127 Πατήρ
1443 1057 1590 1109 ἐστιν
1616 1059 1672 1107 ἑν
1701 1052 1837 1124 Υῖῷ,

239 1149 335 1202 καὶ
362 1150 391 1201 6
422 1144 553 1212 Υἱὸς
581 1149 641 1201 iv
673 1149 849 1219 Πατρὶ
870 1189 885 1212 ,
931 1149 1068 1202 ὅπου
1102 1148 1195 1201 καὶ
1242 1148 1370 1218 περὶ
1414 1146 1572 1218 ἡμῶν
1604 1146 1659 1200 αι
1700 1144 1841 1199 θεῖαι

238 1236 461 1306 λέγουσι
487 1238 701 1310 Γραφαὶ
729 1239 811 1292 ὅτι
841 1257 859 1290 ι
883 1240 973 1293 Ἐν
1000 1238 1153 1311 αὐτῷ
1182 1238 1366 1309 ζῶμεν
1392 1238 1487 1291 καὶ
1517 1236 1838 1308 κινούμεθα,

240 1329 335 1381 καὶ
371 1329 563 1399 ἑσμόν.
589 1347 609 1380 ι
645 1329 857 1404 Ὠσπερ
887 1326 981 1385 οῦν
1009 1330 1108 1385 καὶ
1148 1332 1323 1402 ἡμεῖς
1351 1332 1408 1385 iv
1444 1330 1596 1401 αὐτῷ
1634 1326 1838 1401 ζῶμεν,

238 1419 334 1473 καὶ
380 1419 704 1491 κινούμεθα,
748 1422 844 1476 καὶ
886 1420 1077 1492 ἐσμὲν,
1121 1420 1375 1494 καθάπερ
1406 1421 1655 1492 εἴρηται,
1699 1418 1843 1473 οὕτω

241 1510 338 1563 καὶ
365 1511 395 1563 6
424 1510 557 1575 Υίός
585 1512 735 1566 ἔστιν
764 1513 821 1566 ιν
850 1512 1045 1582 Πατρί.
1088 1510 1213 1574 Πῶς
1237 1510 1351 1582 γὰρ
1379 1506 1491 1565 οἷόν
1524 1526 1586 1563 τε
1619 1507 1849 1580 μείζονα.

240 1604 373 1658 ὂντα
407 1591 503 1657 τοῦ
538 1602 664 1659 Υίοῦ
704 1607 904 1676 χωρεῖν
932 1607 990 1659 tv
1022 1602 1174 1675 αὐτῷ
1202 1603 1295 1657 τὸν
1334 1602 1589 1674 Πατέρα-;
1616 1601 1689 1654 Ἢ
1724 1598 1843 1663 πῶς

243 1702 385 1755 κατά
414 1701 551 1758 πολὺ
576 1704 673 1757 τοῦ
711 1704 925 1775 Πατρὸς
955 1702 1350 1775 ιλαττούμενος
1374 1705 1404 1757 6
1429 1702 1578 1767 Υἱὸς,
1609 1702 1677 1754 ἐν
1695 1697 1845 1771 αὐτῷ

242 1794 495 1865 χωρῆσαι
520 1797 808 1869 δυνήσεται
837 1798 931 1852 καὶ
962 1796 1251 1869 πληρῶσαι
1284 1797 1343 1851 τὸ
1378 1796 1606 1868 μεῖζονς

744 1909 903 1979 Πρὸς
930 1909 1109 1965 τοῦτο
1142 1909 1347 1978 λύσις.

314 2015 377 2069 Ei
394 2017 651 2091 καθάπερ
676 2018 837 2090 σῶμα
860 2020 919 2073 ιν
942 2018 1155 2091 σώματι
1182 2021 1383 2092 χωρεῖν
1403 2020 1579 2075 οῐεσθε
1604 2020 1696 2076 τὸν
1718 2020 1847 2075 Υῑδν

244 2109 302 2160 tv
338 2109 453 2161 Πατ
465 2110 540 2180 pi,
567 2110 797 2174 εἰκότως
826 2110 913 2173 ἂν,
958 2105 1139 2183 οἶμαι,
1169 2111 1267 2166 καὶ
1299 2110 1483 2185 ζητεῖν
1511 2111 1723 2166 ῑλοισθι
1754 2112 1847 2167 τὸν

242 2202 322 2265 είς
357 2202 623 2271 ἀλλήλους
663 2202 1133 2275 ἀντεμϐισασμόν.
1169 2205 1295 2258 Ἐπὶ
1338 2203 1439 2275 μὲν
1467 2205 1578 2275 γάρ
1620 2204 1849 2269 σκεύους

243 2293 567 2363 ὁστρακίνου
594 2294 758 2364 τυχὸν
788 2294 822 2365 ἢ
855 2294 914 2363 ἐξ
944 2295 1139 2367 ἑτέρας
1168 2296 1314 2360 τινὸς
1345 2295 1479 2368 ὕλης
1513 2313 1849 2352 κατεσκευα-

247 2385 471 2455 σμένου,
498 2386 601 2439 οὐκ
628 2384 876 2457 ἀκομψον
910 2386 1041 2450 ἴσως
1072 2386 1133 2441 τὸ
1164 2386 1347 2457 λέγειν
1376 2386 1451 2460 μὴ
1486 2387 1747 2443 δύνασθαι
1787 2387 1850 2443 τὸ

249 2472 431 2542 μεῖζον
500 2471 582 2543 τῷ
639 2474 886 2528 ἐλάττονι
938 2474 1194 2545 γενέσθαι
1256 2478 1543 2549 χωρητὸν,
1609 2478 1732 2551 μηδ’
1777 2472 1847 2533 αὖ

247 2565 405 2618 πάλιν
433 2564 498 2618 τδ
528 2564 749 2621 ἑλαττον
786 2567 1137 2639 ἀναπληροῦν
1166 2569 1227 2622 τὸ
1259 2571 1464 2641 μεῖζον.
1501 2572 1626 2625 Ἐπὶ
1651 2571 1709 2625 δὲ
1740 2572 1850 2627 τῶν

245 2657 577 2726 ἀσωμάτων,
617 2657 713 2712 καὶ
757 2651 835 2713 ὧν
867 2660 900 2722 ή
951 2658 1115 2729 φύσις
1150 2659 1212 2713 τὸ
1244 2660 1307 2715 ἐκ
1346 2678 1493 2726 τινος
1540 2661 1677 2735 ὕλης
1711 2660 1849 2719 εἶναι

244 2748 610 2818 διαπὲφευγε,
654 2753 805 2804 ποῖον
841 2749 909 2805 ἂν
949 2749 1064 2822 ἔχει
1110 2751 1271 2821 λόγον
1309 2754 1343 2824 ἡ
1397 2755 1703 2826 πρότασις;
1737 2756 1850 2810 Καὶ

245 2840 419 2896 ταῦτά
457 2858 639 2912 φαμεν
680 2843 756 2906 ὡς
785 2843 923 2916 πρὸς
953 2843 1015 2897 τὸ
1046 2845 1241 2917 παρὸν,
1272 2846 1335 2900 τὸ
1374 2849 1505 2919 παρ’
1533 2848 1664 2919 ὑμῖν
1702 2852 1850 2921 ἀμα-

248 2932 355 2997 θῶς
381 2933 778 3004 ὑπονοούμενον
819 2937 1299 3007 συγχωρήσαντες,
1328 2940 1424 2993 καὶ
1452 2940 1707 3013 καθάπερ
1747 2944 1850 2997 αὐ·-

246 3027 331 3079 101
397 3024 750 3097 πλανώμενοι
790 3028 1221 3094 πεπιστεύκατε,
1271 3030 1499 3101 μείζονα
1564 3032 1659 3088 τοῦ
1714 3034 1848 3089 Υίοῦ

247 3114 389 3173 εἶναι
422 3117 607 3187 λέγειν
641 3118 733 3171 τὸν
756 3119 998 3191 Πατέρα’
1028 3123 1057 3175 6
1087 3121 1144 3176 δὲ
1165 3124 1267 3193 τῆς
1290 3124 1548 3196 ἀληθείας
1568 3125 1730 3196 λόγος
1750 3128 1850 3200 οὐχ

246 3209 419 3274 οὕτως
450 3210 583 3280 ἔχει.
615 3211 775 3264 Ἔστι
811 3211 919 3285 γάρ
952 3214 1067 3275 ῐσος
1109 3213 1187 3285 τῷ
1234 3216 1414 3287 Πατρὶ
1453 3217 1595 3272 κατά
1637 3219 1839 3275 πάντα.

1668 428 2109 487 TllESAURUS.

1861 570 1906 626 Α

1876 1925 1922 1982 Β

3427 424 3530 481 ΠΒ

2296 562 2872 657 ASSERTIO
2944 565 3176 654 ΧΗ.

1541 735 1612 790 6r
1642 735 1788 807 ὁμοί,
1812 754 1830 788 ι

1955 738 2002 793 lu
2053 738 2231 793 illud:
2270 757 2289 790 ι
2325 736 2438 809 Ego
2478 740 2533 793 in
2576 737 2761 802 Patre,
2811 750 2859 793 et
2896 737 3056 793 Pater
3103 739 3157 792 in
3204 736 3369 805 me";
3408 753 3427 789 ι
3460 746 3533 803 et,

2229 828 2247 861 ι
2280 808 2392 880 Ego
2424 820 2473 864 ει
2512 809 2675 865 Pum-
2714 826 2876 864 unum
2918 824 3102 865 sumus
3120 810 3189 864 ".
3225 827 3245 861 ι

2393 942 2636 1015 Objectio
2681 944 3077 1000 hereticorum.

2012 1056 2157 1112 Nihil
2190 1057 2386 1114 mirum
2432 1068 2536 1124 est,
2576 1059 2850 1129 inquiunt,
2897 1058 2941 1114 si
2975 1057 3135 1113 Pater
3166 1067 3249 1112 est
3290 1056 3342 1111 in
3375 1054 3534 1120 Filio,

1942 1160 1997 1207 et
2026 1151 2198 1207 Filius
2244 1151 2297 1206 in
2344 1152 2531 1218 Patre,
2586 1167 2709 1208 cum
2760 1154 2827 1207 de
2868 1151 3025 1207 nobis
3059 1151 3225 1209 etiam
3260 1149 3417 1221 107
3452 1163 3541 1204 sa-

1942 1256 2049 1299 crae
2090 1242 2388 1316 Scriptum
2436 1244 2641 1313 dicant,
2678 1244 2821 1314 quod
2856 1245 2967 1323 «εἰη
3016 1243 3134 1315 ipso
3186 1242 3447 1309 vivimus,
3486 1252 3538 1296 et

1943 1350 2264 1402 movemur,
2318 1345 2373 1393 et
2438 1336 2719 1395 sumus".
2753 1356 2771 1389 ι
2844 1335 3317 1403 Quemadmodum
3374 1335 3539 1406 igitur

1943 1429 2107 1483 etiam
2148 1443 2251 1485 nos
2282 1429 2336 1485 in
2382 1430 2499 1500 ipso
2520 1430 2778 1494 vivimus,
2814 1438 2869 1483 et
2903 1442 3207 1494 movemur,
3242 1438 3298 1484 et
3323 1443 3535 1497 sumus,

1944 1519 2089 1576 sicut
2127 1521 2391 1592 scriptum
2428 1530 2532 1587 est,
2576 1522 2651 1576 ita
2684 1530 2739 1577 et
2783 1520 2956 1576 Filius
2987 1530 3073 1577 est
3109 1522 3163 1576 iu
3196 1519 3378 1575 Patre.
3420 1520 3541 1587 Quo

1946 1617 2105 1680 pacto
2144 1610 2287 1666 enim
2314 1608 2432 1665 ﬁeri
2459 1618 2659 1681 potest,
2688 1619 2747 1665 ut
2789 1609 2953 1666 Pater
2986 1625 3109 1665 cum
3146 1609 3321 1679 major
3344 1609 3419 1663 sit
3450 1606 3542 1662 Fiv

1944 1700 2039 1765 lio,
2095 1699 2151 1755 in
2202 1714 2267 1756 eo
2300 1699 2702 1756 contineatur?
2743 1700 2852 1755 Aut
2898 1698 3172 1767 quomodo
3211 1698 3399 1763 Filius,
3451 1698 3543 1767 qui

1948 1791 2118 1847 multo
2156 1791 2337 1847 minor
2364 1800 2471 1860 est,
2511 1790 2774 1861 majorem
2812 1789 3041 1859 implere
3070 1788 3271 1860 possit?

2478 1904 2683 1961 Salutio
2712 1905 3042 1974 objectionis.

2022 2020 2081 2077 Si
2119 2030 2177 2077 ut
2204 2036 2405 2094 corpus
2452 2035 2683 2094 corpore
2734 2021 3073 2085 continetur,
3128 2020 3203 2074 ita
3245 2019 3443 2075 Filiqu
3492 2020 3546 2075 in

1950 2112 2115 2179 Patre
2139 2113 2410 2169 contineri
2442 2113 2797 2180 existimatis,
2827 2111 3025 2167 merito
3062 2110 3295 2167 fortasse
3323 2110 3550 2166 alterius

1950 2205 2006 2259 in
2054 2202 2229 2259 altero
2280 2201 2683 2274 impositionem
2751 2200 3033 2273 qureratis.
3110 2197 3246 2253 Nam
3306 2198 3361 2251 in
3421 2212 3551 2256 vase

1952 2293 2196 2366 ﬂgulino,
2242 2303 2338 2350 aut
2377 2310 2447 2352 ex
2485 2295 2589 2350 alia
2635 2293 2818 2363 aliqua
2866 2292 3095 2349 materia
3132 2286 3415 2355 conﬂato,"
3440 2306 3549 2346 non

1950 2389 2137 2459 inepte
2193 2387 2478 2455 dixeritis,
2530 2387 2710 2455 majus
2759 2386 2814 2441 in
2862 2386 3075 2440 minore
3120 2383 3393 2440 contineri
3441 2398 3549 2438 non

1950 2495 2152 2552 posse:
2182 2495 2361 2551 neque
2400 2494 2593 2537 rursus
2617 2480 2799 2535 minus
2826 2492 2987 2549 posse
3037 2476 3264 2548 implere
3308 2475 3362 2530 id
3404 2476 3551 2545 quod

1952 2570 2128 2641 majus
2158 2582 2262 2629 est.
2310 2570 2369 2627 in
2402 2572 2741 2643 incorporcis
2788 2586 2946 2636 vero,
2990 2578 3047 2625 et
3078 2584 3309 2640 quorum
3357 2578 3551 2623 natura

1950 2665 2132 2721 omnis
2151 2665 2398 2721 materiae
2419 2678 2615 2734 expers
2631 2672 2738 2729 est,
2757 2677 2919 2733 quem
2942 2662 3121 2717 locum
3145 2660 3347 2715 habeat
3372 2665 3552 2718 vestra

1951 2752 2479 2826 propositioiAtque
2504 2752 2620 2807 haec
2648 2753 2867 2822 quidem
2890 2752 2943 2804 in
2968 2750 3262 2821 praesentia
3294 2747 3553 2811 diximus.

1952 2847 2156 2916 aliquid
2201 2861 2231 2900 a
2286 2846 2442 2901 vobis
2495 2844 2745 2912 imperite
2794 2838 3001 2903 dictum
3053 2842 3437 2904 concedentes,
3501 2850 3557 2895 et

1953 2937 2410 3007 quemadmodum
2443 2950 2541 2991 vos
2566 2944 2818 2991 errantes
2842 2934 3178 3000 credidistis,
3210 2932 3427 2988 Patrem
3463 2930 3555 2987 Fi-

1953 3027 2025 3082 lio
2058 3024 2323 3094 majorem
2378 3026 2703 3090 dicendum;
2747 3024 2997 3081 veritatis
3043 3034 3225 3079 autem
3261 3024 3399 3078 ratio
3449 3038 3554 3080 non

1952 3116 2026 3172 ita
2054 3130 2115 3172 se
2139 3115 2304 3170 habet
2334 3133 2349 3169 :
2375 3126 2459 3169 est
2486 3115 2633 3170 enim
2659 3114 2887 3184 aequalis
2912 3112 3059 3168 Patri
3088 3127 3186 3183 per
3212 3114 3416 3168 omnia.
3447 3111 3556 3171 Sed

1955 3223 2133 3279 neque
2170 3220 2267 3262 vos
2296 3206 2565 3278 ejusmodi
2613 3207 2799 3261 verbis
2843 3220 3041 3261 usuros
3072 3205 3463 3271 existimarim,
3511 3207 3556 3259 si

248 3290 417 3370 Οἶμαι
464 3302 507 3355 δ’
546 3299 614 3358 αὖ
646 3304 747 3357 οὐκ
791 3304 861 3358 ἂν
907 3305 1053 3375 ὑμᾶς
1098 3305 1238 3370 ὅλως
1280 3308 1495 3373 τούτοις
1534 3310 1848 3380 χρήσασθαι

1959 3296 2332 3369 intelligeretis
2355 3297 2486 3367 quid
2520 3296 2592 3352 sit
2614 3311 2774 3352 verus
2800 3295 2983 3362 Pater,
3020 3297 3147 3367 quid
3175 3313 3335 3353 verus
3362 3298 3554 3364 Filius,

245 3395 361 3457 τοῖς
385 3392 588 3462 λόγοις,
616 3395 775 3465 εἴπερ
801 3394 980 3466 ᾔδειτε
1014 3395 1067 3448 τί
1097 3396 1244 3450 ἐστιν
1275 3397 1532 3469 ἀληθινὸς
1574 3404 1603 3454 6
1633 3403 1847 3475 Πατὴρ,

248 3485 342 3538 καὶ
375 3484 631 3557 ἀληθινὸς
656 3488 685 3540 6
714 3486 865 3555 Υἱὸς,
897 3489 994 3542 καὶ
1024 3490 1079 3543 τί
1113 3489 1229 3559 φῶς
1262 3491 1497 3562 ἀόρατον
1538 3494 1631 3547 καί
1656 3495 1847 3563 ἀΐδιον,

248 3577 346 3632 καὶ
393 3579 458 3632 τδ
494 3580 842 3651 ἀπαύγασμα
885 3581 1075 3647 αὑτοῦ,
1120 3585 1217 3637 καὶ
1251 3584 1304 3637 τί
1336 3585 1498 3639 πάλιν
1529 3586 1679 3641 ἐστὶν
1712 3588 1853 3643 ἀσώ-

252 3688 424 3742 ματος
454 3672 753 3737 ὑπόστασις
771 3674 865 3727 καὶ
891 3675 1177 3747 χαρακτὴρ
1198 3676 1510 3748 ἀσώματος.
1534 3679 1597 3732 Et
1619 3679 1728 3751 γὰρ
1751 3681 1852 3747 τάς

249 3764 381 3835 περὶ
415 3763 529 3818 τῶν
573 3764 831 3819 τοιούτων
881 3770 1105 3839 μνήμας
1138 3768 1281 3823 κατά
1309 3769 1408 3841 τὴν
1439 3770 1642 3843 ἀκριϐῆ
1679 3774 1852 3827 κατά-

248 3852 413 3924 ληψιν
448 3856 529 3917 εἰς
561 3853 688 3907 νοῦν
739 3857 1062 3926 ὲμφορεῖτε,
1109 3859 1328 3923 πάντως
1370 3860 1435 3913 ἂν
1471 3863 1567 3916 καὶ
1612 3861 1711 3934 τὴν
1757 3864 1851 3919 τοῦ

250 3942 387 3997 Θεοῦ
443 3944 606 4013 φύσιν
669 3946 1054 4017 ἐπινοήσαντες,
1102 3950 1203 4003 οὑκ
1258 3949 1324 4004 ἂν
1374 3952 1451 4015 ὠς
1490 3954 1619 4025 περὶ
1659 3957 1853 4027 σωμά-

250 4055 356 4092 των
400 4036 807 4107 ἐφαντάζεσθε,
857 4040 975 4095 ἀλλ’
1021 4042 1335 4109 ἀκολούθως
1384 4049 1499 4110 τοῖς
1539 4047 1853 4119 εἰρημένοις

252 4130 499 4199 ἀκριϐῶς
532 4132 797 4201 ἐζητεῖτε,
832 4134 950 4196 πῶς
982 4134 1083 4206 μὲν
1107 4139 1135 4190 6
1172 4137 1301 4201 Υἱὸς
1328 4138 1386 4191 ἐν
1424 4140 1621 4209 Πατρὶ,
1648 4140 1767 4206 πῶς
1796 4142 1853 4195 δέ

252 4222 400 4277 ἑστιν
428 4223 459 4274 6
502 4223 697 4294 Πατὴρ
730 4224 788 4277 ὲν
824 4225 960 4298 Υίῷ.
1009 4226 1098 4291 Ὠς
1131 4228 1240 4299 γὰρ
1285 4230 1595 4301 χαρακτὴρ,
1640 4233 1737 4286 καὶ
1772 4236 1854 4287 εἰ-

254 4311 386 4379 κὼν,
416 4313 511 4365 καὶ¹
538 4314 884 4386 ἀπαύγασμα
927 4318 1023 4370 καὶ
1065 4320 1340 4389 ὁμοιότης,
1382 4314 1539 4384 οὗτος
1570 4323 1628 4374 ἐν
1658 4323 1855 4394 ἐκείνῳ

254 4406 509 4468 κάκεῖνος
539 4406 597 4457 ὲν
627 4406 802 4478 τούτῳ
852 4409 1125 4477 φαίνεται.
1169 4411 1387 4483 Ἐπειδὴ
1416 4412 1472 4465 δέ
1508 4430 1645 4482 φατε
1684 4414 1854 4491 μηδὲν

254 4492 392 4549 εἶναι
434 4495 771 4567 θαυμαστὸν,
809 4500 860 4551 εἱ
891 4502 986 4554 καὶ
1012 4504 1041 4554 6
1077 4501 1206 4565 Υἱός
1238 4505 1387 4556 ἐστιν
1426 4506 1482 4556 ὲν
1516 4505 1722 4575 Πατρὶ,
1766 4506 1855 4559 διὰ

252 4587 314 4640 τὸ
341 4589 438 4641 καὶ
486 4590 634 4659 ἡμᾶς
663 4590 722 4642 ὲν
753 4589 902 4661 αὐτῷ
935 4594 1203 4647 κινεῖσθαι
1238 4596 1335 4648 καὶ
1383 4593 1504 4666 ζῇν,
1554 4598 1854 4666 ἀναγκαῖον

1956 3401 2013 3449 ει
2046 3391 2175 3462 quid
2210 3384 2391 3447 lumen
2436 3388 2730 3453 invisibile,
2776 3399 2833 3446 ct
2863 3399 3151 3456 aeternum,
3200 3400 3256 3446 ει
3300 3392 3559 3460 splendor

1954 3484 2099 3555 ejus,
2137 3483 2343 3554 etquid
2378 3497 2597 3541 rursum
2630 3482 2944 3556 hypostasis
2980 3483 3306 3553 incorporea
3346 3492 3400 3537 et
3427 3483 3559 3539 clm.

1956 3584 2136 3631 ractcr
2162 3575 2538 3646 incorporeus.
2567 3573 2704 3629 Nam
2733 3576 2778 3630 si
2812 3575 2929 3630 haec
2958 3574 3011 3629 in
3050 3575 3369 3630 memoriam
3400 3590 3556 3631 revo-

1954 3677 2143 3725 cantes
2162 3677 2475 3724 accuratam
2499 3667 2911 3739 perfectamque
2929 3682 3118 3727 eorum
3140 3667 3559 3744 intelligentiam

1956 3766 2141 3817 mente
2169 3759 2557 3831 conceperitis,
2584 3769 2732 3817 certe
2765 3760 3038 3815 intellecta
3073 3769 3269 3817 natura
3296 3760 3415 3827 Dei,
3449 3777 3557 3816 non

1956 3853 2074 3910 hac
2109 3870 2371 3926 corporea
2416 3854 2878 3927 imaginaremini,
2911 3855 3027 3920 sed,
3052 3870 3113 3909 ea
3153 3854 3363 3909 ratione
3393 3869 3556 3923 quam

1957 3945 2215 4013 diximus,
2255 3945 2497 4017 perfecte
2530 3946 2880 4017 inquireretis
2931 3962 3046 4016 quo
3087 3956 3246 4016 pacto
3298 3945 3467 4003 Filius
3503 3948 3556 4001 in

1956 4034 2118 4091 Patre
2134 4035 2225 4102 sit,
2248 4045 2303 4091 et
2326 4052 2435 4106 quo
2452 4048 2611 4107 pacto
2633 4037 2796 4092 Pater
2818 4037 2872 4091 in
2898 4036 3057 4092 Filio.
3087 4036 3555 4105 Quemadmodum

1957 4129 2105 4183 enim
2136 4128 2455 4195 character,
2488 4139 2543 4185 ει
2588 4130 2789 4202 imago,
2828 4140 2881 4185 et
2911 4130 3207 4200 splendor,
3262 4139 3429 4200 atque
3476 4131 3556 4186 si-

1960 4220 2206 4274 militudo
2230 4221 2298 4285 ⁷⁸,
2336 4221 2428 4275 hic
2459 4223 2511 4275 in
2540 4220 2728 4287 illo,et
2760 4222 2852 4276 ille
2884 4223 2938 4276 in
2978 4223 3083 4275 hoc
3117 4224 3385 4277 cernitur.
3416 4221 3553 4278 Cum

1957 4326 2089 4366 vero
2117 4313 2310 4367 dicatis
2343 4313 2477 4367 nihil
2506 4313 2703 4367 mirum
2738 4328 2882 4381 esse,
2904 4314 2949 4368 si
2985 4314 3157 4369 Filius
3190 4313 3262 4369 sit
3289 4315 3342 4369 in
3369 4312 3553 4383 Patre,

1957 4404 2085 4474 quia
2109 4415 2165 4459 et
2191 4420 2288 4459 nos
2314 4404 2367 4458 in
2387 4405 2503 4474 ipso
2527 4420 2811 4459 movemur
2828 4415 2884 4461 et
2907 4406 3161 4473 vivimus,
3183 4409 3555 4464 necessarium

1957 4497 2182 4552 omnino
2219 4496 2498 4553 declarare
2534 4509 2873 4568 quaut0pere
2902 4499 3066 4554 etiam
3104 4500 3208 4556 hac
3243 4500 3296 4556 in
3339 4512 3495 4572 parte
3526 4519 3555 4557 a

1959 4606 2091 4645 vero
2114 4591 2401 4646 abcrretis.
2430 4590 2617 4660 Neque
2639 4592 2783 4647 enim
2814 4594 3272 4662 quemadmodum
3309 4594 3452 4651 Deus
3474 4606 3559 4651 est

255 4679 400 4747 ὑμᾶς
422 4680 527 4733 κάν
552 4680 727 4750 τούτῳ
752 4680 885 4735 πολὺ
917 4682 1309 4753 πλανωμένους
1337 4686 1602 4751 ἐπιδεῖξαι
1628 4686 1849 4757 καὶτῆς

1961 4680 2013 4735 in
2035 4694 2361 4750 unoquoque
2390 4688 2702 4735 sanctorum
2728 4696 2932 4751 eosque
2949 4681 3278 4746 sanctiﬁcat,
3301 4682 3372 4735 ita
3391 4683 3558 4737 etiam

256 4770 515 4842 ἀληθείας
551 4771 927 4843 ἐκϐεϐηκότας
964 4775 1055 4828 τὸν
1084 4778 1229 4846 ὅρον.
1260 4779 1334 4832 Οὐ
1371 4780 1479 4849 γὰρ
1513 4779 1766 4851 καθάπερ
1796 4782 1854 4835 ὲν

257 4863 476 4934 ἑκάστῳ
518 4864 629 4919 τῶν
675 4865 847 4933 ἀγίων
887 4868 1171 4938 γινόμενος
1217 4871 1245 4923 6
1276 4870 1409 4935 Θεὸς
1468 4872 1686 4940 ἁγιάζει
1723 4871 1853 4925 τού-

253 4973 400 5021 τους,
437 4954 616 5019 οὖτως
660 4958 777 5011 ἐστὶ
812 4961 908 5012 καὶ
940 4962 999 5013 ὲν
1031 4960 1111 5030 τῷ
1151 4962 1395 5033 Χριστῷ.
1450 4964 1591 5018 Ἀλλ’
1620 4964 1783 5029 αὐτὸς
1825 4968 1853 5019 6

254 5046 385 5111 Υἱὸς
426 5047 660 5119 δύναμίς
692 5049 809 5101 ἐστι
842 5049 936 5102 καὶ
973 5052 1137 5120 σοφία
1180 5053 1274 5106 τοῦ
1311 5054 1555 5126 Πατρὸς,
1604 5056 1852 5123 ἁγιάζων

256 5142 434 5194 πάντα
469 5140 539 5195 τὰ
573 5139 871 5212 μετέχοντα
896 5143 1063 5196 αὑτοῦ
1093 5144 1151 5197 ἐν
1182 5145 1382 5217 Πατρὶ,
1411 5146 1572 5210 αὐτὸς
1601 5148 1658 5201 δὲ
1690 5149 1853 5202 πάλιν

256 5233 315 5287 6‘3
342 5234 485 5288 κατά
512 5250 634 5285 τινα
668 5234 961 5303 μετουσίαν
987 5236 1143 5303 ἀγιος
1170 5235 1246 5291 ὢν
1287 5236 1478 5311 ὥσπερ
1506 5241 1689 5309 ἡμεῖς,
1730 5239 1853 5293 οὐδὲ

257 5326 399 5379 κατὰ
428 5328 589 5397 χάριν
627 5327 747 5390 Υἱὸς
776 5329 1114 5399 κεκλημένος
1134 5370 1149 5395 ,
1183 5330 1319 5384 ἀλλά
1350 5331 1597 5402 γέννημα
1629 5333 1727 5401 τῆς
1754 5333 1851 5386 τοῦ

258 5416 473 5487 Πατρὸς
508 5418 699 5481 οὐσίας
740 5418 1006 5491 ὑπάρχων
1046 5421 1236 5474 ἀΐδιον.
1282 5422 1396 5475 Οὐκ
1433 5421 1548 5475 ἔστι
1592 5423 1648 5476 δὲ
1689 5423 1853 5478 πάλιν

261 5506 431 5571 οὕτως
462 5510 491 5561 6
531 5506 661 5571 Υἱὸς
706 5509 763 5562 ev
804 5510 981 5581 Πατρὶ
1032 5510 1285 5581 καθάπερ
1322 5513 1518 5581 ἡμεῖς·
1557 5512 1717 5581 ἡμεῖς
1755 5512 1855 5581 μὲν

1956 4781 2041 4827 εει
2079 4773 2131 4827 iu
2162 4772 2403 4827 Christo.
2425 4771 2528 4827 Sed
2548 4772 2661 4841 ipse
2683 4770 2855 4828 Filius
2878 4783 2961 4828 est
2984 4774 3249 4842 sapientia
3289 4771 3471 4829 Patris
3505 4782 3559 4827 et

1952 4864 2192 4934 potentia
2235 4864 2304 4929 "',
2342 4866 2693 4921 sanctiiicans
2731 4866 2916 4921 omnia
2942 4866 3329 4935 participantia
3357 4867 3457 4937 ipsi
3500 4866 3555 4922 in

1954 4957 2190 5025 Spiritu:
2212 4957 2327 5027 ipse
2346 4973 2475 5012 vero
2487 4956 2633 5011 nulla
2651 4958 3067 5027 participatione
3088 4969 3334 5025 sanctus,
3360 4968 3419 5015 ut
3436 4975 3553 5016 nos.

1953 5048 2060 5103 Sed
2113 5040 2290 5119 neque
2320 5064 2418 5119 per
2450 5051 2683 5119 gratiam
2710 5060 2795 5105 est
2827 5050 3024 5117 Filius,
3056 5052 3195 5106 sicut
3217 5068 3339 5120 nos,
3368 5055 3463 5109 sed
3489 5055 3555 5109 ah

1959 5150 2163 5195 aeterno
2187 5156 2255 5197 ex
2293 5141 2531 5195 essentia
2556 5140 2736 5197 Patris
2771 5143 3008 5213 genitus.
3035 5142 3222 5213 Neque
3252 5160 3443 5201 rursus
3471 5146 3559 5201 Fi-

1960 5231 2064 5286 lius
2087 5233 2139 5285 in
2156 5230 2320 5287 Patre
2336 5243 2440 5297 est,
2463 5234 2605 5288 sicut
2634 5250 2774 5289 nos:
2802 5235 3070 5304 siquidem
3097 5251 3195 5291 nos
3214 5237 3264 5289 in
3290 5236 3403 5291 Deo
3422 5236 3560 5291 vivi-

1962 5340 2105 5391 mus,
2129 5335 2185 5381 et
2202 5339 2506 5391 movemur,
2524 5326 2753 5398 108m
2767 5342 2975 5383 sumus.
3000 5329 3072 5382 At
3089 5342 3217 5384 vero
3238 5330 3560 5384 naturaliter

1952 5417 2144 5485 Filius,
2166 5432 2233 5472 ex
2254 5419 2489 5473 essentia
2528 5418 2710 5476 Patris
2727 5420 2889 5475 veluti
2911 5422 3134 5491 perenni
3153 5424 3388 5491 quodam
3411 5423 3559 5479 fonte

1952 5512 2275 5581 procedens,
2298 5511 2403 5566 vita
2431 5522 2515 5567 est
2536 5512 2857 5568 naturaliter
2885 5515 3068 5568 omnia
3092 5514 3374 5569 viviticans
3402 5536 3413 5569 :
3444 5532 3550 5567 non

260 5599 364 5671 γὰρ
397 5602 455 5654 ἐν
494 5599 617 5670 Θεῷ
656 5598 842 5671 ζῶμεν
871 5602 963 5655 καὶ
997 5602 1318 5673 κινούμεθα,
1348 5604 1446 5656 καὶ
1480 5603 1647 5674 ἐσμέν
1673 5621 1685 5633 ·
1738 5605 1766 5656 ὁ
1798 5604 1849 5657 δὲ

1955 5618 2051 5671 per
2080 5604 2551 5673 participationem
2583 5603 2709 5661 vitae
2751 5606 3058 5663 viviticatus
3086 5610 3228 5664 sicut
3258 5623 3376 5664 nos.
3420 5607 3554 5661 Nunt

261 5692 395 5746 κατά
421 5692 588 5761 φύσιν
616 5692 765 5759 Υἱὸς,
796 5693 985 5765 ὥσπερ
1011 5695 1119 5747 ἀπό
1150 5712 1295 5759 τινος
1323 5699 1504 5767 πηγῆς
1532 5698 1616 5751 ἀεὶ
1651 5698 1851 5768 ζώσης,

327 5874 368 5908 ⁷⁸
398 5873 560 5932 Joau.
598 5887 709 5941 xlv,
754 5873 833 5930 ll.

914 5877 957 5906 ⁷¹
995 5873 1147 5931 Joun.
1188 5892 1239 5931 ι.
1276 5877 1367 5934 ³50.
1451 5880 1496 5911 ⁷³
1522 5880 1643 5937 Act.
1688 5893 1821 5947 λιιι,
1856 5874 1947 5933 28.

1955 5696 2153 5765 alioqui
2191 5712 2293 5750 non
2322 5707 2466 5751 esset
2497 5696 2611 5766 ipse
2653 5698 2917 5754 naturalis
2941 5701 3068 5755 vita.
3098 5700 3253 5769 Quod
3286 5701 3430 5758 enim
3463 5714 3554 5753 us-

2027 5877 2071 5910 7"
2102 5876 2266 5935 ilrhr.
2298 5895 2336 5947 ι,
2370 5879 2419 5935 ὖ.
2504 5881 2545 5912 7⁸
2580 5877 2599 5933 ι
2634 5880 2757 5936 Cor.
2796 5897 2834 5948 ι,
2872 5881 2961 5935 εει.
