3994 6324
471 424 577 486 I79
1470 421 1528 476 S.
1567 416 1841 475 CYRILLI
1881 410 2347 469 ALEXANDRINI
2388 412 2710 471 ARCHIEP.
3614 409 3721 467 180

470 543 696 599 cititium
720 549 802 599 est
832 548 888 598 et
918 538 1253 595 extrinsecus
1286 537 1601 604 adveniens,
1644 533 1960 629 naturaliter
1980 532 2028 588 ei

2149 533 2199 584 ix
2244 530 2348 601 τῆς
2397 530 2491 584 τοῦ
2549 528 2766 602 Πατρδς
2815 526 3003 594 οὐσίας
3057 526 3359 602 προελθὼν,
3417 526 3532 596 ζωὴ
3576 522 3720 578 κατὰ

467 633 556 703 qui
592 630 1066 700 possidet,.inesse
1100 647 1204 687 non
1245 629 1462 685 dicitur.
1504 626 1643 684 Dicit
1670 642 1796 683 vero
1822 624 2035 728 Filius:

2149 620 2301 692 ptiotv
2326 622 2466 690 ἐστὶ,
2497 622 2677 677 πάντα
2704 621 3017 691 ζωογονῶνο
3049 622 3110 675 οὐ
3143 621 3285 675 κατὰ
3320 619 3556 728 μετοχὴν
3576 616 3721 725 ζωῗις

471 742 491 774 ι
526 723 638 793 Ego
668 734 788 778 sum
820 722 953 778 vita.
983 741 1003 775 ι
1036 720 1153 778 Non
1186 721 1349 792 igitur
1372 718 1825 791 quemadmodum
1855 731 1956 772 nos
1980 715 2036 771 in

2149 713 2575 786 ἷωογονούμενος
2615 712 2804 787 ὥσπερ
2834 716 3021 786 ἡμεῖς.
3048 709 3121 768 Ἦ
3148 716 3258 786 γὰρ
3287 712 3352 766 ἂν
3382 712 3482 765 οὐκ
3526 704 3592 762 ἂν
3634 709 3721 778 εἴη

467 812 580 871 Deo
601 814 960 879 viviﬁcamur,
988 814 1064 870 ita
1094 816 1257 869 etiam
1286 813 1398 882 ipse
1422 806 1578 875 vivit,
1613 818 1807 875 etest;
1845 808 1939 865 sed
1980 822 2040 863 re

2149 806 2276 859 catch
2321 807 2484 878 φύσιν
2533 808 2669 879 ζωή.
2730 808 2804 862 Τὸ
2851 807 2961 879 γὰρ
3018 806 3342 861 ἐπείσακτον
3392 804 3487 858 καὶ
3523 798 3723 905 ἔξωθεν

466 920 594 961 vera
628 908 951 963 naturaliter
979 917 1065 963 est
1111 906 1253 976 quod
1286 905 1523 973 seipsum
1569 918 1691 959 esse
1738 902 1890 969 dicit,
1932 901 2037 957 hoc

2149 902 2559 972 rrpoampts-Okv,
2585 902 2687 956 οὐκ
2716 901 2783 955 ἂν
2815 905 2987 956 νοοῖτο
3024 898 3167 955 κατὰ
3203 897 3367 968 φύσιν
3402 897 3607 965 προσὸν
3643 897 3725 963 τῷ

464 1005 549 1053 est
578 1000 707 1065 vita,
759 1008 811 1059 et
849 999 1168 1054 naturaliter
1214 999 1266 1061 in
1312 997 1474 1057 Patre
1524 995 1813 1061 exsistens,
1864 1008 2034 1049 unum

2149 990 2483 1062 κεκτημένῳ.
2527 991 2691 1060 Λέγει
2718 990 2776 1045 δὲ
2804 988 2834 1044 6
2862 990 3023 1054 Υἱός·
3062 1009 3079 1041 ι
3121 987 3264 1057 Ἐγώ
3308 989 3422 1057 εἰμι
3448 988 3481 1056 ἠ
3531 986 3666 1091 ςωήλ.
3699 1001 3719 1033 ι

464 1104 586 1144 cum
612 1104 677 1146 eo
699 1085 981 1148 identitate
1007 1088 1277 1155 essentia,
1302 1102 1419 1157 quae
1442 1097 1527 1144 est
1550 1086 1742 1141 deitas.

2150 1086 2263 1140 Οὐκ
2299 1085 2446 1154 ἄρα,
2498 1083 2750 1155 καθάπερ
2797 1084 2960 1153 ἡμεῖς
2998 1082 3075 1165 ⁴ἐν
3127 1080 3247 1151 Θεῷ
3282 1074 3722 1147 ζωογονούμεθα,

463 1171 656 1236 ταυτδν
719 1174 786 1253 δὴ
824 1182 919 1237 καὶ
962 1178 1124 1247 αὐτὸς
1159 1182 1251 1236 τὸν
1288 1179 1487 1254 τρόπον
1627 1181 1723 1235 καὶ
1758 1178 1939 1235 ἔστιν·
1970 1181 2084 1236 ἀλλ’
2117 1182 2289 1245 ὅντως
2332 1178 2493 1247 τοῦτο
2521 1177 2661 1232 κατὰ
2702 1175 2863 1247 φύσιν
2902 1175 3164 1247 ὑπάρχων
3201 1175 3339 1242 ὅπερ
3377 1167 3515 1225 εἶναι
3556 1170 3727 1240 φησιν

464 1272 678 1341 ἑαυτὸν,
718 1276 1009 1344 τουτέστι,
1039 1272 1206 1350 ζωὴν,
1246 1281 1339 1336 καὶ
1382 1282 1457 1336 ὢν
1487 1282 1546 1336 ὲν
1577 1283 1753 1355 [Iava
1800 1284 2068 1353 φυσικῶς,
2095 1284 2155 1337 ἒν
2182 1300 2243 1336 τε
2273 1281 2641 1353 ὑπάρχωνὼς
2672 1280 2809 1351 πρὸς
2838 1276 3000 1333 αὐτὸν
3029 1274 3118 1329 διὰ
3158 1272 3259 1344 τὴν
3294 1272 3601 1341 ταυτότητα
3627 1270 3728 1340 τῆς

463 1367 669 1437 οὐσίας,
695 1366 818 1442 ἣτις
839 1371 985 1426 ἐστὶν
1010 1374 1045 1444 ἠ
1072 1372 1284 1444 θεότης.

1136 1463 1366 1524 ALIUD.

838 1550 926 1611 Ex
953 1555 1239 1625 objectione
1270 1560 1654 1615 hereticorum.

532 1667 697 1736 Atqui
732 1668 970 1740 seipsum
1004 1669 1059 1726 in
1087 1670 1248 1727 Patre
1272 1686 1395 1729 esse
1424 1674 1501 1728 ait
1526 1682 1584 1729 et
1622 1672 1848 1728 Patrem
1875 1673 1926 1728 in
1952 1686 2034 1739 se,

2832 1462 3041 1515 ΔΛΛΟ.

2396 1556 2490 1622 Ὠς
2516 1554 2585 1619 ἐξ
2613 1552 2974 1618 ἀντιθέσεως
3005 1548 3129 1605 τῶν
3159 1548 3503 1619 αίῳτικῶνι

2225 1667 2451 1723 Ἑαυτὸν
2486 1661 2626 1720 εἷναί
2658 1681 2824 1737 φησιν
2863 1666 2925 1718 ὲν
2964 1662 3172 1736 Πατρὶ,
3220 1660 3313 1715 καὶ
3355 1662 3415 1714 ὲν
3442 1659 3593 1730 αὐτῷ
3635 1658 3731 1712 τὸν

463 1757 589 1827 quia
628 1772 803 1828 neque
834 1772 1016 1815 sermo
1061 1775 1173 1832 quo
1216 1762 1284 1818 ad
1325 1778 1517 1820 omnes
1547 1764 1822 1830 utebatur,
1868 1776 2041 1834 neque

2149 1762 2389 1834 Πατέρα.
2430 1760 2523 1814 διὰ
2566 1759 2628 1814 τὸ
2669 1760 2812 1831 μήτε
2855 1758 2946 1812 τὸν
2984 1758 3161 1828 λόγον,
3209 1757 3271 1811 δν
3304 1758 3543 1809 ἐποιεῖτο
3590 1753 3730 1825 πρὸς

462 1858 625 1915 opera
648 1845 865 1916 propria
893 1846 1063 1917 ipsius
1083 1860 1260 1912 erant,
1280 1851 1572 1908 sedPatris
1594 1853 1685 1923 qui
1708 1852 2037 1924 ejuscemodi

463 1933 608 2003 loqui
640 1934 887 2006 iubebat,
908 1937 1113 2008 quique
1144 1938 1456 1998 facultatem
1484 1943 1537 1997 ei
1560 1943 1937 2013 suppeditabat
1969 1942 2037 1999 ad

462 2021 792 2093 eiuscemodi
817 2035 1043 2097 operum
1085 2023 1475 2100 impietionem.

968 2204 1179 2264 Salutio
1215 2210 1543 2281 objectionis.

531 2290 717 2354 [iiceat
757 2308 887 2370 ergo
918 2309 1018 2371 per
1064 2315 1186 2367 vos,
1230 2304 1493 2371 haeretici,
1539 2305 1704 2361 etiam
1750 2298 2039 2378 unicuique

461 2396 773 2446 sanctorum
803 2386 1111 2461 huiusmodi
1140 2401 1327 2450 r0cem
1350 2396 1511 2451 edere
1532 2412 1548 2463 ;
1571 2396 1836 2467 siquidem
1861 2406 1916 2453 et
1939 2392 2039 2468 ipsi

462 2483 592 2537 sunt
616 2474 921 2539 divinorum
949 2483 1237 2541 verborum
1272 2487 1529 2553 ministri,
1560 2499 1612 2543 et
1655 2488 1913 2546 facultate
1945 2493 2040 2545 de-

461 2580 628 2641 super
666 2582 886 2644 accepta
937 2576 1259 2633 admiranda
1306 2592 1471 2647 opera
1515 2578 1786 2636 fecerunt.
1838 2576 2041 2636 Beatus

461 2660 606 2718 enim
630 2652 799 2720 David
826 2686 839 2721 :
874 2685 893 2718 ι
926 2665 1179 2735 Audiam,
1209 2669 1405 2740 inquit,
1436 2670 1563 2741 quid
1596 2672 1845 2742 loquatur
1866 2673 1931 2727 in.
1954 2685 2041 2727 me

460 2749 721 2809 Deminus
747 2750 969 2811 Deus".
992 2776 1012 2809 ι
1050 2757 1115 2812 Et
1132 2760 1564 2829 sapientissimus
1610 2763 1699 2820 ille
1738 2763 1992 2822 Salomon
2022 2778 2038 2823 :

465 2858 486 2891 ι
517 2839 718 2907 Verba,
744 2844 938 2915 inquit,
964 2862 1084 2904 mea
1107 2864 1135 2903 a
1154 2847 1267 2905 Deo
1288 2850 1433 2907 dicta
1454 2861 1581 2907 sunt
1604 2853 1670 2908 ⁷⁷.
1704 2872 1723 2907 ι
1760 2846 1825 2910 Et
1849 2856 2040 2913 beatus

461 2922 640 2989 Moses
658 2934 834 2991 iideiis
857 2938 1147 2994 verborum
1176 2939 1271 2995 Dei
1295 2941 1545 2998 minister
1564 2944 1685 3009 fuit,
1710 2955 1784 3010 et,
1802 2956 1858 3002 ut
1875 2940 2043 3005 semei

461 3023 664 3088 dicam.
694 3028 1069 3100 unusquisque
1100 3031 1486 3101 prophetarum
1525 3051 1630 3091 non
1661 3038 1894 3108 propriis
1931 3041 2044 3097 suis

2141 1854 2411 1919 ἅπαντας,
2452 1853 2588 1923 μήτε
2623 1851 2735 1923 μὴν
2760 1851 2831 1904 τὰ
2859 1851 2997 1922 ἔργα
3028 1852 3139 1906 ἴδια
3178 1850 3348 1906 αὑτοῦ
3385 1843 3559 1903 εἶναι·
3593 1846 3730 1901 ἀλλὰ

2136 1945 2232 1999 τοῦ
2259 1940 2329 1998 τὰ
2358 1942 2587 1997 τοιαῦτα
2624 1942 2807 1996 λαλεῖν
2832 1941 3212 2012 ἐντειλαμένου
3244 1938 3476 2011 Πατρὸς,
3508 1938 3603 1992 καὶ
3628 1936 3729 1991 τοῦ

2137 2028 2431 2099 δεδωκότος
2459 2033 2557 2105 τὴν
2594 2032 2825 2104 δύναμιν
2866 2032 3078 2109 είςιτὴν
3106 2032 3216 2087 τῶν
3249 2031 3431 2104 ἔργων
3476 2030 3731 2102 συμπλὴ-

2142 2144 2328 2197 ρωσιν.

2630 2208 2788 2286 Πρός
2824 2217 3012 2272 ταῦτα
3038 2217 3239 2283 λύσις.

2207 2302 2419 2364 Οὐκοῦν
2464 2305 2703 2372 ἐξέστω,
2758 2303 2882 2361 καθ’
2937 2307 3121 2377 ὑμᾶς,
3173 2300 3220 2359 ὧ
3270 2306 3576 2379 αἱρετικοὶ,
3636 2304 3734 2359 xui.

2138 2395 2355 2470 ἕκάστῳ
2387 2392 2497 2451 τῶν
2524 2397 2699 2466 ἁγίων
2724 2396 2823 2467 τὴν
2848 2395 3109 2467 τοιαύτην
3143 2394 3595 2465 ἀποφθέγγεσθαι
3626 2411 3734 2461 φω-

2136 2493 2268 2563 νήν·
2301 2490 2425 2544 laesi.
2472 2489 2567 2542 καὶ
2607 2488 2764 2542 αὐτοὶ
2800 2486 2964 2542 θείων
3012 2487 3272 2557 γεγόνασι
3310 2486 3573 2557 ῥημάτων
3617 2485 3735 2538 διά·-

2138 2597 2308 2645 κονοι,
2346 2580 2443 2633 καὶ
2466 2578 2528 2632 τὸ
2554 2577 2816 2632 δύνασθαι
2848 2576 3108 2640 λαϐόντες
3135 2576 3366 2641 ἄνωθεν,
3404 2577 3584 2648 ἔργων
3625 2592 3735 2630 πα-

2143 2670 2378 2741 ραδόξων
2429 2669 2685 2738 γεγόνασι
2737 2667 2979 2739 ποιηταί.
3038 2667 3097 2722 '0
3148 2668 3250 2738 μὲν
3294 2668 3405 2738 γὰρ
3458 2668 3735 2739 μακάριος

2139 2760 2337 2826 Δαϐὶδ,
2373 2779 2393 2812 ι
2434 2760 2787 2830 ’Δκούσομαι,
2818 2758 2975 2829 φησὶ,
3003 2758 3057 2810 τί
3084 2757 3313 2830 λαλήσει
3356 2760 3414 2813 ὲν
3456 2758 3582 2828 ιμοὶ
3619 2756 3737 2810 Κύ-

2143 2868 2257 2923 ριος
2281 2853 2309 2904 6
2340 2849 2492 2915 Θεός.
2523 2869 2542 2902 ι
2593 2846 2647 2904 Ὀ
2675 2846 2731 2903 δὲ
2766 2849 3079 2919 σοφώτατος
3120 2845 3377 2921 Σολομὼν
3398 2867 3412 2882 ο
3453 2868 3472 2901 ι
3503 2851 3564 2903 Οἱ
3608 2850 3735 2921 ἐμοὶ

2140 2937 2287 3010 λόγοι
2333 2941 2579 3012 εἴρηνται
2622 2940 2729 2994 ὑπὸ
2759 2940 2917 2995 Θεοῦ.
2943 2960 2964 2993 ι
2998 2941 3111 2994 Καὶ
3141 2941 3350 3011 Μωσῆς
3384 2944 3413 2995 6
3462 2942 3734 3013 μακάριος

2142 3031 2252 3086 τῶν
2277 3031 2372 3085 τοῦ
2414 3031 2549 3086 Θεοῦ
2577 3033 2840 3104 ῥημάτων
2877 3033 3068 3097 πιστὸς
3098 3033 3292 3103 γέγονε
3333 3033 3604 3097 διάκονος,
3638 3032 3735 3088 καὶ

462 3113 648 3173 verbis
674 3124 759 3174 est
785 3135 936 3187 usus,
962 3123 1058 3177 sed
1084 3118 1203 3178 lucc
1238 3138 1453 3194 semper
1482 3125 1536 3181 in
1573 3143 1668 3184 ore
1696 3130 2034 3189 habuerunt:

2149 3122 2478 3191 ἁπαξαπλῶς
2523 3125 2753 3187 ἕκαστος
2794 3119 2903 3177 τῶν
2956 3114 3253 3196 προφητῶν
3308 3126 3369 3179 οὐ
3420 3129 3531 3189 τοῖς
3583 3126 3736 3188 ίδίοις

469 3225 489 3257 ι
521 3206 644 3265 Hac
680 3210 813 3266 dicit
851 3208 1133 3269 Dominus.
1162 3233 1183 3268 ι
1230 3214 1309 3271 Ex
1349 3218 1436 3274 his
1478 3218 1644 3289 igitur
1675 3222 1810 3278 satis
1850 3225 2042 3294 liquet,

464 3297 667 3354 multos
695 3300 862 3355 etiam
893 3302 1030 3360 alios
1059 3318 1367 3362 sermonem
1400 3307 1493 3364 Dei
1530 3310 1962 3382 administrasse,
1991 3324 2047 3372 et

466 3388 728 3445 miracuia
755 3392 1014 3462 edidisse,
1052 3394 1309 3453 nimirum
1343 3412 1373 3453 a
1421 3398 1555 3467 Deo,
1597 3411 1660 3457 ut
1699 3403 1902 3460 dictum
1939 3415 2044 3474 est,

466 3476 725 3537 nouitate
754 3491 998 3553 accepta.
1031 3483 1237 3544 Idcirco
1258 3497 1316 3545 et
1345 3483 1596 3561 discipuli
1637 3491 1948 3553 Servatoris
1976 3500 2046 3556 ad

464 3578 561 3624 eos
602 3569 696 3640 Qui
728 3570 969 3641 ipsorum
996 3571 1139 3632 facta
1182 3579 1611 3647 admirabantur.
1640 3586 1858 3645 dicunt:
1887 3609 1907 3643 ι
1930 3590 2045 3648 Viri

462 3659 685 3725 fratres,
711 3663 841 3730 quid
869 3662 1027 3721 nobis
1045 3670 1343 3738 attenditis,
1360 3674 1511 3741 quasi
1528 3678 1745 3746 propria
1770 3680 1971 3738 virtute
1989 3691 2045 3739 et

466 3749 668 3818 pietate
694 3753 746 3807 id
772 3752 1086 3823 emciamus,
1118 3769 1177 3813 ut
1201 3760 1379 3818 claudi
1406 3766 1791 3823 ambulent"?
1815 3789 1833 3821 ι
1858 3769 2046 3829 Liceat

465 3841 636 3911 igitur
662 3845 829 3901 etiam
860 3849 1151 3920 unicuique
1187 3852 1381 3909 horum
1417 3856 1510 3911 illo
1538 3858 1751 3916 Domini
1785 3863 1930 3920 dicto
1966 3865 2044 3920 uti

465 3940 524 3986 et
546 3933 731 3992 dicere
758 3954 775 3994 :
809 3957 828 3991 ι
861 3933 971 4012 Ego
1002 3940 1057 3997 in
1083 3942 1264 4013 Patre,
1288 3954 1342 4001 et
1369 3945 1529 4001 Pater
1551 3949 1603 4003 in
1634 3965 1753 4019 me;
1786 3970 1806 4005 ι
1837 3967 1960 4008 cum
1991 3964 2047 4010 et

466 4023 547 4091 bi,
580 4035 641 4081 ut
670 4040 831 4085 antea
865 4032 1069 4089 dictum
1100 4043 1206 4100 est,
1249 4036 1446 4093 divinis
1482 4040 1662 4098 verbis
1700 4043 1782 4099 usi
1816 4044 1955 4111 sint,
1990 4054 2046 4101 et

466 4126 789 4210 potestatem
829 4124 1023 4183 edendi
1039 4130 1296 4186 miracula
1330 4146 1360 4186 ο
1385 4132 1493 4188 Deo
1511 4137 1839 4205 acceperint.
1864 4139 2044 4210 Atque

467 4209 540 4263 ita
569 4211 701 4266 nihil
732 4213 991 4271 eximium
1017 4232 1081 4274 ac
1114 4219 1387 4291 singulare
1415 4226 1520 4279 erit
1556 4225 1608 4279 in
1633 4224 1790 4291 Filio.
1819 4230 1912 4283 sed
1938 4209 2046 4285 erit

464 4300 631 4357 veluti
658 4315 796 4359 unus
816 4321 882 4360 ex
904 4308 1110 4373 multis,
1140 4308 1366 4373 frustra.
1396 4324 1454 4368 ut
1476 4326 1721 4384 apparet,
1748 4332 1806 4372 se
1842 4333 2042 4375 vocans

468 4392 685 4460 Filium,
720 4396 766 4451 si
814 4398 945 4453 nihil
974 4402 1247 4457 excellens
1280 4406 1327 4459 ei
1373 4406 1535 4460 inest.
1582 4404 1688 4461 Sed
1720 4407 1821 4462 hoc
1850 4409 2043 4464 absur-

468 4485 592 4538 dum
619 4494 703 4541 est
726 4490 1053 4546 contrarium
1080 4493 1242 4561 igitur
1265 4497 1484 4552 omnino
1514 4513 1699 4553 verum
1726 4499 1850 4557 erit.

2147 3217 2411 3289 ἐκέχρητο
2438 3215 2638 3285 λόγοις,
2680 3215 2837 3281 ἀλλὰ,
2873 3234 2892 3267 ι
2920 3216 3059 3272 Τάδε
3086 3216 3235 3287 λέγει
3269 3217 3496 3287 Κύριος,
3527 3237 3546 3270 a
3586 3212 3734 3287 εἶχεν

2144 3309 2238 3361 ἐπὶ
2266 3307 2513 3378 γλώττης
2544 3307 2649 3362 ἀεί.
2679 3308 2836 3361 Ἔστι
2870 3308 2968 3378 μὲν
3005 3304 3098 3363 οῦν
3121 3312 3187 3363 ὲκ
3224 3310 3433 3363 τούτων
3463 3310 3609 3374 ἰδεῖν,
3650 3310 3733 3361 ὅτι

2146 3400 2241 3454 καὶ
2269 3398 2455 3453 πολλοί
2480 3415 2622 3464 τινες
2650 3399 2829 3471 ἕτεροι
2874 3400 3188 3473 τοῦςσπαρὰ
3226 3402 3363 3456 Θεοῦ
3407 3402 3733 3473 διακονησά-

2147 3502 2300 3565 μενοι
2326 3493 2606 3563 φαίνονται
2648 3492 2873 3558 λόγους·
2896 3491 3215 3563 εἰργάζοντο
3247 3494 3303 3547 δὲ
3336 3493 3614 3565 παράδοξα
3640 3493 3734 3547 καὶ

2145 3583 2317 3650 αὐτοὶ,
2355 3583 2507 3656 παρὰ
2537 3582 2675 3638 Θεοῦ
2702 3583 2781 3650 δὲ,
2820 3583 3074 3656 καθάπερ
3106 3586 3353 3657 εἴρηται,
3388 3584 3643 3650 λαϐόντες
3671 3584 3733 3638 τὸ

2142 3675 2420 3731 δύνασθαι.
2459 3676 2743 3747 Καὶ-γοῦν
2775 3679 2824 3730 oi
2860 3674 2956 3730 τοῦ
2989 3678 3243 3748 Σωτῆρος
3286 3676 3530 3749 μαθηταὶ
3596 3676 3732 3747 πρὸς

2142 3770 2270 3834 τοὺς
2319 3769 2808 3841 ἀποθαυμάζοντας
2842 3772 2911 3826 τὰ
2952 3771 3086 3842 παρ’
3128 3768 3307 3823 αὐτῶν
3337 3768 3600 3839 γινόμενα
3645 3766 3733 3821 λέ-

2144 3879 2366 3932 γουσιν·
2406 3882 2424 3915 ι
2454 3862 2681 3934 ’Δνδρες
2722 3864 2973 3936 ἀδελφοὶ,
3014 3862 3070 3915 τί
3111 3863 3249 3933 ἡμῖν
3304 3860 3606 3933 προσέχετε
3655 3857 3733 3923 ὡς

2152 3957 2259 4028 ἰδίᾳ.
2296 3956 2522 4027 δυνάμει
2568 3956 2664 4010 καὶ
2705 3956 2959 4028 εὐσεϐείᾳ
2998 3955 3328 4025 πεποιηκόσι
3358 3953 3453 4008 τοῦ
3490 3967 3732 4022 περιπα-

2147 4051 2259 4102 τεῖν
2303 4047 2397 4101 τὸν
2446 4046 2679 4118 χωλόν.»
2735 4047 2971 4114 Ἐξέστω
3024 4044 3318 4115 τοιγαροῦν
3359 4044 3457 4098 καὶ
3514 4042 3732 4113 ἑκάστῳ

2141 4138 2351 4193 τούτων
2390 4139 2457 4209 τῇ
2492 4138 2588 4192 τοῦ
2618 4138 2827 4211 Κυρίου
2861 4138 3168 4211 κεχρῆσθαι
3199 4138 3352 4207 φωνῇ
3384 4135 3482 4190 καὶ
3518 4133 3730 4202 λέγειν’

2148 4250 2168 4283 ι
2210 4231 2353 4301 Ἐγὼ
2395 4234 2454 4285 ὲν
2482 4230 2559 4302 τῷ
2584 4232 2779 4302 Πατρὶ,
2807 4232 2899 4285 καὶ
2928 4232 2957 4285 6
2991 4230 3183 4301 Πατὴρ
3214 4231 3270 4282 ἐν
3299 4227 3455 4298 ἐμοί’
3488 4245 3507 4279 ι
3540 4224 3731 4296 ἐπειδὴ

2144 4325 2242 4378 καὶ
2280 4324 2481 4388 αὐτῶν,
2530 4322 2782 4395 καθάπερ
2816 4323 2919 4395 ἢδη
2970 4323 3318 4397 προείρηται,
3359 4319 3591 4381 ἔκαστος
3636 4318 3731 4371 καὶ

2144 4414 2319 4484 λόγοις
2345 4415 2617 4487 ἐχρήσατο
2646 4414 2833 4479 θείοις,
2862 4414 2958 4470 καὶ
2985 4413 3246 4484 δυνάμεις
3277 4412 3548 4482 πεποίηκε
3577 4407 3733 4480 παρὰ

2069 4496 2115 4553 1)
2140 4505 2274 4560 Θεοῦ
2303 4506 2363 4561 τὸ
2389 4505 2647 4561 δύνασθαι
2677 4505 2880 4561 λαϐών.
2916 4505 3027 4559 Καὶ
3056 4503 3233 4567 οὕτως
3260 4502 3415 4555 οὐδὲν
3452 4498 3730 4569 ἐξαίρετον

471 4579 530 4669 ἓν
568 4577 701 4669 nil.”
735 4579 868 4635 ἀλλά
902 4581 1052 4637 ἔσται
1089 4587 1183 4640 καὶ
1219 4587 1377 4653 αὐτὸς
1450 4589 1559 4643 τῶν
1593 4590 1809 4647 πάντων
1868 4592 1971 4658 εἷς.
2010 4596 2206 4669 μάτην,
2236 4599 2312 4664 ὡς
2378 4598 2524 4657 ἔοικε
2590 4597 2950 4669 χρηματίζων
2991 4597 3141 4662 Υἱὸς,
3169 4598 3218 4649 εί
3268 4594 3331 4649 τὸ
3360 4593 3612 4666 περιττὸν
3640 4591 3732 4647 οὐ·-

464 4665 553 4727 51v
574 4665 636 4725 ιν
660 4670 831 4742 ωτῷ.
864 4673 1023 4731 Ἀλλὰ
1050 4675 1205 4729 τοῦτο
1246 4677 1469 4744 ἄτοπον,
1495 4681 1757 4753 κρατήσει
1805 4684 2019 4750 πάντως
2048 4686 2108 4739 τὺ
2142 4665 2348 4759 ἕτερον.

1045 4790 1205 4861 109
1242 4790 1471 4850 ALIUD.

538 4896 595 4953 Si
632 4899 884 4957 omnibus
906 4903 1117 4974 sanctis
1146 4913 1307 4975 atque
1341 4907 1476 4962 adeo
1504 4909 1676 4965 cuivis
1708 4910 1861 4968 aiteri
1885 4928 2043 4968 crea-

469 4997 577 5043 tam
599 5002 843 5047 naturam
868 4994 1087 5052 babenti
1106 4996 1355 5054 licuisset
1368 4999 1548 5055 dicere
1572 5019 1586 5056 :
1615 5017 1633 5054 t
1653 5002 1765 5074 Ego
1782 5004 1833 5059 in
1858 5004 2037 5073 Patre,

469 5090 523 5133 et
555 5080 716 5137 Pater
731 5082 784 5137 in
813 5099 899 5141 me
918 5086 986 5152 ",
1009 5106 1027 5139 ι
1049 5098 1198 5144 certe
1218 5089 1477 5145 Servatur
1496 5090 1602 5148 hoc
1626 5108 1736 5148 non
1756 5094 2036 5165 ignorans,

470 5171 514 5225 si
550 5183 735 5226 verunt
758 5183 902 5239 erat,
929 5176 1154 5233 dixisset
1179 5198 1192 5233 :
1227 5178 1336 5250 Ego
1378 5196 1592 5251 quoque
1615 5182 1671 5237 in
1702 5183 1866 5240 Patre
1887 5201 2033 5252 sum,

469 5268 526 5315 et
551 5261 710 5317 Pater
734 5280 949 5348 quoque
975 5268 1025 5323 in
1053 5284 1138 5325 me
1165 5280 1269 5336 est,
1296 5281 1357 5326 ut
1373 5271 1678 5330 declararet
1692 5275 1864 5346 quod,
1895 5277 2039 5333 sicut

2832 4802 3031 4858 AAAU.

2215 4914 2280 4969 Ei
2310 4916 2477 4970 πᾶσιν
2516 4914 2645 4985 ἐξῆν
2679 4914 2790 4977 τοῖς
2834 4912 3010 4981 ἁγίοις
3037 4911 3070 4983 ἢ
3103 4912 3200 4965 καί
3226 4909 3365 4975 ὅλως
3408 4910 3579 4983 ἑτέρῳ
3626 4908 3730 4965 τινὶ

2148 5004 2369 5077 κτιστὴν
2419 5004 2597 5075 ἔχοντι
2651 5002 2749 5073 τὴν
2806 5002 2968 5072 φύσιν
3030 5001 3240 5065 εἰπεῖν,
3276 5020 3297 5053 ι
3339 5002 3483 5069 Ἐγὼ
3538 5005 3597 5056 ὲν
3648 5002 3729 5072 τῷ

2146 5098 2351 5169 Πατρὶ,
2395 5097 2489 5151 καὶ
2529 5098 2557 5149 6
2590 5095 2777 5166 Πατὴρ
2815 5097 2877 5148 ὲν
2911 5094 3062 5165 ἐμοὶ,
3093 5112 3113 5143 )
3152 5090 3307 5146 εἷπεν
3338 5093 3405 5147 ἂν
3445 5095 3472 5146 ὁ
3511 5094 3731 5149 ἐπιστά-

2148 5206 2310 5259 μενος
2357 5187 2516 5241 τοῦτο
2547 5184 2759 5258 Σωτὴρ,
2804 5185 2962 5257 εἴπερ
2989 5181 3057 5256 ἦν
3089 5184 3289 5254 ἀληθές
3312 5201 3326 5214 ’
3357 5184 3530 5253 Κάγὼ
3560 5186 3616 5237 ὲν
3650 5184 3730 5256 τῷ

2144 5277 2467 5352 Πατρὶρκαὶ
2491 5282 2520 5333 6
2547 5278 2736 5349 Πατὴρ
2759 5276 2818 5333 δὲ
2845 5280 2909 5331 ὲν
2953 5277 3076 5345 ἐμοί
3114 5280 3297 5331 ἐστιν·
3338 5278 3425 5329 ἵνα
3471 5276 3728 5346 φαίνηται

471 5354 631 5410 Pater
654 5356 705 5410 in
726 5353 967 5423 aliisest,
997 5359 1069 5415 ita
1092 5359 1255 5416 etiam
1284 5362 1337 5417 ita
1363 5377 1448 5418 tne
1475 5382 1489 5417 :
1512 5367 2037 5433 etquemadtuodum

2149 5371 2428 5437 διδάσκων,
2450 5373 2535 5425 ὅτι
2564 5370 2816 5443 καθάπερ
2839 5372 2899 5425 ὲν
2936 5370 3143 5443 ἑτέροις
3174 5372 3344 5433 ἐστὶν,
3378 5370 3518 5423 οὓτω
3549 5370 3645 5423 καὶ⁹
3668 5370 3727 5423 ὲν

471 5447 559 5503 alii
608 5447 661 5503 in
694 5447 858 5506 Patre
899 5458 1046 5517 sunt,
1080 5453 1235 5509 itaet
1268 5467 1391 5525 ego.
1426 5453 1578 5511 Nunc
1609 5472 1740 5514 vero
1766 5459 2035 5515 neminem

2149 5462 2297 5532 ἱμοί·
2327 5462 2423 5516 καὶ
2460 5461 2651 5531 ὥσπερ
2696 5460 2845 5514 ἄλλοι
2887 5462 3031 5524 τινὲς
3078 5462 3137 5515 ὲν
3177 5460 3326 5531 αὐτῷ
3376 5461 3535 5521 εἰσιν,
3585 5458 3727 5511 οὕτω

473 5539 703 5596 aliorum
749 5543 852 5598 sibi
894 5545 1194 5611 asciscens,
1244 5547 1346 5602 sed
1399 5546 1502 5602 sibi
1552 5548 1653 5604 soli
1707 5550 1811 5605 hoc
1860 5551 2039 5608 inesse

2358 5553 2494 5605 Novi.
2520 5551 2578 5604 δὲ
2610 5551 2929 5624 προσλαϐὼν
2963 5551 3155 5606 οὐδένα
3186 5553 3294 5606 τῶν
3318 5552 3514 5611 ἄλλων,
3550 5548 3727 5618 ἑαυτῷ

471 5632 669 5698 sciens,
698 5633 829 5704 quia
873 5634 1124 5693 nimirum
1170 5652 1236 5693 ex
1279 5638 1394 5707 ipsa
1438 5636 1616 5697 Patris
1649 5640 1885 5697 essentia
1931 5650 2036 5709 est,

2149 5642 2201 5697 δὲ
2249 5641 2396 5712 μόνῳ
2438 5641 2640 5713 προσὸν
2684 5642 3046 5715 ἐπιστάμενος
3081 5642 3239 5697 τοῦτο
3309 5641 3399 5697 διὰ
3430 5641 3490 5695 τὸ
3520 5642 3585 5693 ἐκ
3626 5640 3727 5709 τῆς

542 5808 587 5842 ’⁸
621 5810 756 5867 Psal.
790 5815 1081 5884 Lxxxt\',9.
1158 5817 1201 5847 τ’
1240 5815 1396 5872 ιντον.
1425 5831 1483 5885 ιι,
1524 5817 1566 5872 i.
1643 5818 1689 5850 ⁷⁸
1731 5818 1841 5874 Act.
1874 5835 1951 5885 ιιι,
2001 5820 2041 5882 i:

2158 5819 2201 5851 τ’
2245 5816 2397 5875 Joau.
2440 5834 2545 5884 xnv,
2591 5819 2669 5874 ii.
