3994 6324
261 395 348 448 i8l
1680 392 2125 453 THESAURUS.

3440 393 3544 447 182

256 508 440 572 οὐσίας
470 510 606 565 εἶναι
636 508 731 564 τοῦ
758 511 992 583 Πατρὺς,
1034 512 1173 583 μετὰ
1200 510 1399 580 πολλῆς
1426 524 1569 573 τινος
1596 507 1699 578 τῆς
1726 509 1839 561 ὲπι-

1977 511 2339 583 ircumspecte
2364 510 2504 568 dixit
2530 529 2544 566 :
2575 530 2593 565 ι
2616 511 2730 583 Ego
2759 511 2809 565 in
2835 510 3020 576 Patre,
3045 520 3100 565 et
3126 509 3284 564 Pater
3309 507 3361 561 in
3386 522 3491 562 me.
3519 524 3538 559 ι

254 604 561 673 τηρήσεως,
593 623 611 657 ι
647 603 814 673 Ἐγὼ,
839 607 1023 677 φησὶν,
1050 606 1109 659 ὲν
1142 604 1219 673 τῷ
1248 605 1446 675 Πατρὶ,
1479 602 1574 655 καὶ
1595 602 1623 655 6
1651 601 1839 673 Πατὴρ

256 693 312 745 ὲν
354 693 496 762 ἐμοί.
529 714 547 747 ι
592 695 705 749 Οὐκ
753 696 863 765 ἄρα
918 697 1095 749 κοινὸν
1146 695 1259 765 εχει
1320 693 1460 765 μετὰ
1519 690 1735 744 πάντων
1780 690 1842 745 τὸ

253 784 493 855 ἀξίωμα,
518 786 637 839 ἀλλ’
662 786 859 851 ίδιάξον
884 788 980 842 καὶ
1012 787 1289 861 ἐξαίρετον
1316 786 1392 850 ὡς
1434 785 1585 851 Υἱὸς,
1624 783 1715 837 καὶ
1743 782 1845 835 Λό-

254 892 372 943 γος,
406 878 500 929 καὶ
535 877 689 942 Θεός.

255 968 461 1033 ΑΛΛΟ,
488 967 787 1026 διδάσκον
813 972 1120 1111 damaspr
1153 970 1317 1025 νοεῖν
1345 970 1412 1023 τὸ
1447 968 1847 1038 προκείμενον

1001 1060 1073 1111 ητ
1112 1060 1167 1096 ν.

1001 1060 1167 1113 ητον.

341 1129 401 1185 '0
435 1133 565 1198 Υἱὸς
606 1134 666 1188 ὲν
704 1135 781 1205 τῷ
816 1135 1023 1207 Πατρὶ,
1077 1136 1171 1187 καὶ
1211 1134 1239 1188 6
1273 1132 1461 1204 Πατὴρ
1511 1133 1570 1185 ὲν
1607 1128 1687 1201 τῷ
1732 1127 1848 1199 Υἱῷ

258 1221 585 1293 νοηθήσεται
634 1225 778 1279 κατὰ
827 1224 1017 1279 τοῦτον
1064 1224 1153 1278 τὸν
1200 1222 1420 1295 τρόπον.
1464 1222 1559 1275 Ἕκ
1605 1219 1705 1291 τῆς
1752 1217 1847 1272 τοῦ

260 1312 478 1383 Πατρὸς
508 1316 698 1382 οὐσίας
727 1316 999 1388 προῆλθεν
1026 1318 1054 1370 6
1084 1314 1235 1381 Υἱὸς,
1262 1314 1323 1369 οὐ
1354 1313 1608 1381 καθάπερ
1636 1310 1705 1365 τὰ
1742 1309 1851 1364 κτί-

257 1420 447 1475 σματα
467 1407 530 1460 ὲκ
551 1408 643 1461 τοῦ
664 1408 739 1480 μὴ
760 1410 910 1473 δντος
926 1410 1005 1472 εἰς
1020 1409 1080 1463 τὸ
1101 1402 1238 1461 εῐναι
1268 1403 1572 1477 παρελθὼν,
1591 1404 1624 1475 ἢ
1650 1402 1851 1470 ῑξωθέν

257 1495 421 1550 ποθεν
449 1498 552 1568 τὴν
574 1499 669 1553 τοῦ
696 1496 837 1555 εἶναι
866 1500 1126 1555 σύστασιν
1150 1498 1311 1569 ἔχων,
1334 1496 1450 1550 ἀλλ’
1476 1494 1594 1549 ἔστι
1621 1496 1718 1565 τῆς
1752 1493 1849 1547 τοῦ

256 1591 620 1660 γεννήσαντος
663 1592 850 1657 οὐσίας
894 1593 953 1646 τὺ
994 1592 1145 1647 ίδιον·
1199 1590 1386 1663 ὥσπερ
1426 1583 1520 1644 οὖν
1563 1590 1628 1641 ὲκ
1675 1587 1852 1657 φωτὸς

256 1680 622 1753 ἀπαύγασμα,
651 1683 683 1754 ἦ
717 1686 810 1737 καὶ
851 1684 958 1737 ἀπό
988 1700 1134 1746 τινος
1175 1682 1358 1753 πηγῆς
1397 1679 1639 1734 ἱκδαίνει
1684 1696 1854 1732 ποτα-

262 1772 380 1840 μός.
412 1773 603 1829 Ἔστιν
624 1771 718 1829 οὖν
741 1777 853 1839 τοῖς
876 1774 1046 1848 ὁρῶσι
1073 1774 1167 1827 τὸν
1195 1774 1348 1838 Υίδν,
1381 1772 1480 1844 τὴν
1508 1770 1605 1825 τοῦ
1638 1770 1855 1842 Πατρδς

1946 600 2063 658 Non
2112 603 2277 674 igitur
2312 619 2659 660 communem
2706 604 2853 659 illam
2905 604 3071 659 habet
3122 617 3244 656 eum
3291 598 3546 655 omnibus

1947 693 2287 765 dignitatem,
2323 698 2417 752 sed
2451 696 2728 767 propriam
2764 696 2869 753 sibi
2917 712 2980 752 ac
3012 694 3341 765 peculiarem
3377 701 3435 747 ιιι
3455 690 3545 745 Fi-

1946 784 2070 852 lius,
2103 799 2157 843 et
2184 787 2442 857 Verbum,
2480 801 2535 845 ct
2562 790 2725 847 Deus.

1948 966 2183 1034 ALIUD,
2237 970 2429 1023 docens
2476 983 2580 1034 quo
2630 974 2785 1033 pacto
2817 964 3021 1019 dictum
3060 961 3207 1017 istud
3257 958 3547 1031 praefatum

2492 1037 2891 1105 intelligendum
2924 1036 3012 1089 sit.

2020 1128 2191 1185 Filius
2226 1130 2279 1185 in
2314 1129 2494 1195 Patre,
2526 1136 2581 1183 et
2608 1126 2772 1183 Pater
2796 1128 2849 1182 in
2882 1126 3023 1182 Filio
3050 1138 3174 1181 esse
3208 1122 3311 1177 hac
3338 1119 3550 1175 ratione

1951 1222 2290 1295 intelligitur.
2320 1221 2490 1278 Filius
2513 1238 2580 1278 ex
2614 1220 2853 1277 essentia
2879 1218 3059 1273 Patris
3098 1212 3390 1286 processit.
3418 1224 3545 1273 non,

1951 1314 2409 1386 quemadmodum
2446 1323 2735 1377 creaturae,
2768 1327 2835 1365 ex
2865 1326 2972 1366 non
3004 1324 3128 1365 esse
3168 1306 3235 1361 ad
3271 1318 3393 1359 esse
3438 1310 3549 1355 trao

1952 1410 2170 1474 ductus,
2213 1416 2311 1461 aut
2348 1407 2690 1462 extrinsecus
2740 1403 3108 1466 substitutus;
3158 1398 3253 1455 sed
3306 1405 3391 1452 est
3433 1396 3552 1464 ipsa

1951 1501 2201 1557 essentia:
2220 1498 2398 1554 Patris
2424 1500 2749 1568 proprietas,
2788 1496 2929 1553 sicut
2948 1512 3013 1550 ex
3040 1494 3247 1549 lumine
3268 1489 3550 1560 Splendor,

1952 1598 2046 1645 aut
2069 1604 2138 1646 ex
2167 1590 2351 1659 aliquo
2387 1589 2534 1644 fonte
2581 1587 2778 1642 ﬂumen
2830 1596 3139 1657 promanat.
3187 1581 3342 1636 Licet
3387 1578 3555 1649 igitur

1955 1683 2022 1739 iis
2047 1683 2142 1753 qui
2191 1682 2385 1737 Filium
2418 1683 2623 1749 vident,
2665 1681 2840 1738 Patris
2888 1680 3181 1737 essentiam
3231 1672 3465 1735 intueri,
3500 1678 3558 1725 et

1956 1774 2218 1846 genitoris
2239 1774 2626 1844 proprietatem
2651 1789 2715 1829 ex
2740 1774 2846 1828 hoc
2869 1783 3219 1843 cognoscere.
3239 1765 3378 1834 Quia
3407 1764 3553 1820 enim

256 1862 447 1918 οὐσίαν
473 1864 629 1937 ὁρᾷν,
658 1868 753 1921 καὶ
779 1866 838 1920 τὸ
862 1866 957 1921 τοῦ
984 1868 1346 1939 γεννήσαντος
1373 1864 1505 1920 ῐδιον
1531 1864 1639 1918 ἀπὸ
1665 1862 1858 1916 τούτου

1970 1866 2278 1922 universum
2314 1881 2440 1922 esse
2465 1865 2587 1921 Filii
2609 1881 2677 1921 ex
2705 1864 2944 1920 essentia
2979 1861 3162 1916 Patris
3196 1857 3463 1929 procedit,
3494 1870 3557 1911 ea

257 1956 661 2028 νοεῖν.’οτιπερ
695 1959 881 2031 ἐπειδὴ
908 1958 1130 2029 σύμπαν
1158 1957 1219 2012 τὸ
1236 1953 1376 2013 εἶναι
1393 1957 1486 2012 τοῦ
1515 1954 1646 2011 Υἱοῦ
1670 1958 1734 2010 ὲκ
1758 1954 1858 2023 τῆς

259 2046 350 2101 τοῦ
395 2050 609 2120 Πατρὺς
637 2051 825 2116 οὐσίας
866 2052 1135 2124 πρόεισιν,
1162 2049 1338 2116 οὕτως
1367 2051 1517 2105 ἔστὶν
1567 2051 1625 2103 ιν
1656 2047 1857 2119 Πατρὶ,

260 2139 356 2193 καὶ
391 2142 559 2195 πάλιν
586 2145 654 2197 ὲκ
683 2144 792 2198 τῶν
824 2144 1106 2210 ἐναντίων,
1133 2146 1162 2198 6
1199 2143 1393 2215 Πατήρ
1423 2144 1573 2197 ἐστιν
1615 2142 1672 2195 ὲν
1718 2139 1856 2211 Υῑῷι

261 2234 565 2305 ἐπειδήπερ
609 2235 748 2306 ὅπερ
777 2237 925 2289 ἐστὶν
956 2236 1118 2300 αὐτὸς
1164 2235 1355 2305 φ’ύσει,
1404 2234 1565 2289 τοῦτο
1608 2234 1703 2288 καὶ
1745 2235 1773 2287 6
1801 2231 1860 2298 ἐξ

263 2323 428 2378 αὐτοῦ
460 2326 741 2397 προελθὼν
767 2328 902 2392 Θεὸς
942 2327 1138 2397 Λόγος.
1183 2329 1439 2382 Φαίνεται
1468 2328 1525 2381 δὲ
1573 2328 1668 2381 καὶ
1714 2326 1873 2380 ἐστιν

263 2412 321 2465 ιν
348 2412 485 2484 Υἰῷ,
516 2414 707 2486 ὥσπερ
731 2411 824 2470 οὖν
859 2417 955 2471 καὶ¹
981 2418 1040 2470 ὲν
1071 2415 1149 2488 τῷ
1181 2417 1311 2489 παρ’
1338 2415 1505 2471 αὐτοῦ
1542 2415 1859 2487 προελθόντι

264 2504 656 2576 ἁπαυγάσματι
685 2508 713 2560 6
742 2508 923 2579 ἥλιος,
972 2508 1067 2563 καὶ
1112 2509 1173 2561 ὲν
1207 2508 1286 2578 τῷ
1330 2508 1477 2579 λόγῳ
1503 2508 1531 2561 6
1576 2506 1731 2570 νοῦς,
1768 2504 1862 2560 καὶ

264 2596 321 2649 ἐν
356 2595 436 2667 τῷ
464 2597 695 2671 ποταμῷ
733 2600 767 2671 ἡ
798 2599 989 2653 τοῦτον
1016 2598 1394 2664 ἀναϐλύζουσα
1443 2598 1617 2669 πηγή.
1649 2598 1722 2651 T6
1752 2596 1862 2669 γὰρ

265 2685 392 2739 Βιον
430 2688 532 2759 τῆς
562 2688 655 2744 τοῦ
706 2690 921 2761 Πατρὸς
965 2691 1156 2757 οὐσίας
1196 2694 1254 2746 ὲν
1288 2690 1406 2762 Υίῷ
1445 2690 1721 2761 κείμενον,
1764 2690 1863 2743 καὶ

261 2778 361 2847 τῆς
402 2780 692 2852 θεότητος,
736 2782 804 2835 ῐν⁹
856 2783 1028 2847 οὕτως
1084 2783 1246 2848 εἴπω,
1320 2783 1383 2835 τὺ
1429 2778 1571 2846 εἶδος
1627 2782 1863 2835 δεικνύει

240 2874 430 2946 ,πᾶσιν
452 2874 617 2927 αὐτὸν
645 2876 703 2929 ιν
729 2875 899 2945 αὐτῷ.
945 2876 1135 2945 Ἐπιτη
1147 2876 1310 2946 ρῆσαι
1339 2875 1395 2928 δὲ
1426 2873 1533 2944 χρὴ
1566 2874 1661 2927 καὶ
1696 2874 1866 2941 ἀναγ-

265 2966 436 3030 καίως
480 2967 676 3023 εἰδέναι
722 2969 914 3040 ὅτιπερ
953 2969 1013 3022 οὐ
1083 2970 1183 3039 τῆς
1230 2965 1505 3038 τυχούσης
1546 2965 1867 3036 οἰκονομίας

263 3055 427 3109 ῑνεκα
462 3055 561 3127 τὴν
606 3057 861 3128 τοιαύτην
887 3060 915 3113 6
944 3058 1137 3130 Σωτὴρ
1178 3058 1371 3130 εἴρηκε
1402 3058 1609 3129 φωνήν.
1646 3055 1865 3128 Ἐπειδὴ

262 3146 375 3216 γὲρ
418 3146 521 3217 τὴν
569 3149 877 3218 ταύτότητα
922 3149 1026 3217 τῆς
1068 3150 1285 3219 φύσεως
1318 3149 1387 3220 ἢν
1434 3148 1548 3220 ἔχει
1588 3148 1727 3220 πρὸς
1770 3147 1866 3201 τὸν

1961 1958 2337 2015 rationeestin
2367 1956 2551 2024 Patre,
2573 1965 2628 2013 et
2650 1972 2681 2013 e
2704 1956 2981 2013 contrario
3019 1952 3183 2009 Pater
3213 1960 3298 2008 est
3321 1951 3373 2005 in
3399 1947 3558 2013 Filio,

1962 2052 2230 2123 siquidem
2272 2051 2324 2107 id
2370 2052 2515 2122 quod
2564 2052 2680 2121 ipse
2731 2059 2817 2106 est
2860 2057 3074 2111 natura,
3122 2046 3228 2101 hoc
3273 2043 3440 2099 etiam
3476 2048 3563 2097 est

1963 2147 2109 2201 Deus
2126 2143 2364 2199 Verbum
2383 2159 2449 2199 ea
2471 2144 2593 2214 ipse
2605 2144 2927 2214 procedens.
2948 2142 3187 2210 Apparet
3210 2146 3390 2192 autem
3410 2142 3461 2189 et
3478 2140 3564 2189 est

1962 2236 2017 2293 in
2044 2235 2183 2292 Filio
2214 2236 2668 2307 quemadmodum
2696 2237 2777 2292 sol
2809 2236 2862 2291 in
2890 2233 3180 2305 splendore
3214 2244 3377 2300 quem
3410 2227 3564 2281 emit-

1967 2329 2033 2383 tit
2062 2343 2126 2383 ex
2150 2344 2231 2392 se,
2262 2340 2317 2384 et
2342 2329 2486 2384 sicut
2517 2343 2669 2384 mens
2690 2328 2743 2382 in
2774 2341 3052 2391 sermone,
3074 2334 3131 2380 et
3163 2322 3287 2378 fons
3319 2323 3370 2376 in
3399 2318 3560 2375 linvio

1964 2420 2055 2489 qui
2084 2436 2153 2476 ex
2181 2436 2239 2475 se
2262 2429 2570 2489 promanat.
2597 2419 2914 2490 Proprietas
2934 2418 3083 2474 enim
3105 2416 3361 2473 essentiae
3384 2413 3473 2469 Pu.
3518 2414 3564 2468 is

1967 2515 2019 2569 in
2064 2513 2205 2569 Filio
2246 2515 2372 2579 sita,
2419 2523 2475 2570 et
2507 2513 2833 2579 divinitatis,
2871 2520 2930 2567 ut
2982 2512 3055 2567 ita
3090 2511 3293 2575 dicam,
3326 2507 3561 2578 species,

1968 2606 2141 2675 ipsum
2163 2606 2215 2660 in
2236 2620 2301 2661 eo
2325 2620 2450 2661 esse
2472 2606 2726 2661 omnibus
2748 2605 3011 2660 ostendit.
3036 2601 3448 2660 Observandum
3468 2613 3567 2651 οιι-

1966 2705 2074 2752 tem
2093 2708 2198 2762 est,
2216 2706 2269 2753 et
2294 2698 2603 2754 necessario
2631 2698 2939 2762 sciendum,
2966 2711 3075 2751 non
3099 2693 3306 2764 vulgari
3338 2689 3567 2746 consilio

1968 2800 2131 2860 atque
2169 2791 2583 2859 dispensatione
2626 2790 2766 2845 hanc
2801 2803 2991 2844 vocem
3026 2802 3056 2841 a
3105 2785 3400 2841 Servatore
3440 2796 3568 2852 pro-

1967 2882 2129 2935 latam
2164 2880 2353 2937 fuisse.
2387 2880 2523 2937 Cum
2564 2882 2735 2947 enim,
2779 2881 3119 2936 identitatem
3163 2886 3373 2932 natura:
3404 2888 3568 2943 quam

1968 2974 2281 3030 habetcum
2314 2972 2477 3029 Patre
2509 2974 2799 3029 ostendere
2838 2973 3047 3038 volens,
3097 2969 3232 3026 dixit
3262 2963 3333 3025 εἰ
3371 2967 3479 3036 Ego
3513 2973 3569 3020 et

1967 3064 2132 3120 Pater
2165 3082 2331 3121 unum
2364 3081 2581 3130 sumus,
2614 3084 2634 3114 ι
2668 3079 2734 3120 ne
2783 3064 2907 3135 quis
2938 3063 3186 3118 eumdem
3232 3074 3355 3117 esse
3391 3057 3572 3127 suspi«

1972 3168 2189 3215 carelur
2218 3157 2461 3223 Patrem,
2494 3165 2550 3212 et
2573 3146 2792 3224 Filium,
2830 3156 2961 3211 solis
2994 3162 3201 3209 tantum
3234 3150 3570 3211 nominibus,

266 3239 626 3310 γεννήσαντα,
658 3238 825 3304 δεῖξαι
875 3238 1184 3312 βουληθεὶς,
1235 3233 1390 3293 εἶπεν
1412 3280 1427 3306 ,
1462 3258 1482 3293 ι
1524 3239 1666 3306 Ἐγὼ
1711 3239 1803 3291 καὶ
1837 3240 1863 3293 6

1976 3268 2085 3307 non
2113 3251 2389 3323 bypostasi
2427 3251 2479 3305 in
2502 3250 2826 3305 dualitatem
2861 3260 3224 3319 personarum
3259 3243 3569 3297 distinctos:

270 3331 461 3401 Πατὴρ
484 3331 543 3384 ἐν
569 3334 758 3402 ἔσμεν,
782 3352 799 3385 ι
829 3333 915 3387 ἵνα
950 3334 1024 3403 μή
1056 3350 1139 3396 τις
1162 3332 1254 3386 τὸν
1287 3330 1451 3386 αὐτὸν
1480 3326 1618 3384 εἶναι
1647 3328 1867 3401 Πατέρα

268 3419 363 3472 καὶ
394 3420 525 3473 Υἱδν
556 3421 835 3495 ὑπολάϐῃ,
888 3423 1070 3493 μόνοις
1108 3422 1341 3493 ὀνόμασι
1388 3420 1869 3490 διαστελλομένους

270 3510 349 3573 εἰς
375 3510 577 3577 δυάδα,
607 3511 769 3576 ὄντας
800 3512 858 3573 δὲ
885 3514 986 3583 οὐχ
1014 3512 1186 3575 οὕτως
1231 3513 1289 3565 ἐν
1334 3511 1632 3565 ὑποστάσει
1652 3552 1667 3577 ,
1698 3512 1869 3581 ἀναγ-

270 3599 440 3664 καίως
491 3601 929 3673 ὲπεξηγούμενος
971 3605 1110 3675 ὅπερ
1147 3603 1362 3674 εἴρηκε,
1390 3603 1486 3657 καὶ
1521 3602 1861 3673 σαφέστερον

269 3695 383 3756 τοῖς
406 3692 781 3764 ἀκροωμένοις
805 3696 937 3750 αὐτὸ
963 3695 1261 3762 καθιστῶν,
1285 3694 1539 3767 ιπιφέρει
1570 3694 1651 3759 τὸ,
1684 3712 1703 3746 ι
1727 3692 1868 3763 Ἐγὼ

271 3784 330 3836 ἐν
363 3782 443 3854 τῷ
484 3784 691 3857 Πατρὶ,
736 3787 832 3840 καὶ
860 3786 890 3840 6
922 3787 1114 3858 Πατὴρ
1156 3788 1216 3841 ἐν
1263 3787 1409 3857 ὲμοὶ,
1438 3805 1456 3839 ι
1498 3784 1586 3839 ἵνα
1630 3784 1719 3839 διὰ
1768 3784 1867 3856 μὲν

272 3871 387 3934 τοῦ,
424 3873 613 3929 τοῦτον
635 3878 699 3930 ἐν
722 3877 940 3947 ἐκείνῳ,
972 3880 1226 3947 κᾴκεῖνον
1245 3880 1302 3932 ὲν
1338 3876 1514 3948 τούτῳ
1553 3875 1863 3947 φαίνεσθαι,

272 3965 369 4035 τὴν
397 3966 709 4038 ταυτότητα
732 3969 833 4040 τῆς
862 3968 1116 4040 θεότητος
1144 3972 1239 4024 καὶ
1272 3972 1371 4043 τῆς
1402 3970 1590 4033 οὐσίας
1619 3969 1720 4041 τὴν
1750 3970 1867 4023 ἐνὸ-

272 4073 413 4128 τητα
450 4057 635 4130 δείξῃ’
678 4059 856 4115 διὰδὲ
890 4061 987 4115 τοῦ
1039 4061 1227 4135 ἐτερον
1266 4060 1325 4116 ἐν
1371 4061 1545 4133 ἑτέρῳ
1589 4057 1749 4127 εἶναι,
1790 4061 1867 4132 μὴ

273 4150 331 4203 ἒν
354 4168 408 4203 τι
436 4150 496 4204 ὃν
526 4152 585 4205 ἐν
616 4151 837 4224 ἀριθμῷ
880 4153 1072 4227 νοηθῇ,
1098 4155 1126 4209 δ
1166 4156 1298 4217 ποτὲ
1352 4155 1451 4225 μὲν
1482 4155 1697 4226 Πατὴρ,
1734 4153 1869 4207 ποτὲ

274 4242 332 4295 δὲ
365 4242 496 4306 Υἱὸς
523 4243 745 4311 λέγεται
808 4245 924 4299 ἀλλ’
965 4245 1137 4310 ὅντως
1160 4246 1447 4316 ὑφεστῶτα
1475 4244 1725 4319 Πατέρα,
1774 4244 1871 4299 καὶ

278 4333 568 4405 ὑφεστῶτα
592 4335 723 4391 Υἱὸν
755 4337 1152 4410 ιναργέστερον
1177 4338 1459 4409 ἀτωδείξῃ.

971 4431 1185 4485 ΔΛΛΟ.

358 4518 418 4574 '0
438 4519 647 4591 Πατὴρ
680 4520 774 4574 καὶ
802 4521 831 4574 6
863 4520 991 4585 Υἱὸς
1020 4520 1091 4573 ἓν·
1121 4522 1222 4592 μέν
1247 4524 1355 4576 εἱσι
1389 4522 1532 4577 κατὰ
1560 4520 1744 4592 φύσιν,
1773 4521 1869 4575 δύο

1974 3344 2287 3401 necessario
2336 3343 2653 3413 utiliterque
2684 3339 2966 3411 explicans
3012 3339 3064 3395 id
3102 3336 3248 3407 quod
3291 3335 3460 3401 dixit,
3515 3342 3573 3390 et

1972 3437 2316 3493 manifestius
2360 3434 2706 3489 auditoribus
2746 3431 2975 3495 faciens.
3014 3429 3167 3485 addit
3210 3428 3315 3483 boe
3356 3444 3369 3481 :
3405 3447 3425 3479 ι
3460 3425 3571 3497 Ege

1972 3528 2025 3583 in
2058 3526 2243 3594 Patre,
2272 3534 2327 3581 et
2378 3524 2541 3580 Pater
2574 3525 2627 3579 in
2683 3538 2805 3590 me;
2839 3539 2859 3574 ι
2891 3532 2951 3576 ιιι
2982 3534 3080 3591 per
3121 3519 3248 3586 hoc,
3290 3518 3437 3588 quod
3483 3516 3571 3572 bic

1971 3619 2189 3691 quidem
2220 3617 2273 3673 in
2300 3617 2414 3684 illo,
2440 3616 2532 3672 ille
2550 3630 2682 3672 vero
2703 3614 2759 3670 in
2788 3613 2892 3669 hoc
2914 3619 3201 3684 appareat,
3226 3609 3567 3665 identitatem

1970 3710 2189 3768 deitatis
2231 3719 2287 3765 et
2342 3708 2599 3766 essentire
2655 3706 2921 3764 unitatem
2980 3706 3355 3767 demnnstret;
3403 3710 3572 3772 utque

1970 3815 2071 3872 per
2099 3799 2152 3856 id
2185 3799 2328 3870 quod
2359 3798 2499 3855 alter
2536 3797 2591 3853 in
2629 3797 2805 3852 altero
2851 3796 2947 3860 sit,
2986 3810 3095 3850 non
3126 3807 3299 3850 unum
3340 3806 3569 3847 numero

1971 3907 2093 3949 esse
2120 3892 2476 3963 intelligatur,
2528 3889 2675 3962 quod
2718 3886 3016 3959 aliquando
3045 3886 3229 3952 Pater,
3271 3884 3571 3956 aiiqnando

1970 3985 2144 4042 Filius
2165 3993 2421 4051 vocetur;
2454 3982 2549 4039 sed
2584 3995 2712 4038 vere
2734 3990 2899 4051 atque
2928 3978 3271 4051 bypostatice
3302 3978 3572 4034 exsistere

1970 4082 2220 4148 Patrem,
2253 4094 2383 4135 vere
2443 4078 2609 4133 etiam
2675 4084 2841 4146 atque
2885 4073 3230 4147 bypostatiee
3296 4070 3568 4128 exsistere

1971 4172 2169 4227 Filium
2204 4167 2655 4226 manifestissime
2680 4165 2964 4223 ostendat.

2553 4430 2718 4501 uo
2750 4426 2980 4485 ALIUD.

2043 4525 2205 4583 Pater
2222 4535 2280 4581 et
2309 4524 2482 4581 Filius
2512 4538 2682 4579 unum
2711 4521 2937 4593 quidem
2968 4527 3099 4576 sunt
3143 4518 3442 4576 secundum
3476 4533 3576 4575 na-

277 4608 335 4662 δὲ
371 4610 432 4663 ἰν
457 4607 698 4679 ἀριθμῷ,
724 4610 822 4680 οὐχ
848 4608 924 4673 ὡς
963 4609 1084 4674 ἑνός
1118 4628 1266 4673 τινος
1299 4612 1378 4676 είς
1404 4612 1498 4665 δύο
1520 4612 1863 4683 καταδιαιρε-

1979 4626 2177 4682 turam,
2218 4617 2327 4674 duo
2368 4631 2499 4673 vero
2546 4629 2810 4683 numero;
2861 4627 3039 4684 neque
3082 4613 3159 4668 ita
3202 4627 3269 4668 ac
3306 4612 3355 4668 si
3404 4627 3572 4667 unum

280 4702 468 4766 θέντος
504 4702 670 4773 μέρη.
707 4702 783 4765 ὡς
820 4696 963 4756 εἶναι
991 4700 1179 4756 λοιπὸν
1209 4706 1310 4774 τῆς
1338 4703 1474 4776 πρὸς
1511 4704 1716 4775 ἄλληλα
1757 4720 1873 4757 κοι-

280 4794 478 4858 armis;
517 4812 577 4848 τε
606 4796 701 4849 καὶ
752 4795 991 4865 σχέσεως
1030 4794 1313 4866 ἀμέτοχα,
1355 4794 1479 4849 οὐτε
1524 4795 1632 4867 μὴν
1664 4795 1741 4859 ὡς
1777 4796 1874 4850 τοῦ

282 4885 450 4941 αὐτοῦ
488 4887 583 4940 καὶ
612 4886 733 4951 ἑνὸς
756 4887 953 4953 διττοῖς
986 4887 1249 4957 ὀνόμασιν
1280 4887 1756 4958 ἁποκαλουμένου,
1784 4887 1873 4942 ἵνα

282 4982 340 5034 ιν
376 4979 514 5051 μόνη
546 4979 888 5052 προσηγορίᾳ
914 4980 1173 5053 φαίνηται
1198 4980 1300 5049 τῆς
1331 4977 1522 5044 δυάδος
1549 4980 1583 5051 ἡ
1615 4978 1872 5050 δύναμις·

283 5072 403 5127 οὐδὲ
442 5071 519 5135 ὡς
556 5070 656 5125 τοῦ
681 5068 849 5126 αὐτοῦ
894 5072 1026 5127 ποτὶ
1069 5073 1168 5144 μὲν
1208 5071 1444 5144 Πατρὸς,
1480 5070 1610 5125 ποτὲ
1652 5071 1708 5125 δὲ
1742 5068 1875 5125 Υίοῢ

283 5158 602 5235 λεγομένου,
637 5162 799 5218 τοῦτο
831 5163 937 5235 γὰρ
967 5162 1262 5218 Σαϐελλίου
1287 5163 1349 5217 τὸ
1378 5164 1579 5236 δόγμα,
1619 5163 1736 5218 ἀλλ’
1766 5164 1874 5217 εἰσὶ

290 5257 387 5327 μὲν
414 5254 635 5327 ἀριθμῷ
663 5255 784 5310 δύοο
816 5255 930 5309 ἔστι
964 5254 1072 5325 γὰρ
1098 5256 1127 5309 6
1166 5254 1358 5328 Πατὴρ
1393 5255 1483 5310 ἀεὶ
1511 5256 1727 5328 Πατὴρ,
1750 5254 1875 5309 οὐδέ

286 5365 418 5403 ποτε
465 5348 547 5412 εἰς
594 5348 723 5402 Υίὸν
780 5348 1280 5419 μεταποιούμενον
1315 5348 1410 5401 καὶ
1447 5348 1632 5414 πάλιν,
1678 5352 1707 5403 6
1748 5348 1877 5413 Υιδς

288 5441 543 5495 οὐδέποτε
572 5441 653 5503 είς
680 5440 905 5513 Πατέρα
942 5440 1430 5513 μεταϐαλλόμενος.
1458 5440 1615 5495 Οὕτω
1642 5441 1698 5496 δὲ
1724 5440 1877 5506 ὄντος

290 5534 383 5590 τοῦ
414 5536 762 5606 πράγματος,
788 5534 884 5589 καὶ
911 5534 971 5588 ὲν
998 5533 1149 5588 δυάδι
1178 5534 1437 5605 κειμένου
1488 5532 1584 5587 τοῦ
1618 5532 1877 5605 ἀριθμοῦ,

296 5628 391 5686 μία
419 5626 584 5698 φύσις
626 5624 958 5698 ἀμφοτέροις
992 5626 1090 5679 καὶ
1132 5625 1167 5696 ἠ
1204 5622 1344 5696 αὐτὴ
1385 5624 1607 5694 θεότης,
1642 5624 1881 5690 ἐοικότος

293 5723 376 5778 ἀεὶ
406 5729 504 5778 τοῦ
534 5721 878 5793 γεννήματος
905 5718 985 5790 τῷ
1014 5717 1370 5789 γεγεννηκότι
1409 5717 1676 5787 φυσικῶς.
1704 5714 1883 5771 Είκὼν

293 5816 397 5890 γάρ
424 5817 565 5887 ἐστι,
600 5814 697 5872 καὶ
723 5811 1083 5885 ἀπαύγασμα,
1114 5811 1209 5867 καὶ
1234 5810 1520 5883 χαρακτὴρ
1531 5813 1630 5886 τῆς
1650 5810 1884 5868 amna-

1982 4708 2196 4782 aliquod
2221 4709 2274 4765 in
2305 4708 2441 4764 duas
2470 4717 2656 4777 partes
2677 4707 3030 4773 divideretur,
3060 4714 3121 4760 ut
3147 4719 3181 4760 a
3208 4712 3399 4760 mutua
3431 4705 3575 4762 inter

1976 4818 2035 4860 se
2103 4801 2365 4858 societate
2428 4799 2860 4871 habitudineque
2920 4800 3317 4870 sejungantur,
3398 4812 3575 4867 neque

1975 4909 2169 4951 rursus
2198 4894 2271 4949 ita
2304 4903 2363 4949 ut
2394 4907 2561 4948 unum
2598 4901 2766 4961 atque
2810 4891 2955 4948 idem
2998 4890 3213 4947 duobus
3261 4890 3575 4947 nominibus

1975 4996 2222 5054 vocetur,
2255 4988 2392 5042 utin
2424 5001 2532 5041 una
2564 4982 2928 5056 appellatione
2953 4982 3236 5040 dualitatis
3272 4984 3450 5039 virtus
3478 4998 3576 5053 ap-

1975 5085 2196 5146 pareat;
2251 5091 2431 5147 neque
2461 5082 2522 5131 ut
2550 5075 2694 5132 idem
2729 5073 3027 5144 aliquando
3053 5071 3235 5138 Pater,
3278 5072 3575 5143 aliquando

1982 5165 2155 5223 Filius
2177 5168 2409 5232 dicatur,
2447 5167 2557 5227 hoc
2583 5166 2728 5222 enim
2778 5164 3001 5221 Sabellii
3031 5165 3223 5236 dogma
3247 5174 3355 5227 est.
3376 5164 3474 5219 sed
3516 5174 3577 5219 ut

1982 5262 2092 5315 sint
2115 5258 2219 5314 duo
2240 5272 2469 5317 numero
2492 5276 2509 5315 :
2530 5272 2659 5314 nam
2689 5254 2852 5313 Pater
2872 5270 3088 5326 semper
3111 5266 3193 5311 est
3220 5252 3406 5320 Pater,
3440 5271 3580 5309 nun-

1984 5364 2147 5419 quam
2177 5349 2231 5403 in
2262 5348 2455 5405 Filium
2487 5356 2730 5404 mutatus
2758 5365 2773 5403 :
2803 5355 2860 5403 et
2904 5345 3076 5405 Filius
3107 5359 3325 5416 semper
3351 5353 3435 5401 est
3480 5343 3575 5401 Fi-

1983 5441 2112 5506 lius,
2140 5456 2413 5512 nunquam
2444 5440 2499 5498 in
2541 5439 2762 5498 Patrem
2801 5448 3069 5496 mutatus.
3106 5437 3354 5510 Cumque
3396 5436 3472 5493 ita
3518 5452 3579 5492 se

1980 5548 2069 5591 res
2100 5532 2321 5601 habeat,
2347 5542 2404 5589 et
2429 5533 2501 5589 sit
2536 5546 2763 5589 numero
2794 5532 3033 5590 dualitas
3056 5544 3437 5602 personarum,
3468 5544 3577 5583 una

1979 5624 2199 5695 utrique
2240 5632 2329 5679 est
2368 5632 2584 5690 natura,
2614 5624 2916 5693 eademque
2954 5620 3132 5678 deitas
3157 5658 3173 5687 .
3227 5634 3352 5676 eum
3405 5616 3581 5675 Filius

1982 5730 2200 5787 semper
2235 5715 2305 5771 sit
2347 5715 2546 5771 similis
2572 5715 2623 5769 ei
2666 5714 2758 5785 qui
2813 5713 3141 5769 naturaliter
3198 5725 3322 5765 eum
3365 5706 3575 5781 genuit.

1982 5810 2078 5869 Est
2119 5808 2265 5866 enim
2299 5807 2502 5880 imago,
2543 5817 2597 5865 et
2647 5804 2920 5879 splendor,
2969 5816 3024 5864 et
3078 5806 3365 5863 character
3408 5804 3581 5874 hypo-
