3994 6324
472 447 575 505 185

1450 448 1509 504 S.
1550 447 1822 504 CYRILLI
1859 449 2324 507 ALEXANDBINI
2364 450 2679 509 ARCHIEP.

3604 442 3709 498 184

471 569 677 613 staseos
693 571 939 613 essentia:
961 558 1138 614 Patris
1159 558 1341 614 Filius.
1366 558 1501 615 Nam
1525 560 1624 616 hac
1638 562 1842 619 ratione
1864 577 2024 617 unum

2136 580 2270 629 σεως
2311 564 2411 635 τῆς
2442 567 2538 618 τοῦ
2579 563 2789 635 Πατρδς
2824 558 3010 621 οὐσίας
3043 560 3070 612 6
3098 556 3243 620 Υἱός.
3276 553 3430 608 Οὕτω
3468 552 3572 625 γὰρ
3610 553 3709 606 ἕνα

468 648 696 703 dicimus
724 664 843 704 esse
877 650 1065 717 Deum,
1111 652 1179 706 ob
1222 651 1558 707 identitatem
1606 662 1810 709 natura:
1852 654 2031 712 Patris

469 755 587 793 cum
613 738 751 795 Filio
780 780 795 807 ,
823 751 877 796 et
908 741 1027 797 Filii
1064 758 1184 798 cmn
1211 742 1388 798 Patre.

1135 872 1362 929 ALIUD.

535 961 991 1028 Quemadmodum
1017 977 1172 1017 nemo
1194 964 1389 1020 dixerit
1409 965 1743 1035 splendorem
1768 979 1925 1034 quem
1951 966 2031 1021 sol

464 1070 532 1109 ex
571 1068 631 1109 se
672 1053 888 1117 emittit,
923 1053 1064 1107 aliud
1105 1067 1161 1109 et
1199 1056 1469 1111 diversum
1500 1066 1698 1111 natura
1744 1058 1919 1110 lumen
1964 1058 2032 1110 ab

464 1146 556 1200 illo
585 1160 926 1215 essetneque
964 1147 1373 1220 participatione
1402 1149 1631 1218 quadam
1680 1157 1839 1217 atque
1876 1149 2031 1203 habi-

465 1237 646 1291 tudine
689 1251 755 1291 ex
808 1237 923 1307 ipso
980 1238 1094 1293 sole
1143 1239 1274 1293 illud
1326 1239 1440 1294 ﬁeri
1472 1240 1758 1309 judicabit,
1794 1241 1885 1293 sed
1938 1255 2030 1293 na-

465 1328 710 1384 turaliter
734 1343 797 1383 ex
829 1330 944 1397 ipso
976 1329 1148 1383 emitti
1175 1346 1189 1396 ;
1233 1338 1288 1385 et
1313 1331 1415 1386 duo
1442 1332 1656 1400 quidem
1687 1330 1887 1385 lumina
1913 1346 2033 1386 esse

465 1420 672 1474 ratione
707 1421 989 1489 percipiet,
1036 1436 1200 1478 unum
1238 1430 1430 1479 tamen
1458 1429 1647 1475 natura
1696 1441 1709 1477 :
1750 1423 1843 1476 ita'
1870 1424 2031 1475 etiam

464 1523 620 1562 nemo
644 1518 788 1564 recte
822 1510 1115 1575 censuerit,
1164 1512 1374 1565 tametsi
1414 1508 1575 1565 Pater
1621 1520 1675 1564 et
1718 1509 1889 1566 Filius
1926 1512 2035 1566 sint

462 1612 687 1654 numero
720 1599 843 1661 duo.
873 1600 1140 1654 diversum
1172 1614 1291 1655 esse
1338 1600 1531 1654 Filium
1566 1614 1596 1653 a
1624 1599 1785 1655 Patre
1824 1601 2034 1657 ratione

462 1690 683 1746 t'Jzitatis
718 1702 772 1746 et
806 1692 1099 1747 identitatis
1127 1693 1395 1747 essentiae.
1425 1692 1531 1747 Sed
1560 1694 1702 1747 sicut
1746 1692 1827 1747 sol
1859 1701 1943 1747 est
1976 1693 2031 1746 in

492 1782 747 1848 plendore
783 1796 942 1849 quem
980 1796 1045 1835 ex
1077 1796 1147 1836 se
1175 1782 1393 1846 emittit,
1425 1791 1479 1835 et
1510 1781 1760 1851 splendor
1792 1781 1843 1834 in
1867 1781 1979 1835 solo
2001 1797 2030 1842 ε

465 1888 569 1941 quo
614 1873 774 1930 exit:
825 1874 898 1928 ita
933 1874 1095 1927 etiam
1145 1873 1304 1928 Pater
1354 1875 1406 1928 in
1460 1873 1619 1941 Filio,
1650 1882 1705 1929 et
1750 1873 1918 1928 Filius
1973 1874 2025 1927 in

2135 654 2313 725 φαμὲν
2342 651 2475 708 εἶναι
2504 651 2635 707 Θεὸν
2656 653 2741 706 διὰ
2766 652 2863 722 τὴν
2891 647 3191 715 ταυτότητα
3228 646 3326 715 τῆς
3358 641 3571 713 φύσεως
3597 642 3709 695 Πα-

2132 745 2257 814 τρός
2292 743 2425 812 πρὸς
2438 743 2592 812 ,Υἱδν,
2621 741 2716 794 καὶ
2744 738 2871 792 Υίού
2901 735 3038 807 πρὸς
3074 732 3312 803 Πατέρα.

2816 850 3016 905 ΔΔΛΟ.

2204 946 2412 1015 Ὠσπερ
2445 947 2504 1000 τὸ
2549 946 2612 999 ὲκ
2646 942 2737 998 τοῦ
2774 942 2932 1015 tum;
2968 936 3317 1008 πεμπόμενον
3364 930 3707 1001 ἀπαύγασμα

2132 1039 2232 1091 οὐκ
2259 1038 2323 1091 ἄν
2356 1053 2440 1100 τις
2484 1036 2625 1089 εἴποι
2657 1033 2797 1088 κατὰ
2828 1032 2989 1101 φύσιν
3020 1030 3206 1099 ἕτερον
3245 1021 3382 1078 εἶναι
3412 1023 3528 1092 φῶς
3572 1020 3706 1090 παρ’

2133 1132 2361 1195 ἐκεῖνον,
2401 1129 2434 1200 ἢ
2478 1127 2619 1182 κατὰ
2654 1125 2946 1197 μετουσίαν
2982 1120 3104 1174 τινὰ
3151 1119 3246 1172 καὶ⁷
3293 1116 3475 1186 σχέσιν
3511 1113 3611 1182 τὴν
3647 1112 3708 1176 ἐξ

2133 1224 2295 1279 αὑτοῦ
2323 1224 2530 1277 τοιοῦτο
2557 1222 2823 1291 γίνεσθαι,
2858 1218 2973 1272 ἀλλ’
2998 1216 3166 1277 ὄντως
3211 1212 3367 1281 φύσει
3412 1207 3598 1279 προϊὸν
3647 1205 3707 1271 ἐξ

2132 1313 2318 1380 αὐτοῦ,
2346 1315 2441 1368 καὶ
2468 1314 2561 1367 δύο
2587 1313 2684 1384 μὲν
2709 1310 2879 1365 ταῦτα
2902 1308 3055 1377 φῶτα
3084 1303 3200 1359 κατ’
3226 1302 3465 1355 ἐπίνοιαν
3490 1297 3704 1367 ὁρᾶται,

2133 1404 2189 1457 ἓν
2212 1403 2269 1457 δέ
2306 1405 2412 1456 εἱσι
2441 1403 2582 1457 κατὰ
2613 1401 2796 1471 φύσινο
2827 1397 3000 1461 οὕτως
3032 1398 3130 1450 οὐκ
3162 1393 3226 1450 ἂν
3249 1408 3334 1455 τις
3367 1388 3623 1455 εὐλόγως,
3657 1386 3707 1437 εί

2133 1496 2227 1548 καὶ
2268 1496 2346 1557 είς
2375 1494 2540 1548 δυάδα
2572 1494 2821 1564 τέμνοιτο
2859 1487 3074 1559 Πατρός
3120 1504 3179 1538 τε
3214 1486 3308 1537 κα)⁹
3346 1480 3479 1536 Υἱοῦ
3510 1482 3537 1532 6
3585 1479 3707 1547 ἀρι·

2133 1587 2288 1657 θμδς,
2317 1586 2498 1657 ἕτερόν
2522 1603 2573 1637 τι
2605 1584 2755 1654 παρὰ
2776 1583 2867 1635 τὸν
2898 1579 3117 1649 Πατέρα
3152 1578 3267 1646 ὲρεῖ
3292 1573 3381 1626 τὸν
3411 1570 3559 1634 Υίὺν,
3583 1569 3706 1622 ὅσον

2134 1681 2214 1743 είς
2248 1678 2345 1749 τὴν
2372 1677 2598 1747 θεότητα
2624 1675 2717 1729 καὶ
2748 1674 2846 1744 τὴν
2875 1671 3174 1739 ταυτότητα
3204 1668 3301 1736 τῆς
3325 1664 3531 1725 ούσίας.
3566 1659 3707 1714 Ἀλλ’

2134 1772 2322 1841 ὥσπερ
2350 1771 2377 1822 6
2404 1770 2555 1840 ἥλιος
2584 1768 2643 1820 ὲν
2674 1766 2751 1836 τῷ
2784 1760 3174 1831 ἀπαυγάσματί
3203 1760 3317 1811 ἐστι
3345 1755 3421 1825 τῷ
3453 1754 3512 1820 ἐξ
3541 1752 3708 1841 αὐτού

2136 1837 2485 1936 προελθόντι,
2519 1858 2614 1912 καὶ⁵
2646 1858 2705 1910 τδ
2739 1854 3080 1923 ἀπαύγασμα
3116 1854 3172 1904 ὲν
3210 1849 3287 1919 τῷ
3334 1847 3470 1918 ἡλίῳ
3511 1843 3602 1913 ἀφ’
3643 1837 3709 1898 οὗ

463 1962 647 2026 Patre;
678 1976 902 2017 numero
942 1962 1159 2031 quidem
1205 1964 1256 2017 in
1289 1963 1421 2017 duas
1463 1977 1721 2033 personas
1767 1962 2026 2028 distincti,

2136 1956 2223 2008 καὶ
2248 1952 2489 2023 ἐξῆλθεν,
2526 1949 2698 2011 οὕτως
2736 1948 2852 2001 ἐστὶ
2886 1944 3073 2013 Πατὴρ
3103 1943 3161 1995 ὲν
3193 1940 3329 2033 i‘tt‘p,
3360 1940 3455 1991 καὶ
3487 1936 3613 2033 γίδς
3646 1936 3710 1988 ὲν

462 2068 626 2124 atque
671 2054 747 2110 ita
793 2055 1129 2126 hypostatice
1172 2054 1521 2121 exsistentes,
1562 2054 1845 2112 identitate
1898 2070 2030 2113 vero

463 2153 670 2201 natura
697 2145 753 2201 in
788 2161 948 2201 unam
974 2146 1224 2201 deitatem
1250 2146 1477 2202 redacti.

1131 2346 1356 2403 ALIUD.

532 2434 592 2492 Si
613 2438 733 2507 quis
752 2437 985 2493 divinam
1009 2437 1344 2510 Scripturam
1362 2449 1615 2496 accurate
1640 2446 2026 2509 perscrutetur,

460 2528 701 2583 inveniet
731 2528 920 2585 iisdem
952 2530 1262 2587 nominibus
1284 2541 1534 2587 vocatum
1573 2530 1793 2594 Filium,
1835 2530 2029 2599 quibus

459 2630 515 2675 et
542 2616 727 2685 Pater,
769 2631 993 2691 excepto
1034 2623 1175 2692 quod
1220 2638 1323 2678 non
1374 2624 1587 2678 dicatur
1627 2622 1820 2689 Pater;
1870 2618 2030 2693 idque

460 2710 580 2765 vice
604 2725 761 2765 versa
790 2709 1006 2765 Patrem
1036 2715 1331 2783 comperiet
1364 2714 1555 2769 iisdem
1599 2714 1903 2773 nominibus
1939 2728 2031 2766 vo-

460 2798 571 2853 cari
615 2798 856 2866 Patrem,
904 2802 1097 2870 quibus
1144 2802 1331 2869 Filius,
1393 2818 1458 2859 eo
1492 2813 1717 2871 excepto
1743 2802 1882 2870 quod
1923 2817 2026 2855 non

460 2892 672 2945 dicatur
717 2890 931 2946 Filius:
965 2893 1107 2962 quod
1158 2894 1375 2962 quidem
1431 2893 1729 2947 manifestis
1771 2892 2029 2961 exemplis

458 2981 676 3051 probari
699 2990 893 3051 potest.
915 2982 1269 3051 Omnipotens
1284 2982 1465 3050 Pater,
1486 2984 1751 3037 dicitun-et
1773 2986 1838 3037 de
1858 2982 2024 3037 Filio:

466 3089 485 3121 ι
506 3070 631 3126 Haec
652 3072 781 3127 dicit
800 3072 891 3141 qui
910 3083 1049 3140 erat,
1067 3075 1156 3144 qui
1176 3084 1433 3129 venturus
1448 3084 1551 3141 est,
1572 3076 1910 3143 omnipotens
1925 3074 1988 3128 ⁸ο.
2003 3092 2021 3124 ι

463 3162 720 3219 Dominus
743 3162 936 3232 Pater;
958 3174 1012 3220 et
1049 3184 1067 3216 ι
1097 3165 1241 3220 Unus
1262 3167 1517 3221 Dominus
1541 3165 1696 3221 Jesus
1723 3167 2021 3223 Chrl'stus.i

2131 2022 2337 2112 Πατρὶ,
2361 2037 2577 2112 ἀριθμῷ
2612 2037 2710 2108 μὲν
2745 2037 2823 2098 είς
2860 2032 3025 2087 δυάδα
3057 2030 3397 2101 τεμνόμενοι,
3428 2026 3523 2078 καὶ
3553 2022 3711 2085 ὅντες

2130 2132 2300 2195 οὕτως
2328 2134 2383 2185 ἐν
2412 2130 2723 2193 ὑποστάσει,
2751 2130 2819 2196 τῇ
2854 2125 2911 2179 δὲ
2941 2123 3225 2193 ταυτότητι
3250 2121 3350 2191 τῆς
3388 2117 3600 2188 φύσεως
3626 2116 3712 2179 είς

2134 2225 2264 2296 μίαν
2288 2222 2639 2294 σφιγγόμενοι
2670 2220 2919 2290 θεότητα.

2816 2328 3017 2385 MAG.

2200 2432 2267 2486 Εἴ
2306 2449 2388 2495 τις
2433 2427 2673 2501 ἀκριϐῶς
2705 2425 2954 2491 ἐξετάσαι
2999 2421 3098 2487 τὴν
3144 2419 3293 2472 Θείαν
3330 2414 3570 2486 Γραφὴν,
3615 2409 3711 2463 εύ-

2132 2524 2289 2596 ρήσει
2320 2520 2595 2582 τοσούτοις
2644 2516 2901 2587 όνόμασιν
2947 2508 3393 2577 ἁποκαλούμενον
3424 2504 3517 2557 τὸν

2130 2591 2385 2683 δσοισπερ
2407 2610 2472 2664 ἂν
2501 2610 2598 2663 ἴδοι
2629 2605 2836 2661 καὶτὸν
2871 2603 3113 2674 Πατέρα,
3149 2601 3271 2669 δίχα
3308 2597 3467 2668 μόνον
3494 2592 3589 2647 τοῦ
3621 2591 3711 2645 λέ·-

2129 2703 2321 2774 γεσθαι
2354 2701 2603 2771 Πατέρα’
2634 2698 2726 2752 καὶ
2755 2696 2917 2750 πάλιν
2948 2696 3040 2749 ἐπὶ
3082 2692 3293 2763 Πατρός
3322 2690 3417 2760 τὴν
3459 2686 3581 2756 ίσην
3612 2687 3709 2738 ἁνε-

2129 2795 2442 2863 τιστροφὴν,
2471 2789 2742 2851 τοσούτοις
2768 2788 3024 2859 ὀνόμασιν
3051 2782 3323 2839 ἁποκαλού
3334 2797 3492 2851 μενον
3522 2777 3704 2842 αὑτὸν,

2128 2886 2271 2946 ὅσοις
2297 2884 2386 2936 καὶ
2410 2884 2436 2934 6
2462 2880 2607 2944 Υἱὸς,
2634 2878 2758 2949 δίχα
2790 2878 2947 2947 μόνον
2974 2873 3067 2928 τοῦ
3098 2871 3347 2941 λέγεσθαι
3381 2868 3523 2923 Υίόν.
3548 2864 3708 2930 Ἥξει

2128 2974 2185 3026 δὲ
2214 2974 2345 3042 ἡμῖν
2374 2970 2466 3022 καὶ
2495 2969 2561 3021 δι’
2597 2965 2840 3038 ἐναργῶν
2873 2964 3197 3029 ἀποδείξεων
3223 2964 3251 3014 ὁ
3283 2960 3458 3027 λόγος.
3502 2957 3707 3009 Παντο-

2130 3066 2351 3137 κράτωρ
2374 3066 2401 3116 6
2426 3060 2636 3132 Πατὴρ,
2667 3059 2889 3129 φέρεται
2918 3057 3010 3109 καὶ
3035 3057 3116 3123 ἐφ’
3141 3053 3271 3107 Υίοῦ
3294 3069 3306 3081 °
3336 3071 3354 3103 ι
3384 3050 3520 3104 Τάδε
3559 3049 3708 3115 λέγει

2128 3160 2156 3211 6
2192 3153 2278 3229 ἦν,
2308 3158 2335 3207 6
2364 3154 2686 3225 ἐρχόμενος,
2727 3151 2755 3202 ὁ
2794 3147 3206 3221 παντοκράτωρ.
3237 3164 3253 3195 ι
3290 3142 3493 3213 Κύριος
3527 3143 3555 3193 6
3591 3142 3710 3193 Παο

460 3255 665 3311 Lumen
702 3255 861 3310 Pater
888 3271 904 3310 :
940 3257 1069 3313 dicit
1112 3269 1165 3312 et
1195 3256 1361 3313 Filius
1390 3276 1401 3312 :
1435 3277 1452 3310 t
1478 3260 1586 3327 Ego
1615 3275 1735 3314 sum
1762 3260 1848 3313 lux
1880 3276 2028 3313 utun-

2136 3248 2257 3318 τὴρ,
2318 3248 2409 3299 καὶ
2456 3264 2473 3296 ‹
2508 3240 2602 3307 Εἷς
2648 3241 2877 3314 Κύριος.
2904 3238 3111 3309 Ἰησοῦς
3177 3235 3431 3327 Χριστός.
3461 3253 3479 3284 ι
3502 3232 3646 3327 *Φῶς
3679 3233 3711 3327 ό

461 3346 517 3399 di
544 3346 611 3399 ⁸⁸.
652 3363 671 3397 ι
703 3344 865 3399 Pater
905 3348 1125 3401 remittit
1154 3360 1373 3416 peccata
1403 3364 1418 3404 :
1446 3350 1675 3404 remittit
1717 3361 1770 3404 et
1812 3350 1981 3405 Filius
2011 3366 2023 3404 :

470 3456 489 3488 ι
518 3434 590 3492 Ut
610 3437 794 3493 sciatis
819 3438 988 3502 enim,
1019 3439 1211 3508 inquit,
1242 3440 1381 3509 quod
1413 3438 1583 3494 Filius
1614 3441 1844 3495 hominis
1871 3442 2031 3495 habet

463 3529 783 3592 potestatem
814 3526 1031 3580 interra
1060 3527 1361 3581 remittendi
1384 3539 1601 3596 peccata
1626 3529 1693 3582 “.
1723 3549 1740 3581 ι
1768 3528 2031 3596 Quoniam

464 3614 629 3683 igitur
674 3615 854 3671 omnia
899 3617 1080 3673 insunt
1114 3614 1270 3677 Filio.
1314 3633 1432 3687 qua:
1464 3617 1631 3684 Patri,
1677 3634 1803 3674 vere
1850 3620 2027 3673 dicit:

466 3720 486 3755 ι
524 3702 715 3759 Omnia
744 3720 862 3775 quae
901 3706 1062 3761 habet
1099 3707 1254 3776 ιιι
1280 3707 1457 3771 Pater,
1501 3724 1614 3763 mea
1658 3719 1785 3764 sunt
1812 3711 1876 3764 ".
1916 3729 1932 3760 ι
1968 3710 2034 3764 Ει

463 3810 651 3850 rursus
701 3797 767 3851 ad
807 3794 1021 3853 Patrem
1065 3812 1220 3852 suum
1271 3798 1527 3868 loquens,
1578 3801 1706 3855 dicit
1740 3820 1753 3855 :
1792 3820 1809 3851 ι
1842 3802 2033 3857 Omnia

462 3898 583 3938 mea
610 3893 735 3938 sunt
770 3894 881 3949 tua,
916 3897 971 3939 et
1000 3895 1087 3940 tua
1116 3897 1241 3940 sunt
1284 3903 1401 3941 mea
1433 3888 1499 3943 υ.
1529 3907 1548 3940 ι
1587 3888 1643 3946 Si
1688 3905 1815 3960 ergo
1853 3891 2031 3945 omnia

462 3990 585 4040 qua:
635 3974 816 4028 insunt
851 3974 1019 4039 Patri,
1063 3976 1244 4030 insunt
1284 3985 1338 4031 et
1380 3976 1538 4042 Filio,
1584 3988 1639 4032 et
1680 3994 1709 4033 e
1742 3981 2030 4045 contrario,

463 4079 794 4134 quaecunque
822 4064 1003 4119 insunt
1036 4066 1189 4132 Filio,
1216 4068 1401 4121 insunt
1426 4081 1479 4123 et
1509 4068 1675 4135 Patri,
1707 4086 1809 4125 non
1838 4072 2028 4126 menti-

466 4167 552 4209 tur
602 4171 723 4210 cum
768 4156 898 4209 dicit
930 4174 943 4210 :
982 4174 999 4206 ‹
1036 4157 1146 4227 Ego
1184 4158 1235 4210 in
1276 4156 1454 4222 Patre,
1496 4166 1551 4213 et
1584 4158 1744 4214 Pater
1775 4162 1826 4214 in
1865 4175 1968 4225 Ille,
2006 4180 2025 4212 ι

463 4261 585 4299 cum
616 4260 800 4301 eorum
833 4262 952 4315 qua:
979 4247 1159 4302 insunt
1194 4244 1448 4304 identitas
1483 4250 1534 4303 iu
1569 4251 2032 4319 dualitate‘perso-

464 4352 653 4391 narum
684 4339 885 4407 absque
927 4338 1031 4393 ulla
1066 4341 1366 4395 diﬂ'crentia
1411 4353 1689 4411 appareat.
1726 4343 1876 4409 Quod
1908 4360 2029 4397 cum

462 4442 651 4483 verum
682 4430 900 4483 omnino
932 4430 1033 4493 sit;
1063 4433 1335 4499 proprium
1381 4443 1526 4486 certe
1563 4434 1810 4503 genimeu
1847 4435 2031 4489 Patris

464 4515 741 4572 estFilins
771 4532 786 4571 :
813 4532 988 4586 neque
1012 4518 1155 4572 enim
1181 4520 1410 4587 gestavit
1451 4522 1747 4575 secundum
1781 4531 2027 4578 naturam

2134 3337 2346 3409 Πατὴρ,
2386 3336 2532 3403 λέγει
2568 3334 2662 3388 καὶ
2704 3335 2732 3386 6
2764 3332 2921 3395 Υίός·
2961 3349 2978 3381 ι
3024 3328 3166 3397 Ἐγώ
3214 3328 3329 3397 ειμι
3359 3326 3419 3378 τὸ
3452 3324 3579 3393 φῶς·
3614 3321 3708 3375 τοῦ

2133 3427 2359 3497 κόσμου.
2386 3443 2404 3476 ι
2448 3425 2505 3476 Ὀ
2535 3422 2723 3493 Πατὴρ
2762 3420 2984 3491 ἀφίησιν
3027 3416 3303 3489 ἁμαρτίας
3325 3432 3337 3445 ·
3382 3415 3524 3465 ποιεῖ
3552 3411 3712 3463 τοῦτο

2134 3519 2227 3572 καὶ
2256 3518 2282 3568 6
2318 3515 2475 3577 Υίός·
2518 3532 2535 3565 ι
2568 3500 2684 3566 Ἵνα
2738 3514 2868 3581 γὰρ,
2908 3510 3091 3579 φησιν,
3133 3506 3307 3575 εἰδῆτε
3338 3505 3420 3557 ὅτι
3462 3500 3711 3568 ἐξουσίαν

2132 3606 2244 3678 ἔχει
2274 3607 2302 3658 6
2328 3606 2454 3666 Υίὸς
2483 3601 2574 3657 τοῦ
2603 3602 2889 3672 ἀνθρώπου
2921 3600 3015 3653 ἐπὶ
3040 3598 3141 3667 τῆς
3168 3598 3269 3665 γῆς
3294 3595 3512 3663 ἀφιέναι
3539 3593 3714 3662 ἁμαρο

2132 3700 2272 3761 τίας.
2306 3717 2324 3749 ι
2368 3681 2587 3766 Ἐπειδὴ
2629 3695 2809 3747 τοίνυν
2843 3692 3019 3745 πάντα
3062 3690 3321 3761 πρόσεστι
3354 3685 3430 3756 τῷ
3459 3684 3573 3755 Υἱῷ
3610 3684 3713 3737 ὃσα

2133 3791 2226 3844 καὶ
2267 3791 2321 3843 ὲν
2345 3788 2420 3859 τῷ
2454 3788 2649 3855 Πατρὶ,
2681 3785 2958 3855 ἀληθεύων
2987 3782 3166 3850 λέγει·
3205 3800 3223 3831 ι
3256 3780 3441 3832 Πάντα
3469 3778 3567 3831 ὅσα
3596 3775 3711 3846 ἔχει

2133 3884 2161 3935 6
2189 3880 2407 3951 Πατὴρ,
2456 3878 2565 3949 ὲμά
2604 3880 2736 3931 ἐστι.
2769 3897 2787 3929 ι
2838 3876 2949 3930 Καὶ
2990 3876 3153 3928 πάλιν
3203 3872 3338 3943 πρὸς
3383 3871 3471 3924 τὸν
3514 3868 3711 3924 ἑαυτοῦ

2134 3971 2353 4041 Πατέρα
2381 3972 2506 4033 τοὺς
2546 3969 2735 4037 λόγους
2788 3967 3108 4037 ποιούμενος
3160 3965 3389 4034 φάσκεν
3423 3981 3441 4013 t
3472 3962 3553 4014 Τὰ
3602 3960 3712 4031 ἐμὲ

2134 4063 2310 4116 πάντα
2344 4063 2573 4125 σὼὲστι,
2606 4062 2700 4114 καὶ
2731 4060 2797 4113 τὰ
2828 4060 2895 4113 σὰ
2928 4060 3089 4130 ἐμά.»
3122 4059 3181 4111 El
3212 4057 3391 4111 τοίνυν
3418 4056 3515 4107 ὅσα
3546 4054 3711 4123 πρόσ-

2132 4168 2247 4204 εστι
2279 4150 2355 4221 τῷ
2385 4150 2590 4220 Πατρὶ,
2630 4148 2802 4202 ταῦτα
2850 4150 2942 4202 καὶ
2972 4148 3049 4218 τῷ
3081 4148 3194 4217 Υίῷ
3214 4164 3226 4177 ’
3273 4148 3367 4199 καὶ
3398 4145 3579 4208 πάλιν,
3610 4145 3713 4198 ὃσα

2134 4242 2390 4313 πρόσεστι
2419 4240 2496 4311 τῷ
2522 4239 2656 4309 Υἱῴ,
2681 4240 2851 4301 ταῦτα
2891 4240 2985 4292 καὶ
3018 4238 3093 4309 τῷ
3128 4240 3320 4307 Πατρὶ,
3359 4240 3420 4291 οὐ
3453 4237 3711 4309 ψεύδεται

2131 4332 2304 4400 λέγων
2323 4347 2337 4361 °
2378 4350 2396 4383 ι
2431 4331 2572 4401 Ἐγὼ
2596 4334 2654 4385 ὲν
2674 4332 2750 4401 τῷ
2785 4331 2979 4398 Πατρὶ,
3011 4331 3104 4383 καὶ
3128 4332 3156 4382 6
3185 4329 3396 4399 ﬂat’qp'
3423 4332 3479 4382 ὲν
3514 4328 3657 4399 ἐμοί·
3686 4348 3705 4380 ι

2130 4425 2228 4495 τῆς
2262 4423 2371 4476 τῶν
2406 4424 2710 4495 προσόντων
2751 4423 3076 4492 ταυτότητος
3121 4424 3178 4474 ἐν
3222 4424 3289 4491 τῇ
3325 4420 3476 4473 δυάδι
3517 4438 3706 4490 φαινο-

2134 4516 2300 4587 μένης
2326 4515 2567 4587 όιπαραλ)
2579 4516 2781 4577 άκτως.
2817 4513 3032 4583 Ἐπειδὴ
3061 4513 3117 4564 δὲ
3145 4512 3302 4565 τοῦτο
3336 4511 3549 4582 ἀληθὲς,
3579 4513 3710 4566 ἴδιον

464 4622 529 4662 ea
549 4623 669 4677 qua:
693 4607 961 4663 Genitoris
985 4618 1130 4674 sunt,
1162 4610 1261 4665 nisi
1289 4625 1352 4664 ex
1385 4612 1498 4681 ipso
1522 4620 1631 4673 est;
1654 4627 1829 4683 neque
1851 4615 2028 4670 insunt

2136 4604 2196 4659 ἂν
2225 4606 2309 4675 εἴη
2336 4606 2581 4677 γέννημα
2617 4606 2709 4658 τοῦ
2744 4604 2955 4676 Πατρὸς
2992 4605 3021 4656 6
3054 4604 3203 4667 Υἱός·
3232 4603 3291 4656 οὐ
3337 4602 3445 4673 γὰρ
3486 4604 3551 4655 ἂν
3583 4604 3708 4673 ἐφό-

466 4696 612 4750 Patri
640 4711 701 4752 ea
731 4712 849 4766 quae
882 4697 1002 4752 Filii
1042 4708 1183 4763 sunt,
1233 4701 1333 4754 nisi
1374 4700 1424 4756 id
1473 4703 1614 4771 quod
1657 4705 1894 4773 genitum
1925 4715 2028 4771 est,

466 4788 739 4858 proprium
766 4789 1013 4845 essentia
1038 4806 1146 4844 sua:
1177 4801 1337 4846 esset.

896 4966 1122 5034 ALIUD,
1156 4986 1248 5039 per
1273 4971 1581 5040 exemplum.

536 5083 1019 5149 Quemadmodum,
1058 5083 1105 5139 si
1140 5084 1261 5152 quis
1309 5085 1595 5155 imaginem
1636 5089 1839 5157 optime
1880 5089 2026 5159 depi-

463 5185 605 5229 ctam
636 5174 812 5229 videat
841 5183 1005 5243 atque
1041 5175 1359 5241 admiretur,
1407 5178 1548 5249 regis
1580 5180 1708 5234 item
1738 5180 1941 5235 vultum
1972 5191 2027 5236 et

466 5280 801 5334 quaecunque
826 5266 878 5319 in
901 5265 991 5320 illo
1006 5275 1300 5321 cernuntur
1322 5268 1520 5322 intueri
1540 5269 1593 5322 in
1619 5269 1809 5325 tabella
1835 5273 2023 5340 possit,

468 5356 735 5423 cupiditas
770 5356 917 5409 illum
963 5357 1200 5413 incessat
1247 5373 1426 5429 regem
1472 5358 1641 5428 ipsum
1683 5361 1894 5415 videndi
1926 5380 1940 5414 :
1970 5373 2027 5417 at

470 5448 657 5500 tabella
687 5449 878 5503 merito
902 5448 977 5503 illi
1015 5449 1196 5505 dicere
1223 5455 1393 5519 possit
1424 5468 1439 5504 :
1472 5449 1683 5519 Vidisti.
1707 5467 1812 5514 me.
1850 5454 2025 5508 vidisti

465 5549 520 5591 et
571 5548 871 5606 regem;et
913 5555 1174 5595 rursum:
1213 5541 1325 5610 Ego
1369 5552 1421 5596 et
1470 5558 1561 5597 rex
1609 5558 1771 5597 unum
1817 5559 2022 5608 sumus,

466 5638 724 5697 quantum
749 5632 813 5683 ad
835 5631 1127 5699 perfectam
1150 5632 1553 5687 similitudinem
1577 5634 1798 5699 attinet;
1829 5645 1880 5687 et
1908 5651 2025 5689 rur-

2136 4716 2258 4770 ρεσε
2297 4699 2438 4753 κατὰ
2472 4700 2631 4768 φύσιν
2666 4697 2735 4750 τὰ
2763 4697 2855 4749 τού
2892 4697 3268 4767 γεννήσαντος,
3300 4695 3399 4749 ούκ
3426 4694 3501 4748 ὢν
3531 4694 3589 4760 ἐξ
3613 4697 3709 4749 αύ-

2129 4787 2245 4851 τοῦ,
2270 4788 2375 4841 οὐδ’
2396 4784 2462 4841 αὖ
2498 4787 2708 4857 προσῆν
2737 4785 2813 4855 τῷ
2841 4786 3013 4855 Πατρὶ
3042 4786 3110 4839 τὰ
3143 4782 3235 4837 τοῦ
3268 4786 3628 4855 γεννήματος,
3659 4783 3708 4837 εί

2135 4880 2209 4953 μὴ
2241 4882 2338 4953 τῆς
2373 4880 2559 4943 οὐσίας
2588 4878 2753 4932 αὑτοῦ
2787 4878 2914 4932 ἴδιον
2945 4880 3157 4950 ὑπῆρχε
3188 4878 3249 4932 τὸ
3287 4877 3568 4949 γεννηθέν.

2462 4990 2687 5054 Ἄλλως
2715 4989 2792 5055 ὠς
2820 4988 2888 5053 ἐξ
2926 4989 3377 5059 ὑποδείγματος.

2203 5100 2413 5169 Ὠσπερ
2434 5098 2498 5151 ἂν
2522 5098 2669 5161 εττις
2697 5100 2775 5163 εἰς
2802 5101 2983 5154 εἰκόνα
3006 5100 3485 5172 διαγεγραμμένην
3510 5100 3706 5171 ἄριστα

2134 5188 2339 5257 βλέποι,
2366 5189 2459 5241 καὶ
2486 5190 2861 5260 ἀποθαυμάζοι
2889 5192 2986 5261 μὲν
3008 5190 3067 5242 τὸ
3088 5189 3181 5243 τοῦ
3210 5190 3471 5260 βασιλέως
3498 5192 3701 5262 σχῆμα,

2134 5280 2225 5332 καὶ
2271 5280 2479 5348 ὅσαπερ
2523 5282 2579 5333 ὲν
2622 5282 2813 5351 ἐκείνῳ
2857 5281 3135 5349 φαίνεται,
3179 5281 3351 5336 ταῦτα
3394 5283 3488 5335 καὶ
3537 5285 3594 5336 ὲν
3632 5281 3701 5348 τῇ

2132 5376 2314 5441 γραφῇ
2360 5371 2652 5441 δυνάμενός
2684 5390 2742 5426 τε
2787 5375 2880 5426 καὶ
2923 5373 3061 5445 ἔχων
3089 5376 3244 5445 όρᾷν,
3290 5377 3367 5437 εἰς
3412 5375 3703 5446 ἐπιθυμίαν

2131 5456 2273 5519 ἔλθοι
2310 5458 2403 5510 τοῦ
2455 5460 2549 5510 καὶ
2589 5460 2747 5512 αὑτὸν
2783 5462 2909 5514 ἰδεῖν
2952 5463 3043 5515 τὸν
3083 5462 3332 5532 βασιλέα·
3364 5464 3507 5517 εἴποι
3554 5458 3600 5517 δ⁴
3639 5465 3701 5519 ἂν

2129 5548 2354 5609 εἰκότως
2382 5548 2519 5618 πρὸς
2554 5549 2713 5602 αὑτὸν
2739 5552 2770 5620 ὴ
2799 5555 2983 5625 γραφή
3005 5568 3017 5581 ·
3063 5552 3120 5605 '0
3156 5554 3414 5623 ἑωρακὼς
3448 5554 3569 5623 ἐμὲ,
3602 5553 3702 5606 6th—

2133 5657 2268 5710 ρακε
2314 5641 2402 5693 τόν
2432 5640 2671 5709 βασιλέα,
2706 5644 2799 5695 καὶ
2848 5644 3039 5696 πάλιν·
3084 5644 3223 5712 Ἐγὼ
3269 5647 3361 5699 καί
3392 5649 3417 5699 6
3449 5647 3697 5717 βασιλεὺς

549 5806 593 5839 ⁸³
620 5808 789 5879 Apoc.
825 5825 893 5875 μ’,
925 5808 977 5864 9.
1052 5809 1096 5841 “
1129 5808 1279 5866 Joan.
1308 5826 1422 5885 \_'lll,
1456 5811 1535 5865 l2.
1615 5813 1658 5846 ”
1692 5813 1819 5868 Luc.
1855 5831 1901 5879 ν,
1938 5816 2027 5871 24.

2136 5818 2330 5877 ’Joan.
2370 5838 2473 5887 λγι,
2516 5825 2595 5879 13.
2675 5826 2718 5859 ⁸³
2749 5825 2898 5883 Joan.
2938 5844 3070 5894 xm,
3107 5830 3191 5886 10.
