3994 6324
297 404 389 463 185

1700 409 2143 469 THESAURUS.

3451 404 3556 462 186

292 527 346 581 ιν
381 528 566 597 ἐσμεν,
598 525 721 579 ὅσον
750 526 831 592 εἰς
874 526 1168 599 ὁμοιότητα
1196 525 1290 580 καὶ
1324 526 1725 600 ἀκριϐεστάτην
1760 530 1854 599 t9.-

1966 543 2086 585 sum
2121 546 2135 585 :
2166 526 2275 597 Ego
2312 525 2365 580 in
2400 538 2547 596 rege,
2577 530 2631 579 et
2660 536 2755 579 rex
2790 521 2842 577 in
2876 535 2983 585 me,
3008 528 3169 592 juxta
3216 520 3404 577 forma:
3434 537 3557 592 spe-

291 620 525 690 φέρειαν,
554 618 649 670 καὶ
683 618 879 672 πάλιν·
920 617 1061 688 Ἐγὼ
1092 620 1151 672 tv
1182 616 1261 689 τῷ
1295 617 1525 690 βασιλεῖ,
1566 620 1663 673 καὶ
1690 621 1719 673 6
1767 619 1864 690 βα-

289 712 459 774 σιλεὺς
483 712 543 763 ὲν
566 711 711 781 ἐμοὶ,
755 711 894 766 κατὰ
932 711 993 765 τὸ
1030 714 1129 783 τῆς
1160 712 1377 784 μορφῆς
1413 712 1597 783 σχῆμα
1638 712 1719 781 (τὸ
1757 714 1866 785 γὰρ

283 798 417 865 εἶδος
444 802 506 855 τὸ
540 802 752 856 ἐκείνου
789 804 1002 866 πάντως
1036 807 1192 875 φορεῖ
1229 805 1261 875 ή
1300 803 1511 875 γραφὴ,
1543 802 1637 856 κα)⁸
1668 802 1731 856 τὸ
1767 804 1866 873 τῆς

280 894 495 963 γραφῆς
538 890 679 958 εἶδος
726 896 785 948 tv
828 893 1021 965 ἐκείνῳ
1072 895 1290 957 πάντως
1341 892 1645 957 σώζεται)’
1693 891 1865 956 οὕτως

277 984 392 1037 ἐστὶ
430 987 527 1039 καὶ
569 988 598 1039 6
629 987 757 1049 Υἱὸς
786 986 992 1055 λέγων’
1028 1005 1047 1038 ι
1088 986 1145 1039 '0
1190 985 1450 1057 ἑωρακὼς
1495 986 1616 1056 ἐμὲ,
1652 983 1863 1055 ἑώρακε

276 1074 363 1129 τὸν
397 1078 638 1148 Πατέρα.
672 1076 841 1146 Κάγὼ
872 1080 966 1131 καὶ
1008 1079 1036 1131 6
1077 1078 1267 1147 Πατὴρ
1312 1077 1372 1130 ἒν
1402 1079 1587 1147 ἐσμεν.
1630 1074 1772 1145 Ἐγὼ
1806 1077 1862 1129 tv

273 1166 349 1238 τῷ
379 1170 581 1240 Πατρὶ,
620 1171 712 1223 καὶ
750 1171 777 1222 6
806 1170 996 1242 Πατὴρ
1020 1172 1077 1223 tv
1110 1169 1251 1240 ὲμοί.
1282 1188 1301 1221 ι
1338 1169 1409 1222 Τὸ
1447 1169 1557 1239 γὰρ
1596 1168 1725 1222 ῖδιον
1761 1170 1863 1239 τῆς

272 1258 361 1313 τοῦ
400 1260 619 1330 Πατρὸς
660 1260 845 1325 οὐσίας
885 1262 1321 1333 ἀπαραλλάκτως
1362 1260 1500 1331 ἔχων
1534 1264 1562 1315 6
1594 1261 1741 1327 Υἱὸς,
1779 1262 1859 1313 εῖ-

271 1348 381 1403 κών
422 1352 543 1403 ἑστι
576 1351 672 1405 τοῦ
702 1353 916 1424 Πατρὸς
956 1353 1209 1424 ἀκριϐὴς,
1240 1354 1336 1408 καὶ
1368 1353 1552 1425 μορφὴ
1597 1352 1694 1406 τοῦ
1737 1368 1862 1421 γεν-

271 1442 565 1510 νήσαντος,
611 1444 730 1496 ὅλον
768 1447 826 1497 tv
877 1446 1044 1516 ἑαυτῇ
1095 1444 1418 1498 δεικνύουσα
1466 1445 1559 1498 τὸν
1604 1462 1862 1516 γεγεννη-

269 1532 419 1586 κότα.
467 1532 625 1586 Οὖτω
677 1536 784 1605 γὰρ
827 1537 1040 1605 νοήσεις
1087 1536 1182 1589 καὶ
1221 1536 1283 1589 τὸ
1323 1534 1476 1608 παρὰ
1533 1536 1610 1607 τῷ
1660 1536 1860 1609 Παύλῳ

269 1623 556 1694 κείμενον·
597 1644 615 1677 ι
646 1626 742 1688 ’ος
786 1628 842 1678 tv
890 1628 1072 1697 μορφῇ
1113 1626 1248 1679 Θεοῦ
1295 1628 1577 1698 ὑπάρχων,
1622 1628 1723 1698 οὐχ
1762 1629 1860 1699 ἀρ-

267 1715 487 1785 παγμδν
512 1718 763 1786 ἡγήσατο
790 1718 849 1770 τὸ
878 1715 1021 1771 εἶναι
1044 1718 1133 1771 ἴσα
1157 1718 1297 1789 Θεῷ.
1319 1737 1337 1769 ι
1374 1720 1516 1783 Ἴσος
1555 1721 1665 1789 γὰρ
1683 1715 1750 1791 ἦν
1780 1717 1859 1790 τῷ

264 1803 381 1876 6εῷ
423 1806 547 1870 ὅλος
586 1805 663 1858 ὢν
700 1808 860 1872 Θεὸς,
901 1808 1093 1880 ῶσπερ
1131 1811 1225 1863 καὶ
1252 1813 1280 1863 6
1313 1811 1537 1881 Πατήρ·
1570 1810 1744 1875 οὕτως
1789 1806 1857 1881 ἦν

1969 621 2105 676 ciem
2158 621 2317 690 (nam
2365 617 2508 673 illius
2552 616 2781 673 formam
2832 613 3025 670 tabella
3072 614 3231 685 plane
3282 614 3471 679 refert,
3502 624 3558 669 et

1968 714 2142 769 forma
2173 711 2384 767 tabella:
2409 711 2522 766 sive
2546 710 2768 781 pictum:
2795 709 2848 763 in
2878 708 2994 778 ipso
3020 707 3185 761 etiam
3209 705 3367 777 est);
3402 707 3474 761 ita
3504 716 3554 762 et

1966 805 2138 861 Filius
2171 805 2303 859 dicit
2345 822 2357 857 :
2398 822 2417 857 ι
2450 803 2551 870 Qui
2600 802 2733 856 vidit
2766 815 2872 862 me.
2909 799 3044 854 vidit
3080 810 3136 853 et
3167 797 3383 853 Patrem
3415 798 3492 865 ⁸⁸;
3531 818 3550 851 ι

1966 908 2040 961 et,
2078 917 2096 949 ι
2123 896 2235 968 Ego
2263 906 2317 951 et
2337 895 2500 950 Pater
2530 910 2695 949 unum
2727 908 2916 948 sumus
2942 892 3014 947 “.
3053 891 3168 961 Ego
3204 892 3258 945 in
3295 890 3478 956 Patre,
3504 901 3558 947 et

1966 990 2126 1044 Pater
2156 991 2208 1043 in
2248 1004 2335 1044 me
2366 987 2435 1042 ".
2470 1005 2491 1041 ι
2527 985 2697 1040 Filius
2722 985 2867 1040 enim
2916 985 3125 1039 habens
3159 984 3554 1053 proprietatem

1966 1082 2220 1138 essentia:
2242 1080 2421 1135 Patris
2443 1080 2578 1134 citra
2604 1078 2766 1133 ullam
2800 1076 3183 1141 differentiam,
3206 1085 3289 1131 est
3315 1072 3557 1146 perfecta

1967 1176 2145 1245 imago
2179 1174 2354 1228 Patris
2393 1181 2448 1227 et
2490 1172 2665 1226 forma
2701 1170 2986 1241 genitoris,
3017 1178 3187 1223 totum
3225 1170 3279 1221 in
3310 1181 3370 1221 se
3403 1166 3557 1237 geni-

1967 1278 2137 1322 torem
2193 1264 2437 1321 referens
2496 1273 2660 1334 atque
2710 1264 3042 1332 exprimens.
3078 1258 3157 1314 Ita
3190 1260 3337 1314 enim
3386 1260 3553 1311 etiam

1963 1360 2095 1415 illud
2118 1358 2270 1414 Pauli
2294 1357 2564 1426 intelliges
2592 1372 2608 1411 :
2639 1374 2658 1408 ι
2684 1354 2932 1422 Quicum
2962 1361 3107 1409 esset
3138 1352 3192 1406 in
3224 1350 3400 1406 forma
3433 1349 3553 1416 Dei,

1962 1468 2071 1508 non
2104 1452 2347 1522 rapinam
2374 1449 2671 1504 arbitratus
2690 1454 2774 1502 est
2798 1460 2857 1502 se
2877 1460 2999 1501 esse
3022 1444 3282 1514 aequalem
3305 1443 3414 1498 Deo
3439 1443 3548 1497 ⁸⁸..)

1961 1544 2209 1615 Ειιιιειίε
2241 1544 2388 1598 enim
2429 1551 2549 1596 erat
2584 1540 2695 1595 Deo
2722 1548 2870 1593 totus
2911 1537 3183 1593 cxsistens
3212 1534 3378 1599 Deus,
3411 1533 3554 1587 sicut

1960 1649 2015 1694 et
2042 1636 2248 1692 Pater:
2285 1636 2359 1690 ita
2403 1644 2523 1689 erat
2574 1633 2628 1687 in
2660 1631 2879 1687 Christo
2926 1628 3189 1685 mundum
3226 1627 3327 1682 sibi
3367 1625 3554 1680 conci-

1960 1731 2102 1787 lians
2130 1729 2271 1785 Deus
2302 1746 2318 1783 :
2351 1729 2424 1782 ita
2458 1739 2801 1796 quaecunque
2846 1731 3105 1793 Operatur
3137 1718 3329 1785 Filius,
3372 1716 3555 1773 Patris

1961 1838 2126 1895 Opera
2154 1831 2302 1878 sunt.
2340 1821 2473 1876 Cum
2505 1819 2650 1874 enim
2678 1817 2821 1871 nulla
2856 1816 2999 1872 inter
3031 1829 3126 1870 eos
3150 1816 3222 1870 sit
3249 1813 3555 1870 diﬂ‘erentia

264 1899 319 1951 tv
350 1900 579 1970 Χριστῷ
614 1901 821 1972 κόσμον
865 1903 1043 1974 ἑαυτῷ
1078 1903 1465 1957 καταλλάττων
1505 1906 1533 1957 6
1566 1903 1699 1967 Θεός
1721 1920 1733 1933 ·
1768 1903 1854 1957 οὔ·

1965 1925 2225 1988 quantum
2254 1914 2319 1969 ad
2348 1914 2602 1967 deitatem
2632 1920 2688 1967 et
2728 1919 3002 1974 naturam,
3035 1908 3173 1964 nihil
3211 1908 3393 1964 obstat
3418 1922 3555 1977 quo-

261 2006 368 2052 τως
394 1990 538 2060 ἅπερ
570 1993 864 2062 ἐργάζεται
894 1996 922 2047 6
952 1995 1100 2059 Υἱὸς,
1127 1993 1223 2047 τοῦ
1258 1995 1475 2066 Πατρός
1504 1998 1650 2048 ἐστιν
1694 1994 1852 2066 ἔργα.

264 2080 533 2151 Οὐδεμιᾶς
567 2084 677 2154 γὰρ
704 2086 762 2137 tv
788 2086 973 2149 αὐτοῖς
997 2084 1164 2157 οὔσης
1192 2087 1458 2160 διαφορᾶς
1481 2088 1604 2141 ὅσον
1628 2089 1707 2151 εἰς
1742 2086 1859 2140 θεό-

261 2187 398 2241 τητα
436 2174 533 2227 καὶ
567 2174 751 2243 φύσιν,
795 2178 854 2230 τὸ
885 2178 1095 2232 κωλύον
1138 2180 1290 2233 οὐδὲν
1334 2180 1469 2253 ἔργα
1509 2180 1603 2233 τοῦ
1641 2180 1857 2251 Ila-1:96;

260 2261 514 2332 λέγεσθαι
539 2266 609 2320 τὰ
635 2268 729 2321 τοῦ
764 2268 917 2334 Υἱοῦ,
946 2271 1042 2324 καὶ
1074 2270 1135 2323 τὸ
1169 2272 1567 2341 ἀντικείμενον.

956 2385 1160 2438 ΔᾹΛΟ.

328 2493 389 2547 Ei
423 2494 600 2554 πάντα
627 2496 727 2549 ὅσα
758 2496 1045 2568 πρόσεστιν
1072 2496 1324 2569 ἐξαίρετα
1348 2497 1424 2569 τῷ
1457 2497 1655 2569 Πατρὶ,
1679 2496 1854 2553 ταῦτα

258 2588 529 2656 προσόντα
562 2590 655 2642 καὶ
687 2587 765 2658 τῷ
806 2589 920 2660 Υἱῴ
952 2590 1232 2657 φαίνεται,
1277 2590 1338 2643 οὐ
1372 2590 1516 2643 κατὰ
1544 2590 1703 2661 χάριν
1734 2593 1853 2643 tm-

257 2678 543 2744 γεγονότα,
571 2680 691 2731 οὐδὲ
727 2681 871 2732 κατά
916 2698 1038 2733 τινα
1082 2681 1336 2751 μετοχὴν,
1382 2680 1520 2734 ἀλλὰ
1570 2681 1847 2749 φυσικῶς,

255 2764 444 2837 ὥσπερ
479 2769 573 2819 καὶ
611 2768 688 2835 τῷ
727 2771 1110 2841 γεγεννηκότι,
1144 2773 1238 2824 καὶ
1279 2772 1339 2823 τὸ
1385 2771 1719 2841 μεσολαὸοὗν
1760 2773 1850 2825 οὐ·

254 2856 358 2923 δὲν,
399 2858 431 2929 ἢ
464 2859 526 2912 τὸ
559 2859 782 2931 μερίζον
821 2864 900 2924 εἰς
928 2863 1311 2932 ἀνομοιότητα,
1354 2862 1514 2934 δῆλον
1542 2863 1609 2917 ἂν
1639 2864 1722 2932 εἴη
1756 2863 1850 2915 καὶ

255 2947 419 2999 παντί
442 2965 520 3018 τῳ
553 2950 741 3017 σαφὲς,
766 2952 957 3021 ὅτιπερ
977 2952 1111 3005 αὐτὸ
1138 2954 1237 3022 τῆς
1266 2953 1541 3023 πατρικῆς
1568 2952 1759 3015 οὐσίας
1788 2953 1849 3006 τὺ

255 3040 385 3096 (διον
416 3042 681 3112 ὑπάρχων
713 3045 740 3096 ὀ
773 3042 920 3109 Υἱὸς,
960 3045 1080 3098 ὅλον
1107 3046 1165 3098 ὲν
1197 3044 1375 3115 ἑαυτῷ
1411 3048 1569 3116 φορεῖ
1594 3045 1687 3099 τὸν
1728 3047 1845 3099 Πα-

1964 2008 2145 2062 minus
2188 2020 2351 2076 opera
2383 2002 2509 2058 Filii
2543 2002 2797 2058 dicantur
2828 2015 2991 2071 opera
3028 1999 3229 2067 Patris,
3267 2007 3323 2056 et
3354 2013 3385 2054 e
3425 2011 3557 2054 con-

1961 2102 2129 2157 trario

2635 2394 2875 2451 ALIUD.

2029 2510 2089 2566 Si
2142 2523 2480 2581 quaecunque
2529 2509 2730 2565 eximia
2762 2517 2885 2563 sunt
2920 2506 2973 2561 in
3026 2505 3212 2571 Patre,
3242 2518 3305 2560 ea
3334 2513 3389 2560 et
3416 2502 3558 2559 Filio

1954 2601 2149 2656 adesse
2179 2609 2608 2670 cognoscuntur,
2645 2614 2749 2652 non
2785 2614 2881 2666 per
2927 2597 3160 2666 gratiam
3199 2594 3409 2663 adjecta
3461 2602 3554 2648 aut

1954 2707 2050 2761 per
2075 2690 2576 2760 participationem,
2607 2689 2703 2742 sed
2738 2687 3078 2751 naturaliter,
3118 2684 3262 2739 sicut
3295 2694 3350 2737 et
3385 2682 3555 2745 Patri,

1952 2772 2271 2852 nullumque
2302 2782 2526 2836 omnino
2551 2790 2634 2835 est
2659 2778 2980 2843 discrimen,
3016 2787 3110 2831 aut
3136 2774 3554 2837 dissimilitudo;

1954 2874 2302 2931 manifestum
2340 2875 2505 2931 etiam
2538 2872 2711 2939 cuivis
2757 2872 2921 2925 fuerit
2951 2873 3097 2942 quod
3130 2868 3304 2925 Filius
3331 2884 3453 2950 cum
3486 2867 3559 2925 sit

1952 2969 2186 3037 ipsamet
2211 2966 2515 3036 proprietas
2547 2966 2799 3021 essentia:
2824 2963 3027 3030 Patris,
3071 2972 3239 3017 totum
3274 2961 3326 3015 in
3369 2975 3428 3013 sc
3457 2959 3559 3013 Pa-

1956 3065 2091 3111 trem
2129 3064 2332 3124 gestat,
2366 3065 2421 3109 et
2451 3064 2597 3109 totus
2625 3062 2710 3109 est
2746 3055 2798 3107 in
2830 3053 2991 3109 Patre
3015 3054 3314 3108 secundum
3358 3049 3557 3104 identi-

253 3134 414 3201 τέρα·
446 3135 541 3185 καὶ
575 3134 694 3195 ὅλος
735 3135 884 3187 ἐστὶν
932 3136 988 3187 tv
1023 3136 1198 3206 Πατρὶ
1228 3136 1368 3189 κατὰ
1410 3136 1508 3204 τὴν
1539 3136 1846 3205 ταυτότητα

1965 3154 2119 3201 talem
2154 3146 2426 3201 essentiae.
2469 3146 2628 3215 112
2683 3146 2850 3201 Recte
2889 3146 3053 3213 igitur
3092 3154 3145 3197 et
3173 3144 3562 3198 convenienter

249 3227 349 3296 τῆς
388 3224 581 3287 οὐσίας
599 3240 613 3253 ’
662 3225 756 3277 καὶ
781 3225 870 3278 διά
907 3243 986 3278 τοι
1013 3226 1172 3278 τοῦτο
1197 3226 1379 3289 καλῶς
1404 3242 1465 3278 τε
1494 3225 1587 3278 καὶ
1624 3225 1848 3279 ἀκολού-

1965 3238 2090 3293 dicit
2120 3256 2134 3292 :
2178 3257 2197 3291 ι
2222 3238 2335 3307 Ego
2368 3240 2420 3292 in
2474 3237 2657 3303 Patre,
2695 3247 2749 3292 et
2781 3237 2943 3292 Pater
2988 3238 3040 3290 in
3075 3252 3197 3303 me;
3232 3256 3250 3288 ι
3284 3246 3358 3299 et,
3398 3254 3417 3289 ι
3450 3237 3564 3306 Ego

251 3315 358 3380 θως
380 3317 527 3387 ἐρεῖ·
561 3334 578 3366 ι
603 3314 743 3383 Ἐγὼ
774 3318 829 3369 tv
856 3314 933 3386 τῷ
961 3316 1157 3387 Πατρὶ,
1184 3318 1279 3370 καὶ
1304 3319 1332 3369 6
1361 3316 1550 3388 Πατὴρ
1576 3318 1631 3370 ὲν
1654 3316 1796 3388 ἐμοί.
1824 3337 1844 3369 ι

1965 3339 2015 3386 ει
2044 3330 2209 3385 Pater
2233 3345 2398 3385 unum
2428 3344 2639 3385 sumus.
2682 3347 2702 3382 ι
2738 3329 2870 3405 Quia
2918 3330 3063 3383 enim
3104 3301 3241 3382 nihil
3282 3328 3334 3381 in
3365 3342 3431 3382 eo
3466 3301 3559 3382 de-

254 3409 383 3471 Καὶ,
423 3428 442 3460 ι
483 3407 625 3477 Ἐγὼ
681 3408 847 3483 καὶρ
884 3408 1075 3480 Πατὴρ
1106 3408 1166 3461 ’ἐν
1200 3410 1388 3480 ἐσμεν.
1422 3428 1440 3460 ι
1479 3407 1577 3461 Διὰ
1615 3408 1725 3479 γὰρ
1757 3408 1851 3461 τοῦ

254 3502 420 3574 μηδὲν
445 3502 597 3572 αὐτῷ
629 3500 1058 3572 παραλελεῖφθαι
1084 3502 1194 3555 τῶν
1219 3503 1319 3555 ὅσα
1350 3500 1609 3572 πρόσεστι
1633 3500 1711 3570 τῷ
1743 3501 1855 3553 Πα-

250 3594 361 3665 τρὶ,
389 3592 633 3656 τοιοῦτος
670 3592 824 3645 ἔσται
864 3593 1081 3657 πάντως
1112 3595 1294 3657 ὁποῖος
1339 3592 1405 3646 ἂν
1432 3594 1517 3664 εἴη
1547 3592 1641 3646 καὶ
1668 3594 1697 3646 6
1730 3609 1853 3662 γεν-

253 3688 423 3759 νήσας
458 3687 641 3740 αὐτόν.

952 3802 1156 3856 ΔΑΜ).

324 3914 514 3987 Πατὴρ
550 3915 793 3969 καλεῖται
822 3913 975 3978 Θεὸς,
1010 3914 1506 3986 συνεισφερομένης
1541 3912 1692 3983 αὐτῷ
1724 3912 1854 3966 πάν-

252 4021 359 4068 τως
387 4007 489 4076 τῆς
516 4005 803 4077 ὑπάρξεως
840 4005 933 4059 τοῦ
965 4004 1131 4059 Υἱοῦο
1163 4007 1224 4058 οὐ
1261 4006 1369 4077 γὰρ
1402 4005 1469 4059 ἂν
1514 4007 1601 4075 εἴη
1636 4006 1849 4076 Πατὴρ,

250 4096 349 4149 οὐκ
372 4096 513 4165 ἔχων
543 4096 634 4149 τὸν
660 4094 720 4160 ἐξ
754 4094 947 4148 ἑαυτοῦ
975 4095 1306 4166 προελθόντα
1330 4096 1524 4164 Λόγον.
1550 4096 1658 4149 Καὶ
1689 4095 1852 4149 πάλιν

250 4185 286 4257 ἠ
314 4184 411 4238 τοῦ
451 4184 582 4238 Υἱοῦ
632 4186 975 4258 προσηγορία
1022 4188 1336 4256 συνεισάγει
1371 4188 1589 4249 πάντως
1617 4186 1717 4258 τὴν
1750 4185 1848 4240 τοῦ

252 4278 468 4349 Πατρὸς
500 4277 756 4350 ὕπαρξιν.
787 4280 957 4334 Τοῦτο
997 4282 1107 4352 γὰρ
1149 4279 1225 4344 ὼς
1259 4285 1393 4351 πρὸς
1428 4281 1605 4333 ἐκεῖνο
1649 4281 1851 4349 σημαί-

252 4386 422 4425 νεται.
452 4372 514 4423 Ei
546 4372 721 4426 τοίνυν
752 4373 1064 4441 ἀναγκαίως
1092 4373 1319 4443 θάτερόν
1352 4374 1499 4425 ἐστιν
1529 4374 1586 4424 tv
1614 4370 1847 4444 θατέρῳ,

252 4464 345 4517 καὶ
375 4463 569 4533 Πατὴρ
602 4464 701 4532 μὲν
736 4466 1061 4536 σημαίνεται
1098 4466 1237 4535 μετὰ
1273 4465 1369 4518 τοῦ
1407 4464 1538 4518 ἰδίου
1577 4466 1852 4535 γεννήμα-

250 4568 372 4613 τοςο
405 4551 536 4615 Υἱὸς
583 4553 643 4606 δὲ
689 4554 908 4619 πάντως
944 4554 1085 4627 μετὰ
1116 4554 1209 4609 τοῦ
1246 4556 1611 4627 γεννήσαντος
1661 4556 1845 4622 αὑτὸν,

1957 3423 2229 3478 sideratur
2252 3436 2445 3478 eorum
2477 3438 2598 3492 qua:
2635 3408 2783 3475 Patri
2820 3420 3027 3489 insunt,
3061 3420 3187 3476 talis
3221 3420 3444 3476 omnino
3478 3428 3564 3476 est

1956 3515 2134 3586 qualis
2166 3522 2249 3571 est
2281 3515 2324 3570 is
2354 3515 2446 3587 qui
2475 3528 2598 3569 eum
2630 3513 2839 3584 genuit.

2647 3795 2878 3853 ALIUD.

2029 3914 2190 3968 Pater
2223 3921 2450 3967 vocatur
2484 3911 2650 3976 Deus,
2696 3911 2971 3966 intellecta
3006 3908 3171 3965 simul
3204 3924 3327 3966 cum
3368 3923 3434 3964 eo
3465 3923 3561 3963 ex-

1957 4008 2205 4063 sistentia
2237 4005 2381 4069 Filii,
2420 4019 2596 4076 neque
2620 4004 2764 4060 enim
2800 4013 2946 4059 esset
2975 4002 3159 4068 Pater,
3197 4018 3303 4057 non
3353 4002 3562 4057 habens

1958 4100 2199 4154 Verbum
2247 4112 2315 4153 ex
2367 4113 2426 4153 se
2473 4097 2796 4167 procedens.
2847 4095 2915 4150 Et
2968 4096 3213 4150 vicissim
3268 4093 3561 4165 appellatio

1956 4189 2079 4243 Filii
2122 4189 2431 4243 necessario
2466 4189 2631 4242 etiam
2682 4188 2876 4242 statuit
2926 4186 3304 4243 exsistentiam
3354 4184 3557 4240 Patris.

1958 4280 2073 4336 Hoc
2104 4282 2245 4336 enim
2281 4289 2528 4349 respectu
2567 4280 2710 4335 illius
2740 4279 2959 4333 dicitur.
2992 4277 3049 4332 Si
3081 4292 3212 4347 ergo
3242 4276 3561 4332 necessario

1958 4375 2191 4430 alterum
2223 4383 2308 4429 est
2340 4373 2393 4428 in
2433 4374 2627 4438 altero,
2675 4382 2730 4427 et
2770 4371 2933 4425 Pater
2962 4370 3180 4440 quidem
3216 4367 3560 4439 signiﬁcatur

1961 4482 2084 4522 cum
2126 4466 2347 4537 proprio
2388 4481 2487 4521 suo
2530 4464 2694 4531 Filio,
2735 4474 2790 4518 et
2827 4462 2997 4518 Filius
3035 4476 3167 4517 cum
3218 4474 3319 4515 suo
3372 4459 3557 4523 Patre,

1958 4576 2085 4616 vere
2128 4559 2373 4631 profecto
2421 4560 2555 4615 dicit
2604 4577 2617 4610 :
2665 4577 2683 4610 ι
2721 4558 2833 4629 Ego
2874 4557 2927 4612 in
2973 4556 3157 4624 Patre,
3203 4564 3257 4610 ct
3296 4553 3475 4608 Pater
3503 4554 3559 4607 in

252 4641 683 4712 προσαληθεύει,
734 4644 939 4716 λέγων’
975 4665 993 4698 ‹
1039 4643 1180 4713 Ἐγὼ
1213 4648 1270 4699 tv
1318 4644 1394 4717 τῷ
1433 4646 1645 4717 Πατρὶ,
1684 4647 1781 4700 καὶ
1820 4648 1849 4700 6
1875 4646 1929 4709 D
1956 4669 2063 4709 ure.
2097 4672 2117 4707 ι

254 4731 445 4803 Πατὴρ
474 4735 532 4785 ὲν
563 4734 708 4804 ἐμοί.
738 4753 756 4787 ι

948 4849 1153 4903 ΑΛΛΟ.

325 4959 388 5013 ΕΞ
424 4962 533 5023 πᾶς
572 4960 602 5013 6
635 4963 905 5017 πιστεύων
946 4967 1027 5030 εἰς
1064 4963 1156 5018 τὸν
1192 4965 1340 5030 Υἱὸν,
1377 4968 1457 5031 εἰς
1491 4966 1583 5021 τὸν
1628 4967 1852 5041 Πατέρα

257 5050 533 5115 πιστεύει,
566 5053 661 5107 καὶ
700 5055 729 5107 6
761 5055 939 5126 τιμῶν
971 5056 1062 5110 τὸν
1101 5057 1253 5123 Υῖὸν,
1284 5060 1420 5131 τιμᾷ
1458 5059 1551 5113 τὸν
1599 5060 1850 5133 Πατέρα,

255 5145 347 5195 καὶ
390 5144 576 5208 πάλιν,
613 5148 642 5198 6
679 5149 1003 5218 προσκυνῶν
1039 5150 1119 5221 τῷ
1168 5152 1381 5221 Πατρὶ,
1431 5156 1731 5223 προσκυνεῖ
1773 5153 1852 5223 τῷ

256 5234 388 5305 Υἰῷ,
423 5237 543 5301 πῶς
571 5238 671 5309 οὐχ
692 5234 846 5302 οὗτος
867 5243 924 5294 ὲν
948 5242 1163 5314 ἐκείνῳ.
1195 5244 1445 5307 κάκεῖνος
1474 5245 1549 5296 ὣν
1584 5247 1640 5299 tv
1674 5244 1849 5317 τούτῳ

256 5324 601 5397 δειχθήσεται
633 5328 775 5383 κατὰ
812 5331 872 5383 τὸ
908 5333 1008 5403 τῆς
1047 5333 1234 5398 οὐσίας
1268 5334 1721 5405 ἁπαράλλακτον;
1752 5337 1851 5389 Διὰ

258 5417 367 5491 γὰρ
398 5418 556 5473 τοῦτο
590 5422 685 5476 καὶ
720 5422 817 5493 μία
847 5424 1217 5497 προσκύνησις
1248 5428 1281 5498 ή
1309 5429 1366 5480 ὲν
1400 5427 1515 5498 Υἱῷ
1554 5430 1649 5482 καί
1679 5431 1853 5500 Πατρὶ

257 5510 515 5581 γιωμένη
539 5515 636 5566 σὺν
659 5515 799 5587 ἁγίῳ
827 5517 1129 5589 Πνεύματι,
1160 5519 1253 5572 καὶ
1275 5516 1355 5584 εἷς
1373 5520 1507 5585 Θεὸς
1538 5522 1690 5593 παρὰ
1717 5522 1853 5576 πάν-

257 5618 362 5655 των
387 5604 754 5674 ὁμολογεῖται,
785 5608 880 5662 καὶ
906 5610 1074 5677 ἔστιν,
1104 5611 1180 5676 ὡς
1209 5612 1466 5685 οὐδεμιᾶς
1501 5613 1703 5684 μεταξὺ
1740 5633 1853 5667 κει-

260 5693 423 5762 μένης
453 5695 722 5769 διαφορᾶς
758 5700 970 5773 Πατρός
995 5720 1054 5757 τε
1082 5704 1179 5757 καὶ
1208 5705 1359 5773 Υἱοῦ,
1403 5705 1517 5759 ἀλλ’
1568 5708 1623 5758 ὲν
1656 5706 1851 5760 ταυτό-

330 5854 372 5884 ”
403 5853 428 5908 Δ
459 5871 558 5909 un.
590 5870 701 5923 xiv,
739 5858 788 5913 9.
871 5859 915 5883 ‘"
938 5857 1090 5914 J:.-.:n.
1128 5877 1172 5929 ι,
1204 5861 1290 5917 30.

2632 4854 2864 4911 ALIUD.

2027 4968 2083 5024 Si
2128 4968 2307 5025 omnis
2351 4968 2447 5039 qui
2485 4966 2660 5022 credit
2705 4966 2759 5020 in
2807 4964 3032 5029 Filium,
3078 4964 3249 5019 credit
3292 4962 3458 5017 etiam
3504 4962 3557 5017 in

1964 5059 2205 5128 Patrem,
2253 5071 2307 5116 et
2340 5061 2433 5131 qui
2469 5060 2601 5115 colit
2636 5058 2859 5123 Filium,
2912 5058 3045 5113 colit
3093 5068 3149 5112 et
3208 5055 3461 5123 Patrem;
3503 5064 3560 5110 et

1962 5166 2172 5219 contra,
2203 5153 2294 5223 qui
2327 5154 2516 5207 adorat
2559 5152 2799 5219 Patrem,
2852 5149 3049 5205 adorat
3077 5159 3129 5204 et
3174 5148 3370 5204 Filium
3406 5167 3419 5203 :
3452 5163 3560 5217 quo

1962 5256 2121 5315 pacto
2155 5259 2260 5300 non
2298 5245 2369 5300 sit
2404 5244 2491 5300 hic
2530 5247 2584 5299 in
2614 5245 2726 5308 illo,
2766 5254 2823 5299 et
2855 5244 2947 5298 ille
2982 5244 3037 5298 in
3079 5244 3204 5306 hoc,
3240 5242 3555 5296 nmnimoda

1960 5340 2213 5395 essentia:
2256 5338 2649 5393 similitudine?
2702 5336 2914 5392 Idcirco
2968 5336 3128 5391 unica
3180 5343 3265 5390 est
3308 5334 3557 5389 adoratio

1958 5447 2079 5503 qua:
2107 5428 2247 5487 Filio
2287 5440 2342 5486 et
2366 5429 2513 5485 Patri
2543 5447 2666 5485 cum
2702 5430 2906 5499 Spiritu
2932 5437 3124 5484 sancto
3163 5436 3470 5497 praestatur,
3502 5437 3557 5480 et

1961 5539 2100 5578 unus
2130 5523 2275 5579 Deus
2306 5523 2376 5577 ab
2400 5522 2675 5587 omnibus,
2713 5531 2767 5576 et
2792 5520 3137 5592 praedicatur,
3181 5526 3236 5573 et
3264 5527 3380 5582 est;
3408 5519 3551 5585 quod

1958 5616 2218 5672 nimirum
2272 5616 2415 5670 nulla
2448 5613 2755 5670 diﬂ'erentia
2800 5614 3077 5683 disjungat
3106 5610 3324 5666 Patrem
3373 5619 3427 5663 et
3463 5609 3553 5663 Fi-

1956 5706 2112 5773 lium,
2139 5705 2233 5761 sed
2267 5706 2551 5761 identitate
2583 5704 2834 5762 essentia:
2863 5700 3074 5775 praediti
3119 5701 3259 5768 sint;
3309 5699 3553 5768 nihilque

1380 5863 1417 5887 ⁷⁷
1444 5860 1594 5919 ιιιςιιι,
1638 5880 1740 5929 \tz,
1782 5864 1861 5923 ll,
1941 5863 1983 5893 "
2020 5861 2250 5935 I‘ltllipp.
2292 5879 2352 5929 tl,
2385 5863 2435 5917 6.
