3994 6324
496 426 601 481 187

1484 423 1539 479 S.
1582 423 1846 480 CYRILLI
1888 418 2351 478 ALEXANDRINI
2389 417 2697 475 ARCIIIEP.

3620 409 3717 470 188

485 544 720 599 habeant
768 540 909 615 quod
958 553 989 595 a
1038 542 1267 597 naturali
1328 540 1652 613 proprietate
1705 555 1799 597 eos
1856 540 2037 611 sejun-

2168 553 2267 607 rqtt
2296 539 2394 607 τῆς
2438 535 2625 597 οὐσίας
2656 532 2826 586 ὄντων
2864 530 2954 584 καὶ
2984 530 3133 584 οὐδὲν
3166 528 3392 599 ἑχόντων
3424 526 3452 580 6
3484 527 3581 597 τῆς
3617 544 3721 597 φυ-

483 643 595 704 gat.

1152 745 1384 805 ALIUD.

660 859 860 930 Dogma
890 859 1048 917 ueluti
1079 877 1142 914 ea:
1167 862 1453 931 objections
1484 863 1868 917 hereticorum.

556 970 737 1034 Pater,
768 972 1033 1040 inquiunt,
1075 982 1158 1027 est
1210 973 1261 1026 in
1288 971 1445 1037 Filio,
1487 982 1541 1028 et
1572 971 1741 1028 Filius
1773 974 1825 1028 in
1864 972 2045 1037 Patre,

484 1061 776 1115 secundum
828 1060 1092 1115 habitum.
1125 1059 1255 1115 Cum
1283 1062 1424 1115 enim
1457 1062 1601 1117 nullo
1629 1064 1788 1117 modo
1840 1063 2050 1117 dissen-

487 1151 623 1203 tiant
650 1152 705 1203 in
732 1148 971 1217 iudiciis,
1009 1150 1091 1205 vel
1119 1152 1558 1219 cogitationibus,
1593 1153 1689 1209 sed
1719 1166 2049 1223 quaecunque

486 1239 598 1293 vult
622 1238 804 1307 Pater,
840 1255 901 1296 ea
932 1241 1043 1295 vult
1072 1250 1127 1298 et
1151 1240 1343 1309 Filius,
1366 1253 1422 1297 et
1448 1244 1689 1299 vicissim
1716 1258 2049 1314 quaecunque

483 1331 601 1387 vult
618 1332 805 1398 Filius,
824 1334 937 1389 vult
960 1345 1013 1388 et
1044 1334 1224 1399 Pater,
1242 1344 1298 1390 et
1320 1348 1617 1391 consensus
1644 1337 1860 1406 quidem
1886 1344 2050 1404 atque

485 1424 743 1482 identitas
772 1425 1105 1481 voluntatum
1140 1426 1194 1481 in
1220 1427 1300 1481 eis
1327 1426 1961 1499 deprehenditur,‘atque
1986 1442 2050 1484 ea

486 1515 693 1571 ratione
714 1514 876 1572 Pater
901 1526 983 1573 est
1009 1517 1061 1571 in
1090 1516 1250 1583 Filio,
1279 1524 1339 1572 et
1360 1516 1530 1572 Filius
1561 1517 1613 1571 in
1640 1515 1821 1573 Patre.

976 1704 1183 1760 Salutio
1231 1705 1559 1774 objectionis.

554 1814 760 1871 Licebit
787 1815 947 1884 igitur
969 1816 1129 1871 etiam
1158 1816 1385 1888 angelis,
1418 1823 1510 1869 aut
1542 1814 1663 1869 aliis
1690 1812 2055 1869 rationalibus

2152 629 2309 700 σικῆς
2340 628 2597 699 ἰδιότητος
2622 624 2914 695 ἀποτέμνει
2941 622 3034 677 τὸν
3063 621 3266 691 ἕτερον.

2832 738 3035 791 ΑΛΛΟ.

2230 853 2445 920 Δόγμα,
2480 850 2560 918 ὠς
2583 848 2653 914 ἐξ
2682 847 3037 912 ἀντιθέσεως
3062 842 3178 899 τῶν
3208 840 3639 912 χριστομάχων.

2227 964 2287 1017 Ὀ
2318 964 2526 1037 Πατὴρ,
2561 962 2743 1033 φασὶν,
2772 962 2829 1015 ὲν
2870 959 2950 1030 τῷ
2986 957 3122 1030 Υίῷ,
3150 958 3242 1012 καὶ
3279 956 3308 1008 6
3337 953 3464 1017 Υἰός
3496 956 3640 1006 ἐστιν
3669 954 3727 1005 ὲν

2147 1054 2225 1127 τῷ
2260 1057 2465 1127 Πατρὶ,
2511 1054 2653 1109 κατὰ
2684 1052 2801 1107 τόδε
2835 1052 2898 1106 τὸ
2944 1053 3154 1121 σχῆμα.
3191 1045 3411 1116 Ἐπειδὴ
3456 1043 3563 1114 γὰρ
3607 1058 3709 1096 κατ

2148 1148 2335 1202 οὐδένα
2380 1149 2581 1219 τρόπον
2615 1143 2975 1215 διαφωνοῦσιν
3018 1144 3077 1194 ὲν
3115 1143 3227 1204 τοῖς
3272 1138 3558 1209 κρίμασιν,
3598 1134 3632 1204 ἢ
3670 1135 3729 1189 ἐν

2148 1240 2262 1302 τοῖς
2303 1238 2589 1308 νοήμασιν,
2622 1235 2738 1291 ἀλλ’
2765 1233 2908 1303 ἅπερ
2938 1233 3004 1286 ἂν
3034 1234 3063 1285 6
3096 1230 3284 1301 Πατὴρ
3322 1226 3603 1313 βούληται,
3634 1223 3730 1278 καὶ

2150 1329 2179 1381 6
2218 1328 2347 1391 Υἰὸς
2390 1327 2595 1391 ταῦτα,
2632 1325 2728 1380 καὶ
2766 1326 2929 1379 πάλιν
2961 1322 3106 1393 ἅπερ
3140 1320 3206 1375 ἂν
3232 1322 3260 1374 6
3296 1319 3425 1381 Υἰδς
3462 1317 3727 1387 ἐθελήσῃ,

2150 1416 2323 1473 ταῦτα
2365 1418 2460 1471 καὶ
2483 1418 2513 1470 6
2546 1416 2757 1489 Πατὴρ,
2796 1415 2890 1470 καὶ
2921 1414 3207 1485 συμφωνία
3236 1429 3319 1476 τις
3347 1411 3441 1464 καὶ
3467 1408 3735 1478 ταυτότης

2154 1508 2471 1578 θελημάτων
2513 1507 2609 1561 καὶ
2651 1505 2876 1576 γνώμης
2926 1506 2985 1558 ὲν
3039 1504 3223 1567 αὐτοῖς
3268 1502 3544 1571 φαίνεται,
3593 1499 3736 1553 κατὰ

2152 1596 2308 1653 τοῦτο
2336 1597 2526 1669 Πατὴρ
2554 1601 2613 1651 ὲν
2640 1597 2776 1667 Υἰῷ,
2805 1597 2901 1651 καὶ
2930 1594 3059 1659 Υἱός
3090 1596 3237 1648 ἐστιν
3262 1594 3319 1647 ὲν
3348 1587 3541 1665 Πατρί.

2648 1705 2804 1775 Πρός
2834 1705 3011 1760 τοῦτο
3041 1704 3246 1769 λύσις.

2237 1814 2470 1891 ’Δρόῦν
2504 1818 2719 1884 ἐξέσται
2753 1818 2849 1871 καὶ
2886 1815 3201 1885 ἀγγέλοιςῆ
3241 1814 3337 1869 καὶ
3371 1812 3559 1876 ἄλλαις
3587 1811 3739 1881 λογι-

483 1907 863 1977 potestatibus,
897 1906 963 1962 de
985 1907 1181 1976 quibus
1228 1907 1513 1963 Psalmista
1543 1907 1661 1962 ait:
1696 1924 1717 1959 ι
1749 1905 2055 1961 Benedicite

2168 1913 2283 1974 καῖς
2305 1890 2585 1982 δυνάμεσι,
2618 1911 2746 1981 περὶ
2769 1901 2845 1962 ὧν
2868 1910 2927 1962 ὲν
2958 1908 3208 1978 Ψαλμοῖς
3236 1908 3451 1979 εἴρηται
3470 1921 3485 1935 °
3526 1924 3545 1957 ι
3573 1903 3741 1958 E616-

484 1997 802 2063 Dominum,
832 2013 1021 2054 omnes
1040 1997 1228 2069 angeli
1244 1998 1382 2069 ejus,
1407 1996 1637 2056 ministri
1659 1996 1775 2065 ejus
1795 1995 2055 2053 iacientes

484 2088 815 2144 voluntatem
880 2088 996 2157 ejus
1041 2089 1107 2155 ⁸⁸,
1157 2108 1177 2143 ι
1231 2087 1536 2145 Servatoris
1606 2088 1726 2159 ipsa
1773 2101 1907 2143 voce
1956 2087 2053 2154 uti,

485 2179 789 2250 singulique
813 2194 999 2234 eorum
1033 2181 1216 2235 dicere
1266 2188 1558 2248 poterunt:
1589 2197 1609 2230 ι
1639 2178 1751 2249 Ego
1780 2178 1834 2233 in
1866 2177 2049 2243 Patre,

488 2280 543 2326 et
576 2270 738 2325 Pater
762 2270 814 2324 in
842 2284 947 2325 me.
972 2289 990 2321 ›
1010 2299 1078 2314 --
1102 2288 1120 2321 (
1147 2270 1246 2337 Qui
1264 2269 1403 2339 vidit
1424 2285 1532 2333 me,
1546 2268 1683 2323 vidit
1701 2277 1755 2324 et
1781 2267 2047 2323 Patrem»

486 2361 695 2417 Nemini
720 2361 860 2415 enim
885 2360 1103 2415 dubium
1118 2370 1218 2424 est,
1236 2359 1363 2430 quin
1388 2361 1567 2414 omnia
1591 2375 1710 2430 quae
1734 2360 1844 2414 vult
1865 2358 2050 2424 Pater,

484 2454 654 2510 velint
698 2454 857 2509 etiam
904 2452 1089 2523 Angeli
1138 2461 1193 2507 et
1238 2453 1579 2523 Archangcli,
1625 2460 1678 2506 et
1726 2451 1949 2517 Tlironi,
2001 2459 2056 2507 et

488 2542 911 2609 Dominationes,
945 2551 1000 2597 et
1035 2540 1370 2609 Potestates;
1417 2556 1589 2612 neque
1624 2542 1917 2621 quidquam
1959 2542 2056 2598 ho-

487 2650 605 2688 rmn
628 2634 876 2688 dissentit
903 2648 932 2687 a
954 2632 1225 2688 voluntate
1253 2633 1368 2690 Dei.
1394 2632 1576 2702 Neque
1601 2635 1746 2689 enim
1777 2641 2058 2690 manerent

486 2725 541 2777 iu
592 2740 689 2780 suo
724 2726 929 2790 ordine,
968 2725 1072 2779 nisi
1116 2725 1260 2781 hunc
1313 2739 1535 2794 scopmn
1596 2726 1697 2780 sibi
1752 2724 2055 2794 popositum

487 2815 939 2886 buberent113.
962 2814 1093 2870 Nam
1115 2816 1159 2869 is
1177 2818 1266 2883 qui
1283 2815 1426 2869 aliud
1444 2830 1601 2884 quam
1622 2814 1711 2870 Dei
1729 2816 2054 2871 voluntatem

486 2906 778 2973 qurerebat,
802 2906 1007 2961 audivit
1029 2923 1043 2960 :
1063 2904 1215 2961 Nunc
1238 2914 1412 2959 autem
1440 2904 1721 2961 adiniems
1741 2906 2053 2972 descendes,

485 3008 535 3051 et
606 2997 673 3051 ad
724 2996 1068 3051 fundamenta
1118 3004 1298 3053 terrae.
1350 2997 1409 3051 Si
1455 3010 1587 3067 ergo
1636 2998 2059 3067 unumquodque

486 3102 674 3142 eorum
704 3102 823 3155 quae
862 3087 1007 3141 dicta
1043 3098 1187 3152 sunt,
1221 3089 1334 3139 vult
1370 3102 1705 3158 quacunque
1754 3087 1892 3143 Deus
1918 3089 2051 3155 vult,

490 3176 809 3245 lirmumque
835 3177 887 3231 iu
919 3192 983 3231 eo
1026 3186 1226 3243 manet,
1270 3191 1534 3246 suamque
1576 3178 1893 3249 dignitatem
1926 3179 2052 3233 reti-

2157 2002 2302 2071 γεῖτσ
2320 2000 2408 2055 τὸν
2429 2001 2651 2071 Κύριον,
2678 1999 2878 2065 πάντες
2900 1999 2951 2051 οἰ
2976 1998 3196 2067 ἄγγελοι
3219 1995 3406 2061 αὐτοῦ,
3432 1993 3744 2066 λειτουργοὶ

2160 2090 2327 2165 αὑτοῦ
2367 2092 2647 2156 ποιοῦντες
2692 2093 2755 2146 τὸ
2784 2092 2998 2163 Θέλημα
3044 2088 3233 2155 αὑτοῦ,
3264 2107 3282 2139 ι
3334 2089 3454 2151 ταῖς
3482 2086 3577 2140 τοῦ
3624 2086 3743 2139 Σω-

2159 2184 2323 2252 τῆρος
2350 2182 2648 2253 κεχρῆσθαι
2683 2185 2905 2252 φωναῖς,
2927 2181 3000 2244 ὼς
3031 2180 3261 2233 ἕκαστον
3292 2180 3466 2232 εἰπεῖν
3486 2196 3500 2208 ’
3540 2195 3559 2229 ι
3600 2175 3745 2245 Ἐγὼ

2160 2271 2218 2324 ὲν
2245 2271 2323 2342 τῷ
2351 2270 2545 2342 Πατρὶ,
2587 2273 2681 2325 καὶ⁵
2714 2274 2742 2326 6
2776 2271 2967 2341 Πατὴρ
3010 2270 3069 2323 ὲν
3110 2269 3269 2340 ἐμοὶ,
3294 2286 3314 2322 ι
3360 2268 3456 2323 καὶ
3489 2285 3509 2319 ι
3564 2268 3605 2319 0
3636 2266 3745 2319 ἑω-

2163 2362 2346 2433 ρακὼς
2377 2362 2509 2433 ἐμὲ,
2541 2362 2754 2435 ἑώρακε
2787 2362 2879 2416 τὸν
2906 2361 3144 2431 Πατέρα.
3169 2378 3188 2413 ι
3237 2359 3431 2414 Καίτοι
3472 2357 3632 2412 παντί
3662 2374 3749 2428 τῳ

2159 2452 2333 2523 δῆλον,
2372 2454 2454 2507 ὅτι
2483 2454 2663 2507 πάντα
2688 2454 2787 2507 ὅσα
2824 2452 3073 2523 βούλεται
3105 2451 3268 2517 Θεὸς,
3310 2450 3483 2505 ταῦτα
3525 2450 3748 2513 πάντως

2160 2543 2255 2596 καὶ
2279 2544 2533 2613 Ἀγγελοι
2561 2542 2863 2614 βούλονται,
2888 2544 2984 2598 καὶ
3011 2543 3387 2614 ’Δρχάγγελοι,
3414 2541 3508 2595 καὶ
3530 2540 3745 2611 Θρόνοι,

2157 2632 2256 2685 καὶ
2302 2632 2672 2703 κυριότητες,
2715 2632 2813 2687 καὶ
2850 2632 3156 2699 Ἐξουσίαι,
3208 2632 3301 2684 καὶ
3348 2630 3551 2684 τούτων
3593 2629 3748 2682 οὐδὲν

2160 2721 2464 2790 διαφωνοῦν
2503 2722 2818 2793 εὑρίσκεται
2867 2723 3005 2794 πρὸς
3035 2721 3132 2793 τὴν
3172 2722 3321 2775 θείαν
3364 2721 3636 2791 βούλησιν.
3666 2719 3746 2773 Οὐ

2160 2810 2270 2881 γὰρ
2301 2810 2367 2865 ἂν
2397 2810 2612 2881 ἔμεινεν
2637 2813 2694 2864 ὲν
2720 2814 2785 2882 τῇ
2813 2811 2991 2882 οἰκείᾳ
3023 2810 3195 2877 τάξει,
3232 2810 3308 2880 μὴ
3338 2808 3523 2861 τοῦτον
3553 2806 3749 2877 ἔχοντα

2161 2902 2251 2955 τὸν
2279 2902 2500 2955 σκοπόν.
2539 2902 2598 2955 '0
2634 2902 2743 2971 γὰρ
2772 2902 2961 2973 ’ἐτερόν
3000 2918 3051 2954 τι
3087 2900 3236 2971 παρὰ
3273 2900 3334 2953 τὸ
3359 2898 3454 2951 τοῦ
3481 2896 3616 2977 Θεοῦ
3658 2897 3751 2951 θέ-

2162 2991 2309 3063 λημα
2337 2993 2595 3063 ζητήσας,
2627 2992 2855 3063 ἧκουσε’
2887 2990 3003 3045 Νῦν
3037 2992 3095 3044 δὲ
3138 2992 3217 3055 εἰς
3260 2990 3393 3061 ᾅδην
3422 2987 3747 3061 καταϐήσῃ,

2161 3083 2257 3136 καὶ
2285 3084 2364 3146 είς
2389 3082 2457 3136 τὰ
2491 3082 2717 3152 Οεμέλια
2744 3083 2845 3151 τῆς
2885 3083 3008 3153 γῆς.
3052 3082 3114 3137 Εἰ
3154 3080 3335 3135 τοίνυν
3374 3079 3604 3133 ἕκαστον
3635 3078 3749 3131 τῶν

2161 3174 2463 3244 εἰρημένων
2486 3173 2632 3226 ϐέλει
2665 3174 2763 3244 μὲν
2788 3174 2887 3227 ὅσα
2921 3172 3168 3243 βούλεται
3186 3167 3350 3237 Θεὸς,
3377 3171 3576 3240 ἔστηκε
3602 3170 3649 3223 δ’
3684 3170 3753 3222 ὲν

489 3276 604 3333 net,
640 3268 895 3337 nullaque
934 3268 1153 3327 ratione
1182 3266 1268 3321 bis
1301 3267 1423 3322 Filii
1452 3269 1634 3324 verbis
1658 3278 1914 3336 tuntur;
1944 3285 2050 3325 non

2168 3262 2351 3333 τούτῳ,
2382 3262 2478 3317 καίΙ
2526 3262 2689 3327 σώζει
2732 3262 2834 3331 τὴν
2879 3264 3090 3318 οἰκείαν
3132 3263 3327 3332 ἀρχὴν,
3369 3261 3463 3314 καὶ
3508 3258 3751 3330 οὐδαμοῦ

490 3372 786 3414 consensus
820 3359 1148 3425 animorum,
1188 3360 1547 3430 identitasque
1587 3361 1923 3415 voluntatum
1964 3363 2055 3416 de-

2168 3353 2406 3423 φαίνεται
2449 3354 2570 3416 ταῖς
2614 3351 2709 3406 τοῦ
2765 3350 2894 3406 Υἰοῦ
2944 3352 3286 3424 κεχρημένον
3342 3352 3587 3421 φωναῖς,
3624 3349 3751 3419 οὐχὶ

490 3449 663 3504 claret
700 3448 893 3504 Filium
925 3451 975 3504 in
1000 3448 1158 3506 Patre
1185 3467 1327 3516 esse,
1360 3462 1416 3506 et
1435 3450 1659 3507 -Patrem
1686 3453 1737 3507 in
1770 3452 1926 3515 Filio,
1960 3453 2056 3509 sed

2168 3445 2445 3515 τυμφωνία
2474 3445 2577 3514 τῆς
2615 3443 2861 3513 γνώμης,
2890 3442 3010 3495 οὐδὲ
3036 3441 3099 3497 τὸ
3142 3442 3429 3513 βούλεσθαι
3470 3441 3537 3495 τὰ
3574 3437 3749 3505 αὐτὰ,

488 3539 792 3593 omnimoda
821 3541 1067 3595 essentia
1094 3540 1414 3606 similitudo,
1445 3548 1500 3597 et
1527 3540 1786 3596 naturalis
1814 3543 2056 3612 proprie-

2168 3534 2389 3588 Βεικνύει
2417 3536 2505 3589 τὸν
2538 3535 2664 3587 Υἰὸν
2700 3536 2758 3586 ὲν
2792 3533 2967 3604 Πατρὶ
2995 3532 3090 3601 καὶ
3116 3533 3207 3586 τὸν
3234 3533 3456 3605 Πατέρα
3488 3531 3648 3586 πάλιν
3683 3530 3754 3583 ἐν

493 3630 620 3685 tatis
655 3625 935 3686 identitas.

2168 3624 2291 3695 Υἱῷ,
2320 3625 2489 3697 ἀλλ’ἢ
2517 3626 2614 3695 τῆς
2655 3625 2840 3688 οὐσίας
2884 3623 3303 3692 ἀπαράλλακτος
3336 3624 3613 3696 ὁμοιότης,
3644 3620 3748 3675 καὶ

2158 3718 2193 3788 ἡ
2219 3718 2478 3788 ταυτότης
2506 3708 2610 3787 τῆς
2644 3716 2787 3770 κατὰ
2815 3715 2978 3785 φύσιν
3014 3715 3298 3783 ἰδιότητος.

2839 3827 3042 3882 MAO.

2243 3941 2461 4013 Ἐπειδὴ
2519 3942 2771 4014 μένουσιν
2819 3940 3117 4013 ἅκλόνητον
3155 3939 3380 4013 ἔχοντες,
3410 3940 3511 4015 τὴν
3553 3941 3752 3997 στάσιν

2162 4033 2257 4087 καὶ
2306 4031 2573 4097 σώζοντες
2624 4033 2724 4104 τὴν
2776 4034 2984 4087 οἰκείαν
3033 4033 3208 4105 ἀρχὴν
3258 4033 3513 4104 Ἀγγελοί
3547 4051 3606 4089 τε
3650 4033 3751 4089 καὶ

2175 4124 2553 4198 Ἀρχάγγελοι,
2586 4125 2683 4179 καὶ
2715 4126 2769 4177 αἰ
2812 4124 3018 4179 τούτων
3049 4124 3307 4195 ἀνωτέρω
3336 4125 3553 4193 λογικαὶ
3586 4124 3751 4179 δυνά-

1159 3831 1389 3890 ALIUD.

559 3943 695 4002 Cum
723 3944 1007 4001 immotum
1053 3953 1109 4001 et
1141 3947 1521 4001 inconcussum
1547 3952 1750 4000 statum
1802 3944 2061 4011 habeant,

492 4049 759 4105 suumque
784 4035 1147 4104 principatum
1181 4044 1400 4091 servent
1426 4036 1624 4105 angeli,
1645 4046 1805 4106 atque
1829 4037 2063 4091 archan-

497 4126 626 4199 geli,
662 4125 888 4196 aliaeque
919 4126 1004 4181 bis
1048 4125 1356 4195 superiores
1404 4126 1693 4181 rationales
1746 4113 2061 4195 potestates,

493 4214 837 4271 manifestum
868 4229 1000 4270 sane
1033 4224 1117 4271 est
1141 4230 1233 4283 eos
1256 4215 1521 4270 voluntati
1580 4215 1671 4271 Dei
1722 4230 2056 4286 nequaquam

2168 4231 2308 4286 μεις,
2337 4213 2604 4286 πρόδηλον
2682 4209 2948 4283 δήπουθεν
2988 4212 3064 4276 ὡς
3109 4213 3173 4265 οὐ
3214 4212 3564 4279 στασιάζουσι
3603 4213 3748 4269 κατὰ

492 4317 809 4374 repugnare,
840 4305 933 4360 sed
956 4305 1218 4361 creatoris“
1244 4304 1472 4375 imperio
1506 4319 1571 4359 ac
1601 4304 1825 4375 legibus
1858 4320 2056 4360 morem

2168 4305 2272 4361 τῶν
2306 4304 2401 4359 τοῦ
2430 4304 2569 4358 Θεοῦ
2602 4304 2951 4376 θελημάτων,
2985 4304 3100 4358 ἀλλ’
3145 4303 3353 4357 εἰκουσί
3382 4322 3442 4358 τε
3478 4304 3572 4360 καὶ
3609 4305 3747 4359 ὑπο-

493 4410 702 4465 gerere,
732 4410 995 4465 suamque
1009 4395 1337 4451 voluntatem
1368 4396 1438 4451 ad
1480 4396 1718 4450 divinam
1741 4409 2056 4467 aggregare,

2168 4396 2452 4452 τάσσονται
2480 4398 2594 4459 τοῖς
2623 4395 2717 4449 τοῦ
2760 4394 3119 4467 πεποιηκότος
3152 4396 3358 4467 νόμοις,
3392 4396 3487 4451 καὶ
3517 4395 3750 4467 σύμφω-

496 4494 556 4539 υι
581 4484 764 4541 omnia
790 4494 846 4541 et
870 4485 1039 4541 velint
1081 4495 1136 4542 et
1160 4486 1363 4541 faciant
1386 4501 1512 4556 qua:
1554 4486 1628 4541 illi
1662 4486 2056 4556 placent.Qu'od

2168 4503 2255 4541 νον
2286 4485 2474 4558 ἔχουσι
2504 4485 2640 4557 πρὸς
2674 4485 2807 4539 Θεὸν
2830 4487 2929 4557 τὴν
2960 4484 3207 4556 γνώμην,
3236 4485 3311 4550 ὡς
3349 4487 3527 4540 πάντα
3559 4485 3745 4555 βούλε-

496 4592 621 4633 cum
658 4577 730 4631 ita
766 4575 855 4642 sit,
882 4591 1056 4646 neque
1085 4576 1221 4633 ullus
1263 4577 1485 4633 omnino
1541 4577 1829 4645 iuiicictur,
1873 4594 2056 4649 quarm

2173 4578 2294 4633 σϐαί
2329 4595 2388 4632 τε
2410 4578 2506 4633 καὶ
2531 4580 2706 4631 ποιεῖν
2736 4578 2948 4649 ὅσαπερ
2983 4576 3130 4649 αὐτῷ
3163 4576 3327 4632 δοκεῖ.
3369 4577 3526 4631 Οῦτω
3568 4578 3748 4632 τοίνυν

497 4669 682 4723 obrem
714 4668 855 4723 solus
882 4668 1047 4723 Filius
1081 4667 1482 4739 Unigenitus,et
1505 4668 1735 4725 Verbum
1762 4685 1825 4725 ac
1852 4672 2056 4739 sapien«

2168 4670 2385 4741 ἔχοντος
2417 4669 2596 4735 τοῦδε,
2636 4670 2731 4723 καὶ
2776 4669 3306 4740 συνομολογουμένου
3356 4672 3507 4743 παρὰ
3556 4673 3744 4737 πᾶσιν,

499 4759 574 4814 tia
598 4759 719 4815 est?
757 4757 1055 4828 Oportebat
1091 4762 1234 4815 enim
1258 4760 1519 4832 profecto,
1556 4764 1600 4818 si
1664 4764 1732 4818 ob
1762 4763 1814 4819 id
1867 4764 2056 4819 dicitur

2168 4765 2287 4817 ὅτου
2320 4762 2383 4834 δὴ
2426 4764 2584 4833 χάριν
2637 4762 2794 4833 μόνος
2839 4764 2867 4816 6
2904 4763 3031 4825 Υἱὸς
3068 4763 3401 4833 Μονογενὴς,
3446 4765 3539 4817 καὶ
3571 4765 3746 4831 Λόγος

501 4846 841 4919 Unigenitus,
863 4857 917 4904 et
941 4851 1229 4920 sapientia,
1281 4861 1338 4909 et
1394 4852 1649 4920 Verbum,
1702 4856 1830 4925 quia
1884 4857 2056 4913 omnia

2170 4857 2264 4909 καὶ
2302 4855 2465 4924 σοφία
2493 4853 2673 4918 ἐστίν;
2709 4853 2854 4908 Ἔδει
2892 4856 3019 4927 γὰρ,
3068 4856 3225 4928 εἴπερ
3253 4855 3422 4919 ὅντως
3465 4856 3527 4908 τὸ
3568 4855 3747 4907 θέλειν

497 4955 621 5010 ηοω
652 4939 764 4995 vult
800 4940 983 5005 Pater,
1013 4942 1125 4996 vult
1156 4954 1212 4998 et
1238 4944 1375 5014 ipse,
1408 4945 1643 5015 reliquas
1688 4948 1851 5002 etiam
1895 4948 2056 5003 ratio-

2169 4948 2268 5003 ὃσα
2316 4949 2412 5002 καὶ
2454 4948 2483 5001 6
2533 4947 2721 5019 Πατὴρ
2774 4946 3053 5019 βούλεται,
3123 4951 3403 5019 Μονογενῆ
3463 4947 3746 5003 καλεῖσθαι

502 5032 655 5101 nales
680 5042 964 5090 creaturas
1017 5035 1155 5090 idem
1208 5050 1349 5101 esse,
1411 5036 1706 5108 iisdemque
1764 5040 2068 5096 nominibus

501 5121 621 5178 illas
660 5122 936 5192 appellari,
976 5126 1172 5195 quibus
1202 5126 1381 5181 Filius.
1416 5128 1476 5183 Si
1520 5144 1649 5185 vero
1685 5130 1827 5186 nulla
1862 5146 1931 5186 ex
1979 5132 2065 5198 iis,

500 5222 595 5269 aut
613 5213 930 5285 Uuigenitus
945 5226 1028 5271 est
1053 5216 1243 5283 Filius,
1269 5229 1359 5272 aut
1380 5221 1635 5285 Verbum,
1661 5236 1831 5291 neque
1860 5222 2067 5292 sapien-

505 5303 600 5368 tia,
628 5318 803 5372 neque
852 5304 1053 5369 lumen.
1112 5322 1287 5376 neque
1350 5309 1623 5380 splendor,
1674 5326 1845 5383 neque
1875 5312 2063 5382 forma,

505 5407 681 5462 neque
734 5395 911 5463 imago
972 5395 1190 5464 Patris,
1251 5402 1616 5457 necessarium
1675 5401 1832 5472 plane
1878 5413 1963 5459 est
2012 5414 2070 5460 ut

504 5483 1017 5550 smtiamns,Filium
1045 5503 1148 5544 non
1171 5504 1287 5547 eam
1309 5492 1378 5547 ob
1406 5509 1621 5549 causam
1653 5494 1851 5553 dixisse
1880 5510 1895 5548 :
1928 5497 2069 5567 «Ego

508 5572 563 5629 in
590 5572 769 5641 Patre,
794 5586 853 5632 et
868 5575 1030 5635 Pater
1058 5580 1110 5636 in
1133 5596 1249 5651 me;
1282 5603 1301 5638 ι
1339 5595 1394 5642 et
1415 5601 1626 5644 rursum
1656 5602 1670 5643 :
1710 5604 1729 5640 ι
1754 5586 1861 5659 Ego
1885 5598 1942 5646 ct
1968 5586 2069 5644 Pa-

580 5749 627 5785 ”
650 5749 790 5809 Psal.
820 5768 940 5823 cm,
967 5755 1058 5812 20.

2172 5041 2338 5105 ποιεῖ,
2370 5040 2466 5093 καὶ
2496 5038 2707 5107 σοφίαν,
2747 5039 2840 5093 καὶ
2870 5040 3061 5109 Λόγον,
3089 5042 3183 5094 καὶ
3224 5036 3336 5105 τοῖς
3381 5041 3565 5105 ἄλλοις
3592 5040 3746 5109 λογι-

2174 5132 2291 5198 κοῑς
2320 5130 2583 5201 κτίσμασι
2610 5128 2780 5185 ταῦτα
2810 5130 3097 5202 ὑπάρχειν,
3126 5131 3221 5185 καὶ
3248 5131 3523 5196 τοσούτοις
3548 5132 3745 5203 ὀνόμα-

2173 5238 2259 5276 σιν
2290 5221 2682 5276 ἀποκαλεῖσθαι
2711 5222 2804 5276 καὶ
2826 5224 2987 5287 αὐτὰ,
3019 5225 3280 5295 ὅσοισπερ
3327 5223 3395 5279 ἂν
3425 5223 3518 5278 καὶ
3540 5226 3568 5277 6
3591 5223 3742 5289 Υἱός.

2171 5312 2235 5365 Εἰ
2263 5311 2337 5365 6?
2354 5310 2559 5365 τούτων
2587 5310 2757 5375 οὐδὲν,
2783 5312 2906 5367 οὔτε
2934 5314 3247 5385 Μονογενής
3278 5315 3426 5367 ἐστιν
3445 5314 3595 5380 Υἰδς,
3616 5311 3743 5369 οῦτσ

2170 5405 2361 5472 Λόγος,
2381 5402 2506 5459 οὔτε
2544 5404 2723 5473 σοφία,
2745 5403 2869 5459 οὔτε
2901 5404 3038 5475 φῶς,
3071 5404 3195 5459 οὔτε
3226 5405 3587 5478 ἀπαύγασμα.
3615 5404 3744 5461 οὔτε

2177 5496 2379 5570 μορφὴ,
2426 5494 2550 5550 οὔτε
2596 5494 2757 5549 εἰκὼν
2792 5495 2887 5549 τοῦ
2936 5496 3169 5568 Πατρὸς,
3206 5498 3503 5567 ἀναγκαῖον
3545 5497 3744 5553 εἰδέναι

2174 5588 2380 5661 λοιπὸν,
2411 5589 2602 5661 ὅτιπερ
2633 5587 2693 5643 οὗ
2721 5587 2781 5643 τδ
2829 5588 3112 5661 βούλεσθαι
3144 5589 3211 5645 τὰ
3250 5590 3388 5647 αὐτὰ
3433 5590 3511 5664 τῷ
3542 5589 3742 5663 Πατρὶ.
