3994 6324
242 420 337 475 189

1674 411 2111 469 THESAURUS.

3407 412 3511 470 190

240 536 352 590 οὐδὲ
393 534 458 588 τὸ
495 532 634 603 μίαν
669 531 819 603 ἔχειν
862 531 997 600 πρὸς
1040 528 1204 583 αὐτὸν
1246 529 1349 600 τὴν
1386 520 1612 600 γνώμην
1651 545 1827 600 παρα-

1938 539 2012 584 ter
2035 544 2199 581 unum
2224 543 2413 584 sumus
2440 545 2451 582 :
2480 547 2499 583 ι
2525 528 2649 599 quia
2680 530 2867 586 eadem
2898 527 3011 584 vult
3034 543 3152 600 qua:
3176 528 3513 593 Pater,eam-

240 625 490 690 σκευάζει
525 622 721 691 λέγειν
751 623 842 677 τὸν
877 621 1038 674 Υἱόνο
1077 640 1096 672 ι
1136 619 1277 688 Ἐγὼ
1306 622 1365 673 εν
1391 620 1469 690 τῷ
1501 621 1692 691 Ilasz,
1734 618 1828 671 καὶ

239 721 264 771 6
290 717 481 787 Πατὴρ
513 717 577 769 ἐν
615 717 769 787 ἐμοὶ,
806 735 826 767 ι
869 716 965 769 καὶ
991 712 1185 767 πάλιν·
1226 732 1244 765 ι
1292 712 1433 781 Ἐγὼ
1454 713 1548 765 καὶ
1583 714 1611 765 6
1638 710 1829 781 Πατὴρ

235 809 288 859 ἐν
319 810 490 877 ἐσμεν
511 822 526 835 ·
570 826 590 859 ι
632 807 754 861 ἀλλ’
782 808 881 871 ὅτι,
906 807 1004 876 τῆς
1029 805 1120 858 τοῦ
1150 805 1363 876 nam;
1393 804 1581 866 οὐσίας
1608 803 1829 873 γνήσιον

235 900 500 969 ὑπάρχων
529 900 812 970 γέννημα,
849 898 1004 969 φέρει
1034 897 1132 966 μὲν
1160 898 1217 949 ὲν
1251 894 1427 963 ἑαυτῷ
1456 894 1549 947 τὸν
1586 893 1827 964 Πατέρα,

232 990 481 1057 φαίνεται
516 989 579 1043 δὲ
632 991 731 1043 καὶ
777 989 941 1050 αὐτὸς
988 989 1045 1040 ὲν
1079 985 1274 1056 Πατρί,
1309 983 1554 1056 Κρατοίη
1598 982 1642 1036 δ’
1681 981 1750 1036 άν
1801 982 1830 1034 6

234 1078 388 1142 αὐτὸς
416 1072 585 1143 οὗτος
618 1080 783 1147 λόγος
821 1079 915 1132 καὶ
958 1077 1049 1131 ἐπ’
1093 1073 1396 1145 ἀνθρώπων
1430 1074 1622 1141 ἁγίων,
1651 1066 1732 1135 οἷς
1767 1069 1831 1123 τδ

232 1169 552 1223 ἀκολουθεῖν
601 1173 723 1234 τοῖς
768 1169 935 1232 θείοις
979 1168 1251 1239 θελήμασι
1310 1166 1532 1229 σκοπὸς,
1580 1164 1676 1217 καὶ
1726 1163 1829 1216 οὐκ

232 1262 372 1313 εστιν
402 1262 627 1315 εἰπεῖν·
668 1281 686 1313 ι
738 1260 879 1330 Ἐγὼ
930 1261 989 1313 εν
1023 1259 1103 1330 τῷ
1137 1258 1337 1330 Πατρὶς
1370 1258 1466 1312 καὶ
1493 1259 1521 1311 ό
1553 1254 1743 1329 Πατὴρ
1770 1255 1829 1309 ἐν

232 1348 368 1421 ἐμοί.
399 1366 419 1403 ι

936 1460 1139 1516 ΑΛΛΟ.

473 1571 575 1638 Ὧς
613 1571 685 1636 ἐξ
715 1572 1075 1638 ἀντιθέσεως
1113 1569 1233 1625 τῶν
1260 1568 1593 1639 αἱρετικῶν.

298 1704 366 1760 Ei
393 1704 458 1759 τδ
498 1707 816 1770 καλεῖσθαι,
857 1706 1041 1775 φασὶν,
1076 1706 1201 1760 Υίδν
1230 1706 1327 1758 καὶ
1366 1704 1550 1758 είκόνα
1576 1702 1672 1757 τοῦ
1714 1704 1828 1757 Πα-

233 1798 377 1868 τρὸς.
422 1798 527 1851 ἕνα
561 1797 716 1868 αὐτῷ
743 1799 884 1851 κατὰ
914 1797 1078 1866 φύσιν
1105 1799 1400 1868 ἐργάζεται
1431 1796 1524 1849 τὸν
1566 1794 1829 1857 τοιούτοις

1930 621 2161 690 demque
2194 620 2357 675 habet
2387 635 2508 676 cum
2560 619 2719 677 Patre
2774 621 2941 675 animi
3003 621 3364 680 sententiam;
3416 618 3512 674 sed

1928 710 2078 779 quia,
2115 723 2238 764 cum
2266 710 2336 765 sit
2358 724 2545 765 verum
2575 726 2639 766 ac
2677 711 2973 782 genuinum
3006 709 3256 765 essentia:
3335 708 3514 763 Patris

1929 816 2170 872 germen,
2211 802 2323 871 ipse
2344 801 2396 856 in
2423 800 2714 857 sePatrem
2732 811 2929 873 gestat,
2987 801 3211 871 ipseque
3267 799 3510 854 vicissim

1932 893 1983 947 in
2019 890 2180 948 Patre
2219 893 2480 947 cernitur.
2516 891 2687 948 Porro
2718 885 2907 949 eadem
2940 905 3155 961 quoque
3192 890 3332 944 ratio
3357 889 3506 944 obti-

1929 994 2051 1039 neat
2081 984 2135 1039 in
2169 985 2374 1041 sanctis
2405 984 2731 1047 hominibus.
2754 999 2983 1054 quorum
3011 996 3209 1050 scopus
3230 991 3389 1049 atque
3423 980 3511 1033 in-

1927 1076 2177 1131 stitutum
2205 1091 2329 1150 cum
2350 1076 2426 1133 sit
2457 1076 2652 1133 divinat
2679 1075 2941 1132 voluntati
2971 1074 3214 1139 obedire,
3263 1073 3330 1125 de
3376 1071 3516 1140 seip-

1927 1171 2005 1225 sis
2040 1178 2219 1224 tamen
2252 1168 2438 1226 dicere
2462 1183 2572 1225 non
2604 1174 2833 1238 possunt
2861 1181 2876 1221 :
2916 1183 2935 1218 ι
2964 1164 3077 1236 Ego
3121 1165 3175 1219 in
3241 1162 3421 1227 Patre,
3457 1172 3515 1217 et

1926 1259 2091 1318 Pater
2116 1261 2172 1317 in
2202 1276 2308 1317 me.
2339 1278 2364 1315 ο

2614 1454 2846 1512 ALIUD.

2309 1564 2395 1625 Ea:
2416 1566 2703 1638 objectione
2746 1565 3133 1622 Iucreticorunt.

2001 1702 2085 1771 Si,
2117 1704 2384 1774 inquiunt,
2414 1702 2542 1774 quia
2566 1710 2790 1757 vocatur
2812 1699 2983 1755 Filius
3013 1708 3067 1753 et
3106 1698 3283 1765 imago
3311 1692 3512 1756 Patris,

1932 1812 2099 1852 unum
2125 1811 2248 1851 cum
2275 1795 2391 1866 ipso
2423 1793 2746 1850 naturaliter
2773 1792 2903 1849 facit
2931 1806 3056 1847 eum
3088 1790 3179 1859 qui
3215 1787 3513 1856 ejuscemo—

232 1887 496 1958 ὀνόμασιν
552 1888 1091 1959 ἁποσεμνυνόμενον,
1138 1887 1191 1940 τί
1258 1885 1494 1940 κωλύσει
1544 1886 1641 1939 καὶ
1682 1886 1829 1955 ἡμᾶς

1938 1888 1983 1943 di
2021 1888 2333 1944 nominibus
2356 1887 2649 1957 insignitus
2689 1893 2797 1947 est.
2821 1883 2955 1954 quid
2988 1880 3262 1937 obstiterit
3301 1879 3517 1949 quomi-

235 1980 570 2051 ἀνθρώπους
620 1982 799 2047 δντας,
849 1980 1150 2051 ἐπειδήπερ
1199 1980 1294 2034 καὶ
1342 1978 1448 2032 υίοὶ
1490 1975 1830 2048 κεκλήμεθα,

234 2072 325 2124 καὶ
357 2074 484 2124 κατ’
529 2072 722 2126 είκόνα
751 2071 1059 2143 γεγόναμεν
1088 2068 1245 2137 Θεοῦ,
1281 2068 1501 2140 ὁμοίους
1538 2064 1677 2123 εἶναι
1709 2071 1831 2123 κατ’

235 2162 422 2214 οὐσίαν
453 2162 614 2232 αὐτῷ
634 2180 649 2228 ;

735 2296 895 2367 Πρός
923 2295 1100 2351 τοῦτο
1128 2296 1331 2362 λύσις.

317 2406 463 2460 Ἀλλ’
494 2409 633 2479 ἡμῖν
680 2408 803 2479 μὲν,
837 2402 884 2461 ὦ
917 2407 1206 2477 βέλτιστοι,
1236 2406 1376 2461 κατά
1417 2406 1577 2479 χάριν
1602 2422 1617 2437 ’
1650 2402 1728 2477 τῷ
1771 2405 1831 2460 δὲ

240 2496 371 2550 Θεοῦ
407 2499 580 2569 Λόγῳ
608 2499 754 2553 κατὰ
782 2498 941 2568 φύσιν
968 2498 1126 2553 τοῦτο
1148 2499 1408 2569 ὑπάρχει.
1438 2498 1549 2552 Καὶ
1580 2497 1709 2568 περὶ
1734 2497 1831 2567 μὲν

239 2587 447 2641 ἐκείνου
484 2589 747 2656 λέγεται·
785 2607 803 2641 ι
841 2588 937 2651 Τίς
970 2588 1153 2659 ὅμοιός
1184 2602 1267 2641 σοι
1294 2588 1352 2639 ἐν
1380 2585 1542 2650 θεοῖς,
1574 2585 1779 2657 Κύριες
1806 2604 1825 2637 ι

241 2676 310 2740 ὡς
333 2679 435 2731 οὐκ
457 2679 793 2733 ἐπείσακτον
825 2674 1061 2749 ἔχοντος.
1080 2678 1216 2732 ἀλλά
1248 2679 1475 2747 φυσικὸν
1497 2678 1559 2733 τὸ
1589 2677 1827 2749 ἀξίωμα.

242 2767 374 2840 Περὶ
412 2770 472 2824 δὲ
506 2770 703 2843 ήμῶνο
744 2788 764 2822 t
826 2770 969 2839 Ἐγὼ
1010 2766 1173 2823 εἶπα·
1215 2770 1338 2824 Θεοί
1383 2772 1527 2835 ἐστε,
1578 2772 1673 2824 καὶ
1712 2770 1831 2824 Υἱοὶ

253 2861 513 2931 Ὑψίστου
546 2862 770 2928 πάντες.
811 2880 829 2914 ι
878 2862 1067 2932 Ὑμεῖς
1095 2861 1153 2916 δὲ
1189 2861 1253 2933 δὴ
1284 2861 1360 2924 ὠς
1389 2861 1663 2933 ἄνθρωποι
1692 2861 1831 2915 ἁπο-

246 2953 539 3023 θνήσκετε,
570 2955 665 3009 καὶ
695 2954 769 3018 ὡς
798 2948 880 3017 εἷς
910 2953 1018 3007 τῶν
1061 2953 1337 3023 ἀρχόντων
1371 2952 1623 3007 πίπτετε.
1666 2952 1755 3015 ὀς
1782 2953 1830 3004 εί

253 3044 327 3116 μὴ
363 3048 557 3102 πᾶσαν
577 3044 945 3116 ποιησαίμεθα
973 3044 1209 3117 σπουδὴν
1242 3045 1323 3111 είς
1359 3043 1419 3100 τὺ
1448 3043 1832 3119 παραιτεῖσθαι

246 3136 305 3189 τὸ
330 3139 559 3207 φαῦλον,
592 3138 785 3210 ῥαδίως
822 3138 881 3203 ἐξ
910 3132 986 3192 ὧν
1015 3139 1318 3209 εἰλήφαμεν
1349 3140 1645 3192 ἀποπεσεῖν
1681 3139 1833 3191 δυνά-

1934 1994 2036 2034 nus
2078 1976 2244 2033 etiam
2300 1992 2402 2033 nos
2436 1977 2686 2032 homines
2716 1976 2808 2046 qui
2844 1974 2939 2029 lilii
2969 1986 3227 2028 vocamur
3249 1970 3317 2037 ⁸³,
3340 1978 3395 2025 et
3447 1969 3516 2023 ad

1934 2070 2222 2140 imaginem
2251 2067 2345 2124 Dei
2376 2067 2508 2124 lacti
2525 2081 2735 2134 sumus,
2761 2065 2967 2122 similes
2995 2063 3045 2120 ei
3084 2062 3389 2119 secundum
3420 2073 3483 2116 es

1932 2162 2166 2218 sentiam
2189 2161 2359 2217 simus
2375 2159 2400 2215 τ

2394 2293 2605 2350 Salutio
2642 2291 2987 2364 objectionis.

2000 2410 2071 2465 At
2098 2410 2277 2477 nobis,
2300 2409 2500 2475 oboni,
2533 2423 2632 2479 per
2651 2406 2885 2478 gratiam
2918 2422 2933 2458 :
2965 2400 3145 2460 Verbo
3191 2408 3371 2455 autem
3419 2397 3514 2453 Det

1933 2506 1984 2560 id
2014 2505 2333 2559 naturaliter
2395 2504 2559 2558 inest.
2634 2502 2712 2556 Ae
2753 2501 2822 2555 de
2885 2497 2976 2553 illo
3028 2496 3243 2564 quidem
3275 2494 3513 2548 dicitur:

1938 2614 1956 2647 ι
1990 2595 2122 2662 Quis
2144 2594 2338 2651 similis
2374 2594 2469 2649 tibi
2505 2594 2558 2649 in
2583 2594 2707 2655 diis,
2730 2588 3063 2647 Domine”?
3120 2606 3140 2640 ι
3182 2586 3381 2656 quique
3424 2584 3517 2653 qui

1933 2700 2039 2741 non
2070 2685 2323 2749 ascititia,
2359 2683 2455 2739 sed
2488 2683 2717 2737 naturali
2767 2679 3033 2751 dignitate
3102 2675 3363 2747 przeditus
3425 2674 3516 2728 sit.

1936 2776 2096 2849 114
2115 2776 2190 2832 De
2220 2775 2376 2832 nobis
2402 2790 2532 2830 vero
2559 2790 2573 2827 :
2624 2792 2642 2825 ι
2687 2775 2798 2845 Ego
2826 2770 2935 2827 dixi
2967 2789 2982 2827 :
3037 2769 3117 2824 Dii
3160 2768 3312 2832 estis,
3344 2775 3398 2822 et
3423 2763 3517 2819 lilii

1931 2867 2140 2923 Emeisi
2167 2882 2378 2924 omnes.
2418 2865 2525 2921 Vos
2564 2874 2743 2919 autem
2774 2865 2915 2919 sicut
2955 2861 3207 2917 homines
3238 2857 3517 2913 moriemi-

1932 2959 2011 3022 ni,
2047 2966 2103 3013 et
2132 2958 2273 3012 sicut
2304 2940 2444 3010 unus
2480 2953 2788 3025 principum
2824 2952 3030 3008 cadetis
3056 2950 3121 3005 ⁸⁸.
3156 2970 3175 3003 ι
3218 2949 3331 3006 Nisi
3374 2950 3519 3003 enim

1932 3063 2143 3107 summo
2163 3047 2342 3105 studio
2364 3046 2555 3105 vilium
2585 3044 2875 3121 fugiamus,
2907 3042 3065 3102 facile
3095 3042 3160 3101 iis
3183 3056 3305 3115 qua:
3355 3055 3520 3099 accc-

1932 3142 2462 3212 plmusexcidemus.
2526 3141 2850 3209 Accepimus
2899 3149 3078 3191 autem
3141 3136 3395 3206 gratiam,
3461 3142 3522 3187 ut

252 3226 407 3295 μεθα.
462 3227 787 3297 Εἱλήφαμεν
828 3228 886 3281 δὲ
937 3228 1081 3283 κατὰ
1128 3228 1289 3298 χάριν
1316 3228 1378 3281 τὸ
1422 3228 1701 3283 καλεῖσθαι
1733 3230 1829 3282 καὶ

1938 3250 2190 3291 vocemur
2220 3234 2313 3288 lilii
2338 3240 2392 3287 et
2420 3233 2494 3287 dii
2522 3250 2538 3287 :
2596 3246 2716 3301 quas
2746 3230 2965 3299 quidem
2999 3228 3323 3283 naturaliter
3383 3224 3522 3281 Filio

249 3315 351 3367 υἱοὶ
377 3318 475 3369 καὶ
499 3318 634 3380 θεοὶ,
660 3318 697 3371 ά
720 3318 785 3387 δὴ
810 3319 1056 3386 φυσικῶς
1081 3318 1340 3389 πρόσεστι
1375 3319 1454 3389 τῷ
1482 3318 1615 3389 Υἱῷ.
1650 3320 1829 3373 Είκὼν

248 3402 302 3457 δὲ
332 3407 498 3462 πάλιν
538 3409 950 3479 χρηματίζομεν
987 3408 1144 3473 Θεοῦ,
1188 3410 1488 3481 ἐπειδήπερ
1514 3410 1616 3481 τὴν
1642 3409 1831 3479 ἀληθι-

250 3496 340 3567 νὴν
372 3500 562 3552 εἰκόνα
592 3500 880 3567 τὸν.Λόγον
906 3500 1071 3554 αὐτοῦ
1110 3496 1434 3571 ἐδεξάμεθα,
1474 3500 1570 3553 καὶ
1609 3500 1829 3571 ᾤκησεν

251 3586 305 3639 ὲν
333 3590 487 3659 ἡμῖν,
519 3589 553 3660 ἢ
600 3591 697 3644 καὶ
733 3591 792 3645 ὲν
820 3590 1153 3654 τελευταίοις
1192 3593 1406 3662 καιροῖς
1439 3591 1829 3663 δνηνθρώπησε

248 3676 331 3732 διὰ
358 3681 457 3753 τὴν
487 3682 767 3752 ἡμετέραν
797 3681 1093 3754 σωτηρίαν.
1122 3682 1298 3754 Πολλή
1326 3699 1410 3746 τις
1437 3678 1532 3737 οῦν
1573 3684 1668 3737 καὶ
1694 3683 1832 3754 άμε-

249 3785 370 3839 τρος
404 3776 440 3844 ὴ
494 3771 748 3844 διαφορὰ,
801 3772 1007 3842 μεταξύ
1045 3789 1104 3827 τε
1150 3775 1307 3844 ἡμῶν
1354 3774 1463 3827 τῶν
1495 3775 1638 3828 κατά
1669 3776 1829 3845 χάριν

251 3863 606 3935 κεκλημένων
651 3863 807 3917 ι’ὦν.
860 3864 957 3917 καὶ
999 3863 1094 3918 τοῦ
1141 3864 1283 3919 κατὰ
1324 3865 1488 3933 φύσιν
1539 3866 1691 3929 δντος
1735 3868 1831 3919 καὶ

252 3951 543 4025 ἀληθινῶς.
574 3954 685 4010 Καὶ
724 3954 963 4025 φλυαρία
999 3955 1197 4025 μᾶλλον
1226 3955 1382 4027 ὑμῶν
1424 3957 1459 4027 ή
1493 3957 1757 4028 πρότασις
1787 3957 1821 4027 ἢ

252 4042 422 4114 νόημα
459 4045 729 4116 χρήσιμον
755 4038 1042 4099 δέδεικται.

932 4158 1145 4211 ΑΛΛΟ.

317 4269 377 4322 Εἰ
397 4269 609 4341 ταύτης
636 4270 799 4324 ἕνεκα
824 4273 919 4324 καὶ
951 4272 1119 4343 μόνης
1147 4274 1247 4342 τῆς
1275 4270 1453 4335 αἰτίας
1481 4271 1665 4342 ὅμοιον
1694 4265 1829 4323 εἶναι

251 4358 323 4425 τῷ
353 4362 534 4431 Πατρί
579 4378 717 4430 φατε
760 4362 853 4415 τὸν
904 4362 1054 4427 Υἱὺν,
1102 4356 1151 4416 ὦ
1200 4364 1577 4433 χριστομάχοι,
1636 4362 1717 4414 ὅτι
1765 4361 1829 4432 δὴ

255 4449 404 4504 πάνθ’
441 4453 545 4504 ὅσα
574 4452 821 4522 βούλεται
856 4453 884 4505 6
917 4454 1125 4524 Πατὴρ,
1157 4452 1329 4506 ταῦτα
1374 4454 1465 4505 καὶ
1507 4453 1693 4517 αὐτὸς,
1730 4453 1832 4505 οὐκ

1937 3330 2143 3383 insunt.
2165 3326 2441 3383 Vocamur
2460 3335 2638 3381 autem
2675 3324 2841 3380 etiam
2865 3324 3043 3394 imago
3078 3323 3194 3391 Dei,
3252 3322 3521 3390 siquidem

1936 3434 2118 3473 veram
2142 3419 2428 3489 imaginem
2452 3419 2688 3474 Verbum
2720 3418 2890 3488 ipsius
2915 3417 3338 3486 suscepimus,et
3374 3413 3521 3468 habi-

1939 3509 2075 3562 tavit
2106 3508 2160 3563 in
2209 3506 2447 3574 nobis“,
2473 3516 2529 3562 et
2561 3507 2769 3561 ultimis
2821 3506 3155 3575 temporibus
3225 3503 3402 3559 lactus
3439 3511 3521 3558 est

1938 3601 2102 3655 homo
2142 3608 2364 3670 propter
2405 3608 2645 3656 nostram
2691 3598 2942 3654 salutem.
2994 3598 3183 3669 Magna
3230 3597 3395 3667 igitur
3439 3604 3520 3649 at-

1936 3706 2042 3759 que
2089 3691 2351 3747 immensa
2399 3692 2487 3747 est
2538 3688 2843 3745 dill‘erentia
2898 3690 3040 3744 inter
3089 3704 3189 3745 nos
3244 3702 3342 3759 per
3392 3701 3519 3757 gra-

1941 3780 2069 3833 tiam
2104 3790 2324 3836 vocatos
2367 3780 2529 3845 lilios,
2572 3790 2773 3835 etcum
2804 3780 2894 3849 qui
2927 3793 3053 3834 vere
3090 3794 3153 3831 ac
3199 3777 3519 3831 naturaliter

1938 3878 2022 3923 est
2053 3870 2239 3924 Filius.
2271 3868 2485 3926 Frivola
2514 3869 2680 3939 igitur
2700 3880 2867 3941 atque
2888 3868 3071 3925 inanis
3096 3868 3257 3940 plane
3296 3875 3381 3923 est
3439 3881 3531 3922 ve-

1938 3970 2050 4016 stra
2081 3959 2336 4031 obiectio.

2608 4159 2839 4217 ALIUD.

2010 4273 2067 4329 Si
2099 4288 2216 4328 eam
2247 4280 2301 4329 et
2331 4270 2547 4342 quidem
2572 4273 2741 4329 solam
2764 4273 2836 4329 ob
2860 4287 3102 4340 musam,
3150 4285 3267 4337 vos,
3315 4271 3519 4328 Christi

1939 4369 2149 4432 hostes.
2180 4369 2375 4425 Filium
2402 4369 2548 4423 Patri
2582 4368 2817 4424 similem
2840 4382 2963 4424 esse
2992 4367 3194 4430 dicitis,
3238 4367 3365 4437 quia
3398 4382 3513 4422 om-

1938 4462 2026 4517 nia
2050 4476 2172 4530 quae
2198 4461 2309 4515 vult
2343 4462 2524 4530 Pater,
2555 4461 2669 4515 vult
2686 4470 2741 4518 et
2772 4461 2909 4531 ipse,
2933 4476 3040 4515 non
3076 4461 3181 4514 erit
3231 4468 3339 4513 tam
3374 4460 3524 4517 Patti

252 4539 398 4598 ἔσται
433 4543 515 4615 τῷ
561 4545 739 4616 Πατρὶ
768 4545 966 4617 μᾶλλον
1005 4544 1362 4617 προσεοικὼς,
1402 4544 1540 4599 ἀλλὰ
1576 4546 1688 4609 τοῖς
1735 4544 1828 4597 τοῦ

1938 4553 2151 4618 similis,
2176 4569 2341 4624 quam
2402 4553 2665 4609 voluntati
2722 4551 2926 4607 Patris.
2985 4550 3051 4605 Et
3099 4552 3263 4606 Pater
3304 4551 3519 4621 quidem

254 4631 465 4708 Πατρὸς
514 4636 807 4707 θελήμασι.
859 4637 970 4691 Καὶ
1022 4639 1050 4691 6
1099 4639 1198 4708 μὲν
1246 4637 1456 4709 Πατὴρ,
1503 4636 1625 4691 καθ’
1664 4637 1828 4707 ὑμᾶς,

254 4723 475 4796 ὀνόματι
509 4728 665 4797 μόνον
693 4727 851 4782 τοῦτό
880 4731 1025 4782 ἐστιν
1044 4746 1056 4759 ο
1081 4731 1109 4781 6
1127 4729 1184 4782 δὲ
1220 4730 1361 4792 Υἱὸς,
1389 4728 1513 4782 οὗτε
1542 4728 1675 4795 υἱὸς,
1706 4728 1830 4782 οὗτε

254 4814 674 4889 ἀπαράλλακτος
701 4818 796 4871 τοῦ
844 4821 1203 4891 γεννήσαντος
1242 4820 1422 4884 είκὼν,
1473 4820 1608 4873 ἀλλὰ
1654 4820 1832 4890 μόνων

252 4907 352 4964 τῶν
384 4909 711 4980 θελημάτων
735 4910 900 4964 αὐτοῦ
934 4913 1195 4982 μιμητής.
1242 4912 1395 4965 Ἐπεὶ
1422 4911 1518 4965 καὶ
1559 4914 1587 4965 6
1616 4911 1830 4975 Παῦλος

257 5002 502 5073 μιμητὴς
537 5001 796 5074 ὑπάρχων
818 5002 911 5056 τοῦ
934 5003 1172 5075 Χριστοῦ
1196 5004 1290 5058 καὶ
1315 5004 1652 5076 προσεοικὼς
1681 5003 1831 5075 αὐτῷ

253 5092 392 5145 κατά
411 5108 471 5144 τε
497 5091 561 5144 τὸ
593 5092 877 5171 βούλεσθαι
910 5094 1069 5148 πάνθ’
1101 5097 1201 5148 ὅσα
1230 5096 1325 5149 καὶ
1360 5096 1523 5161 αὐτὸς
1552 5095 1825 5162 ἐϐούλετο,

255 5184 344 5236 καὶ
374 5184 519 5237 κατὰ
546 5184 637 5237 τὸν
666 5184 764 5255 τῆς
790 5186 1136 5251 διδασκαλίας
1165 5187 1341 5257 λόγον,
1374 5189 1487 5260 ἔχει
1521 5188 1617 5259 μὲν
1644 5190 1829 5243 εἰκόνα

252 5274 358 5327 τῶν
407 5274 729 5346 θελημάτων
770 5278 958 5342 αὐτοῦ,
1010 5280 1110 5333 οὐκ
1154 5280 1268 5333 ἔστι
1314 5280 1371 5334 δὲ
1419 5281 1565 5334 κατὰ
1597 5281 1756 5350 φύσιν
1802 5282 1830 5334 6

254 5366 415 5428 αὒτὸς
462 5369 539 5439 τῷ
573 5367 687 5437 Υἱῷ
726 5368 818 5422 τοῦ
867 5369 1025 5425 Θεοῦ.
1066 5372 1129 5423 Εἰ
1165 5371 1222 5424 δὲ
1269 5371 1425 5424 τοῦτο
1462 5373 1662 5427 ἄτοπον
1692 5372 1827 5443 ὁμοῦ

255 5459 349 5510 καὶ
379 5458 595 5522 ἀσεϐὲς,
636 5460 849 5530 ἀνάγκη
880 5461 1067 5532 φέρειν
1098 5461 1195 5532 τὴν
1233 5462 1524 5532 ὁμοιότητα
1558 5463 1697 5516 κατᾶ
1729 5463 1825 5533 μό-

254 5564 351 5614 νης
399 5549 499 5617 τῆς
542 5550 732 5614 οὐσίας
780 5552 1029 5616 καὶτοὺς
1066 5554 1166 5623 τῆς
1208 5552 1422 5621 φύσεως
1448 5553 1823 5624 χαρακτῆρας.

252 5638 409 5693 θῦτω
448 5640 555 5713 γάρ
588 5641 759 5706 ὄντως
804 5642 1164 5715 ἀληθέστερον
1209 5642 1373 5697 είκὼν
1414 5644 1508 5697 τοῦ
1558 5644 1769 5714 [ἰατρὸς
1799 5644 1827 5696 6

1924 4646 2081 4715 juxta
2112 4659 2228 4711 vos,
2265 4647 2486 4701 nomine
2514 4642 2688 4700 solum
2722 4647 2825 4701 hoc
2857 4654 2963 4709 est,
2999 4643 3172 4699 Filius
3196 4652 3379 4698 autem
3427 4658 3518 4698 ne-

1929 4752 2037 4807 que
2058 4737 2220 4800 illius,
2258 4752 2433 4805 neque
2449 4737 2755 4792 omnimnda
2785 4735 2966 4791 Patris
3002 4737 3200 4805 imago,
3225 4735 3317 4788 sed
3348 4734 3520 4789 solum

1928 4829 2224 4883 voluntatis
2251 4827 2367 4897 ejus
2397 4829 2658 4883 imitator.
2685 4826 2965 4898 Siquidem
2997 4836 3053 4882 et
3103 4826 3301 4881 Paulus
3341 4826 3521 4880 imita-

1930 4930 2015 4977 tor
2063 4922 2332 4978 exsistens
2394 4920 2593 4977 Christi
2636 4920 2706 4989 ",
2767 4930 2822 4975 et
2900 4920 3094 4975 similis
3194 4919 3244 4973 ei
3306 4918 3360 4973 in
3453 4932 3519 4973 eo

1928 5015 2071 5088 quod
2121 5015 2281 5071 vellet
2312 5016 2492 5071 omnia
2545 5029 2665 5086 qua:
2729 5015 2866 5085 ipse,
2918 5022 2973 5068 et
3008 5012 3216 5068 ratione
3237 5011 3518 5079 doctrinm,

1936 5106 2098 5162 habet
2126 5106 2343 5176 quidem
2374 5106 2669 5176 imaginem
2701 5105 2870 5176 ipsius
2912 5103 3228 5165 voluntatis,
3276 5117 3385 5156 non
3437 5111 3518 5157 est

1935 5206 2114 5251 autem
2147 5195 2465 5251 naturaliter
2495 5196 2635 5252 idem
2664 5212 2785 5251 cum
2818 5194 2953 5250 Filio
2971 5193 3087 5247 Dei.
3115 5192 3269 5259 Quod
3286 5208 3411 5247 cum
3444 5194 3517 5246 ita

1936 5289 2024 5353 sit,
2045 5287 2336 5341 ahsurdmn
2372 5286 2529 5341 simul
2550 5296 2604 5341 et
2660 5286 2886 5355 impium
2912 5293 3016 5347 est,
3046 5282 3097 5336 in
3136 5282 3242 5337 alia
3299 5296 3356 5335 re
3389 5297 3515 5335 con-

1933 5378 2156 5431 slituere
2183 5376 2589 5431 similitudinem
2632 5376 2753 5430 Filii
2779 5391 2901 5430 cum
2943 5374 3124 5436 Patre,
3152 5380 3518 5442 praeterquam

1935 5468 1987 5521 in
2031 5466 2144 5523 sola
2172 5468 2428 5531 essentia,
2488 5476 2545 5522 et
2593 5468 2644 5521 in
2700 5465 3113 5522 characteribus
3153 5472 3374 5517 naturae.
3440 5459 3516 5514 ita

1932 5558 2073 5613 enim
2095 5558 2339 5629 profecto
2357 5558 2537 5612 verius
2563 5558 2741 5627 imago
2763 5556 2942 5611 Patris
2972 5554 3143 5610 Filius
3176 5568 3295 5609 esse
3324 5562 3517 5607 osten-

1934 5650 2100 5717 ditur,
2132 5650 2266 5705 adeo
2292 5659 2350 5703 ut
2379 5649 2561 5706 dicere
2590 5648 2795 5721 possit:
2839 5666 2859 5700 ι
2897 5648 3009 5717 Ego
3034 5649 3086 5702 in
3121 5645 3305 5710 Patre,
3330 5654 3385 5700 ct
3405 5641 3513 5697 Pa-

330 5821 375 5853 "
404 5821 544 5880 Psal.
572 5839 763 5892 tum,
797 5823 847 5878 6.
927 5823 971 5853 '"
1010 5822 1149 5880 Psal.
1183 5840 1376 5890 Lxxxv,
1406 5824 1458 5877 li.
1537 5826 1581 5857 "'
1609 5822 1748 5879 Psal.
1784 5839 1966 5891 LXXXI,
1995 5825 2046 5881 8.
2128 5828 2173 5859 "'
2212 5823 2365 5882 Joau.
2396 5840 2431 5891 l,
2471 5825 2552 5881 Η.
2632 5826 2676 5856 ⁸⁷
2708 5826 2728 5879 1
2761 5822 2886 5880 Cor.
2920 5838 2995 5889 ιν,
3032 5820 3114 5876 i6.
