3994 6324
496 468 591 527 101

1506 464 1563 521 s.
1603 448 1873 520 (παίω
1911 430 2393 519 ALEXANDRINI
2417 460 2739 518 meumr.

3612 459 3715 513 19‘!

464 597 579 649 rtcr
610 586 801 654 inme;
829 604 849 641 ι
882 593 937 643 ει
969 560 1181 643 ωηιιὼ
1219 602 1232 640 :
1269 602 1288 638 ι
1321 584 1421 655 Qui
1472 584 1606 642 vidit
1662 601 1769 651 me,
1820 582 1952 638 vidit
1994 589 2038 636 el

2153 579 2278 644 Υίὸς
2294 580 2758 651 ἀναδειχθήσεται,
2778 577 2853 643 ὡς
2882 579 2975 632 καὶ
2986 577 3245 633 δύνασθαι
3268 576 3448 645 λέγειν
3466 591 3534 629 '1
3573 571 3713 638 Ἐγὼ

490 676 725 743 Patrem.
754 668 779 729 ἰ

905 888 1135 961 ALIUD,
1172 892 1324 946 modo
1369 891 1698 961 explicatius.

561 999 637 1055 Ita
675 1008 757 1056 est
788 1002 948 1056 unum
986 1002 1216 1060 Pateret
1246 1005 1431 1069 Filius,
1455 1018 1628 1074 eaque
1651 1003 1861 1059 ratione
1889 1003 2048 1059 sinti-

490 1090 794 1161 lislpsiest,
813 1092 1329 1161 quemadmodumin
1359 1095 1511 1150 nobis
1526 1093 1693 1149 Filius
1717 1093 1925 1149 ratione
1955 1106 2046 1149 es-

488 1178 873 1233 sentiasimilis
888 1179 1166 1235 essePatri
1188 1181 1580 1252 intelligitur,et
1598 1181 2045 1250 quemadmodum

486 1268 741 1337 splendor
752 1284 817 1324 ex
841 1271 1515 1339 soleprocedenstcirco,
1534 1286 1655 1327 cum
1678 1272 1750 1327 ita
1772 1284 1831 1327 se
1847 1270 2047 1327 habeat

488 1360 654 1417 Filius
692 1361 757 1417 ad
785 1361 1018 1431 Patrem,
1036 1376 1293 1435 operanto
1322 1365 1458 1421 Filio
1483 1374 1741 1435 operatur
1758 1374 1810 1421 et
1841 1364 2043 1421 Pater:

485 1465 656 1521 eoque
673 1469 883 1509 rursum
936 1456 1002 1509 ad
1023 1464 1243 1511 sanctos
1262 1457 1514 1511 veniente
1536 1455 1684 1510 venit
1715 1454 1881 1511 etiam
1938 1455 2047 1511 Pa-

485 1551 590 1610 ter,
624 1544 764 1600 sicut
832 1546 947 1615 ipse
987 1546 1064 1601 ait
1086 1563 1152 1613 ιι
1216 1546 1534 1614 Veniemus,
1572 1561 1671 1617 ego
1693 1555 1748 1602 et
1778 1547 1957 1612 Pater,
1991 1555 2047 1603 et

486 1636 812 1692 mansionem
840 1637 979 1707 apud
1007 1639 1189 1715 ipsum
1218 1637 1474 1695 faciemus
1497 1640 1562 1695 ⁸³.
1612 1657 1634 1692 ι
1659 1637 1853 1695 Omnia
1880 1640 2045 1707 enim,

485 1734 544 1780 ut
564 1728 722 1783 modo
746 1728 946 1783 dictum
977 1737 1082 1793 est,
1113 1744 1144 1785 a
1168 1728 1349 1786 Patre
1376 1745 1473 1799 per
1529 1728 1722 1807 Filium
1754 1729 1926 1786 liuut:
1966 1731 2047 1785 id-

483 1819 631 1894 circo
659 1820 703 1874 si
732 1808 928 1891 quibus
954 1836 1186 1892 unquam
1206 1822 1407 1877 sanctis
1425 1820 1597 1893 gratia
1625 1824 1745 1877 data
1768 1833 1870 1888 est,
1926 1837 2047 1881 eam

484 1908 642 1966 Pater
671 1927 765 1982 per
795 1910 987 1976 Filium
1014 1913 1239 1993 largitus
1266 1912 1432 1969 fuisse
1467 1911 1622 1983 115
1660 1913 1917 1969 cernitur.
1937 1911 2042 1968 Cu-

2146 672 2205 725 ἐν
2234 670 2313 741 τῷ
2341 670 2647 741 Πατρὶδιαὶ
2677 670 2705 723 6
2732 669 2920 741 Πατὴρ
2944 670 3001 723 ἐν
3034 669 3179 738 ἐμοὶ,
3214 686 3232 720 ι
3260 667 3354 721 καὶ
3376 666 3565 722 «sxw
3596 682 3615 715 ι
3654 664 3712 716 ’0

2148 758 2407 831 ἑωρακὼς
2436 759 2559 830 ἐμὲ,
2595 756 2804 829 ἐώρακε
2835 756 2927 811 τὸν
2960 755 3199 828 Πατέρα.
3249 774 3267 807 ι

2480 891 2682 957 ΔΛΛΟ,
2719 892 2920 961 τρόπῳ
2949 886 3373 960 διητηματικῷ.

2216 1003 2401 1070 Οῦτως
2444 1004 2502 1059 ’ἐν
2547 1005 2686 1059 είσιν
2727 1006 2757 1057 6
2805 1004 2995 1076 Πατὴρ
3042 1003 3137 1057 καὶ
3175 1003 3205 1057 6
3248 1001 3398 1064 Υἱὸς,
3442 1001 3536 1054 καὶ
3573 996 3714 1052 κατά

2146 1094 2295 1149 τόνδε
2346 1094 2451 1149 τὸν
2477 1095 2677 1167 τρόπον
2718 1088 2964 1166 ἐμφερής
3010 1094 3160 1147 ἐστιν
3207 1091 3373 1162 αὐτῷ,
3404 1091 3481 1156 ὡς
3515 1089 3582 1145 ἂν
3625 1087 3712 1157 ἐφ’

2147 1186 2303 1258 ἡμῶν
2339 1186 2558 1257 νοηθείη
2589 1186 2701 1248 υίὸς
2733 1184 2866 1258 πρὸς
2891 1184 2984 1239 τὸν
3014 1183 3206 1239 ἐαυτοῦ
3234 1182 3444 1255 πατέρα
3483 1182 3625 1237 κατά
3647 1196 3711 1249 γι

2145 1276 2237 1331 τὸν
2279 1276 2376 1346 τῆς
2420 1274 2608 1339 οὐσίας
2639 1273 2815 1343 λόγον,
2849 1274 2943 1328 καὶ
2969 1272 3045 1336 ὡς
3089 1272 3155 1326 ἂν
3188 1271 3285 1325 ίδοι
3314 1288 3400 1335 τις
3444 1271 3582 1342 πρὸς
3620 1268 3713 1323 τὸν

2146 1364 2294 1435 ἥλιον
2323 1364 2383 1417 τὸ
2418 1364 2476 1431 ἐξ
2505 1363 2669 1418 αὐτοῦ
2691 1364 2877 1435 προϊὸν
2906 1362 3266 1433 ἀπαύγασμα.
3297 1363 3396 1416 Διά
3421 1360 3528 1434 γὰρ
3559 1359 3713 1414 τοῦτο

2146 1456 2238 1510 καὶ
2262 1454 2349 1509 διὰ
2366 1455 2426 1508 τὸ
2453 1455 2627 1519 οὕτως
2650 1455 2793 1526 ἔχειν
2819 1454 2910 1508 τὸν
2936 1454 3062 1508 Υίὸν
3092 1452 3227 1525 πρὸς
3255 1452 3347 1506 τὸν
3376 1450 3570 1507 ἑαυτοῦ
3602 1450 3714 1504 Πα-

2145 1545 2301 1620 τέρα,
2335 1544 2704 1618 ἐργαζομένου
2741 1543 2837 1598 τοῦ
2891 1542 3045 1605 Υίοῦ.
3084 1544 3114 1597 6
3168 1541 3359 1614 Πατὴρ
3401 1537 3712 1612 ἐργάζεται,

2146 1636 2241 1690 καὶ
2272 1635 2410 1707 πρὸς
2435 1637 2561 1699 τοὺς
2591 1635 2779 1704 ἁγίους
2810 1634 3104 1707 ἐρχομένου
3142 1632 3304 1687 πάλιν
3332 1630 3518 1699 αὐτοῦ,
3548 1632 3577 1685 6
3603 1630 3717 1684 Πα-

2144 1728 2249 1799 τήρ
2275 1728 2426 1779 ἐστιν
2468 1729 2497 1780 6
2540 1726 2851 1797 ἐρχόμενος,
2886 1724 2962 1788 ὡς
2990 1722 3154 1787 αὐτὸς
3181 1723 3380 1793 ἔφησεν
3401 1739 3415 1753 ο
3458 1740 3478 1775 ι
3539 1716 3718 1775 Ἐλευ-

2149 1817 2374 1886 σόμεθα,
2417 1815 2528 1886 ἐγὼ
2574 1818 2669 1869 καὶ
2709 1817 2738 1869 6
2784 1817 2993 1887 Πατὴρ,
3037 1814 3131 1868 καὶ
3170 1813 3337 1886 μονὴν
3393 1815 3523 1885 παρ’
3567 1810 3717 1882 αὐτῷ

2150 1909 2467 1977 ποιήσομεν.
2507 1924 2528 1959 ι
2565 1908 2747 1962 Πάντα
2782 1906 2913 1977 γὰρ,
2958 1905 3209 1976 καθάπερ
3236 1906 3335 1977 ἤδη
3366 1906 3715 1976 προείρηται,

476 2001 567 2070 jus
628 2004 703 2059 rei
750 2002 950 2059 Paulus
1002 2005 1151 2059 testis
1195 2011 1300 2069 est,
1359 2002 1426 2058 ad
1456 2004 1714 2073 Quosdam
1746 2003 2038 2057 scribens:

2141 2000 2292 2070 παρὰ
2330 2002 2543 2071 Πατρδς
2581 2000 2648 2053 δι’
2682 1998 2812 2053 Υίοῦ
2859 1999 3137 2069 γίγνεται·
3188 1998 3281 2052 καὶ
3323 1996 3455 2067 γοῦν
3501 1998 3554 2052 εί
3584 1996 3717 2052 ποτέ

486 2112 505 2142 ‹
553 2092 735 2149 Gratia
771 2096 919 2151 vobis
943 2104 996 2150 et
1018 2090 1131 2164 pax
1157 2110 1187 2149 a
1211 2094 1320 2150 Deo
1369 2094 1529 2150 Patre
1576 2105 1631 2151 et
1660 2093 1888 2150 Domino
1917 2093 2043 2150 Iesu

480 2181 784 2247 Christo”.
829 2202 848 2234 ι
887 2185 954 2238 Et
981 2185 1094 2254 ipse
1120 2199 1334 2239 rursum
1362 2183 1487 2239 alibi
1518 2201 1533 2239 :
1577 2201 1597 2235 ι
1627 2182 1745 2253 Ipse
1775 2182 1935 2239 Pater
1989 2193 2046 2241 et

480 2270 622 2328 Deus
641 2282 825 2329 noster
845 2283 899 2331 et
923 2273 1180 2331 Dominus
1206 2285 1390 2331 noster
1413 2273 1570 2331 Iesus
1585 2274 1831 2332 Christus
1850 2277 2046 2347 dirigat

479 2365 621 2419 viam
651 2375 887 2422 nostram
913 2353 991 2420 ad"
1016 2380 1111 2422 vos
1158 2366 1227 2422 “.
1265 2385 1285 2419 ι
1323 2365 1393 2421 At
1440 2367 1486 2427 li
1520 2376 1627 2424 non
1673 2376 1815 2424 esset
1863 2369 2041 2426 unitas

480 2455 655 2513 Patris
681 2472 806 2511 cum
834 2456 995 2522 Filio,
1034 2457 1260 2513 dixisset
1304 2456 1565 2528 profecto,
1627 2456 1873 2529 Dirigant
1896 2459 2037 2514 viam

478 2556 742 2611 nostram,
776 2556 833 2604 ut
865 2550 997 2604 duos
1030 2548 1377 2616 signiﬁcaret.
1454 2549 1608 2607 Nunc
1634 2567 1762 2608 vero
1817 2552 1872 2606 id
1933 2570 2038 2608 non

431 2680 437 2683 -
476 2640 651 2694 facit:
703 2642 960 2695 unitatem
1043 2627 1222 2697 autem
1292 2640 1469 2697 Patris
1496 2652 1550 2696 et
1603 2641 1723 2698 Filii
1752 2642 2037 2698 manifeste

477 2732 794 2795 observans,
851 2730 1201 2802 singulariter
1255 2732 1412 2799 dixit,
1466 2733 1687 2804 dirigat,
1735 2750 1839 2789 non
1880 2734 2038 2804 quasi

473 2822 702 2879 seorsim
750 2821 927 2890 Pater,
958 2831 1012 2879 et
1062 2823 1288 2879 seorsim
1345 2823 1515 2905 Filius
1557 2825 1859 2896 suppeditet
1915 2818 2040 2897 gra-

477 2913 627 2978 tiam,
674 2914 769 2968 sed
831 2923 1081 2985 tanquam
1146 2913 1311 2970 Pater
1382 2929 1478 2985 per
1556 2916 1748 2971 Filium
1814 2918 1867 2973 in
1915 2917 2040 2987 Spi-

476 3004 582 3057 ritu
624 3014 813 3060 sancto
838 3020 903 3060 ex
927 3020 1031 3059 una
1050 3005 1247 3060 deitate
1272 3006 1409 3061 dona
1431 3022 1527 3062 sua
1548 3009 1749 3063 sanctis
1769 3008 2036 3064 conIerat.

2146 2105 2287 2143 τισιν
2314 2090 2489 2158 ἁγίοις
2515 2090 2723 2144 δέδοται
2751 2091 2931 2161 χάρις,
2968 2087 3173 2160 ταύτην
3210 2090 3239 2142 6
3266 2087 3555 2159 [Ia-rbp6t’
3581 2084 3714 2142 Υίοῧ

2143 2183 2458 2253 χορηγήσας
2483 2181 2752 2251 φαίνεται.
2788 2183 2898 2236 Kal.
2928 2181 3139 2253 μάρτυς
3175 2182 3204 2233 6
3246 2180 3459 2244 Παῦλος
3484 2179 3715 2251 γράφων

2143 2276 2278 2348 πρός
2303 2290 2485 2339 τιναςο
2517 2292 2536 2327 ι
2570 2272 2746 2345 Χάρις
2773 2273 2902 2344 ὐμῖν
2931 2273 3024 2327 καὶ
3062 2274 3250 2344 εἰρήνη
3283 2272 3392 2325 άπὸ
3420 2270 3557 2326 Θεοῦ
3597 2273 3716 2326 Πα-

2142 2368 2270 2437 τρὸς
2310 2368 2404 2421 καὶ
2440 2366 2647 2438 Κυρίου
2696 2365 2870 2438 Ἰησοῦ
2914 2364 3171 2436 Χριστοῦ.
3218 2384 3238 2417 ι
3281 2364 3451 2419 Πάλιν
3484 2366 3513 2419 6
3553 2365 3717 2430 αὐτὸς

2142 2459 2347 2529 ἐτέροις
2377 2456 2739 2512 ἐπιστέλλων·
2783 2474 2801 2508 ι
2842 2456 3013 2521 Αὐτὸς
3048 2456 3104 2510 δὲ
3148 2458 3177 2510 6
3212 2455 3401 2528 Πατὴρ
3448 2458 3544 2511 καὶ
3580 2456 3716 2522 Θεὸς

2136 2552 2314 2626 ἡμῶν,
2346 2552 2439 2606 καὶ
2464 2555 2492 2607 6
2521 2551 2725 2622 Κύριος
2748 2550 2905 2622 η’μῶν
2947 2549 3154 2621 Ἰησοῦς
3182 2550 3415 2621 Χριστὸς
3448 2548 3715 2605 κατευθύ-

2140 2664 2227 2713 ναι,
2257 2646 2355 2716 τὴν
2387 2641 2504 2698 ὁδὸν
2530 2645 2685 2716 ἡμῶν
2722 2644 2857 2715 πρὸς
2884 2644 3045 2714 ὑμᾶς.
3094 2662 3117 2695 ι
3172 2643 3310 2697 Ἀλλ’
3341 2645 3390 2697 εί
3426 2644 3500 2714 μή
3532 2660 3614 2707 τις
3644 2638 3715 2715 ἦν

2142 2739 2328 2809 ἑνότης
2358 2738 2533 2808 Πατρὶ
2563 2736 2699 2806 πρὸς
2724 2734 2872 2802 Υἱὸν,
2900 2730 3050 2789 εἶπεν
3079 2734 3173 2800 ἂν,
3191 2733 3585 2807 Κατευθύνοιεν
3614 2732 3714 2804 τὴν

2140 2830 2259 2895 ὁδὸν
2283 2831 2315 2899 ἡ
2324 2828 2456 2900 μῶν,
2479 2828 2567 2882 ἴνα
2584 2827 2708 2891 τοὺς
2728 2826 2821 2881 δύο
2844 2827 3081 2899 σημάνῃ.
3105 2827 3240 2882 Νυνὶ
3268 2826 3325 2881 δέ
3345 2825 3504 2880 τοῦτο
3530 2826 3629 2896 μέν
3649 2826 3735 2879 οὐ-

2142 2923 2319 2975 ποιεῖ·
2351 2920 2450 2992 τὴν
2482 2920 2538 2974 δέ
2567 2919 2793 2989 ἑνότητα
2820 2919 2913 2973 τοῦ
2948 2918 3157 2990 Πατρὸς
3201 2920 3293 2973 καὶ
3321 2918 3415 2973 τοῦ
3450 2916 3581 2971 Υίοῦ
3613 2934 3713 2988 τηο

2147 3013 2319 3084 ρήσας
2348 3010 2561 3082 σαφῶς,
2592 3012 2653 3065 τὸ
2680 3011 3037 3068 κατευθύναι
3073 3010 3315 3064 τέθεικεν
3355 3010 3547 3073 ἑνικῶς
3566 3026 3580 3041 ·
3613 3010 3713 3080 οὐχ

471 3093 549 3156 ὡς
598 3095 703 3165 ίδίᾳ
751 3096 850 3166 μὲν
892 3095 986 3148 τοῦ
1026 3095 1260 3165 Πατρὸς,
1299 3098 1407 3170 ίδίᾳ
1448 3098 1506 3152 δέ
1553 3099 1913 3170 χορηγοῦντος
1940 3102 2034 3155 τοῦ
2075 3102 2227 3169 Υίοῦ,
2298 3103 2413 3158 ἀλλ’
2442 3102 2518 3168 ὡς
2581 3102 2791 3175 Πατρὸς
2823 3102 2890 3156 δι’
2923 3101 3051 3156 Υίοῦ
3079 3102 3137 3154 ἐν
3164 3102 3305 3173 άγίῳ
3341 3100 3625 3171 Πνεῦματι
3647 3102 3717 3153 ἐκ

470 3184 570 3259 τῆς
609 3188 739 3261 μιᾶς
767 3187 1017 3259 θεότητος
1046 3189 1412 3259 πεμπομένων
1440 3191 1549 3244 τῶν
1576 3194 1931 3264 χαρισμάτων
1960 3197 2038 3259 είς
2075 3198 2199 3262 τοὺς
2237 3196 2444 3267 ἁγίους.

1128 3302 1358 3358 ALIUD.

2825 3311 3027 3364 ΔΛΛΟ.

549 3418 605 3473 Si
646 3427 925 3488 separatus
972 3422 1115 3471 esset
1169 3413 1465 3470 secundum
1538 3423 1783 3472 naturam
1838 3419 1908 3472 ab
1961 3432 2038 3473 es-

2213 3420 2276 3472 Εί
2297 3419 2596 3491 κεχώριστο
2624 3419 2765 3474 κατὰ
2796 3420 2957 3490 φύσιν
2982 3419 3078 3489 τῆς
3111 3417 3204 3472 τοῦ
3230 3417 3441 3489 Πατρὸς
3470 3418 3659 3487 οὐσίας
3680 3423 3713 3477 6

475 3510 648 3575 sentis
676 3508 853 3563 Patris
898 3505 1087 3572 Filius,
1109 3513 1163 3560 et
1195 3505 1297 3561 nisi
1354 3506 1496 3560 inter
1537 3519 1633 3561 eos
1663 3507 2039 3577 inseparabilis

474 3601 715 3671 quaedam
746 3599 926 3654 unitas
955 3596 1329 3660 intercederet.
1355 3596 1531 3668 qualis
1553 3607 1636 3653 est
1674 3600 1819 3654 inter
1853 3599 2037 3669 splen-

474 3690 657 3748 dOrem
678 3700 731 3746 et
748 3690 936 3755 solem,
970 3687 1232 3743 subiceret
1263 3686 1434 3744 solum
1462 3686 1677 3743 Patrem
1702 3689 1905 3745 sanctis
1943 3691 2038 3745 do-

476 3798 542 3839 na
565 3782 830 3844 conferre,
868 3794 971 3834 non
994 3780 1229 3835 admisso
1257 3779 1416 3834 simul
1433 3780 1501 3835 ad
1528 3781 1630 3836 boc
1651 3780 1809 3836 Filio.
1833 3781 1966 3836 Nam
1991 3782 2036 3839 si

473 3883 667 3929 creata:
692 3879 894 3925 naturae
914 3878 1018 3935 est,
1037 3879 1091 3924 et
1118 3869 1389 3925 diversum
1406 3870 1532 3940 quid
1574 3885 1603 3924 a
1635 3869 1764 3937 Deo,
1781 3887 1941 3940 quam
1967 3874 2036 3928 ob

472 3978 689 4019 causam
721 3977 842 4017 cum
876 3960 1016 4015 nulla
1044 3974 1108 4014 ex
1143 3961 1390 4015 omnibus
1414 3962 1677 4017 creaturis
1729 3961 1838 4018 Deo
1884 3977 2035 4018 com-

474 4053 714 4109 municet
736 4053 800 4106 ad
831 4052 1131 4105 divinorum
1158 4050 1420 4107 donorum
1472 4052 1831 4122 largitionem,
1890 4054 2037 4110 solus

473 4144 589 4213 ipse
612 4142 961 4197 admittatur?
983 4139 1152 4195 Nemo
1175 4141 1316 4197 enim
1370 4140 1507 4197 ferat
1571 4143 1802 4214 aliquem
1850 4144 2035 4199 dicen-

474 4245 621 4289 tem:
655 4232 753 4287 Dct
788 4232 879 4287 tibi
912 4231 1195 4301 petitiones
1224 4232 1404 4286 cordis
1433 4233 1506 4287 tui
1580 4232 1720 4289 Deus
1774 4233 1933 4288 Pater
1978 4243 2033 4289 et

471 4324 718 4394 angelds;
761 4323 855 4379 sed
885 4337 1059 4393 neque
1087 4321 1132 4377 si
1156 4324 1297 4392 :quid
1322 4324 1494 4394 majus
1550 4324 1740 4393 angelo
1764 4325 2027 4380 nominet.

473 4416 585 4472 Soli
613 4415 757 4471 cnim
804 4410 914 4467 Deo
947 4414 1198 4469 convenit
1224 4414 1348 4480 hoc,
1380 4415 1530 4469 dare.
1564 4414 1620 4469 Si
1646 4430 1775 4470 vero
1807 4416 1897 4469 dat
1926 4433 2029 4472 non

473 4522 594 4561 cum
629 4504 730 4559 ulla
753 4520 814 4559 ex
849 4503 1135 4571 creaturis,
1171 4504 1265 4558 sed
1323 4518 1443 4558 cum
1485 4504 1599 4560 solo
1654 4504 1792 4559 Filio
1836 4515 1889 4560 ct
1938 4520 2032 4573 per

471 4596 663 4652 Filium
709 4596 760 4650 in
810 4595 1012 4665 Spiritu
1047 4605 1257 4664 sancto,
1316 4595 1660 4651 manifestum
1719 4598 1853 4652 satis
1905 4598 2029 4653 bino

470 4687 637 4743 fuerit
669 4688 816 4742 illum
852 4686 1171 4743 naturaliter
1208 4702 1271 4744 ex
1308 4689 1541 4743 essentia
1573 4686 1755 4745 Patris
1784 4690 2025 4759 genitum

469 4792 610 4843 esse,
630 4777 952 4845 Patremque
1004 4779 1056 4831 in
1085 4793 1144 4833 se
1196 4779 1395 4835 habere
1420 4796 1433 4832 :
1462 4780 1743 4849 ipsumque
1784 4782 2023 4837 vicissim

2141 3509 2288 3575 Υἱὸς,
2322 3511 2417 3565 καὶ
2453 3512 2502 3564 εί
2549 3511 2623 3582 μή
2650 3527 2732 3574 τις
2758 3510 2943 3579 ἑνότης
2980 3505 3299 3571 άδιάστατος
3326 3504 3395 3579 ἦν
3433 3510 3491 3563 ἐν
3524 3511 3711 3576 αὐτοῖς

2136 3600 2327 3653 ὁποίαν
2371 3600 2481 3670 ἔχει
2512 3599 2574 3653 τὸ
2618 3599 2962 3670 ἀπαύγασμα
2989 3598 3126 3669 πρὸς
3158 3599 3249 3653 τὸν
3277 3600 3449 3670 ἥλιον,
3487 3600 3710 3672 ἐξήρκει

2136 3690 2228 3743 κα).
2257 3689 2416 3760 μόνον
2449 3689 2540 3743 τὸν
2576 3689 2797 3760 Πατέρα
2820 3693 2933 3754 τοῖς
2956 3690 3149 3757 ράγίοις
3176 3690 3468 3746 ἐπιδιδόναι
3514 3694 3579 3746 τὰ
3606 3711 3707 3765 χα-

2138 3779 2400 3851 ρίσματα,
2436 3780 2525 3850 μὴ·
2548 3779 3219 3851 συμπαραλαμϐανομένου
3253 3782 3389 3852 πρὸς
3430 3782 3589 3837 τοῦτο
3614 3785 3710 3838 καὶ

2136 3869 2230 3923 τοῦ
2261 3870 2413 3925 Υξοῦ.
2441 3872 2504 3923 El
2532 3869 2638 3939 γὰρ
2668 3870 2893 3941 κτιστῆς
2919 3872 3067 3925 ἐστιν
3093 3871 3301 3939 οὐσίας,
3326 3873 3419 3926 καὶ
3446 3873 3631 3944 ἔτερόν
3652 3890 3707 3929 τι

2137 3960 2287 4029 παρὰ
2312 3958 2403 4012 τὸν
2433 3958 2585 4022 Θεὸν,
2612 3961 2762 4012 ποῖον
2793 3958 2905 4029 ἔχει
2930 3959 3087 4029 λόγον
3123 3961 3337 4026 οὐδενὸς
3377 3962 3487 4016 τῶν
3530 3963 3706 4018 ἄλλων

2136 4049 2451 4119 κτισμάτων
2483 4048 2959 4113 ἐπικοινωνοῦντος
2984 4050 3103 4119 Θεῷ
3131 4051 3267 4122 πρὸς
3303 4050 3399 4123 τὴν
3426 4052 3570 4107 δόσιν
3596 4054 3707 4107 τῶν

2134 4136 2295 4191 θείων
2335 4137 2712 4209 χαρισμάτων,
2749 4137 2905 4208 μόνον
2945 4139 3107 4191 αὐτὸν
3141 4138 3700 4210 παραλαμϐάνεσθαις

2134 4227 2208 4281 Οὐ
2253 4227 2359 4299 γὰρ
2407 4228 2658 4294 ἀνέξεταί
2707 4245 2791 4291 τις
2828 4228 3075 4297 λέγοντός
3118 4246 3296 4293 τινος·
3343 4231 3468 4301 Δοίη
3523 4247 3603 4284 σοι
3634 4234 3703 4286 τά

2134 4320 2411 4391 αἰτήματά
2445 4337 2537 4373 σου
2568 4319 2700 4384 Θεὸς
2740 4320 2899 4390 τυχὸν
2930 4320 2958 4373 6
2990 4320 3178 4393 Πατὴρ
3228 4323 3323 4375 καὶ
3361 4326 3391 4376 ό
3434 4324 3664 4392 ἄγγελος
3684 4339 3699 4353 ·

2134 4411 2247 4465 ἀλλ’
2274 4410 2393 4465 οὐδέ
2422 4411 2475 4464 εί
2493 4428 2544 4464 τι
2570 4410 2755 4482 μεῖζον
2781 4410 3097 4481 ὀνομάσειεν
3127 4412 3380 4481 ἀγγέλου.
3408 4414 3572 4485 Μόνῳ
3593 4414 3702 4487 γάρ

2132 4502 2190 4555 τὸ
2220 4502 2415 4556 διδόναι
2448 4503 2643 4573 πρέπει
2675 4503 2813 4574 Θεῷ.
2862 4505 2924 4557 Εἰ
2950 4504 3005 4557 δέ
3033 4504 3267 4569 δίδωσιν,
3297 4505 3359 4558 οὐ
3392 4507 3533 4575 μετά
3558 4522 3702 4571 τινος

2131 4593 2315 4664 ἐτέρου
2341 4593 2448 4646 τῶν
2478 4595 2814 4664 κτισμάτων,
2847 4595 2981 4648 ἀλλὰ
3024 4595 3169 4666 μόνῳ
3200 4596 3299 4649 σὺν
3342 4596 3454 4667 Υίῷ
3496 4598 3589 4651 καὶ
3630 4598 3699 4652 δι⁹

2131 4686 2261 4739 Υίοῦ
2290 4688 2346 4739 ἐν
2378 4686 2515 4757 ἁγίῳ
2545 4685 2845 4757 Πνεῦματι,
2887 4686 3042 4757 δῆλον
3072 4685 3322 4741 ἐντεῦθεν
3369 4687 3435 4741 ἂν
3472 4687 3558 4757 είη
3605 4689 3697 4743 καὶ

2134 4776 2293 4829 παντί
2329 4793 2404 4847 τῳ
2430 4775 2725 4846 γνώριμον,
2755 4777 2947 4848 ὅτιπερ
2986 4776 3087 4845 τῆς
3131 4778 3320 4840 οὐσίας
3360 4777 3455 4831 τοῦ
3487 4779 3697 4848 Πατρὸς

466 4867 812 4923 exsistentem
845 4856 898 4920 in
922 4866 1079 4920 Patre
1100 4867 1279 4920 omnia
1302 4866 1511 4922 eﬂicere
1538 4877 1696 4937 atque
1727 4870 2026 4939 operari,et

2141 4868 2257 4922 ἴδιόν
2299 4870 2414 4921 ἐστι
2456 4868 2723 4940 γέννημα,
2756 4868 2849 4921 καὶ
2877 4868 2966 4923 τὸν
2994 4869 3214 4939 Πατέρα
3243 4868 3380 4939 ἔχων
3410 4870 3468 4923 ἐν
3498 4868 3693 4941 ἐαυτῷ,

467 4961 606 5017 dona
636 4959 837 5014 sanctis
866 4956 1134 5015 conferre.
1159 4957 1309 5024 Quod
1336 4966 1390 5013 et
1433 4958 1631 5013 Paulus
1664 4968 1891 5015 testatur
1949 4962 2028 5016 di-

470 5066 598 5107 cens
628 5064 642 5103 :
682 5068 701 5101 ι
724 5048 937 5104 Gratias
962 5065 1057 5120 ago
1083 5049 1189 5104 Deo
1216 5064 1333 5106 meo
1374 5065 1583 5120 semper
1613 5051 1678 5107 de
1705 5054 1854 5109 vobis
1885 5069 2011 5124 pro-

469 5149 587 5206 pter
609 5136 831 5206 gratiam
862 5136 953 5193 Dei
1004 5152 1121 5208 quae
1166 5138 1287 5193 data
1354 5137 1507 5199 vobis
1562 5140 1615 5195 in
1665 5141 1884 5199 Christo
1935 5140 2026 5198 Je-

1144 5428 1372 5485 ALIUD.

839 5537 923 5592 Ex
958 5539 1241 5605 objections
1272 5542 1654 5600 hereticorum.

539 5651 778 5721 Dixisﬁs,
802 5654 971 5717 aiunt,
1000 5654 1195 5709 nullam
1233 5668 1599 5711 creaturarum
1630 5656 1738 5714 Deo
1769 5673 2010 5713 commu-
2091 5646 2095 5652 ’

536 5822 579 5855 ³³
614 5829 765 5884 Joan.
800 5845 906 5895 Σίν,
938 5832 1027 5889 ‘25.
1106 5835 1149 5865 "’
1185 5834 1315 5889 Rom
1367 5852 1407 5899 ι,
1435 5836 1482 5889 7.

1561 5835 1605 5867 "
1638 5835 1652 5888 I
1689 5833 1847 5891 Tlics.
1893 5845 1972 5898 nt,
2018 5835 2100 5888 II.

2128 4957 2291 5021 αὐτός
2319 4974 2379 5010 τε
2402 4958 2601 5028 ὁμοίως
2626 4957 2886 5028 ὑπάρχων
2912 4959 2969 5011 ἐν
2992 4958 3069 5029 τῷ
3110 4959 3304 5029 Πατρὶ,
3336 4958 3512 5012 πάντα
3546 4961 3696 5029 ἐνερ-

2127 5054 2215 5121 γεῖ
2241 5051 2335 5105 καὶ
2373 5050 2664 5123 ἐργάζεται
2705 5050 2799 5103 καὶ
2840 5052 3066 5121 χορηγεῖ
3091 5052 3202 5113 τοῖς
3238 5050 3410 5118 άγίοις
3453 5048 3552 5112 τὰς
3588 5050 3693 5103 δω-

2132 5144 2277 5213 ρεάς.
2324 5142 2435 5196 Καὶ
2486 5142 2693 5212 μάρτυς
2736 5141 2764 5193 ό
2806 5140 3016 5204 Παῦλος
3050 5140 3258 5209 λέγων’
3303 5160 3323 5193 ι
3369 5142 3693 5211 Εὐχαριστῶ

2127 5231 2204 5301 τῷ
2232 5229 2349 5301 Θεῷ
2399 5248 2500 5300 μου
2546 5230 2772 5283 πάντοτε
2819 5230 2946 5301 περὶ
2977 5230 3130 5301 ὑμῶν
3172 5231 3264 5284 ἐπὶ
3288 5233 3354 5302 τῇ
3385 5232 3568 5301 χάριτι
3596 5230 3691 5285 τοῦ

2127 5318 2261 5372 Θεοῦ
2294 5321 2359 5388 τῇ
2384 5318 2597 5391 δοθείσῃ
2626 5319 2752 5389 ὑμῖν
2787 5320 2843 5371 ἐν
2872 5317 3092 5389 Χριστῷ
3136 5318 3333 5387 Ἰησοῦ.
3383 5337 3401 5370 ι

2796 5428 3000 5482 ΔΛΛΟ.

2360 5541 2454 5607 Ὠς
2480 5541 2547 5605 ἐξ
2578 5541 2930 5607 ἀντιθέσεως
2968 5539 3085 5594 τῶν
3124 5538 3449 5608 αἱρετικῶν.

2194 5653 2485 5724 Εἰρήκατε,
2512 5654 2661 5722 φασὶ,
2695 5654 2858 5725 μηδὲν
2888 5656 2995 5711 τῶν
3040 5652 3350 5725 κτισμάτων
3393 5667 3683 5724 συμπαρα-

2178 5834 2219 5865 ⁸³
2258 5832 2274 5885 1
2304 5834 2428 5889 Cor.
2470 5850 2507 5903 I,
2537 5834 2586 5889 4.
