3994 6324
294 355 393 412 193

1718 336 2160 394 TIIESAURUS.

3493 336 3597 393 £96

296 468 675 541 λαμϐάνεσθαι
703 466 783 539 τῷ
821 464 942 538 Θεῷ
976 466 1033 519 εν
1066 464 1183 527 ταῖς
1216 461 1327 515 τῶν
1372 458 1733 532 χαρισμάτων
1775 458 1884 510 ἐπι⁴

2003 456 2208 520 nicare,
2240 452 2293 507 lu
2330 452 2599 509 donorum
2627 451 3125 524 largitionibuth
3172 450 3317 539 quid
3342 456 3596 511 statuetis

296 559 497 614 δόσεσι.
529 560 597 613 Τί
636 554 733 613 οὖν
759 559 866 627 άρα
893 558 1147 627 ποιήσετε
1186 554 1279 609 τὸν
1310 552 1655 624 πατριάρχην
1695 548 1889 604 Ἰακὼϐ

297 653 651 723 εὑρίσκοντες
682 654 739 704 ιν
765 651 883 714 ταῖς
929 648 1102 711 θείαις
1134 646 1383 718 Γραφαῖς
1427 644 1554 707 τοὺς
1587 643 1649 708 ἐξ
1689 642 1890 713 Ἰωσὴφ

296 742 625 811 εὐλογοῦντα
667 742 759 796 τόν
801 758 861 794 τε
920 738 1161 810 Ἐφρατμ
1206 735 1452 808 δηλονότι
1501 734 1595 788 καὶ
1636 733 1728 787 τὸν
1770 733 1892 786 Μα-

294 834 491 904 νασσῆ,
534 834 628 888 καὶ
662 833 925 903 λέγοντα·
977 849 995 883 ι
1055 829 1113 883 '0
1164 829 1297 893 Θεὸς
1349 826 1378 878 6
1428 826 1650 899 τρέφων
1704 842 1772 896 με
1825 825 1890 877 ὲκ

290 925 548 997 νεότητός
590 943 694 996 μου
731 925 837 989 ἕως
870 924 967 994 τῆς
1009 922 1223 993 ἡμέρας
1270 918 1497 989 ταύτης,
1542 919 1637 972 καὶ
1664 919 1693 971 6
1724 917 1891 985 ἄγγε-

291 1014 382 1079 λος
408 1019 439 1071 6
482 1016 749 1089 ῥυόμενός
789 1032 855 1086 με
906 1016 970 1068 ὲκ
1003 1015 1221 1068 πάντων
1252 1011 1357 1066 τῶν
1397 1009 1587 1065 κακῶν
1634 1026 1759 1080 μου,
1800 1008 1891 1061 εὐ-

290 1107 524 1179 λογήσαι
562 1109 634 1161 τά
671 1107 859 1162 παιδία
889 1106 1101 1171 ταῦτα;
1134 1124 1153 1157 ι
1208 1105 1361 1169 Ἰδοὺ,
1398 1104 1585 1175 φησιν,
1614 1101 1889 1172 ὀνομάσας

289 1201 449 1267 Θεὸν,
485 1201 843 1274 προστέθεικε
873 1199 970 1255 καὶ
1002 1198 1093 1253 τὸν
1124 1197 1375 1267 ἄγγελον,
1406 1196 1483 1260 ὼς
1512 1195 1757 1263 εὐλογεῖν
1791 1193 1889 1248 σὺν

294 1291 446 1363 αὐτῷ
484 1293 803 1352 δυνάμενον.

773 1410 929 1481 Πρὸς
975 1410 1163 1465 ταῦτα
1192 1410 1395 1476 λύσις.

359 1529 424 1583 Et
454 1524 795 1597 προφητικὸν
834 1524 1164 1598 ἐνυπάρχειν
1195 1526 1415 1598 πνεῦμα
1446 1524 1526 1597 τῷ
1550 1524 1619 1579 τὰ
1657 1524 1887 1580 τοιαῦτα

286 1618 501 1688 λέγοντι
532 1614 947 1687 ἑνομολογοῦσιν
975 1618 1023 1670 oi
1054 1618 1440 1690 χριστομάχοι,
1472 1618 1567 1672 καὶ
1593 1618 1884 1673 πιστεύου-

292 1727 375 1763 σιν
400 1710 582 1771 δντως
609 1707 764 1775 ἅγιον
807 1707 977 1779 ἄνδρα
1015 1708 1349 1779 γεγενῆσθαι
1379 1710 1471 1763 τὸν
1513 1709 1729 1775 Ἰακὼϐ,
1759 1710 1884 1764 ὅτου

1994 546 2062 602 de
2087 543 2621 617 patriarcliaJacob,
2647 560 2769 599 cum
2808 546 2862 601 in
2902 546 3079 601 sacris
3115 534 3418 615 Scripturis
3448 545 3599 601 inve-

1994 638 2156 693 nietis
2177 653 2300 693 eum
2323 637 2555 708 posteris
2578 636 2778 707 Joseph
2808 639 3303 705 benedicentem,et
3332 637 3596 708 Ephraim

1992 740 2046 785 et
2081 730 2335 795 Manassi,
2367 740 2420 785 et
2443 730 2714 786 dicentem
2752 747 2764 783 :
2796 749 2815 784 ι
2847 730 2997 787 Deus
3057 732 3149 801 qui
3213 746 3301 785 me
3352 731 3527 785 nutrit
3564 744 3594 783 a

1987 821 2275 892 juventute
2316 835 2435 876 mea
2458 837 2631 893 usque
2661 822 2730 877 ad
2764 823 2909 878 hunc
2927 822 3094 885 diem,
3120 831 3173 877 et
3216 821 3444 893 angelus
3502 820 3595 891 qui

1992 911 2189 967 liberat
2223 925 2309 966 me
2337 926 2405 967 ex
2424 913 2681 969 omnibus
2712 914 2870 971 malis
2888 914 3047 979 meis,
3091 911 3382 970 benedicat
3410 912 3598 981 pueris

1992 1002 2114 1059 istis
2144 1004 2212 1059 ’³.
2250 1022 2270 1057 ι
2303 1003 2467 1069 Ecce,
2512 1005 2789 1076 inquiunt,
2856 1004 2980 1062 cum
3032 1006 3369 1061 nominasset
3436 1003 3599 1076 116

1995 1093 2184 1163 Deum,
2208 1094 2406 1165 adjecit
2434 1096 2597 1153 etiam
2630 1098 2903 1168 angelum,
2944 1105 3131 1168 utpote
3193 1094 3287 1168 qui
3328 1110 3432 1151 una
3469 1109 3595 1150 cum

1992 1184 2113 1257 ipso
2150 1187 2476 1245 benedicere
2517 1201 2721 1260 posset.

2501 1400 2713 1457 Salutio
2743 1400 3082 1472 objectiom’s.

2062 1518 2121 1573 Si
2154 1518 2338 1573 hostes
2361 1515 2567 1573 Christi
2594 1515 2837 1572 fatentur
2873 1515 3196 1587 prophetico
3221 1515 3421 1585 spiritu
3443 1513 3596 1570 allia-

1990 1618 2105 1666 tum
2133 1608 2305 1666 fuisse
2322 1607 2517 1675 Jacob,
2548 1624 2671 1665 cum
2704 1608 2971 1679 ejusmodi
3004 1608 3235 1675 diceret,
3269 1621 3447 1679 neque
3497 1607 3596 1663 dil-

1990 1702 2217 1759 ﬁtentur
2248 1701 2398 1757 illum
2428 1716 2621 1757 revera
2656 1711 2912 1757 sanctum
2951 1700 3131 1755 virum
3164 1700 3359 1767 fuisse,
3392 1716 3593 1771 quam-

287 1796 349 1867 δὴ
394 1796 559 1867 χάριν
597 1794 870 1866 τοσαύτην
911 1795 1061 1868 αὐτῷ
1102 1800 1473 1870 περιτιθέντες
1511 1799 1741 1873 πλάνην,
1781 1801 1884 1854 οὐκ

1995 1793 2175 1850 obrem
2194 1807 2289 1850 eos
2329 1801 2540 1849 tantum
2569 1807 2816 1848 errorem
2840 1794 2890 1849 ei
2919 1792 3199 1849 ascribere
3230 1806 3342 1847 non
3395 1793 3590 1863 pudet,

288 1884 639 1956 αἰσχύνονται
672 1888 751 1951 ὡς
780 1886 1014 1957 ἄγγελον
1051 1891 1343 1944 συνάπτειν
1374 1890 1452 1961 τῷ
1482 1892 1700 1950 πάκτων
1742 1890 1885 1963 Θεῷ,

290 1976 384 2027 καὶ⁵
412 1975 681 2033 δύνασθαι
714 1980 1063 2051 συνευλογετν
1086 1980 1163 2052 τῷ
1191 1982 1514 2053 πεποιηκότι
1544 1986 1606 2036 τὸ
1628 1982 1695 2037 δι’
1718 1981 1887 2038 αὐτοῦ

289 2069 588 2141 γενόμενον
618 2070 901 2143 νομίζειν;
950 2072 1014 2127 El
1060 2072 1117 2126 δὲ
1154 2073 1314 2127 τοῦτο
1349 2074 1572 2140 άτοπον,
1607 2075 1885 2130 ἀκουέτω-

291 2176 390 2214 σαν
427 2162 525 2217 καὶ
557 2163 692 2233 παρ’
734 2163 911 2235 ἡμῶν.
958 2166 1022 2219 Εί
1073 2164 1174 2235 μὲν
1203 2165 1358 2235 άγιον
1393 2165 1564 2231 ὅντως
1599 2167 1888 2222 πιστεύετε

287 2251 621 2323 γεγενῆσθαι
678 2254 772 2309 τὸν
835 2254 1066 2322 Ἰακὼϐ,
1135 2256 1417 2311 παύσασθε
1474 2258 1889 2331 δυσφημοῢντες

284 2342 450 2396 αὐτόν
473 2361 488 2376 ο
523 2341 736 2414 ζητεῖτε
764 2344 821 2398 δὲ
858 2344 1059 2417 μᾶλλον
1086 2346 1195 2400 τῶν
1221 2347 1530 2417 εἰρημένων
1560 2347 1691 2420 παρ’
1719 2347 1885 2402 αὐτοῦ

284 2432 591 2506 τὴνάληθῆ
621 2436 880 2491 διάνοιαν.
914 2439 977 2492 Εί
1000 2437 1059 2492 δὲ
1086 2438 1188 2512 οὐκ
1215 2434 1284 2511 ἧν
1306 2437 1484 2508 ἅγιος,
1507 2439 1646 2512 πρὸς
1678 2440 1734 2494 δὲ
1772 2444 1889 2507 τοῖς

285 2526 470 2608 ἄλλοις
517 2526 695 2585 ἅπασι
746 2528 841 2583 καὶ
896 2529 1056 2584 τοῦτο
1105 2531 1288 2601 λέγειν
1326 2532 1585 2604 τολμᾶτε,
1645 2535 1699 2588 τί
1752 2534 1889 2608 πρὸς

287 2606 631 2691 ἀνατροπὴν,
647 2619 724 2685 ὼς
743 2621 947 2690 οἴεσθε,
962 2622 1075 2680 τῶν
1096 2623 1373 2679 τοσούτων
1404 2624 1501 2679 καὶ
1524 2606 1885 2697 τηλικούτων,

286 2710 484 2784 ἀνδρὸς
521 2714 622 2784 οὐχ
663 2713 819 2783 άγίου
855 2714 1051 2786 φέρετε
1098 2718 1317 2790 φωνήν;
1363 2718 1738 2790 Παρελθόντες
1778 2737 1886 2773 τοι-

284 2802 497 2873 γαροῦν
548 2804 650 2869 τὰς
702 2806 858 2877 ὑμῶν
894 2806 1161 2879 ἀμαθίας,
1197 2809 1615 2881 ἑρμηνεύσομεν
1658 2811 1779 2865 καθ’
1827 2812 1887 2867 ὃν

283 2894 368 2947 δεῖ
412 2894 619 2967 τρόπον
667 2896 763 2950 τοῦ
814 2898 1161 2972 πατριάρχου
1212 2901 1340 2965 τοὺς
1387 2901 1603 2972 λόγους.
1658 2903 1746 2968 Ὠς
1778 2904 1888 2976 γὰρ

285 2984 427 3058 ἀνὴρ
462 2986 619 3055 ἅγιος
645 2988 741 3042 καὶ
772 2988 1050 3061 Πνεύματι
1074 2990 1205 3061 θείῳ
1241 2992 1377 3063 πρὸς
1409 2993 1510 3064 τὴν
1543 2994 1749 3064 γνῶσιν
1778 2993 1888 3049 τῶν

284 3077 383 3148 τῆς
416 3077 704 3143 εὐσεϐείας
752 3080 1040 3152 δογμάτων
1085 3084 1628 3156 παιδαγωγούμενος,
1670 3086 1886 3160 πρῶτον

1994 1894 2230 1957 quantus
2262 1894 2379 1953 est,
2399 1884 2651 1957 angelum
2688 1885 2801 1941 Deo
2837 1884 3005 1942 totius
3056 1885 3300 1941 universi
3360 1884 3592 1955 conjun-

1993 1995 2121 2050 gere
2148 1987 2203 2035 et
2224 1989 2419 2050 putare
2449 1988 2763 2035 creaturam
2801 1978 2965 2035 simul
2988 1993 3109 2045 cum
3139 1992 3204 2033 eo
3225 1992 3255 2033 a
3282 1993 3391 2049 quo
3408 1986 3594 2034 creata

1991 2080 2075 2126 est
2104 2071 2429 2128 benedicere
2457 2071 2660 2147 posse}
2698 2069 2757 2126 Si
2792 2085 2923 2126 vero
2970 2070 3077 2128 hoc
3136 2071 3435 2127 absurdum
3489 2078 3593 2139 est,

1993 2162 2218 2218 audiant
2264 2177 2294 2218 a
2340 2161 2521 2220 nobis.
2561 2160 2620 2217 Si
2652 2170 2899 2218 sanctum
2929 2162 3155 2218 omnino
3189 2160 3358 2218 luisse
3414 2163 3593 2218 virum

1991 2252 2161 2310 Jacob
2186 2268 2505 2325 persuasum
2530 2254 2767 2319 habetis,
2801 2253 3037 2309 desinite
3084 2252 3356 2322 ejusmodi
3400 2262 3596 2310 contu-

1990 2343 2154 2400 melia
2183 2338 2307 2399 eum
2329 2357 2564 2400 onerare
2596 2361 2611 2400 :
2648 2351 2705 2398 at
2738 2342 2920 2413 potius
2964 2357 3153 2399 eorum
3186 2358 3310 2415 quae
3331 2344 3470 2400 dixit
3494 2358 3594 2400 ve-

1992 2449 2109 2490 ram
2148 2435 2477 2492 sententiam
2506 2433 2855 2505 investigate.
2884 2432 2944 2491 Si
2968 2442 3152 2491 autem
3202 2447 3425 2493 sanctus
3483 2452 3591 2494 nou

1991 2526 2117 2592 fuit,
2161 2537 2217 2584 et
2238 2535 2439 2598 praeter
2462 2528 2568 2583 alia
2603 2528 2710 2584 hoc
2732 2528 2900 2583 etiam
2945 2522 3130 2585 dicere
3189 2530 3426 2595 audetis,
3490 2546 3595 2589 cur

1993 2620 2062 2675 ad
2093 2619 2494 2675 subvertendas
2526 2634 2614 2676 res
2639 2619 2775 2675 tanti
2801 2620 3071 2677 momenti
3124 2624 3461 2681 auctoritate
3487 2624 3591 2680 viri

1992 2726 2099 2766 non
2121 2711 2293 2766 sancti
2326 2710 2582 2766 utimini?
2630 2710 2903 2768 Caeterum
2960 2729 3062 2771 nos
3120 2716 3344 2771 omissis
3391 2717 3595 2774 vestris
3684 2740 3690 2745 ’

1992 2802 2385 2869 deliramentis,
2419 2803 2747 2874 patriarchae
2776 2804 2941 2860 verba
2970 2808 3245 2877 quomodo
3279 2808 3592 2881 intelligen-

1992 2893 2059 2948 da
2080 2893 2214 2959 sint,
2242 2894 2663 2966 explicabimus.
2696 2895 2835 2952 Nam
2872 2907 2934 2953 ut
2966 2900 3051 2954 vir
3072 2908 3295 2956 sanctus
3322 2911 3378 2956 et
3406 2917 3437 2955 a
3469 2900 3595 2971 Spi-

1994 2986 2100 3041 ritu
2125 2986 2312 3043 divino
2345 2988 2412 3043 ad
2443 2988 2690 3044 notitiam
2728 2990 3045 3060 dogmatum
3086 2991 3313 3062 pietatis
3366 2993 3589 3060 ductus,

1990 3081 2227 3150 primum
2252 3080 2473 3149 quidem
2498 3081 2635 3135 dixit
2677 3099 2690 3135 :
2730 3082 2879 3138 Deus
2911 3084 3003 3153 qui
3036 3086 3215 3139 nutrit
3239 3097 3324 3141 me
3347 3086 3588 3156 ajuven‘

288 3169 390 3239 μὲν
452 3169 692 3243 ἔφησεν·
748 3174 808 3229 ‘0
853 3175 984 3239 Θεὸς
1032 3178 1061 3231 6
1103 3176 1325 3247 τρέφων
1399 3196 1466 3248 με
1514 3180 1580 3233 ὲκ
1636 3181 1884 3252 νεότητός

1995 3178 2107 3225 tute
2166 3171 2621 3236 mea,benedicat
2654 3172 2838 3241 pueris
2868 3173 3044 3229 hisce.
3095 3175 3303 3231 Deinde
3348 3179 3469 3233 ait:
3528 3178 3596 3233 Et

284 3278 416 3339 μου,
454 3263 749 3336 εὐλογῆσαι
779 3267 848 3321 τά
886 3265 1077 3321 παιδία
1106 3267 1300 3324 ταῦτα.
1332 3266 1468 3325 Εἶτά
1508 3288 1643 3344 φησι
1672 3290 1684 3303 υ
1718 3274 1829 3328 Καὶ
1857 3276 1884 3329 6

285 3354 520 3424 ἄγγελος
558 3359 586 3410 6
616 3358 882 3430 ρυόμενός
912 3377 982 3431 με
1018 3361 1083 3415 ὲκ
1112 3362 1333 3418 πάντων
1370 3364 1480 3419 τῶν
1522 3366 1711 3421 κακῶν
1742 3384 1845 3440 μου
1866 3383 1882 3400 θ

285 3447 375 3501 ῐνα
400 3449 491 3502 διὰ
518 3450 616 3520 μὲν
630 3451 725 3534 τοῦ
745 3452 951 3521 λέγειν,
980 3454 1039 3508 '0
1056 3454 1210 3522 Θεὸς,
1230 3458 1472 3530 σημαίνῃ
1500 3458 1593 3513 τὸν
1619 3456 1837 3534 Πατέρα
1863 3478 1878 3493 °

289 3538 375 3593 διὰ
406 3539 470 3595 δὲ
493 3539 589 3594 τοῦ
631 3524 839 3611 λέγειν,
899 3543 958 3599 '0
982 3544 1236 3625 ἄγγελος,
1399 3524 1654 3615 ὲέαύτοῢ
1676 3524 1876 3623 Λόγον.

293 3630 445 3703 ᾝδει
485 3631 596 3705 γάρ
647 3633 731 3688 ὅτι
775 3635 1022 3690 καλεῖται
1074 3638 1136 3691 τὸ
1183 3638 1355 3710 ὄνομα
1409 3640 1600 3710 αὐτοῦ,
1639 3646 1885 3718 μεγάλης

291 3723 489 3796 βουλῆς
524 3726 813 3797 Ἄγγελος.
850 3729 972 3782 Ὀτι
1009 3728 1067 3782 δὲ
1092 3729 1186 3783 τὸν
1225 3730 1355 3785 Υίὸν
1385 3732 1575 3787 ἐνθάδε
1607 3738 1764 3807 φησὶ,
1790 3739 1885 3792 καὶ

288 3817 349 3871 οὐ
379 3818 628 3875 τοιοῦτον
656 3820 912 3889 ἄγγελον,
940 3821 1123 3875 ὁποῖον
1157 3823 1191 3894 ἡ
1222 3824 1484 3896 συνήθεια
1509 3826 1694 3881 δίδωσι
1717 3832 1882 3899 νοεῖν,

289 3909 544 3964 ἐντεῦθεν
564 3909 718 3965 ἔσται
739 3912 1075 3983 καταφανές.
1097 3914 1354 3987 Εἰρηκὼς
1374 3915 1506 3988 γὰρ,
1538 3918 1599 3971 '0
1626 3919 1881 3991 ἄγγελος,

287 4001 384 4073 οὐχ
424 4002 610 4072 ἵστησι
652 4002 816 4077 μέχρι
862 4004 1058 4059 τούτου
1098 4004 1190 4060 τὸν
1239 4006 1417 4076 λόγον,
1470 4008 1607 4063 άλλὰ
1647 4013 1884 4083 προστέ-

290 4096 470 4153 θεικεν
493 4116 507 4130 ·
550 4117 570 4152 ι
627 4100 688 4154 '0
738 4104 1003 4174 ρυόμενός
1053 4125 1128 4182 με.
1169 4111 1234 4163 ἐκ
1279 4110 1499 4164 πάντων
1541 4110 1650 4165 τῶν
1695 4114 1885 4170 κακῶν

292 4204 415 4259 μου.
446 4208 468 4244 ι
498 4191 731 4280 ’Ἰδωμεν
760 4197 940 4253 τοίνυν
974 4202 1039 4254 ὲκ
1072 4190 1182 4256 τῶν
1212 4202 1380 4257 αὐτοῦ
1416 4204 1699 4275 ῥημάτιον,
1730 4208 1779 4261 εί
1808 4209 1884 4280 μὴ

288 4283 317 4335 6
348 4281 483 4347 Θιδς
507 4279 579 4356 ἦν
603 4287 633 4340 6
666 4289 932 4361 ῥυόμενος
964 4292 1169 4371 αὐτὸν,
1185 4295 1325 4351 ἀλλά
1369 4314 1454 4362 τις
1496 4298 1607 4353 τῶν
1636 4279 1883 4372 γενητῶν

287 4376 560 4447 ἀγγέλων.

1990 3259 2215 3330 angelus
2243 3260 2336 3331 qui
2371 3259 2571 3316 liberat
2604 3277 2691 3318 me
2724 3261 2794 3317 ab
2813 3263 3069 3321 omnibus
3120 3266 3281 3322 malis
3311 3266 3445 3325 meis
3470 3307 3487 3338 ,
3536 3280 3597 3325 ut

1988 3368 2115 3409 cum
2140 3354 2393 3410 nominat
2410 3354 2603 3421 Deum,
2636 3356 2901 3427 intelligat
2943 3356 3169 3414 Patrem
3202 3376 3216 3413 :
3252 3375 3377 3416 cum
3419 3376 3595 3434 ange-

1988 3445 2140 3516 lum,
2196 3449 2432 3506 Verbum
2455 3465 2523 3507 ex
2571 3448 2737 3507 Patre
2780 3453 3074 3524 signiticet.
3166 3454 3385 3512 Sciebat
3445 3459 3592 3514 enim

1989 3541 2172 3596 vocari
2205 3556 2403 3597 nomen
2429 3543 2567 3612 ejus,
2588 3544 2770 3613 magni
2810 3545 3029 3600 consilii
3061 3546 3297 3618 Angelus
3318 3546 3384 3603 ’⁸.
3437 3548 3594 3617 Quod

1988 3644 2119 3687 vero
2142 3630 2307 3687 Jacob
2339 3632 2629 3695 iblFilium
2658 3632 2971 3705 signiﬁcare
2989 3636 3242 3706 voluerit,
3275 3653 3381 3693 non
3408 3649 3591 3695 autem

1992 3722 2151 3778 talem
2178 3724 2454 3795 angelum,
2480 3727 2700 3794 qualem
2730 3728 3075 3782 consuetudo
3104 3736 3190 3783 est
3240 3742 3441 3786 vocare
3495 3746 3595 3786 au—

1989 3816 2352 3888 gelum,iude
2381 3816 2733 3874 manifestum
2777 3829 2883 3876 est.
2932 3819 3067 3875 Cum
3125 3822 3294 3890 enim,
3343 3824 3591 3895 angelus,

1988 3908 2145 3973 dixit,
2180 3922 2290 3963 non
2324 3907 2472 3963 sistit
2501 3909 2553 3962 in
2581 3923 2647 3964 eo
2672 3923 3008 3977 sermonem,
3040 3911 3135 3964 sed
3198 3910 3390 3966 addit:
3430 3928 3452 3963 ι
3487 3912 3591 3981 Qui

1989 4001 2190 4058 liberat
2221 4016 2311 4081 me
2333 4018 2402 4057 ex
2459 4002 2720 4059 omnibus
2783 4002 2944 4059 malis
2995 4003 3151 4059 meis.
3222 4023 3241 4057 ι
3297 4003 3593 4062 Videamus

1989 4092 2173 4165 itaque
2199 4107 2267 4149 ex
2296 4093 2471 4164 ipsius
2498 4093 2705 4161 verbis,
2739 4108 2808 4149 an
2863 4108 2971 4149 non
3026 4094 3097 4149 sit
3134 4093 3278 4150 Deus
3323 4095 3416 4167 qui
3465 4112 3589 4152 eum

1989 4187 2273 4243 liberate:
2305 4187 2561 4244 omnibus
2584 4186 2743 4244 malis
2788 4188 2929 4254 suis,
2959 4188 3056 4243 sed
3088 4186 3292 4260 aliquis
3319 4202 3389 4243 ex
3419 4204 3591 4260 ange-

1989 4280 2057 4335 lis
2083 4281 2312 4336 creatis.

304 4490 1079 4587 "f§€i€§€¢_£€€€§’i€v.§“.
1104 4499 1252 4587 θετδς
1282 4496 1369 4587 ἥνῖ
1402 4506 1438 4558 δ
1475 4506 1789 4587 ρυτξιέενίες
1815 4505 1884 4561 ἐκ

1995 4507 2402 4587 Demonstralur
2463 4506 2649 4587 υριιηι.
2684 4506 2853 4575 fuisse
2912 4506 3005 4587 qui
3051 4504 3294 4587 liberavit
3352 4508 3591 4577 patriar-

356 4562 606 4618 πάντων
630 4562 751 4621 τῶι·
786 4562 988 4623 κακῶν
1017 4572 1128 4625 τὸν
1153 4562 1535 4647 πατριάρχῆν
1577 4562 1807 4632 Ἰακώδ.

356 4678 592 4747 Λέγεται
642 4679 907 4736 παλαῖσαι
957 4684 1094 4757 πρὸς
1145 4686 1237 4741 τὸν
1276 4688 1626 4762 πατριάρχην
1684 4690 1881 4747 Ἰακὼϐ

289 4770 534 4839 ἄγγελος,
590 4774 685 4827 καὶ
730 4774 890 4831 τοῦτο
941 4779 1121 4833 κεῖται
1172 4780 1324 4852 παρὰ
1372 4783 1438 4853 τῇ
1485 4782 1606 4855 θείᾳ
1661 4784 1876 4857 Γραφῇ.

300 4859 457 4915 Ἀλλὰ
496 4864 711 4935 συσχὼν
757 4868 921 4922 αὐτὸν
962 4871 991 4923 ὀ
1026 4870 1182 4939 άγιος
1214 4871 1487 4941 ἔφασκεν·
1530 4894 1548 4927 ι
1595 4876 1671 4929 Οὐ
1713 4880 1787 4949 μή
1820 4894 1880 4931 σε

288 4952 418 5018 ἀνῶ,
462 4953 559 5007 ἐὰν
597 4955 674 5027 μή
723 4974 790 5027 με
823 4958 1147 5034 εὐλογήσης.
1185 4982 1203 5016 ι
1244 4959 1352 5019 Ἦν
1396 4964 1453 5019 δὲ
1481 4958 1637 5032 οὗτος
1670 4970 1699 5021 6
1722 4970 1875 5034 Θεός.

287 5042 459 5097 Αὐτοῦ
509 5061 569 5097 τε
616 5046 712 5100 τοῦ
754 5050 1095 5124 πατριάρχου
1136 5054 1362 5127 φέρεται
1402 5060 1554 5131 φωνή
1576 5076 1589 5089 ·
1653 5078 1672 5112 ι
1726 5056 1879 5117 Εἶδον

288 5132 416 5188 Θεὸν
452 5135 749 5207 πρόσωπον
798 5140 936 5210 πρὸς
975 5142 1287 5213 πρόσωπον.
1345 5166 1365 5200 ι
1416 5146 1620 5203 Τοῦτον
1671 5149 1761 5203 τὸν
1802 5151 1881 5215 ὠς

289 5224 515 5293 ἄγγελον
559 5227 710 5301 αὐτῷ
785 5230 1018 5301 ὀφθέντα
1087 5239 1390 5309 παρεκάλει
1446 5241 1561 5305 τοῖς
1627 5241 1875 5310 ἐκγόνοις

290 5314 615 5388 ἐπιπέμψαι·
632 5318 730 5391 τὴν
766 5321 1038 5392 εὐλογίαν.

713 5445 917 5512 ΑΛΛΟ,
958 5448 1027 5501 ἐκ
1069 5447 1187 5503 τῶν
1229 5450 1451 5506 αὐτῶν.

360 5554 541 5627 Ὠφθη
586 5557 665 5627 τῷ
705 5561 1020 5634 πατριάρχῃ
1065 5562 1270 5635 Κύριος
1303 5568 1332 5619 6
1365 5566 1521 5631 Θεὸς,
1564 5568 1638 5631 ὼς
1673 5568 1878 5640 γέγρα-

2309 4580 2461 4633 rham
2490 4576 2669 4635 λαιοῦ,
2691 4594 2755 4631 ea:
2778 4578 3020 4632 omnibus
3042 4577 3219 4632 malis.

2057 4694 2301 4765 Angelus
2338 4693 2576 4747 luctatus
2604 4705 2724 4747 esse
2753 4691 2955 4746 dicitur
2987 4704 3109 4745 cum
3138 4689 3455 4761 patriarcha
3492 4689 3587 4746 Ja-

1986 4786 2110 4853 cob,
2135 4787 2299 4857 idque
2329 4784 2509 4839 divina
2531 4785 2817 4853 Scriptura
2849 4792 3105 4839 testatur.
3132 4784 3205 4840 At
3229 4794 3459 4842 sanctus
3507 4801 3585 4841 τοι

1987 4879 2166 4933 tinens
2190 4892 2339 4943 eum,
2366 4876 2540 4931 dixit:
2569 4894 2589 4929 ι
2626 4874 2745 4933 Non
2775 4876 3047 4932 dimittam
3084 4885 3153 4942 te,
3183 4877 3286 4933 nisi
3319 4878 3452 4934 mihi
3494 4879 3590 4934 be-

1987 4967 2211 5024 nedicas
2231 4969 2299 5023 ’P.
2334 4988 2352 5022 ι
2414 4968 2544 5022 Erat
2576 4978 2758 5024 autem
2800 4970 2845 5025 is
2865 4970 3026 5026 Deus.
3062 4968 3219 5037 Quod
3277 4979 3333 5025 et
3412 4970 3585 5041 ipsius

1987 5061 2314 5130 patriarcha:
2338 5062 2502 5116 verba
2524 5061 2819 5117 ostendunt
2843 5062 3078 5118 dicentis
3107 5079 3119 5115 :
3149 5061 3273 5118 Vidi
3309 5061 3476 5117 Deum
3504 5063 3585 5117 la-

1987 5154 2070 5209 cie
2103 5153 2171 5207 ad
2197 5151 2394 5208 faciem
2428 5153 2496 5206 ⁹³.
2531 5171 2551 5205 ι
2586 5155 2742 5211 Hune
2786 5155 2974 5225 itaque
3002 5154 3095 5224 qui
3134 5161 3191 5210 ut
3226 5154 3452 5226 angelus
3479 5155 3583 5227 ipsi

1989 5246 2139 5302 visus
2160 5255 2269 5315 est,
2296 5255 2454 5317 rogat
2482 5254 2541 5303 ut
2565 5248 2749 5319 pueris
2767 5248 3073 5305 beneaicat.

2526 5452 2762 5522 ALIUD,
2782 5471 2846 5509 ex
2873 5454 3082 5510 iisdem.

2057 5566 2225 5623 Visus
2240 5576 2324 5624 est
2354 5570 2687 5640 patriarcha:
2722 5572 2988 5629 Dominus
3021 5572 3186 5637 Deus,
3213 5579 3272 5626 ut
3315 5570 3580 5641 scriptum

292 5648 564 5711 πται,,καὶ
598 5644 752 5703 εἶπεν
785 5652 968 5722 αὐτῷ*
1011 5671 1029 5704 ι
1089 5655 1220 5709 Ἰδοὺ
1254 5656 1366 5724 ἐγὼ
1406 5658 1544 5728 μετὰ
1596 5659 1711 5725 σοῦ,
1754 5660 1875 5714 δια-

1995 5670 2090 5724 est,
2124 5670 2181 5717 et
2208 5658 2352 5718 dixit
2382 5662 2471 5718 ei:
2508 5682 2526 5715 ι
2568 5663 2707 5718 Ecce
2735 5680 2835 5735 ego
2874 5666 3033 5736 117
3071 5675 3248 5723 tecum
3306 5679 3449 5732 sum,
3484 5676 3579 5718 cu~

356 5823 402 5857 "
434 5822 571 5881 Gen.
600 5840 788 5899 sunt,
826 5828 913 5885 16.
996 5830 1041 5865 ’³
1082 5829 1187 5889 lsa.
1224 5848 1296 5901 ix,
1332 5832 1364 5887 6
1399 5848 1509 5891 sec.
1554 5833 1718 5893 LXX.
1796 5838 1841 5871 ’⁸⁸
1877 5844 1884 5888 ‹

2000 5879 2011 5894 .
2049 5854 2223 5910 xuii,
2260 5840 2455 5899 2i-‘26.
2536 5843 2580 5876 ’³
2616 5840 2752 5897 ΙιήιΙ.
2783 5845 2871 5900 50.
