3994 6324
445 400 549 456 195

1424 387 1481 446 S.
1524 386 1796 445 ογιιιιιι
1835 381 2298 442 ALl-ZXANDRINI
2338 379 2655 438 ARCHIEP.

3571 376 3676 435 196

443 513 686 570 stodicns
720 520 769 566 tc
806 509 857 564 in
885 507 967 564 via
998 521 1320 591 quocunque
1357 505 1484 560 ieris
1512 505 1580 556 ".
1623 522 1642 555 ι
1674 503 1814 558 Deus
1847 500 2007 572 igitur

2124 498 2395 568 ρυλάσσων
2432 513 2488 549 σε
2542 496 2599 548 ὲν
2632 497 2696 565 τῇ
2722 493 2825 564 ὁδῷ
2855 488 2917 546 οὗ
2951 491 3047 545 ἐὰν
3092 487 3381 561 πρευθῇς.
3418 505 3437 539 ι
3468 487 3678 541 Οὐκοῦν

443 614 562 659 erat
593 603 685 673 qui
716 600 981 666 liberavit,
1006 616 1111 655 non
1146 599 1393 669 angelus.
1433 595 1501 650 Et
1526 608 1717 651 rursus
1754 594 2010 662 :quando

445 692 624 748 Laban
645 701 966 761 persecutus
989 700 1070 745 est
1093 687 1259 743 Jacoh
1288 698 1341 740 et
1385 684 1812 752 comprehendit,
1886 692 2013 737 tunc

445 798 656 852 quoque
684 781 824 835 Deu‘s
848 780 1123 849 prohibuit
1161 777 1494 839 violentiam,
1527 789 1635 829 non
1694 772 2013 844 permittens

446 873 645 943 alloqui
668 872 856 927 Jacob.
883 871 1033 938 Quod
1074 880 1253 923 autem
1285 867 1428 922 Deus
1488 867 1599 921 haec
1650 866 1723 920 illi
1762 864 2015 935 pmtite—

445 962 541 1031 rit,
578 962 802 1030 ipsemet
835 968 1067 1013 testatur
1089 958 1348 1012 uxoribus
1396 955 1509 1010 suis
1550 954 1734 1009 dicens
1768 970 1781 1006 :
1837 971 1855 1005 ι
1896 951 2012 1006 Non

447 1053 595 1108 dedit
626 1052 761 1106 Deus
782 1060 1109 1120 potestatem
1130 1048 1312 1119 Laban
1344 1046 1716 1103 ntalel‘aciendi
1748 1047 1875 1101 mihi
1908 1047 2007 1100 ⁸⁷.»

446 1141 657 1197 Rursus
688 1156 810 1197 cum
834 1140 1000 1195 frater
1032 1139 1174 1194 Esau
1205 1138 1303 1208 ipsi
1338 1137 1708 1201 insidiaretur,
1735 1153 1838 1193 non
1865 1138 2017 1192 invo-

447 1235 591 1288 cavit
621 1231 890 1302 angelum,
924 1231 1017 1285 sed
1040 1230 1229 1294 Deum,
1252 1228 1463 1283 dicens:
1494 1246 1512 1277 ι
1550 1225 1711 1296 Eripe
1775 1242 1879 1286 me.
1912 1226 2016 1282 Do—

448 1325 614 1386 mine,
648 1326 715 1376 de
757 1337 919 1376 manu
951 1318 1137 1373 fratris
1174 1319 1277 1372 mei
1308 1315 1471 1380 Esau,
1526 1318 1651 1384 quia
1690 1316 1850 1372 timeo
1929 1317 2014 1386 ip-

447 1428 565 1467 sum
595 1412 661 1464 ”.

450 1626 679 1691 ALIUD,
722 1643 815 1696 per
870 1625 1388 1706 demonstrationem,
1434 1624 1572 1706 quod
1638 1620 1863 1675 Verbum
1896 1621 2015 1687 Dei,

959 1702 1153 1761 species
1182 1702 1345 1760 ipsius
1372 1702 1469 1748 est.

2109 590 2241 653 Θεὸς
2264 585 2331 661 ἦν
2358 592 2387 642 6
2422 589 2697 660 ῥυόμενος,
2727 587 2820 640 καὶ
2842 587 2942 639 οὐκ
2962 582 3210 651 ἄγγελος.
3240 581 3351 635 Καὶ
3380 579 3565 644 πάλιν,
3586 579 3677 631 ὅτε

2108 682 2295 737 Λάϐαν
2341 678 2629 743 κατεδίωξε
2678 678 2768 730 τὸν
2829 673 3020 729 Ἰακὼϐ
3061 674 3156 727 καὶ
3194 669 3494 731 κατέλαϐε,
3555 668 3679 721 τότε

2112 773 2274 827 πάλιν
2304 772 2435 835 Θεὸς
2474 768 2752 823 κεκώλυκε
2780 768 2876 839 τὴν
2909 768 3193 839 ἐπήρειαν,
3222 764 3283 816 ού
3318 760 3681 831 συγχωρήσας

2110 862 2340 933 λαλῆσαι
2362 865 2577 934 ῥήματα
2607 858 2742 929 πρὸς
2766 858 2857 911 τὸν
2892 856 3104 910 Ἰακώϐ,
3140 855 3259 907 Ὀτι
3284 854 3338 906 ᾰὲ
3367 853 3501 916 Θεὸς
3531 848 3681 920 αὐτῷ

2112 954 2206 1007 καὶ
2238 951 2397 1005 τοῦτο
2422 952 2698 1021 ἐξήνυσεν,
2736 948 2897 1010 αὐτὸς
2924 948 3075 1001 ἔσται
3111 945 3319 1016 μάρτυς
3350 943 3523 1009 λέγων
3545 938 3683 1012 πρὸς

2112 1045 2209 1106 τὰς
2245 1042 2438 1096 ἑαυτοῦ
2477 1044 2740 1109 γυναῖκας
2762 1056 2774 1070 ’
2816 1059 2833 1092 ι
2875 1040 2988 1092 Οὐκ
3028 1038 3223 1089 ἔδωκεν
3252 1037 3279 1088 6
3307 1034 3438 1096 Θεὸς
3469 1032 3542 1101 τῷ
3572 1031 3685 1085 Λά-

2114 1136 2215 1189 ϐαν
2259 1132 2627 1202 κακοποιῆσαι
2673 1147 2759 1201 με.
2802 1148 2820 1181 ι
2854 1128 2961 1182 Καὶ
3002 1126 3161 1180 πάλιν
3207 1121 3685 1191 ἐπιϐουλευόμενος

2116 1227 2265 1297 παρὰ
2307 1226 2398 1280 τοῦ
2443 1222 2671 1292 ἀδελφοῦ
2714 1220 2907 1284 Ἠσαῦ,
2938 1221 3038 1273 οὐκ
3078 1217 3307 1287 ἄγγελον
3344 1214 3684 1279 ἐπεκαλεῖτο,

2114 1321 2253 1377 ἀλλὰ
2282 1320 2413 1373 Θεὸν
2458 1317 2754 1387 παρεκάλει
2786 1313 2953 1383 βοῶν·
3007 1332 3027 1363 ‹
3088 1308 3302 1376 Ἐξελοῦ
3348 1325 3438 1377 με,
3488 1304 3684 1376 Κύριε,

2116 1415 2179 1464 ὲκ
2233 1410 2413 1479 χειρὸς
2460 1407 2556 1459 τοῦ
2605 1401 2831 1471 ἀδελφοῦ
2882 1418 2983 1471 μου
3031 1397 3223 1464 Ἡσαῦ,
3277 1396 3360 1449 ὅτι
3414 1392 3688 1463 φοϐοῦμαι

2118 1501 2300 1554 αὐτόν.
2349 1517 2367 1549 ι

2120 1633 2319 1696 ΑΛΛΟ,
2360 1626 2801 1693 ἀποδεικτικῶς,
2841 1626 2929 1678 ὅτι
2971 1628 3003 1677 ό
3049 1624 3236 1691 Λόγος
3278 1620 3385 1676 τοῦ
3423 1619 3589 1686 Θεοῦ,
3624 1617 3694 1670 τὸ

2600 1696 2760 1764 εἶδος
2790 1696 2977 1749 αὑτοῦ
3005 1696 3194 1747 ἐστιν.

517 1832 777 1885 Senator
805 1828 997 1885 alicubi
1037 1828 1102 1881 ad
1125 1826 1336 1893 ludat-os
1357 1826 1639 1880 admodum
1664 1825 2014 1881 refraCtarios

2187 1836 2349 1903 Λέγει
2399 1825 2506 1886 ’που
2557 1832 2690 1903 πρὸς
2750 1828 3039 1889 Ἰουδαίους
3086 1826 3206 1880 λίαν
3259 1822 3617 1884 ἀπειθοῦντας
3664 1823 3693 1873 6

446 1921 606 1977 dicit:
641 1938 659 1969 ι
701 1918 798 1983 Qui
827 1932 911 1970 me
946 1916 1090 1969 misit
1115 1913 1298 1978 Pater,
1342 1914 1432 1969 ille
1464 1915 1829 1969 testimonium
1889 1930 2009 1983 per-

447 2004 621 2063 hibuit
691 2006 759 2060 de
818 2019 925 2068 me,
991 2004 1144 2071 cujus
1192 2018 1376 2058 vocem
1460 2018 1560 2059 nec
1610 2018 1703 2067 νος
1787 2019 2019 2075 unquam

448 2097 698 2162 audistis,
723 2111 895 2165 neque
912 2095 1146 2165 speciem
1169 2095 1286 2165 ejus
1310 2095 1541 2159 vidistis,
1562 2106 1615 2149 et
1646 2096 1870 2150 verbum
1907 2096 2023 2164 ejus

446 2204 552 2245 non
587 2188 793 2243 habetis
834 2202 1055 2241 manens
1091 2188 1141 2240 in
1174 2187 1361 2240 vobis:
1408 2187 1533 2257 quia
1564 2202 1723 2254 quem
1780 2187 1867 2241 ille
1922 2187 2023 2241 ml-

446 2285 536 2347 sit,
597 2280 721 2336 huic
777 2295 874 2335 vos
907 2296 1011 2334 non
1071 2280 1315 2335 creditis.
1355 2299 1377 2333 »
1419 2280 1553 2347 Quia
1586 2280 1748 2350 igitur
1781 2274 1883 2336 non
1908 2294 2021 2335 cre-

446 2370 893 2427 diderunt\'erbo
918 2384 981 2423 ex
1020 2369 1175 2423 Patre
1210 2370 1396 2432 misso,
1439 2370 1694 2423 dicuntur
1721 2384 1895 2438 neque
1927 2385 2023 2424 vo-

444 2479 561 2518 cem
588 2462 685 2516 Dei
716 2452 954 2524 audisse,
1012 2476 1186 2530 neque
1232 2462 1461 2530 Speciem
1501 2460 1616 2530 ejus
1654 2475 1884 2529 unquam
1945 2461 2023 2514 vi-

447 2554 707 2620 disse,sed
734 2568 904 2622 neque
940 2552 1137 2607 habere
1173 2553 1482 2607 inhabitans
1514 2552 1565 2606 in
1608 2553 1740 2622 ipsis
1776 2554 2018 2607 verbum.

446 2644 609 2712 Atqui
689 2642 1032 2695 manifestum
1088 2642 1189 2695 hoc
1237 2641 1601 2710 omnibusque
1675 2642 2020 2709 perspicuum

449 2748 569 2789 esse
596 2742 790 2802 potest,
831 2733 876 2785 si
905 2732 1243 2800 recepissent
1302 2747 1421 2785 cum
1482 2732 1573 2800 qui
1636 2732 1829 2786 missus
1885 2741 2022 2795 erat,

448 2840 633 2879 vocem
658 2839 873 2893 quoque
910 2823 1002 2876 Dei
1034 2824 1336 2887 audissent,
1367 2832 1420 2876 et
1450 2824 1682 2891 speciem
1716 2822 1829 2888 eius
1860 2824 2024 2876 vidis-

461 2922 604 2978 sent,
628 2924 679 2965 et
704 2912 1017 2965 habuissent
1038 2911 1342 2966 inhabitans
1369 2912 1422 2964 in
1449 2911 1576 2978 ipsis
1612 2910 1875 2963 Verbum.
1900 2910 2023 2965 llaec

450 3004 613 3073 igitur
654 3005 831 3057 omnia
866 3013 949 3056 est
970 3002 1138 3057 Filius
1171 3019 1184 3053 :
1250 3003 1505 3056 nimirum
1537 3017 1661 3066 vos,
1711 3003 1938 3069 species,
1972 3011 2024 3056 et

456 3094 689 3150 Verbum
732 3094 929 3147 Patris.
968 3094 1021 3146 Si
1055 3102 1233 3147 autem
1257 3095 1462 3162 species
1488 3102 1592 3161 est,
1624 3103 1773 3145 certe
1802 3108 1855 3145 et
1890 3093 2025 3145 ima-

2123 1928 2313 1997 Σωτήρ
2334 1944 2347 1957 ·
2376 1944 2394 1977 ‹
2434 1925 2491 1976 Ὀ
2511 1922 2727 1992 πέμψας
2753 1937 2816 1991 με
2838 1919 3045 1989 Πατὴρ,
3071 1919 3275 1979 ἐκεῖνος
3304 1913 3697 1985 μεμαρτύρηκε

2124 2020 2252 2089 περὶ
2275 2016 2430 2087 ἐμοῦ,
2463 2015 2585 2069 οὔτε
2619 2016 2801 2083 φωνὴν
2830 2011 2991 2065 αὑτοῦ
3015 2010 3285 2080 ἀκηκόατε
3314 2006 3554 2067 πώποτε,
3572 2004 3699 2057 οὔτε

2124 2106 2263 2174 εἶδος
2288 2107 2452 2163 αὑτοῦ
2488 2105 2792 2175 ἑωράκατε,
2818 2104 2911 2156 καὶ
2934 2102 3023 2156 τὸν
3045 2102 3202 2168 λόγον
3225 2098 3391 2153 αὑτοῦ
3414 2099 3515 2151 οὐκ
3543 2096 3698 2166 ἔχετε

2124 2205 2182 2255 ἐν
2219 2203 2346 2271 ὑμῖν
2392 2198 2643 2269 μένοντα,
2675 2196 2757 2248 ὅτι
2787 2194 2845 2246 ὃν
2892 2192 3213 2249 ἀπέστειλεν
3246 2191 3474 2248 ἐκεῖνος,
3522 2186 3699 2254 τούτῳ

2125 2296 2284 2365 ὑμεῖς
2313 2295 2373 2346 οὐ
2414 2290 2721 2345 πιστεύετε.
2760 2306 2780 2340 ι
2817 2285 3009 2340 Τοίνυν
3041 2285 3121 2338 ὅτι
3166 2284 3245 2353 μὴ
3292 2278 3701 2333 πεπιστεύκασι

2122 2387 2200 2457 τῷ
2233 2388 2297 2439 ὲκ
2327 2384 2421 2437 τοῦ
2452 2381 2665 2453 Πατρὸς
2703 2378 3060 2433 ἀποσταλέντι
3085 2376 3260 2444 Λόγῳ,
3295 2372 3418 2428 οὔτε
3455 2372 3552 2439 τῆς
3588 2386 3701 2457 δρω-

2124 2481 2221 2549 νῆς
2254 2478 2543 2547 ἀκηκοέναι
2586 2474 2830 2541 λέγονται
2856 2469 2948 2524 τοῦ
2979 2466 3135 2529 Θεοῦ,
3177 2464 3299 2518 οὕτε
3338 2462 3443 2532 μὴν
3471 2461 3532 2513 τὸ
3562 2454 3699 2521 εἶδος

2126 2568 2287 2625 αὑτοῦ
2320 2565 2607 2621 τεθεᾶσθαι
2652 2562 2895 2623 πώποτε,
2926 2558 3038 2613 ἀλλ’
3072 2555 3195 2609 οὔτε
3246 2555 3389 2623 ἔχειν
3420 2556 3476 2605 ἐν
3518 2550 3699 2611 αὐτοῖς

2126 2656 2439 2712 ἐνοικοῦντα
2470 2655 2561 2707 τὸν
2594 2653 2773 2720 λόγον.
2809 2650 2963 2701 Ἐστι
2995 2643 3286 2717 δὴ-λοιπὸν
3324 2642 3496 2694 ἅπασι
3529 2637 3699 2707 σαφὲς

2127 2750 2220 2803 καὶ
2249 2747 2596 2808 εὐσύνοπτον,
2628 2744 2839 2810 ὅτιπερ,
2872 2741 2919 2791 εἰ
2947 2735 3197 2800 ἐδέξαντο
3226 2734 3315 2786 τὸν
3351 2727 3699 2796 ἀπεσταλμέ-

2125 2853 2233 2899 νον,
2265 2836 2504 2905 ἦκουσαν
2533 2832 2598 2885 ἂν
2633 2830 2727 2883 καὶ
2759 2828 2855 2897 τῆς
2895 2825 3079 2895 φωνῆς
3101 2822 3193 2875 τοῦ
3230 2819 3385 2885 Θεοῦ,
3419 2819 3511 2871 καὶ
3540 2816 3601 2868 τὸ
3628 2809 3702 2867 εἷο

2124 2930 2212 2990 δος
2239 2928 2529 2981 ἐθεάσαντο
2556 2922 2739 2985 αὑτοῦ,
2769 2921 2861 2973 καὶ
2879 2914 3030 2987 εἶχον
3052 2915 3359 2967 ἐνοικοῦντα
3392 2912 3481 2964 τὸν
3504 2910 3697 2975 Λόγον.

2128 3015 2313 3067 Ταῦτα
2360 3013 2536 3066 τοίνυν
2572 3010 2748 3061 πάντα
2788 3008 2933 3059 ἐστὶν
2967 3009 2993 3059 ό
3038 3006 3184 3068 Υἱὸς,
3220 3002 3371 3070 φωνὴ
3416 2999 3511 3052 καὶ
3540 2995 3698 3062 εἶδος,

2128 3107 2220 3157 καὶ
2248 3106 2418 3171 Λόγος
2460 3100 2554 3154 τοῦ
2595 3099 2826 3169 Πατρός.
2862 3098 2925 3157 Εἰ
2961 3097 3015 3149 δὲ
3061 3092 3197 3159 εἶδός
3242 3094 3376 3154 ἐστι,
3419 3090 3576 3157 δῆλον
3620 3088 3702 3141 ὅτι

451 3201 539 3256 go,
569 3195 621 3240 et
648 3186 942 3239 character
970 3192 1051 3239 est
1076 3186 1117 3237 ¹.
1146 3183 1359 3239 llabens
1382 3184 1567 3253 itaque
1627 3193 1684 3236 ut
1740 3184 2022 3236 character

2126 3198 2216 3250 καὶ
2248 3193 2410 3247 εἰκὼν
2440 3193 2536 3246 καὶ
2578 3191 2883 3262 χαρακτήρ.
2940 3188 3121 3258 Ἔχων
3160 3182 3251 3238 οῦν
3297 3184 3371 3245 ὡς
3417 3179 3705 3252 χαρακτὴρ

453 3276 508 3329 in
537 3289 595 3329 se
626 3273 946 3327 naturaliter
991 3274 1367 3342 archetypum,
1424 3271 1537 3326 sive
1586 3271 1862 3339 exemplar
1910 3270 2026 3341 ejus

455 3364 611 3433 cujus
643 3374 726 3419 est
750 3364 1055 3426 character,
1091 3376 1217 3416 vere
1256 3362 1425 3418 dicit:
1468 3381 1486 3413 ι
1520 3359 1629 3431 Ego
1661 3364 1712 3417 in
1764 3362 1944 3425 Patre,
1974 3371 2029 3419 et

457 3458 617 3511 l’ater
648 3458 699 3512 in
737 3471 822 3510 me
855 3456 899 3521 ’;
947 3472 965 3504 ι
1023 3462 1097 3517 et,
1143 3472 1161 3505 ι
1218 3451 1329 3523 Ego
1393 3462 1447 3508 ct
1497 3453 1660 3508 Pater
1713 3469 1876 3507 unum
1932 3468 2026 3509 su-

458 3562 576 3602 mus
615 3547 654 3601 ³.
694 3565 712 3599 ο

526 3675 756 3742 ALIUD,
791 3677 1061 3731 ostendens
1084 3676 1230 3799 quot
1252 3676 1471 3758 Verbum
1514 3687 1725 3733 vocetur
1763 3678 1957 3745 species

1231 3764 1302 3799 et.

1231 3764 1302 3801 ει.

528 3858 848 3913 Patriarcba
871 3856 1037 3912 Jacob
1065 3858 1481 3927 cognominatus
1516 3856 1621 3911 fuit
1658 3856 1947 3925 aliquando
1997 3870 2027 3910 a

461 3950 572 4005 Deo
600 3948 792 4004 Israel.
849 3968 867 4001 ι
906 3948 1064 4013 Nam,
1090 3958 1147 4001 ut
1179 3949 1351 4017 inquit
1381 3947 1682 4015 Scriptura,
1704 3957 1925 4002 exortus
1948 3955 2033 4002 est

467 4042 516 4095 ci
561 4041 638 4095 sol
667 4040 881 4109 quando
912 4039 1384 4107 transivitspecies
1410 4037 1501 4092 Dei
1526 4038 1568 4091 ⁸.
1609 4057 1628 4091 ι
1662 4038 1879 4108 Specnes
1940 4052 2031 4091 au-

463 4144 568 4189 tem
601 4132 698 4188 Dei
730 4132 983 4201 quidnam
1021 4132 1162 4185 aliud
1188 4131 1278 4194 sit,
1308 4145 1466 4199 quam
1510 4130 1555 4185 is
1574 4131 1663 4199 qui
1703 4130 1869 4184 libere
1918 4128 2029 4182 cla-

464 4234 612 4279 mat:
642 4242 663 4275 ι
691 4223 792 4290 Qui
830 4223 960 4277 vidit
987 4238 1091 4287 me,
1128 4222 1257 4276 vidit
1284 4230 1337 4276 et
1364 4219 1577 4275 Patrem
1601 4222 1645 4275 ⁸.
1713 4220 1822 4290 Ego
1853 4221 1904 4275 iu
1933 4220 2031 4273 Pa-

461 4325 563 4378 tre,
585 4324 638 4369 et
671 4314 901 4369 Paterin
946 4329 1063 4379 me;
1106 4332 1122 4364 ι
1157 4323 1229 4378 et,
1256 4333 1272 4364 ι
1310 4312 1419 4384 Ego
1452 4324 1504 4369 et
1540 4313 1698 4367 Pater
1731 4330 1894 4367 unum
1942 4327 2033 4367 su-

464 4406 628 4461 ntus?
672 4424 691 4459 ι

608 4600 933 4669 Objection:
953 4600 1179 4655 hostium
1210 4598 1406 4654 Christi
1427 4600 1590 4669 plena:
1609 4602 1893 4670 impietate.

536 4800 813 4864 Servatur,
851 4799 1122 4869 inquiunt,
1149 4800 1267 4870 ipse
1294 4800 1504 4857 Patrem
1533 4817 1689 4857 suum
1744 4817 1841 4871 pro
1882 4802 2037 4856 disci-

468 4890 605 4959 pulis
636 4891 769 4953 suis,
795 4905 1006 4961 proque
1029 4891 1296 4947 universis
1326 4894 1414 4960 qui
1442 4893 1601 4962 118
1629 4895 1681 4947 in
1713 4894 1883 4962 ipsunt
1910 4909 2033 4949 crc-

468 4983 620 5047 dunt,
649 4991 785 5047 orat,
836 4983 907 5037 ita
950 4984 1137 5039 dicens
1170 5002 1184 5037 :
1232 5001 1251 5034 ι
1292 4981 1451 5037 Pater
1476 4994 1681 5048 sancte,
1705 4985 1909 5040 custodi
1937 5000 2034 5040 eos

469 5070 524 5124 in
582 5070 799 5126 nomine
849 5081 943 5128 tuo
990 5089 1128 5142 quos
1179 5074 1370 5128 dedisti
1430 5074 1583 5141 mihi,
1619 5084 1677 5129 ut
1704 5075 1809 5129 siut
1868 5091 2032 5129 unum

470 5162 607 5216 sicut
627 5172 681 5217 et
707 5178 807 5220 nos
841 5165 887 5221 ‘.
927 5184 946 5218 ι
981 5163 1048 5219 Ει
1070 5166 1227 5235 paulo
1260 5174 1421 5237 post:
1460 5185 1477 5219 ι
1514 5165 1625 5222 Nec
1651 5182 1747 5238 pro
1797 5169 1913 5223 istis
1940 5183 2031 5224 se-

471 5252 537 5307 lis
566 5255 835 5323 rogo,sed
855 5257 1017 5311 etiam
1044 5272 1146 5327 pro
1204 5258 1551 5314 credentibus
1584 5274 1679 5330 per
1729 5274 2030 5316 sermonem

469 5355 653 5397 eorum
673 5343 727 5398 in
758 5360 881 5399 me:
913 5357 1177 5401 utomnes
1208 5364 1371 5401 unum
1401 5351 1531 5416 sint,
1571 5354 1712 5404 sicut
1746 5360 1821 5414 tu,
1857 5349 2032 5414 Pater,

474 5431 525 5485 in
558 5443 736 5499 me,et
772 5451 869 5506 ego
897 5437 949 5492 in
971 5449 1043 5506 te,
1076 5450 1133 5494 ut
1165 5450 1217 5494 et
1247 5440 1345 5510 ipsi
1390 5441 1443 5496 iu
1468 5442 1622 5497 nobis
1672 5458 1842 5496 unum
1877 5444 2025 5508 sint;

473 5531 531 5576 ut
560 5525 789 5581 mundus
806 5531 989 5583 credat
1019 5534 1161 5600 quud
1198 5542 1251 5585 tu
1300 5547 1387 5587 me
1426 5532 1641 5588 misisti.
1674 5534 1742 5588 Et
1787 5547 1885 5601 ego
1919 5534 2033 5603 glo-

545 5698 595 5733 "
620 5701 756 5774 Gen.
787 5721 975 5771 xxvm,
1009 5707 1101 5761 25.
1176 5708 1220 5741 "
1255 5707 1391 5762 Gen.
1430 5725 1576 5774 xxxi,
1614 5710 1665 5763 7.
1741 5709 1786 5741 ’⁸
1815 5708 1951 5764 Gen.
1980 5724 2153 5773 xxx",
2198 5710 2280 5763 ll.

2129 3286 2270 3340 κατὰ
2322 3283 2484 3352 φύσιν
2529 3283 2585 3333 ἐν
2620 3281 2797 3349 ἑαυτῷ
2829 3279 2890 3331 τὸ
2935 3277 3307 3349 πρωτότυπον,
3341 3266 3399 3326 οὗ
3447 3272 3541 3326 καὶ
3590 3270 3707 3323 ἔστι

2129 3372 2437 3446 χαρακτὴρ.
2470 3371 2758 3441 ἀληθεύσει
2790 3369 2969 3436 λέγων
2992 3384 3004 3397 ⁸
3041 3386 3059 3418 ι
3102 3364 3242 3434 Ἐγὼ
3289 3366 3345 3416 ὲν
3389 3361 3467 3432 τῷ
3505 3361 3704 3430 ΙΙατρὶ,

2130 3467 2223 3520 καὶ
2252 3468 2279 3518 6
2308 3464 2496 3537 Πατὴρ
2524 3466 2581 3517 ὲν
2615 3461 2734 3532 ἐμοί
2756 3478 2769 3490 ·
2807 3480 2827 3514 ι
2865 3460 2982 3527 καὶ,
3016 3477 3034 3510 ι
3083 3457 3223 3525 Ἐγὼ
3250 3457 3342 3509 καὶ
3377 3456 3405 3507 ὁ
3432 3454 3618 3522 Πατὴρ
3645 3451 3708 3505 ἓν

2128 3558 2317 3627 ἐσμεν.
2366 3574 2384 3606 ι

2126 3689 2334 3753 ΔΛΛΟ,
2397 3684 2699 3755 σημαῖνον
2760 3683 2899 3807 ὅτλό
2921 3677 3078 3744 εἶδος
3148 3676 3297 3733 Θεοῦ
3354 3674 3620 3729 καλεῖται
3674 3675 3709 3725 ό

2905 3770 3029 3807 γορ.

2905 3770 3029 3819 γος.

2215 3870 2273 3925 Ὁ
2322 3869 2665 3939 πατριάρχης
2723 3862 2914 3917 ἰακὼϐ
2966 3857 3359 3932 μετωνομάσθη
3413 3855 3564 3925 παρά
3610 3851 3707 3903 τοῦ

2129 3962 2267 4019 Θεοῦ
2308 3963 2402 4016 καὶ
2428 3960 2688 4029 κέκληται
2736 3956 2879 4009 κατά
2912 3970 3033 4007 τινα
3071 3953 3259 4023 χρόνον
3317 3946 3553 4018 Ἰσραὴλ,
3594 3945 3707 4005 ὅτε,

2131 4055 2278 4109 καθά
2298 4069 2463 4123 φησιν
2484 4054 2518 4122 ὴ
2546 4050 2667 4103 θεία
2687 4046 2897 4117 Γραφὴ,
2935 4064 2953 4095 ι
2994 4040 3288 4096 ’Λνέτειλεν
3317 4036 3462 4107 αύτῷ
3487 4040 3514 4089 6
3534 4036 3705 4106 ἥλιος,

2135 4148 2299 4219 ὴνεκα
2330 4142 2577 4215 παρῆλθε
2607 4142 2667 4195 τὸ
2697 4138 2833 4204 εἶδος
2860 4137 2952 4191 τοῦ
2982 4133 3139 4189 Θεοῦ.
3179 4152 3198 4185 ι
3232 4128 3380 4193 Εἶδος
3408 4129 3462 4181 δὲ
3493 4125 3627 4179 Θεοῦ
3654 4123 3709 4176 τι

2136 4217 2203 4292 ἀν
2254 4239 2440 4308 ἕτερον
2488 4234 2597 4304 εἴη,
2656 4235 2703 4285 εἰ
2754 4231 2827 4302 μὴ
2873 4229 3090 4289 πάντως
3136 4228 3164 4277 ό
3214 4222 3351 4293 μετά
3397 4217 3709 4290 παρρησίας

2137 4329 2314 4400 βοῶν·
2370 4346 2390 4378 ‹
2460 4328 2516 4380 ’0
2576 4323 2839 4395 ἑωρακὼς
2870 4320 2991 4391 ἐμὲ,
3046 4317 3256 4388 ἑώρακε
3313 4313 3401 4367 τὸν
3467 4309 3705 4378 Πατέρα.

2149 4421 2288 4489 Ἐγὼ
2328 4422 2386 4472 εν
2431 4418 2509 4488 τῷ
2550 4419 2746 4486 Πατρὶ,
2782 4415 2875 4467 καὶ⁵
2920 4416 2947 4466 6
2993 4409 3180 4480 Πατὴρ
3222 4408 3279 4459 ὲν
3320 4405 3477 4458 ἐμοί’
3522 4421 3541 4455 ι
3589 4401 3707 4468 καὶ,

2148 4529 2166 4560 ι
2212 4508 2350 4577 Ἐγὼ
2375 4508 2467 4561 καὶ
2487 4509 2517 4560 ὁ
2547 4504 2733 4574 Πατὴρ
2756 4503 2815 4557 ἓν
2846 4504 3048 4571 ἑσμενς
3096 4516 3115 4549 ›

2069 4598 2111 4651 D
2151 4622 2479 4683 Ἀντίθεσις
2525 4617 2605 4682 ὡς
2649 4614 2765 4668 ἀπὸ
2814 4612 2935 4666 τῶν
2962 4604 3395 4683 χριστομάχων,
3431 4596 3711 4664 ἀσεϐείας

2830 4680 3049 4751 μεστή.

2208 4807 2557 4879 Εὑρίσκεται,
2614 4803 2801 4873 φασὶν,
2838 4802 2998 4863 αὐτὸς
3052 4798 3081 4851 ὁ
3127 4794 3317 4864 Σωτὴρ
3366 4791 3457 4844 τὸν
3507 4784 3705 4841 ἑαυτοῦ

2137 4900 2357 4969 Πατέρα
2408 4896 2737 4969 παρακαλῶν
2769 4894 2910 4963 ύπέρ
2946 4908 3004 4944 τε
3022 4890 3133 4942 τῶν
3184 4885 3377 4941 ἑαυτοῦ
3426 4880 3707 4954 μαθητῶν,

2140 4992 2236 5045 καὶ
2262 4990 2402 5060 ὑπὲρ
2458 4989 2673 5043 πάντων
2701 4987 2806 5041 τῶν
2830 4986 2909 5047 εἰς
2922 4981 3105 5047 ,αὐτὸν
3136 4976 3596 5038 πεπιστευκότων,
3614 4973 3709 5026 καὶ

2138 5078 2280 5135 οὕτω
2324 5079 2530 5145 λέγων⁸
2578 5097 2596 5130 ι
2633 5075 2813 5145 Πάτερ
2842 5074 2985 5142 ἆγιε,
3015 5072 3255 5143 τήρησον
3298 5066 3495 5127 αὐτοὺς
3538 5065 3597 5115 ὲν
3628 5060 3707 5131 τῷ

2138 5169 2361 5240 ὀνόματὶ
2411 5186 2527 5233 σου,
2574 5167 2665 5231 οὒς
2704 5165 2939 5227 δέδωκάς
2975 5180 3086 5233 μοι,
3135 5162 3224 5215 ἵνα
3252 5152 3385 5213 ὦσιν
3425 5155 3483 5210 ἓν
3526 5150 3706 5215 καθὼς

2136 5264 2232 5317 καὶ
2256 5263 2437 5333 η’μεϊς.
2472 5279 2493 5312 ι
2528 5258 2641 5315 Καὶ
2669 5258 2786 5329 μεθ’
2821 5258 2981 5327 ἔτερα
3004 5272 3018 5286 ·
3064 5273 3085 5305 ι
3131 5254 3207 5307 Οὐ
3242 5252 3371 5323 περὶ
3404 5247 3609 5302 τούτων
3649 5242 3704 5296 δὲ.

2110 5374 2111 5377 ‘
2141 5355 2318 5426 μόνων
2353 5351 2561 5425 ἐρωτῶ,
2606 5351 2740 5405 ἀλλὰ
2770 5351 2866 5403 καὶ¹
2913 5347 3040 5418 περ)⁸
3068 5345 3176 5400 τῶν
3218 5341 3582 5426 πιστευόντων
3618 5334 3707 5426 διὰ

2137 5425 2231 5508 τοῦ
2271 5442 2431 5511 λόγου
2458 5440 2635 5496 αὐτῶν
2672 5442 2749 5506 εἰς
2777 5440 2879 5511 ἐμέ
2900 5455 2913 5469 ·
2948 5438 3036 5492 ῐνα
3072 5437 3270 5498 πάντες
3292 5434 3347 5487 ἒν
3374 5425 3497 5496 ὦσι,
3525 5425 3706 5488 καθὼς

2140 5533 2226 5600 σὺ,
2268 5532 2476 5605 Πατὴρ,
2518 5533 2576 5586 ὲν
2606 5532 2747 5603 ἐμοὶ,
2784 5530 2937 5602 κάγὼ
2970 5532 3030 5584 ἐν
3064 5529 3165 5591 σοὶ,
3212 5528 3299 5581 ἵνα
3337 5523 3432 5578 καὶ
3470 5520 3621 5576 αὐτοὶ
3648 5517 3707 5570 ἐν

2384 5712 2427 5743 ’⁸
2455 5708 2611 5764 Joan.
2646 5724 2699 5768 ν,
2728 5708 2817 5769 57,
2845 5706 2935 5763 58.
3051 5708 3081 5749 ¹η
3103 5704 3265 5762 llebr.
3298 5720 3335 5773 I,
3372 5703 3425 5760 '5.
3504 5700 3525 5732 '
3547 5695 3707 5752 Joan.

474 5786 587 5840 XIV,
617 5773 700 5829 ll.
778 5775 797 5808 ³
823 5773 975 5832 Joan.
1006 5793 1059 5836 κ.
1091 5775 1180 5832 50.
1257 5778 1277 5808 ⁸
1303 5778 1436 5835 Gen.
1474 5773 1642 5849 usu,
1677 5779 1764 5834 5i.
1843 5780 1863 5810 '
1893 5776 2023 5836 Joan

2131 5795 2203 5849 tv,
2238 5783 2288 5837 9.
2370 5781 2390 5813 ⁶
2418 5780 2576 5837 Juau.
2608 5793 2737 5846 xm,
2776 5778 2861 5832 ll.
