3994 6324
220 429 326 489 197
1660 426 1818 484 TIIE‘.

1926 428 2111 487 JRUS.
3425 432 3533 493 198

218 549 350 620 ἡμῖν
376 546 442 601 ἓν
468 539 655 603 ὖσινο
688 545 779 601 ίνα
799 544 829 599 6
863 542 1070 615 κόσμος
1113 541 1383 617 πιστεῦσῃ
1416 540 1499 599 δτι
1541 542 1606 598 σύ
1641 562 1707 618 με
1733 544 1818 599 ἀπε

1944 548 2079 602 riam
2102 561 2267 618 quam
2298 546 2495 604 dedisti
2521 546 2656 602 mibi
2683 543 2808 603 dedi
2851 545 2954 616 eis,
2972 554 3033 603 ut
3057 546 3169 605 sint
3198 561 3366 603 unum
3390 549 3535 607 sicut

218 643 501 707 ιστειλας.
546 639 726 711 Κάγὼ
758 641 859 711 τὴν
888 640 1048 706 δόξαν
1079 639 1148 712 ἢν
1194 640 1449 705 δέδωκάςι
1482 657 1594 713 μοι,
1629 641 1818 697 δέδωκε

1941 648 1996 695 et
2022 654 2121 696 nos
2146 655 2311 694 unum
2341 655 2549 696 sumus.
2581 639 2697 711 Ego
2722 638 2774 694 in
2826 640 2979 709 ipsis,
3026 648 3084 696 et
3125 649 3181 697 ιιι
3217 640 3271 697 in
3318 656 3437 708 me;
3476 654 3535 698 ιιι

217 734 426 798 αὐτοῖς,
448 732 548 787 ῐνα
576 726 715 787 ὦσιν
744 732 805 786 ιν
820 730 1000 797 καθὼς
1018 733 1181 804 ἡμεῖς
1194 731 1273 787 ιν.
1306 731 1448 803 Ἐγὼ
1469 734 1528 788 tv
1542 733 1726 799 αὐτοῖς
1742 734 1818 789 κα¹

1938 730 2051 787 sint
2085 730 2313 803 perfecti
2348 730 2403 786 in
2427 746 2636 797 unum;
2689 739 2751 784 ιιι
2778 739 3070 800 cognoscat
3103 732 3339 788 mundus
3388 732 3534 803 quod

218 826 281 877 σὺ
299 826 359 877 tv
376 823 538 895 ἐμοὶ,
561 823 654 879 ἴνα
685 816 787 877 ὦσι
812 822 1226 894 τετελειωμένοι
1258 825 1341 887 είς
1362 824 1421 879 tv
1440 842 1454 855 ·
1482 825 1567 879 ίνα
1588 825 1818 898 γινώσκῖ

1940 832 1995 878 ιιι
2030 838 2113 878 me
2144 822 2341 878 misisti
2374 822 2417 876 '.
2458 841 2478 875 ι
2506 820 2973 889 Quemadmodum
3030 820 3198 893 igitur
3269 838 3371 879 nos
3437 825 3530 894 qui

214 912 243 965 ό
287 914 508 986 κόσμος
550 916 637 970 ὅτι
668 914 732 969 σύ
777 931 847 986 με
893 914 1265 980 ἀπέσταλκας.
1309 935 1328 969 ι
1366 915 1582 971 οὐκοῦν
1639 915 1834 989 ὥσπερ

212 1004 509 1076 ἄνθρωποι
541 1007 647 1079 τὴν
699 1005 863 1077 φύσιν
889 1006 1045 1070 δντες
1074 1008 1234 1078 ἡμεῖς
1264 1010 1323 1063 tv
1363 1007 1443 1079 τῷ
1469 1008 1646 1081 Πατρλ
1687 1008 1835 1079 γινόο

215 1094 383 1164 μεθα,
419 1095 577 1150 οὕτω
609 1096 705 1151 καὶ
732 1096 892 1161 αὐτὸς
932 1098 962 1151 6
990 1097 1120 1162 Υίδς
1165 1098 1224 1153 ιν
1262 1100 1380 1153 ἔστι
1413 1099 1552 1171 πρὸς
1592 1099 1683 1153 τὸν
1721 1100 1834 1154 Πα-

212 1182 370 1256 τέρα.
404 1184 528 1238 Καὶ
570 1184 738 1249 αὐτὸς
776 1184 832 1239 δὶ
868 1184 1032 1239 πάλιν
1076 1187 1107 1240 6
1148 1186 1365 1259 Πατὴρ,
1400 1185 1576 1251 οὕτως
1610 1188 1671 1241 ιν
1712 1188 1830 1244 ἔστι

210 1276 351 1346 πρὸς
384 1276 488 1332 τὸν
517 1276 675 1342 Υίδν,
700 1276 955 1350 καθάπερ
984 1279 1081 1333 καὶ
1112 1276 1251 1351 πρὸς
1283 1280 1453 1351 ἡμᾶς.
1497 1280 1609 1334 Καὶ
1638 1279 1829 1352 ὥσπερ

210 1367 392 1433 οὐδεὶς
414 1366 731 1438 ἀναγκάζει
763 1368 921 1438 λόγος
940 1368 1168 1440 ὁμοίους
1197 1372 1345 1442 ἡμᾶς
1374 1365 1513 1425 εἶναι
1551 1371 1693 1426 κατὰ
1725 1371 1829 1442 φύ-

212 1475 299 1513 σιν
328 1458 413 1535 τῷ
444 1460 654 1532 Πατρὶ,
684 1460 767 1514 δτι
798 1459 864 1532 δὴ
892 1456 989 1513 καὶ
1017 1460 1155 1532 πρὸς
1184 1460 1347 1515 αὑτὸν
1372 1460 1431 1515 tv
1458 1460 1707 1531 γίνεσθαι
1738 1463 1826 1516 λε-

211 1550 456 1621 γόμεθα,
484 1551 663 1616 οὕτως
683 1552 783 1606 οὐκ
806 1552 1023 1623 ἀνάγκη
1050 1554 1199 1606 πάσα
1226 1550 1405 1622 λέγειν
1423 1554 1489 1607 ὲκ
1508 1554 1610 1624 τῆς
1636 1554 1825 1619 οὐσίας

210 1638 351 1697 εἶναι
383 1642 491 1697 τοῦ
530 1644 742 1715 Πατρδς
774 1645 866 1698 τὸν
901 1643 1049 1706 Υίὸν,
1071 1643 1370 1716 ἐπειδήπερ
1389 1644 1553 1716 φησίν
1573 1660 1587 1674 ⁸
1622 1665 1640 1698 ι
1680 1645 1824 1715 Ἐγὼ

211 1733 269 1788 tv
300 1734 383 1805 τῷ
419 1736 628 1806 Ila-:91,
663 1735 757 1789 καὶ
781 1735 810 1789 6
839 1734 1032 1807 Πατὴρ
1065 1736 1125 1790 tv
1151 1734 1293 1806 ἐμοί.
1333 1753 1355 1789 ι
1402 1738 1491 1801 Ὠς
1520 1736 1630 1811 γάρ
1673 1755 1825 1810 προ-

210 1825 480 1892 λαϐόντες
518 1828 841 1901 είρήκαμεν,
896 1828 1070 1893 οὕτως
1113 1828 1265 1882 ἐστὶν
1312 1830 1370 1882 tv
1420 1829 1619 1902 Πατρὶ,
1678 1830 1821 1885 καθά

1937 908 2189 968 homines
2216 926 2424 978 sumus,
2450 911 2505 967 in
2535 910 2702 966 Patre
2726 926 2962 968 sumus:
3014 912 3089 968 ita
3139 912 3307 968 etiam
3360 914 3531 971 Filius

1934 1016 2103 1059 unum
2126 1012 2216 1060 est
2238 1016 2363 1059 cum
2390 1002 2571 1061 Patre.
2606 1000 2674 1058 Et
2706 1002 2977 1071 vicissim,
3002 1002 3168 1059 Pater
3196 1006 3311 1075 ipse
3353 1004 3426 1059 ita
3448 1014 3533 1061 est

1934 1110 2103 1151 unum
2145 1110 2270 1151 cum
2300 1092 2461 1161 Filio,
2487 1095 2625 1150 sicut
2652 1103 2709 1151 et
2734 1094 3041 1151 nobiscum.
3072 1094 3140 1150 Et
3172 1097 3529 1167 quemadmoc

1932 1191 2059 1243 dum
2082 1185 2229 1242 nulla
2261 1188 2400 1243 ratio
2430 1187 2596 1259 cogit,
2620 1195 2683 1242 ιιι
2712 1200 2813 1242 nos
2838 1185 3138 1242 secundum
3155 1197 3419 1255 ,naturam
3449 1190 3531 1245 si-

1932 1276 2091 1332 miles
2158 1278 2333 1335 simus
2401 1277 2589 1345 Patri,
2662 1278 2755 1349 qui
2819 1294 2989 1334 unum
3044 1294 3171 1335 cum
3223 1278 3342 1351 ipso
3409 1279 3527 1337 ﬁeri

1930 1368 2163 1425 dicimur
2197 1386 2211 1422 :
2270 1371 2346 1427 ita
2368 1386 2475 1427 non
2505 1386 2732 1443 prorsus
2772 1385 2994 1429 necesse
3054 1381 3139 1429 est
3169 1381 3229 1428 ut
3257 1372 3430 1429 Filius
3453 1371 3527 1429 sit

1928 1476 1995 1518 ex
2027 1462 2262 1519 essentia
2297 1462 2497 1527 Patris,
2536 1462 2793 1534 quoniam
2844 1461 2961 1517 ait:
3001 1479 3020 1514 ι
3059 1461 3173 1534 Ego
3232 1463 3286 1519 in
3340 1461 3523 1531 Patre,

1928 1564 1985 1610 et
2008 1554 2173 1610 Pater
2194 1559 2247 1609 in
2273 1569 2383 1609 me.
2430 1572 2449 1606 ι
2477 1552 2637 1621 Nam,
2678 1562 2739 1609 ut
2765 1564 2892 1610 ante
2916 1553 3179 1620 diximus,
3209 1554 3283 1609 ita
3332 1564 3416 1612 est
3466 1557 3522 1611 in

1926 1645 2108 1715 Patre,
2127 1648 2273 1705 sicut
2294 1655 2348 1702 et
2364 1661 2481 1702 nos.
2501 1647 2608 1701 Aut
2643 1662 2772 1718 ergo
2799 1662 3026 1703 necesse
3062 1656 3146 1703 est
3170 1648 3327 1704 fateri
3358 1648 3523 1704 etiam

1926 1755 2028 1796 nos
2053 1755 2122 1795 cx
2165 1738 2405 1794 essentia
2431 1737 2611 1793 Patris
2632 1752 2775 1805 esse,
2798 1738 2924 1809 quia
2950 1755 3116 1795 unum
3149 1739 3278 1794 facti
3330 1754 3521 1794 sumus

1926 1846 2049 1888 cum
2084 1830 2215 1899 Deo,
2238 1839 2331 1883 aut
2354 1830 2398 1886 si
2427 1830 2677 1885 homines
2717 1845 3005 1886 manemus
3065 1831 3281 1887 etiamsi
3345 1847 3517 1887 unum

210 1919 307 1974 καὶ
331 1920 530 1990 ἡμεῖς.
566 1919 639 1973 Ἦ
671 1919 852 1975 τοίνυν
891 1920 987 1975 καὶ
1022 1920 1175 1991 ἡμᾶς
1208 1918 1507 1974 ἀκόλουθον
1542 1920 1818 1993 ὁμολογεῖν

1930 1923 2121 1977 ίίιιιιιιιε
2145 1934 2270 1976 cum
2298 1918 2431 1983 Deo,
2473 1933 2687 1989 :cquum
2725 1928 2827 1985 est,
2854 1929 2916 1977 ut
2939 1920 3081 1976 idem
3121 1920 3187 1976 de
3229 1919 3367 1978 Filio
3390 1936 3523 1977 cen-

211 2010 277 2065 ἑιι
310 2011 419 2082 τῆς
454 2010 649 2076 οὐσίας
676 2007 815 2066 εῖναι
862 2010 958 2065 τοῦ
998 2011 1233 2083 Πατρὸς,
1264 2011 1353 2065 διὰ
1391 2011 1453 2065 τὸ
1484 2011 1542 2065 ἓν
1568 2012 1818 2081 γίνεσθαι

212 2104 351 2174 πρὸς
384 2103 553 2167 Θεὸν,
604 2103 649 2174 ἢ
688 2104 737 2157 εί
783 2105 1018 2175 μένομεν
1066 2103 1365 2174 ἄνθρωποι,
1406 2103 1508 2158 κᾶν
1548 2103 1605 2157 ἒν
1648 2102 1820 2171 γενώ-

217 2194 357 2263 μεθα
387 2195 533 2268 πρὸς
562 2195 655 2248 τὸν
706 2196 947 2266 Πατέρα,
978 2195 1186 2250 δίκαιον
1222 2197 1317 2251 καὶ
1346 2198 1431 2267 tcp'
1486 2196 1615 2251 Υίοῦ
1658 2198 1819 2252 τοῦτο

1927 2009 2531 2070 εοιιιιιυε.ὶ1ιιιιειεηίιιι
2593 2012 2646 2065 in
2696 2028 2791 2067 sua
2856 2022 3072 2081 natura,
3125 2029 3235 2071 non
3279 2013 3524 2069 sublatus

1928 2106 1981 2160 in
2005 2103 2298 2160 essentiam
2333 2101 2538 2171 Patris,
2564 2102 2781 2161 tametsi
2826 2120 2993 2160 unum
3042 2120 3168 2161 cum
3235 2106 3354 2176 ipse
3400 2119 3525 2162 esse

1926 2197 2158 2251 dicatur.

213 2293 459 2359 φρονεῖν.
516 2291 683 2345 Μὲνει
737 2293 845 2363 γὰρ
890 2290 983 2345 ἐπὶ
1029 2292 1129 2362 τῆς
1184 2292 1377 2346 ἑαυτοῦ
1431 2294 1667 2363 φύσεως,
1714 2294 1813 2347 οὐκ
1888 2290 2198 2346 ἀναϐαίνων
2266 2290 2348 2353 είς
2394 2289 2495 2361 τὴν
2526 2287 2621 2343 τοῦ
2665 2286 2881 2361 Ηατρὸς
2930 2290 3145 2357 οὐσίαν,
3196 2288 3302 2344 κᾶν
3335 2290 3412 2353 ὡς
3460 2287 3523 2344 ἰν

214 2384 488 2456 ὑπάρχειν
522 2385 751 2455 λέγηται
786 2384 925 2457 πρὸς
956 2385 1143 2438 αὐτόν.

778 2498 971 2565 Λύσις
998 2498 1244 2567 ἐφεξῆς.

283 2604 479 2659 Ταῦτα
531 2608 627 2660 καὶ
677 2608 706 2661 6
754 2606 864 2661 τῶν
898 2610 1288 2681 χριστομάχων
1333 2610 1519 2682 πατὴρ
1567 2612 1665 2664 καὶ
1710 2610 1812 2683 τῆς

217 2693 489 2766 φλυαρίας
525 2696 705 2750 αὐτῶν
735 2698 970 2769 χορηγὸς
1002 2700 1253 2764 διάϐολος
1300 2701 1539 2772 είρηκὼς
1574 2702 1774 2773 ἤκουσε
1794 2718 1811 2734 ⁸

220 2804 241 2835 ι
275 2786 391 2840 Νῦν
425 2786 482 2840 δὲ
516 2790 596 2851 εἰς
624 2786 757 2859 ᾅδην
784 2790 1071 2863 καταϐήσῃ
1108 2792 1198 2845 καὶ
1239 2794 1321 2856 εἰς
1353 2795 1420 2845 τὰ
1456 2794 1682 2864 θεμέλια
1712 2796 1812 2865 τῆς

216 2877 338 2947 γῆς.
383 2895 404 2929 ι
452 2878 540 2941 Ὠς
574 2878 682 2950 γὰρ
714 2880 1045 2952 τετόλμηκεν
1080 2884 1256 2935 εἰπεῖν
1290 2885 1495 2947 ἐκεῖνος
1517 2901 1529 2913 ·
1563 2904 1583 2937 ι
1658 2886 1813 2940 Ἀνα-

218 2966 460 3037 ϐήσομαι
501 2968 691 3021 ἐπάνω
716 2968 826 3022 τῶν
853 2968 1115 3037 νεφελῶν,
1146 2972 1239 3024 καὶ
1270 2971 1468 3041 ἔσομαι
1515 2973 1701 3043 ὅμοιος
1731 2973 1810 3043 τῷ

2438 2486 2652 2545 Salutio
2687 2488 3017 2558 objectionir.

1987 2602 2109 2658 Ilmc
2140 2604 2256 2671 ipsa
2283 2602 2534 2659 diabolus
2565 2604 2765 2669 etiam,
2804 2605 3044 2659 hostium
3106 2604 3305 2660 Christi
3339 2615 3518 2676 pater,

1888 2706 1969 2756 .et
1998 2696 2215 2749 illorum
2284 2696 2616 2763 nugacitatis
2674 2697 3092 2766 antesignanus,
3146 2696 3311 2762 dixit,
3357 2709 3520 2771 atque

1912 2784 2051 2847 ideo,
2082 2783 2323 2837 audivit:
2356 2803 2375 2835 ι
2407 2781 2563 2838 Nunc
2585 2784 2651 2837 ad
2682 2782 2887 2840 inferos
2917 2788 3212 2841 descendes
3240 2788 3361 2841 etin
3388 2786 3517 2843 futt-

1922 2873 2174 2928 damenta
2206 2883 2387 2927 teme.
2414 2891 2433 2925 ι
2464 2874 2935 2940 Quemadmodum
2958 2877 3103 2930 enim
3124 2876 3212 2932 ille
3235 2893 3400 2933 ausus
3432 2889 3521 2934 est

1918 2964 2099 3020 dicere
2134 2984 2148 3019 :
2187 2983 2207 3016 ι
2230 2964 2537 3019 Ascendam
2573 2981 2739 3034 super
2764 2968 2959 3032 nubes,
2987 2978 3043 3022 et
3072 2984 3168 3024 ero
3198 2970 3395 3026 similis
3419 2972 3516 3026 Al-

231 3057 509 3129 Ὑψίστῳο
538 3078 559 3111 ι
594 3057 685 3114 τὸν
714 3060 876 3114 αὐτὸν
900 3060 964 3133 δὴ
996 3061 1199 3133 τρόπον
1225 3064 1318 3115 καὶ
1343 3054 1510 3128 οὗτοι,
1548 3064 1683 3116 πολὺ
1708 3064 1809 3133 τῆς

1926 3056 2130 3110 tissime
2156 3056 2177 3087 '
2209 3072 2222 3108 :
2253 3075 2271 3106 ι
2293 3058 2484 3112 eadem
2546 3056 2758 3113 ratione
2817 3058 2983 3113 etiam
3030 3058 3115 3113 isti
3146 3060 3395 3117 humanae
3418 3078 3517 3117 na-

218 3149 529 3220 ἀνθρώπων
576 3151 792 3219 φύσεως
842 3153 969 3215 τοὺς
1012 3153 1170 3225 ὅρους
1219 3153 1674 3224 ὑπερϐαινόμενοι
1721 3155 1815 3207 καὶ

218 3241 317 3313 τῆς
360 3243 552 3306 οὐσίας
597 3242 897 3308 ἀναϐάντες
927 3242 989 3297 τὸ
1033 3244 1254 3315 μέτρον,
1289 3246 1351 3298 οὐ
1392 3245 1683 3314 φοϐοῦνται
1728 3246 1817 3300 λέ-

221 3350 441 3400 γοντες·
502 3334 770 3406 Ἐσόμεθα
816 3335 993 3406 ὅμοιοι
1026 3334 1103 3407 τῷ
1153 3334 1413 3407 ’Υψίστῳ.
1466 3336 1679 3409 ’Ὠσπερ
1721 3332 1816 3391 οὖν

222 3424 475 3497 ἀληθεύει
520 3428 548 3479 6
594 3425 690 3479 τοῦ
718 3426 855 3480 Θεοῦ
884 3427 1057 3496 Λόγος
1094 3426 1254 3498 βοῶν,
1283 3427 1363 3480 ὃτι
1402 3446 1421 3479 ι
1475 3426 1615 3497 Ἐγὼ
1650 3430 1741 3481 καὶ
1786 3429 1815 3482 6

224 3518 411 3591 ῌατὴρ
447 3521 505 3573 ἓν
536 3520 725 3590 ἐσμεν,
762 3536 781 3571 ι
813 3518 900 3573 διὰ
928 3519 990 3573 τὸ
1016 3520 1118 3590 τῆς
1150 3520 1341 3584 οὐσίας
1368 3521 1811 3591 ἀπαράλλακτον,

220 3606 364 3663 οὕτω
412 3611 510 3664 καὶ⁹
544 3612 595 3664 oi
642 3612 999 3682 χριστομάχοι
1042 3612 1249 3665 εἴποιεν
1298 3611 1365 3665 ἂν
1420 3612 1812 3682 ἀληθεύοντεςο

244 3701 435 3774 Ἡμεῖς
456 3704 550 3757 καὶ
576 3703 605 3756 6
622 3702 804 3774 πατὴρ
838 3702 996 3773 ἡμῶν
1027 3705 1056 3757 6
1080 3702 1325 3766 διάϐολος
1354 3703 1413 3758 ’ἐν
1436 3705 1625 3775 ἐσμεν,
1641 3704 1729 3758 διὰ
1750 3705 1815 3758 τὸ

224 3792 323 3864 τῆς
350 3795 577 3867 γνώμης
609 3795 1046 3867 ἀπαράλλακτον.
1082 3796 1178 3859 Et;
1198 3795 1354 3850 τοῦτο
1380 3797 1437 3851 δὲ
1467 3798 1565 3869 ήδη
1603 3800 1814 3870 μωρίας

226 3885 538 3941 ἐλαύνουσιν
564 3886 637 3949 ὡς
668 3885 879 3941 οἴεσθαι
911 3887 1056 3941 κατὰ
1092 3886 1252 3957 χάριν
1280 3887 1506 3957 ἔχοντας
1542 3888 1603 3943 τὸ
1628 3889 1814 3943 καλεῖ-

228 3978 347 4032 σθαι
376 3976 554 4043 θεοὺς,
584 3978 802 4051 ὁμοίους
841 3975 981 4033 εἶναι
1006 3971 1269 4033 δύνασθαι
1314 3981 1457 4036 κατὰ
1507 3981 1605 4052 τὴν
1650 3983 1815 4051 φύσιν

227 4067 318 4123 τοῦ
352 4069 452 4141 ’γὴν
489 4070 649 4141 χάριν
696 4070 1106 4134 ἔπιδεδωκότος.
1157 4071 1267 4124 Καὶ
1305 4072 1413 4124 uio‘t.
1461 4072 1811 4143 κεκλημένοι,

228 4160 347 4215 καθ’
375 4162 673 4233 ὁμοιότητα
702 4162 795 4217 τοῦ
824 4163 965 4217 κατὰ
997 4163 1159 4231 φύσιν
1192 4163 1347 4227 Υίοῦ,
1396 4164 1542 4229 ἴσους
1586 4166 1814 4230 ἑαυτοὺς

230 4249 365 4309 εἶναι
416 4254 735 4308 πιστεύουσι
783 4254 879 4308 τοῦ
920 4254 1056 4325 πρὸς
1099 4256 1374 4310 υἱοθεσίαν
1423 4256 1810 4326 ἀναγαγόντος,

231 4346 321 4399 καὶ
348 4349 411 4401 τι
439 4348 569 4401 ίδιον
611 4347 779 4402 αὑτοῦ
820 4350 964 4402 κατά
997 4348 1160 4419 φύσιν
1195 4348 1433 4420 ἀξίωμα,
1479 4349 1621 4402 κατὰ
1652 4351 1812 4422 χάριν

232 4439 410 4505 αὐτοῖς
437 4440 721 4505 ἐπιθέντος
744 4439 835 4495 διά
878 4441 1081 4511 πολλὴν
1117 4441 1551 4512 φιλανθρωπίαν.

500 4551 823 4619 Ἀντίθεσις
850 4553 931 4619 ὡς
959 4552 1028 4607 ἐκ
1058 4552 1178 4607 τῶν
1210 4552 1543 4623 αἱρετικῶν.

296 4661 419 4716 Κᾶν
460 4660 618 4733 λέγῃ,
673 4665 858 4734 φασιν,
895 4666 925 4719 6
975 4664 1125 4731 Υἱὸς,
1167 4664 1309 4733 Ἐγὼ
1354 4666 1449 4719 καὶ
1477 4669 1505 4720 6
1543 4664 1731 4739 Πατὴρ
1759 4665 1816 4719 tv

234 4749 416 4823 ἐσμεν,
448 4752 511 4806 οὐ
541 4751 760 4817 πάντως
789 4756 940 4809 ἔσται
966 4754 1069 4825 τῆς
1097 4756 1269 4825 αὐτῆς
1297 4754 1486 4819 οὐσίας
1514 4755 1593 4825 τῷ
1623 4757 1819 4828 Πατρὶ,

234 4843 352 4900 imi.
393 4846 491 4900 καὶ
523 4848 690 4917 ἡμεῖς
721 4847 1003 4921 ἄνθρωποι
1052 4848 1199 4903 κατὰ
1235 4849 1401 4917 φύσιν
1437 4849 1611 4914 ὄντες,
1646 4848 1705 4903 ἓν
1744 4849 1821 4914 ὡς

238 4936 369 5007 πρὸς
398 4937 491 4990 τὸν
515 4937 648 4991 Θεὸν
676 4938 943 5009 γινόμεθα
961 4956 975 4970 ο
1010 4940 1105 4993 καὶ
1137 4939 1349 5011 μάρτυς
1392 4939 1555 5004 αὐτὸς
1590 4939 1763 5009 λέγων
1791 4940 1821 4993 6

238 5024 359 5091 Υίός
385 5044 400 5058 ·
438 5046 459 5080 ι
514 5027 693 5092 θέλω,
739 5028 945 5099 Πάτερ,
998 5029 1084 5083 ἵνα
1136 5030 1328 5102 ὥσπερ
1363 5030 1475 5099 ἐγὼ
1517 5031 1614 5085 καὶ
1651 5032 1717 5085 σὺ
1762 5032 1821 5085 tv

237 5117 419 5191 ὶσμεν,
446 5117 591 5173 οὕτω
624 5118 719 5174 καὶ
758 5119 914 5175 αὐτοὶ
941 5121 1001 5173 tv
1032 5122 1163 5192 ἡμῖν
1198 5120 1257 5177 ἓν
1290 5114 1444 5177 ὦσιν.

719 5297 877 5367 Πρὸς
915 5297 1092 5353 τοῦτο
1122 5299 1328 5366 ⁸ιῑύοίς.

304 5411 368 5465 El
395 5411 569 5475 οὕτως
606 5411 745 5464 είσὶν
776 5412 805 5463 6
850 5412 1043 5483 Πατὴρ
1094 5412 1191 5466 καὶ
1231 5413 1259 5466 6
1305 5411 1439 5475 Υἱὸς
1480 5411 1560 5475 ἓν,
1595 5409 1672 5475 ὡς
1724 5410 1820 5464 καὶ

242 5505 394 5573 ἡμεῖς
434 5504 571 5575 πρὸς
616 5503 706 5557 τὸν
744 5504 987 5575 Πατέρα,
1039 5505 1135 5558 καὶ
1168 5507 1196 5559 6
1244 5504 1437 5591 Παρὴρ
1474 5502 1609 5574 πρὸς
1649 5505 1819 5574 ἡμᾶς,

238 5594 383 5648 οὐδὲν
415 5594 527 5665 ἄρα
555 5593 618 5646 τὸ
646 5592 850 5664 μεταξὺ
879 5594 973 5649 τοῦ
1002 5595 1140 5649 Θεοῦ
1167 5596 1338 5664 Λόγου
1368 5596 1465 5650 καὶ
1492 5593 1672 5666 ἡμῶν,
1703 5594 1821 5648 ἀλλ’

238 5686 388 5740 Ισται
427 5684 573 5741 κατὰ
605 5684 767 5757 φύσιν
797 5688 931 5758 ἡμῖν
959 5690 987 5742 6
1017 5688 1198 5756 αὐτὸς,
1220 5688 1407 5742 διοίσει
1448 5688 1503 5742 δὲ
1538 5688 1703 5758 μόνον
1739 5685 1818 5758 τῷ

1923 3154 2053 3200 tura:
2078 3144 2281 3201 limites
2302 3145 2459 3215 longe
2496 3146 2886 3213 transilientes,
2924 3158 2979 3202 et
3037 3150 3366 3205 substantia:
3403 3169 3516 3208 sum

1919 3234 2193 3289 modulum
2254 3236 2731 3301 transcendentes,
2784 3252 2893 3292 non
2968 3250 3229 3295 verentur
3281 3242 3509 3299 dicere:

1917 3323 2135 3380 Erimus
2164 3325 2376 3383 similes
2398 3326 2705 3384 Altissimo.
2757 3327 2913 3384 Sicut
2970 3328 3138 3400 igitur
3203 3346 3333 3389 vere
3386 3335 3519 3389 dicit

1923 3417 2155 3473 Verbum
2177 3416 2292 3487 Dei,
2318 3419 2562 3475 clamans
2588 3436 2603 3473 :
2645 3420 2788 3491 «Ego
2810 3428 2865 3477 et
2887 3420 3054 3476 Pater
3070 3438 3235 3477 unum
3266 3440 3476 3487 sumus.
3492 3446 3511 3480 ι

1916 3520 2139 3579 propter
2168 3510 2509 3566 identitatem
2536 3514 2789 3568 essentia
2817 3531 2833 3568 :
2863 3513 2938 3569 ita
2962 3515 3126 3569 etiam
3144 3516 3329 3575 hostes
3355 3518 3517 3573 (Ἀπία

1917 3600 2189 3655 stidicant
2224 3614 2384 3655 vere:
2417 3599 2529 3657 Nos
2554 3610 2609 3656 et
2635 3611 2999 3673 paternoster
3025 3603 3274 3661 diabolus
3343 3623 3513 3663 unum

1912 3708 2125 3759 sumus,
2156 3704 2379 3765 propter
2411 3694 2753 3749 voluntatum
2779 3697 3215 3754 similitudinem.
3267 3699 3344 3754 Eo
3366 3701 3512 3755 enim

1912 3784 2025 3855 jam
2051 3784 2340 3840 dementiae
2394 3795 2681 3853 venerunt,
2714 3795 2773 3841 ut
2837 3802 2959 3843 cum
3008 3806 3104 3859 per
3144 3791 3376 3858 gratiam
3460 3793 3514 3848 id

1916 3876 2200 3931 consecuti
2226 3876 2335 3930 sint
2374 3885 2432 3931 ut
2461 3876 2534 3931 dii
2576 3885 2857 3941 vocentur,
2908 3878 3221 3934 existiment
3265 3895 3325 3935 se
3358 3883 3515 3936 stmi-

1916 3964 1997 4020 les
2023 3979 2145 4021 esse
2178 3979 2338 4036 posse
2364 3966 2663 4021 secundum
2689 3976 2943 4022 naturam
2971 3968 3021 4023 ei
3049 3969 3139 4039 qui
3201 3971 3332 4040 ipsis
3364 3972 3511 4027 illam

1915 4059 2145 4126 gratiam
2171 4058 2396 4128 largitus
2434 4065 2539 4112 est.
2569 4058 2813 4128 Cumque
2835 4068 3103 4114 vocentur
3125 4061 3241 4125 lilii,
3270 4062 3337 4117 ad
3360 4063 3514 4118 sinti-

1916 4148 2197 4204 litudinem
2245 4148 2365 4219 ejus
2408 4149 2502 4219 qui
2540 4149 2869 4205 naturaliter
2931 4160 3017 4205 est
3044 4151 3235 4219 Filius,
3272 4155 3511 4224 aequales

1916 4255 1975 4296 se
2002 4247 2196 4310 putant
2228 4242 2276 4295 ei
2309 4243 2401 4310 qui
2438 4254 2535 4296 eos
2563 4241 2863 4311 adoptavit,
2892 4242 3055 4313 119
3079 4245 3281 4313 quique
3329 4246 3509 4314 digni-

1918 4342 2083 4389 tattm
2115 4348 2237 4404 qna:
2265 4333 2369 4389 sibi
2403 4332 2725 4388 naturaliter
2753 4335 2976 4403 propria
3001 4344 3107 4401 est,
3144 4351 3238 4405 per
3279 4339 3510 4408 gratiam

1847 4437 1890 4493 ι)
1920 4440 2019 4497 pro
2046 4427 2248 4497 ingenti
2287 4440 2385 4480 sua
2422 4425 2756 4495 benignitate
2784 4424 2863 4479 eis
2893 4426 3183 4484 concessit.

2374 4537 2616 4609 Objectio
2660 4538 3050 4595 hereticorum.

1996 4653 2264 4723 Tametsi,
2324 4654 2602 4725 inquiunt,
2654 4653 2827 4710 Filius
2872 4654 3018 4709 dicat
3050 4672 3065 4709 :
3094 4654 3208 4725 Ego
3254 4663 3309 4710 et
3346 4654 3515 4712 Pater

1922 4762 2090 4803 unum
2122 4762 2337 4812 sumus,
2369 4763 2478 4803 non
2511 4754 2695 4802 tamen
2719 4746 2827 4802 erit
2858 4745 3101 4815 ejusdem
3132 4761 3357 4817 prorsus
3385 4762 3511 4803 cum

1921 4850 1989 4894 eo
2012 4839 2291 4904 essentia,
2312 4837 2585 4907 siquidem
2623 4845 2677 4891 et
2703 4850 2804 4891 nos
2832 4850 2957 4892 cum
2991 4845 3187 4891 natura
3214 4837 3511 4894 simus-bo-

1923 4928 2123 4993 mines,
2156 4944 2324 4984 unum
2365 4943 2489 4985 cunt
2536 4926 2654 4983 Deo
2697 4925 3000 4982 eilicimur:
3043 4926 3203 4996 cujus
3240 4928 3317 4984 rei
3354 4929 3514 4985 testis

1921 5031 2008 5079 est
2042 5021 2159 5091 ipse
2181 5020 2357 5077 Filius
2390 5020 2582 5077 dicens
2614 5040 2627 5076 :
2664 5036 2687 5071 ι
2728 5017 2883 5085 Volo,
2926 5018 3113 5084 Pater,
3147 5029 3207 5074 ut
3230 5019 3377 5075 sicut
3408 5034 3513 5091 ego

1922 5124 1979 5170 ct
2034 5128 2092 5171 tu
2142 5130 2312 5171 unum
2360 5129 2573 5179 sumus,
2627 5112 2704 5167 ita
2754 5122 2815 5169 et
2869 5113 2976 5184 ipsi
3033 5112 3090 5168 in
3148 5114 3310 5171 nobis
3344 5129 3511 5169 unum

1921 5207 2036 5263 sint
2057 5208 2126 5263 “.
2156 5226 2176 5259 ι

2416 5298 2630 5355 Salutio
2667 5299 3000 5369 objectionis.

1997 5409 2059 5467 Si
2099 5407 2264 5465 Pater
2296 5419 2352 5465 et
2389 5408 2564 5465 Filius
2605 5409 2678 5465 ita
2721 5419 2850 5465 sunt
2900 5424 3091 5474 unum,
3134 5409 3277 5464 sicut
3319 5417 3377 5464 et
3413 5422 3513 5465 nos

1926 5516 2051 5557 cum
2088 5501 2276 5568 Patre,
2327 5512 2379 5557 et
2415 5500 2583 5557 Pater
2626 5501 2910 5558 nobiscum
2947 5517 2964 5556 :
2997 5501 3145 5557 nulla
3200 5500 3367 5569 igitur
3404 5502 3514 5556 erit

1925 5593 2231 5651 diﬂ'erentia
2260 5593 2408 5649 inter
2432 5594 2525 5651 Dei
2567 5594 2805 5651 Verbum
2836 5604 2890 5652 et
2921 5609 3020 5651 nos
3042 5611 3057 5661 ;
3082 5595 3176 5649 sed
3210 5595 3316 5649 erit
3353 5604 3515 5650 natu-

1912 5684 2115 5741 raliter
2153 5684 2297 5741 idem
2336 5685 2642 5755 nobiscum,
2671 5695 2725 5742 et
2762 5695 3007 5758 tempore
3031 5692 3245 5741 tantum
3275 5683 3509 5750 dideret,

322 5858 342 5890 ’
364 5865 517 5924 Joztn.
557 5882 690 5938 xvtt,
724 5865 919 5923 20.9.2.
1000 5868 1019 5901 ⁸
1049 5866 1152 5923 lsa.
1186 5882 1294 5931 xw,
1330 5866 1414 5923 i9.
1499 5865 1520 5897 ’
1545 5866 1677 5921 ibid.
1711 5864 1794 5921 Η.

1954 5863 2110 5922 Joan.
2140 5878 2273 5931 n'tt,
2305 5863 2387 5922 9.4»
