3994 6324
533 399 634 457 I39

1547 394 1605 451 S.
1645 395 1919 453 CYRILLI
1960 395 2423 457 ALEXANDRINI
2464 400 2778 458 ARClllEP.

3661 395 3768 452 200

531 518 798 587 siquidem
844 525 898 571 et
936 514 1049 585 ipse
1080 524 1207 570 ante
1243 528 1434 571 omnes
1478 516 1733 582 exsistit;
1780 528 1834 573 at
1878 521 2083 576 tametsi

2196 525 2392 595 χρόνῳ,
2424 528 2545 581 ἐπεὶ
2590 526 2685 579 καὶ
2718 524 2882 587 αὑτός
2912 525 3026 578 ἐστι
3059 523 3165 593 πρὸ
3210 522 3426 576 πάντων
3448 534 3459 549 ·
3499 519 3632 573 ἀλλά
3664 519 3767 571 κᾶν

535 619 779 677 tempore
822 606 970 675 prior
1011 606 1102 669 sit,
1137 602 1277 659 idem
1314 615 1492 661 tamen
1538 609 1816 663 nobiscum
1857 611 1962 663 erit
2006 627 2094 665 ra-

534 703 681 754 tione
708 698 973 752 essentia.
1005 697 1141 762 Quid
1171 697 1311 750 cnim
1338 688 1908 767 obstiteritquominus
1927 700 2093 755 Adam

532 793 827 846 secundum
865 801 1110 844 naturam
1142 790 1215 844 sit
1242 788 1405 843 Paulo
1430 791 1641 857 similis,
1683 802 1777 845 aut
1806 792 1961 847 alicui
2014 794 2095 847 al-

534 886 633 938 teri
663 892 782 951 post
830 865 888 936 se
938 893 1082 947 nato,
1121 882 1327 936 tametsi
1371 892 1500 936 ante
1530 899 1717 938 onmes
1746 886 1862 955 ipse
1910 902 1938 939 a
1986 887 2095 941 Deo

532 986 750 1029 creatus
786 973 984 1028 fuerit?
1018 974 1072 1025 Si
1112 989 1242 1042 ergo
1289 974 1342 1028 in
1392 975 1477 1029 his
1511 984 1718 1045 tempus
1767 978 1896 1030 nihil
1921 978 2091 1047 juvat,

531 1069 658 1135 quid
684 1067 931 1133 prohibet
963 1068 1255 1132 quominus
1286 1077 1341 1120 et
1395 1066 1563 1121 Filius
1600 1078 1724 1120 ante
1762 1084 1857 1124 nos
1884 1071 2094 1139 genitus

532 1157 773 1225 ejusdem
824 1158 1074 1211 essentizn
1114 1158 1393 1212 nobiscum
1430 1158 1521 1220 sit,
1563 1160 1605 1212 si
1655 1158 1787 1211 nihil
1832 1159 1973 1212 aliud
2010 1167 2093 1214 cst

526 1248 861 1302 discriminis
917 1250 1054 1302 inter
1094 1264 1189 1303 nos
1234 1259 1288 1302 et
1334 1250 1546 1319 ipsum?
1592 1248 1753 1317 Atqui
1806 1249 1849 1302 si
1896 1250 1995 1303 hoc
2024 1264 2115 1305 ex;

527 1351 707 1394 vestra
742 1342 1010 1396 sententia
1042 1356 1229 1394 verum
1270 1350 1376 1405 est,
1414 1358 1571 1409 quam
1616 1341 1685 1395 ob
1728 1356 1939 1395 causam
1976 1341 2092 1410 ipse

529 1433 677 1487 solus
699 1442 925 1485 vocatur
946 1440 1185 1495 creator,
1220 1447 1339 1484 cum
1370 1431 1501 1485 milli
1538 1442 1775 1485 nostrum
1809 1432 1857 1484 id
1896 1446 2090 1485 nomen

527 1523 843 1590 competat?
875 1521 941 1574 Et
972 1537 1069 1575 nos
1100 1523 1314 1590 quidem
1340 1510 1444 1590 per
1478 1522 1648 1590 ipsum
1675 1521 1839 1576 creati
1879 1535 2087 1587 sumus,

525 1612 640 1680 ipse
659 1628 787 1667 vero
821 1612 1081 1667 creatoris
1110 1612 1335 1682 gloriam
1374 1612 1472 1666 sibi
1506 1613 1750 1667 ascribit.
1787 1611 1851 1664 Et
1878 1627 2087 1682 acquum

526 1713 668 1769 erat,
728 1706 772 1759 si
832 1704 971 1758 idem
1029 1713 1217 1756 natura
1272 1719 1389 1756 cum
1436 1704 1551 1769 ipso
1598 1717 1805 1767 sumus,
1841 1703 2088 1757 eumdem

526 1796 690 1850 etiam
740 1809 860 1848 cum
919 1794 1010 1849 illo
1054 1794 1193 1860 apud
1258 1792 1469 1848 Patrem
1518 1795 1691 1848 locum
1731 1795 1995 1858 obtinere,
2036 1801 2089 1848 et

2198 619 2295 691 ἔχῃ
2340 619 2400 671 τὸ
2453 618 2801 691 προτερεύειν
2842 618 2983 672 κατά
3030 618 3120 671 τὸν
3164 617 3373 687 χρόνον,
3406 613 3556 665 ἔσται
3604 611 3771 664 πάλιν

2197 710 2327 777 ἡμῖν
2358 711 2478 763 κατ’
2500 710 2687 763 οὐσίαν
2702 696 2743 761 7Αὸ
2770 710 2953 773 αὐτός,
2985 708 3048 762 Τί
3076 707 3185 777 γὰρ
3207 706 3439 759 κωλύσει
3467 703 3556 757 τὸν
3592 703 3768 772 Ἀδὰμ

2196 800 2275 862 είς
2304 798 2363 851 τὸ
2406 795 2543 853 εἶναι
2583 800 2723 853 κατὰ
2758 800 2918 869 φύσιν
2950 801 3133 870 ὅμοιον
3162 797 3240 867 τῷ
3275 795 3471 866 Παύλῳ
3510 807 3690 865 τυχον,
3729 806 3762 863 η

2196 887 2366 958 ἑτέρῳ
2392 889 2499 941 τινὶ
2531 888 2639 940 τῶν
2673 890 2789 959 μετ’
2809 888 2970 942 αὑτὸν
2995 888 3313 955 γεγονότων,
3338 885 3396 938 τὸ
3418 885 3521 955 πρὸ
3550 885 3763 937 πάντων

2195 979 2357 1031 αὑτὸν
2406 980 2735 1047 πεποιῆσθαι
2786 981 2936 1050 παρὰ
2984 979 3152 1044 Θεοῦ;
3188 980 3247 1031 El
3283 976 3461 1030 τοίνυν
3508 976 3659 1029 οὐδὲν
3706 977 3765 1026 ὲν

2192 1071 2401 1133 τούτοις
2431 1075 2458 1125 ὁ
2485 1074 2677 1143 χρόνος
2704 1073 2923 1142 ὠφελεῖ,
2954 1073 3004 1124 τί
3034 1070 3232 1123 κωλύει
3266 1072 3362 1124 καὶ
3389 1068 3476 1121 τὸν
3505 1068 3634 1120 Υἱὸν
3658 1066 3766 1137 πρὸ

2193 1162 2349 1232 ήμῶν
2372 1165 2649 1231 γεγονότα,
2679 1164 2778 1234 τῆς
2811 1164 2978 1231 αὐτῆς
3019 1164 3201 1224 οὐσίας
3228 1164 3357 1232 ήμῖν
3395 1162 3679 1231 ὑπάρχειν,
3714 1159 3764 1209 εί

2196 1253 2362 1323 μηδὲν
2396 1252 2540 1306 ἔστιν
2585 1254 2768 1323 ἓτερον
2810 1255 2869 1306 τὸ
2905 1253 3107 1323 μεταξὺ
3142 1252 3298 1322 ήμῶν
3331 1269 3388 1303 τε
3437 1251 3529 1304 καὶ
3560 1248 3760 1312 αὐτοῦ;

2193 1344 2302 1397 Kal
2340 1346 2386 1396 εί
2417 1344 2574 1397 τοῦτο
2600 1346 2717 1397 καθ’
2756 1346 2898 1415 ὑμᾶς
2926 1348 3071 1398 ἐστιν
3097 1343 3312 1414 ἀληθὲς,
3349 1344 3468 1394 ὅτου
3497 1342 3560 1411 δὴ
3602 1340 3763 1411 χάριν

2192 1436 2353 1498 αὐτὸς
2405 1437 2563 1505 μόνος
2615 1437 2859 1490 καλεῖται
2896 1433 3151 1509 Ποιητὴς,
3196 1434 3352 1505 ἡμῶν
3394 1434 3493 1486 οὒκ
3533 1432 3763 1502 ἐχόντων

2191 1527 2379 1593 τοῦτος
2415 1529 2523 1581 Καὶ
2553 1530 2712 1598 ἡμεῖς
2747 1530 2843 1598 μὲν
2866 1528 2928 1581 δι’
2960 1527 3123 1582 αὐτοῦ
3149 1526 3472 1595 γεγόναμεν,
3518 1524 3675 1587 αὐτὸς
3705 1522 3766 1578 δὲ

2190 1618 2287 1688 τὴν
2308 1618 2401 1671 τοῦ
2436 1619 2777 1689 Δημιουργοῦ
2808 1618 2964 1681 δόξαν
2996 1618 3167 1688 φέρει.
3218 1612 3325 1668 Ἦν
3355 1615 3410 1668 δὲ
3443 1614 3609 1678 ὅντως
3633 1615 3767 1667 ἀκό-

2189 1708 2374 1763 λουθον
2403 1711 2450 1763 εἰ
2478 1712 2672 1764 ταυτόν
2702 1712 2867 1779 ἐσμεν
2894 1710 3036 1763 κατά
3070 1709 3229 1776 φύσιν
3265 1707 3433 1777 αὐτῷ,
3469 1708 3565 1778 τὴν
3592 1706 3763 1777 αὐτὴν

2189 1799 2382 1869 ἐκείνῳ
2408 1798 2588 1869 χώραν
2620 1797 2839 1868 ἐπέχειν
2867 1798 3016 1868 παρὰ
3044 1798 3121 1867 τῷ
3152 1798 3324 1867 Πατρὶ
3352 1797 3443 1849 καὶ
3478 1796 3644 1865 ἡμᾶς,
3665 1795 3765 1848 καὶ

526 1899 965 1953 unumquemque
1014 1893 1255 1938 nostrum
1296 1884 1459 1937 etiam
1499 1884 1679 1938 vocari
1721 1882 2083 1953 Unigenitum,

2189 1890 2418 1944 ἕκαστον
2464 1891 2619 1962 ἡμῶν
2668 1890 2947 1944 καλεῖσθαι
2976 1891 3069 1944 καὶ
3098 1890 3397 1959 Μονογενῆ,
3427 1890 3518 1943 καὶ
3560 1888 3756 1955 Λόγον,

524 1987 583 2029 et
618 1976 877 2039 Verbum,
907 1984 961 2029 et
988 1975 1307 2045 sapientiam
1334 1973 1529 2030 Patris.
1562 1978 1796 2041 Quorum
1820 1977 1961 2031 enim
1990 1991 2085 2030 na-

526 2074 646 2120 tura
679 2082 781 2119 una
813 2076 973 2135 atque
1000 2066 1185 2119 eadem
1219 2076 1324 2129 est,
1366 2064 1431 2118 iis
1454 2080 1735 2120 commune
1762 2066 1920 2120 etiam
1948 2067 2088 2120 inter

526 2172 586 2211 se
617 2172 810 2211 nomen
849 2168 929 2210 est
959 2174 971 2209 :
1004 2165 1058 2210 et
1086 2155 1229 2225 quod
1253 2155 1341 2208 uni
1378 2157 1867 2221 naturaliterinest,
1903 2158 1954 2211 id
1985 2172 2088 2211 caa-

526 2254 656 2306 teris
686 2266 896 2320 quoque
922 2251 1012 2320 qui
1040 2251 1278 2319 ejusdem
1316 2256 1521 2303 natura:
1561 2258 1689 2303 sunt
1721 2249 1880 2303 inest.
1912 2248 1980 2301 At
2005 2262 2088 2301 ve-

525 2358 588 2397 ro
619 2343 663 2396 si
690 2344 791 2397 hoc
830 2342 1119 2396 absurdum
1148 2350 1251 2406 est,
1281 2351 1334 2395 et
1372 2354 1557 2410 neque
1592 2350 1866 2395 crcatores
1900 2355 2085 2395 sumus

524 2444 619 2486 aut
672 2448 948 2498 vocamur,
1007 2447 1180 2500 neque
1229 2432 1519 2500 sapientia,
1566 2440 1659 2485 aut
1706 2429 1963 2497 Verbum,
1995 2438 2085 2484 aut

523 2522 797 2591 splendor,
828 2522 976 2575 solus
1016 2531 1193 2574 autem
1241 2521 1357 2576 hare
1392 2530 1477 2576 est
1527 2520 1731 2587 Filius;
1780 2536 1885 2575 non
1922 2520 2085 2591 igitur

524 2613 839 2667 naturaliter
872 2612 1009 2665 idem
1053 2610 1334 2665 nobiscum
1360 2614 1485 2676 {est,
1520 2612 1611 2665 sed
1654 2611 1980 2681 peculiarem
2023 2625 2085 2666 ac

522 2702 793 2770 prepriam
840 2715 905 2754 ex
942 2699 1101 2754 Patre
1131 2702 1532 2769 generationem
1580 2701 1763 2764 habet,
1808 2710 1969 2769 atque
2012 2701 2084 2755 ita

520 2800 603 2845 est
633 2807 795 2844 unum
832 2805 951 2844 cum
996 2804 1093 2844 suo
1116 2790 1295 2855 Patre,
1330 2805 1438 2843 non
1474 2790 1614 2844 sicut
1643 2804 1740 2843 nos
1770 2790 1857 2858 qui
1899 2792 1964 2845 ad
1999 2791 2084 2860 ip-

520 2898 636 2935 sum
682 2882 862 2948 relati,
900 2897 993 2949 per
1020 2880 1485 2950 participationem
1511 2880 2083 2935 communicationem-

520 2986 627 3039 que
679 2973 941 3023 unitatem
1005 2970 1283 3023 consecuti
1342 2984 1565 3023 sumus:
1631 2970 2081 3038 quemadmodum

521 3063 723 3113 lerrum
766 3060 873 3128 igni
905 3059 1203 3123 admotum,
1234 3059 1303 3112 ab
1331 3072 1397 3112 eo
1432 3058 1627 3115 calelit.

2188 1981 2281 2034 καὶ
2312 1982 2504 2049 σοφίαν
2548 1981 2640 2035 τοῦ
2682 1983 2912 2053 Πατρός.
2952 1978 3053 2033 Ὧν
3085 1981 3192 2049 γὰρ
3223 1982 3255 2048 ἡ
3285 1980 3444 2047 φύσις
3489 1980 3607 2050 μία,
3637 1976 3766 2032 τού-

2187 2090 2299 2137 τοις
2336 2074 2486 2126 ἔσται
2517 2074 2609 2128 καὶ
2651 2074 2711 2127 τὸ
2753 2074 2921 2143 ὄνομα
2949 2073 3122 2126 κοινόν
3144 2088 3156 2101 ·
3202 2074 3292 2124 καὶ
3322 2074 3456 2141 ὅπερ
3491 2072 3571 2123 ἑνὶ
3621 2068 3766 2123 κατᾶ

2190 2171 2349 2239 φύσιν
2394 2172 2648 2241 ὑπάρχει,
2693 2170 2850 2223 τοῦτο
2898 2169 3114 2231 πάντως
3153 2170 3461 2235 ἐγκείσεται
3506 2167 3601 2220 καὶ
3645 2167 3763 2229 τοῖς

2186 2261 2286 2331 τῆς
2320 2262 2489 2330 αὐτῆς
2539 2260 2856 2331 μετέχουσιν
2894 2259 3101 2322 οὐσίας.
3144 2261 3205 2312 Εἰ
3238 2259 3293 2311 δὲ
3340 2257 3496 2310 τοῦτο
3538 2256 3761 2317 ἄτοπον,

2188 2353 2281 2406 καὶ
2325 2352 2447 2405 οὕτε
2477 2352 2798 2422 δημιουργοί
2841 2350 3065 2421 ὲσμενῆ
3118 2348 3450 2420 κεκλήμεθα,
3490 2346 3611 2399 οὗτε
3650 2346 3763 2416 μὴν

2188 2442 2368 2510 σοφία,
2403 2441 2435 2511 ἦ
2463 2440 2705 2509 Λόγος,ἢ
2737 2440 3077 2509 ἀπαύγασμα
3099 2458 3112 2471 ·
3143 2440 3303 2509 μόνος
3329 2438 3386 2491 δὲ
3415 2437 3586 2490 ταῦτά
3612 2439 3766 2491 ἐστιν

2185 2536 2213 2587 ὁ
2236 2533 2383 2597 Υἱὸς,
2410 2534 2509 2587 οὐκ
2533 2534 2640 2602 ἄρα
2672 2533 2813 2587 κατά
2835 2533 2994 2601 φύσιν
3012 2532 3158 2585 ἔσται
3194 2533 3326 2602 πρὸς
3349 2534 3494 2602 ἡμᾶς
3520 2534 3547 2583 ὁ
3575 2531 3761 2595 αὐτὸς,

2188 2624 2301 2678 ἀλλ’
2349 2625 2652 2688 ἰδιάζουσαν
2701 2626 2763 2677 ὲκ
2810 2623 2903 2676 τοῦ
2949 2624 3160 2692 Πατρός
3206 2623 3317 2692 ἔχει
3354 2621 3451 2693 τὴν
3484 2622 3761 2690 γέννησιν,

2187 2714 2279 2767 καὶ
2308 2714 2479 2778 οὕτως
2512 2714 2658 2767 ἐστὶν
2693 2713 2751 2767 ἓν
2784 2714 2919 2784 πρὸς
2949 2714 3038 2766 τὸν
3069 2712 3261 2765 ἑαυτοῦ
3292 2712 3531 2782 Πατέρα,
3570 2712 3630 2763 ού
3660 2728 3766 2763 κα-

2187 2806 2363 2876 θάπερ
2390 2808 2549 2877 ἡμεῖς
2578 2808 2643 2877 τῇ
2679 2806 2812 2876 πρὸς
2836 2806 2995 2859 αὑτὸν
3023 2805 3201 2875 σχέσει
3240 2804 3338 2875 τὴν
3374 2804 3597 2874 ἑνότητα
3629 2821 3688 2856 κε
3701 2820 3762 2873 p-

2184 2897 2457 2961 δαίνοντες
2484 2898 2787 2968 μετοχικῶς
2828 2915 2886 2949 τε
2936 2898 3027 2951 καὶ
3078 2897 3513 2967 μεταληπτικιῖκ,
3568 2895 3761 2967 ὥσπερ

2185 2989 2249 3041 ἂν
2300 2992 2347 3041 εἰ
2401 2991 2493 3043 καὶ
2541 2990 2757 3060 σίδηρος
2805 2990 2937 3060 πυρὶ
2973 2989 3235 3059 ὁμιλήσας
3284 2989 3764 3060 περιθερμαίνοιτο

2188 3082 2315 3149 παρ’
2346 3078 2532 3133 αὑτοῦ.

517 3215 749 3278 ALIUD,
776 3233 917 3301 cunt.
946 3217 1176 3301 euidenti.
1208 3218 1663 3301 demonstratione
1692 3219 1902 3301 docens,
1941 3222 2079 3289 quod

2189 3214 2384 3301 AAAO,
2422 3215 2572 3301 μετὰ
2600 3215 2814 3301 γοργῆς
2848 3214 3211 3301 ἁποόείξεως
3241 3213 3531 3301 διὸᾴσκοις
3559 3215 3647 3301 ὅτι
3686 3218 3762 3271 τὰ

585 3304 703 3357 qua:
733 3287 995 3351 aliquibus
1019 3289 1211 3358 similia
1234 3298 1353 3358 sunt
1386 3305 1485 3340 non
1514 3290 1672 3358 120
1694 3290 1748 3341 in
1776 3287 2075 3343 universum

590 3364 638 3408 et
666 3360 985 3407 naturaliter
1015 3357 1191 3409 insunt
1228 3357 1294 3408 iis
1326 3358 1511 3423 quibus
1557 3357 1754 3411 siniilia
1797 3371 1949 3423 sunt;
1989 3361 2077 3411 sed

590 3442 650 3478 ea
677 3442 791 3492 quo"
833 3426 1149 3497 naturaliter
1176 3428 1433 3497 aliquibus
1460 3428 1657 3489 insunt,
1694 3428 1851 3481 veluti
1891 3430 2081 3497 imagi-

582 3510 671 3547 nes
696 3495 934 3561 quadam
956 3494 1087 3561 ﬁunt
1111 3496 1397 3547 motionum
1424 3507 1614 3549 nostra:
1631 3498 1933 3551 voluntatis.

590 3619 865 3691 Scriptura
904 3633 1059 3673 sacra
1086 3619 1160 3672 ita
1190 3618 1258 3673 ad
1282 3618 1563 3673 nonnullos
1593 3617 1873 3688 loquitur:
1913 3637 1932 3672 ι
1972 3618 2079 3673 Νο-

514 3714 609 3768 lite
646 3713 759 3766 lieri
796 3711 935 3765 sicut
967 3726 1137 3779 equus
1175 3720 1231 3765 et
1275 3709 1473 3773 mulus,
1521 3711 1572 3764 in
1609 3712 1807 3780 quibus
1845 3727 1947 3764 non
1997 3721 2079 3766 cst

519 3804 819 3858 intellectus
848 3803 923 3868 “;
962 3820 980 3853 ι
1019 3810 1072 3855 et
1120 3816 1329 3855 rursum
1363 3801 1427 3855 de
1471 3800 1626 3855 aliis-
1662 3820 1679 3852 ‹
1734 3800 1904 3855 llomo
1956 3818 2076 3856 cum

519 3896 571 3949 in
608 3895 811 3948 honore
842 3900 987 3947 esset
1014 3908 1122 3947 non
1151 3892 1435 3954 intellexit,
1461 3902 1807 3958 comparatus
1834 3904 1918 3946 cst
1953 3894 2082 3947 bru-

517 3989 585 4043 tis
623 3988 1021 4057 insipientibus,
1076 3994 1131 4038 et
1177 3986 1369 4039 similis
1414 3985 1585 4039 laetus
1623 3992 1707 4037 est
1760 3983 1838 4037 eis
1863 3984 1926 4035 ι’.
1961 4000 1979 4033 ι
2017 3982 2081 4035 Et

518 4080 712 4133 iterum
741 4098 754 4133 :
785 4097 804 4130 ι
852 4079 985 4147 Equi
1035 4077 1277 4131 furentes
1324 4077 1375 4130 in
1418 4091 1585 4145 equas
1635 4075 1759 4129 lacti
1810 4083 1933 4129 sunt
1958 4075 2019 4129 ".
2053 4093 2072 4125 ι
2106 4128 2123 4137 χ

516 4170 772 4225 Servator
816 4180 993 4223 autem
1023 4169 1089 4223 ad
1136 4168 1430 4237 discipulos
1460 4182 1587 4221 suos
1618 4164 1957 4220 manifestius
1993 4165 2075 4219 di-

513 4263 626 4316 cit:
676 4280 694 4313 ι
732 4262 911 4315 Estote
945 4261 1238 4329 prudentes
1267 4260 1408 4313 sicut
1452 4268 1751 4328 serpentes,
1777 4269 1832 4313 et
1875 4257 2079 4327 simpli-

514 4366 603 4406 ces
636 4354 773 4406 sicut
809 4351 1071 4406 columba:
1106 4350 1169 4403 “.
1213 4369 1230 4401 ι
1262 4351 1328 4404 Ει
1356 4366 1606 4405 rursum:
1648 4367 1666 4401 ι
1696 4347 1879 4402 Eslote
1916 4348 2079 4401 mise-

516 4444 754 4497 ricordes
783 4444 924 4497 sicut
965 4453 1021 4495 et
1059 4443 1222 4496 Pater
1268 4452 1449 4496 vester
1484 4441 1725 4496 coalestis
1770 4438 2077 4494 misericors

2249 3285 2677 3353 ἐξομοιούμενά
2706 3302 2883 3347 τισιν,
2913 3287 2984 3339 οὐ
3009 3286 3246 3349 πάντως
3272 3287 3367 3337 καὶ
3390 3286 3537 3337 κατὰ
3565 3288 3761 3353 φύσιν

2248 3351 2476 3409 ἔνεισιν
2524 3351 2615 3419 οἷς
2667 3355 3104 3421 ὲξομοιοῦνται,
3160 3355 3296 3407 ἀλλ’
3333 3355 3534 3422 ὥσπερ
3567 3351 3763 3419 τινὲς

2249 3426 2477 3490 εἰκόνες
2502 3425 2573 3477 τὰ
2604 3426 2781 3492 φύσει
2835 3425 3138 3491 προσόντα
3184 3424 3305 3477 τισὶ
3338 3427 3603 3492 γίνονται
3642 3423 3763 3478 τῶν⁹

2249 3495 2399 3547 κατὰ
2439 3494 2788 3561 προαιζοεσιν
2816 3492 2983 3562 ήμῶν
3016 3492 3376 3561 κινημάτων.

2250 3617 2411 3684 Λέγει
2446 3620 2580 3685 πρός
2613 3635 2763 3679 τινας
2798 3618 2829 3686 ή
2863 3616 2981 3670 θεία
3008 3618 3195 3689 Γραφή
3218 3635 3230 3649 ·
3267 3638 3283 3669 ι
3321 3620 3411 3689 Μὴ
3437 3618 3654 3687 γίνεσθε
3679 3621 3756 3685 ὡς

2182 3708 2343 3770 ἵππος
2366 3710 2458 3760 καὶ
2488 3708 2731 3777 ἡμίονος,
2757 3704 2835 3772 οἷς
2866 3710 2965 3761 οὐκ
2994 3710 3105 3761 ἔστι
3135 3710 3367 3773 σύνεσις.
3399 3729 3421 3759 ι
3453 3713 3560 3763 Kal
3591 3712 3756 3766 πάλιν

2180 3797 2306 3865 περὶ
2341 3796 2568 3866 ἐτέρων·
2629 3816 2646 3849 ι
2705 3797 3023 3867 Ἀνθρωπος
3060 3799 3117 3852 ὲν
3156 3803 3286 3870 τιμῇ
3320 3798 3393 3852 ὢν
3423 3802 3482 3853 ού
3530 3802 3749 3871 συνῆκε,

2182 3888 2634 3959 παρασυνεϐλήθη
2703 3892 2813 3953 τοῖς
2879 3892 3101 3960 κτήνεσι
3156 3895 3267 3954 τοῖς
3316 3892 3594 3962 ἀνοήτοις,
3658 3895 3756 3948 καὶ

2180 3976 2435 4046 ὡμοιώθη
2465 3978 2666 4040 αὐτοῖς.
2715 3999 2733 4030 ›
2777 3980 2887 4032 Kal
2916 3980 3110 4033 πάλινο
3154 4001 3171 4032 ι
3207 3982 3393 4034 Ἱπποι
3425 3982 3757 4053 θηλυμανεϊς

2179 4069 2531 4140 ἐγενήθησαν.
2567 4089 2585 4121 ι
2635 4071 2693 4123 ‘0
2716 4072 2771 4123 δέ
2798 4090 2860 4141 γε
2888 4073 3075 4144 Σωτὴρ
3103 4074 3235 4143 πρὸς
3267 4074 3392 4138 τοὺς
3426 4075 3620 4129 ἑαυτοῦ
3652 4094 3753 4145 μαο

2179 4160 2346 4230 θητὰς
2379 4163 2703 4233 τρανότερον
2735 4163 2922 4231 λέγει’
2970 4183 2987 4215 ι
3038 4163 3253 4217 Γίνεσθε
3290 4166 3540 4236 φρόνιμοι
3585 4167 3660 4229 ὼς
3702 4168 3753 4221 οί

2178 4253 2346 4320 ὄφεις,
2384 4255 2478 4307 καὶ
2511 4254 2760 4326 ἀκέραιοι
2792 4255 2866 4319 ὡς
2895 4258 2947 4309 αἱ
2984 4257 3323 4327 περιστεραί.
3365 4276 3383 4307 ι
3417 4257 3526 4310 Kal
3555 4258 3752 4311 πάλιν·

2188 4362 2207 4395 s
2241 4344 2455 4397 Γίνεσθε
2486 4346 2826 4417 οἰκτίρμονες
2858 4346 3036 4409 καθὼς
3066 4348 3093 4399 ὁ
3126 4348 3314 4419 Πατὴρ
3346 4347 3499 4415 ὑμῶν
3525 4350 3553 4399 ό
3581 4348 3749 4419 οὐρά-

2178 4453 2286 4498 νιος
2324 4437 2621 4507 οἰκτίρμων
2665 4438 2831 4491 ἐστίν.
2890 4458 2906 4489 ι
2944 4440 3005 4492 El
3043 4441 3140 4509 μὲν
3169 4434 3261 4492 οὖν
3298 4439 3358 4492 τὸ
3394 4442 3506 4502 τοῖς
3534 4438 3751 4507 ἀλόγοις

513 4539 597 4587 cst
634 4533 699 4586 ³⁸.
732 4552 750 4586 ›
795 4535 851 4588 Si
898 4548 1027 4602 ergo
1085 4532 1256 4586 brutis
1289 4532 1653 4586 animantibus
1694 4530 1899 4585 similes
1947 4528 2071 4583 lacti

2189 4525 2333 4591 ζώοις
2381 4527 2753 4598 ὲξομοιοῦσθαί
2800 4548 2972 4592 τινας,
3026 4531 3106 4582 ὅτι
3152 4531 3251 4599 τὴν
3299 4530 3467 4599 αὐτὴν
3520 4529 3747 4593 ἐκείνοις

515 4633 637 4678 sunt
662 4624 922 4690 nonnulli,
954 4626 1094 4693 quod
1124 4624 1311 4678 eadem
1348 4639 1468 4679 cum
1509 4623 1612 4677 illis
1664 4624 1861 4676 mentis
1898 4622 2069 4690 inopia

515 4716 834 4780 laborarint,
869 4716 1105 4783 facitque
1138 4715 1240 4769 hoc
1271 4724 1329 4769 ut
1361 4714 1683 4769 naturaliter
1707 4715 1814 4769 sint
1855 4715 1905 4769 id
1933 4714 2071 4782 quod

514 4804 635 4869 illa;
668 4814 721 4858 ct
766 4820 969 4868 rursus,
1017 4805 1062 4858 si
1106 4804 1354 4873 discipuli
1408 4804 1679 4860 imitantes
1726 4806 2065 4875 prudentiam

513 4904 846 4964 serpentum,
884 4905 937 4949 et
963 4895 1361 4965 simplicitatem
1384 4895 1781 4961 columbarum,
1811 4908 1860 4951 et
1894 4896 2072 4951 Patris

513 4987 747 5043 cmlestis
760 4988 823 5040 ad
852 4988 1280 5043 misericordiam
1304 4988 1714 5057 propensionem
1738 4989 2070 5053 acmulantes,

513 5088 787 5145 serpentes
816 5089 869 5131 et
898 5079 1159 5133 columba:
1186 5079 1342 5144 llunt,
1370 5088 1530 5146 atque
1554 5081 1685 5133 adeo
1715 5079 1813 5149 ipsi
1847 5080 1951 5135 Deo
1974 5097 2062 5134 na-

516 5169 757 5223 turaliter
801 5170 1006 5224 similes
1053 5172 1328 5237 cvadunt,
1368 5172 1500 5226 nihil
1545 5172 1815 5227 obstiterit
1857 5174 2067 5242 quomi-

514 5274 635 5323 nus,
655 5259 866 5326 qunndo
889 5260 1118 5314 dicimur
1148 5276 1307 5313 nmnn
1340 5262 1453 5316 lleri
1485 5277 1604 5315 cum
1630 5261 1875 5329 Domino,
1906 5278 2066 5317 unum

512 5364 633 5402 cum
666 5348 774 5403 Deo
814 5352 1018 5405 ratione
1064 5353 1312 5406 essentia:
1360 5352 1576 5419 ﬁamus,
1618 5354 2072 5422 quemadmodum

512 5438 680 5494 Filius
708 5456 827 5493 cum
870 5440 1051 5495 Patre.
1092 5440 1147 5496 Si
1185 5457 1313 5497 vero
1339 5443 1451 5497 sola
1476 5444 1838 5514 cogitationis,
1873 5444 1955 5498 vel
1990 5460 2075 5499 ac-

494 5532 675 5585 tionis
701 5533 1051 5587 similitudine
1091 5549 1152 5588 ea
1198 5535 1394 5603 quibus
1426 5550 1805 5605 comparantur
1835 5536 1949 5590 lieri
1985 5537 2069 5590 di-

513 5623 706 5687 cimur,
738 5639 839 5678 non
877 5622 1068 5680 sumus
1091 5625 1251 5696 igitur
1282 5627 1576 5681 secundum
1609 5627 1901 5682 essentiam
1930 5628 2068 5682 idem

594 5797 631 5827 “
660 5796 802 5853 Psal.
834 5816 978 5870 sui,
1019 5801 1070 5856 θ.

1150 5804 1190 5833 ²¹
1227 5801 1365 5857 Psal.
1396 5817 1581 5868 δικ-ιιι,
1619 5802 1703 5856 l5.
1782 5803 1820 5835 "
1851 5802 2047 5859 .lcretn.
2084 5817 2128 5869 r,
2157 5801 2209 5858 8.

2178 4618 2438 4689 ἐνόσησαν
2468 4619 2744 4679 ἀϐουλίαν,
2774 4621 2866 4671 καὶ
2898 4620 3035 4672 κατά
3070 4621 3229 4687 φύσιν
3264 4615 3400 4671 εἶναι
3428 4618 3585 4671 τοῦτο
3609 4622 3751 4673 ποιεί

2175 4710 2312 4780 ὅπερ
2346 4712 2493 4763 ἐστὶν
2524 4710 2740 4764 ἐκεῖνα·
2779 4712 2871 4763 καὶ
2906 4710 3086 4773 πάλιν,
3127 4712 3174 4763 εί
3203 4711 3262 4763 τὸ
3301 4711 3586 4780 μιμεῖσθαι
3626 4714 3749 4775 τοὺς

2178 4802 2423 4873 μαθητὰς
2466 4803 2525 4854 τὸ
2554 4802 2648 4855 τοῦ
2686 4803 2862 4871 ὄφεως
2908 4801 3185 4871 φρόνιμον,
3241 4802 3331 4855 καὶ
3361 4803 3549 4878 τὸτῆς
3590 4820 3749 4874 περι-

2178 4896 2372 4964 στερᾶς
2403 4895 2676 4965 ἀκέραιον,
2714 4894 2807 4946 καὶ
2840 4894 2900 4946 τὸ
2938 4892 3028 4946 τοῦ
3059 4893 3267 4963 Πατρός
3297 4893 3390 4945 τοῦ
3434 4896 3489 4946 ἐν
3519 4895 3629 4956 τοῖς
3652 4895 3739 4945 οὑ-

2182 4989 2360 5053 ρανοῖς
2384 4986 2672 5056 πρόχειρον
2704 4987 2828 5056 περὶ
2851 4986 2909 5038 τὸ
2940 4984 3142 5047 πάντας
3166 4985 3325 5049 ἑλεῖν,
3351 4984 3443 5037 καί
3470 4985 3619 5052 ὄφεις
3650 4985 3748 5036 αύ-

2178 5076 2304 5138 τοὺς
2326 5076 2417 5129 καὶ
2443 5076 2770 5148 περιστερὰς
2793 5076 2884 5131 xal
2911 5076 3051 5130 κατὰ
3080 5076 3239 5144 φύσιν
3261 5076 3476 5147 ὁμοίους
3502 5074 3745 5144 γίνεσθαι

2175 5168 2581 5240 παρασκευάζει
2603 5168 2679 5238 τῷ
2705 5169 2822 5239 Θεῷ
2844 5184 2855 5195 ·
2884 5171 3010 5222 ὅταν
3036 5168 3319 5237 λεγώμεθα
3343 5168 3588 5237 γίνεσθαι
3610 5168 3745 5239 πρὸς

2176 5261 2378 5331 Κύριον
2408 5261 2486 5323 ἓν,
2522 5261 2672 5314 οὐδὲν
2702 5261 2896 5315 κωλύει
2922 5262 3121 5329 λέγειν,
3156 5261 3237 5314 ὃτι
3271 5261 3333 5332 δὴ
3368 5262 3505 5314 κατά
3540 5260 3630 5313 τὸν
3646 5262 3746 5331 τῆς

2172 5352 2361 5414 οὐσίας
2382 5350 2537 5420 λόγον
2562 5352 2618 5403 ἓν
2640 5352 2939 5421 γεγόναμεν
2969 5350 3105 5420 πρὸς
3133 5349 3223 5403 τὸν
3249 5350 3400 5413 Θεὸν,
3422 5348 3607 5420 ὥσπερ
3628 5351 3747 5403 ἐστὶ

2174 5441 2268 5493 καὶ
2290 5440 2318 5492 ό
2352 5441 2475 5503 Υίὸς
2510 5441 2643 5511 πρὸς
2668 5442 2759 5494 τὸν
2782 5440 2974 5493 ἑαυτοῦ
3006 5440 3243 5511 Πατέρα.
3280 5440 3342 5492 Εἰ
3371 5439 3427 5491 δὲ
3463 5438 3620 5508 μέχρι
3657 5441 3752 5508 μό-

2174 5550 2269 5600 νης
2316 5533 2526 5591 ἐννοίας
2562 5532 2594 5601 ἦ
2636 5532 2885 5603 πράξεως
2930 5534 2961 5602 ή
3010 5532 3259 5601 ὁμοιότης
3301 5532 3429 5600 ήμίν
3488 5530 3621 5601 πρὸς
3674 5532 3746 5584 τὰ

2174 5623 2753 5695 ἀντιπαραϐαλλόμενα
2781 5626 2989 5693 πέφυκε
3022 5623 3288 5691 γίνεσθαι,
3314 5622 3413 5676 οὐκ
3446 5622 3609 5690 ἐσμὲν
3637 5622 3744 5691 ἄρα

2290 5802 2327 5834 “
2361 5801 2549 5857 Matth.
2584 5818 2634 5873 κ,
2664 5802 2745 5857 l6.
2831 5805 2869 5834 ¹⁵
2902 5802 3029 5859 Luc.
3069 5820 3135 5872 ιι,
3171 5806 3257 5861 56.
