3994 6324
241 450 330 505 liii

1694 444 1922 502 THESA
1935 444 2143 501 [ΗΕΒ.

3441 452 3546 505 Ξ(ὶῖ

236 573 355 627 κατ’
385 572 597 626 οὐσίαν
645 574 696 625 oi
742 572 899 626 αὐτοὶ
946 572 1076 643 πρὸς
1123 572 1211 623 τὸν
1242 570 1395 634 Θεὸν,
1438 570 1566 622 ὅταν
1608 568 1667 621 ἰν
1718 566 1832 637 πρδι

1960 581 2082 617 cum
2135 563 2267 627 Deo,
2321 562 2537 632 quando
2579 578 2743 616 unum
2787 579 2912 618 cum
2956 564 3072 633 ipso
3124 564 3239 617 licri
3286 566 3542 623 dicimur.

232 662 400 717 αὑτὸν
434 664 705 735 γίνεσθαι
729 662 1035 735 λεγώμεθα.
1080 662 1219 717 Ἀλλ’
1240 660 1430 731 ῶσπερ
1459 660 1618 723 αὐτὸς
1649 660 1709 713 έν
1731 660 1847 712 ἰστι

240 751 395 823 θύσει
440 753 594 823 πρὸς
622 752 715 805 τδν
754 750 949 805 ἑαυτοῦ
977 750 1167 818 Λόγον,
1204 750 1345 803 οὕτω
1366 749 1460 802 καὶ⁸
1492 750 1652 819 ἡμεῖς
1680 746 1738 799 ἓν
1773 748 1848 809 ῶς

238 843 372 914 πρὸς
401 842 688 915 ἀλλήλους
717 841 978 912 γινόμεθα
1014 843 1076 910 τῇ
1104 857 1165 893 τε
1210 838 1426 910 γνώμῃ,
1468 838 1563 891 καί
1598 838 1845 908 ὁμονοίᾳ,

238 935 327 986 καὶ
366 931 449 1003 τῷ
483 934 642 988 κατὰ
675 933 879 1005 μηδένα
913 934 1111 1000 τρόπον
1150 930 1463 994 στασιάζειν
1510 927 1645 997 πρὸς
1684 925 1848 995 ἀλλή-

237 1024 378 1082 λους.
418 1018 547 1073 ἀλλ’
582 1021 666 1073 ἑνὶ
707 1019 891 1090 δεσμῷ
920 1019 1017 1087 τῆς
1053 1020 1211 1087 ἁγίας
1257 1018 1480 1088 ἀγάπης
1528 1015 1717 1085 ῶσπερ
1770 1017 1847 1078 εἰς

237 1108 558 1180 ταυτότητα
596 1109 1076 1181 περισφίγγεσθαι.

946 1224 1151 1278 AAAO.

309 1335 482 1397 Ἐθος
536 1336 620 1405 τῷ
668 1336 882 1406 Σωτῆρι
916 1336 1136 1408 Χριστῷ
1187 1335 1255 1388 τὰ
1292 1335 1430 1388 κατὰ
1484 1335 1645 1404 φύσιν
1695 1334 1845 1403 αὐτῷ

235 1426 527 1495 προσόντα
578 1426 758 1493 ἀγαθὰ
811 1427 1106 1496 προερέρειν
1153 1427 1261 1489 ἀεὶ,
1319 1427 1414 1480 καὶ
1484 1425 1692 1489 τούτοις
1754 1425 1844 1490 ἑξ-

235 1518 573 1588 ομοιοῧσθαι
628 1518 889 1583 κελεύειν,
936 1520 1013 1581 ὡς
1048 1520 1182 1589 προς
1220 1519 1318 1590 τὴν
1340 1504 1490 1573 θείαν
1541 1520 1686 1588 ἡμᾶς
1714 1518 1843 1572 ἁνα-

236 1609 506 1663 πλάττων
539 1610 743 1675 εἰκόνα,
775 1610 893 1663 καθ’
934 1610 1000 1680 ἢν
1032 1612 1125 1663 καὶ
1159 1610 1525 1679 πεποιήμεθα.
1564 1610 1689 1663 Ὅτε
1714 1610 1843 1677 γοῦν

234 1701 458 1771 πράους
489 1702 591 1753 καὶ
629 1703 777 1771 ἡμᾶς
797 1701 1009 1765 διδάξαι
1042 1700 1313 1769 βούλεται,
1350 1701 1498 1768 λέγει
1521 1715 1533 1728 ·
1566 1721 1583 1751 ι
1624 1700 1841 1754 Μάθετε

236 1791 332 1844 ἀπ’
366 1791 517 1861 ἐμοῦ
550 1793 634 1844 ὅτι
672 1792 844 1861 πρᾶός
867 1794 1005 1862 εἰμι,
1039 1793 1133 1845 καὶ
1162 1792 1418 1855 ταπεινὸς
1452 1794 1516 1861 τῇ
1559 1792 1773 1861 καρδίᾳ.
1819 1812 1836 1843 ι

1953 654 2059 710 Sed
2092 654 2553 723 quemadmodum
2584 653 2699 723 ipse
2723 664 2807 709 est
2844 669 3014 707 unum
3059 666 3250 708 natura
3284 671 3406 710 cum
3445 673 3547 711 suo

1957 744 2134 799 Verbo
2161 784 2177 808 ,
2221 744 2294 797 ita
2334 753 2386 799 et
2416 759 2515 798 nos
2546 745 2690 799 inter
2713 760 2813 797 nos
2836 760 3002 798 unum
3036 745 3305 800 t-ﬂiciniur
3347 750 3549 805 mentis

1952 846 2113 906 atque
2146 835 2441 890 voluntatis
2470 850 2740 892 consensu
2772 845 2937 906 atque
2979 838 3293 901 concordia.
3322 844 3543 907 quando

1952 929 2101 983 nullo
2133 928 2275 982 inter
2304 942 2401 982 nos
2447 927 2821 994 dissentimus,
2861 930 2955 982 sed
2990 944 3099 983 uno
3126 942 3329 986 sancite
3355 933 3541 986 chari-

1955 1019 2085 1071 tatis
2127 1019 2346 1072 vinculo
2375 1015 2538 1071 veluti
2580 1017 2633 1070 in
2692 1016 3032 1072 identitatem
3075 1019 3365 1087 quamdam
3403 1035 3539 1075 eoa-

1950 1108 2223 1163 lescitnus.

2623 1220 2857 1276 ALIUD.

2020 1333 2273 1388 Christus
2331 1331 2592 1388 Senator
2638 1342 2821 1387 noster
2872 1332 3009 1386 bona
3049 1348 3169 1402 qua:
3214 1333 3542 1391 naturaliter

1951 1429 2051 1480 sibi
2085 1428 2267 1480 insunt
2293 1426 2451 1479 nobis
2484 1439 2790 1493 proponere
2820 1427 2985 1486 solet,
3018 1424 3157 1478 etad
3192 1422 3383 1480 eorum
3417 1426 3543 1480 imi-

1950 1520 2205 1571 tationem
2240 1517 2760 1583 similitudinemque
2790 1530 2887 1569 nos
2919 1515 3147 1581 hortari,
3192 1517 3273 1587 ad
3298 1517 3538 1571 divinam

1950 1608 2241 1678 imaginem
2289 1611 2355 1661 ad
2403 1623 2568 1675 quam
2624 1606 2747 1660 facti
2811 1621 3001 1659 sumus
3045 1620 3107 1661 ea
3156 1608 3371 1663 ratione
3398 1622 3536 1676 quo-

1948 1700 2237 1753 dammodo
2274 1714 2372 1753 nos
2403 1698 2730 1751 reformans.
2776 1696 3004 1763 Quando
3038 1712 3139 1752 nos
3174 1708 3233 1750 ut
3270 1701 3430 1753 mites
3461 1698 3536 1752 si-

1950 1808 2067 1845 mus
2094 1793 2367 1853 hortatur,
2390 1791 2519 1845 dicit
2546 1807 2559 1844 :
2590 1809 2607 1839 ε
2644 1788 2849 1843 Discite
2877 1803 2907 1841 a
2939 1802 3024 1841 me
3051 1788 3176 1857 quia
3219 1790 3369 1843 mitis
3414 1804 3535 1842 sum

237 1881 350 1936 Καὶ
376 1882 488 1952 οὐχ
528 1883 660 1936 ὅταν
709 1882 768 1947 ἐξ
801 1882 966 1935 αὑτοῦ
1005 1883 1267 1953 μαθόντες
1310 1882 1597 1953 γενώμεθα
1652 1884 1832 1953 πρᾷοι1

1946 1892 2000 1935 σι
2043 1883 2263 1936 hmuilis
2289 1883 2453 1936 corde
2486 1883 2550 1935 ".
2592 1900 2609 1931 ι
2640 1879 2751 1935 Nec
2789 1887 2972 1933 tamen
3020 1894 3143 1933 cum
3193 1880 3368 1949 ipsum
3414 1880 3537 1934 imi-

238 1976 470 2038 πάντως
498 1975 899 2044 ὲξομοιούμεθα
931 1976 1071 2027 κατὰ
1111 1976 1273 2045 φύσιν
1301 1975 1468 2045 αὐτῷ,
1511 1974 1648 2027 ἀλλὰ
1680 1975 1840 2043 μόνον

237 2070 383 2122 κατὰ
420 2068 488 2121 τὸ
522 2070 618 2138 τῆς
654 2071 958 2139 πραότητος
1011 2072 1214 2139 σχῆμα.
1269 2068 1479 2122 Οὐκοῦν
1528 2068 1658 2121 ὅταν
1706 2068 1840 2139 λέγῃ

237 2159 370 2228 περὶ
397 2157 589 2230 ἡμῶν,
630 2177 648 2208 t
693 2159 808 2211 Ἵνα
833 2152 965 2210 ὦσιν
988 2158 1065 2221 ἓν,
1102 2156 1284 2220 καθὼς
1314 2160 1477 2228 ἡμεῖς
1502 2158 1560 2209 ’ἐν
1591 2159 1777 2227 ἐσμεν,
1816 2176 1833 2206 ι

238 2250 299 2315 ιε
320 2250 531 2305 ἑαυτοῦ
554 2249 735 2303 λαϐὼν
763 2251 824 2302 τὸ
852 2250 1223 2321 παράδειγμα,
1257 2250 1316 2302 οὐ
1347 2251 1562 2314 πάντως
1589 2249 1676 2301 ἵνα
1696 2248 1839 2302 κατὰ

240 2342 407 2411 φύσιν
442 2340 507 2394 ιν
532 2340 607 2403 ὡς
642 2340 776 2409 πρὸς
820 2341 911 2393 τὸν
952 2340 1084 2394 Θεὸν
1133 2340 1419 2410 γενώμεθα
1453 2339 1610 2392 τοῦτό
1653 2356 1835 2410 φησιν,

239 2432 358 2485 ἀλλ’
413 2433 511 2486 ἴνα
561 2430 750 2500 ῶσπερ
796 2431 1040 2499 φυσικῶς
1071 2431 1129 2483 εν
1177 2432 1326 2484 ἐστιν
1371 2431 1531 2494 αὐτὸς
1578 2431 1714 2501 πρὸς
1748 2431 1837 2483 τὸν

244 2522 498 2594 Πατέρα,
528 2521 675 2574 οὕτω
714 2522 806 2574 καὶ
840 2523 998 2592 ἡμείς
1040 2525 1106 2592 τῇ
1143 2522 1413 2592 όμοψυχίᾳ
1460 2523 1553 2576 καὶ
1590 2523 1658 2575 τὰ
1697 2522 1836 2575 αὐτὰ

242 2615 469 2681 φρονεῖν
501 2614 580 2675 εἰς
609 2612 869 2680 ἀλλήλους
898 2612 954 2664 ἓν
977 2613 1285 2682 γενώμεθα,
1312 2614 1410 2683 τὴν
1441 2612 1678 2682 φυσικὴν
1705 2630 1837 2666 ταυ-

241 2703 451 2773 τότ-ητα
478 2702 573 2756 τοῦ
607 2703 820 2773 Πατρός
854 2702 990 2773 πρὸς
1019 2703 1113 2756 τὸν
1152 2704 1281 2756 Υἱδν
1309 2704 1496 2757 εἰκόνα
1527 2703 1835 2774 λαμόάνον-

242 2812 335 2859 τες
364 2796 469 2866 τῆς
498 2796 823 2849 ἀδιαστάτου
869 2797 1093 2866 γνώμης
1113 2813 1126 2826 θ
1162 2796 1354 2866 ῶσπερ
1384 2796 1442 2850 ἓν
1476 2799 1623 2867 ἡμᾶς
1675 2798 1835 2868 σῶμα

244 2888 341 2941 καὶ
398 2888 529 2959 μίαν
578 2885 755 2957 ψυχὴν
808 2886 1113 2955 δυναμένης
1169 2886 1476 2941 ἀποτελεῖν.
1523 2886 1681 2941 Οὕτω
1728 2888 1836 2957 γὰρ

245 2978 377 3049 περί
404 2978 515 3030 τῶν
539 2977 945 3031 πιστευσάντων
962 2976 1290 3046 γέγραπται,
1307 2976 1389 3028 δτι
1419 2994 1437 3026 t
1465 2974 1570 3029 Τοῦ
1601 2975 1836 3045 πλήθους

244 3067 355 3121 τῶν
386 3068 796 3121 πιστευσάντων
835 3061 903 3136 ἦν
936 3067 969 3136 ἡ
1000 3066 1199 3137 καρδία
1224 3067 1317 3119 καὶ
1352 3066 1500 3138 ψυχὴ
1534 3067 1652 3137 μία.
1704 3085 1722 3118 ι

943 3266 1148 3320 ΔΛΛΟ.

314 3379 400 3432 τὰ
450 3378 610 3448 φύσει
663 3377 931 3447 προσόντα
970 3378 1115 3431 τισὶν
1146 3376 1335 3448 ὥσπερ
1382 3377 1589 3440 εἰκόνες
1625 3378 1833 3448 ἀμετά-

246 3468 434 3537 σλητοι
466 3470 708 3537 γίνονται
740 3472 854 3533 τοίς
893 3469 1028 3541 πρὸς
1068 3469 1207 3523 αὐτὰ
1239 3470 1340 3540 τὴν
1380 3470 1590 3523 οἰκείαν
1635 3469 1828 3542 προαί-

248 3575 398 3630 ρεσιν
427 3559 781 3641 διαπλαττειν
811 3559 1154 3631 βουλομένοις
1173 3576 1187 3589 ⁸
1218 3560 1400 3613 ὁποῖόν
1428 3562 1546 3613 ἰστι
1569 3561 1650 3625 τὸ,
1691 3581 1710 3612 ι
1744 3562 1831 3614 Γί-

244 3650 401 3705 νεσθε
449 3651 525 3714 ὡς
553 3652 602 3703 οἰ
633 3651 807 3719 ὄφεις,
843 3654 937 3705 καὶ
966 3652 1041 3714 ὠς
1080 3654 1135 3704 αἰ
1170 3652 1509 3724 περιστεραί.
1555 3670 1574 3701 ι
1621 3652 1831 3706 Οὐκοῦν

244 3742 430 3795 εἰκόνα
456 3741 581 3794 τινὰ
611 3741 972 3813 ὑπογραμμὸν
1001 3742 1101 3811 τῆς
1126 3740 1448 3811 ὀφειλούσης
1476 3742 1534 3793 ὲν
1560 3743 1694 3812 ἡμῖν
1716 3744 1832 3796 ἐνόε-

244 3845 406 3903 τητος
454 3831 701 3898 γίνεσθαι
752 3833 1175 3902 προαιρετικιῖκ,
1223 3832 1495 3903 προτείνει
1534 3834 1629 3885 καὶ
1677 3833 1772 3887 νῦν
1802 3838 1831 3888 ό

246 3921 394 3987 Υἱὸς,
426 3924 493 3994 ἢν
524 3922 637 3993 [χει
672 3922 808 3994 πρὸς
834 3923 927 3975 τὸν
967 3924 1189 3994 Πατέρα
1224 3924 1460 3995 φυσικὴν
1501 3926 1826 3997 ταυτότητα.

245 4010 415 4066 Ὅταν
444 4009 538 4066 οὖν
568 4013 698 4083 λέγῃ
730 4014 859 4085 περὶ
889 4014 1076 4083 ἡμῶν·
1114 4033 1131 4065 t
1168 4013 1288 4068 Ἵνα
1308 4016 1404 4068 καὶ
1435 4016 1587 4068 αὐτοὶ
1617 4015 1675 4069 ἒν
1702 4010 1826 4082 ὦσι,

244 4103 425 4167 καθὼς
469 4106 561 4157 καὶ
609 4107 771 4174 ἡμεῖς
816 4105 874 4157 ἓν
918 4107 1108 4176 ἐσμεν,
1163 4126 1181 4157 ι
1237 4107 1333 4177 οὐχ
1381 4108 1466 4159 ἵνα
1515 4109 1612 4177 τὴν
1667 4108 1829 4176 φύσιν

245 4196 470 4263 ἀφέντες
502 4196 599 4267 τὴν
634 4196 863 4262 ἑαυτῶν,
894 4199 973 4260 εἰς
1020 4198 1119 4269 τὴν
1148 4196 1241 4250 τοῦ
1276 4197 1405 4250 Υἱοῦ
1449 4198 1829 4269 μεταποιηθῶ-

247 4305 365 4355 μεν,
407 4287 568 4341 τοῦτό
599 4304 762 4357 φησιν
798 4289 1084 4359 (ἀδύνατον
1113 4289 1266 4360 γὰρ),
1299 4290 1416 4343 ἀλλ’
1449 4290 1533 4343 ἵνα
1574 4290 1829 4360 καθάπερ

242 4377 341 4448 ἠδη
384 4378 730 4448 προείρηται,
758 4376 917 4431 τοῦτο
945 4378 1088 4431 κατὰ
1116 4379 1342 4450 γνώμην
1374 4380 1450 4442 ὡς
1492 4379 1628 4448 πρὸς
1666 4380 1829 4450 ἀλλή-

242 4466 365 4529 λους
392 4466 678 4536 γενώμεθα
706 4468 843 4538 ὅπερ
872 4469 988 4521 ἐστὶ
1024 4470 1163 4521 κατὰ
1189 4468 1349 4537 φύσιν
1374 4470 1532 4533 αὐτὸς
1565 4470 1702 4541 πρὸς
1736 4471 1825 4524 τὸν

1948 1979 2041 2029 tati
2078 1976 2237 2030 mites
2269 1976 2394 2027 facti
2435 1974 2727 2036 fuerimus,
2758 1986 2985 2041 prorsus
3015 1972 3065 2026 ei
3102 1972 3311 2026 similes
3339 1986 3535 2026 secun-

1944 2070 2068 2120 dum
2098 2077 2352 2120 naturam
2388 2066 2635 2129 erimus;
2671 2066 2764 2119 sed
2812 2063 2931 2117 solo
2972 2064 3408 2117 mansuetudinis
3437 2063 3537 2117 hac

1946 2157 2081 2210 bitu.
2116 2157 2383 2222 Quocirca
2414 2170 2536 2208 cum
2557 2156 2628 2207 de
2662 2154 2818 2207 nobis
2845 2154 3011 2217 dicat,
3042 2172 3059 2204 t
3099 2150 3171 2209 Ut
3200 2154 3311 2207 sint
3338 2170 3533 2217 unum,

1942 2250 2085 2300 sicut
2109 2263 2205 2303 nos
2239 2262 2402 2301 nnmn
2441 2262 2630 2301 sumus
2655 2245 2723 2309 ",
2760 2264 2779 2296 ι
2814 2246 2881 2297 ab
2905 2246 3085 2315 seipse
3114 2255 3536 2315 sumplocxcm-

1946 2342 2051 2411 pio,
2096 2357 2199 2395 non
2233 2350 2291 2392 ut
2322 2354 2546 2409 prorsus
2570 2353 2732 2391 ttnnm
2782 2347 2978 2391 natura
3012 2352 3137 2393 cum
3191 2336 3298 2391 Deo
3330 2337 3533 2393 cilicia-

1944 2448 2086 2493 mur,
2119 2433 2220 2486 hoc
2245 2432 2342 2497 ait,
2378 2432 2474 2486 sed
2512 2430 2967 2499 quemadmodum
3016 2429 3132 2499 ipse
3164 2445 3328 2481 unum
3376 2438 3533 2483 natu-

1945 2528 2133 2580 raliter
2165 2523 2321 2595 121
2353 2535 2437 2579 est
2475 2540 2597 2580 cum
2634 2522 2815 2584 Patre,
2854 2524 2923 2576 ita
2970 2522 3134 2575 etiam
3171 2538 3270 2574 nos
3299 2537 3531 2576 consen-

1939 2619 2095 2670 sione
2124 2618 2429 2669 animorum
2473 2624 2525 2668 et
2556 2612 2892 2665 voluntatum
2926 2625 3091 2663 unum
3126 2610 3341 2674 ﬁamus,
3374 2617 3529 2662 natu.

1940 2709 2108 2764 ralem
2136 2708 2474 2763 identitatem
2494 2704 2669 2758 Patris
2692 2718 2814 2757 cum
2851 2701 3012 2763 Filio,
3052 2701 3342 2769 imaginem
3370 2709 3532 2770 atque

1940 2801 2221 2870 exemplar
2271 2799 2430 2853 nobis
2487 2804 2872 2866 proponentes,
2920 2792 3202 2848 indivulsae
3240 2792 3383 2847 inter
3431 2807 3530 2848 nos

1939 2896 2268 2954 concordire,
2321 2906 2440 2959 qua:
2476 2905 2573 2944 nos
2608 2888 2770 2943 veluti
2804 2903 2968 2940 unum
3006 2898 3203 2954 corpus
3253 2880 3530 2954 unumque

1940 2986 2181 3038 animum
2210 2983 2429 3037 ellicere
2466 2981 2659 3036 valeat.
2694 2981 2770 3034 ita
2804 2979 2953 3033 enim
2983 2976 3051 3032 de
3097 2978 3173 3050 iis.
3205 2978 3297 3045 qui
3348 2976 3529 3031 credi-

1936 3077 2135 3132 derunt
2183 3076 2448 3143 scriptum
2499 3082 2633 3127 est:
2688 3090 2705 3122 ι
2747 3070 3114 3124 Multitudinis
3182 3069 3521 3125 credentium

1938 3175 2053 3221 erat
2082 3179 2391 3225 cornuum,
2420 3170 2473 3215 et
2500 3162 2681 3215 auitna
2720 3175 2824 3214 una
2868 3159 2933 3213 “.
2970 3177 2987 3210 ι

2613 3267 2843 3324 ALIUD.

2008 3387 2139 3452 Qum
2174 3384 2504 3438 naturaliter
2533 3380 2806 3449 aliquibus
2858 3379 3063 3445 insunt,
3115 3381 3277 3435 Vt‘itlli
3334 3382 3529 3451 imagi—

1937 3494 2034 3532 nes
2062 3479 2308 3545 quaedam
2348 3473 2715 3528 immutabiles
2746 3482 2872 3526 sunt
2904 3471 2971 3525 iis
3001 3470 3091 3542 qui
3137 3472 3202 3525 ad
3240 3487 3301 3526 ea
3337 3473 3528 3528 \‘0itln-

1938 3581 2100 3622 tatem
2152 3582 2305 3620 suam
2358 3564 2704 3619 conformare
2756 3563 2988 3616 volunt:
3046 3562 3206 3632 quale
3253 3573 3335 3617 est
3379 3566 3523 3620 hoc:

1952 3679 1969 3711 t
2015 3659 2201 3715 Estote
2233 3660 2373 3712 sicut
2417 3666 2718 3726 serpentes,
2756 3665 2809 3710 et
2836 3654 2977 3707 sicut
3003 3654 3352 3711 columbae".
3392 3677 3409 3708 ι
3434 3656 3526 3711 Fi-

1934 3751 2041 3804 lius
2072 3750 2260 3819 itaque
2288 3749 2630 3803 identitatem
2663 3745 2969 3799 naturalem
2998 3759 3161 3815 quam
3190 3762 3312 3801 cum
3365 3748 3525 3802 Patre

1936 3841 2119 3904 habet,
2152 3839 2318 3895 veluti
2351 3837 2631 3908 exemplar
2660 3835 2932 3905 quoddam
2966 3837 3037 3889 ad
3074 3837 3393 3891 imitandum
3426 3853 3525 3891 no-

1935 3934 2017 3987 bis
2065 3933 2341 4003 proponit,
2394 3931 2462 3984 ad
2506 3930 2649 3999 quod
2685 3938 2924 3982 mutuam
2956 3928 3100 3981 inter
3139 3934 3236 3983 nos
3278 3930 3524 3983 arctissi-

1933 4037 2185 4090 mamque
2240 4022 2581 4074 voluntatum
2641 4020 2903 4085 unitatem
2957 4017 3325 4072 cﬂ'ormemns.
3386 4019 3521 4073 Cum

1933 4130 2062 4184 ergo
2091 4115 2157 4167 de
2189 4112 2346 4166 nobis
2392 4110 2560 4165 dicit:
2598 4127 2617 4160 ι
2653 4109 2725 4165 Ut
2754 4120 2809 4164 et
2839 4110 2940 4176 ipsi
2969 4125 3134 4164 unum
3173 4111 3303 4172 sint,
3332 4126 3524 4177 quem-

1934 4204 2223 4258 admodum
2281 4212 2337 4256 et
2384 4216 2483 4255 nos
2530 4216 2699 4254 unum
2742 4215 2952 4265 sumus,
2994 4220 3013 4251 ι
3050 4216 3156 4255 non
3196 4209 3254 4254 ut
3310 4201 3519 4267 abjecm

1932 4305 2123 4348 natura
2156 4303 2344 4347 nostra
2379 4293 2430 4345 in
2476 4292 2597 4345 Filii
2644 4301 2893 4344 naturam
2931 4300 3378 4355 transmutemur,
3420 4294 3521 4347 hoc

1930 4385 2063 4439 dicit
2097 4384 2236 4455 (lieri
2268 4384 2414 4436 enim
2450 4398 2556 4436 non
2592 4382 2818 4452 potest),
2852 4386 2966 4448 scd,
2995 4392 3054 4437 ut
3086 4384 3287 4437 dictum
3319 4394 3425 4447 est,
3457 4386 3520 4439 il-

1930 4477 2022 4530 lttd
2058 4476 2204 4529 inter
2235 4488 2334 4528 nos
2382 4475 2687 4529 animorum
2716 4477 3074 4527 consensione
3120 4474 3333 4539 ﬁamus,
3377 4480 3522 4544 quod

243 4558 461 4628 Πατέρα
480 4573 495 4587 ο
528 4557 586 4609 ἓν
612 4558 832 4629 δηλαδή.
878 4560 940 4612 Εἰ
969 4559 1025 4612 δὲ
1057 4562 1157 4613 οὐκ
1201 4560 1349 4613 ἔστιν
1378 4562 1540 4615 εἰκὼν
1566 4565 1659 4615 καὶ
1687 4565 1819 4617 ὑπό-

1941 4569 2047 4634 ipse
2095 4562 2419 4617 naturaliter
2457 4571 2541 4616 cst
2579 4577 2700 4616 cum
2742 4560 2923 4624 Patre,
2965 4577 3130 4613 unmn
3175 4561 3409 4616 scilicet.
3460 4561 3515 4615 Si

240 4647 437 4720 δειγμα
468 4649 529 4701 τὸ
560 4649 872 4721 λεγόμενον,
904 4650 1040 4705 ἀλλὰ
1082 4651 1296 4716 πάντως
1332 4656 1567 4726 φυσικὴν
1603 4656 1820 4709 ἔσεσθαί

240 4754 361 4794 τινα
394 4740 696 4811 μεταϐολὴν
732 4740 899 4793 οἴεταί
926 4758 1030 4805 τις,
1064 4742 1256 4795 ἑαυτὸν
1298 4742 1545 4811 ἐξαπατᾷ
1590 4742 1651 4793 τίι
1684 4743 1818 4813 ἁλη-

244 4831 329 4895 θὶς
362 4832 460 4901 οὐχ
480 4830 640 4901 ὀρῶν.
688 4830 750 4883 Εἰ
776 4831 884 4902 γὰρ
912 4831 1161 4885 ἐϐούλετο
1192 4831 1444 4900 γενέσθαι
1490 4832 1630 4885 κατὰ
1659 4832 1818 4900 φύσιν

243 4923 385 4994 ἡμᾶς
430 4924 459 4975 ὁ
510 4922 639 4984 Υἱὸς
689 4923 825 4996 ὅπερ
866 4925 1011 4977 ἐστὶν
1045 4925 1207 4986 αὐτὸς
1256 4926 1391 4995 πρὸς
1450 4925 1540 4977 τὸν
1575 4925 1816 4994 Πατέρα,

243 5013 405 5084 ἐχρῆν
432 5014 607 5065 εἰπεῖν
632 5027 647 5040 ·
692 5010 804 5065 Ἵνα
844 5012 1130 5084 δὴ,ῶσπερ
1176 5014 1287 5081 ἐγὼ
1310 5014 1447 5086 πρὸς
1482 5013 1561 5075 σὲ,
1613 5015 1814 5084 Πάτερ,

240 5104 297 5158 ἰν
331 5106 468 5174 εἰμι,
501 5101 641 5155 οὕτω
673 5103 768 5165 καὶ
796 5103 968 5156 αὐτοί.
1001 5104 1141 5156 Νυνὶ
1182 5103 1237 5156 δὲ
1277 5104 1434 5157 τοῦτο
1467 5103 1565 5173 μὲν
1594 5105 1694 5157 ούκ
1735 5106 1816 5157 εἰ-

240 5201 374 5263 πὼν,
409 5198 488 5267 τῷ
530 5198 585 5264 δξ
635 5197 981 5269 πληθυντικῷ
1037 5199 1385 5268 χρησάμενος
1428 5197 1665 5269 ἀριθμῷ,
1723 5199 1815 5252 καὶ

236 5288 439 5357 ἰέγων·
483 5308 501 5339 ε
541 5290 658 5342 Ἵνα
701 5287 888 5359 ὥσπερ
928 5288 1037 5355 ἐγὼ
1079 5289 1173 5341 καὶ
1221 5292 1286 5343 σὺ
1334 5290 1393 5341 ἓν
1444 5293 1630 5361 ἐσμεν,
1672 5289 1815 5342 οὕτω

237 5384 329 5437 καὶ
356 5384 511 5436 αὐτοὶ
547 5385 606 5435 ὲν
632 5384 764 5453 ἡμῖν
802 5381 861 5434 ἓν
902 5375 1026 5442 ὦσι,
1068 5401 1085 5432 ι
1128 5380 1368 5434 διδάσκει
1404 5381 1591 5448 σαφῶς
1628 5382 1817 5455 ὅτιπερ

235 5477 334 5527 οὐκ
367 5476 444 5537 εἰς
473 5472 571 5545 τὴν
613 5474 709 5543 τῆς
744 5473 993 5541 θεότητος
1022 5470 1185 5540 φύσιν
1219 5470 1653 5543 μεταποιηθῖμαι
1693 5472 1815 5541 βού.

234 5565 382 5620 λεται
415 5564 541 5626 τοὺς
591 5567 671 5628 εἰς
711 5564 875 5617 αὑτὸν
919 5564 1271 5628 πιστεύοντας
1321 5564 1604 5628 (ἀπίθανον
1658 5565 1811 5636 γὰρ),

232 5656 347 5710 ἀλλ’
374 5654 559 5708 εἰκόνα
587 5655 685 5725 τῆς
724 5655 863 5708 κατᾶ
904 5655 1224 5727 προαίρεσιν
1262 5657 1513 5727 ἑνότητός
1543 5654 1811 5720 λαϐόντας

301 5834 344 5865 ¹⁶
377 5832 565 5887 Matth.
604 5849 677 5890 ιι.
712 5831 800 5885 ΞΩ.
883 5834 921 5862 ¹⁹
955 5833 1110 5887 Joan.
1138 5850 1265 5891 xvii,
1302 5836 1377 5887 lt.
1458 5842 1499 5871 ιι
1542 5838 1657 5890 Act.
1688 5853 1759 5898 ιγ,
1793 5837 1885 5889 32.

550 5926 822 5983 Parant.
870 5924 987 5984 Gn.
1040 5925 1141 5984 LX
1156 5928 1283 5989 ΧΥ,

1926 4672 2057 4710 vero
2088 4656 2138 4707 id
2176 4654 2321 4724 quod
2351 4652 2551 4706 dicitur
2578 4666 2682 4705 non
2712 4660 2795 4706 est
2822 4654 2997 4722 imago
3022 4662 3187 4721 atque
3211 4653 3513 4722 exemplar.

1927 4750 2018 4803 sed
2063 4747 2290 4799 omnino
2342 4744 2646 4798 naturalem
2688 4745 2922 4813 aliquam
2959 4746 3394 4799 immutationem
3434 4745 3517 4798 iu-

1931 4849 2105 4891 turam
2138 4836 2488 4905 imaginatur,
2521 4837 2763 4902 seipsum
2796 4835 2997 4902 decipit
3030 4851 3214 4889 verum
3258 4851 3516 4905 noneer-

1927 4944 2081 4984 nens.
2119 4928 2253 4981 Nam
2280 4929 2325 4981 si
2358 4926 2529 4981 Filius
2569 4928 2831 4980 voluisset
2878 4941 2975 4981 nos
3015 4928 3314 4980 secundum
3360 4936 3518 4981 natu-

1928 5037 2041 5075 ram
2076 5020 2190 5073 ﬁeri
2218 5020 2269 5071 id
2300 5019 2442 5087 quod
2476 5019 2591 5087 ipse
2618 5028 2703 5071 est
2734 5033 2855 5071 cum
2900 5017 3080 5080 Patre,
3115 5018 3345 5072 dixisset
3374 5034 3513 5087 pro-

1923 5113 2065 5167 fecto
2097 5125 2112 5162 :
2148 5110 2245 5176 Ut,
2294 5108 2748 5177 quemadmodum
2804 5117 2979 5162 tecum
3023 5122 3124 5176 ego
3161 5124 3325 5163 unum
3368 5125 3511 5175 sum,

1927 5203 1998 5256 ita
2030 5214 2083 5256 et
2110 5203 2229 5269 ipsi.
2254 5200 2418 5254 Nunc
2446 5215 2576 5255 vero
2610 5216 2715 5254 non
2752 5200 2825 5253 ita
2863 5200 3019 5263 dicit,
3062 5198 3153 5253 sed
3185 5190 3379 5271 plurali
3413 5218 3510 5253 uu-

1923 5310 2072 5348 mero
2105 5302 2286 5355 utens,
2310 5300 2365 5346 et
2396 5292 2582 5346 dicens
2609 5311 2621 5346 :
2655 5311 2673 5343 ι
2704 5292 2797 5353 Ut,
2831 5292 3286 5361 quemadmodum
3326 5308 3426 5360 ago
3458 5304 3514 5346 et

1929 5396 1982 5437 tu
2020 5400 2185 5438 unum
2214 5398 2423 5443 sumus.
2462 5385 2534 5437 ita
2579 5391 2634 5436 et
2667 5383 2768 5452 ipsi
2813 5383 2864 5436 in
2903 5382 3060 5445 nobis
3094 5397 3261 5436 unum
3307 5384 3437 5447 sint,
3485 5402 3506 5433 ι

1925 5476 2085 5527 docet
2127 5483 2337 5540 aperte,
2366 5487 2474 5527 non
2515 5471 2617 5526 hoc
2654 5471 2793 5524 velle
2843 5484 2925 5534 se,
2958 5480 3014 5523 ut
3053 5469 3141 5537 qui
3171 5469 3513 5524 crediderint

1924 5568 1974 5618 in
2000 5580 2121 5618 eum
2151 5573 2585 5618 transmutentur
2609 5563 2661 5617 in
2690 5569 2945 5616 naturam
2967 5561 3186 5615 deitatis
3211 5561 3339 5631 (ltoc
3365 5563 3511 5614 enim

1922 5657 2037 5711 lieri
2078 5674 2181 5711 non
2212 5655 2434 5727 potest),
2460 5655 2554 5711 sed
2588 5664 2646 5709 ut
2666 5664 3030 5725 proponeutcs
3055 5652 3212 5709 nobis
3232 5652 3515 5720 exemplar

1971 5838 2009 5867 ‘9
2046 5835 2238 5888 Matth.
2288 5852 2341 5899 κ,
2371 5834 2455 5887 i6.

3138 5926 3172 5985 7
