3994 6324
541 479 646 536 207
1529 469 1587 524 S.
1626 464 1904 524 CYRILLI
1941 462 2411 521 ALEXANDRlNI
2452 461 2771 520 ABCHlEP.
3691 459 3807 518 208

1053 592 1260 649 Solimo
1290 591 1621 661 objectionis.
2143 592 2187 648 Α

2143 592 2187 648 Α
2711 584 2862 653 Πρύς
2896 582 3069 637 τοῦτο
3106 584 3307 648 λύσις.

615 715 671 771 Si
715 712 918 768 nullum
951 720 1095 766 esset
1138 709 1435 765 discrimen
1472 707 1615 759 inter
1651 702 1815 757 Deum
1852 683 2117 756 σιἸιοιῐιὶ-

2291 702 2353 754 Ei
2382 701 2441 754 τὸ
2489 698 2861 770 παραλλάττον
2902 696 3052 751 οὐδὲν
3091 698 3148 749 ιν
3194 695 3315 766 Θεῷ
3350 696 3441 749 καὶ
3470 694 3808 765 ἀνθρώποις,

543 823 661 871 nes,
691 806 939 871 exigatur
971 804 1033 855 ui’
1058 788 1243 871 gignat
1280 800 1352 852 ita
1377 808 1434 849 ut
1464 797 1648 850 homo.
1676 795 1730 850 Si
1763 809 1892 849 vero
1921 792 2116 847 eximia

2235 790 2555 846 ὶπαιτείσθω
2586 791 2645 844 τὸ
2668 791 2862 860 γεννᾷν
2892 790 2983 841 καὶ
3004 787 3177 851 οὕτως
3213 788 3288 851 ὡς
3317 786 3620 858 ἄνθρωπος.
3656 787 3721 840 Et
3747 787 3812 841 δὲ

543 906 629 951 εει
670 896 764 950 Dei
797 904 1015 956 natura,
1053 893 1157 946 erit
1189 891 1351 942 etiam
1396 888 1464 942 ab
1505 886 1757 940 humanis
1802 884 2007 953 legibus
2047 881 2117 935 li-

2233 884 2493 949 ιξαίρετος
2517 884 2549 952 ἡ
2576 880 2712 935 Θεοῦ
2761 880 2942 949 φύσις,
2975 881 3125 933 ἔσται
3168 880 3385 943 πάντως
3417 879 3635 947 καὶτῆς
3679 878 3810 931 καθ’

553 990 704 1042 bera.
732 985 916 1054 Neque
946 982 1089 1036 enim
1125 989 1184 1032 nt
1216 980 1375 1031 lionio
1403 977 1585 1046 genuit
1607 974 1858 1036 -Deus,'nt
1882 974 2043 1026 etiam
2078 972 2121 1025 is

2235 978 2366 1046 una;
2390 976 2634 1046 ἀνάγκης
2664 973 2942 1044 ἐλευθέρα.
2980 976 3056 1027 οὑ
3086 975 3195 1045 γὰρ
3229 974 3304 1036 ὡς
3333 972 3619 1042 ἄνθρωπος
3645 973 3812 1040 ἀγέν-

547 1081 637 1150 qtti
695 1079 905 1148 genitus
966 1082 1070 1131 est,
1115 1080 1324 1123 natura:
1382 1077 1578 1121 nostra!
1628 1065 1991 1120 conditionettt
2036 1080 2123 1116 se-

2259 1084 2349 1138 ησε
2398 1067 2550 1130 Θεὸς,
2587 1067 2675 1120 ἵνα
2714 1065 2817 1119 ,καὶ
2850 1065 2881 1118 ὁ
2922 1066 3131 1135 τεχθεὶς
3170 1068 3289 1127 ταῖς
3335 1067 3593 1133 φυσικαῖς
3646 1064 3812 1133 ἡμῶν

548 1146 741 1238 quens,
767 1171 970 1235 gignat,
1012 1163 1106 1216 sed
1152 1161 1336 1213 divino
1380 1168 1539 1227 atque
1582 1146 1836 1211 inell’abili
1868 1156 2025 1211 modo
2054 1169 2116 1209 ex

2235 1160 2492 1229 ἑπόμενος
2519 1157 2861 1222 ἀκολουθίαις
2889 1157 3046 1231 τέκῃ,
3083 1156 3219 1210 ἀλλά
3250 1156 3401 1210 θείαν
3426 1157 3548 1209 τινὰ
3579 1154 3675 1208 καὶ
3706 1156 3812 1223 ἀρ-

549 1258 707 1312 Patre
743 1254 957 1327 genitus
981 1260 1089 1305 est.
1133 1246 1191 1303 Si
1253 1259 1431 1302 autem
1464 1261 1686 1302 necesse
1723 1255 1805 1299 est
1843 1255 1900 1299 ιιι
1940 1246 1985 1299 is
2027 1244 2117 1314 qui

2240 1254 2386 1322 Βητον
2432 1254 2496 1305 ἐκ
2543 1252 2756 1322 Πατρὸς
2793 1252 2906 1320 εχει
2930 1252 3032 1321 τὴν
3058 1249 3444 1319 γέννησιν.,Ει
3471 1246 3539 1299 -δὲ
3562 1247 3810 1315 ἀνάγκη

548 1350 728 1419 genuit
756 1347 965 1416 gignat,
992 1352 1214 1412 propter
1240 1339 1541 1395 naturalem
1576 1349 1815 1392 nostram
1841 1345 2124 1390 consuetu-

2237 1344 2312 1396 τὸν
2351 1342 2683 1414 γεννηθέντα.
2722 1344 2919 1413 γεννᾷν
2956 1341 3045 1395 διὰ.
3084 1341 3183 1411 τὴν
3225 1341 3357 1409 παρ’
3388 1339 3519 1408 ἡμῖν
3566 1338 3814 1407 φυσικὴν

549 1442 755 1501 dinem,
808 1444 860 1489 et
898 1450 958 1488 ea
1016 1448 1134 1501 qua:
1176 1432 1393 1486 ileilatis
1423 1430 1639 1502 propria
1685 1439 1830 1491 sunt,
1874 1425 2123 1481 humanis

2239 1432 2533 1502 τυνήθειαν,
2564 1432 2662 1486 καὶ⁸
2697 1434 2808 1494 τοῖς
2851 1431 2950 1499 τῆς
2993 1429 3416 1502 ἀνθρωπότητος
3446 1427 3633 1497 νόμοις
3673 1428 3816 1480 ὑπο-

552 1529 758 1598 legibus
807 1528 1047 1594 subjecta
1112 1532 1273 1585 sunt,
1330 1521 1456 1589 quid
1506 1519 1776 1575 obstiterit
1832 1518 2123 1587 quominus

2260 1523 2408 1576 ;ίπτει
2437 1523 2507 1576 τά
2534 1523 2635 1592 τῆς
2681 1521 2930 1592 θεότητος
2976 1520 3080 1573 ἴδια
3101 1537 3112 1548 ·
3160 1520 3214 1573 τί
3245 1520 3308 1572 τὸ
3346 1518 3553 1571 κωλύον
3583 1520 3837 1587 πατέρα..

557 1612 699 1674 l‘atri
731 1618 896 1672 etiam
931 1626 1139 1685 patrem
1170 1612 1609 1667 constituamus?
1644 1611 1718 1665 lla
1750 1612 1893 1665 ettittt
1938 1619 2119 1665 nostra

2234 1614 2404 1667 Ξοῦναι
2452 1614 2530 1684 τῷ
2580 1614 2791 1685 Πατρίς
2833 1614 2989 1667 Οὕτω
3031 1614 3139 1684 γὰρ
3172 1614 3221 1666 oi
3269 1613 3398 1684 παρ’
3434 1614 3585 1684 ἡμῖν.
3632 1611 3699 1664 ΕΞ
3743 1610 3811 1663 δὲ

548 1709 881 1765 consuetudo
905 1706 1029 1760 [οι-ι.
1058 1707 1126 1759 At
1165 1718 1292 1758 vero
1318 1705 1362 1758 si
1391 1703 1553 1758 Pater
1575 1718 1638 1757 ex
1687 1703 1831 1757 nullo
1859 1702 2124 1773 principio

2233 1704 2369 1759 ἐστιν
2412 1705 2513 1757 οὐκ
2562 1704 2627 1757 ἐκ
2670 1721 2815 1767 τινος
2864 1704 3039 1775 ἀρχῆς
3076 1706 3105 1757 ὁ
3150 1704 3366 1773 Πατὴρ,
3402 1702 3497 1756 καὶ
3540 1701 3639 1770 τὴν
3679 1699 3810 1753 καθ’

556 1814 662 1865 est,
706 1811 1025 1865 uestrasque
1074 1797 1219 1868 leges
1266 1805 1318 1847 et
1351 1808 1556 1848 morem
1604 1794 1760 1861 longe
1788 1798 2030 1861 superat,
2067 1800 2122 1845 ut

2234 1798 2369 1867 ἡμᾶς
2400 1796 2680 1850 ἀναϐαίνει
2712 1796 2999 1866 συνήθειαν
3029 1796 3105 1860 ὡς
3131 1795 3281 1861 Θεὸς,
3304 1794 3477 1858 οὐδεὶς
3503 1791 3811 1860 ἀναγκάσει

550 1894 710 1957 Deus,
753 1889 897 1943 nulla
956 1888 1094 1940 ratio
1121 1895 1275 1955 coget
1310 1884 1505 1938 Filium
1552 1884 1794 1953 gignere.
1829 1882 1945 1936 Erit
1974 1883 2117 1937 enim

2235 1889 2381 1956 λόγος
2409 1870 2612 1944 τίκτειν
2638 1888 2731 1941 τὸν
2757 1888 2902 1943 Υιόν.
2943 1889 3135 1941 Ἔσται
3160 1888 3272 1958 γάρ
3303 1887 3399 1941 καὶ
3428 1885 3572 1939 οὓτω
3602 1884 3812 1954 μᾶλλον

550 1985 653 2037 hoc
681 1988 836 2051 pacto
860 1978 1007 2033 Patri
1033 1977 1247 2040 similis,
1276 1984 1334 2028 ιιι
1358 1974 1504 2029 omni
1524 1973 1845 2028 necessitate
1875 1972 2118 2040 superior

2233 1980 2302 2050 τῷ
2332 1980 2507 2052 Πιιιτρὶ⁹
2545 1981 2944 2052 παραπλήσιος,
2977 1979 3090 2034 ἀνω
3126 1981 3308 2049 πάσης
3335 1980 3581 2048 ἀνάγκης
3622 1975 3810 2045 ὑπάρ-

546 2076 834 2139 exsistrns,
877 2080 934 2125 ut
977 2068 1137 2123 Deus.

1069 2084 1137 2122 ts.
2222 2090 2352 2141 χων,
2389 2071 2463 2135 ὡς
2497 2072 2646 2136 Θεός.

1218 2180 1448 2237 ALIUD.
2906 2184 3111 2241 AAAO.

618 2300 789 2355 Nemo
828 2298 1024 2352 mentis
1067 2310 1287 2365 compos
1339 2294 1577 2359 dixerit,
1613 2293 1928 2350 dissimilem
1972 2293 2119 2349 Patri

2295 2300 2406 2351 Οὐκ
2455 2297 2519 2351 ἄν
2554 2313 2636 2360 τις
2667 2298 2810 2349 εἴποι
2840 2298 2966 2351 νοῦν
3004 2298 3166 2368 ἔχων,
3196 2297 3463 2368 ἀνόμοιον
3510 2293 3807 2364 φαίνεσθαι

549 2396 746 2449 Filium
786 2391 980 2455 videri,
1008 2404 1128 2443 eam
1153 2393 1221 2443 ob
1243 2404 1487 2451 causam,
1516 2388 1660 2458 quod
1689 2387 1801 2457 ipse
1822 2388 1986 2443 etiam
2013 2402 2119 2441 non

2230 2390 2299 2461 τῷ
2354 2390 2530 2463 Πατρὶ
2561 2390 2652 2442 τὸν
2687 2389 2835 2453 Υἱδν,
2888 2390 3011 2441 ἐπεὶ
3058 2388 3133 2459 μὴ
3184 2390 3280 2442 καὶ
3326 2388 3486 2449 αὐτὸς
3517 2387 3807 2455 ἐγέννησε,

549 2486 757 2555 genuit,
800 2497 975 2551 neque
1027 2480 1119 2534 lilii
1166 2489 1321 2547 pater
1357 2478 1534 2535 factus
1570 2478 1660 2533 sit.
1708 2479 1823 2533 lmo
1867 2494 1992 2534 vero
2027 2492 2122 2548 per

2236 2484 2358 2552 μηδὲ
2390 2482 2506 2535 υἱοῦ
2527 2482 2717 2550 γέγονε
2742 2482 2945 2552 πατήρ.
2990 2479 3152 2532 Ἀλλά
3183 2478 3386 2549 μᾶλλον
3411 2478 3507 2537 καὶ
3529 2476 3618 2530 διά
3644 2476 3813 2529 τοῦτο

553 2584 653 2632 hoc.
680 2575 859 2646 petitis
883 2570 1252 2626 admirabilem
1281 2570 1570 2639 quamdam
1595 2578 1649 2625 et
1673 2568 2119 2639 perfectissimam

2232 2574 2543 2644 θαυμαστήν
2570 2590 2692 2626 τινα
2712 2573 2803 2625 καὶ
2825 2570 3229 2642 ἀκριϐεστάτην
3252 2570 3442 2639 ϐψεται
3466 2568 3557 2622 τοῦ
3588 2566 3809 2638 Πατρδς

550 2676 737 2721 cernet
794 2662 973 2717 Patris
1022 2663 1075 2716 in
1127 2661 1260 2715 Filio
1302 2661 1612 2729 imaginem.
1660 2659 2121 2727 Quemadmodum

2233 2668 2279 2718 ὲν
2308 2664 2422 2734 Υἱῷ
2451 2664 2778 2735 τὴνηεικὸνα.
2807 2663 3017 2733 ’Ὥσπερ
3039 2661 3147 2730 γάρ
3174 2663 3202 2715 ὁ
3230 2660 3421 2730 Πατὴρ
3445 2658 3717 2727 ἀτρεπτός
3744 2674 3810 2710 τε

550 2759 695 2813 enim
718 2756 884 2810 Pater
914 2752 1232 2806 mutationis
1270 2750 1717 2819 alteratiouisqne
1751 2764 1944 2818 expers
1978 2764 2122 2804 sem-

2233 2760 2318 2812 καὶ
2359 2757 2713 2819 ἀναλλοίωτος
2742 2756 2841 2820 ὣν,
2876 2755 2965 2809 ἀεὶ
3000 2754 3149 2825 μένει
3182 2753 3391 2823 Πατὴρ,
3435 2751 3530 2805 καὶ
3562 2752 3641 2813 εἰς
3673 2750 3810 2803 Υηίδν

551 2865 647 2919 per
676 2854 859 2901 manet
902 2842 1084 2906 Pater,
1116 2856 1291 2911 neque
1335 2844 1385 2893 in
1431 2839 1625 2894 Filium
1683 2848 2119 2905 transmutatur;

2233 2851 2283 2903 σὺ
2317 2848 2731 2919 μεταϐάλλεται,
2769 2846 2943 2909 οὕτως
2967 2848 2994 2898 ὁ
3028 2844 3088 2909 ἐξ
3112 2844 3280 2898 αὑτοῦ
3309 2844 3481 2911 Λόγος
3514 2841 3643 2904 Υἱὸς
3672 2858 3810 2912 προ-

552 2942 623 2994 ita
676 2937 909 2992 Verbum
956 2947 1021 2987 ex
1075 2934 1193 2999 ipso
1239 2930 1409 2985 Filius
1453 2934 1769 3000 procedens,
1830 2940 2011 2984 manet
2069 2930 2121 2983 id

2236 2940 2416 3006 ιλθὼν,
2458 2940 2608 3010 μένει
2638 2938 2784 2992 τοῦθ’
2818 2938 2955 3007 ὅπερ
2996 2937 3137 3000 ἐστὶ,
3168 2935 3265 2989 τοῦ
3306 2934 3523 3005 Πατρὺς
3550 2932 3610 2985 τὸ
3643 2931 3813 2986 ἀναλ-

551 3033 695 3100 quod
725 3038 830 3091 est,
864 3024 1042 3079 Patris
1080 3022 1572 3079 immutabilitatem
1601 3022 1764 3075 etiam
1804 3036 1895 3089 per
1936 3022 2038 3076 hoc
2069 3020 2121 3075 in

2237 3037 2443 3089 loiwtov
2476 3036 2570 3088 καὶ
2600 3033 2690 3087 διὰ
2718 3033 2911 3087 τούτου
2956 3032 3216 3087 δεικνύων
3247 3032 3305 3086 ὲν
3343 3028 3543 3101 ἑαυτῷ.
3581 3030 3814 3098 ’Όμοισς

552 3138 674 3180 sese
721 3118 1035 3177 ostendens.
1097 3114 1305 3169 Similis
1364 3114 1527 3183 igitur
1569 3112 1722 3181 juxta
1776 3113 1876 3166 ltoe
1911 3125 2126 3182 quoque

1458 3129 1527 3167 ιω·
1569 3112 1722 3181 in!“
1776 3113 1876 3166 hoc
1911 3125 2126 3182 (ιυοίιιιθ
2224 3124 2319 3183 οὖν
2351 3130 2444 3181 καὶ
2476 3128 2616 3181 κατὰ
2651 3128 2808 3181 τοῦτο
2840 3125 3035 3196 Πατρί.

554 3231 634 3277 est
661 3219 827 3275 Patri.
2149 3278 2191 3335 ο

560 3348 1109 3425 ιεδᾼιηιιηοραιὶο
1146 3345 1620 3425 ᾼτὶαηοιτιεειλ-ριι·
1638 3356 1853 3425 “quam,
1912 3350 1967 3394 ut
2025 3340 2124 3425 ipsi

2244 3350 2556 3419 Ἐρώτησις
2584 3350 2912 3425 Ἀρειμανῶν,
2934 3350 3011 3425 ὃς
3030 3345 3122 3425 ἧς,
3233 3347 3814 3425 olea-trigesimo»

622 3410 829 3492 Eandem
857 3410 1067 3490 puta'nt,
1099 3417 1372 3471 ostendunt
1401 3410 1604 3466 Filium
1630 3410 1786 3468 Petri
1816 3414 2129 3480 ina-qualem

1971 3414 2129 3464 talem
2295 3410 2312 3419 ’
2438 3410 2447 3417 ’
2488 3410 2594 3473 σιν
2620 3410 2909 3489 ἆινοόμοιον⁷
2932 3418 3011 3484 τῷ
3038 3410 3218 3488 Πάτρῖ
3246 3419 3354 3472 τὸν
3396 3410 3548 3473 Υιόν.

618 3508 748 3548 (88¢.

628 3628 818 3693 Filius,
852 3623 1124 3693 inquiunt,
1172 3629 1267 3675 aut
1314 3627 1397 3675 est
1441 3617 1595 3673 liberi
1627 3616 1857 3682 arbitrii,
1891 3625 1985 3670 aut
2020 3631 2127 3671 non

2304 3624 2652 3691 Δὺτεξούσιος
2672 3664 2685 3687 ,
2720 3624 2904 3693 φασὶν,
2937 3620 3083 3675 ἐστὶν
3114 3622 3142 3675 ὁ
3170 3620 3319 3684 Υἱὸς,
3360 3620 3516 3691 ἢούκ
3547 3621 3639 3674 ἐστ
3666 3639 3713 3673 ν.
3750 3621 3814 3674 Εἰ

556 3731 659 3779 est.
674 3720 735 3776 Si
752 3727 854 3784 est,
882 3726 1032 3774 certe
1054 3714 1318 3770 electione
1340 3710 1634 3765 voluntatis
1652 3709 1823 3763 bonus
1838 3717 1941 3762 est.
1974 3706 2126 3774 Quod

2238 3717 2332 3788 μὲν
2356 3715 2448 3771 οὖν
2476 3715 2820 3781 αὑτεξούσιὸς
2851 3716 2987 3781 ἐστι,
3016 3713 3336 3785 προαιρέσει
3369 3713 3598 3782 φαίνοιτ’
3637 3714 3703 3766 ἂν
3734 3716 3815 3767 εἰ·

558 3826 685 3868 vero
713 3810 979 3865 electione
1010 3816 1064 3861 et
1101 3818 1208 3859 non
1243 3810 1432 3857 natura
1480 3801 1623 3855 circa
1658 3800 1863 3869 aliquid
1886 3808 2123 3864 tenetur,

2235 3809 2404 3872 κότως
2444 3807 2626 3872 καλός.
2660 3806 2807 3860 Τὸδὲ
2833 3805 3149 3877 προαιρέσει
3184 3802 3278 3857 καὶ
3306 3804 3365 3857 οὐ
3396 3803 3554 3873 φύσει
3588 3802 3716 3875 περί
3759 3822 3812 3857 τι

558 3912 730 3974 potest
760 3901 921 3956 etiam
954 3897 1005 3952 in
1035 3897 1139 3951 alia
1177 3893 1454 3949 immutari
1487 3911 1501 3947 :
1533 3902 1587 3947 et
1636 3894 1687 3948 in
1715 3907 1876 3963 quam
1923 3901 2128 3962 partem

2232 3902 2634 3972 κρατούμενον,
2670 3898 2873 3953 δύναιτ’
2908 3898 2973 3952 ἂν
3005 3900 3088 3968 ἐφ’
3133 3899 3297 3968 ἔτερα
3348 3896 3807 3969 μεταϐάλλεσθαι,

559 3994 842 4049 electionis
875 3992 1105 4058 impetus
1140 3987 1366 4051 feratur,
1398 3985 1751 4041 illic:omnino
1781 3986 1886 4039 erit
1913 3985 1961 4038 id
1988 3985 2131 4054 quod

2233 3993 2327 4045 καὶ
2360 3992 2442 4060 ἐφ’
2477 3993 2613 4061 ὅπερ
2653 3991 2717 4043 ἂν
2758 3994 2790 4063 ἡ
2833 3994 2929 4061 τῆς
2980 3990 3355 4062 προαιρέσεως
3384 3989 3595 4057 γένοιτο
3629 3988 3806 4060 ῥοπὴ,

556 4086 822 4143 electione
855 4082 1286 4136 administratur.
1327 4075 1382 4131 id
1411 4087 1588 4131 autem
1616 4076 1844 4130 mutatio
1875 4085 1931 4130 et
1955 4076 2133 4145 passio

2232 4084 2350 4138 ἐκεῖ
2376 4084 2591 4147 πάντως
2610 4084 2766 4138 ἔσται
2788 4084 2847 4137 τὸ
2872 4082 3191 4153 προαιρέσει
3218 4080 3809 4152 διοικούμενονΧροπὴ

559 4187 661 4233 est.
693 4175 794 4242 Qui
835 4188 964 4227 vero
1015 4168 1295 4226 mutationi
1339 4177 1393 4222 et
1434 4168 1673 4238 passioni
1718 4168 1981 4223 obnoxius
2025 4177 2128 4233 est,

2235 4175 2286 4227 δὲ
2332 4174 2489 4229 τοῦτο
2528 4177 2627 4228 καὶ
2678 4176 2867 4237 πάθος.
2931 4176 2986 4228 ’0
3033 4174 3089 4227 δὲ
3127 4173 3334 4245 τροπὴν
3378 4173 3665 4243 ὑπομένων
3718 4170 3812 4226 καὶ

558 4281 795 4337 quonam
825 4273 986 4333 pacto
1016 4261 1088 4317 sit
1116 4259 1233 4329 ejus
1255 4260 1345 4328 qui
1365 4259 1719 4315 immutabilis
1741 4268 1794 4313 et
1818 4259 2131 4330 impatibiiis

2234 4266 2427 4331 πάθος,
2461 4267 2581 4330 πῶς
2610 4267 2676 4321 ἂν
2700 4269 2783 4336 εἴη
2813 4265 2907 4319 τοῦ
2935 4267 3208 4336 ἀτρέπτου
3246 4264 3339 4317 καὶ
3372 4263 3621 4326 ἀπαθοῦς
3647 4260 3810 4316 εἰκὼν

559 4366 642 4414 est
674 4359 848 4427 imago
869 4365 916 4410 et
952 4351 1286 4409 similitudo?
1315 4350 1409 4406 Sin
1436 4362 1616 4407 autem
1649 4350 2000 4406 immutabilis
2023 4359 2128 4414 est,

2235 4352 2327 4411 καὶ
2347 4358 2638 4430 oppid-sqq;
2668 4358 2730 4411 Ei
2758 4358 2815 4410 δὲ
2845 4356 3113 4428 ἄτρεπτος
3136 4358 3306 4419 ἐστιν,
3338 4356 3419 4418 εἰς
3448 4355 3600 4408 οὐδὲν
3624 4356 3812 4427 ἕτερον

563 4465 735 4518 neque
768 4450 819 4500 in
852 4446 994 4499 aliud
1019 4443 1145 4497 ferri
1182 4451 1381 4511 potest,
1414 4444 1505 4496 sed
1533 4442 1588 4497 id
1621 4443 1762 4512 quod
1792 4451 1875 4497 est
1920 4456 2133 4512 semper

2234 4449 2637 4519 παρενεχθῆναι
2675 4448 2995 4517 δυνάμενος,
3031 4446 3146 4499 ἀλλ’
3179 4446 3317 4516 ὅπερ
3343 4445 3460 4497 ἐστὶ
3495 4444 3671 4514 μένων
3704 4446 3810 4503 ἀεὶ,

564 4548 769 4600 manet,
802 4545 952 4590 certe
984 4542 1041 4587 ut
1074 4532 1207 4600 lapis
1236 4531 1319 4584 vel
1371 4530 1573 4599 lignum
1607 4545 1818 4599 semper
1860 4532 1913 4585 in
1956 4532 2132 4600 seipse

2233 4540 2307 4604 ὡς
2331 4540 2476 4603 λίθος
2504 4542 2613 4611 ἄρα
2646 4540 2679 4609 ἢ
2704 4539 2861 4605 ξύλον
2886 4540 3118 4609 ἔστηκεν
3147 4540 3234 4608 ἐφ’
3259 4538 3439 4607 ἑαυτῷ
3471 4536 3688 4607 φυσικῷ
3706 4555 3810 4591 τινι

562 4628 827 4691 subsi..tit,
876 4627 1103 4679 naturali
1140 4623 1375 4691 quodam
1426 4630 1481 4675 et
1524 4620 1874 4676 indissolubili
1916 4622 2127 4676 vinculo

2234 4630 2327 4683 καὶ
2361 4632 2622 4702 ἀρῤήκτῳ
2664 4629 2847 4700 δεσμῷ
2867 4670 2882 4693 ,
2914 4631 2994 4692 εἰς
3020 4627 3165 4682 τοῦθ’
3194 4627 3331 4698 ὅπερ
3358 4627 3475 4680 ἐστὶ
3506 4628 3811 4698 κρατούμε-

560 4721 625 4776 ad
650 4721 699 4775 id
726 4717 867 4789 quod
895 4724 977 4770 est
1002 4713 1305 4773 devinctus,
1339 4711 1751 4780 libertatemque
1782 4712 1990 4766 arbitrii
2024 4727 2128 4767 non

1662 4724 1751 4780 lue
1782 4712 1990 4766 arbitrii
2024 4727 2128 4767 non
2236 4738 2344 4786 νος,
2374 4722 2467 4773 καὶ
2496 4721 2557 4774 τὸ
2586 4720 2931 4785 αὐτεξούσιον
2962 4721 3059 4771 οὑκ
3084 4719 3239 4787 ἔχων.

560 4807 741 4866 habet.

1062 4914 1269 4971 Salutio
1313 4914 1632 4981 objectionis.

2729 4918 2883 4984 Πρὸς
2913 4917 3098 4971 ταῦτα
3127 4920 3327 4984 λύσις.

631 5036 855 5105 Oportet
886 5047 1017 5088 sane
1059 5030 1193 5086 adeo
1224 5028 1420 5096 ineptis
1458 5028 1972 5099 interrogationibus
1996 5046 2132 5102 quas

2309 5034 2454 5087 Ἔδει
2487 5033 2583 5102 μὲν
2615 5034 2733 5097 ταῖς
2763 5031 2935 5096 οὕτως
2967 5032 3311 5095 ἀπαιδεύτως
3342 5032 3808 5102 προσφερομένοις

561 5134 864 5199 proponunt
912 5125 966 5178 in
1016 5124 1327 5177 universum
1374 5134 1479 5173 non
1516 5121 1857 5188 respondere.
1904 5122 2131 5189 Quando

2234 5128 2538 5200 ἐρωτήσεσι
2567 5126 2808 5196 μηδόλως
2838 5124 3250 5196 ἀποκρίνεσθαι.
3278 5125 3445 5177 Ἔνθα
3477 5125 3585 5193 γὰρ
3612 5126 3645 5195 ὴ
3674 5125 3808 5176 aind-

564 5220 706 5275 enim
758 5215 1036 5285 responsio
1082 5212 1437 5282 umlequaque
1468 5228 1588 5268 cum
1631 5210 1963 5280 blaSphemia
1999 5230 2129 5269 con-

2237 5237 2416 5292 κρισις
2459 5217 2734 5287 πανταχοῦ
2769 5218 2830 5271 τὸ
2862 5216 3145 5286 δύσφημον
3171 5217 3307 5286 ἔχει,
3344 5219 3461 5269 ἐκεῖ
3488 5216 3751 5286 κρείττων
3775 5220 3812 5287 ή

555 5311 744 5379 juncta
781 5321 884 5371 est,
935 5304 1205 5359 silentium
1254 5313 1509 5370 praestare
1536 5303 1706 5358 satius
1741 5314 1842 5359 est.
1895 5304 1951 5357 Si
1986 5308 2129 5360 enim

2237 5309 2551 5391 cttettj."Av
2592 5306 2689 5377 μὲν
2724 5306 2831 5379 γὰρ
2858 5306 3209 5371 αὐτεξούσιον
3237 5305 3378 5358 εἴπω
3408 5306 3498 5359 τὸν
3525 5305 3673 5369 Υἱὸν,
3716 5308 3812 5360 εύ-

562 5401 815 5455 libertate
833 5393 1041 5450 arbitrii
1065 5393 1342 5464 praeditum
1359 5409 1478 5450 esse
1504 5393 1699 5450 Filium
1724 5394 1920 5460 dicam,
1952 5398 2129 5451 statim

2236 5402 2331 5464 θὺς
2371 5402 2403 5471 ἡ
2451 5400 2551 5469 τῆς
2585 5400 3063 5469 αὐτεξουσιότητος
3097 5398 3478 5469 συνεισάγεται
3516 5400 3808 5471 μεταϐολή.

562 5494 725 5546 etiam
758 5488 981 5543 mutatio
1032 5486 1183 5540 liberi
1233 5485 1440 5540 arbitrii
1479 5487 1640 5541 simul
1688 5488 1977 5545 inducitur.
2024 5491 2133 5544 An-

2248 5490 2561 5547 Ἀκολουθεῖ
2589 5492 2697 5565 γὰρ
2726 5492 2802 5563 τῷ
2826 5491 3159 5562 αὐτεξουσίῳ
3175 5492 3236 5545 τὸ
3264 5492 3611 5562 ἐπιδέχεσθαι
3644 5509 3809 5561 μετει-

562 5597 756 5636 nexnm
783 5590 866 5634 est
887 5580 1028 5633 enim
1062 5577 1294 5630 libertati
1324 5579 1531 5633 arbitrii
1564 5582 1912 5635 mulationem
1951 5583 2127 5638 susci-

2236 5585 2420 5655 ϐολὴν,
2466 5585 2515 5636 εἰ
2555 5583 2649 5637 καὶ
2694 5585 2860 5654 μήπω
2898 5582 3163 5646 πεπονθὸς
3206 5581 3293 5652 εἴη
3332 5581 3489 5635 τοῦτο
3517 5581 3604 5635 διά
3638 5582 3698 5635 τὸ
3738 5582 3812 5652 μὴ

562 5687 709 5738 pere,
771 5672 979 5724 tametsi
1052 5686 1168 5723 eam
1233 5672 1533 5738 passionem
1597 5671 1839 5726 voluntas
1893 5675 2129 5729 nondum

2236 5677 2491 5747 ἐθελῆσαι
2520 5674 2730 5729 παθεῖν.
2777 5676 2902 5728 Ἐὰν
2925 5675 2981 5728 δὲ
3014 5674 3173 5728 τοῦτο
3215 5676 3392 5743 ἀφεὶς,
3428 5675 3489 5727 τὸ
3514 5675 3698 5745 ἕτερον
3733 5675 3811 5727 εἷς

562 5761 806 5815 suliicrit.
842 5760 937 5813 Sin
972 5776 1098 5814 vero
1136 5763 1233 5814 hoc
1261 5762 1624 5830 prmtermisso
1660 5763 1885 5817 alterum
1916 5766 2127 5831 dixere,

2237 5788 2344 5833 πω,
2369 5768 2669 5830 τουτέστιν,
2694 5769 2995 5837 Ἀτρεπτος
3027 5771 3054 5821 ὁ
3084 5768 3255 5836 Λόγος
3288 5766 3459 5833 ἐστὶν,
3489 5767 3648 5828 εὐθὺς
3681 5767 3813 5836 ἡμῖν

559 5854 815 5908 nimirum
862 5851 1252 5935 ittttttutabilem
1298 5868 1418 5909 esse
1462 5852 1681 5920 Filium,
1736 5859 1917 5912 statim
1976 5860 2129 5917 nobis

2238 5860 2331 5915 τοῦ
2365 5860 2519 5926 ξύλου
2570 5858 2667 5931 τὴν
2699 5860 2986 5932 ἀκινησίαν
3031 5860 3429 5931 προτείνοντες,
3479 5860 3577 5912 οὐκ
3624 5857 3815 5913 αἰσθά-
