3994 6324
312 326 410 383 217

1754 328 2196 386 ΤΗΕΒᾹΕΠΕΞ.

3493 313 3598 368 218

319 448 614 517 ισχηκένα.
650 450 842 519 μισθὸν
870 451 967 521 τὴν
1000 450 1249 520 υίότητα,
1284 450 1377 503 καὶ
1405 449 1465 502 τὸ
1506 445 1645 502 εἷναι
1681 452 1874 519 σοφίαν

2005 448 2408 504 eulosissitnunt
2460 443 2654 499 Filium
2683 440 3004 521 imitationis
3030 450 3285 507 capacem
3318 448 3472 499 esse,
3505 442 3599 487 aut

320 540 411 591 καὶ
433 540 628 609 Λόγον,
657 543 751 596 καὶ
771 540 925 596 Θεόν.
954 544 1256 611 ’Δτρεπτος
1286 540 1396 613 γὰρ
1425 542 1518 594 καὶ
1541 540 1903 603 ἀναλλοίωτος

317 627 413 692 ὢν,
440 631 629 701 ὅμοιός
655 634 771 686 ἐστι
801 632 945 687 κατὰ
973 632 1149 687 πάντα
1182 631 1259 703 τῷ
1294 633 1668 702 γεγεννηκότι.

321 936 525 999 ΑΛΛΟ,
568 936 658 1009 ὅτι
692 940 816 1009 οὐκ
849 937 919 1009 ξε
948 936 1325 1009 ἁλλοιῴσεως
1350 937 1453 1005 τῆς
1488 938 1608 993 ἀπὸ
1634 938 1740 995 τοῦ
1779 940 1900 1009 xei-

378 1023 566 1076 ρονΟς
611 1006 706 1060 ἐπὶ
739 1008 805 1077 τὸ
842 1006 1109 1076 ἄμεινον,
1139 1007 1341 1077 ὅμοιός
1380 1009 1553 1063 ἐστιν
1578 1012 1611 1064 ὀ
1650 1006 1898 1075 risero

386 1078 596 1144 ιιατρι,
627 1076 791 1130 ἀλλὰ
825 1078 1117 1145 φυσικῶς.

388 1206 447 1258 ει
471 1209 529 1257 ὲν
556 1210 735 1279 μορφῇ
763 1208 899 1261 Θεοῦ
924 1209 1183 1280 ὑπάρχων
1207 1211 1398 1263 ἑαυτὸν
1416 1211 1651 1265 ὲκένωσε
1680 1214 1896 1285 μορφὴν

310 1296 499 1350 δούλου
542 1296 750 1363 λαϐὼν,
797 1299 1048 1355 τοσοῦτον
1088 1301 1154 1356 ἂν
1196 1302 1365 1370 δόξειε
1401 1306 1500 1374 τῆς
1545 1305 1685 1358 κατὰ
1734 1304 1895 1373 φύσιν

308 1392 467 1457 ἀξίας
503 1392 920 1462 ὑποδεδηκὲναι,
952 1396 1091 1467 ὅπερ
1115 1392 1181 1448 ἂν
1207 1396 1401 1466 όφθείη
1434 1398 1649 1451 κεῖσθαι
1688 1400 1892 1469 μεταξῦ

306 1483 443 1537 Θεοῦ
472 1486 568 1537 καὶ
591 1483 899 1555 ἀνθρώπου.
926 1488 1001 1540 Οὐ
1024 1488 1133 1558 γὰρ
1162 1483 1231 1558 ἦν
1263 1488 1363 1559 μὲν
1392 1490 1658 1561 πρότερον
1690 1488 1894 1560 ἄνθρωο

307 1590 429 1639 mg,
464 1576 657 1644 γέγονε
694 1576 751 1629 δὲ
790 1576 1016 1646 ὕστερον
1042 1579 1071 1632 ό
1106 1578 1260 1642 Θεὸς,
1304 1580 1438 1632 ἀλλὰ
1462 1579 1593 1644 Θεὸς
1621 1578 1696 1634 ὣν
1732 1582 1893 1650 γέγο-

303 1683 395 1719 νεν
436 1667 752 1737 ἄνθρωπος·
785 1669 899 1739 ἔχει
943 1671 1122 1724 τοίνυν
1169 1671 1323 1725 οὐδὲν
1372 1675 1452 1736 είς
1495 1673 1774 1744 βελτίωσιν
1828 1676 1892 1729 ὲκ

2006 554 2124 593 eam
2160 537 2315 590 bona:
2342 535 2633 590 voluntatis
2673 549 2783 587 suae
2816 531 3118 585 mercedem
3153 526 3427 595 accepisse
3452 525 3596 592 quod

2006 629 2081 681 sit
2114 626 2300 691 Filius,
2329 636 2383 680 et
2415 626 2707 695 sapientia,
2742 637 2797 677 et
2829 619 3065 678 Verbum
3100 631 3150 675 et
3201 618 3363 672 Deus.
3406 614 3599 671 Omnis

2004 722 2145 774 enim
2177 719 2496 773 mutationis
2529 716 2983 786 alterationisque
3010 728 3230 784 expers,
3260 710 3455 766 similis
3499 722 3599 778 per

2001 812 2183 865 omnia
2208 820 2291 864 est
2319 824 2421 865 suo
2449 807 2715 865 Geuilori.

2003 941 2238 1005 ALlUD,
2269 942 2411 1010 quod
2447 957 2553 996 ιιοιι
2578 955 2669 1011 per
2704 936 3422 1011 alterationcrrtfmdeteriori
3450 944 3593 986 atem

2072 1015 2128 1067 in
2158 1005 2794 1079 pra'alantiorem'similia
2811 1012 2875 1063 sit
2905 1008 3054 1062 Patri
3072 1005 3120 1060 [θ’
3126 1008 3275 1069 ilius,
3305 1005 3397 1061 sed
3427 1013 3590 1058 ιιαιιι-

2069 1084 2276 1138 raliter.

2069 1215 2126 1269 Si
2158 1217 2209 1269 in
2237 1215 2408 1267 forma
2444 1212 2538 1267 Dei
2571 1212 2843 1268 exsistens
2874 1209 3110 1277 seipsum
3149 1203 3447 1261 exinanivit
3485 1205 3594 1257 ἴοι·-

1999 1324 2141 1360 mam
2184 1306 2327 1360 servi
2349 1306 2645 1373 accipiens,
2666 1309 2875 1357 tantum
2906 1298 3075 1353 videri
3099 1298 3273 1367 possit
3296 1312 3325 1349 a
3354 1295 3587 1357 naturali

1997 1394 2259 1463 dignitate
2290 1392 2608 1455 recessisse,
2638 1402 2904 1461 quantum
2941 1386 3283 1442 discriminis
3325 1394 3410 1439 est
3445 1386 3591 1437 inter

2000 1485 2163 1539 Deum
2194 1494 2250 1539 et
2296 1485 2592 1539 hominem.
2648 1482 2833 1549 Neque
2868 1480 3013 1533 enim
3056 1491 3175 1531 erat
3211 1477 3363 1546 prius
3404 1476 3587 1539 homo,

1994 1586 2290 1645 posteaque
2322 1573 2496 1629 factus
2521 1585 2605 1627 est
2638 1572 2818 1637 Deus;
2850 1571 2942 1626 sed
2992 1569 3132 1623 Dens
3159 1584 3281 1623 cum
3310 1577 3477 1631 esset,
3509 1565 3589 1619 fa-

1993 1682 2112 1722 ctus
2136 1678 2219 1721 est
2252 1668 2413 1722 homo
2445 1684 2461 1721 :
2504 1666 2639 1721 nihil
2670 1666 2857 1733 itaque
2894 1662 3124 1731 majoris
3160 1662 3489 1731 praestantia:
3520 1674 3587 1713 ex

302 1759 509 1813 τούτων
540 1762 569 1814 ό
595 1760 689 1813 τοῦ
730 1760 866 1815 Θεοῦ
901 1763 1094 1832 Λόγος.
1126 1764 1189 1817 Εί
1228 1764 1285 1818 δὶ
1328 1765 1594 1834 ὑψοῦσθαι
1647 1766 1865 1835 λέγεται

1996 1760 2096 1814 hac
2129 1774 2185 1813 rc
2224 1758 2401 1813 Verbo
2433 1758 2685 1813 accessit.
2722 1755 2778 1810 Si
2815 1770 2943 1808 vero
2988 1754 3261 1808 cxaltatns
3295 1766 3419 1805 esse
3449 1750 3587 1805 dici-

299 1850 399 1903 καὶ
419 1851 479 1904 ὲν
498 1851 648 1917 τάξει
674 1853 1011 1924 χαρίσματος
1033 1855 1096 1907 τὸ
1117 1854 1259 1928 ὑπὲρ
1284 1858 1391 1910 πᾶν
1414 1857 1585 1928 ὄνομα
1609 1858 1883 1928 δέχεσθαι,

299 1943 383 2005 είς
411 1944 590 1997 ἐκεῖνο
609 1942 848 2013 δηλονότι
883 1946 1022 2015 μετὰ
1040 1947 1243 2017 σαρκὸς
1270 1949 1629 2017 επαναγεται,
1645 1953 1724 2014 είς
1748 1952 1887 2023 ὅπερ

296 2028 371 2102 ἦν
390 2034 485 2086 καὶ
511 2033 635 2105 δίχα
664 2036 886 2107 σαρκός.
906 2038 1019 2091 Καὶ
1047 2038 1211 2103 αὐτὸς
1237 2039 1295 2092 δέ
1320 2039 1423 2094 πού
1447 2058 1580 2111 φησι
1604 2061 1615 2071 ·
1646 2042 1882 2113 «Πάτερ,

296 2122 523 2189 δόξασόν
554 2142 627 2197 με,
647 2129 712 2196 τῇ
742 2126 869 2200 δόξῃ
892 2123 924 2201 ᾖ
944 2124 1088 2199 εἶχον
1121 2130 1229 2203 πρὸ
1257 2130 1350 2184 τοῦ
1382 2130 1473 2185 τὸν
1505 2133 1711 2203 κόσμον
1740 2130 1880 2188 εἶναι

299 2215 451 2287 παρὰ
489 2216 591 2273 σοί.
630 2236 649 2268 ι
681 2218 819 2273 Ποία
851 2219 907 2273 δὲ
940 2215 1007 2290 ἦν
1038 2222 1072 2291 ὴ
1116 2221 1222 2291 πρὸ
1254 2221 1349 2275 τοῦ
1384 2223 1594 2294 κόσμου
1628 2224 1755 2290 δόξα
1787 2225 1882 2280 τοῦ

298 2306 463 2372 rica;
497 2307 570 2361 Τδ
592 2311 649 2361 ἐν
684 2313 863 2383 μορφῇ
888 2311 981 2366 τοῦ
1013 2314 1227 2385 Πατρός
1258 2316 1546 2386 ὑπάρχειν.
1579 2317 1748 2373 οὐδὲν
1774 2319 1883 2390 ἄρα

295 2399 417 2453 ἐστὶ
444 2400 505 2451 τὸ
532 2399 590 2463 ἑξ
618 2400 957 2467 ἀλλοιώσεως
980 2404 1076 2458 καὶ
1103 2405 1312 2475 τροπῆς
1337 2406 1438 2476 τῆς
1461 2408 1553 2460 ἐπὶ
1576 2409 1637 2462 τὸ
1659 2410 1881 2478 ἄμεινον

294 2490 594 2559 προστεθὲν
626 2492 705 2562 τῷ
743 2493 857 2563 ΥΞῷ
881 2538 895 2560 ,
922 2494 1037 2547 ἀλλ’
1067 2498 1099 2566 η
1138 2498 1197 2548 ὲν
1226 2497 1567 2568 χαρίσματος
1602 2500 1755 2565 τάξει
1784 2501 1879 2554 νῦν

293 2582 446 2651 αὐτῷ
466 2583 717 2653 διδομένη
750 2585 878 2652 δόξα
902 2586 997 2640 καὶ
1017 2585 1245 2656 ὖψωσις,
1272 2586 1424 2653 λύσις
1457 2591 1573 2643 ἐστὶ
1601 2591 1703 2659 τῆς
1738 2593 1878 2661 μετὰ

293 2673 497 2745 σαρκὸς
529 2674 766 2741 ἀδοξίας,
788 2675 885 2745 τὴν
914 2677 1024 2731 ἀπὸ
1047 2678 1146 2747 τῆς
1174 2678 1269 2732 τοῦ
1298 2679 1484 2733 δούλου
1517 2682 1730 2752 μορφῆς
1761 2682 1876 2735 ἀτι-

293 2767 425 2835 μίαν
459 2767 875 2835 ὲξαφανίζουσα.
900 2768 1133 2838 Λέγεται
1166 2768 1224 2824 δὲ
1252 2769 1487 2825 δίδοσθαι
1522 2772 1694 2827 ταῦτα
1725 2774 1878 2845 παρὰ

291 2858 522 2929 Πατρός.
555 2857 675 2929 Θεῷ
699 2860 807 2930 γὰρ
838 2859 1017 2914 πάντα
1044 2860 1111 2914 τὰ
1141 2862 1281 2933 ὑπὲρ
1318 2863 1715 2937 ἀνθρωπότητα
1740 2867 1873 2920 διοι-

288 2951 405 3002 κεῖν
451 2949 815 3021 οἰκειότερον,
861 2950 961 3003 οὐκ
1006 2950 1111 3017 ἔξω
1157 2953 1257 3023 τῆς
1304 2952 1510 3007 τούτων
1562 2957 1873 3027 οἰκονομίας

289 3040 626 3109 ὑπάρχοντος
653 3040 745 3095 τοῦ
777 3041 906 3093 Υἱοῦ
934 3042 1076 3095 κατὰ
1098 3044 1196 3112 τὴν
1220 3047 1317 3115 τῆς
1339 3044 1593 3115 θεότητος
1619 3047 1867 3119 ἑνότητα,

287 3130 335 3182 εί
362 3132 457 3183 καὶ
483 3130 796 3196 ἰδιαζόντως
828 3133 958 3198 Υἱός
981 3134 1127 3187 ἐστιν
1155 3134 1231 3199 ὡς
1265 3136 1402 3207 πρὸς
1437 3136 1674 3209 Πατέρα.

744 3338 949 3403 ΔΛΛΟ,
991 3341 1079 3401 εἰς
1117 3340 1184 3393 τό
1220 3342 1390 3398 αὐτό.

356 3451 416 3503 El
488 3451 610 3504 καθ’
662 3454 828 3523 ὑμῆς,
874 3454 963 3507 ὅτε
1014 3455 1377 3509 ἐταπείνωσεν
1424 3457 1637 3524 ἑαυτὸν,
1701 3460 1868 3531 ὑπερ-

285 3538 495 3609 miniter},
547 3542 636 3595 διὰ
665 3542 823 3597 τοῦτο
856 3544 953 3599 καὶ
994 3544 1257 3617 ἐχαρίσθη
1295 3546 1444 3617 αὐτῷ
1489 3549 1549 3602 τὸ
1594 3548 1765 3621 ὄνομα
1808 3551 1869 3604 τὸ

282 3630 422 3701 ὑπὲρ
457 3634 563 3685 πᾶν
601 3634 791 3704 δνομα,
836 3636 1103 3700 τουτέστι,
1141 3637 1404 3707 κέκληται
1457 3639 1609 3705 Θεὸς,
1648 3643 1741 3695 καὶ
1779 3643 1867 3696 διὰ

277 3724 438 3779 τοῦτο
482 3727 709 3797 ὲχρίσθη
753 3729 849 3782 καὶ
890 3729 1018 3793 Υἱὸς
1048 3730 1363 3801 ὠνομάσθη.
1398 3733 1505 3803 πρὸ
1534 3733 1636 3802 τῆς
1666 3752 1865 3788 ταπει-

276 3816 498 3881 νώσεως
532 3819 742 3891 ἀνάγκη
773 3819 953 3889 λέγειν
980 3822 1079 3875 οὐκ
1108 3817 1248 3876 εἶναι
1282 3822 1458 3877 ταῦτα
1487 3825 1580 3878 τὸν
1606 3825 1700 3878 τοῦ
1727 3827 1862 3880 Θεοῦ

274 3909 485 3976 Λόγονο
528 3912 648 3964 οὐδὲ
690 3915 800 3982 γὰρ
833 3914 899 3966 ἂν
926 3914 1135 3981 δέξαιτό
1177 3932 1261 3979 τις
1295 3917 1435 3987 ὅπερ
1482 3916 1593 3987 ἔχει
1642 3919 1738 3972 καὶ
1788 3919 1862 3989 μὴ

275 4000 476 4058 λαδὼν.
540 4004 649 4056 Καὶ
682 4007 731 4057 εί
780 4004 886 4077 πρὸ
940 4005 1048 4059 τῶν
1081 4008 1181 4077 τῆς
1222 4008 1608 4073 ταπεινώσεως
1651 4010 1862 4080 χρόνων

274 4092 590 4163 εὑρίσκεται
636 4094 813 4163 λέγων
864 4098 1000 4168 πρός
1042 4116 1192 4163 τινας
1236 4100 1403 4165 Θεός·
1444 4120 1463 4153 t
1503 4102 1647 4171 Ἐγὼ
1691 4100 1857 4157 εἶπα·

271 4182 397 4236 Θεοί
446 4185 588 4250 ὲστε,
644 4186 738 4240 καὶ
775 4188 880 4241 uici.
930 4189 1207 4259 Ὑψίστου,
1243 4218 1261 4241 ο
1311 4191 1497 4245 πολλοὶ
1542 4192 1648 4262 πρὸ
1694 4194 1858 4248 αὑτοῦ

272 4274 557 4341 φαίνονται
591 4277 874 4345 γεγονότες
920 4280 1025 4332 υἱοὶ
1062 4280 1158 4333 καὶ
1197 4280 1328 4335 θεοί.
1367 4282 1493 4346 Πῶς
1534 4279 1628 4337 οὖν
1657 4284 1858 4354 ἀληθὲς

269 4368 351 4420 ὅτι
382 4368 562 4421 πάντα
586 4367 652 4421 δι’
682 4370 850 4423 αὐτοῦ
873 4371 1129 4438 ἑγὲνετος
1172 4376 1295 4437 uti);
1319 4373 1373 4427 δὲ
1410 4376 1573 4438 αὐτός
1612 4378 1727 4429 ἐστι
1752 4378 1858 4448 πρὸ

1991 1864 2100 1915 tur,
2150 1860 2209 1906 et
2249 1852 2423 1905 instar
2455 1850 2582 1902 doni
2620 1862 2815 1902 nomen
2866 1861 3030 1916 super
3066 1858 3227 1898 omne
3261 1856 3456 1896 nomen
3489 1858 3586 1895 ac-

1988 1942 2219 2013 cepisse,
2268 1942 2324 1995 in
2360 1942 2489 1995 illud
2526 1941 2715 2010 procul
2757 1939 2923 1994 dubio
2968 1938 3221 1993 evehitur
3265 1949 3387 1989 cum
3420 1948 3587 1990 carne

1989 2034 2131 2104 quod
2154 2041 2273 2088 erat
2290 2032 2858 2104 absquevcarneaipse
2885 2045 3016 2084 vero
3032 2030 3195 2083 etiam
3221 2026 3345 2081 alibi
3376 2026 3582 2095 inquit:

1992 2146 2011 2180 ι
2044 2127 2228 2190 Pater,
2273 2124 2514 2197 gloriﬁca
2564 2139 2649 2178 me
2690 2123 2859 2192 gloria
2891 2121 2977 2175 illa
3019 2136 3183 2190 quam
3229 2118 3391 2173 habui
3443 2118 3585 2185 apud

1987 2228 2041 2275 ιε
2073 2232 2371 2287 antequam
2394 2217 2628 2271 mundus
2658 2226 2806 2270 esset
2830 2213 2899 2270 “.
2925 2232 2945 2267 ι
2975 2214 3236 2280 Quaenam
3264 2221 3441 2265 autem
3465 2219 3586 2266 erat

1983 2310 2156 2382 gloria
2189 2300 2317 2365 Filii
2347 2319 2473 2363 ante
2500 2309 2835 2364 creationem
2886 2306 3119 2361 mundi?
3169 2304 3423 2360 Profecto
3458 2319 3583 2361 esse

1984 2405 2037 2459 in
2072 2405 2243 2459 forma
2270 2402 2471 2458 Patris.
2510 2401 2653 2455 Nihil
2687 2400 2856 2471 igitur
2881 2409 2964 2454 est
2990 2398 3135 2467 quod
3177 2412 3244 2451 ex
3279 2397 3581 2451 mutatione

1983 2496 2036 2551 in
2072 2498 2263 2551 melius
2293 2494 2434 2550 Filio
2464 2494 2694 2548 accessit
2722 2512 2735 2547 :
2763 2492 2857 2546 sed
2888 2491 3061 2561 gloria
3097 2500 3149 2543 et
3178 2489 3434 2543 exaltatio
3460 2504 3582 2560 qua:

1982 2588 2056 2643 illi
2091 2588 2261 2642 instar
2298 2586 2423 2640 doni
2458 2600 2602 2638 nunc
2645 2581 2841 2636 collata
2891 2590 2997 2647 est,
3037 2579 3259 2633 vilitatis
3293 2595 3413 2648 qua:
3454 2595 3579 2635 car-

1979 2694 2100 2735 nem
2168 2680 2531 2734 comitabatur
2592 2675 2816 2731 abolitio
2879 2685 3002 2737 est,
3066 2682 3440 2743 contemptum
3510 2675 3581 2727 ob

1977 2770 2117 2825 servi
2155 2769 2386 2824 formam
2431 2779 2768 2838 assumptam
2816 2767 3027 2822 deletis.
3090 2766 3353 2822 Dicuntur
3395 2778 3577 2822 autem

1952 2862 2094 2917 haec
2121 2864 2243 2916 data
2275 2876 2305 2915 a
2348 2861 2535 2925 Patre,
2568 2862 2694 2930 quia
2724 2862 3140 2917 convenieutlns
3166 2868 3251 2918 est
3296 2861 3579 2931 magisque

1974 2953 2255 3022 proprium
2301 2968 2364 3007 ca
2408 2967 2531 3022 qua:
2572 2967 2737 3021 supra
2785 2954 3177 3009 humanitatem
3223 2962 3351 3008 sunt
3390 2969 3420 3007 a
3465 2950 3578 3006 Deo

1973 3044 2376 3108 administrari,
2404 3060 2508 3098 non
2534 3046 2757 3100 excluso
2784 3055 2963 3101 tamen
2982 3046 3280 3101 secundum
3312 3046 3576 3098 unitatem

1896 3135 1941 3196 (ζ
1973 3136 2190 3191 deitatis
2217 3139 2285 3191 ab
2328 3136 2430 3190 hac
2465 3136 2944 3192 administratione
2982 3138 3119 3193 Filio
3144 3178 3160 3203 ,
3223 3138 3437 3193 tametsi
3481 3150 3579 3208 pec

1976 3228 2258 3285 cnliariter
2291 3229 2523 3283 exsistat
2554 3228 2724 3284 Filius
2754 3230 2819 3283 ad
2850 3229 3066 3286 Patrem
3100 3231 3327 3286 relatus.

2283 3340 2521 3410 ALIUD,
2570 3344 2625 3397 in
2656 3348 2891 3399 eamdem
2925 3348 3256 3399 sententiam.

2046 3454 2126 3519 Si,
2159 3454 2315 3524 juxta
2360 3465 2596 3510 vestram
2657 3459 2995 3525 opinionem,
3050 3461 3269 3529 quando
3332 3459 3571 3530 seipsutn

1974 3544 2281 3597 hmniliavit
2323 3545 2757 3612 superexaltatus
2821 3561 2924 3612 est,
2979 3557 3034 3604 et
3069 3560 3350 3619 proiiterea
3400 3552 3570 3605 dona.

1972 3638 2082 3684 tmn
2105 3634 2257 3686 eiest
2289 3648 2483 3688 nomen
2513 3650 2679 3703 super
2712 3650 2873 3690 omne
2906 3652 3127 3704 nomen,
3165 3640 3264 3693 hoc
3292 3651 3396 3702 est,
3433 3642 3572 3696 Deus

1973 3734 2204 3779 voratus
2234 3735 2339 3789 est,
2366 3736 2420 3780 et
2447 3736 2732 3797 propterea
2754 3728 2919 3782 etiam
2946 3741 3142 3786 unctus
3171 3742 3253 3786 est
3282 3733 3570 3803 dictusque

1970 3814 2174 3881 Filius;
2215 3821 2584 3872 necessarium
2622 3820 2781 3889 plane
2815 3832 2901 3875 est
2955 3831 3015 3875 ut
3054 3822 3299 3879 dicamus
3335 3823 3567 3880 Verbum

1968 3904 2062 3960 Dei
2094 3919 2219 3961 ante
2252 3909 2664 3963 humilationem
2696 3911 2800 3967 hoc
2830 3928 2937 3965 non
2970 3912 3171 3967 fuisse:
3210 3930 3385 3984 neque
3419 3918 3564 3969 enim

1965 3998 2237 4066 acceperit
2266 3999 2390 4069 quis
2419 4000 2471 4053 id
2504 4002 2646 4069 quod
2696 4001 2860 4055 habet
2895 4004 3060 4057 etiam
3102 4019 3225 4057 cum
3271 4023 3375 4060 non
3410 4022 3565 4061 acce-

1966 4090 2128 4157 perit.
2162 4087 2228 4142 Et
2282 4090 2329 4144 si
2379 4103 2507 4145 ante
2554 4092 2947 4149 humiliationis
3002 4104 3246 4163 tempora
3298 4100 3565 4166 reperitur

1966 4177 2105 4231 Deus
2155 4178 2283 4233 alibi
2331 4179 2407 4234 ita
2459 4181 2699 4236 dicens:
2752 4201 2771 4234 ι
2802 4183 2914 4254 Ego
2964 4185 3074 4238 dixi
3123 4200 3137 4239 :
3178 4186 3256 4240 Dii
3303 4188 3458 4253 estis,
3514 4202 3562 4243 et

1962 4270 2055 4323 ﬁlii
2094 4267 2304 4324 Excelsi
2336 4288 2523 4327 omnes
2543 4271 2623 4339 “,
2659 4292 2677 4326 ι
2714 4276 2864 4328 ιιιυίιί
2903 4290 3053 4331 certe
3092 4288 3219 4333 ante
3251 4281 3425 4350 ipsum
3467 4298 3561 4351 ap-

1960 4373 2149 4431 parent
2189 4362 2318 4418 facti
2353 4379 2473 4420 esse
2502 4365 2596 4419 ΩΙιί
2628 4375 2686 4422 ει
2718 4366 2813 4423 dii.
2850 4367 3135 4435 Quomodo
3165 4373 3332 4442 igitur
3364 4389 3557 4428 verum

268 4459 492 4513 πάντων
540 4460 767 4525 πολλοὺς
796 4461 933 4531 ἔχων
966 4465 1070 4532 πρὸ
1100 4462 1305 4529 aurei;
1340 4464 1462 4527 Πῶς
1493 4464 1549 4518 δὲ
1584 4450 1693 4518 καὶν
1713 4484 1859 4538 πρωο

1982 4460 2067 4518 εει,
2098 4455 2281 4508 omnia
2313 4454 2602 4526 peripsutu
2640 4457 2785 4513 facta
2818 4460 2983 4514 esse?
3008 4459 3117 4515 Ant
3140 4464 3413 4529 quomodo
3450 4464 3561 4533 ipse

264 4551 488 4615 τότοκος
537 4553 716 4625 πάσης
746 4554 1012 4619 κτίσεως;
1063 4556 1175 4607 Καὶ
1212 4557 1261 4607 εί
1310 4556 1446 4628 πρὸς
1482 4556 1714 4627 μίμησιν
1756 4532 1852 4611 τοῦ

1982 4543 2031 4597 ιὶι
2053 4554 2181 4599 ante
2205 4547 2410 4611 omnia,
2442 4563 2564 4603 cum
2596 4549 2746 4602 tnulti
2779 4550 2873 4602 illo
2896 4553 3112 4619 priores
3134 4554 3408 4609 sint?Aut
3426 4532 3561 4625 quo-

264 4643 410 4696 κατὰ
446 4644 609 4711 φύσιν
642 4645 772 4698 Υίοῦ
802 4645 1044 4700 τίθενται
1093 4646 1189 4699 καὶ
1237 4649 1287 4700 oi
1336 4651 1478 4702 κατὰ
1524 4651 1705 4721 χάριν,
1734 4650 1855 4718 πῶς

263 4728 411 4789 οὗτοι
443 4734 549 4806 πρὸ
573 4734 667 4787 τοῦ
695 4735 835 4789 κατὰ
863 4735 1059 4805 φύσινς
1089 4736 1201 4789 Καὶ
1231 4738 1279 4789 εί
1303 4736 1398 4791 τοῦ
1432 4738 1561 4791 Υἱοῦ
1596 4739 1853 4811 μετέχον-

262 4844 353 4890 τες
387 4826 784 4897 υίοποιοὺμεθα
807 4826 875 4879 δι’
902 4827 1092 4893 αὐτοῦ,
1125 4828 1243 4889 πῶς
1271 4828 1333 4881 τὸ
1370 4829 1593 4900 μετέχον
1631 4832 1847 4903 πρῶτον

262 4918 417 4971 ἔσται
442 4917 536 4971 τοῦ
564 4918 925 4988 μετεχομένου
963 4919 1059 4972 καὶ
1082 4918 1149 4971 δι’
1179 4913 1239 4972 οὗ
1276 4919 1518 4987 γίνεται;
1547 4921 1673 4985 Πῶς
1700 4923 1759 4976 δὲ
1787 4924 1850 4977 οὐ

263 5011 529 5081 κρείττων
555 5013 583 5063 ό
613 5010 830 5081 πρῶτος
874 5010 1071 5065 τούτου
1101 5010 1280 5082 τυχὼν
1308 5012 1403 5066 τοῦ
1431 5014 1656 5079 πολλαῖς
1687 5015 1846 5070 ὕστε-

267 5116 356 5171 ρον
388 5103 640 5169 γενεαῖς
685 5100 845 5154 Ἀλλὰ
873 5100 1076 5172 πολλὴν
1105 5100 1220 5171 εχει
1252 5103 1424 5156 ταῦτα
1451 5105 1551 5176 τὴν
1589 5106 1840 5159 ἀτοπίαν.

262 5190 474 5245 οὐκοῦν
494 5189 759 5261 ἄτρεπτός
783 5206 844 5243 τε
874 5189 969 5243 καλ¹
1000 5189 1355 5254 ἀναλλοίωτος
1381 5194 1409 5244 ό
1435 5189 1584 5254 Υίὸς,
1614 5191 1676 5245 οὐ
1703 5191 1849 5245 κατὰ

261 5282 445 5351 χάριν,
472 5280 593 5335 οὐδὲ
621 5282 686 5335 ὲκ
708 5280 1026 5353 προσθήκης
1054 5280 1192 5352 ἔχων
1217 5280 1314 5351 τὴν
1346 5281 1481 5353 πρὸς
1501 5283 1593 5336 τὸν
1626 5284 1847 5341 Πατέρα

261 5372 582 5444 ὁμοιότητα,
617 5371 731 5426 ἀλλ’
762 5371 1040 5436 οὐσιωδῶς
1074 5388 1134 5425 τε
1166 5372 1261 5425 καὶ
1292 5373 1558 5441 φυσικῶς.

1954 4636 2115 4692 modo
2149 4638 2254 4692 erit
2302 4639 2698 4710 primogenitns
2747 4641 2903 4712 131
2942 4647 3121 4699 omnis
3156 4659 3425 4702 creatura:
3465 4649 3559 4701 "2

1958 4726 2235 4785 Praeterea
2267 4731 2311 4785 si
2345 4734 2412 4784 ad
2461 4732 2818 4789 imitationem
2869 4736 2980 4790 veri
3036 4747 3089 4791 et
3132 4738 3395 4791 naturalis
3437 4738 3558 4793 Filii

1960 4831 2273 4877 statuuntur
2300 4825 2465 4878 etiam
2512 4825 2547 4879 ii
2577 4826 2668 4894 qui
2710 4840 2805 4896 per
2835 4829 3067 4896 gratiam
3096 4840 3244 4893 sunt,
3285 4833 3557 4899 quomodo

1958 4925 2121 4968 erunt
2152 4915 2204 4968 hi
2242 4917 2451 4984 priores
2480 4934 2546 4971 eo
2571 4920 2663 4989 qui
2702 4920 3026 4974 naturaliter
3050 4932 3135 4975 est
3163 4922 3375 4977 Filius?
3403 4926 3556 4993 Item,

1958 5008 2003 5061 si
2022 5007 2440 5078 participatione
2464 5008 2585 5064 Filii
2608 5027 2704 5080 per
2722 5012 2900 5081 ipsum
2920 5014 3265 5083 adoptamnr,
3282 5018 3561 5084 quomodo

1955 5098 2006 5151 id
2038 5102 2184 5168 quod
2217 5103 2491 5171 particeps
2522 5101 2584 5157 ﬁt
2612 5104 2762 5171 prius
2792 5105 2898 5158 erit
2927 5120 2993 5159 eo
3042 5108 3185 5174 quod
3234 5109 3553 5177 participem

1956 5192 2129 5246 facit?
2162 5194 2446 5259 Quomodo
2492 5206 2672 5250 autem
2725 5211 2832 5251 non
2876 5198 2948 5251 sit
2975 5198 3319 5267 prazstantior
3371 5201 3417 5255 is
3464 5204 3555 5270 qui

1956 5286 2161 5353 primus
2197 5286 2248 5339 id
2278 5297 2608 5343 consecutus
2636 5298 2740 5354 est,
2769 5306 2931 5359 quam
2962 5291 3145 5346 multa:
3170 5292 3554 5361 generationes

1954 5378 2604 5435 subsecutm?C:eterum
2664 5382 2781 5437 haec
2826 5384 3170 5438 absurditate
3228 5385 3548 5454 plenissima

265 5474 413 5517 sunt.
451 5463 811 5517 immutabilis
864 5463 1048 5533 itaque
1080 5473 1163 5519 cst
1211 5463 1402 5528 Filius,
1448 5481 1553 5519 non
1589 5482 1684 5536 per
1728 5469 1983 5537 gratiam,
2025 5484 2200 5539 neque
2234 5485 2301 5524 ex
2374 5472 2653 5528 additione
2715 5474 2831 5529 sive
2898 5474 3215 5531 accessione
3261 5472 3440 5545 aitqua
3470 5476 3551 5531 si-

267 5552 619 5607 miiitndiuem
648 5570 773 5608 cum
824 5553 984 5610 Patre
1018 5564 1229 5621 nactus,
1259 5558 1351 5612 sed
1394 5559 1761 5613 essentialiter
1790 5572 1843 5613 et
1886 5562 2227 5617 naturaliter.

338 5728 383 5764 “
404 5729 561 5786 Joan.
599 5748 729 5798 xvtt,
758 5734 808 5789 5.
887 5735 1096 5792 “l'sal.
1145 5754 1330 5802 tum,
1366 5739 1419 5793 6.
1490 5740 1534 5771 ⁸⁷
1562 5740 1769 5797 Coloss.
1810 5758 1847 5809 I,
1887 5742 1967 5795 lii.

1204 5915 1225 5945 ο
