3994 6324
362 500 467 555 ευ»

1784 493 2223 553 ΤΙΙΕὸᾹῖΠῸΞ.

3547 494 3654 549 3:26

360 615 622 686 τασκευή.
640 613 735 678 Τίς
769 613 878 683 γὰρ
912 614 1019 667 τῶν
1052 611 1113 667 εὖ
1146 612 1487 683 φρονούντων
1512 612 1616 665 οὐκ
1636 611 1702 665 ἂν
1727 611 1948 674 εἰκότως

2063 625 2211 667 recte
2245 614 2486 667 sentiens
2523 628 2627 667 non
2660 610 2979 680 ingemiscat
3010 624 3073 664 ac
3101 608 3302 672 doleat,
3332 622 3425 663 eos
3458 608 3509 661 in
3538 617 3657 662 tan-

362 705 760 773 ὲπιστυγνάσαι
797 708 907 769 τοῖς
948 706 1029 769 είς
1060 703 1328 773 τοσαύτην
1359 703 1780 773 ὶμπεπτωκόσιν
1806 704 1950 772 ἅμα·

363 796 519 859 θίαν;
560 795 659 857 Τίς
689 794 746 847 δὲ
776 795 836 847 οὐ
869 794 1141 865 θρηνήσαι
1166 795 1293 856 τοὺς
1322 796 1400 857 είς
1430 792 1699 862 τοσαύτην
1733 790 1953 863 ὀλισθή-

365 902 565 949 σαντας
598 884 884 950 ὰδουλίανς
923 885 984 939 Ei
1014 885 1124 953 γὰρ
1154 884 1405 954 ἀνόμοιός
1436 885 1552 937 ἐστι
1578 886 1696 937 κατ’
1716 884 1906 936 οὐσίαν
1927 884 1953 933 ὁ

367 973 492 1035 Υἱὸς
522 973 600 1043 τῷ
630 974 825 1044 Πατρὶ,
853 975 1036 1044 ὅμοιος
1060 974 1117 1026 δὲ
1153 974 1296 1027 κατὰ
1324 974 1385 1027 τὸ
1414 968 1574 1037 εἶδος,
1607 973 1825 1044 πρῶτον
1854 972 1954 1041 μὶν

365 1068 579 1138 ἀνάγκη
610 1068 788 1138 )ἑγειν
822 1069 884 1121 ἐκ
918 1066 1191 1137 διαφόρων
1219 1068 1540 1136 συγκεῖσθαι
1570 1067 1662 1121 τὸν
1688 1066 1836 1131 Υἱδν,
1863 1066 1955 1118 καὶ

363 1157 542 1221 τοῦτο,
576 1158 826 1229 ἀλλήλοις
863 1157 996 1211 πολὺ
1031 1159 1350 1228 μαχομένων
1384 1158 1479 1211 καὶ
1508 1157 1765 1220 ἐναντίως
1800 1158 1953 1227 ἐχόνο

363 1264 489 1311 των,
517 1248 613 1301 τοῦ
662 1249 870 1319 ὁμοίου,
898 1252 1063 1320 φημὶ,
1098 1250 1194 1304 καὶ
1232 1248 1324 1301 τοῦ
1361 1249 1645 1319 ἀνομοίου·
1682 1247 1825 1318 ἅπερ
1857 1248 1953 1300 ἁλ-

364 1340 543 1410 λήλοις
575 1340 700 1394 καθ’
728 1340 785 1392 ἐν
818 1358 868 1393 τι
904 1341 964 1393 τὸ
998 1340 1359 1409 ὑποκείμενον
1384 1338 1596 1409 ἄμικτα
1623 1338 1682 1391 τὲ
1715 1340 1831 1390 ἐστι
1860 1337 1954 1389 καὶ

366 1431 676 1502 ἁσύμὸατα.
701 1432 810 1486 Kal.
835 1435 883 1485 εἰ
915 1432 1057 1503 κατά
1081 1450 1131 1485 τι
1164 1430 1521 1502 προσεοικὼς,
1562 1431 1659 1500 οὐχ
1686 1429 1803 1491 ὅλος
1836 1428 1953 1481 ἐστὶ

365 1524 501 1591 φῶς,
531 1525 648 1578 ἀλλ’
678 1525 801 1578 οὐδὲ
844 1526 965 1588 ὅλος
996 1524 1246 1595 ἀλήθεια,
1281 1524 1403 1578 οὐδὲ
1452 1524 1610 1591 φύσει
1641 1523 1790 1586 Θεός.
1822 1518 1953 1575 Εἶτα

364 1616 500 1687 πρὸς
521 1616 698 1686 τούτῳ
726 1617 820 1670 xal.
844 1619 925 1679 είς
949 1617 1111 1670 αὑτὸν
1134 1617 1454 1687 διαϐήσεται
1473 1615 1566 1669 τὸν
1587 1615 1955 1685 γεγεννηκότα

364 1704 461 1773 τῆς
508 1705 821 1774 δυσφημίας
870 1707 930 1759 τὸ
970 1705 1358 1776 βάρος.Ἔσται
1389 1706 1497 1775 γὰρ
1530 1707 1662 1775 ήμῖν
1702 1704 1955 1767 σύνθετος

364 1795 457 1849 καὶ
494 1795 655 1859 αὐτὸς
690 1798 717 1848 ό
744 1796 932 1866 Πατήρ
968 1795 1029 1848 ἐκ
1058 1812 1114 1849 τε
1143 1796 1332 1859 οὐσίας
1359 1797 1452 1848 καὶ
1476 1800 1767 1866 νοήματος,
1795 1796 1953 1867 εἴπερ

363 1885 505 1939 κατὰ
536 1887 634 1957 μὲν
660 1886 752 1938 τὸν
773 1887 870 1956 τῆς
898 1887 1084 1949 οὐσίας
1106 1887 1265 1954 λόγον
1292 1887 1545 1957 ἀνόμοιός
1570 1888 1685 1939 ἐστι
1714 1887 1793 1957 τῷ
1815 1886 1948 1956 Υίῷ,

362 1980 542 2046 ὅμοιος
580 1978 637 2031 δὲ
673 1977 813 2031 κατὰ
839 1978 938 2049 τήν
970 1978 1201 2032 ἔννοιαν.
1240 1979 1361 2042 Πῶς
1392 1974 1485 2031 οὖν
1518 1981 1545 2031 ό
1574 1979 1763 2049 Πατὴρ
1797 1981 1948 2049 εὑρε-

2063 1972 2338 2026 dissimilis
2368 1972 2417 2027 ei
2445 1982 2529 2026 est
2564 1972 2730 2026 Filius
2770 1991 2784 2035 ;

362 2068 586 2139 θήσεται
622 2068 730 2121 τῶν
778 2070 993 2123 πάντων
1043 2070 1211 2141 ἀρχὴ.
1245 2069 1499 2134 σύνθετος
1541 2069 1614 2123 ὢν
1660 2069 1781 2123 καθ’
1809 2071 1951 2139 ὑμᾶς

363 2161 455 2213 καὶ
508 2162 607 2228 οὐχ
658 2160 899 2225 ἀπλούςς
938 2160 1132 2214 Καίτοι
1162 2160 1263 2231 τῆς
1304 2162 1481 2233 ἀρχῆς
1528 2163 1678 2215 οὐδὲν
1716 2179 1948 2232 προεπι-

361 2251 597 2304 νοείσθαι
648 2251 891 2306 δύναται.
930 2244 1172 2323 Μηδενδς
1221 2253 1278 2305 δὲ
1324 2254 1824 2325 προεπινοουμὲνου
1854 2254 1951 2325 τῆς

360 2344 554 2412 ἀρχῆς,
591 2342 888 2413 οὐδαμόθεν
925 2344 1063 2414 αὐτῇ
1096 2344 1156 2396 τὸ
1190 2344 1442 2398 σύνθετον
1490 2347 1947 2416 προσγενήσεται.

375 2433 633 2506 Ἐπείπερ
655 2435 722 2488 τὰ
753 2434 983 2488 σύνθετα
1016 2435 1237 2499 σύνοδός
1260 2453 1345 2501 τις
1373 2437 1480 2490 τῶν
1501 2437 1687 2490 ἁπλῶν
1718 2438 1949 2508 ἐργάζε-

351 2539 469 2577 ται.
512 2524 858 2595 Πανταχόθεν
884 2527 1175 2597 τοιγαροῦν
1212 2527 1496 2597 ὁρωμένης
1525 2527 1623 2597 τῆς
1649 2528 1707 2579 ὲν
1738 2527 1949 2592 τούτοις

360 2617 612 2680 ἀτοπίας,
646 2618 949 2689 σαθροτὰτη
1001 2618 1100 2688 μὲν
1142 2617 1296 2670 ἔσται
1344 2621 1459 2680 τοῖς
1497 2619 1883 2689 χριστομάχοις
1916 2620 1948 2687 ή

362 2707 649 2778 πρότασις.
669 2707 1076 2779 Ἀναιρεθείσης
1103 2709 1159 2761 δὲ
1187 2709 1285 2777 τῆς
1308 2711 1364 2761 ὲν
1382 2708 1594 2770 τούτοις
1614 2708 1945 2779 δυσφημίας,

352 2801 541 2869 ὅμοιος
572 2800 723 2853 ἔσται
762 2800 882 2851 κατ’
905 2785 1092 2852 οὐσίαν
1119 2801 1147 2852 ὁ
1172 2799 1299 2862 Υἱὸς
1326 2799 1403 2869 τῷ
1427 2800 1624 2869 Πατρὶ,
1653 2799 1948 2867 οὐδαμόθεν

358 2892 460 2960 τῆς
494 2893 630 2963 πρὸς
664 2893 827 2945 αὐτὸν
860 2893 1097 2961 φυσικῆς
1129 2892 1445 2962 ὁμοιότητος
1471 2891 1857 2960 ὲξωθούμενος.

1048 3175 1181 3227 ΑΛΛ
1191 3175 1252 3228 0.

2066 716 2171 758 tam
2201 706 2531 761 tlententiam
2554 702 2886 760 devenisse?
2909 701 3042 768 Quis
3074 718 3179 757 non
3215 702 3542 755 lamentetur
3559 716 3656 757 cos

2064 798 2115 850 in
2171 806 2375 850 tantam
2414 796 2612 864 ingenii
2650 794 2936 863 caliginem
2976 793 3280 863 cecidisse?
3306 789 3441 845 Nam
3476 793 3518 847 si
3561 791 3653 847 Fi-

2063 888 2166 942 lius
2186 888 2466 942 dissimilis
2500 898 2583 942 est
2612 887 2912 960 seqtndum
2934 886 3231 945 essentiam
3293 884 3462 949 Patri,
3498 884 3653 938 simi-

2063 978 2125 1033 lis
2146 994 2274 1035 vero
2305 980 2603 1033 secundum
2638 978 2871 1034 formam
2904 996 2916 1031 :
2948 981 3182 1047 primum
3206 978 3426 1047 quidem
3460 992 3654 1034 neces-

2061 1070 2265 1122 sarium
2292 1079 2393 1132 est,
2431 1080 2488 1123 ut
2522 1070 2767 1124 dicamus
2794 1068 2989 1122 Filium
3026 1083 3090 1139 es
3125 1068 3357 1121 diversis
3415 1083 3645 1137 compo-

2060 1158 2225 1212 situm
2289 1174 2442 1222 esse,
2504 1171 2665 1228 atque
2719 1160 2785 1212 iis
2836 1158 3054 1227 quidem
3109 1158 3337 1212 multum
3402 1159 3543 1214 inter
3594 1175 3656 1215 se

2061 1250 2442 1317 pugnantibus,
2478 1257 2533 1303 et
2568 1248 2882 1313 contrariis,
2922 1248 3088 1303 simili
3122 1248 3378 1303 nimirum
3430 1258 3487 1309 et
3539 1250 3652 1304 dis-

2062 1337 2258 1402 simili;
2296 1353 2415 1408 qua:
2437 1340 2655 1409 quidem
2692 1340 2834 1393 inter
2870 1354 2928 1393 se
2962 1342 3013 1393 in
3043 1341 3232 1395 eodem
3268 1334 3516 1407 subjecto
3554 1342 3653 1393 mi-

2061 1428 2199 1482 sceri
2264 1431 2533 1499 sinmlqne
2554 1432 2811 1497 congredi
2838 1447 2945 1486 non
2982 1442 3231 1501 possunt.
3261 1432 3323 1486 Et
3351 1434 3399 1489 sl
3472 1434 3649 1503 aliqua

2066 1530 2272 1573 tantum
2302 1536 2366 1574 ex
2409 1532 2562 1590 parte
2594 1533 2678 1576 est
2705 1524 2923 1589 similis,
2988 1539 3093 1578 non
3174 1535 3323 1579 totus
3386 1526 3489 1579 erit
3532 1526 3650 1587 lux.

2063 1625 2241 1677 neque
2268 1620 2409 1665 totus
2437 1613 2659 1676 veritas,
2704 1628 2879 1682 neque
2907 1626 3100 1667 natura
3138 1614 3297 1669 Deus.
3360 1613 3650 1685 Propterea

2063 1702 2415 1772 blasphemia:
2448 1704 2604 1773 hujus
2636 1706 2953 1775 magnitudo
2970 1708 3036 1759 ad
3069 1705 3288 1761 Patrem
3324 1709 3487 1763 etiam
3521 1723 3649 1778 per-

2064 1794 2256 1863 tinget.
2288 1793 2639 1863 COmpositus
2665 1796 2810 1849 enim
2850 1796 2958 1849 erit
3010 1798 3171 1851 etiam
3234 1798 3347 1866 ipse
3391 1798 3552 1853 Pater
3583 1814 3650 1854 ex

2063 1884 2301 1938 essentia
2332 1894 2387 1938 et
2412 1883 2782 1953 cogitatione:
2817 1886 3082 1956 siquidem
3136 1889 3390 1942 essentia:
3441 1890 3651 1959 ratione

2850 1975 3043 2029 similis
3100 1990 3227 2031 vero
3290 1979 3647 2048 cogitatione.

2054 2063 2174 2130 Quo
2232 2074 2392 2131 pacto
2452 2064 2617 2133 igitur
2666 2063 2830 2119 Pater
2874 2066 3189 2121 censebitur
3235 2083 3359 2124 esse
3405 2071 3649 2125 onmium

2053 2154 2399 2223 principium,
2423 2170 2543 2209 cum
2562 2156 2633 2210 sit
2663 2158 2997 2227 compositus
3021 2160 3321 2214 secundum
3349 2177 3444 2216 vos
3466 2174 3649 2217 etnon

2052 2246 2307 2316 simplex?
2336 2245 2500 2315 Atqui
2533 2250 2809 2317 principio
2835 2251 3137 2320 nihilprius
3178 2253 3403 2323 intelligi
3439 2264 3642 2323 potest.

2051 2340 2184 2395 Cum
2214 2356 2344 2396 vero
2368 2341 2497 2395 nihil
2524 2344 2675 2410 prius
2704 2343 2864 2415 135
2890 2346 3162 2416 principio
3191 2347 3413 2417 intelligi
3454 2350 3647 2419 possit,

2053 2429 2194 2482 nulla
2225 2441 2375 2484 certe
2409 2431 2624 2485 ratione
2650 2436 2989 2501 compositus
3046 2435 3152 2487 dici
3207 2445 3406 2504 potest.
3456 2433 3647 2505 Siqui—

2051 2519 2173 2573 dem
2202 2536 2527 2589 congressus
2556 2524 2775 2589 quidam
2802 2523 3131 2592 simplicium
3158 2527 3511 2599 compnsitum
3529 2526 3644 2581 cill-

2051 2612 2143 2665 cit.
2178 2611 2313 2665 Cum
2346 2614 2529 2680 itaque
2556 2613 2785 2668 istorum
2815 2615 3129 2671 absurditas
3173 2619 3319 2672 omni
3378 2633 3442 2672 ex
3500 2631 3651 2689 parte

2052 2716 2173 2755 sese
2210 2704 2423 2771 prodat,
2459 2703 2755 2758 lcedissima
2793 2720 2925 2759 sane
2979 2704 3182 2761 Christi
3223 2710 3457 2763 hostium
3519 2726 3644 2779 pro-

2052 2794 2248 2859 positio
2267 2795 2539 2848 eensenda
2571 2804 2675 2849 est.
2716 2795 2958 2850 Sublatis
2992 2813 3121 2853 vero
3182 2800 3335 2855 hisce
3389 2802 3645 2870 blasphe-

2053 2887 2195 2947 miis,
2226 2886 2422 2940 similis
2453 2887 2559 2941 erit
2587 2889 2887 2941 secundum
2923 2891 3223 2945 essentiam
3269 2889 3437 2945 Filius
3472 2892 3644 2956 Pani,

2056 2977 2200 3028 nulla
2237 2979 2491 3033 rationea
2523 2980 2752 3033 naturali
2782 2995 2905 3035 cum
2931 2982 3046 3052 ipso
3070 2983 3430 3037 similitudine
3458 2984 3646 3039 exclu-

2052 3083 2162 3125 ειιε.

2728 3185 2960 3243 ALIUD.

430 3291 493 3344 Εί
528 3289 604 3361 μὴ
649 3290 770 3342 κατ’
798 3287 987 3343 οὐσίαν
1020 3289 1204 3359 ὅμοιός
1248 3292 1395 3342 ἐστιν
1428 3291 1456 3342 ό
1485 3290 1610 3351 Υἱὸς
1645 3289 1721 3359 τῷ
1751 3290 1947 3359 Πατρὶ,

2132 3296 2187 3352 Si
2231 3299 2394 3355 Filius
2435 3316 2538 3355 non
2582 3310 2666 3355 est
2716 3274 3015 3357 secundum
3074 3306 3369 3360 essentiam
3444 3309 3643 3363 similis

356 3379 619 3461 ’μόνηςδι
648 3378 745 3446 τῆς
776 3378 985 3444 ἑννοίας
1020 3380 1186 3434 αὑτοῦ
1220 3382 1508 3452 χαρακτὴρ
1531 3381 1717 3453 ὥσπερ
1747 3399 1829 3445 τις
1854 3382 1948 3435 καὶ

2063 3392 2226 3457 Patri,
2251 3395 2345 3447 sed
2398 3404 2606 3447 tantum
2664 3394 2961 3448 character
2993 3395 3215 3462 quidam
3248 3409 3412 3465 atque
3470 3398 3647 3469 imago

360 3470 545 3535 είκὼν,
580 3470 791 3524 τελείαν
838 3464 983 3541 ἔχειν
1014 3471 1151 3543 πρὸς
1184 3472 1347 3525 αὐτὸν
1375 3472 1669 3542 ὁμοιότητα
1699 3473 1759 3525 οὺ
1785 3473 1949 3527 δύνα-

362 3578 447 3613 ται
471 3576 484 3589 ·
524 3561 713 3631 ἐπειδὴ
738 3562 831 3616 καὶ
856 3563 1017 3632 ήμεϊς
1046 3562 1166 3615 κατ’
1198 3563 1382 3616 εἰκόνα
1411 3564 1697 3630 γεγονότες
1725 3564 1819 3616 τοῦ
1837 3567 1947 3635 Δη-

366 3653 647 3725 μιουργοῦ,
677 3654 798 3706 τότε
834 3651 1079 3725 μάλιστα
1118 3654 1277 3708 τοῦτο
1323 3654 1626 3725 φαινόμεθα
1660 3655 1945 3720 σώζοντες,

362 3745 449 3798 ὅτε
480 3745 581 3814 τῆς
617 3744 889 3814 θειότητος
934 3742 1099 3797 αὐτοῦ
1151 3744 1368 3815 μέτοχοι
1407 3744 1681 3815 γινόμενοι
1723 3745 1811 3798 διὰ
1853 3744 1947 3798 τοῦ

363 3834 693 3899 ἐνοικοῦντος
735 3837 869 3907 ἡμῖν
902 3836 1059 3904 ἁγίου
1091 3836 1429 3907 Πνεύματος,
1468 3838 1604 3908 πρὸς
1651 3837 1749 3909 τὴν
1798 3838 1949 3892 θείαν

366 3928 723 3999 μορφούμεθα
766 3928 948 3997 φύσιν.
976 3928 1086 3981 Καὶ
1128 3928 1259 3992 γοῦν
1289 3930 1339 3982 οἱ
1374 3930 1541 4000 μήπω
1586 3931 1948 4001 μετασχόντες

362 4017 547 4081 αὑτοῦ,
574 4018 729 4072 οῠπω
756 4018 1071 4090 σύμμορφοι
1100 4018 1474 4091 καθεστήκασι
1503 4020 1604 4089 τῆς
1626 4020 1832 4085 εἰκόνος
1852 4022 1946 4074 τοῦ

363 4109 494 4162 Υἱοῦ
524 4109 710 4163 αὑτοῦ.
743 4109 805 4163 Ei
838 4111 1017 4164 τοίνυν
1062 4112 1268 4182 φυσικὴ
1308 4112 1405 4182 μὲν
1434 4113 1691 4182 ὁμοιότης
1722 4113 1949 4183 οὐδεμία

363 4200 455 4253 τοῦ
484 4200 696 4271 [ἰατρὸς
721 4202 779 4253 ὲν
806 4200 943 4272 Υἱῷ,
976 4202 1129 4271 μόνοι
1146 4202 1203 4255 δὲ
1232 4202 1331 4271 τῆς
1361 4203 1569 4266 ἑννοίας
1593 4205 1642 4256 οἱ
1668 4204 1950 4275 χαρακτῆ-

366 4304 456 4359 ρες
504 4290 878 4357 ὶμφαίνονται,
908 4291 1005 4360 οὐχ
1050 4290 1162 4356 ἕξει
1212 4291 1274 4344 τὸ
1323 4293 1545 4356 τελείως
1576 4295 1779 4364 ὅμοιον,
1814 4296 1950 4366 ὅπερ

362 4378 478 4431 ἐστὶ
509 4379 607 4431 καὶ
634 4379 814 4448 μόνον,
840 4382 1039 4433 ὲννοείν
1068 4380 1354 4435 ἀπίθανον.
1390 4383 1517 4447 Πῶς
1549 4385 1658 4454 γάρ
1682 4388 1831 4438 ἐστιν
1862 4386 1951 4438 ῐσα

362 4467 512 4539 Θεῷς
545 4470 609 4523 El
644 4470 699 4523 δὲ
726 4470 887 4524 τοῦτο
933 4470 1154 4535 ἄτοπον,
1184 4474 1453 4543 κρατήσει
1483 4475 1590 4545 ἄρα
1637 4475 1698 4528 τὸ
1740 4476 1947 4547 ἕτερον,

364 4561 499 4630 ὅπερ
529 4564 649 4615 ἐστὶ
682 4564 777 4616 καὶ
810 4562 1174 4635 ἀληθέστερον
1194 4581 1209 4597 ο
1248 4565 1330 4618 ὅτι
1362 4567 1461 4636 τῆς
1488 4565 1580 4619 τοῦ
1608 4568 1823 4640 Πατρὸς
1860 4570 1951 4621 οὐ·

2054 3484 2221 3554 ipsius
2244 3484 2611 3555 cogitationis,
2649 3484 2947 3555 perlectam
2998 3501 3119 3540 cum
3179 3488 3297 3555 ipso
3332 3491 3647 3545 similitudi-

2056 3592 2178 3630 nem
2210 3578 2410 3631 habere
2442 3593 2545 3631 non
2572 3586 2781 3647 potest;
2842 3577 3109 3645 siquidem
3202 3581 3366 3633 etiam
3428 3599 3525 3636 nus
3578 3585 3645 3638 ad

2056 3667 2341 3735 imaginem
2374 3669 2651 3723 Creatoris
2690 3670 2837 3734 lacti,
2871 3682 2997 3725 tunc
3049 3672 3285 3727 maxime
3337 3690 3456 3729 eam
3518 3693 3648 3730 ron-

2053 3774 2271 3813 servare
2298 3760 2594 3823 cernimur,
2626 3763 2845 3830 quando
2867 3762 3171 3818 divinitatis
3204 3779 3319 3819 sua:
3354 3768 3646 3837 participes

2052 3849 2252 3915 effecti,
2291 3852 2574 3905 habitante
2604 3854 2657 3906 in
2692 3854 2848 3909 nobis
2876 3856 3083 3923 Spiritu
3136 3869 3327 3912 sancto
3369 3862 3435 3914 ad
3498 3864 3641 3914 divi-

2054 3958 2179 3995 nam
2205 3953 2452 3995 naturam
2476 3941 2849 3998 eﬂ‘ormamur.
2884 3946 3092 4002 Idcirco
3115 3951 3205 4018 qui
3253 3952 3493 4006 nandum
3525 3954 3645 4020 ejus

2055 4033 2347 4101 participes
2400 4042 2525 4087 sunt
2568 4034 2781 4099 eﬂ'ecti,
2849 4040 3086 4093 nondum
3143 4041 3457 4098 eoul'ormes
3504 4044 3633 4100 facti

2063 4135 2190 4177 sunt
2221 4124 2440 4193 imagini
2472 4121 2595 4177 Filii
2634 4126 2825 4193 ipsius.
2849 4125 2905 4179 Si
2932 4141 3064 4196 ergo
3094 4130 3236 4182 nulla
3266 4140 3348 4185 est
3384 4134 3644 4186 naturalis

2054 4214 2351 4269 similitudo
2397 4214 2577 4270 Patris
2631 4217 2682 4270 in
2742 4215 2904 4282 Filio,
2957 4221 3055 4273 sed
3106 4222 3237 4276 nudi
3294 4226 3644 4295 cogitationis

2054 4308 2398 4362 characteres
2438 4309 2487 4361 in
2527 4308 2645 4377 ipso
2711 4321 2998 4380 apparent,
3060 4325 3210 4367 certe
3278 4317 3474 4371 similis
3535 4335 3641 4373 non

2062 4400 2171 4452 erit
2198 4439 2211 4460 ,
2243 4400 2385 4467 quod
2416 4400 2495 4454 vel
2525 4399 2636 4456 sola
2665 4402 2992 4470 cogitatione
3019 4403 3313 4459 absurdum
3337 4418 3441 4461 est.
3496 4407 3644 4475 Quo-

2056 4493 2213 4544 modo
2230 4506 2359 4560 ergo
2390 4508 2495 4546 non
2530 4492 3103 4559 rapinam.arbitratus
3124 4507 3209 4551 est
3236 4513 3357 4554 esse
3383 4515 3643 4569 sea-qua-

2055 4582 2158 4636 Iem
2191 4582 2299 4635 Deo
2332 4582 2419 4636 '°?
2444 4584 2512 4637 At
2544 4586 2588 4639 si
2610 4585 2711 4640 hoc
2734 4586 3029 4641 absurdum
3058 4598 3163 4655 est,
3200 4594 3433 4645 alterum
3477 4593 3647 4663 igitur

368 4648 485 4711 σίας
519 4650 652 4703 αὐτὸ
682 4650 746 4719 δὴ
773 4650 834 4704 τὸ
868 4651 999 4705 ίδιον
1043 4653 1306 4725 ὑπάρχων
1334 4657 1362 4709 ό
1390 4655 1542 4723 Υίὸς,
1569 4658 1753 4727 ὅμοιος
1798 4658 1948 4713 ἔσται

2063 4672 2184 4727 illud
2216 4677 2504 4727 tenendum
2534 4686 2638 4739 est,
2686 4678 2829 4745 quod
2869 4686 2923 4733 et
2947 4680 3160 4735 veritati
3212 4695 3642 4738 consentaneum

366 4740 459 4792 καὶ
487 4742 608 4793 κατ’
635 4741 825 4795 οὐσίαν
855 4742 1025 4805 αὐτῷ.

381 5040 703 5121 Ἀπόδειξις
732 5042 1173 5125 ἀειότῆςιθείιξς
1208 5049 1477 5125 Γραφῇς,
1496 5050 1789 5125 ὅτιπερίέκ
1810 5074 1945 5125 μετ·

436 5109 587 5194 οζῆς
626 5110 738 5178 τῆς
769 5109 1012 5194 πρρς
1043 5109 1225 5194 θεξᾷν,
1251 5109 1627 5194 ίκαξξᾷίκένα
1656 5109 1768 5194 τὴν
1804 5109 1955 5194 mc

437 5181 626 5261 αὐτὸν)
650 5185 1051 5252 μορφοιψεθιι.
1089 5188 1171 5261 (ζὺ
1199 5190 1315 5261 γὰρ
1340 5190 1634 5258 ἐξήρπασε
1664 5181 1739 5261 ri]
1764 5181 1952 5252 αὑτοῧ

437 5252 1168 5329 ἀνθρώξτουχκᾳτασκςυῆ,
1208 5252 1360 5326 spec
1390 5252 1464 5314 τδ
1488 5252 1811 5329 φαίνεθ’ὸιιι
1851 5268 1950 5321 καὶ

435 5321 715 5443 ἔξέσθαι
742 5324 945 5377 εἶκόνα
974 5325 1080 5379 τοῦ
1113 5321 1532 5395 ἐτεπὸιηὶιότοξι,
1562 5334 1625 5385 τό
1656 5334 1725 5386 ἐν
1733 5337 1951 5405 μόναις

547 5392 721 5443 Ot'atc.
758 5394 863 5443 τὸν
898 5396 1031 5443 περὶ
1063 5396 1251 5443 αὐτοῦ
1290 5398 1523 5443 κεῖσθαι
1560 5404 1747 5443 .Mwm

547 5392 721 5455 οιάις,
758 5394 863 5445 τόν
898 5396 1031 5463 περὶ
1063 5396 1251 5451 αὐτοῦ
1290 5392 1529 5454 κεῖσθαι
1559 5392 1768 5472 λόγονῆ

438 5527 599 5595 Δόγει
628 5544 730 5579 που
764 5528 971 5592 Παῦλος
996 5547 1007 5559 ·
1040 5529 1102 5582 Ei
1131 5530 1188 5583 δέ
1226 5548 1309 5595 τις
1339 5534 1559 5605 πνεῦμα
1584 5537 1822 5609 Χριστοῦ
1850 5544 1955 5599 οὐκ

370 5618 501 5689 ῐχει,
530 5614 683 5680 οὗτος
723 5622 821 5672 οὐκ
859 5620 1005 5674 ἐστιν
1034 5622 1221 5677 αὑτοῦ.
1243 5624 1381 5676 Ἀλλ’
1416 5627 1571 5699 εῐπερ
1606 5628 1827 5701 ἐξήρκει
1859 5636 1952 5686 καὶ

369 5708 494 5780 δίχα
520 5712 618 5780 τῆς
651 5710 745 5762 ’τοῦ
778 5712 1089 5779 Πνεύματος
1125 5717 1359 5787 μετοχῆς
1390 5721 1508 5771 κατ’
1544 5722 1729 5774 είκόνα
1767 5726 1951 5793 φαίνε-

440 5891 486 5925 ⁵⁹
516 5893 740 5963 l‘hihpp.
777 5910 834 5957 ιι.
873 5897 925 5951 6.
1002 5898 1044 5929 ⁵⁸
1080 5897 1235 5952 Rom.
1279 5914 1397 5966 vttt,
1428 5900 1481 5955 9.

2054 4774 2159 4827 est,
2198 4768 2341 4834 quod
2370 4764 2542 4821 Filius
2590 4784 2715 4823 cum
2772 4770 2842 4824 sit
2884 4771 2999 4841 ipsa
3056 4775 3361 4843 proprietas
3388 4778 3643 4832 essentize

2057 4854 2256 4921 Patris,
2283 4857 2475 4913 similis
2504 4860 2669 4913 etiam
2698 4862 2747 4915 ei
2783 4863 3005 4918 omnino
3029 4865 3102 4917 sit
3124 4869 3421 4921 secundum
3457 4884 3645 4923 essen-

2059 4948 2207 5000 tiam.

2066 5072 2745 5156 Demonstralidexsacra
2781 5080 3081 5156 Scriptura,
3121 5087 3262 5156 quod
3306 5105 3399 5155 per
3422 5093 3642 5155 partici-

2131 5150 2397 5230 pationem
2422 5150 2718 5203 divinitatis
2750 5154 2819 5230 nil
2863 5150 3149 5230 imaginem
3220 5150 3386 5223 ipsius
3422 5150 3643 5230 'forme-

2133 5231 2270 5290 mur.
2302 5215 2484 5290 Neque
2516 5236 2654 5285 enim
2692 5222 2823 5273 satis
2851 5222 2952 5290 fuit
2977 5215 3045 5275 r'ul
3069 5226 3124 5276 id
3176 5215 3248 5278 ut.
3276 5215 3561 5284 videretur.
3590 5243 3641 5287 et

2129 5284 2278 5368 feret
2324 5284 2482 5368 homo
2508 5284 2679 5368 imago
2697 5284 2990 5368 creatoris,
3019 5296 3188 5348 solum
3215 5298 3279 5350 de
3314 5300 3426 5368 ipso
3452 5303 3505 5356 in
3552 5284 3641 5359 ni;

2134 5356 2336 5409 tellecta
2369 5356 2736 5427 cogitationem
2764 5364 3012 5429 exprimi.

2128 5555 2331 5610 Paulus
2363 5559 2562 5615 alieuhi
2610 5562 2781 5633 inquit
2812 5581 2826 5619 :
2866 5585 2884 5617 ι
2924 5564 2979 5621 Si
3010 5567 3132 5631 quis
3160 5568 3411 5634 spiritum
3435 5570 3641 5626 Christi

2054 5657 2163 5698 non
2199 5646 2381 5715 habet,
2414 5649 2502 5704 hic
2533 5652 2704 5721 ipsius
2736 5672 2839 5710 non
2866 5666 2949 5711 est
2995 5656 3060 5709 “.
3109 5676 3126 5709 ι
3155 5658 3221 5712 At
3248 5658 3292 5713 si
3320 5660 3482 5714 etiam
3515 5660 3643 5717 abs.

2057 5750 2162 5805 que
2194 5740 2614 5811 participatione
2676 5744 2932 5816 Spiritus,
2987 5749 3148 5803 homo
3203 5748 3269 5803 ad
3348 5750 3643 5819 imaginem
