3994 6324
534 470 641 525 235

1554 462 1611 517 S.
1653 460 1921 517 CYRILLI
1961 458 2425 515 ALEXANDHINI
2467 461 2781 516 AllClllEP.

3657 466 3765 524 236

533 596 704 651 stunt,
734 600 834 641 non
874 593 1050 638 autem
1101 582 1169 637 iis
1223 595 1345 649 qua
1406 596 1510 634 non
1596 582 1861 637 exsistunt
1929 581 2075 648 magi:

2197 582 2255 632 οὐ
2286 582 2393 642 τοῖς
2427 581 2499 650 μὴ
2534 578 2649 635 οὖσι
2680 582 2925 650 δέχεσὺαί
2980 599 3030 634 τι
3068 583 3529 655 πρεπωδέστερον,
3568 584 3768 655 συνθηο

531 676 817 731 conveniat
843 675 1042 745 aliquid
1071 673 1341 743 accipere,
1368 686 1465 726 nos
1504 672 1668 726 etiam
1721 674 2084 728 concedimus.

530 765 948 821 Caterunrillud
974 778 1116 819 nunc
1133 777 1355 819 necesse
1376 772 1461 817 est
1480 761 1678 829 dicere,
1704 762 1845 831 quod
1874 763 1923 817 id
1950 765 2092 831 quod

529 857 951 927 accipitcaliquid
996 856 1062 911 ab
1085 856 1211 921 alio,
1266 863 1520 924 tanquam
1550 870 1655 909 non
1690 854 1915 919 habens,
1945 856 2090 909 acci-

528 950 625 1020 pit.
649 950 707 1005 Si
735 964 861 1017 ergo
881 950 1043 1004 Pater
1079 949 1297 1017 quidem
1356 948 1518 1002 habet
1571 949 1695 1011 hoc,
1744 957 1802 1002 ut
1872 948 1942 1003 sit
1984 948 2092 1002 vita

527 1039 817 1095 secundum
871 1039 1186 1103 essentiam,
1226 1037 1321 1093 dat
1371 1051 1501 1093 vero
1540 1038 1591 1091 id
1621 1036 1778 1099 Filio.
1838 1040 2092 1093 nimirum

526 1142 585 1185 ut
618 1147 722 1185 non
745 1129 961 1184 habenti
991 1146 1003 1181 :
1038 1143 1144 1200 quo
1175 1138 1331 1198 pacto
1350 1128 1512 1197 igitur
1532 1130 1645 1185 erit
1680 1129 1886 1185 ratione
1911 1145 2093 1186 essen-

525 1223 614 1275 tia
638 1220 834 1276 similis
858 1220 929 1285 ei,
958 1221 1025 1276 ab
1052 1235 1115 1277 eo
1142 1218 1412 1290 accipiens
1439 1219 1580 1289 quod
1607 1221 1831 1290 ipsemet
1861 1236 1967 1277 non
1992 1223 2089 1276 ha-

526 1310 649 1364 bet?

1034 1419 1241 1474 Salutio
1267 1421 1594 1489 objectionis.

586 1532 903 1601 lnquirenda
926 1540 1008 1587 est
1032 1542 1286 1588 accurate
1318 1533 1449 1588 dicti
1490 1534 1660 1602 ipsius
1689 1534 1755 1590 de
1816 1549 1922 1603 quo
1976 1534 2088 1601 agi-

522 1642 659 1690 mus,
692 1640 723 1680 ο
758 1625 903 1691 boni,
931 1627 1220 1690 sententia,
1248 1640 1312 1680 ac
1348 1635 1457 1680 tum
1486 1626 1714 1681 rationis
1738 1626 1845 1679 vim
1883 1626 2091 1681 videbi-

522 1733 660 1772 mus.
705 1719 739 1769 Α
763 1717 919 1771 nobis
947 1717 1092 1770 enim
1124 1724 1313 1771 contra
1339 1716 1590 1771 audietis.
1626 1716 1682 1771 Si
1707 1716 1785 1771 sic
1816 1717 1977 1771 habet
2011 1720 2089 1769 vi-

524 1816 627 1858 tam
664 1804 829 1859 Filius
879 1804 1325 1873 quemadmodum
1371 1816 1423 1859 et
1494 1805 1672 1870 Pater,
1741 1806 1841 1861 hoc
1870 1817 1972 1869 est,
2036 1807 2086 1860 in

522 1901 717 1967 seipso,
752 1914 848 1968 per
879 1900 1021 1967 quod
1056 1899 1394 1970 signiﬁcatur
1422 1900 1802 1965 essentialiter,
1844 1902 1969 1969 quid
1997 1905 2087 1956 ob-

522 1991 686 2045 stabit
715 1992 1001 2060 quominus
1033 2004 1152 2058 qua
1179 1990 1429 2045 similiter
1468 2005 1527 2046 se
1574 1993 1792 2053 habent,
1846 1993 2082 2059 eiusdem

524 2096 737 2149 quoque
767 2082 876 2137 sint
902 2082 1253 2137 substantia?
1283 2082 1339 2135 Si
1368 2083 1511 2137 enim
1536 2084 1696 2139 Pater
1731 2085 1892 2139 habet
1918 2086 2082 2139 vitam

518 2173 570 2225 in
619 2174 814 2242 seipso,
843 2182 895 2227 et
917 2171 1085 2227 Filius
1118 2173 1351 2235 vicissim
1385 2174 1549 2227 vitam
1588 2175 1639 2227 in
1674 2176 1851 2246 seipso
1903 2176 2082 2242 habet,

518 2278 622 2316 non
656 2278 751 2331 per
784 2264 1160 2331 adiectionem,
1195 2274 1250 2316 ut
1282 2279 1376 2319 vos
1407 2265 1725 2330 Opinamini,
1794 2266 1897 2319 erit
1919 2267 2083 2321 etiam

515 2352 662 2407 Patri
692 2356 987 2408 secundum
1014 2355 1307 2408 essentiam
1345 2354 1591 2421 aqualis,
1627 2357 1719 2421 qui
1744 2357 1928 2410 eodem
1964 2371 2081 2411 mo—

518 2447 583 2500 do
624 2446 791 2501 vitam
818 2446 979 2499 habet
1002 2454 1162 2514 atque
1201 2445 1307 2509 ille,
1338 2457 1515 2500 etnon
1549 2445 1726 2499 aliter.

1215 2578 1447 2635 ALIUD.

583 2691 639 2745 Si
670 2689 834 2744 Filius
872 2697 1077 2745 nonest
1114 2690 1222 2744 vita
1262 2691 1555 2747 secundum
1608 2700 1878 2758 naturam,
1922 2691 2074 2764 141

515 2797 621 2851 quo
656 2790 811 2849 pacto
844 2795 969 2835 vere
999 2781 1128 2835 dicit
1165 2799 1177 2834 :
1212 2799 1232 2833 ι
1269 2781 1560 2847 Quicredit
1614 2782 1795 2846 inme,
1823 2781 1982 2838 habet
2006 2784 2082 2835 vi-

513 2886 620 2929 tam
646 2885 897 2929 aternam
928 2874 1011 2926 "?
1065 2892 1083 2923 ι
1146 2872 1210 2925 Ει
1238 2886 1458 2925 rursus:
1510 2891 1527 2922 ι
1568 2870 1705 2925 Oves
1746 2886 1877 2925 mea
1894 2887 2078 2926 vocem

513 2981 687 3019 meam
724 2966 945 3019 audiunt
976 2964 1048 3029 ⁶⁸;
1086 2983 1101 3015 ι
1141 2974 1194 3019 et
1229 2982 1242 3017 :
1284 2982 1301 3015 ι
1331 2962 1438 3033 Ego
1465 2964 1530 3017 do
1562 2962 1690 3031 ipsis
1735 2963 1894 3016 vitam
1924 2972 2079 3017 ater-

513 3071 668 3121 nam;
705 3072 723 3105 ›
757 3065 811 3108 et
844 3068 1027 3107 rursus
1076 3074 1087 3107 :
1131 3070 1148 3102 ι
1191 3052 1289 3119 Qui
1325 3052 1495 3107 credit
1530 3052 1581 3106 in
1614 3066 1719 3115 me,
1758 3067 1861 3105 non
1896 3059 2078 3120 gusta-

514 3148 593 3201 bit
625 3154 851 3199 mortem
887 3145 937 3196 in
968 3153 1228 3196 aternum
1254 3143 1321 3194 ".
1362 3160 1379 3192 ι
1409 3141 1704 3209 Oportebat
1741 3142 1882 3195 enim
1936 3143 2081 3195 dicc-

2197 673 2401 741 σόμεΘα
2430 675 2519 725 καὶ
2546 674 2716 727 αὐτοὶ.
2767 675 2903 726 Ἀλλ’
2936 676 3111 728 ἐκεῖνο
3128 676 3221 729 νῦν
3252 678 3542 745 ἀναγκαῖον
3572 679 3767 739 εἰπεῖν,

2193 764 2274 814 ὅτι
2304 763 2363 816 τὸ
2386 764 2669 832 δεχόμενόν
2691 782 2743 817 τι
2768 767 2918 834 παρά
2945 784 3107 831 τινος,
3166 768 3241 829 ὡς
3270 771 3369 822 οὐκ
3401 768 3519 838 ἕχον
3549 768 3768 839 λαμϐά-

2195 872 2293 907 νει.
2324 857 2382 907 Ei
2416 856 2595 907 τοίνυν
2624 856 2736 927 ἔχει
2767 858 2864 927 μὲν
2901 861 2928 911 6
2960 859 3147 930 Πατὴρ
3186 860 3244 913 τὸ
3304 857 3444 914 εἶναι
3498 862 3607 931 ζωὴ
3646 864 3771 915 κατ’

2193 947 2400 1009 οὐσίαν,
2432 947 2612 1001 δίδωσι
2642 948 2696 1001 δὲ
2731 948 2888 1002 τοῦτο
2913 950 2989 1019 τῷ
3020 950 3134 1021 Tit}
3167 952 3242 1015 ὡς
3274 954 3374 1007 οὐκ
3400 954 3575 1025 ἔχοντι
3607 956 3773 1024 δηλα-

2193 1036 2276 1106 δή,
2306 1038 2423 1100 πῶς
2452 1036 2542 1091 οὖν
2572 1040 2722 1093 ἔσται
2752 1043 2869 1092 κατ’
2898 1042 3081 1095 ουσίαν
3114 1045 3294 1114 ὅμοιος
3327 1044 3473 1117 αὐτῷ
3510 1048 3642 1115 παρ’
3674 1048 3771 1100 αὑ-

2194 1124 2285 1179 τοῦ
2326 1128 2613 1200 δεχόμενος
2646 1132 2781 1202 ὅπερ
2806 1134 2969 1198 αὐτὸς
2995 1136 3093 1189 οὐκ
3126 1136 3272 1207 ἔχει;
3318 1174 3325 1177 μ

2689 1414 2843 1481 Πρὸς
2868 1415 3042 1470 τοῦτο
3070 1418 3266 1484 λύσις.

2276 1520 2617 1587 Ἐξεταστέον
2651 1524 2911 1595 ἀκριϐῶς,
2964 1521 3007 1579 ὦ
3046 1527 3329 1597 βέλτιστοι,
3354 1526 3452 1585 τοῦ
3477 1534 3772 1604 προτεθέν-

2190 1628 2281 1673 τος
2318 1614 2481 1683 ῥητοῦ
2505 1616 2603 1686 τὴν
2627 1617 2884 1679 διάνοιαν,
2914 1620 3007 1671 καὶ
3039 1621 3158 1673 τότε
3185 1621 3279 1675 τοῦ
3311 1623 3467 1692 λόγου
3488 1626 3585 1695 τὴν
3609 1628 3771 1680 δύνα-

2195 1720 2288 1769 μιν
2310 1704 2571 1775 ἁψώμεθα.
2613 1707 3031 1761 Ἀντακούσεσθε
3080 1710 3187 1781 γὰρ
3229 1713 3357 1781 παρ’
3395 1713 3569 1783 ήμῶν,
3600 1718 3647 1768 εἰ
3672 1715 3769 1768 οῦ-

2190 1811 2297 1857 τως
2329 1796 2439 1865 ἔχει
2474 1798 2572 1866 τὴν
2594 1797 2736 1867 ζωὴν
2767 1800 2794 1851 6
2820 1800 2943 1863 Tib;
2974 1800 3161 1871 ὥσπερ
3186 1804 3279 1856 καὶ
3311 1806 3339 1856 6
3388 1805 3595 1875 Πατήρ,
3636 1823 3768 1859 του-

2192 1886 2390 1949 τέστιν,
2426 1889 2481 1939 ἐν
2505 1888 2699 1958 ἐαυτῷ,
2736 1889 2802 1941 δι’
2838 1884 2896 1941 οὗ
2928 1890 2986 1941 τὸ
3016 1892 3288 1955 οὐσιωδῶς
3325 1897 3681 1965 σημαίνεται,
3709 1899 3768 1950 τί

2190 1974 2420 2028 κωλύσει
2454 1978 2519 2030 τὰ
2550 1978 2751 2047 ὁμοίως
2784 1980 2995 2049 ἔχοντα,
3023 1981 3122 2049 τῆς
3155 1984 3322 2054 αὐτῆς
3345 1981 3633 2041 εἷναιἸιαὶ
3671 1990 3768 2041 οὑ-

2190 2066 2341 2131 σίας;
2380 2067 2441 2119 Ei
2498 2069 2604 2139 γὰρ
2661 2070 2689 2121 6
2746 2072 2935 2142 Πατὴρ
2968 2074 3078 2141 ἔχει
3120 2074 3218 2143 τὴν
3274 2076 3418 2147 ζωὴν
3452 2080 3509 2130 ὲν
3562 2079 3763 2150 ἑαυτῷ,

2186 2154 2297 2225 ἔχει
2330 2157 2384 2209 δὲ
2420 2160 2579 2211 πάλιν
2613 2160 2778 2231 αὐτὴν
2805 2165 2833 2215 ὁ
2867 2163 2994 2227 Υἱὸς
3023 2166 3079 2218 ὲν
3110 2167 3304 2237 ἑαυτῷ,
3346 2169 3446 2222 οὐκ
3483 2170 3540 2223 ὲν
3590 2187 3765 2243 προσ-

2187 2246 2359 2317 Οήκης
2392 2250 2567 2319 μέρει,
2598 2252 2846 2323 καθάπερ
2878 2255 3031 2325 ὑμεῖς
3064 2274 3217 2325 φατε,
3253 2258 3403 2311 ἔσται
3434 2261 3525 2313 καὶ¹
3545 2262 3621 2331 τῷ
3645 2264 3765 2316 Πα-

2184 2337 2271 2405 api.
2328 2338 2449 2390 κατ’
2504 2342 2689 2394 οὐσίαν
2745 2345 2886 2406 ἴσος,
2933 2347 2960 2397 6
3007 2346 3266 2411 ὡσαύτως
3313 2349 3449 2418 ἔχων
3481 2353 3577 2421 τὴν
3617 2350 3766 2424 ζωὴν

2184 2427 2410 2498 ἐκείνῳ,
2445 2432 2538 2484 καὶ
2577 2434 2671 2503 οὐχ
2707 2436 2923 2505 ἑτέρως.

2869 2568 3001 2620 ΑΛΛ
3009 2572 3066 2625 Ο.

2254 2674 2313 2726 Εἰ
2349 2692 2419 2743 μη
2452 2676 2563 2745 ζωή
2595 2678 2730 2729 κατὰ
2780 2679 2939 2745 φύσιν
2981 2682 3126 2733 ἐστὶν
3156 2684 3183 2733 6
3210 2682 3354 2747 Υἱὸς,
3416 2685 3530 2748 πῶς
3554 2687 3764 2759 ἐπαλή-

2183 2764 2359 2816 θεύσει
2390 2766 2582 2832 λέγων·
2626 2787 2641 2817 ι
2681 2768 2735 2820 Ὀ
2767 2770 3037 2823 πιστεύων
3076 2774 3155 2835 εἰς
3179 2776 3297 2843 ἐμὲ,
3321 2774 3430 2843 ἔχει
3456 2776 3600 2847 ζωὴν
3623 2779 3761 2831 αἰώ-

2181 2872 2324 2917 νιον;
2354 2874 2369 2903 ι
2406 2856 2512 2906 Καὶ
2541 2856 2718 2909 πάλιν·
2754 2876 2771 2908 ι
2816 2859 2895 2911 Τὰ
2927 2862 3175 2931 πρόϐατα
3224 2865 3290 2916 τὰ
3336 2866 3444 2935 ἐμὰ
3492 2868 3591 2937 τῆς
3620 2871 3761 2940 ἐμῆς

2178 2941 2362 2993 ἀκούει
2378 2943 2578 3012 φωνῆς,
2594 2963 2612 2995 ι
2624 2964 2714 2995 -ι
2728 2946 2896 3013 Κάγὼ
2912 2948 3102 3019 δίδωμι
3120 2953 3297 3017 αὐτοῖς
3322 2954 3463 3023 ζωὴν
3481 2956 3716 3013 αἰώνιον.
3733 2980 3752 3010 ι

2178 3033 2287 3083 Καὶ
2317 3034 2499 3086 πάλιν·
2535 3054 2551 3085 ι
2605 3038 2663 3087 'U
2693 3038 2960 3091 πιστεύων
2994 3042 3072 3103 εἰς
3107 3043 3209 3110 ἐμὲ
3277 3045 3337 3095 οὐ
3380 3048 3453 3116 μὴ
3493 3049 3759 3119 γεύσηται

2180 3122 2410 3175 θανάτου
2433 3128 2509 3187 εἰς
2544 3127 2634 3178 τὸν
2668 3128 2857 3182 αἰῶνα.
2896 3149 2913 3179 ι
2959 3130 3103 3184 Ἔδει
3162 3134 3267 3205 γὰρ
3315 3137 3527 3203 λέγειν·
3574 3141 3635 3192 '0
3666 3159 3757 3195 πι-

514 3251 605 3291 re:
634 3236 734 3301 Qui
772 3234 942 3289 credit
967 3234 1018 3287 in
1048 3247 1155 3295 me,
1190 3232 1420 3300 accipiet
1482 3232 1668 3297 vitam,
1719 3245 1879 3300 quam
1934 3231 2075 3286 dedit

2180 3215 2382 3268 στεύων
2412 3219 2490 3277 εἰς
2542 3219 2641 3287 ἐμὲ
2677 3218 2902 3289 λήψεται
2932 3225 3060 3292 παρ’
3100 3226 3234 3296 ἐμοῦ
3266 3226 3427 3297 ζωὴν,
3455 3230 3521 3298 ἢν
3549 3230 3755 3285 δέδωκέ

513 3329 642 3382 mihi
678 3327 853 3379 Pater.
890 3325 1054 3378 item:
1082 3323 1216 3376 Eum
1247 3323 1337 3390 qui
1384 3321 1677 3376 crediderit
1707 3322 1757 3374 in
1807 3336 1913 3385 me,
1967 3336 2072 3376 non

2182 3323 2270 3374 μοι
2304 3308 2331 3358 6
2358 3308 2567 3378 Πατήρ.
2603 3311 2708 3362 Καὶ
2760 3312 2939 3365 πάλιν·
3005 3314 3110 3367 Τὸν
3170 3317 3251 3380 εἰς
3294 3296 3392 3388 ἐμὲ
3432 3296 3758 3379 πιστεύοντα

512 3419 654 3473 sinet
688 3416 845 3470 Pater
877 3422 1093 3485 gustare
1128 3423 1375 3467 mortem.
1412 3411 1467 3466 Si
1500 3427 1626 3467 vero
1658 3412 1710 3467 id
1742 3427 1848 3467 non
1879 3413 2076 3468 dixisse

508 3510 769 3571 cernitur,
806 3508 896 3562 sed
931 3506 1194 3576 promittit
1256 3519 1316 3559 se
1381 3505 1633 3558 daturum
1696 3505 1761 3558 iis
1807 3506 1897 3573 qui
1952 3520 2073 3559 cre-

509 3601 638 3654 dunt
668 3600 718 3651 in
740 3600 910 3666 ipsum
948 3598 1112 3649 vitam
1145 3610 1264 3663 qua
1294 3594 1613 3649 naturaliter
1639 3604 1693 3648 et
1711 3595 2075 3649 essentialiter

509 3692 612 3745 sibi
657 3689 756 3758 ipsi
791 3690 952 3751 inest,
1017 3687 1286 3755 quomodo
1318 3686 1540 3754 intelligi
1576 3695 1747 3753 potest
1776 3684 1968 3739 Filium
1998 3686 2075 3739 vi-

508 3793 616 3836 tam
673 3796 775 3835 non
837 3780 1120 3833 habentem
1174 3792 1289 3832 eam
1338 3792 1365 3831 a
1413 3777 1571 3832 Patre
1603 3778 1910 3847 accepisse?
1964 3776 2075 3832 Hoc

506 3874 648 3927 enim
690 3874 877 3941 quavis
903 3870 1229 3939 blasphemia
1258 3869 1474 3938 gravius
1508 3877 1609 3923 est.
1646 3868 1775 3933 Sed,
1825 3878 1881 3921 ut
1915 3869 2073 3922 modo

505 3966 703 4020 dictum
730 3964 1137 4032 est,proce'dens
1159 3976 1222 4015 ex
1246 3961 1427 4026 Patre,
1446 3961 1622 4015 onmia
1650 3975 1766 4029 qua
1795 3959 1934 4013 illius
1952 3968 2077 4013 sunt

505 4058 662 4113 simul
685 4057 974 4111 secundum
1006 4063 1253 4108 naturam
1277 4067 1458 4108 secum
1484 4053 1671 4115 alfert,
1706 4059 1758 4105 ct
1777 4067 1838 4105 ea
1870 4051 2074 4105 ratione

504 4163 606 4217 qua
684 4146 912 4215 accepit,
973 4145 1171 4197 dicitur
1231 4138 1484 4212 splendor
1540 4152 1594 4197 et
1655 4141 1829 4211 imago
1883 4141 2069 4210 ipsius.

509 4236 681 4293 Unum
716 4244 893 4291 autem
957 4249 1140 4289 eorum
1193 4247 1313 4303 qua
1375 4232 1521 4287 Patri
1579 4235 1761 4305 insunt
1787 4233 1946 4288 etiam
1988 4243 2071 4289 est

501 4329 632 4382 vita.

1178 4523 1405 4578 ALIUD.

2177 3396 2235 3447 οὺ
2265 3398 2608 3465 συγχωρήσει
2638 3399 2665 3449 6
2700 3400 2886 3472 Πατὴρ
2940 3401 3238 3468 γεύσασθαι
3291 3404 3542 3461 Θανάτου.
3602 3410 3666 3462 Ei
3696 3412 3756 3464 δὲ

2178 3492 2335 3545 τοῦτο
2372 3495 2470 3562 μὲν
2500 3496 2733 3564 εἰρηκὼς
2756 3499 2815 3550 οὺ
2849 3500 3116 3566 φαίνεται,
3152 3502 3225 3563 ὡς
3258 3501 3313 3554 δὲ
3346 3502 3502 3570 φύσει
3524 3506 3755 3576 προσοῦ·

2181 3600 2277 3636 σαν
2301 3586 2479 3655 ἑαυτῷ
2522 3588 2621 3658 τὴν
2652 3588 2813 3659 ζωὴν,
2862 3592 2955 3644 καὶ
2988 3591 3065 3655 ὡς
3102 3594 3372 3659 οὺσιωδῶς
3398 3596 3754 3667 ὑπάρχουσαν

2178 3676 2234 3725 ὲν
2259 3676 2454 3744 ἐαυτῷ,
2488 3678 2679 3729 δώσειν
2728 3682 2837 3742 τοῖς
2886 3681 2964 3744 εἰς
2993 3683 3156 3735 αὑτὸν
3210 3684 3552 3740 πιστεύουσιν
3576 3690 3752 3757 ἑπαγ-

2178 3766 2441 3832 γέλλεται,
2477 3769 2591 3831 πῶς
2627 3770 2898 3839 ἐνδέχεται
2947 3776 3087 3827 νοεῖν
3136 3776 3234 3828 οὐκ
3280 3775 3469 3845 ἔχοντα
3494 3780 3582 3833 τὸν
3618 3782 3750 3835 Υἱὸν

2178 3861 2454 3929 εἰληφέναι
2483 3863 2686 3932 ταύτην
2703 3866 2850 3934 παρά
2876 3865 2968 3918 τοῦ
3000 3868 3246 3937 Πατρός;
3282 3871 3391 3922 Καὶ
3431 3872 3537 3943 γὰρ
3572 3874 3637 3927 ἂν
3659 3877 3747 3946 εἴη

2178 3952 2354 4020 πάσης
2384 3954 2637 4007 ἐπέκεινα
2667 3956 2974 4027 δυσφημίας
3025 3960 3181 4012 τοῦτό
3236 3977 3320 4028 γε.
3364 3963 3527 4027 Ἀλλ’,
3557 3964 3750 4038 ὥσπερ

2175 4045 2273 4115 ἤδη
2316 4047 2651 4117 προείρηται,
2677 4050 2950 4119 προελθὼν
2981 4053 3043 4103 ὲκ
3087 4056 3316 4124 Πατρὸς,
3353 4058 3526 4111 πάντα
3548 4058 3615 4111 τὰ
3642 4060 3747 4115 αὺ-

2173 4135 2265 4187 τοῦ
2300 4138 2622 4206 κατὰφύσιν
2683 4141 2966 4208 ἐπάγεται,
3024 4144 3117 4197 καὶ¹
3166 4146 3242 4209 ὡς
3282 4146 3538 4218 εἰληφὼς,
3601 4154 3747 4206 κατὰ

2171 4226 2327 4279 τοῦτο
2360 4230 2579 4294 νοεῖται,
2631 4232 2723 4282 καὶ
2779 4231 3116 4303 ἀπαύγασμα
3151 4236 3242 4288 καὶ
3281 4237 3444 4291 εἰκὼν
3483 4241 3745 4313 ὑπάρχων

2172 4319 2355 4373 αὑτοῦ.
2424 4323 2517 4374 ’Ἑν
2570 4322 2624 4375 δὲ
2676 4324 2785 4377 τῶν
2838 4326 3145 4394 προσόντων
3201 4330 3278 4383 τῶ
3326 4332 3497 4399 Πατρὶ
3560 4337 3654 4388 καὶ
3709 4340 3743 4405 ή

2166 4413 2305 4483 ζωή-

2853 4536 3056 4589 ΑΛΛΟ.

576 4633 631 4689 Si
667 4633 832 4687 Filius
863 4635 955 4691 Dei
982 4652 1084 4692 non
1121 4645 1205 4689 est
1232 4636 1550 4691 naturaliter
1570 4638 1697 4704 vita,
1742 4641 1835 4695 sed
1864 4650 2065 4699 tantum

2236 4641 2297 4693 Ei
2333 4642 2406 4711 μὴ
2435 4641 2546 4714 ζωὴ
2568 4645 2706 4697 κατὰ
2738 4645 2897 4713 φύσιν
2923 4647 3071 4699 ἐστὶν
3097 4650 3124 4701 6
3152 4648 3280 4712 Υἱὸς
3299 4648 3391 4702 τοῦ
3418 4649 3579 4717 Θεοῦ,
3604 4652 3740 4708 ἀλλὰ

498 4724 621 4778 vita
651 4724 939 4794 particeps,
968 4724 1421 4794 quemadmodum
1469 4728 1657 4783 hostes
1708 4728 1909 4786 Christi
1948 4734 2063 4803 opi-

497 4827 730 4880 nantur,
762 4816 903 4869 aliud
962 4816 1234 4885 quidpiam
1290 4825 1375 4869 est
1425 4819 1717 4874 secundum
1770 4824 2061 4879 essentiam

495 4922 655 4976 quam
686 4906 813 4961 illud
846 4905 989 4976 quod
1013 4907 1080 4961 ab
1099 4920 1164 4960 eo
1192 4906 1564 4976 participatnr.
1646 4910 1923 4977 Quomodo
1964 4915 2061 4985 igi-

496 4999 712 5066 turipse
758 4998 810 5052 in
873 4999 1105 5054 medium
1169 4999 1373 5065 prodit,
1426 5000 1579 5056 nobis
1613 5002 1846 5059 dicens:
1886 5022 1905 5056 ι
1951 5006 2060 5077 Ego

493 5102 610 5140 sum
642 5088 794 5155 panis
828 5088 919 5156 qui
953 5088 1018 5143 de
1046 5089 1183 5142 calo
1204 5089 1478 5143 descendi.
1510 5087 1567 5142 Si
1618 5092 1740 5160 quis
1763 5097 2059 5150 comederit

492 5193 556 5231 ex
584 5178 685 5232 hoc
712 5192 869 5246 pane,
900 5178 1044 5232 vivet
1074 5178 1125 5231 in
1158 5188 1415 5232 aeternum
1450 5178 1530 5232 7°?
1553 5198 1570 5229 ι
1607 5180 2057 5249 Oportebatenim

491 5268 569 5323 sic
601 5269 776 5337 potius
803 5268 1001 5332 dicere,
1036 5268 1078 5322 si
1119 5268 1274 5323 modo
1295 5269 1407 5337 ipsc
1441 5284 1546 5324 non
1590 5282 1710 5326 erat
1760 5276 2053 5329 secundum

491 5370 740 5413 naturam
776 5359 883 5412 vita
915 5359 1029 5426 ipsa
1056 5373 1070 5411 :
1095 5359 1153 5412 ln
1181 5374 1264 5413 me
1291 5369 1371 5413 est
1411 5361 1567 5429 panis
1595 5362 1687 5429 qui
1716 5362 1783 5417 de
1808 5363 1944 5418 coelo
1968 5365 2061 5419 de-

490 5449 733 5513 scendit;
763 5454 836 5512 et,
867 5445 1075 5517 Siquis
1098 5450 1390 5504 comederit
1439 5466 1503 5506 ex
1536 5468 1674 5521 pane
1730 5455 1820 5523 qui
1869 5457 1919 5510 in
1974 5473 2057 5512 me

488 5548 591 5602 cst,
624 5540 765 5593 vivet
801 5539 853 5592 in
884 5549 1163 5593 aternum.
1196 5542 1263 5593 At
1290 5556 1416 5595 vero
1437 5558 1557 5598 cum
1588 5545 1737 5611 dicit,
1786 5546 1894 5616 Ego
1914 5563 2054 5613 sum,

488 5632 720 5697 seipsum
748 5632 1007 5699 designat,
1046 5647 1147 5686 non
1209 5641 1386 5687 autem
1444 5635 1644 5705 aliquid
1694 5653 1879 5694 eorum
1934 5656 2054 5711 qua

2169 4731 2311 4802 ζωῆς
2348 4732 2588 4803 μέτοχος,
2620 4735 2868 4807 καθάπερ
2895 4738 2944 4790 oi
2983 4740 3337 4810 χριστομάχοι
3383 4743 3565 4811 φασὶν,
3619 4744 3742 4798 ἓτε-

2170 4824 2258 4891 ρόν
2289 4822 2341 4876 τί
2366 4825 2480 4877 ἐστι
2503 4824 2622 4878 κατ’
2650 4827 2836 4880 οὐσίαν
2889 4828 3049 4893 αὐτὸς
3100 4831 3248 4901 παρὰ
3285 4831 3347 4885 τὸ
3377 4834 3741 4903 μετεχόμενον

2168 4914 2258 4966 ὑπ’
2294 4915 2476 4969 αὐτοῦ.
2509 4916 2632 4979 Πῶς
2671 4913 2763 4971 οὖν
2803 4921 2934 4989 ἡμῖν
2986 4922 3148 4985 αὐτος
3200 4925 3279 4985 εἰς
3317 4925 3479 4994 μέσον
3518 4926 3741 4996 ἔρχεται

2166 5003 2367 5072 λέγων’
2408 5023 2427 5055 ι
2474 5005 2613 5073 Ἐγώ
2647 5010 2759 5076 εἰμι
2783 5008 2811 5060 6
2847 5009 3008 5077 ἄρτος
3055 5012 3083 5062 ὁ
3134 5012 3197 5063 ὲκ
3229 5012 3321 5065 τοῦ
3362 5014 3589 5083 οὐρανοῦ
3633 5034 3740 5070 xa-

2163 5096 2352 5159 ταϐάς.
2390 5098 2513 5150 Ἐάν
2544 5115 2625 5161 τις
2652 5099 2797 5170 φάγῃ
2852 5103 2916 5154 ὲκ
2942 5102 3131 5155 τούτου
3171 5102 3263 5155 τοῦ
3294 5105 3478 5175 ἄρτου,
3510 5106 3739 5177 ζήσεται

2164 5188 2242 5247 εἰς
2272 5186 2360 5239 τὸν
2398 5185 2597 5251 αἰῶνα;
2634 5207 2651 5238 ι
2694 5188 2839 5243 Ἔδει
2872 5190 2977 5261 γὰρ
3010 5190 3180 5255 οὕτως
3227 5195 3417 5256 εἰπεῖν,
3452 5196 3607 5264 εἴπερ
3634 5197 3741 5251 οὐκ

2161 5270 2228 5345 ἧν
2264 5278 2404 5330 κατὰ
2439 5278 2597 5345 φύσιν
2623 5280 2782 5342 αὐτὸς
2839 5282 2871 5351 ή
2915 5280 3046 5353 ζωή·
3084 5282 3170 5334 Ἐν
3198 5284 3320 5353 ἐμοὶ
3348 5286 3376 5335 6
3415 5285 3577 5355 ἄρτος
3612 5287 3639 5337 6
3668 5289 3740 5341 ἐκ

2158 5366 2249 5418 τοῦ
2273 5355 2501 5438 οὒρανοῦ
2528 5370 2787 5434 καταὸάς.
2816 5373 2947 5437 Καὶ,
2992 5373 3114 5425 Ἐάν
3151 5392 3232 5437 τις
3257 5375 3406 5449 φάγῃ
3430 5378 3492 5429 ὲκ
3520 5379 3612 5429 τοῦ
3634 5380 3739 5449 ἄρ-

2157 5476 2248 5511 του
2276 5459 2370 5511 τοῦ
2397 5462 2452 5511 ὲν
2482 5463 2624 5530 ἐμοὶ,
2662 5463 2884 5533 ζήσεται
2917 5466 2996 5527 εἰς
3041 5465 3131 5517 τὸν
3159 5466 3350 5523 αἰῶνα,
3399 5468 3535 5521 Νυνὶ
3562 5469 3619 5521 δὲ
3641 5469 3739 5523 λέ-

2158 5568 2267 5618 γων
2297 5554 2377 5617 τὸ,
2425 5554 2559 5621 Ἐγώ
2592 5558 2725 5625 ειμι,
2764 5557 2951 5610 ἑαυτὸν
2977 5557 3170 5627 ὁρίζει,
3195 5560 3286 5611 καὶ
3312 5558 3408 5629 οὐχ
3442 5561 3498 5611 ’ἐν
3539 5578 3592 5612 τι
3623 5563 3740 5617 τῶν

2159 5646 2599 5712 προσγεγονότων
2632 5648 2748 5716 ἦτοι
2783 5650 3090 5719 προσόντων
3130 5649 3297 5720 αὐτῷ.
3336 5652 3397 5705 Ei
3428 5650 3603 5705 τοίνυν
3637 5656 3722 5707 αὑ-

561 5807 601 5836 ⁸⁷
625 5806 775 5859 Joan.
815 5823 882 5869 τι,
912 5808 995 5860 47.
1072 5809 1285 5863 “Joan.
1326 5828 1377 5875 κ,
1416 5813 1496 5863 27.
1578 5815 1796 5870 “Joan.
1828 5833 1937 5884 vm,
1977 5821 2063 5872 5'2.

2180 5821 2371 5877 ’Jnan.
2414 5838 2485 5888 γι,
2522 5825 2605 5877 51.
