3994 6324
184 492 283 547 257

1611 488 2050 545 TllESAUIiUS.

3363 492 3469 547 238

186 607 272 668 τός
298 607 445 659 ἐστιν
477 607 507 659 6
548 606 715 675 ἄρτος
748 607 774 658 6
822 606 943 667 τοὺς
990 605 1312 675 μετέχοντας
1349 600 1775 667 ἀπαθανατίζειν

1906 599 1955 652 lli
1986 598 2190 667 adjecta
2224 610 2370 664 sunt,
2402 600 2482 654 vel
2510 599 2713 655 insunt.
2755 601 2811 655 Sl
2852 614 2981 669 ergo
3015 602 3127 670 ipse
3176 611 3255 657 cst
3294 618 3469 673 panis,

187 700 499 768 δυνάμενος,
536 702 639 751 οὐκ
669 698 865 763 ἔξωθεν
914 699 1031 751 οὐδὲ
1058 700 1349 767 ἐπίκτητον
1394 698 1505 767 ἔχει
1534 698 1595 751 τὸ
1642 697 1775 761 ζωο-

1880 692 1971 760 qui
2002 690 2120 758 ejus
2156 692 2449 761 participes
2474 707 2503 746 a
2534 701 2709 747 morte
2752 692 3059 747 vindicandi
3115 694 3223 747 vim
3288 695 3469 759 habet,

188 794 376 852 ποιεῖν,
419 792 536 844 ἀλλ’
587 790 665 843 ὢν
709 792 846 844 κατὰ
900 791 1059 860 φύσιν
1090 789 1223 861 ζωὴ,
1274 791 1402 853 τοὺς
1448 789 1777 859 μετέχοντας

1902 800 1987 841 ton
2020 783 2382 851 extrinsecus,
2413 795 2503 841 aut
2534 786 2824 841 ascititiam
2865 786 2951 841 vel
2993 786 3317 855 acquisitam
3378 787 3473 841 ha-

188 883 351 937 αὑτοῦ
382 884 747 951 ζωοποιήσειν
769 883 984 955 ἀληθῶς
1020 883 1435 953 ἐπαγγέλλεται.

882 1173 1084 1227 ΑΛΛΟ.

261 1287 322 1340 El
354 1288 427 1358 μὴ
459 1287 602 1342 κατά
629 1287 790 1355 φύσιν
819 1288 931 1357 ἔχει
984 1288 1043 1341 τὸ
1096 1284 1233 1342 εἶναι
1282 1289 1396 1359 ζωὴ
1447 1292 1474 1342 6
1524 1290 1617 1343 τοῦ
1644 1289 1777 1343 Θεοῦ

188 1378 383 1445 Λόγος,
422 1377 749 1430 ἐπείσακτον
774 1378 851 1441 δὲ,
907 1379 985 1441 ὡς
1033 1380 1191 1448 ὑμεῖς
1241 1398 1398 1449 φατε,
1446 1382 1782 1452 κεκτημένος

188 1469 344 1528 αὐτὸ,
375 1468 662 1531 ζωοποιεῖν
685 1468 928 1531 δύναται,
967 1470 1019 1521 τί
1053 1470 1287 1524 κωλύσει
1337 1472 1519 1541 λέγειν
1551 1476 1646 1527 καὶ
1685 1475 1777 1543 ἀγ-

188 1560 382 1627 γέλους
410 1561 538 1622 τοὺς
564 1559 782 1629 ἀληθῶς
814 1561 1075 1630 μετόχους
1123 1562 1417 1630 γεγονότας
1466 1564 1611 1634 ζωῆς
1632 1564 1784 1618 δύνα-

192 1650 317 1704 σθαι
343 1650 667 1718 ζωοποιεῖνς
713 1652 872 1705 ’Δλλὰ
898 1652 1057 1705 τοῦτο
1095 1653 1197 1723 μὲν
1236 1655 1337 1707 οὑκ
1364 1655 1657 1726 ἐνδέχεται·
1690 1658 1784 1727 μόο

189 1762 281 1806 νος
318 1744 428 1814 γὰρ
472 1746 500 1796 6
538 1743 665 1806 Υἱὸς
708 1744 990 1807 ζωοποιεῖν
1029 1745 1269 1811 δύναται,
1333 1746 1582 1819 καθάπερ
1635 1751 1786 1802 καὶὸ

191 1838 406 1907 Πατήρ.
444 1836 653 1889 Οὐκοῦν
687 1838 789 1890 οὐκ
837 1838 1161 1902 ἐπείσακτος
1192 1840 1250 1892 ὲν
1288 1840 1404 1909 Υἱῷ
1444 1842 1477 1909 ἠ
1522 1842 1785 1906 ζωοποιὸς

1878 875 2291 933 betviviﬁcandi
2312 887 2633 947 potestatem
2666 894 2679 929 :
2714 878 2807 933 sed
2840 878 2947 931 vita
2980 878 3279 933 secundum
3310 887 3473 931 natu-

1883 982 1999 1023 ram
2035 969 2325 1033 exsistens,
2352 970 2647 1040 participes
2675 970 2841 1039 ipsius
2867 982 2995 1024 vere
3052 984 3112 1025 se
3168 968 3475 1023 viviﬁeatu-

1884 1077 2003 1117 rum
2041 1060 2349 1132 pollicetur.

2571 1173 2797 1231 ALIUD.

1956 1284 2013 1338 Si
2046 1284 2281 1341 Verbum
2330 1286 2422 1341 Dei
2462 1299 2528 1341 ex
2582 1300 2682 1341 sua
2749 1294 2947 1341 natura
2990 1301 3096 1343 non
3138 1286 3304 1343 habet
3332 1289 3479 1359 quod

1886 1374 1958 1429 sit
1984 1375 2115 1441 vita,
2152 1377 2249 1431 sed
2267 1378 2636 1445 extrinsecus,
2670 1386 2731 1431 ut
2765 1391 2863 1433 vos
2898 1377 3226 1448 opinamini,
3271 1377 3374 1433 hoc
3404 1379 3478 1433 illi

1886 1469 2142 1534 accessit,
2174 1479 2233 1523 ut
2268 1469 2548 1525 viviﬁcare
2577 1471 2791 1540 possit:
2826 1470 2953 1540 quid
2978 1470 3220 1525 obstabit
3263 1472 3480 1540 quomi-

1889 1576 1991 1617 nus
2016 1562 2263 1618 dicamus
2294 1563 2461 1617 etiam
2486 1562 2732 1633 angelos,
2752 1564 2847 1633 qui
2882 1577 3009 1619 vere
3026 1564 3323 1634 participes
3352 1564 3478 1618 facti

1887 1660 2015 1707 sunt
2040 1652 2185 1717 vitae,
2226 1652 2504 1708 vivillcare
2538 1653 2870 1723 posse?Sed
2930 1655 3031 1710 hoc
3087 1656 3303 1724 quidem
3362 1655 3479 1710 ﬁeri

1889 1743 2036 1798 nullo
2071 1744 2229 1799 modo
2256 1754 2437 1814 potest
2465 1762 2477 1797 :
2524 1745 2671 1800 solus
2699 1746 2843 1800 enim
2874 1745 3047 1801 Filius
3082 1747 3361 1803 viviﬁcare
3389 1764 3482 1817 p0-

1890 1844 2017 1903 test,
2043 1837 2185 1891 sicut
2211 1847 2265 1892 et
2296 1836 2482 1896 Pater.
2512 1838 2627 1895 Non
2662 1849 2745 1897 est
2773 1840 2938 1910 igitur
2964 1842 3271 1897 accesseria
3304 1844 3353 1895 in
3390 1840 3480 1895 Fi-

189 1930 443 1999 δύναμις,
498 1929 635 1981 ἀλλὰ
685 1930 828 1982 κατὰ
860 1930 1021 1998 φύσιν
1072 1930 1219 2000 αὐτῷ
1259 1932 1536 2003 προσοῦσα
1562 1934 1656 1987 καὶ⁹
1691 1934 1779 1987 οὐ-

1902 1928 1963 1983 lio
1988 1929 2297 1985 viviﬁcandi
2325 1930 2574 1997 facultas,
2601 1936 2695 1988 sed
2727 1932 3049 1989 naturaliter
3064 1935 3244 2003 'atque
3290 1949 3483 1989 essen-

192 2020 402 2083 σιωδῶς
436 2019 625 2091 ὥσπερ
654 2022 751 2075 καὶ
771 2020 849 2075 τῶ
884 2022 1077 2093 lla-cpi.

870 2136 1076 2189 ΑΛΛΟ.

262 2247 453 2314 Αέγων
490 2248 519 2298 6
554 2248 681 2310 Υἱὸς
741 2248 826 2312 τὸ,
885 2269 902 2299 ‹
944 2250 1155 2320 ’Ὠσπερ
1190 2251 1299 2321 γὰρ
1349 2253 1376 2303 6
1436 2253 1623 2324 Πατὴρ
1674 2254 1785 2323 ἔχει

192 2336 340 2405 ζωὴν
370 2340 428 2389 ὲν
450 2338 649 2408 ἐαυτῷ,
672 2338 815 2392 οὕτω
849 2340 943 2393 καὶ
966 2341 1043 2410 τῷ
1074 2342 1185 2411 Υἱῶ
1219 2342 1449 2397 δέδωκεν
1478 2345 1620 2414 ἔχειν
1642 2346 1785 2417 ζωὴν

193 2432 252 2483 ἐν
290 2430 489 2497 ἐαυτῷ,
524 2450 541 2481 ι
594 2432 691 2500 τὴν
748 2433 1169 2502 ἀπαράλλακτον
1218 2436 1510 2506 ὁμοιότητα
1552 2438 1786 2491 δεικνύει

195 2522 403 2583 σαφῶς,
448 2522 513 2591 ἦν
571 2522 680 2590 ἔχει
726 2522 857 2592 πρὸς
912 2524 1002 2575 τὸν
1061 2526 1419 2592 γεννήσαντα.
1475 2528 1626 2597 Ἔχει
1680 2530 1787 2598 γὰρ

191 2613 336 2665 οὕτω
369 2612 469 2682 τὴν
502 2613 669 2681 ζωὴν,
696 2614 884 2683 ὥσπερ
913 2616 1004 2667 καὶ
1033 2618 1058 2667 6
1091 2617 1278 2687 Πατὴρ
1305 2659 1319 2682 ,
1349 2621 1586 2690 φυσικὴν
1606 2621 1789 2690 δηλον-

192 2708 273 2758 ότι
305 2707 401 2759 καὶ
454 2706 715 2776 οὑσιώδη.
751 2709 823 2759 Τὸ
855 2709 932 2770 δὲ,
970 2709 1214 2771 δέδωκε,
1280 2711 1559 2781 προσθεὶς,
1594 2714 1691 2783 τὴν
1730 2716 1789 2778 ὲξ

194 2800 359 2852 αὑτοῦ
402 2802 639 2869 φυσικήν
661 2817 719 2851 τε
753 2802 847 2852 καί
880 2801 1113 2869 οὐσιώδη
1144 2804 1399 2871 σημαίνει
1438 2806 1686 2875 πρόοδον.
1713 2810 1787 2859 Οὐ

194 2893 302 2961 γὰρ
333 2892 396 2961 δή
430 2909 532 2943 που
564 2890 797 2944 δέδωκεν
832 2894 858 2945 6
912 2895 1120 2965 Πατὴρ,
1165 2896 1355 2966 ὥσπερ
1404 2914 1455 2949 τι
1488 2897 1597 2950 τῶν
1643 2898 1791 2969 αῦτῷ

199 2985 510 3055 προσόντων
545 2984 897 3054 ἀφελόμενος,
954 2989 1048 3040 καὶ
1100 2988 1198 3040 οὑκ
1244 2988 1420 3058 ἔχοντι
1473 2992 1791 3060 προστεθει-

197 3079 305 3141 κὼς
349 3079 429 3148 τῷ
462 3078 612 3147 Υἱῷ,
669 3078 831 3131 κατὰ
872 3078 1191 3151 σωματικὴν
1251 3082 1533 3153 ἀποτομὴν
1592 3084 1625 3153 ἢ
1680 3082 1792 3136 διά-

198 3190 387 3225 στασιν
436 3173 533 3242 τὴν
570 3172 631 3225 ἐκ
681 3190 823 3236 τινος
873 3174 1058 3243 ἐτέρου
1107 3174 1243 3243 πρὸς
1272 3176 1791 3246 ἓτερον,ἢτοπικῶς

1892 2022 2093 2076 tiatiter
2131 2022 2229 2091 ipsi
2279 2022 2422 2079 inest
2459 2033 2518 2080 ut
2538 2025 2710 2081 Patri.

2560 2134 2793 2192 ALIUD.

1961 2248 2095 2303 Cum
2126 2248 2295 2305 Filius
2318 2250 2468 2314 dicit,
2516 2246 2534 2301 ἀ
2578 2248 2729 2304 Sicut
2779 2264 2924 2304 enim
2962 2249 3127 2305 Pater
3189 2252 3352 2307 habet
3400 2257 3483 2310 vi-

1892 2348 2001 2393 tam
2035 2340 2085 2394 in
2121 2341 2324 2409 seipso,
2362 2342 2435 2394 ita
2500 2339 2662 2395 etiam
2710 2338 2850 2394 Filio
2893 2339 3041 2395 dedit
3079 2341 3281 2397 habere
3324 2343 3482 2414 142

1892 2434 2056 2485 vitam
2088 2434 2136 2485 in
2171 2435 2350 2500 seipso
2382 2434 2424 2463 “
2449 2474 2461 2497 ,
2504 2452 2521 2483 ι
2551 2442 2740 2501 aperte
2769 2432 3141 2487 omnimodam
3172 2434 3485 2491 similitudi-

1892 2539 2014 2578 nem
2049 2524 2307 2590 ostendit,
2340 2539 2499 2591 quam
2520 2524 2682 2578 habet
2714 2538 2839 2577 cum
2899 2522 3083 2582 Patre.
3122 2524 3295 2582 liabet
3339 2529 3482 2581 enim

1893 2618 1965 2670 ita
1993 2617 2183 2680 vitam,
2212 2616 2355 2669 sicut
2391 2625 2443 2668 et
2475 2614 2655 2678 Pater,
2686 2614 2997 2670 naturalem
3024 2616 3282 2672 nimirum
3318 2628 3371 2671 et
3401 2634 3487 2673 es—

1894 2710 2197 2763 scutialem.
2222 2709 2355 2762 Cum
2392 2716 2574 2761 autem
2605 2708 2921 2775 additillud,
2983 2710 3149 2773 dedit,
3188 2711 3487 2779 naturalem

1897 2814 2060 2872 atque
2088 2802 2433 2855 essentialetn
2469 2815 2819 2869 progressum
2858 2801 3153 2869 signiﬁcat.
3188 2802 3309 2858 Non
3337 2804 3485 2859 enim

1895 2896 2041 2948 dedit
2066 2895 2244 2961 Pater,
2281 2905 2537 2962 tauquam
2573 2892 2776 2961 aliquid
2808 2909 2874 2948 ex
2909 2894 2973 2949 iis
2999 2910 3119 2961 qua:
3148 2894 3250 2950 sibi
3278 2897 3485 2955 insunt.

1895 2987 2162 3050 adiutens,
2192 2996 2245 3041 et
2277 3002 2382 3039 non
2419 2985 2640 3039 habenti
2702 2983 2839 3038 Filio
2897 2986 3183 3055 adjiciens,
3222 2991 3484 3057 quemad-

1897 3076 2114 3130 modum
2159 3079 2208 3129 in
2237 3076 2569 3132 sectionibus
2604 3089 2665 3130 ac
2684 3075 2955 3130 distantiis
2977 3078 3253 3147 corpbreis
3310 3078 3369 3131 ﬁt
3391 3122 3403 3145 ,
3438 3092 3491 3132 et

1896 3170 2143 3221 localiter
2170 3169 2402 3222 divisum
2428 3166 2633 3235 aliquid
2659 3167 2726 3221 ab
2746 3167 2853 3220 alio
2875 3167 2927 3221 in
2952 3166 3097 3224 aliud
3123 3169 3484 3226 transfertur:

194 3264 227 3330 ἦ
268 3260 616 3334 διαιρετικῶς
670 3264 987 3335 νοουμένην.
1061 3265 1197 3316 Ἀλλ’
1254 3264 1442 3337 ὥσπερ
1504 3267 1686 3319 δίδωσι
1734 3268 1793 3320 τὸ

1902 3258 1991 3313 sud
2016 3260 2157 3311 sicut
2182 3258 2364 3325 planta
2406 3259 2457 3310 in
2494 3256 2759 3321 fructum,
2791 3256 2883 3325 qui
2914 3272 2979 3311 ex
3000 3273 3057 3313 se
3091 3259 3359 3327 procedit,
3396 3276 3490 3313 na-

198 3356 363 3422 ιρντὸν
388 3354 467 3425 τῷ
502 3354 562 3419 ἐξ
585 3354 750 3408 αὑτοῦ
784 3355 1097 3427 προελθόντι
1119 3357 1317 3426 καρπῷ
1347 3357 1444 3427 τὴν
1470 3358 1617 3428 αὐτῷ
1649 3359 1790 3413 κατὰ

200 3448 359 3515 φύσιν
412 3449 727 3518 προσοῦσαν
777 3449 1036 3519 ποιότητα
1092 3452 1303 3519 φορεῖν,
1360 3451 1537 3512 οὕτως
1590 3453 1618 3503 6
1665 3451 1792 3513 Υἱὸς

199 3542 487 3609 εἰληφέναι
512 3540 665 3611 παρὰ
688 3540 902 3610 Πατρὸς
946 3539 1015 3592 τὰ
1068 3541 1214 3608 αῦτῴ
1252 3543 1523 3611 προσόντα
1558 3546 1790 3606 νοεῖται,

198 3634 376 3685 ’πάντα
414 3632 491 3684 ὢν
534 3634 634 3684 ὅσα
677 3635 771 3686 καὶ
817 3633 845 3684 6
892 3631 1081 3701 Πατὴρ
1109 3671 1122 3693 ,
1181 3632 1301 3701 δίχα
1338 3633 1501 3700 μόνου
1530 3632 1624 3685 τοῦ
1656 3628 1793 3685 εἶναι

200 3729 409 3799 Πατήρ.

904 3845 1107 3897 ΑΛΛΟ.

430 3957 749 4021 Ἀντίθεσις
779 3957 856 4022 ὡς
876 3958 944 4009 ἐκ
976 3956 1092 4010 τῶν
1138 3956 1576 4025 χριστομάχων.

273 4073 333 4127 Εἰ
362 4072 500 4143 ζωὴ,
533 4072 688 4139 φασὶ,
727 4072 869 4125 κατὰ
899 4070 1060 4137 φύσιν
1106 4072 1253 4123 ἐστὶν
1280 4071 1307 4121 6
1347 4069 1496 4133 Υἱὸς,
1537 4069 1611 4131 ὡς
1636 4069 1793 4138 ὑμεῖς

204 4166 640 4235 φιλονεικότερον
696 4167 1037 4234 ἐνιστάμενοι
1093 4166 1307 4232 λέγετε,
1351 4162 1469 4240 πῶς
1499 4161 1792 4231 ἀληθεύσει

201 4261 376 4328 λέγων
407 4262 435 4311 6
468 4258 679 4321 Παῦλος
718 4257 969 4328 περὶτοῦ
1020 4257 1250 4326 Πατρός·
1293 4276 1309 4305 ι
1358 4256 1415 4307 '0
1452 4255 1612 4325 μόνος
1655 4253 1793 4323 ἔχων

202 4351 540 4416 ἁθανασίανς
569 4370 587 4401 ι
649 4350 713 4403 El
745 4352 853 4420 γὰρ
879 4350 991 4420 ἔχει
1028 4349 1169 4402 καὶὸ
1202 4349 1350 4412 Υἱὸς,
1379 4348 1441 4400 οὐ
1490 4348 1647 4417 μόνος
1680 4347 1791 4416 ἔχει

200 4449 229 4496 6
266 4445 493 4514 Πατήρ·
547 4446 593 4495 εξ
629 4444 687 4496 δὲ
733 4444 889 4505 μόνος
924 4443 1065 4512 ἔχει,
1121 4444 1218 4511 οὐχ
1244 4440 1355 4505 ἓξει
1390 4440 1589 4512 δηλαδὴ
1637 4442 1730 4493 καὶ
1766 4441 1793 4491 6

202 4539 351 4602 Υἱός.

699 4735 852 4803 Πρὸς
887 4735 1062 4789 τοῦτο
1089 4737 1289 4802 λύσις.

276 4850 457 4905 Πολλὰ
502 4853 786 4921 προσεῖναι
824 4850 1041 4917 λέγεται
1089 4853 1234 4922 μόνῳ
1254 4851 1333 4922 τῷ
1382 4854 1577 4921 Ila-cpi,
1616 4855 1710 4905 καὶ
1742 4854 1789 4905 εἰ

201 4947 409 4999 τούτων
437 4945 589 4996 ἔσται
622 4945 839 4997 πάντων
895 4946 994 4998 οὐκ
1051 4946 1259 5015 ἔρημος
1308 4947 1336 4997 ὁ
1382 4945 1527 5007 Υἱός.
1572 4945 1788 5013 Ἐπειδὴ

204 5039 541 5107 γέγραπται,
579 5037 755 5099 Μόνος
786 5036 1039 5106 ἀληθινὸς
1066 5037 1198 5100 Θεὸς
1231 5038 1259 5089 6
1289 5037 1500 5108 Πατὴρ,
1535 5036 1674 5089 ἔστω
1716 5036 1791 5105 μὴ

202 5130 459 5201 ἀληθινὸς
489 5131 517 5181 6
545 5127 693 5192 Υἱὸς,
721 5128 871 5191 νόθος
902 5129 957 5182 δὲ
983 5128 1172 5201 ῶσπερ
1198 5147 1284 5193 τις
1322 5132 1415 5183 καὶ
1443 5130 1793 5200 ψευδώνυμος

203 5222 502 5289 ἐπίκτητον
539 5217 677 5287 ἔχων
718 5216 778 5269 τὸ
830 5212 969 5269 εἶναι
1019 5216 1171 5280 Θεός.
1224 5218 1333 5269 Καὶ
1375 5217 1491 5279 πῶς
1522 5216 1597 5279 ὡς
1640 5216 1794 5269 τοῦτο

203 5312 351 5366 κατὰ
381 5311 544 5379 φύσιν
572 5308 647 5361 ῶν
681 5310 1068 5379 προσκυνεῖται
1102 5308 1255 5378 παρά
1287 5325 1345 5359 τε
1373 5306 1533 5377 ἡμῶν
1561 5306 1655 5357 καὶ
1689 5307 1793 5371 ἁγ-

204 5404 403 5474 γέλωνι,
437 5402 531 5456 τοῦ
555 5401 701 5455 θείου
727 5402 890 5470 νόμου
913 5399 1208 5469 διαρρήδην
1237 5399 1505 5467 λέγοντος*
1546 5416 1563 5449 ι
1590 5397 1793 5467 Κύριον

203 5499 298 5550 τὸν
326 5495 458 5547 Θεόν
495 5512 591 5547 σου
618 5495 1037 5564 προσκυνήσεις,
1068 5491 1163 5543 καὶ
1204 5489 1354 5560 αὐτῷ
1390 5489 1533 5558 μόνῳ
1566 5486 1792 5557 λατρεύ-

204 5606 364 5654 σεις;
398 5608 415 5640 ι
460 5589 584 5651 Πῶς
625 5588 683 5640 δὲ
717 5585 1022 5655 φυλάξομεν
1070 5584 1151 5649 τὸ,
1208 5603 1224 5633 ι
1254 5582 1367 5635 Οὐκ
1397 5583 1550 5633 ἔσται
1603 5582 1659 5632 ὲν
1712 5578 1793 5631 σοὶ

203 5686 341 5747 Θεὸς
372 5683 684 5754 πρόσφατος
713 5698 726 5745 ;
764 5700 781 5733 ι
820 5681 882 5732 Εἰ
915 5679 1021 5748 γὰρ
1052 5678 1208 5747 μόνος
1239 5676 1379 5730 κατὰ
1410 5674 1571 5743 φύσιν
1598 5673 1729 5735 Θεὸς
1768 5676 1795 5725 6

205 5777 421 5846 Πατὴρ,
455 5777 546 5827 καὶ
574 5773 661 5826 διὰ
717 5773 779 5825 τὸ
816 5772 956 5824 οῦτω
1015 5769 1266 5837 λέγεσθαι
1308 5767 1399 5820 τοῦ
1449 5763 1586 5819 εἶναι
1637 5766 1795 5833 φύσει

278 5954 323 5983 "‘
356 5951 509 6005 ⁸Ιυῇιι.
548 5967 597 6014 v,
634 5949 726 6002 ﬁli.

809 5950 850 5978 τ’
880 5949 895 6003 ι
926 5947 1161 6002 Timoth.
1199 5963 1273 6011 vi,
1316 5945 1395 5999 li}.
1475 5945 1519 5983 ’³
1549 5944 1699 5997 Deut.
1730 5957 1801 5996 vt.
1844 5942 1940 6006 l3;
1983 5938 2169 5991 \lutth.
2212 5953 2283 6000 IV,
2326 5938 2404 5989 lt).

1903 3351 2131 3404 turalcm
2172 3365 2324 3403 suam
2372 3348 2687 3418 qualitatem
2722 3358 3006 3419 propagat,
3039 3350 3119 3404 ita
3141 3362 3197 3405 et
3244 3352 3414 3408 Filius
3462 3370 3491 3406 a

1905 3443 2070 3497 Patre
2106 3442 2382 3511 accepisse
2414 3455 2534 3510 quas
2559 3440 2660 3509 ipsi
2693 3441 2881 3496 insunt
2936 3442 3275 3513 intelligitur,
3307 3446 3491 3499 omnia

1896 3536 2168 3589 exsistens
2204 3550 2323 3604 quae
2358 3545 2412 3588 et
2443 3534 2626 3601 Pater,
2681 3544 2877 3601 prmter
2908 3535 2961 3590 id
3005 3537 3180 3592 solum
3213 3538 3355 3608 quod
3420 3541 3493 3593 sit

1898 3623 2075 3676 Pater.

2596 3830 2825 3885 ALIUD.

2336 3944 2576 4009 Obiectio
2607 3946 2832 3999 hostium
2853 3942 3073 3999 Christi.

1971 4057 2027 4112 Si
2069 4056 2259 4121 Filius,
2295 4057 2568 4126 inquiunt,
2594 4069 2677 4113 est
2716 4057 3033 4111 naturaliter
3068 4058 3202 4127 vita,
3228 4066 3489 4129 quemad-

1900 4153 2116 4207 modum
2144 4166 2240 4206 vos
2273 4152 2673 4206 contentiosius
2715 4161 2971 4220 urgentes
3012 4152 3217 4218 dicitis,
3249 4170 3356 4225 quo
3395 4172 3491 4225 pa-

1896 4251 1984 4297 cto
2006 4257 2194 4296 verum
2227 4242 2332 4296 erit
2366 4246 2510 4310 quod
2552 4242 2753 4295 Paulus
2790 4242 2854 4294 de
2887 4242 3048 4296 Patre
3086 4243 3255 4298 dicit:
3320 4264 3337 4296 ο
3388 4248 3487 4312 Qui

1898 4334 2043 4389 solus
2071 4334 2235 4389 habet
2266 4333 2725 4388 immortalitatem
2745 4333 2827 4385 "?
2861 4353 2878 4384 ι
2904 4331 3119 4389 Sienim
3142 4337 3302 4391 etiam
3319 4338 3489 4392 Filius

1900 4427 2081 4489 habet,
2155 4441 2262 4480 non
2330 4426 2512 4493 itaque
2574 4425 2724 4480 solus
2783 4426 2944 4481 Pater
3016 4442 3137 4482 eam
3197 4430 3393 4497 habet;
3442 4434 3487 4487 si

1898 4534 2027 4573 vero
2083 4517 2246 4573 Pater
2301 4519 2447 4572 solus
2512 4517 2693 4583 habet,
2752 4528 2901 4572 certe
2941 4533 3048 4575 non
3104 4522 3323 4577 habebit
3369 4540 3488 4578 eam

1898 4609 2085 4664 Filius.

2416 4722 2623 4777 Salutio
2654 4722 2982 4792 objectionis.

1973 4839 2137 4893 Multa
2168 4838 2425 4893 dicuntur
2467 4838 2649 4891 inesse
2677 4836 2776 4891 soli
2828 4835 3001 4902 Patri,
3073 4837 3288 4892 tametsi
3321 4836 3491 4895 Filius

1901 4932 1969 4987 iis
1995 4931 2247 4987 omnibus
2272 4946 2377 4985 non
2405 4937 2605 4983 careat.
2639 4928 2923 4997 Siquidem
2955 4928 3218 4998 scriptum
3251 4940 3354 4995 est,
3386 4930 3490 4986 So-

1900 5024 1985 5080 lus
2035 5039 2199 5081 verax
2254 5023 2392 5077 Deus
2426 5021 2638 5077 Pater:
2699 5022 2865 5091 igitur
2910 5037 3017 5077 non
3079 5036 3241 5077 verax
3284 5022 3488 5091 Filius,

1899 5115 2144 5185 spurium
2170 5127 2298 5168 vero
2341 5127 2405 5167 ac
2449 5111 2644 5166 falsum
2678 5125 2873 5166 nomen
2902 5125 3118 5181 gerens,
3167 5113 3491 5169 ascititium-

1902 5221 2007 5276 que
2034 5206 2129 5261 Dei
2154 5204 2391 5259 titulum.
2414 5203 2697 5270 Quomodo
2728 5213 2907 5257 autem
2954 5211 3210 5270 tanquam
3266 5216 3491 5257 natura-

1903 5297 2028 5352 liter
2061 5298 2111 5351 id
2142 5298 2414 5351 exsistcns
2457 5292 2718 5348 aduratur
2765 5308 2793 5345 a
2838 5293 2996 5348 nobis
3048 5302 3213 5362 atque
3260 5294 3489 5363 angelis,

1903 5390 2084 5443 divina
2110 5388 2227 5458 lege
2254 5395 2441 5455 aperte
2464 5385 2680 5441 dicente
2711 5401 2724 5437 :
2764 5403 2783 5436 ι
2822 5385 3109 5439 Dominum
3145 5385 3311 5437 Deum
3340 5393 3488 5437 tuum

1904 5482 2181 5545 adorabis,
2206 5490 2257 5536 et
2288 5480 2361 5534 illi
2431 5478 2529 5533 soli
2582 5479 2791 5532 servies
2818 5476 2903 5529 7’?
2946 5495 2963 5529 ι
2995 5476 3276 5542 Quomodo
3325 5477 3488 5530 etiam

1903 5576 2311 5633 observabimus
2348 5572 2524 5627 illud:
2570 5588 2587 5621 ι
2623 5570 2739 5624 Non
2799 5570 2905 5624 erit
2957 5570 3011 5623 in
3075 5578 3125 5621 te
3188 5568 3328 5621 Deus
3402 5584 3492 5620 rev

1904 5685 2033 5724 cens
2062 5668 2153 5719 7‘?
2186 5687 2203 5719 ›
2243 5667 2299 5720 Si
2326 5667 2469 5719 enim
2499 5664 2645 5719 solus
2673 5663 2837 5716 Pater
2867 5659 3284 5716 estnaturalitcr
3326 5660 3493 5723 Dcus.

1926 5774 2085 5831 atque
2117 5760 2311 5830 caipsa
2346 5760 2552 5811 ratione
2585 5754 2783 5807 Filium
2845 5753 2969 5808 inde
3021 5751 3262 5806 excludit
3307 5760 3363 5805 ut
3426 5750 3495 5804 sit

2486 5938 2526 5964 τ·
2558 5933 2699 5988 Psal.
2735 5949 2901 5993 Lux,
2936 5935 2986 5984 υ.
