3994 6324
562 466 668 525 239

1556 462 1611 515 S.
1654 460 1922 515 (IYRILIJ
1960 457 2426 514 ALEXANDRINI
2465 457 2763 513 ARCIIIEP

3698 448 3806 505 ΝΩ

565 587 882 645 naturaliter
918 587 1076 647 Deus,
1102 596 1229 650 ergo
1263 595 1451 636 recens
1478 596 1539 634 ac
1579 596 1747 635 novus
1764 582 1959 650 aliquis
1991 595 2121 649 quo-

2240 579 2353 632 9εὸν
2388 577 2639 632 ἐκϐάλλει
2668 576 2756 627 τὸν
2785 574 2928 637 Υίὺν,
2975 572 3282 642 πρόσφατος
3310 570 3419 639 ἀρα
3458 564 3550 619 καὶ
3571 566 3685 629 νέος
3719 582 3805 628 τις

562 676 849 732 dammodo
876 682 1068 743 praeter
1097 685 1220 725 eum
1250 671 1341 739 qui
1381 672 1448 724 ab
1473 670 1639 731 initio
1691 682 1738 725 et
1805 670 2126 725 naturaliter

559 778 698 829 erat,
726 766 1025 819 inducetur.
1059 763 1217 831 Atqui
1252 762 1352 817 hoc
1384 762 1674 815 absurdum
1708 771 1808 816 est.
1866 761 1980 817 Non
2025 762 2125 831 ἰείη

563 870 647 913 tur
670 859 890 922 idcirco,
919 857 1044 925 quia
1077 853 1238 908 Pater
1282 854 1482 909 dicitur
1514 854 1718 910 habere
1740 854 2124 910 immortalita-

561 962 690 1017 tem,
716 947 882 1003 Filius
919 947 1314 1001 contrariorum
1365 959 1534 1013 capax
1595 944 1729 1009 erit,
1781 947 1896 1010 sed,
1958 943 2124 1001 veluti

560 1039 984 1098 conettrrcutein
1020 1036 1212 1091 Filium
1249 1035 1566 1090 naturaliter
1593 1044 1814 1106 paterna
1880 1036 2122 1106 proprie-

560 1142 690 1196 tate,
722 1134 773 1185 id
806 1132 975 1201 ipsum
1004 1127 1365 1184 essentialiter
1390 1142 1510 1183 esse
1530 1127 1842 1184 censebitur
1874 1127 2013 1198 quod
2040 1135 2124 1183 est

559 1226 603 1278 is
618 1226 706 1293 qui
736 1225 904 1293 ipsum
930 1223 1130 1290 genuit.

1248 1327 1473 1383 ALIUD.

631 1448 793 1502 Multa
834 1446 1083 1501 dicuntur
1135 1432 1309 1499 inesse
1360 1442 1503 1496 Patri
1539 1442 1790 1510 praeclara
1845 1456 1908 1495 ac
1959 1442 2121 1496 veluti

556 1522 869 1607 peculiaria.
915 1537 985 1589 At
1021 1550 1147 1589 vero
1172 1536 1214 1589 si
1238 1533 1405 1587 Filius
1435 1532 1498 1586 iis
1546 1546 1732 1586 carere
1784 1531 2011 1597 dicatur,
2069 1542 2123 1587 et

557 1630 755 1685 Paulus
801 1628 993 1681 alicubi
1067 1627 1192 1679 dicit
1224 1642 1239 1681 :
1277 1643 1294 1676 ι
1322 1623 1644 1688 lmntortali,
1692 1622 1968 1689 invisibili,
2022 1624 2120 1680 soII

558 1722 786 1794 sapienti
816 1721 921 1776 Deo
950 1721 1031 1785 ης
1073 1738 1088 1768 ι
1121 1716 1290 1772 Filius
1345 1730 1472 1784 ergo
1503 1729 1673 1784 neque
1707 1715 1809 1769 erit
1839 1715 2118 1769 immorta-

558 1817 644 1879 lis,
674 1828 840 1882 neque
867 1812 1175 1876 invisibilis,
1215 1823 1389 1878 neque
1415 1805 1825 1876 sapiens,juxta
1882 1816 2118 1861 vestram

2226 670 2414 740 ὥσπερ
2444 666 2899 737 ὲπεισαχθήσεται
2952 663 3100 733 παρὰ
3141 661 3232 729 τὸν
3261 660 3389 712 ὄντα
3420 657 3479 723 ἐξ
3503 656 3676 727 ἀρχῆς
3706 656 3805 709 καὶ

2225 763 2367 816 κατά
2390 761 2570 830 φύσιν.
2622 759 2778 813 Ἀλλά
2821 756 2977 811 τοῦτο
3020 756 3235 809 ἄτοπον.
3293 749 3500 805 Οὐκοῦν
3535 749 3595 803 οὑ
3626 748 3713 800 διὰ
3742 746 3807 799 τὸ

2225 854 2477 924 λέγεσθαι
2518 853 2676 924 μόνον
2728 850 3027 905 ἀθανασίαν
3054 847 3199 917 ἔχειν
3254 844 3346 898 τὸν
3401 842 3637 913 Πατέρα,
3690 838 3807 893 τῶν

2226 943 2490 998 ἐναντίων
2519 942 2670 997 ἔσται
2694 940 2937 1003 δεκτικὸς
2984 940 3011 991 6
3047 938 3195 1001 Υἱὸς,
3250 935 3363 989 ἀλλ’
3392 934 3467 996 ὡς
3500 931 3804 1003 τρεχούστις

2224 1037 2305 1100 είς
2337 1036 2398 1089 τὸ
2441 1036 2685 1105 γέννημα
2740 1030 2986 1102 φυσικῶς
3028 1030 3129 1099 τῆς
3184 1025 3455 1096 πατρικῆς
3504 1025 3801 1093 ἰδιότητος,

2223 1130 2380 1185 τοῦτο
2418 1131 2512 1184 καὶ
2544 1128 2703 1191 αὐτὸς
2752 1128 3009 1197 ὑπάρχων
3059 1125 3178 1177 κατ’
3203 1121 3392 1174 οὐσίαν
3439 1119 3763 1189 νοηθήσεται
3785 1156 3801 1179 ,

2223 1225 2360 1295 ὅπερ
2380 1223 2445 1278 ἀν
2467 1224 2552 1294 εἴη
2581 1222 2674 1276 καὶ
2699 1224 2726 1274 6
2751 1222 3016 1291 γεννήσας
3039 1217 3218 1270 αὐτόν.

2919 1331 3119 1385 AAAO.

2294 1445 2471 1504 Πολλά
2493 1447 2772 1517 προσεῖναι
2797 1442 3012 1511 λέγεται
3038 1441 3115 1511 τῷ
3133 1440 3305 1512 Πατρ)⁵
3330 1437 3803 1507 πλεονεκτήματα.

2237 1540 2374 1594 Ἀλλ’
2406 1540 2454 1595 εί
2483 1538 2687 1591 τούτων
2719 1536 2868 1589 ἔσται
2924 1533 3127 1604 γυμνὸς
3167 1534 3196 1585 6
3225 1532 3372 1594 Υἱὸς,
3427 1530 3573 1596 λέγει
3601 1528 3657 1580 δέ
3697 1543 3803 1579 που

2226 1631 2459 1698 Παῦλος,
2503 1649 2521 1683 ι
2568 1627 2879 1699 Ἀφθάρτῳ,
2925 1625 3163 1697 ἀοράτῳ,
3202 1623 3348 1693 μόνῳ
3381 1620 3529 1690 σοφῷ
3577 1617 3729 1689 Θεῷ,
3777 1634 3798 1667 ι

2224 1724 2333 1779 οὔτ’
2358 1722 2655 1795 ἄφθαρτος,
2690 1720 2813 1774 οὔτε
2836 1720 3084 1790 ἀόρατος,
3115 1716 3238 1770 οὔτε
3275 1715 3435 1783 σοφὸς
3463 1713 3637 1775 ἔσται,
3673 1709 3802 1762 καθ’

2226 1818 2389 1888 ὑμᾶς.
2436 1815 2574 1870 Ἀλλ’
2610 1814 2721 1885 ἔχει
2742 1814 2842 1883 τὴν
2875 1810 3130 1866 ἀσέϐειαν
3155 1808 3393 1879 ἀμετρόν
3416 1822 3537 1859 τινα
3564 1804 3623 1857 τὸ
3657 1801 3806 1856 οὕτω

556 1905 882 1974 opinionem.
919 1902 1079 1969 Atqui
1116 1903 1218 1955 hoc
1260 1899 1341 1953 vel
1392 1898 1713 1967 cogitatione
1756 1898 1864 1951 sola
1901 1897 2121 1966 impium

2240 1910 2384 1961 iactv.
2408 1907 2533 1970 Πῶς
2557 1907 2663 1977 γάρ
2689 1906 2840 1958 ἔσται
2868 1902 3106 1974 φθαρτὸς
3127 1905 3154 1955 6
3177 1900 3279 1969 τῆς
3306 1897 3613 1969 ἀφθαρσίας
3636 1911 3806 1966 χορη-

556 1998 711 2052 valde
744 2004 846 2049 est.
874 1994 1153 2059 Quomodo
1188 1992 1342 2065 153
1374 1991 1515 2045 enim
1565 1992 1669 2045 erit
1730 1988 2115 2059 corruptibilis,

557 2098 747 2142 auctor
780 2087 892 2155 ipse
918 2095 970 2139 et
996 2084 1214 2153 largitor
1248 2081 1695 2152 incorruptionis?
1721 2081 1826 2135 Aut
1851 2081 2119 2149 quomodo

559 2191 747 2234 natura
774 2178 866 2232 Dei
900 2177 1070 2231 oculis
1105 2176 1251 2229 cerni
1294 2173 1496 2243 possit?
1518 2173 1625 2226 Aut
1660 2186 1767 2241 quo
1795 2180 1952 2240 pacto
1989 2169 2120 2224 insi-

552 2271 790 2341 pientem
823 2266 1159 2321 censebimus
1206 2264 1423 2328 Filium,
1485 2265 1549 2317 de
1573 2277 1681 2332 quo
1721 2261 1983 2330 scriptum
2012 2270 2115 2324 est,

558 2359 699 2427 quod
726 2359 793 2415 sit
821 2377 838 2410 ι
870 2358 1101 2427 potentia
1119 2368 1175 2411 et
1204 2356 1465 2425 sapientia
1496 2354 1587 2410 Dei
1616 2352 1736 2406 ⁷⁶ἳι
1772 2351 2117 2407 Restatenim

561 2454 763 2517 dicere,
795 2449 1114 2519 sapientiam
1158 2448 1249 2502 Dei
1293 2446 1629 2515 insipientem
1674 2445 1790 2499 sive
1842 2442 2120 2513 sapientiae

557 2553 833 2613 expertem
861 2555 1001 2596 esse.
1037 2539 1206 2594 Filius
1246 2540 1426 2608 itaque
1449 2536 1799 2593 nihilominus
1826 2536 1929 2591 erit
1962 2543 2115 2589 natu-

560 2637 743 2687 raliter
769 2633 957 2688 eadem
986 2648 1104 2701 qua:
1134 2631 1315 2691 Pater,
1349 2629 1557 2685 tametsi
1582 2628 1836 2683 nonnulla
1859 2628 1923 2682 de
1941 2642 2006 2681 eo
2032 2640 2119 2681 so-

560 2728 668 2779 lum
694 2725 1066 2794 pt-zedicetttur.
1093 2722 1284 2777 Omnia
1303 2722 1445 2776 enim
1478 2735 1597 2790 quae
1621 2719 1765 2773 Patri
1792 2720 1996 2782 insunt,
2021 2733 2119 2771 na-

561 2814 805 2869 turaliter
830 2830 894 2868 ac
920 2815 1225 2869 necessario
1252 2814 1302 2867 in
1331 2811 1741 2880 Verbum,quod
1769 2824 1833 2865 ex
1854 2810 1970 2879 ipso
2001 2823 2124 2879 pro-

559 2902 721 2967 cedit,
749 2909 1050 2955 transeunt.

1228 2987 1455 3047 ALIUD.

625 3105 680 3161 Si
710 3102 872 3159 Pater
899 3112 983 3159 est
1014 3101 1332 3158 naturaliter
1363 3100 1494 3167 vita,
1526 3101 1976 3171 quemadmodum
2036 3117 2119 3156 re-

2224 2003 2317 2070 γός
2343 2018 2355 2065 ;
2383 2002 2453 2053 Ἦ
2491 2000 2605 2062 πῶς
2624 1999 2948 2069 όραθήσεται
2978 1994 3112 2048 Θεοῦ
3138 1991 3296 2062 φύσις
3319 2008 3334 2055 ;
3363 1990 3431 2042 Ἦ
3456 1988 3571 2050 πῶς
3598 1987 3805 2053 ἄσοφον

2225 2090 2364 2147 εἶναι
2393 2090 2683 2162 νομιοῦμεν
2702 2089 2792 2143 τὸν
2824 2088 2975 2154 Υίδν,
3008 2086 3137 2156 περὶ
3170 2081 3232 2139 οὗ
3280 2084 3591 2153 γέγραπται
3618 2080 3698 2132 ὃτι
3734 2075 3807 2147 δὴ

2233 2204 2251 2236 ι
2288 2183 2421 2237 θεοῦ
2442 2184 2672 2252 δύναμις
2717 2181 2811 2235 καὶ
2861 2179 2998 2233 Θεοῦ
3054 2178 3214 2247 σοφία
3249 2175 3423 2241 ἐστίν;
3465 2192 3484 2225 ι
3521 2173 3662 2242 Ὥρα
3689 2168 3813 2240 γὰρ

2225 2276 2401 2343 λέγειν
2422 2277 2621 2345 ἄσοφον
2646 2270 2785 2327 εἶναι
2807 2273 2904 2343 τὴν
2932 2271 3123 2340 σοφίαν
3148 2270 3242 2323 τοῦ
3276 2265 3432 2320 Θεοῦ.
3462 2262 3671 2318 Οὐκοῦν
3698 2261 3807 2314 οὐκ

2225 2368 2587 2438 ἀποστερήσει
2616 2365 2707 2419 τὸν
2736 2365 2863 2418 Υἱὸν
2893 2364 2954 2417 τὸ
2981 2359 3121 2415 εἶναι
3154 2359 3326 2413 ταῦτα
3360 2354 3626 2427 φυσικῶς,
3654 2352 3759 2406 ἀπε
3770 2368 3806 2421 ρ

2228 2458 2293 2511 ἂν
2321 2457 2532 2525 λέγοιτο
2551 2456 2643 2509 καὶ
2673 2457 2702 2509 6
2724 2455 2928 2525 Πατὴρ,
2954 2453 3004 2505 εί
3034 2451 3127 2503 καὶ
3175 2449 3263 2501 ἐπ’
3284 2444 3449 2502 αὑτοῦ
3484 2443 3641 2515 μόνον
3674 2440 3807 2495 τάτ-

2224 2567 2388 2603 τοιτο.
2410 2549 2608 2604 Φθάσει
2638 2549 2747 2619 γὰρ
2777 2546 2937 2601 πάλιν
2960 2544 3051 2597 ἐπὶ
3088 2543 3179 2595 τὸν
3201 2540 3259 2606 ἐξ
3285 2537 3450 2595 αὐτοῦ
3474 2533 3808 2608 προελθόντα

2226 2644 2415 2711 Λόγον,
2441 2642 2616 2695 πάντα
2654 2640 2721 2693 τά
2770 2637 2922 2708 αὑτῷ
2979 2635 3246 2706 προσόντα
3307 2629 3550 2702 φυσικῶς
3604 2644 3663 2681 τι
3705 2627 3809 2679 καὶ

2227 2734 2561 2801 ἀναγκαίως.

2907 2992 3107 3044 AAAO.

2298 3114 2359 3166 Ei
2383 3111 2496 3179 ζωὴ
2530 3108 2667 3161 κατὰ
2695 3106 2857 3177 φύσιν
2883 3104 3030 3157 ἐστὶν
3058 3104 3086 3154 6
3113 3101 3323 3173 Πατὴρ,
3354 3099 3546 3171 ὥσπερ
3578 3093 3673 3153 οὖν
3706 3098 3809 3153 καὶ

559 3208 685 3249 vera
714 3202 815 3259 est,
843 3194 1003 3248 habet
1035 3192 1257 3247 omnino
1276 3192 1377 3247 hoc
1398 3192 1561 3247 etiam
1592 3190 1777 3248 Filius.
1807 3191 1943 3248 Vere
1972 3193 2114 3248 enim

2240 3208 2394 3269 ἔστιν,
2424 3204 2535 3272 ἔχει
2568 3201 2783 3261 πάντως
2811 3195 2968 3250 τοῦτο
3004 3194 3097 3247 καὶ
3140 3193 3170 3245 6
3199 3191 3345 3256 Υίός.
3385 3188 3660 3259 ’Δληθεύει
3693 3188 3811 3261 γὰρ

560 3287 689 3343 dicit
739 3300 859 3341 cum
918 3284 1089 3340 aitzt
1148 3282 1342 3341 Omnia
1395 3299 1509 3354 qua:
1562 3284 1723 3340 habet
1786 3283 1968 3349 Pater,
2006 3298 2120 3338 mea

2240 3267 2397 3367 ιέγων
2422 3314 2434 3326 ·
2454 3267 2499 3346 ’τι
2530 3294 2711 3347 Πάντα
2738 3292 2835 3344 ὄσα
2862 3288 2973 3358 ἔχει
3006 3288 3035 3340 6
3056 3284 3265 3357 Πατὴρ,
3302 3282 3413 3354 ὲμά
3435 3283 3603 3337 ἔστιν.
3639 3301 3659 3335 ι

560 3388 686 3434 sunt
704 3378 771 3432 ".
809 3395 829 3429 ι

925 3467 1153 3532 ALIUD,
1184 3466 1318 3520 idem
1347 3483 1413 3522 ea:
1443 3470 1727 3526 contrario.

624 3586 684 3641 Si
717 3583 877 3639 Pater
902 3592 984 3638 est
1011 3583 1119 3637 vita
1149 3581 1671 3649 naturaliter,Filius
1687 3599 1817 3640 vero
1846 3599 1953 3641 non
1975 3586 2123 3651 item,

567 3692 674 3748 quo
704 3684 861 3746 pacto
884 3688 1012 3729 vere
1033 3674 1197 3729 dicit:
1222 3691 1241 3725 ι
1265 3670 1457 3728 Omnia
1490 3690 1609 3743 qum
1633 3675 1794 3731 habet
1825 3675 1982 3733 Pater
2007 3692 2122 3731 mea

566 3767 732 3824 sunt!
770 3786 788 3818 ι
822 3765 983 3835 Atqui
1010 3778 1115 3820 non
1151 3764 1407 3819 mentitur
1434 3765 1653 3821 veritas.
1693 3765 1789 3821 Est
1850 3768 2013 3840 igitur
2044 3785 2128 3825 re-

563 3872 689 3913 vera
723 3855 1043 3912 naturaliter
1072 3854 1181 3909 vita
1212 3853 1402 3925 Filius,
1448 3856 1903 3927 quemadmodum
1943 3869 1999 3915 et
2018 3859 2125 3915 Pa-

563 3961 663 4005 ter.

1195 4058 1346 4114 Idem
1368 4061 1540 4115 aliter.

639 4175 695 4230 Si
730 4174 893 4229 Pater
924 4181 1006 4228 est
1036 4171 1505 4239 naturalitervita,
1553 4171 1723 4228 Filius
1767 4185 1942 4230 autem
2020 4193 2124 4231 non

567 4269 716 4333 item,
751 4267 847 4321 sed
906 4263 1266 4321 accessoriam
1308 4272 1471 4334 atque
1508 4264 1795 4320 ascititiam
1837 4268 1999 4321 vitam
2030 4269 2127 4322 ha-

563 4361 676 4425 bet,
705 4372 809 4428 quo
836 4364 992 4427 pacto
1024 4370 1149 4412 vero
1200 4355 1267 4410 ad
1287 4352 1500 4409 Patrem
1526 4355 1656 4411 dicit
1682 4375 1695 4410 :
1736 4375 1754 4405 ι
1798 4355 1988 4413 Omnia
2012 4374 2128 4415 mea

566 4464 656 4507 tua
688 4460 833 4517 sunt,
863 4460 916 4505 et
935 4458 1021 4503 tua
1040 4462 1158 4504 mea
1180 4448 1266 4502 "2
1301 4466 1319 4501 ι
1347 4450 1453 4502 Aut
1473 4449 1617 4503 enim
1655 4447 1818 4503 habet
1872 4451 2131 4504 naturali-

2495 3454 2698 3516 AAAO,
2731 3448 2797 3504 τὸ
2829 3447 2975 3502 αὐτὸ
3000 3445 3068 3499 ἐκ
3094 3444 3201 3500 τοῦ
3237 3442 3539 3498 ἐναντίου.

2298 3573 2360 3625 Εί
2388 3570 2501 3640 ζωὴ
2535 3565 2676 3621 κατά
2702 3565 2870 3634 ’φύσιν
2914 3561 3062 3615 ἐστὶν
3152 3559 3364 3630 Πατὴρ,
3397 3558 3427 3610 6
3447 3556 3505 3609 δὲ
3535 3554 3663 3618 Υίδς
3708 3554 3813 3625 οὐχ

2226 3664 2419 3726 οὕτως,
2450 3635 2567 3722 πῶς
2612 3655 2902 3726 ἀληθεύσει
2949 3635 3158 3721 λέγων’
3196 3670 3215 3703 ι
3246 3650 3432 3705 Πάντα
3479 3648 3579 3701 ὅσα
3625 3645 3738 3718 ἔχει
3778 3651 3817 3701 ὁ

2230 3754 2445 3824 Πατὴρ,
2485 3749 2596 3822 ἐμά
2625 3750 2813 3813 tactv;
2850 3765 2868 3797 ι
2913 3745 3053 3798 Ἀλλ’
3078 3744 3178 3797 οὐκ
3216 3740 3283 3796 ἀν
3318 3739 3579 3810 ψεύσαιτο
3610 3738 3644 3809 ἡ
3672 3737 3813 3809 ἀλή-

2227 3845 2367 3912 θεια,
2406 3843 2559 3895 ἔσται
2592 3838 2831 3910 δηλονότι
2864 3835 2979 3907 ζωὴ
3011 3834 3152 3889 κατά
3177 3833 3339 3904 φύσιν
3378 3833 3408 3886 6
3434 3831 3583 3896 Υίδς,
3618 3829 3814 3902 ῶσπερ

2230 3936 2322 3989 καὶ
2346 3935 2375 3987 6
2394 3933 2605 4003 Πατήρ.

2749 4044 2984 4108 Ἄλλως
3021 4040 3089 4094 τὸ
3115 4038 3285 4095 αὐτό.

2299 4160 2360 4212 EI
2388 4155 2501 4228 ζωὴ
2530 4155 2671 4210 κατὰ
2711 4154 2870 4225 φύσιν
2909 4154 3057 4208 ἐστὶν
3083 4154 3113 4206 6
3144 4151 3357 4222 Πατὴρ,
3384 4152 3413 4205 6
3442 4150 3499 4205 δὲ
3539 4147 3665 4213 Υίὺς
3707 4149 3810 4220 οὐχ

2228 4251 2421 4316 οὕτως,
2474 4251 2589 4305 ἀλλ’
2641 4252 2967 4305 ἐπείσακτον
3013 4249 3123 4322 ἔχει
3180 4248 3240 4302 τὸ
3272 4242 3411 4300 εῖναι
3465 4242 3641 4310 τοῦτο,
3686 4241 3812 4306 πῶς

2228 4343 2517 4415 ἀληθεύσει
2549 4344 2722 4414 λέγων
2763 4344 2899 4413 πρὸς
2939 4342 3029 4396 τὸν
3073 4340 3313 4411 Πατέρα,
3352 4339 3435 4392 ὅτι
3470 4355 3489 4386 σ
3524 4336 3706 4390 Πάντα
3739 4336 3812 4389 τά

2230 4440 2341 4511 ἐςμά
2368 4438 2436 4493 σά
2466 4439 2604 4503 ἐστι,
2639 4437 2731 4492 καὶ
2752 4437 2821 4491 τά
2843 4436 2911 4490 σά
2944 4434 3088 4506 tua;
3126 4452 3147 4486 ι
3178 4434 3249 4487 Ἦ
3276 4430 3386 4503 γὰρ
3412 4427 3524 4496 ἕξει
3551 4427 3692 4481 κατά
3716 4426 3815 4496 φύ-

570 4556 652 4601 ter
674 4542 814 4613 quod
833 4542 904 4596 sit
933 4541 1043 4595 vita
1095 4539 1258 4594 etiam
1314 4540 1429 4607 ipse
1468 4558 1481 4594 :
1520 4539 1661 4608 quod
1697 4540 1911 4609 quidem
1952 4542 2122 4599 Patris

2240 4548 2316 4584 σιν
2350 4530 2412 4584 τὺ
2433 4524 2572 4584 εἶναι
2601 4529 2716 4601 ζωὴ
2752 4529 2847 4583 καὶ
2876 4526 3058 4591 αὐτὸς,
3106 4525 3245 4596 ὅπερ
3272 4526 3389 4577 ἔστι
3430 4518 3524 4574 τοῦ
3571 4518 3807 4590 Πατρός.

566 4645 649 4690 est
670 4605 809 4701 {aut
838 4632 882 4687 si
916 4645 1020 4686 non
1047 4630 1171 4697 hoc,
1210 4630 1304 4685 sed
1336 4605 1467 4700 qua
1491 4605 1590 4684 sua
1622 4605 1747 4686 sunt
1775 4629 1949 4688 Patris
1978 4641 2122 4696 sunt,

2240 4622 2301 4674 Ἦ
2332 4621 2381 4674 εί
2411 4619 2487 4691 μὴ
2511 4620 2687 4686 τοῦτο,
2724 4618 2820 4673 τοῦ
2869 4618 2927 4672 δὲ
2964 4616 3177 4687 Πατρός
3215 4616 3333 4668 ἐστι
3358 4627 3426 4667 τα
3469 4610 3658 4675 αὑτοῦ,
3681 4612 3811 4665 ἐπεὶ

567 4742 688 4781 cum
715 4738 821 4779 non
851 4723 921 4777 sit
947 4718 1265 4776 naturaliter
1280 4720 1389 4773 vita
1415 4716 1607 4785 Filius,
1641 4733 1709 4777 ne
1728 4718 1885 4776 Pater
1908 4722 2125 4792 quidem

568 4815 885 4872 naturaliter
914 4813 1020 4867 vita
1089 4810 1234 4866 erit:
1268 4810 1411 4880 quod
1477 4820 1561 4867 est
1607 4812 1923 4868 absurdum.
1971 4812 2131 4870 Pater

567 4908 708 4963 enim
740 4903 1059 4960 naturaliter
1098 4910 1183 4957 est
1227 4902 1381 4958 vita:
1426 4905 1531 4957 erit
1583 4916 1760 4959 autem
1812 4905 1914 4961 huc
1954 4905 2127 4975 ipsum

566 5000 757 5065 Filius,
788 5014 854 5054 ne
877 5012 906 5052 a
928 4995 1275 5052 similitudine
1306 5004 1427 5049 cum
1453 4991 1611 5056 Patre
1646 4997 1877 5051 recedat.

1236 5106 1464 5165 ALIUD.

630 5225 699 5281 Si
749 5224 915 5278 Filius
971 5232 1056 5277 est
1098 5222 1436 5277 omnimodus
1481 5222 1741 5290 planeque
1817 5224 2127 5281 indifferens

568 5316 853 5372 character
892 5313 1244 5383 hypostaseos
1271 5308 1468 5375 Patris,
1487 5309 1809 5364 naturaliter
1835 5310 1998 5365 etiam
2027 5312 2128 5366 hoc

568 5404 964 5473 liabebit,quod
985 5403 1056 5457 sit
1086 5402 1218 5469 vita,
1252 5415 1319 5455 ne
1344 5400 1663 5456 obliteretur
1706 5415 1768 5455 ac
1803 5401 2128 5471 dcpravetur

568 5497 851 5553 character
875 5493 1072 5549 Patris.

1243 5604 1471 5661 ALIUD.

1243 5604 1355 5659 ALl
1458 5646 1471 5661 .

636 5696 885 5755 Christus
911 5697 1107 5754 alicubi
1133 5697 1202 5753 ad
1240 5604 1528 5769 disciltjiglos
1556 5713 1685 5755 suos
1718 5699 1792 5753 ita
1826 5700 1899 5754 ait
1928 5720 1939 5754 :
1971 5718 1989 5749 ι
2024 5696 2127 5764 Qui

636 5853 982 5909 "ITimuth.
1017 5854 1170 5920 1,17.
1266 5852 1351 5906 "I
1386 5852 1507 5909 Cur.
1548 5871 1583 5918 ι,
1609 5853 1697 5906 2i.
1776 5854 1821 5886 ⁷⁷
1846 5853 2000 5910 Joan.
2039 5869 2125 5907 xw

2138 5893 2152 5918 ,
2194 5853 2277 5908 15.

2235 4712 2309 4782 μὴ
2337 4710 2479 4765 κατὰ
2509 4709 2670 4780 φύσιν
2702 4709 2819 4764 ἐστὶ
2850 4708 2962 4778 ζωὴ
2983 4711 3014 4761 6
3040 4707 3189 4773 Υίὸς,
3224 4707 3325 4760 οὐκ
3351 4705 3502 4760 ἔσται
3526 4703 3684 4759 τοῦτο
3710 4704 3808 4757 καὶ

2231 4805 2260 4857 6
2285 4803 2496 4874 Πατήρ.
2550 4800 2712 4855 Ἀλλά
2754 4799 2914 4854 τοῦτο
2960 4799 3180 4854 ἄτοπον.
3213 4798 3375 4852 Φύσει
3409 4797 3517 4869 γὰρ
3547 4798 3577 4849 6
3615 4795 3809 4868 Πατὴρ

2234 4894 2369 4965 ζωὴ,
2416 4892 2569 4947 ἔσται
2604 4891 2762 4945 τοῦτο
2805 4891 2899 4947 καὶ
2927 4891 2955 4944 6
2993 4890 3140 4955 Υἱὸς,
3171 4891 3258 4945 ῑνα
3297 4889 3371 4961 μὴ
3404 4887 3665 4959 ψεύδηται
3708 4888 3815 4958 τὴν

2236 4988 2511 5059 ὁμοίωσιν.

2923 5096 3122 5151 AAAO.

2305 5215 2372 5270 Εί
2413 5210 2701 5285 χαρακτὴρ
2730 5211 3145 5281 ἀπαράλλακτος
3191 5206 3288 5279 τῆς
3314 5204 3410 5260 τοῦ
3441 5202 3653 5273 Πατρός
3673 5200 3815 5254 ὑπο.

2236 5307 2480 5370 στάσεώς
2504 5308 2653 5358 ἐστιν
2676 5306 2705 5357 6
2735 5304 2881 5369 Υἱὸς,
2910 5302 3129 5374 φορέσει
3170 5300 3416 5370 φυσικῶς
3450 5296 3541 5349 καὶ
3567 5295 3626 5347 τὸ
3670 5287 3815 5346 εἶναι

2236 5386 2515 5469 ζωὴ,’ἴνα
2574 5399 2650 5469 μὴ
2704 5394 3191 5467 παραχαράττηται
3235 5388 3330 5445 τοῦ
3383 5388 3596 5460 Πατρὸς
3636 5387 3666 5439 6
3710 5403 3817 5455 χα-

2238 5492 2443 5563 ρακτήρ

2921 5602 3127 5656 ΑΛΔΟ.

2305 5696 2441 5767 Φησί
2460 5713 2561 5749 που
2589 5693 2822 5766 Χριστὸς
2842 5693 2979 5765 πρὸς
2993 5694 3123 5757 τοὺς
3148 5688 3341 5746 ἑαυτοῦ
3373 5683 3619 5765 μαθοητάς
3644 5702 3660 5718 ο
3693 5702 3713 5736 ι
3754 5682 3821 5739 '0

2359 5853 2403 5886 ⁷⁸
2428 5851 2586 5908 Joan.
2621 5866 2754 5917 xvn,
2793 5851 2879 5907 10.
