3994 6324
160 492 253 549 ω

1580 478 2020 535 'l‘llESAURUS.

3336 469 3443 525 249.

160 611 413 683 ἑωρακὼς
440 611 569 681 ἐμὲ,
593 610 807 682 ἑώρακε
830 608 918 663 τὸν
950 608 1189 677 Πατέρα.
1229 623 1249 658 ι
1279 605 1341 659 Εἰ
1368 604 1545 657 τοίνυν
1580 604 1607 655 6
1637 602 1747 654 Πα-

1879 600 1989 655 'idit
2025 614 2128 663 me,
2174 598 2306 652 viilit
2344 606 2397 651 et
2428 595 2732 649 Patrem".
2786 613 2801 643 ι
2847 592 2902 646 Si
2949 592 3111 661 igitur
3174 590 3333 643 Pater
3388 593 3439 645 in

274 705 332 756 ὲν
358 703 477 773 Υίῷ
499 702 755 770 φαίνεται
786 700 897 770 ζωὴ
919 700 1059 753 κατὰ
1091 697 1252 767 φύσιν
1286 696 1568 765 ὑπάρχων,
1593 692 1747 745 ἔσται

1879 692 1989 746 L‘ilio
2007 698 2231 760 apparet
2248 690 2353 742 vita
2384 685 2705 741 naturaliter
2720 684 3014 746 exsistens,
3029 684 3128 736 erit
3154 684 3252 738 hoc
3276 682 3439 737 etiam

160 797 308 851 τοῦτο
340 800 437 851 καὶ
467 797 499 850 6
533 796 687 859 Υἱὸς,
721 796 806 848 ἵνα
837 797 911 865 μὴ
941 794 1207 863 ψεύδηται
1239 793 1336 862 τὴν
1359 789 1636 860 ὁμοίωσιν.

161 912 366 976 ΔΔΔΟ,
411 911 485 964 ἐκ
553 907 672 964 τῶν
724 907 922 963 αὐτῶν
965 906 1061 989 6ιρ
1105 905 1216 973 τῆς
1259 906 1346 970 είς
1375 904 1602 957 ἄτοπον
1641 900 1749 953 ἀπ-

839 997 1097 1047 αγωγηςο

222 1095 357 1166 Φησί
380 1113 491 1149 που
522 1094 755 1166 Χριστός
779 1108 792 1122 ⁸
828 1112 846 1145 ι
887 1093 945 1146 '0
980 1092 1242 1163 ἑωρακὼς
1265 1092 1386 1162 ἐμὲ,
1423 1089 1636 1160 ἑώρακε
1659 1087 1751 1141 τὸν

164 1191 394 1261 Πατέρα.
447 1209 468 1242 ι
506 1191 570 1243 El
609 1190 787 1243 τοίνυν
832 1190 1154 1242 ἐπείσακτον
1180 1189 1296 1258 ἦτοι
1323 1186 1466 1241 κατὰ
1495 1185 1751 1256 μετοχὴν,

166 1283 253 1337 καὶ
274 1284 377 1336 οῦκ
414 1281 681 1343 οὐσιῶδες
720 1277 831 1351 ἔχει
856 1280 915 1332 τὺ
952 1276 1092 1332 εἶναι
1115 1278 1254 1349 ζωὴ,
1286 1278 1437 1331 ἐσται
1467 1276 1626 1330 τοῦτο
1660 1276 1754 1329 καὶ

165 1376 191 1429 6
219 1375 429 1445 Πατήρ.
458 1371 658 1443 Φυγὼν
682 1371 738 1424 δὲ
767 1370 859 1425 τοῦ
889 1372 1050 1439 λόγου
1070 1370 1168 1441 τὴν
1203 1368 1457 1433 ἀτοπίαν,
1497 1368 1554 1433 ἐξ
1588 1365 1754 1433 ἀνάγ-

166 1482 260 1535 κης
304 1465 672 1535 ὁμολογήσεις
725 1463 785 1516 τὸ
828 1463 1048 1532 ἕτερον’
1084 1462 1196 1533 ζωὴ
1241 1460 1349 1531 γὰρ
1404 1458 1547 1513 κατὰ
1590 1457 1753 1527 φύσιν

166 1560 191 1611 ὁ
220 1558 360 1621 Υίός.

851 1669 1055 1723 AAAO.

228 1788 291 1841 Ei
321 1787 418 1841 τοῦ
465 1786 679 1857 Πατρὸς
721 1784 820 1857 τὴν
854 1783 1044 1838 οὐσίαν
1087 1784 1115 1836 6
1147 1782 1275 1845 Υἱὸς
1320 1781 1757 1853 ἀπαραλλάκτως

166 1878 592 1949 χαρακτηρίζειν
631 1875 873 1943 λέγεται,
908 1873 1025 1927 ἔστι
1060 1873 1115 1927 δὲ
1152 1875 1213 1927 οὐ
1249 1873 1391 1927 κατὰ
1425 1873 1591 1942 φύσιν
1620 1870 1756 1941 ζωὴ,

1857 783 2045 850 Filius,
2083 796 2150 837 ne
2175 780 2310 836 falsa
2339 781 2409 837 sit
2432 779 2749 835 similitudo.

1924 897 2154 963 ALIUD,
2180 914 2244 951 ea:
2269 898 2455 952 iisdem
2488 912 2602 950 cum
2644 896 2943 949 reductiona
2965 894 3031 945 ad
3057 893 3367 945 absurdum.

1923 1080 2174 1135 Christus
2203 1078 2401 1134 alicubi
2435 1075 2645 1146 inquit:
2690 1094 2709 1125 ι
2744 1073 2845 1141 Qui
2899 1074 3029 1127 vidit
3063 1088 3168 1137 me,
3204 1071 3336 1126 vidit
3390 1080 3446 1126 et

1853 1170 2090 1225 Patrem.
2123 1186 2143 1223 ι
2181 1167 2238 1222 Si
2290 1181 2422 1237 ergo
2451 1163 2817 1220 accessorinm
2853 1162 2955 1215 hoc
3017 1160 3094 1213 illi
3159 1168 3261 1222 est,
3327 1158 3445 1213 sive

1856 1278 1952 1333 per
1974 1260 2468 1332 participationem,
2522 1264 2577 1312 et
2633 1270 2739 1310 non
2781 1251 3092 1317 essentiale,
3148 1252 3293 1333 quod
3376 1250 3447 1304 sit

1856 1327 1989 1421 vita,
2032 1354 2136 1409 erit
2164 1327 2267 1409 hoc
2296 1352 2459 1407 etiam
2492 1349 2671 1405 Pater.
2708 1346 2875 1415 Cujus
2900 1327 3442 1401 dietiabsurditatem

1857 1448 2090 1519 fugiens,
2123 1445 2431 1501 necessario
2470 1440 2726 1498 fateberis
2754 1438 3086 1494 contrarium
3115 1454 3127 1490 :
3154 1437 3263 1489 vita
3298 1434 3444 1489 enim

1858 1550 1940 1596 est
1966 1538 2288 1595 naturaliter
2317 1536 2513 1592 Filius.

2535 1644 2765 1701 ALIUD.

1930 1768 1989 1823 Si
2018 1766 2186 1821 Filius
2214 1765 2392 1820 Patris
2420 1759 2711 1817 essentiam
2739 1753 3049 1812 omnimoda
3085 1748 3248 1823 144
3294 1748 3447 1803 simi-

1860 1861 2084 1918 litudine
2119 1858 2426 1929 exprimere
2466 1854 2682 1918 dicitur,
2709 1860 2902 1919 estque
2932 1848 3046 1917 ipse
3078 1860 3184 1899 non
3221 1850 3443 1897 natura-

165 1935 273 2024 ;ltit’
303 1970 362 2021 ὲν
745 1935 902 2037 μέρει
952 1966 1109 2019 τοῦτο
1139 1935 1449 2036 λαμϐάνειί
1470 1935 1638 2017 τοῦτο
1664 1935 1758 2017 καὶ

1882 1955 1986 2009 iter
2011 1952 2144 2016 vita,
2172 1950 2265 2005 sed
2296 1963 2393 2020 per
2423 1944 2782 2017 adjectionem
2819 1940 2949 1995 illud
3005 1936 3223 2019 accipit,
3284 1935 3447 1989 Pater

166 2062 191 2113 6
232 2062 425 2131 Πατὴρ
460 2060 810 2130 νοηθήσεται.
848 2059 921 2111 Τὸ
949 2058 1007 2111 δὲ
1038 2060 1095 2111 ἐν
1122 2058 1332 2122 τούτοις
1359 2058 1582 2121 ἄτοπον,
1614 2073 1757 2126 παρ-

165 2154 386 2209 εισοίσει
414 2152 477 2207 τὺ
504 2151 770 2215 ἐναντίον,
794 2150 933 2221 ὅπερ
962 2150 1077 2203 ἐστὶ
1101 2150 1196 2204 καὶ
1233 2148 1454 2218 ἀληθές.

838 2262 1043 2316 ΔΛΛΟ.

232 2376 316 2431 Τὰ
341 2376 636 2448 ἑτερογενῆ
663 2392 723 2429 τε
751 2377 844 2429 καὶ
872 2376 1136 2446 ὲτεροφυῆ
1157 2376 1257 2447 τὴν
1291 2376 1460 2446 αὐτὴν
1480 2376 1760 2448 ἐνέργειαν

169 2467 329 2537 ἔχειν,
358 2468 461 2522 οὐκ
488 2467 557 2522 ἄν
587 2485 673 2531 τις
705 2467 819 2538 δῴη
855 2467 1166 2538 σωφρονῶν.
1199 2467 1333 2521 Οὐδὲ
1360 2468 1470 2540 γὰρ
1509 2468 1577 2523 ἂν
1606 2468 1763 2522 ὕδατι

169 2557 276 2630 πῦρ
298 2561 357 2614 ἓν
408 2577 463 2614 τι
504 2560 599 2615 καὶ
636 2560 832 2613 ταυτὸν
876 2560 1247 2630 ὲνεργὴσειεν,
1278 2559 1397 2614 ἀλλ’
1433 2560 1625 2630 ὥσπερ
1657 2560 1764 2613 ἀπ-

171 2652 580 2724 εσχοινισμένον
636 2652 822 2723 έχουσι
847 2654 944 2723 τῆς
971 2652 1161 2717 οὐσίας
1203 2652 1325 2723 ἦτοι
1353 2652 1454 2723 τῆς
1474 2654 1763 2723 ποιότητος

171 2744 257 2800 τὸν
285 2746 468 2814 λόγον,
504 2746 649 2799 οὕτω
684 2747 780 2800 καὶ
808 2744 1067 2817 διάφορον
1095 2745 1440 2799 ἀποδώσουσι
1468 2746 1569 2817 τὴν
1611 2746 1764 2817 ἐνέρ-

172 2852 342 2904 γειαν.
373 2837 440 2890 Et
473 2836 655 2889 τοίνυν
694 2834 841 2903 ζωῆς
874 2834 1028 2899 ὄντος
1049 2835 1191 2889 κατὰ
1219 2835 1382 2904 φύσιν
1400 2835 1494 2889 τοῦ
1525 2835 1760 2904 Πατρὸς,

172 2928 268 2981 οὐκ
298 2927 417 2982 ἐστι
465 2920 625 2980 τοῦτο
659 2926 781 2981 κατ’
805 2926 995 2981 οὐσίαν
1024 2927 1052 2978 6
1086 2926 1235 2989 Υίὸς,
1267 2926 1457 2997 ὥσπερ
1495 2929 1608 2989 τοῖς
1639 2943 1764 2996 χρι-

175 3018 466 3087 στομάχοις
490 3017 659 3081 δοκεῖ,
684 3018 801 3080 πῶς
818 3016 916 3087 τὴν
944 3015 1113 3086 αὐτὴν
1137 3017 1417 3086 ἐνέργειαν
1443 3015 1663 3087 φορέσει
1686 3014 1766 3085 τῷ

175 3108 385 3179 Πατρί;
415 3110 553 3179 Φησὶ
576 3110 683 3180 γάρ
717 3126 821 3162 που
856 3108 1111 3179 Χριστὸς,
1160 3108 1242 3161 ὅτι
1273 3108 1486 3178 Ὥσπερ
1520 3110 1548 3160 6
1575 3106 1765 3182 Πατὴρ

174 3201 266 3265 οὓς
298 3201 447 3255 ϐέλει
483 3202 756 3267 ζωοποιεῖ,
788 3200 931 3254 οῦτω
971 3199 1061 3253 καὶ
1088 3202 1117 3253 6
1150 3199 1279 3263 Υἱὸς
1321 3199 1415 3263 οὓς
1440 3199 1583 3252 θέλει
1624 3198 1764 3257 ζωο-

1861 2060 2081 2119 quoque
2110 2044 2213 2100 boc
2236 2016 2361 2099 esse
2393 2016 2728 2095 censebitur.
2780 2032 2895 2089 Hoc
2946 2045 3076 2087 vero
3130 2016 3447 2092 absurdum,

1861 2134 2174 2195 necessario
2197 2132 2361 2189 infert
2392 2127 2727 2187 contrarium
2750 2164 2764 2189 ,
2798 2122 2940 2194 quod
2969 2130 3025 2178 et
3048 2135 3235 2176 verum
3275 2125 3381 2173 est.

2565 2238 2801 2296 ALIUD.

1933 2363 2067 2433 Qua!
2095 2360 2296 2419 diversi
2326 2366 2452 2416 sunt
2484 2356 2703 2431 generis
2725 2362 2782 2409 et
2820 2360 3052 2416 naturae,
3112 2362 3273 2404 nemo
3302 2360 3454 2402 com-

1864 2474 1961 2531 pos
1991 2456 2191 2514 mentis
2212 2452 2459 2510 eamdem
2476 2449 2851 2521 operationem
2904 2445 3108 2499 habere
3144 2442 3321 2505 dicet;
3362 2453 3457 2494 ne-

1864 2566 1971 2624 que
1989 2551 2135 2607 enim
2192 2548 2332 2619 ignis
2372 2552 2428 2601 et
2466 2558 2605 2614 aqua
2632 2541 2773 2598 idem
2837 2538 3106 2594 ellicient:
3139 2536 3234 2592 sed
3265 2548 3457 2603 quem-

1865 2622 2155 2699 admodum
2208 2638 2479 2693 diversam
2536 2634 2737 2689 habent
2772 2630 3025 2686 essentiaa
3049 2629 3165 2682 sive
3217 2622 3454 2695 qualita-

1867 2733 1937 2791 tis
1967 2732 2256 2796 rationem,
2286 2729 2360 2783 ita
2378 2726 2543 2782 etiam
2576 2724 2848 2780 diversam
2876 2718 3255 2790 operationem
3272 2714 3457 2771 edent.

1868 2822 1926 2880 Si
1947 2836 2078 2893 ergo
2097 2835 2221 2879 cum
2254 2818 2417 2875 Pater
2437 2816 2512 2875 sit
2534 2813 2859 2871 naturaliter
2890 2812 3026 2875 vita,
3068 2807 3241 2865 Filius
3277 2805 3329 2860 id
3366 2818 3461 2857 na-

1867 2914 2122 2972 turaliter
2163 2925 2270 2968 non
2324 2918 2428 2977 est,
2498 2903 2957 2979 quemadmodum
3015 2903 3203 2957 hostes
3257 2894 3461 2953 Christi

1866 3007 2179 3079 opinantur,
2199 3017 2306 3073 quo
2320 3010 2480 3073 pacto
2495 3000 2739 3055 eamdem
2764 3012 2886 3052 cum
2910 2994 3073 3050 Patre
3090 2990 3460 3063 operationem

1868 3077 2129 3157 habebit?
2170 3095 2351 3167 lnquit
2393 3092 2539 3149 enim
2589 3090 2788 3145 alicubi
2830 3086 3086 3142 Christus
3126 3083 3272 3154 quod
3302 3077 3461 3134 (δῖο-

1870 3201 1931 3249 υι
1980 3191 2147 3246 Pater
2165 3203 2301 3259 quos
2331 3186 2445 3241 vult
2469 3184 2728 3248 viviﬁcat,
2753 3181 2828 3235 ita
2864 3189 2919 3235 et
2945 3178 3114 3234 Filius
3156 3190 3293 3246 quos
3348 3173 3465 3227 vult

178 3295 333 3347 ποιεί.
358 3294 437 3346 Οὐ
486 3293 597 3363 γὰρ
614 3293 675 3362 δή
703 3310 804 3346 που
826 3290 1209 3357 ζωοποιεῖσϐαι
1232 3290 1331 3360 μὲν
1352 3292 1557 3362 ἑτέρως
1577 3291 1764 3362 ἐροῦσι

1879 3283 2109 3339 riviiicat
2130 3281 2199 3335 “.
2226 3298 2245 3332 ι
2269 3278 2455 3349 Neque
2471 3277 2618 3331 enim
2637 3271 2903 3327 viviﬁcari
2924 3270 3182 3325 dicuntur
3198 3275 3467 3338 quotquot

177 3386 295 3447 τοὺς
328 3387 446 3439 ὅσοι
484 3386 635 3456 παρὰ
663 3385 756 3437 τοῦ
799 3384 1012 3455 Πατρὺς
1040 3382 1202 3437 τοῦτο
1230 3384 1590 3454 λαμϐάνουσι,
1628 3384 1767 3446 ζωοο

181 3479 448 3532 ποιεῖσθαι
486 3477 543 3530 δὲ
614 3477 776 3533 πάλιν
817 3478 939 3532 καθ’
972 3479 1159 3550 ἕτερον
1198 3478 1400 3548 τρόπον
1429 3478 1557 3541 τοὺς
1615 3477 1768 3549 παρὰ

181 3569 268 3623 τοῦ
302 3559 643 3623 Υίοῦτοῦτο
681 3570 1024 3641 δεχομένους.
1077 3569 1234 3624 Οὕτω
1282 3569 1393 3640 γὰρ
1419 3569 1589 3640 ἔφησε
1636 3570 1770 3634 ζωο-

181 3665 346 3715 ποιεῖν
372 3660 467 3715 τὶν
501 3661 743 3732 Πατέρα,
774 3660 851 3725 ὠς
885 3662 949 3715 ἂν
976 3661 1367 3732 ζωοποιήσειεν
1390 3662 1419 3714 6
1445 3662 1594 3725 Υίὸς,
1626 3678 1769 3714 πανο

179 3752 343 3823 ταχοῦ
375 3753 476 3823 τὴν
526 3754 697 3825 αὐτὴν
727 3752 1009 3824 ἐνέργειαν
1034 3752 1225 3823 ἔχοντα
1252 3751 1331 3822 τῷ
1372 3752 1548 3823 Πατρὶ
1576 3750 1770 3806 ἑαυτὸν

178 3845 513 3917 ὁριζόμενος.
555 3843 764 3897 Οὐκοῦν
797 3844 896 3896 οὐκ
926 3843 1177 3914 ἀνόμοιος
1209 3842 1359 3897 ἔσται
1394 3844 1530 3914 πρὸς
1566 3845 1658 3897 τὸν
1678 3860 1772 3912 γε-

181 3934 504 4005 γεννηκόταο
550 3933 667 3987 ἀλλ’
708 3932 899 4004 ὥσπερ
936 3934 1143 3996 ἐκεῖνος
1185 3933 1345 4002 φύσει
1395 3931 1509 4003 ζωὴ
1551 3932 1770 4001 λέγεται

77 4097 81 4099 λ
184 4026 275 4080 καὶ
305 4026 479 4091 ἐστιν,
509 4024 651 4079 οὕτω
683 4023 778 4077 καὶ
806 4025 835 4077 6
863 4024 1014 4087 Υἱός.

873 4137 1080 4191 ΔΛΛΟ.

250 4248 317 4303 Εί
343 4248 445 4321 τὴν
475 4248 735 4319 ἀλήθειαν
762 4249 883 4312 ταῖς
933 4247 1182 4301 Ἰωάννου
1214 4249 1417 4317 φωναῖς
1446 4246 1773 4317 ἐπιψηφιού-

188 4340 348 4411 μεθα,
379 4340 555 4393 πάντα
603 4337 847 4407 δώσομεν
882 4336 1211 4409 ἐργάζεσθαι
1255 4338 1323 4390 δι’
1367 4335 1497 4390 Υίοῦ
1534 4337 1630 4390 τὸν
1664 4337 1775 4391 Πα-

185 4431 336 4503 τέρα.
376 4432 438 4484 Ei
473 4430 529 4484 δὲ
556 4428 737 4494 τοῦτο,
771 4429 831 4482 ἓν
863 4429 919 4482 δὲ
948 4428 1057 4481 τῶν
1088 4428 1265 4500 ἔργων
1303 4428 1397 4481 τοῦ
1431 4428 1643 4498 Πατρὺς
1679 4428 1775 4480 καὶ⁹

186 4520 245 4574 τὸ
271 4520 557 4584 ζωοποιεῖν
584 4534 761 4582 τινας,
790 4517 943 4571 ἐσται
972 4518 1085 4588 ζωὴ
1125 4518 1267 4570 κατὰ
1292 4516 1453 4587 φύσιν
1480 4517 1507 4571 ὁ
1537 4516 1685 4584 Υίὸς,
1707 4516 1774 4569 δι’

186 4608 245 4669 οὗ
278 4613 351 4666 τὰ
382 4612 564 4665 πάντα
617 4608 891 4673 ζωοποιεῖ,
925 4610 1013 4663 ἵνα
1054 4608 1129 4679 μὴ
1158 4610 1310 4672 νόθος
1367 4610 1592 4679 μεσίτης
1630 4626 1772 4681 παρ·
1809 4645 1852 4699 D

187 4704 563 4774 εισαγόμενος,
607 4700 877 4773 ἀμέτοχον
896 4700 1041 4772 δείξῃ
1080 4699 1217 4753 θεοῦ
1260 4701 1322 4754 τὸ
1355 4703 1421 4771 τῇ
1447 4701 1585 4773 πρὸς
1607 4701 1772 4757 αὑτὸν

190 4797 376 4867 σχέσει
399 4794 666 4860 ζωοποιοὺ
675 4811 859 4865 μενον.

881 4911 1012 4964 ΑΛΛ
1023 4911 1085 4965 Ο.

258 5025 324 5082 El
354 5026 584 5096 μεσίτης
615 5022 752 5077 Θεοῦ
782 5024 877 5078 καὶ
920 5023 1223 5095 ἀνθρώπων
1253 5026 1402 5077 ἐστὶν
1435 5027 1463 5078 ὁ
1497 5025 1641 5090 Υἱὸς,
1668 5024 1777 5079 ὦσα

190 5134 297 5189 περ
329 5120 410 5181 είς
454 5116 684 5187 ἑνότητα
718 5116 953 5185 φυσικὴν
998 5117 1287 5170 συνάπτων
1307 5116 1375 5168 τὰ
1409 5115 1573 5187 ἄκρα·
1604 5118 1776 5185 ἀναγ-

191 5212 345 5262 καῖον
390 5208 565 5260 εἰπεῖν
600 5208 704 5272 ὅτι,
760 5205 951 5279 ὥσπερ
981 5206 1291 5279 ἀνθρώποις
1332 5206 1578 5279 συνήφίὶη
1613 5225 1774 5277 φυσι-

194 5300 303 5365 κῶς
342 5300 629 5372 ἄνθρωπος
663 5300 923 5368 γεγονὼς,
954 5298 1096 5352 οὕτω
1125 5301 1219 5354 καὶ
1258 5300 1354 5370 τῆς
1381 5299 1532 5363 Θείας
1561 5299 1775 5369 φύσεως

192 5396 424 5465 ἢρτηται
445 5392 577 5455 Θεὸς
602 5392 742 5445 κατὰ
777 5390 938 5460 φύσιν
965 5391 1245 5463 ὑπάρχων.
1278 5393 1338 5445 Εἰ
1366 5393 1422 5444 δὲ
1449 5392 1626 5454 τοῦτο,
1653 5392 1776 5446 ἐπεὶ

194 5487 310 5539 κατ’
344 5484 530 5537 οὐσίαν
564 5485 659 5537 καὶ
694 5484 795 5535 οὑκ
823 5482 1020 5547 ἔξωθεν
1052 5482 1164 5553 ἔχει
1196 5484 1255 5534 τὸ
1288 5479 1427 5535 εἶναι
1464 5484 1577 5555 ζωὴ
1607 5486 1633 5536 6
1662 5486 1775 5536 Πα-

194 5581 316 5652 τὴρ,
343 5580 495 5633 ἔσται
522 5576 765 5641 τοιοῦτος
793 5578 887 5630 καὶ
924 5580 951 5631 ὁ
986 5577 1257 5648 προσεχὴς
1282 5576 1427 5647 αὐτῷ
1467 5578 1561 5629 καὶ
1586 5578 1641 5642 ἐξ
1677 5578 1775 5629 αὑ-

194 5672 285 5727 τοῦ
317 5674 455 5725 κατὰ
479 5672 640 5739 φύσιν
669 5670 815 5731 Υἱός.

265 5916 312 5947 τ’
332 5914 481 5970 ⁸10³⁸³⁸
521 5931 626 5979 Μνν
662 5916 714 5969 9'
798 5914 841 5944 Μ
867 5912 1019 5970 δολίῃ·
1058 5928 1107 5979 νυ
1142 5912 1229 5967 Ἦ-
1312 5911 1348 5941 “¹
1382 5908 1535 5965 Junii.
1575 5925 1654 5975 lli,
1688 5910 1772 5963 53.

1869 3390 1900 3429 a
1921 3372 2032 3429 Deo
2060 3372 2163 3427 hoc
2185 3369 2463 3439 accipiunt
2493 3384 2509 3421 :
2551 3364 2711 3418 aliter
2735 3376 2866 3417 vero
2889 3360 2982 3430 qui
3014 3375 3043 3413 a
3079 3358 3217 3413 Filio
3248 3356 3353 3413 hoc
3376 3370 3467 3411 ac-

1870 3466 2099 3537 cipiunt.
2126 3462 2263 3517 Nam
2284 3462 2476 3517 eadem
2514 3460 2727 3515 ratione
2756 3457 2896 3513 dixit
2928 3456 3147 3511 Patrem
3178 3451 3465 3508 viviticare

1869 3574 1977 3630 qua
2008 3556 2247 3613 viviﬁcat
2294 3552 2489 3617 Filius,
2526 3550 2816 3607 declarans
2862 3563 2922 3604 se
2962 3547 3108 3602 omni
3190 3560 3257 3599 ex
3314 3552 3470 3614 parte

1871 3650 2119 3707 eamdem
2154 3662 2279 3704 cum
2303 3646 2465 3701 Patre
2487 3643 2861 3715 operationem
2919 3640 3145 3697 habere.
3195 3636 3467 3707 Quocirca

1872 3758 1980 3800 non
2002 3740 2285 3799 dissimilis
2303 3746 2437 3795 esta
2477 3737 2675 3800 Patre;
2718 3734 2814 3790 sed
2839 3732 3091 3791 sicutille
3140 3728 3468 3787 naturaliter

1873 3838 1985 3893 vita
2008 3835 2206 3892 dicitur
2231 3840 2285 3890 et
2306 3840 2409 3898 est,
2446 3832 2523 3886 ita
2545 3839 2600 3887 et
2631 3828 2823 3887 Filius.

2526 4119 2755 4178 ALIUD.

1950 4241 2006 4296 Si
2044 4237 2270 4295 Joannis
2301 4236 2483 4292 verbis
2524 4232 2685 4289 ﬁdem
2726 4230 3071 4298 adhibemus,
3105 4227 3471 4285 concedemus
3519 4290 3527 4294 _

1877 4336 2094 4391 Patrem
2124 4332 2304 4388 omnia
2338 4329 2556 4399 operari
2584 4342 2680 4397 per
2714 4325 2913 4381 Filium
2944 4324 3011 4378 ⁸⁸.
3050 4321 3207 4388 Quod
3250 4322 3469 4392 quidem

1877 4428 1923 4483 si
1963 4440 2153 4482 verum
2184 4431 2308 4487 cst,
2348 4434 2517 4474 unum
2563 4432 2692 4471 vero
2732 4432 2801 4470 ex
2853 4414 3109 4484 operibus
3146 4412 3327 4481 Patris
3390 4423 3473 4468 est

1878 4515 2168 4575 nonnullos
2190 4512 2495 4578 viviliCare,
2537 4518 2684 4565 certe
2712 4508 3039 4563 naturaliter
3075 4508 3182 4561 vita
3226 4508 3332 4561 erit
3382 4504 3472 4561 Fi-

1881 4610 2005 4675 lius,
2036 4622 2133 4677 per
2157 4619 2319 4675 quem
2344 4603 2529 4657 omnia
2553 4600 2816 4664 viviﬁcat,
2852 4614 2921 4655 ne
2957 4599 3178 4668 spurius
3196 4599 3471 4654 mediator

1881 4700 2227 4757 introductus
2264 4710 2462 4766 expers
2486 4692 2933 4765 participationis
2993 4691 3084 4745 Dei
3110 4690 3363 4747 ostendat
3420 4690 3473 4744 id

1883 4794 2025 4864 quod
2052 4800 2299 4861 respectu
2325 4788 2495 4858 ipsius
2525 4784 2859 4841 vivificatum
2899 4791 3004 4839 est.

2558 4900 2794 4959 ALIUD.

1957 5023 2014 5078 Si
2047 5020 2217 5076 Filius
2250 5019 2518 5074 mediator
2566 5026 2650 5073 est
2690 5015 2787 5072 Dei
2844 5024 2903 5070 et
2955 5015 3239 5070 hominum
3262 5013 3332 5082 θ’,
3381 5016 3475 5084 qui

1885 5124 2129 5169 extrema
2160 5111 2325 5167 veluti
2357 5112 2409 5166 in
2443 5111 2706 5164 unitatem
2741 5108 3013 5178 copulavit
3046 5126 3057 5161 :
3092 5108 3464 5163 necessarium

1884 5216 1967 5263 est
2000 5216 2078 5273 ut,
2108 5204 2563 5275 quemadmodum
2591 5202 2904 5258 hominibus
2946 5200 3271 5256 naturaliter
3300 5214 3470 5268 copu-

1882 5300 2023 5353 latus
2048 5308 2154 5362 est,
2180 5312 2302 5352 cum
2339 5297 2513 5352 iactus
2561 5304 2646 5350 est
2689 5287 2872 5361 homo,
2934 5295 3007 5350 ita
3060 5296 3229 5350 etiam
3279 5296 3475 5351 divinae

1876 5396 2095 5444 naturae
2126 5390 2308 5444 unitus
2329 5389 2419 5456 sit,
2454 5388 2597 5444 Deus
2631 5402 2759 5443 vere
2820 5387 3115 5442 exsistens.
3174 5386 3233 5442 Si
3292 5397 3472 5441 autem

1883 5484 1985 5536 hoc
2018 5496 2203 5537 verum
2235 5490 2340 5547 est,
2368 5496 2495 5536 cum
2564 5480 2935 5536 essentialiter
2963 5490 3016 5535 et
3070 5495 3176 5535 non
3201 5480 3473 5533 extrinse-

1882 5588 1977 5627 cus
2011 5574 2061 5627 id
2090 5575 2287 5628 habeat
2318 5571 2482 5627 Pater
2512 5573 2654 5642 quod
2682 5572 2753 5627 sit
2781 5571 2893 5626 vita
2927 5588 2942 5624 :
2992 5573 3098 5627 crit
3126 5571 3291 5625 ctiam
3355 5584 3475 5623 mn-

1884 5662 2011 5717 nino
2040 5663 2163 5715 talis
2188 5662 2280 5732 qui
2327 5663 2377 5717 ei
2416 5662 2740 5730 coniunctus
2779 5671 2884 5729 est,
2914 5672 2969 5718 et
3016 5660 3338 5717 naturaliter
3407 5673 3470 5714 cx

1886 5755 2001 5825 ipso
2034 5764 2117 5809 est
2144 5753 2336 5813 Filius.

1854 5908 2217 5966 “²1Τἰιιιοιίι.
2264 5929 2323 5977 ll,
2362 5913 2414 5966 5.
