3994 6324
212 421 319 479 245

1661 397 2105 461 TIIESAURUS.

3426 380 3529 438 ‘266

213 541 363 612 ζωὴν
392 542 552 612 ἒχειν
574 543 604 594 6
626 540 816 611 Πατὴρ
844 542 901 594 ὲν
925 539 1124 608 ἑαυτῷ,
1148 538 1236 591 τὸν
1269 537 1394 589 Υίδν
1427 534 1704 603 σημαίνει,
1731 527 1824 582 καὶ

1963 527 2083 575 atur
2111 515 2317 573 habere
2345 514 2516 568 vitam
2539 510 2590 565 in
2620 509 2824 579 seipso,
2854 508 3052 562 Filium
3103 507 3396 574 Signiﬁcat,
3421 519 3529 559 non

214 634 310 703 οὐχ
333 631 540 704 ἕτερόν
570 650 625 686 τι
656 632 785 702 παρ’
809 632 989 687 αὐτόν.
1041 630 1333 701 ’Υπάρχων
1360 627 1416 680 δὲ
1454 625 1547 678 καὶ
1580 622 1741 686 αὐτὸς
1769 621 1826 672 ὲν

219 723 335 794 Υιῷ
358 727 514 780 κατὰ
537 726 601 778 τὸ
626 726 725 795 τῆς
747 725 934 787 οὐσίας
956 721 1395 794 ἀπαράλλακτον.
1431 719 1524 771 καὶ
1545 715 1659 788 ζωὴ
1686 715 1826 770 κατὰ

221 815 384 882 φύσιν
417 814 525 884 ὣν,
559 815 794 870 δέδωκεν
825 813 1016 869 ἑαυτὸν
1041 811 1207 883 αὐτῷ.

931 1017 1133 1070 ΔΛΛΟ.

292 1129 423 1201 Ζωὴ
457 1130 612 1185 κατὰ
642 1129 806 1198 φύσιν
854 1130 1118 1201 ὑπάρχων
1150 1132 1178 1182 6
1209 1131 1357 1194 Υἱὸς.
1395 1127 1644 1197 δέχεσθαι
1676 1125 1830 1196 παρὰ

223 1219 320 1274 τοῦ
376 1222 608 1293 Πατρδς
661 1223 867 1295 ταύτην
915 1223 1102 1294 φησὶν,
1141 1223 1242 1293 οὐχ
1292 1216 1326 1296 ᾖ
1378 1221 1550 1288 Λόγος
1596 1221 1744 1272 ἐστὶν
1794 1219 1826 1288 ἢ

224 1313 587 1382 ἀπαύγασμα
616 1313 863 1382 φυσικῶς
903 1315 1016 1386 ἔχει
1043 1316 1110 1370 τὰ
1153 1314 1246 1367 τοῦ
1283 1316 1494 1384 Πατρὸς
1521 1313 1649 1375 ἴδια,
1693 1311 1831 1366 ἀλλὰ

230 1402 382 1456 καθδ-
404 1403 639 1472 γέγονεν
683 1404 992 1474 ἄνθρωπος,
1023 1400 1067 1475 ᾧ
1113 1407 1290 1459 πάντα
1334 1406 1609 1459 θεόσδοτα.
1645 1406 1831 1459 Κατα-

230 1488 426 1564 ὅτήσει
468 1497 533 1550 δὲ
566 1497 724 1550 τοῦτο
755 1500 925 1567 σαφὲς
963 1499 1020 1552 ὲν
1062 1501 1175 1563 τοῖς
1208 1499 1427 1568 ἐφεξῆς,
1461 1497 1556 1550 τοῦ
1585 1497 1829 1551 δεδόσθαι

229 1585 330 1657 τὴν
359 1587 554 1641 αἰτίαν
587 1587 972 1658 ἐξηγούμενος.
1020 1589 1301 1654 Ἐξουσίαν
1328 1588 1456 1660 γὰρ,
1487 1588 1672 1657 φησιν,
1696 1587 1831 1640 ἐδω-

231 1694 328 1731 κεν
363 1678 530 1748 αὐτῷ
556 1679 739 1748 κρίσιν
760 1684 955 1745 ποιεῖν,
979 1682 1060 1734 ὅτι
1093 1682 1220 1745 Υίὸς
1246 1680 1534 1752 ἀνθρώπου
1564 1679 1727 1734 ἐστίν,
1768 1680 1830 1732 Ei

229 1767 285 1822 δὲ
332 1769 644 1842 ἐπειδήπερ
678 1772 801 1834 Υἱὸς
834 1771 1125 1843 ἀνθρώπου
1172 1774 1311 1838 ἐστὶ,
1343 1772 1442 1843 τὴν
1471 1774 1562 1826 ἐπὶ
1604 1771 1682 1842 τῷ
1712 1771 1831 1840 κρί-

1931 609 2135 681 aliquid
2184 622 2214 662 a
2293 619 2351 662 se
2396 604 2696 660 diversum.
2790 599 3075 656 Exsistcns
3161 613 3294 653 vero
3362 597 3530 652 etiam

1931 703 2045 773 ipse
2097 701 2150 755 in
2198 697 2335 752 Filio
2385 703 2606 766 propter
2665 691 3049 749 omnimodam
3136 689 3390 745 essentia:
3452 687 3532 743 si-

1932 791 2314 854 militudinem,
2342 803 2464 846 cum
2490 786 2657 841 etiam
2720 783 3049 839 naturaliter
3093 781 3165 836 sit
3214 781 3347 846 vita,
3382 779 3534 835 dedit

1931 884 2007 940 illi
2029 883 2288 954 seipsum.

2530 989 2692 1062 ιω
2715 987 2945 1045 ALIUD.

2001 1108 2171 1164 Filius
2208 1108 2316 1162 vita
2357 1107 2680 1163 naturaliter
2709 1107 3007 1169 exsistens,
3039 1116 3160 1158 eam
3196 1114 3254 1155 se
3291 1115 3318 1154 a
3369 1100 3537 1156 Patre

1935 1203 2182 1272 accipere
2213 1200 2365 1265 dicit,
2396 1215 2501 1254 non
2531 1206 2800 1268 quatenus
2839 1195 3080 1251 Verbum
3111 1201 3317 1258 est,aut
3343 1191 3528 1261 splen-

1932 1294 2033 1348 dor
2064 1291 2390 1348 naturaliter
2421 1292 2630 1346 habens
2678 1304 2799 1358 quae
2847 1288 3025 1342 Patris
3085 1287 3307 1355 propria
3362 1295 3491 1340 sunt
3520 1324 3536 1352 ,

1935 1386 2029 1440 sed
2057 1393 2327 1454 quatenus
2355 1384 2528 1438 factus
2562 1391 2645 1437 est
2677 1383 2861 1445 homo,
2890 1380 2975 1434 cui
2999 1380 3183 1434 omnia
3214 1393 3242 1431 a
3269 1379 3380 1433 Deo
3411 1376 3537 1431 data

1935 1489 2079 1535 sunt.
2115 1477 2270 1547 Quod
2301 1477 2478 1547 ipsum
2512 1476 2565 1531 in
2623 1473 2984 1545 sequentibus
3035 1480 3224 1543 aperte
3267 1471 3536 1536 declarat,

1937 1587 2157 1628 causam
2212 1587 2312 1626 cur
2348 1570 2472 1625 data
2528 1569 2598 1623 sit
2627 1566 2932 1638 explicans.
2967 1563 3307 1619 Potestatem
3363 1563 3536 1630 enim,

1935 1665 2130 1734 inquit,
2162 1650 2381 1718 dedit'ei
2411 1661 2676 1728 iudiciuin
2705 1659 2911 1723 facere,
2940 1659 3068 1728 quia
3103 1655 3274 1712 Filius
3298 1656 3540 1710 hominis

1935 1765 2018 1810 est
2042 1757 2105 1809 ⁸⁸.
2140 1752 2198 1809 Si
2232 1768 2361 1808 vero
2393 1753 2520 1822 quia
2573 1751 2744 1806 Filius
2787 1749 3028 1806 hominis
3058 1757 3162 1811 est,
3215 1757 3540 1818 potestatein

231 1878 343 1914 νειν
385 1862 643 1928 ἐξουσίαν
684 1842 963 1936 εἰληφέναι
1008 1867 1247 1934 λέγεται,
1294 1842 1586 1919 τὸνῗαὺτὸν
1633 1867 1834 1918 ἀνακυ-

1959 1844 2208 1901 udicandi
2231 1847 2509 1913 accepisse
2535 1844 2756 1908 dicitur,
2799 1844 2990 1897 eodem
3032 1842 3198 1896 modo
3237 1850 3542 1911 repetentes

231 1950 558 2018 κλώσαντες
602 1954 758 2023 λόγον
799 1956 1065 2027 ἐροῦμεν
1108 1956 1323 2027 Ἐπειδὴ
1376 1957 1503 2021 Υἱὸς
1544 1957 1832 2030 ἀνθρώπου

234 2042 454 2110 γέγονε,
485 2044 587 2116 τὴν
617 2048 911 2118 ὁμοιότητα
934 2049 1172 2118 φορέσας
1207 2049 1312 2101 τῶν
1339 2049 1491 2120 παρὰ
1523 2049 1660 2102 Θεοῦ
1687 2049 1836 2120 δέχε-

237 2132 364 2186 σθαι
398 2135 472 2188 τὰ
510 2137 686 2191 πάντα
732 2142 1075 2207 πεφυκότων,
1124 2141 1218 2193 καὶ
1259 2139 1403 2211 ζωὴν
1437 2142 1718 2212 εἰληφέναι
1743 2141 1835 2194 λέ-

236 2239 416 2290 γεται,
462 2228 601 2298 μόνῃ
637 2229 728 2280 καὶ
757 2232 938 2298 γυμνῇ
976 2233 1041 2300 τῇ
1079 2229 1199 2299 θείᾳ
1231 2228 1387 2296 φύσει
1415 2230 1619 2300 τηρῶν,
1653 2230 1747 2282 καὶ
1778 2228 1838 2281 τὸ

239 2317 484 2387 μετοχῆς
512 2335 657 2382 τινος
683 2320 1033 2374 ἀνεπίδεκτον
1071 2323 1161 2374 καὶ
1190 2320 1248 2373 τὸ
1267 2321 1525 2374 δύνασθαι
1560 2324 1672 2384 τοῖς
1702 2322 1836 2373 πᾶσι

237 2407 306 2460 τά
339 2410 523 2463 πάντα
552 2414 809 2481 χορηγεῖν

739 2556 1105 2645 ΛΟΓΟΣ
1183 2563 1286 2644 IE
1307 2613 1326 2630 ο

239 2707 346 2782 Εἷς
395 2707 462 2782 ti?
491 2710 561 2762 ἐν
608 2712 738 2782 ταῖς
783 2716 1153 2782 Παροιμίαις,
1195 2734 1210 2764 i
1256 2717 1471 2782 Κύριος
1519 2713 1722 2766 ἕκτισέ
1766 2730 1842 2780 με

308 2779 518 2854 ᾀρχὴν
567 2781 725 2834 ὁδῶν
781 2779 979 2854 αὐτοῦ
1007 2779 1286 2854 εις-Ἔργα
1341 2779 1553 2837 αὑτοῦ.
1592 2785 1720 2854 ’Ὁτι
1751 2779 1838 2845 τὸ,

313 2848 553 2923 ἔκτισεν,
593 2855 664 2905 οὐ
696 2855 848 2906 κατὰ
877 2851 987 2920 τῆς
1017 2848 1234 2918 οὐσίὰρ
1266 2856 1370 2910 τοῦ
1401 2857 1595 2923 Λόγου
1621 2852 1838 2906 uisitat-

311 2918 460 2972 οὐδὲ
499 2923 722 2991 κτίσμα
762 2923 794 2990 ἢ
829 2918 1055 2993 ποίήμα
1095 2929 1126 2978 ό
1172 2927 1321 2989 Υἱός.

318 3093 386 3147 Ol
418 3095 518 3165 τῆς
563 3098 772 3167 Ἀρείου
804 3101 1000 3168 μανίας
1031 3101 1332 3171 προστάται
1363 3101 1460 3172 τὴν
1491 3102 1702 3156 ἑαυτῶν
1726 3102 1845 3155 ἀσέ-

248 3185 407 3240 ϐειαν
449 3187 716 3253 πιθανοῖς,
753 3191 827 3255 ὡς
867 3193 1091 3253 οἴονται,
1128 3194 1562 3260 καλλωπίζοντες
1610 3196 1840 3266 ῥήμασι,
1872 3229 1918 3290 C

248 3276 502 3345 λέγουσι·
547 3280 770 3350 κτίσμα
801 3282 948 3335 ἐστὶν
981 3286 1010 3336 6
1045 3285 1190 3348 Υἱὸς,
1229 3286 1343 3338 ἀλλ’
1390 3287 1487 3355 οὐχ
1519 3287 1593 3349 ὼς
1631 3286 1689 3340 ἓν
1735 3287 1845 3341 τῶν

246 3370 570 3440 κτισμάτων
592 3387 605 3401 ·
642 3373 855 3446 ποίημά
885 3376 1053 3438 ἐστιν,
1087 3376 1202 3428 ἀλλ’
1231 3380 1328 3448 οὐχ
1358 3379 1433 3441 ὼς
1460 3379 1516 3430 ἓν
1554 3379 1659 3431 τῶν
1691 3396 1844 3449 ποιη-

256 3459 473 3528 μάτων·
517 3463 766 3533 γέννημά
808 3465 976 3533 ἐστιν,
1019 3466 1133 3520 ἀλλ’
1177 3469 1274 3539 οὺχ
1305 3470 1380 3534 ὠς
1421 3471 1478 3523 ἓν
1505 3470 1614 3524 τῶν
1655 3487 1848 3540 γεννη-

256 3551 468 3621 μάτων.

446 3669 603 3736 Πρὸς
643 3669 831 3724 ταῦτα
860 3672 1074 3740 λύσεις
1109 3673 1331 3745 ἐφεξῆς
1359 3677 1649 3747 διάφοροι.

324 3779 390 3831 Εί
434 3779 648 3850 ποίημά
676 3781 826 3835 ἐστιν
860 3783 902 3857 όῤ
923 3783 1067 3848 Υἱὺς,
1105 3786 1222 3850 πῶς
1251 3788 1348 3858 οὐχ
1379 3789 1434 3842 ἒν
1468 3790 1577 3843 τῶν
1610 3794 1849 3864 ποιημά-

254 3887 400 3931 των;
425 3872 521 3924 καὶ⁵
561 3873 609 3924 εί
651 3872 789 3936 ὅλως
823 3875 1050 3947 κτίσμα,
1098 3879 1212 3941 πῶς
1247 3881 1344 3949 οὐχ
1379 3879 1436 3932 ἒν
1461 3881 1569 3934 τῶν
1617 3887 1850 3955 κτισμά-

256 3979 405 4031 των;
444 3964 600 4017 Ἐστι
650 3965 758 4036 γὰρ
787 3965 944 4019 τοῦτο
990 3971 1207 4039 φρονεῖν
1247 3970 1604 4037 γελοιότατον.
1639 3976 1699 4027 Ei
1741 3977 1848 4048 γὰρ

256 4054 394 4119 ὅλως
435 4056 729 4126 κτίσμασιν
759 4058 791 4127 ἢ
825 4059 1128 4129 ποιήμασιν
1169 4061 1266 4113 οὐκ
1298 4063 1443 4116 ἐστιν
1474 4065 1789 4136 ἐναρίθμιος
1823 4071 1851 4122 6

258 4146 411 4212 Υἱὸς,
436 4147 560 4201 οὕτε
597 4149 802 4220 κτίσμα
835 4150 900 4203 ἂν
921 4153 1004 4221 εἴη
1038 4151 1160 4204 οὔτε
1192 4155 1424 4224 ποίημα.
1446 4157 1508 4210 Εί
1537 4158 1592 4210 δὲ
1626 4160 1850 4230 ἐκτίσθη

258 4240 380 4293 καθ’
412 4242 556 4310 ὑμᾶς
587 4242 679 4293 καὶ
716 4241 1032 4313 πεποίηται,
1062 4241 1179 4306 πῶς
1208 4245 1308 4296 οὐκ
1337 4246 1651 4314 ἀναγκαίως
1687 4250 1762 4314 ὡς
1792 4251 1850 4305 ἓν

257 4331 412 4386 ἔσται
444 4333 554 4387 τῶν
592 4334 902 4403 γενομένων
924 4350 940 4398 ;

954 4624 1160 4677 AAAO.

328 4739 497 4792 Φασὶν
525 4739 608 4791 ὅτι
637 4738 853 4806 ποίημά
873 4739 1020 4790 ἔστιν
1045 4740 1072 4790 6
1107 4738 1253 4804 Υίὸς,
1284 4740 1397 4792 ἀλλ’
1428 4743 1525 4811 οὐχ
1550 4744 1625 4806 ὼς
1658 4746 1714 4797 ἓν
1742 4747 1850 4799 τῶν

262 4832 604 4900 ποιημάτων.
659 4831 767 4882 Καὶ
805 4829 1087 4899 νομίζουσι
1134 4831 1252 4899 μὲν,
1290 4833 1564 4905 ἐξαίρετόν
1614 4856 1736 4891 τινα
1764 4839 1853 4892 διὰ

261 4921 451 4976 τούτου
485 4922 782 4992 προσάγειν
808 4921 958 4991 αὐτῷ
981 4925 1081 4994 τὴν
1101 4925 1286 4996 τιμὴν,
1314 4927 1614 5000 ἐπειδήπερ
1643 4931 1853 5001 ποίημα

266 5013 365 5081 μὲν
390 5011 549 5078 εἶναι,
579 5015 639 5066 οὐ
666 5014 771 5086 μὴν
805 5015 880 5077 ὡς
909 5014 968 5068 ἓν
995 5033 1047 5069 τι
1072 5017 1181 5069 τῶν
1216 5021 1538 5090 ποιημάτων
1570 5023 1854 5090 ὁμολογοῦ-

266 5121 350 5155 σιν
382 5105 564 5156 αὐτόν.
614 5104 752 5157 Ἀλλ’
775 5106 926 5160 οὐδὲν
951 5108 1009 5160 ὲν
1036 5107 1212 5180 τούτῳ
1234 5110 1295 5163 τὸ
1317 5110 1593 5181 ἐξαίρετον
1619 5131 1630 5143 -
1658 5115 1855 5168 ἁλλ’-’ἐν

263 5215 312 5251 τι
349 5199 443 5253 καλ⁸
476 5195 647 5261 αὐτὸς
680 5198 788 5250 τῶν
832 5198 1009 5253 ἄλλων
1042 5204 1312 5271 φανεῖται.
1349 5204 1492 5267 Ἕως
1524 5206 1629 5277 γὰρ
1667 5207 1731 5258 ἂν
1767 5209 1853 5260 ἐπ’

264 5291 429 5345 αὑτοῦ
469 5291 532 5343 τὸ
585 5291 916 5360 πεποιῆσθαι
948 5297 1148 5366 κρατῇ,
1199 5295 1291 5348 καὶ
1335 5291 1475 5348 εἶναι
1526 5298 1729 5366 κτίσμα
1766 5317 1855 5352 πι-

269 5383 544 5452 στεύηται,
573 5382 725 5436 οὐδέν
747 5400 798 5436 τι
824 5383 934 5437 τῶν
964 5384 1138 5438 ἄλλων
1167 5385 1309 5439 κατὰ
1336 5385 1494 5439 τοῦτο
1515 5387 1722 5452 διοίσει,
1747 5390 1853 5444 κᾶν

264 5478 556 5551 man
589 5478 729 5532 κατὰ
759 5479 858 5551 τὴν
899 5481 1082 5550 φύσιν,
1113 5481 1144 5550 ἢ
1177 5481 1320 5535 κατά
1358 5500 1478 5534 τινα
1509 5484 1708 5554 τρόπον
1743 5486 1861 5538 ἓτε-

269 5585 379 5640 ρον.
409 5567 568 5621 Οὕτω
597 5570 704 5639 γάρ
752 5570 816 5624 ἄν
848 5587 932 5633 τις
970 5568 1161 5639 ἔχοντα
1197 5570 1383 5639 βλέποι
1412 5571 1480 5624 τὰ
1514 5577 1858 5646 πεποιημένα

268 5661 416 5732 παρὰ
458 5659 600 5714 Θεοῦ
648 5663 954 5735 συγκρίνων
1001 5665 1139 5734 πρὸς
1173 5663 1409 5733 ἄλληλα,
1457 5665 1693 5737 Εὑρήσει
1749 5667 1858 5739 γὰρ

339 5841 384 5874 ⁸⁹
411 5839 571 5897 JOMI.
610 5855 659 5905 ν,
698 5840 784 5894 22.
864 5843 908 5874 ⁵³³
934 5842 1091 5895 Prov.
1130 5857 1241 5906 \‘tll,
1277 5841 1362 5895 29..

1941 1937 2202 1991 dicemus
2232 1948 2247 1987 :
2285 1933 2424 1999 Quia
2448 1933 2620 1988 Filius
2644 1933 2882 1989 hominis
2935 1934 3112 1988 factus
3132 1942 3235 1997 est,
3279 1933 3541 1988 similitu-

1939 2029 2119 2083 dinem
2142 2041 2337 2098 gerens
2355 2041 2548 2082 eorum
2587 2026 2679 2096 qui
2721 2026 2989 2097 quidquid
3020 2025 3244 2089 habent,
3272 2040 3300 2079 a
3323 2025 3432 2080 Deo
3454 2042 3542 2080 ac-

1939 2121 2183 2189 cipiunt,
2219 2120 2388 2173 vitam
2427 2133 2650 2189 quoque
2709 2118 2997 2187 accepisse
3046 2115 3283 2183 dicitur;
3331 2119 3433 2173 soli
3481 2133 3545 2173 ac

1941 2213 2098 2266 nudae
2122 2212 2320 2266 divina:
2339 2218 2551 2266 natura:
2585 2211 2637 2265 id
2663 2224 2972 2276 reservans,
2996 2209 3142 2280 quod
3169 2208 3372 2264 nullius
3417 2225 3544 2278 par-

1943 2303 2269 2372 ticipationis
2293 2317 2463 2373 capax
2500 2304 2592 2370 sit,
2618 2305 2874 2375 quodque
2911 2303 3094 2359 omnia
3149 2303 3404 2359 omnibus
3437 2304 3546 2358 lar-

1941 2395 2118 2463 giatur
2154 2404 2316 2464 atque
2336 2394 2666 2466 suppeditet.

2309 2548 2892 2642 ASSERTIO
2973 2555 3176 2643 XV.

1946 2702 2010 2755 In
2037 2703 2168 2784 iliud
2203 2702 2343 2771 quod
2377 2702 2593 2786 libro
2651 2701 3061 2786 Proverbiorum
3114 2706 3334 2767 dicitur,
3385 2726 3402 2755 i
3444 2706 3544 2786 Do-

2016 2778 2187 2826 minus
2215 2778 2407 2826 creavit
2443 2789 2523 2825 me
2579 2778 2903 2840 principium
2957 2778 3165 2827 viarum
3233 2792 3453 2828 suarum
3492 2778 3548 2830 in

2016 2859 2172 2908 opera
2203 2860 2300 2897 sua
2323 2844 2388 2895 ’°.
2427 2862 2444 2894 ι
2479 2841 2631 2907 Quod
2700 2845 2912 2897 verbum
2958 2845 3091 2896 illud
3115 2887 3128 2909 ,
3178 2849 3406 2908 creavit,
3444 2863 3548 2900 non

2019 2913 2083 2965 de
2107 2915 2328 2966 essentia
2379 2912 2534 2966 Verbi
2585 2915 2831 2979 dicatur;
2869 2917 3110 2984 quodque
3148 2915 3314 2969 Filius
3345 2934 3450 2971 non
3482 2919 3547 2970 sit

2019 2993 2264 3036 creatura
2300 2985 2378 3037 vel
2418 2998 2566 3051 opus.

2018 3099 2402 3167 Quiinsaniam
2432 3098 2550 3153 Arii
2575 3108 2851 3154 sectantur
2888 3113 2952 3152 ac
2985 3108 3230 3165 tuentur,
3269 3101 3549 3156 verisimili

1952 3192 2003 3246 in
2039 3191 2272 3260 speciem
2309 3191 2558 3245 oratione
2585 3190 2924 3259 impietatem
2951 3206 3106 3245 suam
3136 3192 3415 3257 fucantes,
3474 3194 3551 3247 ita

1949 3283 2136 3338 dicnnt
2169 3300 2180 3334 :
2209 3281 2378 3338 Filius
2407 3293 2493 3337 est
2521 3292 2803 3346 creatura,
2865 3285 2960 3338 sed
3014 3300 3118 3340 non
3156 3294 3414 3355 tanquam
3447 3299 3554 3340 una

1950 3385 2372 3440 creaturarum;
2427 3390 2562 3444 opus
2606 3385 2710 3443 est,
2770 3377 2866 3431 sed
2907 3391 3012 3432 non
3058 3376 3227 3430 veluti
3274 3393 3439 3430 unum
3483 3392 3551 3432 ex

1950 3468 2236 3537 operibus;
2264 3482 2489 3538 germen
2525 3477 2635 3534 est,
2697 3469 2791 3524 sed
2817 3483 2926 3524 non
2954 3468 3114 3538 quasi
3136 3484 3304 3522 unum
3334 3483 3400 3523 ex
3428 3483 3552 3539 ger-

1956 3559 2212 3614 minibus.

2177 3669 2354 3727 Varia:
2382 3673 2541 3742 hujus
2567 3683 2891 3743 operationis
2925 3673 3337 3742 confutationes.

2021 3784 2076 3837 Si
2105 3783 2275 3839 Filius
2304 3794 2389 3840 est
2417 3800 2576 3854 opus,
2627 3800 2735 3855 quo
2786 3794 2944 3853 pacto
2991 3800 3100 3841 non
3149 3787 3252 3841 erit
3285 3801 3451 3841 unum
3482 3802 3552 3843 ex

1951 3876 2320 3944 operibus?et
2343 3876 2387 3932 si
2435 3877 2657 3931 omnino
2680 3885 2931 3930 creatura
2964 3884 3067 3944 est,
3126 3877 3398 3946 quomodo
3447 3891 3553 3932 non

1953 3969 2057 4022 erit
2087 3983 2193 4021 una
2228 3982 2295 4023 ex
2331 3968 2647 4022 creaturis?
2696 3965 2795 4022 Est
2841 3970 2988 4024 enim
3037 3969 3139 4025 hoc
3191 3970 3556 4026 vehementer

1957 4060 2239 4113 ridiculum
2267 4060 2528 4130 cogitatu.
2567 4056 2702 4112 Nam
2735 4059 2781 4114 si
2812 4060 2863 4113 iii
2910 4059 3224 4116 universum
3285 4062 3556 4116 creaturis

1953 4153 2326 4221 anioperibus
2358 4168 2461 4206 non
2505 4161 2923 4216 annumeretur,
2956 4164 3105 4208 certe
3168 4170 3347 4223 neque
3402 4169 3555 4210 crea-

1956 4253 2096 4306 tura,
2134 4259 2308 4313 neque
2340 4259 2478 4313 opus
2508 4244 2693 4298 fuerit.
2724 4243 2782 4298 Si
2816 4260 2944 4299 vero
2973 4245 3129 4315 juxta
3173 4255 3408 4300 vestram
3440 4249 3558 4315 opi-

1957 4337 2172 4390 nionem
2208 4345 2430 4391 creatus
2469 4343 2525 4390 et
2573 4335 2753 4391 factus
2803 4346 2909 4402 eSt,
2939 4336 3214 4405 quomodo
3246 4352 3351 4391 non
3395 4337 3560 4393 fuerit

1956 4431 2265 4485 necessario
2296 4440 2552 4500 tanquam
2586 4438 2752 4484 unum
2777 4431 2982 4501 aliquid
3017 4446 3082 4486 ex
3109 4447 3334 4488 numero
3367 4447 3556 4488 eorum

1962 4537 2077 4590 quae
2104 4521 2244 4577 faeta
2271 4530 2326 4576 et
2351 4529 2536 4577 creata
2574 4520 2741 4576 sunt?
3101 4514 3104 4516 ⁷

2629 4632 2859 4688 ALIUD.

2031 4745 2224 4800 Filium
2259 4761 2396 4816 Opus
2418 4762 2540 4802 esse
2574 4748 2748 4812 aiunt,
2779 4747 2880 4801 sed
2911 4762 3018 4803 non
3070 4758 3330 4819 tanquam
3389 4766 3554 4806 unum

1961 4853 2022 4890 ex
2058 4840 2335 4907 Operibus.
2370 4837 2439 4892 Et
2476 4840 2696 4909 quidem
2725 4840 3046 4895 existimant
3097 4855 3155 4896 se
3192 4842 3294 4896 hac
3347 4844 3560 4899 ratione

1963 4932 2222 4985 eximium
2272 4932 2564 5002 quemdam
2651 4934 2916 4989 honorem
2989 4933 3064 4987 illi
3113 4932 3349 4999 deferre,
3416 4937 3560 5005 quod

1966 5033 2273 5078 creaturam
2300 5025 2520 5094 quidem
2546 5023 2697 5079 illum
2717 5038 2839 5079 esse
2870 5024 3071 5088 dicant,
3102 5040 3208 5080 non
3242 5036 3422 5082 tamen
3444 5029 3555 5084 vel-

1967 5115 2042 5167 nii
2101 5130 2264 5169 unam
2303 5130 2334 5169 e
2387 5131 2616 5171 numero
2640 5127 3038 5172 creaturarum.
3097 5117 3370 5174 Caeterum
3426 5121 3562 5177 nihil

1967 5210 2018 5260 in
2047 5209 2146 5263 hoc
2173 5218 2259 5264 est
2287 5210 2586 5276 eximium;
2625 5209 2783 5282 147
2820 5211 2913 5265 sed
2949 5226 3116 5265 unum
3159 5212 3365 5281 aliquid
3420 5214 3562 5270 inter

1965 5302 2068 5353 alia
2092 5312 2275 5356 creata
2299 5303 2601 5372 apparebit.
2637 5302 2891 5369 Quandiu
2919 5305 3064 5358 enim
3093 5307 3157 5358 de
3194 5319 3259 5359 eo
3316 5306 3422 5361 ilici
3459 5321 3558 5376 po-

1961 5395 2086 5447 terit
2108 5393 2309 5449 factum
2337 5412 2478 5459 esse,
2511 5406 2564 5450 et
2595 5406 2847 5450 creatura
2884 5411 3008 5452 esse
3069 5399 3323 5452 creiletnr
3355 5412 3368 5450 :
3425 5399 3560 5453 nihil

1962 5486 2029 5536 ab
2061 5485 2124 5538 iis
2158 5486 2258 5541 hac
2290 5489 2339 5540 in
2372 5497 2523 5556 parte
2555 5489 2792 5552 ililierel,
2815 5490 3034 5544 tametsi
3092 5490 3306 5544 ratione
3331 5501 3558 5554 naturae,

1964 5587 2053 5630 aut
2085 5578 2190 5632 alio
2225 5579 2404 5649 aliquo
2432 5581 2593 5634 modo
2630 5581 2700 5634 sit
2736 5581 3103 5649 praestantior.
3131 5582 3203 5635 lia
3230 5581 3375 5635 enim
3413 5581 3563 5635 vide-

1969 5686 2024 5725 re
2054 5681 2131 5726 est
2163 5673 2364 5729 habere
2406 5687 2462 5728 se
2489 5690 2605 5742 ιμιιο
2635 5690 2662 5728 a
2699 5673 2806 5731 Duo
2835 5683 3017 5729 creata
3059 5681 3207 5742 sunt,
3246 5673 3292 5729 si
3335 5673 3458 5744 quis
3493 5687 3555 5728 ea
