3994 6324
427 420 530 478 257

1412 424 1469 479 S.
1512 425 1781 482 CYRlLl-l
1822 424 2287 479 ALEXANDRINR
2331 424 2647 481 ARCIIIEP.

3558 434 3667 491 263

432 546 579 601 inter
629 558 687 600 se
737 540 1001 598 conferat.
1046 537 1287 595 Inveniet
1345 537 1487 592 enim
1547 538 1634 593 illa
1676 538 1990 592 excellentia

2105 540 2235 591 αὐτὰ
2263 542 2355 593 καὶ
2376 542 2497 608 ταῖς
2526 541 2818 611 ὑπεροχαῖς
2838 541 3071 594 νικῶντα
3103 540 3359 605 πολλάκις
3387 544 3456 596 τά
3478 544 3665 616 ἕτερα,

431 632 663 704 quadam
679 624 1050 701 saepenumero
1075 627 1196 683 aliis
1212 635 1491 697 praestare,
1524 638 1607 681 et.
1634 629 1840 683 naturis
1890 628 1990 683 dif-

432 724 579 778 ferre
602 762 619 787 ,
647 723 719 776 ita
746 730 807 777 ut
858 720 1125 791 quispiam
1152 721 1333 775 dicere
1357 720 1530 789 possit
1553 720 1617 774 de
1635 720 1864 790 singulis
1888 735 1993 797 eos

433 830 551 869 rum
584 828 598 868 :
627 814 890 869 Creatura
916 822 1022 879 est,
1056 812 1149 867 sed
1194 827 1297 866 non
1329 820 1581 878 tanquam
1607 826 1709 865 una
1744 826 1807 866 ex
1840 826 1991 866 crea-

435 912 590 960 turis.
622 902 866 973 Exempli
898 903 1091 972 gratia,
1115 900 1196 957 sol
1220 914 1355 970 opus
1379 909 1594 966 est,non
1619 910 1796 955 tamen
1827 917 1990 956 unum

430 1009 499 1051 ex
530 993 781 1064 operibus
815 1010 831 1046 ε
859 1006 1034 1061 neque
1055 992 1198 1047 enim
1226 1000 1310 1048 est
1344 992 1483 1047 alius
1528 993 1629 1047 sol.
1686 990 1858 1047 Simili
1908 1006 1994 1046 ra-

431 1088 579 1143 tione
609 1086 770 1141 etiam
802 1084 1183 1151 iuua,cceium,
1218 1084 1407 1147 stellae,
1438 1093 1615 1138 terra:
1647 1084 1825 1137 omnia
1849 1082 1991 1136 enim

433 1178 549 1249 haec
575 1191 740 1246 opera
767 1186 915 1243 sunt,
970 1184 1026 1231 et
1078 1176 1287 1248 singula
1321 1190 1530 1241 eorum,
1556 1190 1661 1230 non
1703 1184 1761 1229 ιιι
1826 1189 1992 1229 unum

429 1283 496 1324 ex
512 1269 786 1337 operibus.
800 1266 1075 1323 Creaturre
1096 1268 1238 1322 enim
1257 1268 1359 1323 hoc
1389 1267 1561 1325 solum
1583 1278 1869 1323 commune
1898 1266 1994 1321 ba-

430 1358 579 1425 bent,
616 1359 759 1429 quod
806 1359 965 1414 facta!
991 1361 1119 1415 sint.
1153 1360 1401 1416 Formam
1433 1376 1597 1423 vero,
1626 1362 1884 1430 speciem,
1913 1372 1995 1415 at-

432 1464 538 1518 que
573 1461 820 1505 naturam
854 1450 1077 1521 singulae
1106 1452 1433 1521 peculiarem
1472 1462 1641 1507 nactae
1679 1459 1822 1506 sunt.
1848 1449 1995 1519 Nihil

428 1540 596 1610 igitur
631 1540 864 1610 amplius
905 1551 987 1597 est
1025 1542 1078 1595 in
1116 1540 1275 1609 Filio,
1300 1542 1344 1598 si
1379 1542 1556 1597 factus
1586 1554 1708 1596 esse
1746 1540 1991 1609 dicatur;

430 1632 647 1689 etiamsi
682 1634 827 1690 aliud
861 1634 1062 1705 aliquid
1086 1649 1340 1705 magnum
1369 1642 1532 1706 atque
1584 1636 1841 1689 eximium
1887 1648 1995 1704 pra:

432 1727 659 1797 reliquis
685 1726 949 1783 creaturis
977 1728 1206 1785 exsistat
1233 1744 1247 1781 :
1281 1741 1457 1797 neque
1490 1726 1633 1781 enim
1662 1725 1742 1781 sol
1770 1726 1838 1781 ob
1859 1740 1997 1795 prc-

428 1816 684 1871 stantiam
713 1824 864 1875 suam
892 1829 1001 1885 qua
1034 1816 1242 1885 reliqua
1267 1826 1416 1871 astra
1436 1816 1592 1886 longe
1615 1824 1995 1885 superat,opus

427 1922 547 1964 esse
571 1908 798 1965 desinet.
839 1909 1037 1965 Eadem
1102 1923 1232 1964 vero
1267 1910 1404 1965 ratio
1440 1918 1545 1974 est,
1603 1909 1766 1964 etiam
1802 1921 1989 1963 earum
2026 1887 2067 1942 Β

428 2015 548 2069 qua:
579 2000 631 2055 in
666 2002 805 2057 coelo
858 2010 983 2057 sunt
1040 2002 1385 2057 rationalium
1420 2009 1769 2070 potestatum,
1792 1999 1991 2070 quibus

428 2095 642 2163 quidem
673 2096 925 2152 omnibus
976 2110 1266 2151 commune
1308 2102 1391 2151 est
1420 2094 1590 2150 factas
1642 2108 1783 2150 esse.
1836 2092 1997 2149 Ratio

432 2196 613 2246 autem
638 2202 745 2257 qua
784 2188 915 2258 quid
937 2204 1165 2259 quaeque
1195 2202 1381 2243 earum
1417 2188 1511 2253 sit,
1544 2186 1754 2243 diversa
1786 2195 1890 2244 est.

1092 2296 1319 2354 ALIUD.

496 2411 553 2467 Si
582 2410 770 2479 Filius,
797 2412 950 2482 juxta
976 2423 1210 2468 vestram
1259 2413 1590 2482 opinionem,
1610 2418 1697 2466 est
1722 2417 1992 2473 creatura,

430 2512 612 2573 atque.
656 2504 707 2558 id
732 2520 851 2559 cum
881 2505 972 2567 sit,
1016 2513 1340 2575 potestatem
1395 2503 1557 2559 liabet
1590 2501 1833 2565 creandi,
1868 2500 1997 2569 quia

429 2612 534 2653 non
565 2606 650 2651 est
683 2607 742 2650 ut
776 2610 879 2651 una
902 2596 1227 2665 reliquarum
1288 2605 1659 2651 creaturarum
1695 2609 1710 2645 :
1738 2606 1834 2647 cur
1892 2606 1996 2647 ca-

432 2697 563 2741 terae
590 2701 802 2756 quoque
835 2696 1098 2741 creaturae
1133 2686 1352 2741 creandi
1382 2684 1693 2739 facultatem
1748 2698 1855 2737 non
1889 2683 1993 2737 ha-

430 2779 612 2841 beant,
644 2778 774 2847 quia
809 2778 954 2832 varia
973 2785 1055 2833 est
1081 2791 1143 2831 ac
1173 2768 1387 2831 diversa
1441 2778 1494 2831 in
1555 2775 1635 2831 eis
1686 2784 1900 2840 natura,
1942 2780 1997 2827 et

431 2883 767 2939 unaquaeque
788 2884 972 2923 earum
1007 2876 1254 2923 creatura
1279 2877 1383 2936 est,
1450 2882 1555 2922 non
1608 2876 1786 2920 tamen
1828 2862 1994 2918 veluti

430 2975 598 3019 unum
644 2960 845 3029 aliquid
872 2959 1239 3028 reliquorum?
1275 2958 1450 3015 Unum
1485 2958 1628 3013 enim
1663 2964 1751 3011 est
1771 2954 1995 3020 malum,

434 3064 689 3113 unussc-,
728 3065 836 3101 una
867 3050 1222 3111 luna,natura
1247 3049 1524 3103 stellarum
1574 3062 1701 3113 una,
1749 3055 1803 3101 et
1853 3053 1999 3099 terra

432 3152 561 3202 una,
586 3154 726 3193 unus
755 3138 917 3193 homo
956 3149 1218 3210 quantum
1254 3140 1321 3193 ad
1369 3139 1724 3194 substantiam
1753 3138 1947 3191 attinet
1982 3150 1993 3185 ε

429 3239 602 3300 atque
633 3231 718 3286 his
746 3232 963 3301 quidem
995 3231 1130 3285 nihil
1196 3233 1339 3286 inter
1372 3246 1432 3287 se
1516 3231 1725 3285 ratione
1794 3239 2002 3284 natura:

431 3335 721 3377 commune
742 3328 846 3386 est,
882 3323 1092 3376 tametsi
1124 3324 1374 3378 omnibus
1436 3323 1486 3377 id
1556 3337 1841 3377 commune
1910 3321 1999 3386 sit,

433 3410 578 3480 quod
603 3408 748 3466 facta
783 3412 912 3467 sint.
942 3412 1085 3467 Nihil
1115 3423 1293 3468 tamen
1323 3415 1586 3469 creatoris
1635 3414 1689 3467 in
1736 3413 2003 3467 creaturis

434 3502 694 3567 cernitur,
723 3502 818 3556 sed
846 3503 1023 3572 potius
1041 3511 1342 3558 creatorem
1374 3503 1609 3559 Verbum
1642 3504 1733 3557 Dei
1753 3504 1999 3567 adorant,

432 3602 488 3647 et
518 3590 740 3647 factoris
763 3594 987 3661 gloriam
1015 3593 1300 3648 extollunt.
1348 3610 1366 3645 ι
1397 3592 1533 3649 Coeli
1565 3595 1708 3649 enim
1740 3603 1999 3649 enarrant

433 3684 657 3753 gloriam
678 3683 794 3745 Dei.
811 3695 866 3740 et
888 3685 1285 3740 firmamentum
1303 3685 1549 3739 enuntiat
1560 3698 1726 3753 opera
1744 3698 2001 3737 manuum

433 3775 551 3841 ejus
572 3777 641 3831 ⁸³.
685 3795 705 3827 ι
747 3775 814 3829 Ει
861 3775 1311 3845 quemadmodum
1355 3774 1559 3830 Esdras
1594 3775 1713 3829 ait:
1760 3791 1779 3826 ι
1812 3772 2001 3828 Omnis

431 3878 578 3921 terra
612 3867 893 3922 veritatem
923 3875 1100 3930 v'ocat,
1124 3876 1178 3921 et
1206 3868 1401 3922 cmlum
1432 3866 1606 3935 ipsum
1665 3865 1877 3928 adorat,
1949 3874 2005 3918 et

434 3974 621 4015 omnes
642 3967 907 4012 creatura:
940 3959 1111 4025 ipsam
1145 3957 1463 4028 tremiscunt
1486 3954 1549 4009 “.
1590 3975 1608 4006 ι
1636 3953 1805 4009 Filius
1824 3966 2003 4008 autem

435 4052 503 4105 de
544 4052 720 4119 scipso
755 4052 830 4104 ait
862 4067 875 4101 :
922 4068 941 4101 ‹
979 4047 1090 4119 Ego
1120 4063 1241 4103 sum
1289 4048 1492 4103 veritas
1521 4048 1589 4101 “.
1627 4067 1645 4098 ι
1692 4045 1808 4102 Non
1875 4062 2003 4116 ergo

437 4156 571 4209 opus
591 4150 693 4208 est,
732 4154 909 4210 neque
927 4150 1177 4194 creatura
1226 4136 1295 4192 ob
1337 4137 1389 4192 id
1438 4134 1657 4193 creandi
1696 4135 2001 4191 facultatem

436 4235 667 4301 habens,
694 4234 823 4302 quia
844 4232 1139 4288 non.veluti
1172 4246 1279 4287 una
1324 4238 1699 4286 creaturarum
1730 4238 1811 4284 est
1838 4245 1853 4282 :
1908 4229 2003 4282 sed

436 4327 560 4395 quia
598 4340 721 4380 cum
755 4325 827 4379 sit
853 4320 1135 4394 pr0prium‘
1163 4324 1385 4393 germen
1420 4322 1669 4378 essentia:
1692 4321 1893 4387 Patris,
1917 4328 2001 4375 to—

2095 632 2189 684 καὶ
2215 635 2333 696 ταῖς
2361 632 2586 701 φύσεσιν
2617 632 3015 704 ἐξηλλαγμένα,
3048 633 3122 697 ὡς
3149 633 3405 689 δύνασθαί
3438 652 3558 688 τινα
3579 634 3670 689 λέ-

2093 738 2212 785 γειν
2247 723 2332 792 ἐφ’
2367 723 2599 777 ἑκάστου
2620 740 2678 777 τε
2709 724 2952 788 ἐκείνων,
2984 724 3194 795 ποίημά
3225 727 3392 790 ἐστιν,
3425 726 3539 780 ἀλλ’
3564 726 3667 796 οὐχ

2092 808 2167 873 ὡς
2198 809 2257 863 tv
2288 810 2393 863 τῶν
2438 812 2775 881 ποιημάτων.
2817 814 2874 867 '0
2905 813 3053 884 ἥλιος
3088 814 3247 885 τυχὸν
3285 816 3491 889 ποίημα
3536 803 3665 886 μὶν,

2092 899 2189 968 οὐχ
2220 898 2295 962 ὼς
2339 898 2397 951 tv
2430 900 2488 952 δὲ
2523 900 2632 953 τῶν
2666 902 3015 972 ποιημάτων·
3066 904 3126 957 οὐ
3162 906 3269 976 γὰρ
3304 906 3447 959 ἐστιν
3479 906 3666 976 ἔτερος

2091 991 2259 1061 ἥλιος.
2304 992 2367 1046 ἸΙ
2415 992 2608 1064 σελήνη
2652 994 2871 1064 ὁμοίως,
2904 997 2932 1048 6
2973 996 3219 1067 οὐρανὸς,
3254 1000 3303 1051 oi
3348 998 3594 1068 ἀστέρες,
3625 998 3667 1069 ἠ

2094 1082 2185 1150 γῆ·
2209 1080 2385 1135 πάντα
2416 1082 2526 1153 γὰρ
2547 1082 2719 1137 ταῦτα
2745 1085 3043 1154 ποιήματα,
3075 1086 3167 1138 καὶ
3198 1085 3425 1139 ἕκαστον
3459 1087 3665 1152 αὐτῶν,

2093 1173 2190 1242 οὐχ
2219 1173 2292 1236 ὼς
2323 1172 2382 1227 ἓν
2424 1173 2533 1227 τῶν
2560 1175 2899 1244 ποιημάτων.
2928 1173 3104 1229 Μόνον
3152 1177 3263 1249 γὰρ
3299 1178 3360 1231 τὸ
3411 1177 3669 1245 γενέσθαι

2095 1264 2271 1318 κοινὸν
2292 1264 2404 1343 έχει
2428 1266 2497 1320 τά
2525 1265 2822 1336 κτίσματα·
2853 1266 2914 1320 τὸ
2936 1266 2993 1320 δι
3026 1268 3209 1339 σχῆμα
3230 1269 3325 1322 καὶ
3348 1269 3445 1339 τὴν
3481 1269 3662 1337 φύσιν,

2095 1354 2321 1409 ἕκαστον
2353 1356 2676 1422 ἰδιάζουσαν.
2710 1356 2874 1413 Οὐδὲν
2906 1354 2998 1413 οῦν
3034 1358 3092 1412 τδ
3116 1360 3280 1413 πλέον
3318 1364 3375 1415 tv
3416 1360 3526 1431 Υίῷ
3566 1376 3669 1414 πε-

2098 1446 2355 1519 ποιῆσθαι
2381 1448 2677 1522 λεγομένῳ,
2711 1450 2812 1505 κᾶν
2840 1451 3025 1521 έτερόν
3056 1468 3110 1504 τι
3151 1452 3292 1522 μέγα
3330 1453 3423 1505 καὶ
3454 1450 3666 1521 ἐξαίρε-

2096 1556 2187 1593 τον
2216 1540 2435 1614 ὑπάρχῃ
2463 1542 2613 1611 παρὰ
2636 1542 2703 1596 τά
2734 1542 2868 1602 ἄλλα
2901 1544 3195 1615 ποιήματα.
3223 1544 3288 1597 Τί
3318 1543 3428 1615 γάρ
3456 1543 3671 1612 ὠφελή-

2100 1649 2181 1685 σει
2216 1632 2306 1686 τὸν
2337 1624 2489 1704 ῆλῖον
2529 1636 2611 1698 είς
2640 1634 2702 1688 τὸ
2733 1636 2807 1708 μὴ
2835 1630 2976 1690 είναι
3024 1637 3257 1708 ποίημα,
3292 1635 3355 1690 τὸ
3399 1635 3531 1689 πολὺ
3556 1634 3675 1688 τῶν

2098 1722 2342 1793 ἀστέρων
2373 1724 2701 1796 ὑπερέχειν;
2742 1727 2799 1781 Ὀ
2823 1727 2880 1781 δὲ
2903 1728 3065 1792 αὐτὸς
3101 1721 3256 1792 οὗτος
3290 1728 3548 1800 κρατήσει
3578 1724 3669 1779 λό-

2098 1831 2196 1883 γος
2230 1816 2324 1870 καὶ
2368 1818 2461 1870 ἐπὶ
2502 1817 2608 1872 τῶν
2642 1820 2699 1872 tv
2727 1818 2939 1891 οὐρανῷ
2986 1818 3217 1889 λογικῶν
3236 1820 3547 1891 δυνάμεων,
3578 1813 3670 1884 αἷς

2096 1905 2258 1960 πάλιν
2284 1906 2345 1960 τὸ
2385 1908 2483 1977 μὲν
2515 1909 2845 1978 πεποιῆσθαι
2874 1909 3053 1964 κοινόν
3092 1911 3258 1965 ἑστιν.
3304 1910 3366 1965 '0
3397 1912 3453 1965 δὲ
3494 1909 3589 1964 τοῦ
3614 1908 3669 1965 τί

2096 1998 2328 2052 ῑκαστον
2360 1998 2445 2069 εἴη
2476 1998 2650 2068 λόγος,
2684 2000 3102 2072 ὲξηλλαγμένος.

2770 2285 2974 2338 ΑΛΛΟ.

2165 2401 2230 2454 El
2262 2399 2473 2470 ποιημά
2501 2399 2635 2461 ἐστι,
2684 2395 2803 2449 καθ’
2845 2394 3008 2467 ὑμᾶς,
3042 2399 3070 2451 6
3097 2398 3244 2461 Υἱὸς,
3282 2399 3374 2451 καὶ⁵
3410 2397 3567 2451 τοῦτο
3596 2396 3673 2450 ὢν

2095 2494 2213 2565 ἔχει
2245 2492 2307 2546 τὸ
2338 2490 2597 2545 δύνασθαι
2625 2490 2850 2555 κτίζειν,
2876 2490 2964 2543 διά
3009 2490 3069 2542 τὸ
3103 2489 3181 2561 μὴ
3219 2491 3293 2553 ὡς
3320 2490 3377 2542 ἓν
3407 2484 3674 2561 ὑπάρχείν

2097 2586 2205 2641 τῶν
2238 2585 2413 2639 ἄλλων
2458 2584 2797 2655 ποιημάτων,
2823 2582 2963 2635 ἔστω
2999 2581 3261 2651 ποιητικά
3301 2584 3393 2635 καὶ
3426 2583 3493 2636 τὰ
3513 2582 3677 2652 ἔτερα

2103 2679 2397 2749 κτίσματα,
2424 2676 2511 2730 διὰ
2541 2676 2601 2729 τὸ
2625 2675 2875 2746 ποικίλην
2898 2676 2958 2730 ὲν
2984 2670 3329 2738 αὑτοῖςέῐναι
3360 2674 3459 2745 τὴν
3490 2674 3672 2742 φύσιν

2104 2770 2197 2824 καὶ
2233 2771 2459 2823 ἕκαστον
2499 2766 2680 2822 αὐτῶν
2712 2763 2849 2821 εἶναι
2884 2766 3092 2837 ποίημα
3131 2766 3255 2838 μὲν,
3281 2766 3379 2837 οὐχ
3410 2765 3484 2829 ὡς
3530 2765 3587 2820 ἒν
3616 2764 3676 2817 δὲ

2102 2861 2212 2915 τῶν
2245 2860 2439 2915 ἄλλων.
2476 2854 2571 2923 Εἷς
2606 2858 2713 2930 γὰρ
2741 2861 2769 2911 6
2817 2858 3063 2929 οὐρανὸς,
3107 2857 3257 2927 ἥλιος
3290 2851 3393 2921 εἷς,
3442 2860 3541 2929 μία
3584 2871 3676 2909 σε-

2104 2955 2263 3024 λήνη,
2303 2954 2464 3021 φύσις
2492 2952 2734 3023 ἀστέρων
2771 2953 2889 3021 μία,
2927 2951 3024 3021 μία
3052 2968 3112 3004 τε
3145 2952 3237 3021 γῆ,
3270 2946 3349 3014 εἷς
3392 2950 3679 3021 ἄνθρωπος

2106 3047 2228 3100 ὅσον
2265 3048 2343 3108 είς
2374 3045 2591 3098 οὐσίαν⁸
2627 3043 2949 3097 καὶτούτων
2988 3042 3137 3096 οὐδὲν
3178 3042 3426 3113 ἀλλήλοις
3471 3046 3679 3096 ὲπικοι-

2103 3139 2263 3193 νωνεῖ
2294 3135 2435 3191 κατὰ
2451 3136 2543 3189 τὸν
2571 3136 2672 3205 τῆς
2697 3135 2910 3205 φύσεως
2937 3134 3115 3202 λόγον,
3139 3136 3187 3187 εἰ
3216 3136 3311 3187 καὶ
3334 3136 3468 3187 πᾶσι
3501 3135 3563 3187 τὸ
3589 3151 3679 3187 πε-

2100 3227 2357 3299 ποιῆσθαι
2382 3227 2580 3281 κοινόν.
2630 3225 2767 3279 ’Δλλ’
2791 3224 2946 3279 οὐδὲν
2966 3226 3025 3278 tv
3055 3227 3170 3287 τοῖς
3194 3224 3457 3296 κτίσμασι
3491 3225 3679 3294 φαίνε-

2098 3336 2189 3373 ται
2218 3315 2572 3387 δημιουργοῦ,
2601 3314 2737 3369 ἀλλὰ
2764 3314 2963 3385 μᾶλλον
2987 3318 3286 3385 προσκυνεῖ
3314 3315 3403 3368 τὸν
3423 3314 3680 3386 δημιουρ-

2101 3412 2196 3480 γὸν
2222 3410 2315 3463 τοῦ
2337 3408 2473 3462 Θεοῦ
2507 3408 2699 3476 Λόγον,
2730 3408 2824 3467 καὶ
2849 3405 2944 3460 τοῦ
2970 3404 3197 3477 ποιητοῦ
3232 3406 3327 3477 τὴν
3356 3396 3509 3471 δόξαν
3540 3407 3678 3460 άνα-

2103 3501 2222 3573 6οᾷ·
2258 3520 2276 3551 ι
2310 3502 2372 3553 Οἱ
2400 3498 2620 3568 οὐρανοὶ⁵
2640 3498 2949 3569 διηγοῦνται
2978 3497 3133 3562 δόξαν
3152 3496 3309 3561 Θεοῦ,
3341 3498 3434 3551 καὶ
3460 3498 3679 3568 ποίησιν

2102 3592 2297 3663 χειρῶν
2329 3590 2491 3644 αὑτοῦ
2518 3590 2912 3660 άναγγέλλειτὸ
2930 3590 3269 3660 στερέωμα.)
3293 3590 3401 3643 Καὶ
3430 3589 3682 3660 καθάπερ

2102 3686 2401 3757 ὀ,Ἔσδρας
2444 3685 2608 3761 φῃσί·
2650 3703 2670 3763 ι
2706 3684 2863 3736 Πᾶσα
2900 3684 2932 3753 ἡ
2967 3685 3037 3753 γῆ
3086 3684 3185 3753 τὴν
3214 3681 3468 3753 ἀλήθειαν
3504 3680 3679 3743 καλεῖ,

2104 3778 2197 3831 καὶ
2221 3778 2249 3829 6
2276 3776 2501 3848 οὐρανὸς
2540 3776 2710 3845 αὐτὴν
2747 3774 3061 3845 προσκυνεῖ,
3102 3774 3195 3827 καὶ
3223 3773 3401 3826 πάντα
3430 3772 3496 3825 τὰ
3542 3772 3685 3843 ἔργα

2104 3871 2273 3940 αὐτὴν
2309 3855 2511 3921 σείεται
2549 3868 2642 3921 καὶ
2684 3868 2894 3937 τρέμει.
2935 3883 2954 3916 ι
2999 3866 3059 3920 ’0
3082 3866 3139 3919 δὲ
3159 3865 3287 3929 Υἱὸς
3318 3864 3447 3935 περί
3486 3864 3685 3917 ἑαυτοῦ

2106 3978 2301 4033 φησιν·
2338 3980 2355 4013 ι
2410 3961 2550 4029 Ἐγώ
2579 3962 2693 4030 είμι
2734 3961 2767 4029 ή
2808 3958 3058 4028 ἀλήθεια.
3108 3977 3126 4011 ι
3163 3959 3276 4011 Οὐκ
3313 3960 3420 4029 άρα
3470 3958 3685 4028 ποίημά

2105 4055 2276 4118 ἐστιν,
2300 4052 2419 4106 οὐδὲ
2470 4051 2673 4121 κτίσμα
2702 4050 2791 4104 διὰ
2816 4050 2973 4104 τοῦτο
3010 4049 3216 4114 κτίζειν
3253 4049 3565 4119 δυνάμενος,
3600 4049 3684 4101 ὅτι

2106 4147 2184 4217 μὴ
2214 4146 2289 4209 ὼς
2321 4146 2378 4198 tv
2407 4146 2523 4197 ἐστι
2553 4143 2659 4197 τῶν
2693 4144 3031 4212 ποιημάτων,
3059 4139 3173 4195 ἀλλ’
3198 4142 3279 4195 ὅτι
3316 4140 3417 4210 τῆς
3446 4139 3535 4193 τοῦ
3566 4141 3682 4193 Πα-

2104 4239 2231 4309 τρὸς
2260 4238 2446 4302 οὐσίας
2472 4238 2601 4291 ίδιον
2625 4237 2881 4307 ὑπάρχων
2901 4236 3165 4306 γέννημα,
3196 4234 3315 4289 ὅλον
3342 4251 3401 4287 τε
3426 4236 3485 4287 tv
3506 4232 3687 4304 ἑαυτῷ

2106 4331 2367 4386 δεικνύων
2408 4330 2587 4395 αὑτὸν,
2620 4329 2733 4400 ἔχει
2775 4330 2870 4383 καὶ
2913 4328 2975 4383 τὸ
3007 4326 3263 4383 δύνασθαι
3314 4326 3518 4394 κτίζειν
3554 4326 3630 4390 ὠς
3655 4327 3686 4379 6

440 4428 550 4475 tum
578 4416 726 4471 illum
746 4416 799 4470 in
828 4416 1006 4484 seipso
1033 4414 1348 4486 ostendens,
1373 4413 1535 4469 habet
1549 4428 1762 4483 quoque
1783 4410 2001 4467 creandi
2032 4434 2083 4495 Β
2107 4422 2316 4495 Πατήρ,

439 4508 762 4581 potestatem
790 4514 849 4560 ut
871 4504 1052 4568 Pater.

1022 4618 1184 4691 ms
1209 4616 1442 4675 usus.

510 4736 565 4791 Si
594 4734 762 4789 Filius
787 4744 866 4791 est
895 4743 1168 4799 creatura,
1187 4742 1244 4788 et
1265 4733 1523 4788 aduratur
1552 4745 1583 4784 a
1611 4730 1835 4800 reliquis
1851 4742 2006 4784 crea-

440 4830 597 4896 turis,
627 4828 750 4898 quia
780 4828 1052 4882 diversum
1076 4827 1203 4896 quid
1238 4825 1307 4880 ab
1340 4825 1409 4880 iis
1440 4822 1677 4886 exsistit,
1715 4835 1891 4892 neque
1923 4828 2008 4875 est

440 4920 591 4977 velut
620 4934 727 4977 una
758 4928 1154 4981 creaturarum,
1191 4918 1476 4987 Oportebat
1509 4914 1675 4970 etiam
1702 4912 1823 4967 illas
1887 4926 1917 4966 a
1944 4926 2007 4967 se

442 5013 672 5067 invicem
704 5012 942 5075 adnrari,
975 5010 1105 5079 quia
1130 5010 1343 5064 diversa
1371 5008 1515 5063 inter
1544 5022 1605 5063 se
1650 5015 1847 5062 natura
1864 5021 2001 5076 prte-

443 5103 569 5157 ditze
597 5108 741 5155 sunt.
774 5099 969 5171 Magna
988 5101 1134 5154 enim
1164 5108 1248 5154 est
1276 5099 1330 5153 in
1372 5098 1633 5154 creaturis
1665 5096 2003 5152 diﬂ‘erentia:

442 5200 498 5253 et
532 5206 864 5258 unaquaeque
904 5189 1226 5260 peculiarem
1261 5202 1415 5244 suam
1446 5196 1691 5242 naturam
1737 5187 1852 5241 sive
1875 5202 2008 5255 qua-

443 5281 649 5335 litatem
680 5280 1042 5350 habet,neqne
1074 5280 1125 5334 id
1164 5281 1340 5348 ipsum
1371 5287 1456 5333 est
1477 5278 2007 5347 omninoquodalia.

444 5372 599 5426 Nulla
630 5381 805 5427 tamen
840 5388 906 5426 ex
973 5372 1040 5425 iis
1080 5372 1354 5436 aduratur,
1408 5370 1536 5441 quin
1589 5369 1765 5437 potius
1818 5384 2008 5423 omnes

446 5474 744 5519 creatorem
777 5462 1007 5518 Verbum
1039 5462 1130 5517 Dei
1168 5464 1413 5517 adorant.
1446 5460 1563 5517 Non
1592 5461 1758 5531 igitur
1787 5477 1922 5515 unus
1939 5476 2007 5517 ex

447 5554 711 5608 creaturis
742 5564 824 5609 est
852 5552 1043 5617 Filius,
1092 5568 1266 5623 neque
1301 5562 1571 5617 creatura,
1605 5560 1664 5606 ut
1700 5567 1793 5607 vos
1813 5552 2005 5619 opina-

450 5644 597 5700 mini.
634 5645 749 5712 Quo
777 5658 933 5715 pacto
959 5652 1099 5700 enim
1139 5646 1183 5699 is
1216 5646 1302 5715 qui
1348 5645 1627 5709 adoratur,
1676 5644 1735 5703 in
1785 5658 2010 5699 numero

519 5823 560 5855 "
590 5822 732 5877 l's‘al.
769 5838 919 5883 xvttl,
952 5822 1005 5876 2.
1046 5824 1091 5853 ⁸⁸
1116 5821 1179 5874 Ill
1207 5822 1358 5875 lisdt'.
1389 5836 1461 5886 tv,
1493 5820 1581 5875 56.

2810 4625 3017 4679 ΔΛΛΟ.

2188 4739 2249 4791 Ei
2275 4737 2480 4808 κτίσμα
2515 4738 2663 4790 ἐστὶν
2683 4739 2711 4791 6
2738 4737 2885 4805 Υἱὸς,
2917 4740 3301 4808 προσκυνεῖται
3330 4737 3386 4791 δὲ
3407 4737 3556 4809 παρὰ
3576 4739 3686 4792 τῶν

2115 4824 2290 4880 ἄλλων
2337 4825 2671 4896 κτισμάτων,
2716 4826 2805 4879 διὰ
2842 4827 3107 4897 τδέτερόν
3151 4845 3202 4882 τι
3238 4828 3503 4902 ὑπάρχειν
3551 4833 3685 4899 παρ’

2110 4914 2271 4981 αὐτὰ,
2318 4915 2412 4967 καὶ
2450 4912 2586 4968 εἶναι
2633 4913 2707 4985 μὴ
2738 4914 2812 4979 ὼς
2851 4915 2909 4969 ἒν
2933 4914 3041 4969 τῶν
3074 4917 3409 4987 κτισμάτων,
3444 4917 3550 4971 ἔδει
3579 4921 3682 4975 κά·

2114 5007 2269 5065 κεῖνα
2301 5001 2720 5076 προσκυνεῖσθαῖ
2749 5006 2879 5077 παρ’
2910 5006 3180 5075 ἀλλήλων,
3211 5008 3299 5062 διὰ
3335 5008 3396 5061 τὸ
3455 5008 3684 5078 ἐξηλλα-

2114 5098 2323 5169 γμένην
2357 5098 2499 5169 ἔχειν
2528 5098 2625 5169 τὴν
2650 5098 2810 5167 φύσιν
2844 5099 2979 5169 πρὸς
3003 5098 3226 5169 ἄλληλα.
3256 5100 3430 5172 Πολλὴ
3478 5101 3586 5171 γὰρ
3623 5103 3684 5157 ἐν

2114 5192 2225 5254 τοῖς
2253 5193 2602 5261 ποιήμασινή
2630 5191 2863 5262 διαφορά
2881 5209 2893 5221 ·
2920 5193 3011 5244 καὶ
3037 5191 3181 5244 ἐστιν
3206 5194 3432 5247 ἕκαστον
3474 5194 3598 5247 ἰδεῖν
3624 5196 3684 5249 ἐν

2119 5278 2393 5351 ίδιαζούσῃ
2449 5280 2604 5349 φύσει
2650 5283 2769 5350 ἦτοι
2820 5283 3084 5352 ποιότητι,
3126 5286 3219 5337 καὶ
3253 5285 3349 5355 οὐχ
3399 5286 3535 5356 ὅπερ
3565 5288 3685 5341 ἐστὶ

2114 5362 2330 5437 πάντως
2360 5372 2420 5424 τὸ
2464 5373 2665 5443 ἕτερον.
2704 5374 2841 5425 Ἀλλ’
2870 5374 3017 5427 οὐδὲν
3056 5377 3112 5427 ὲν
3145 5377 3325 5439 αὐτοῖς
3360 5382 3681 5448 προσκυνεῖ-

2114 5480 2221 5524 ται,
2254 5464 2429 5515 πάντα
2464 5463 2519 5515 δὲ
2548 5464 2637 5516 τὸν
2662 5464 2991 5535 δημιουργὸν
3017 5466 3107 5519 τοῦ
3151 5467 3285 5519 Θεοῦ
3310 5469 3479 5536 Λόγον
3513 5486 3683 5538 προσ-

2116 5556 2283 5607 κυνεῖ.
2328 5558 2441 5607 Οὐκ
2471 5555 2575 5623 ἄρα
2621 5555 2678 5608 ἓν
2710 5555 2769 5621 ὲξ
2815 5557 2994 5610 αὐτῶν
3041 5560 3070 5611 6
3114 5560 3258 5623 Υἱὸς,
3287 5559 3413 5613 οὐδὲ
3454 5562 3680 5630 κτίσμα,

2118 5646 2236 5699 καθ’
2291 5647 2447 5716 ὑμᾶς.
2500 5648 2686 5700 Ἔσται
2740 5648 2847 5717 γὰρ
2899 5650 3037 5701 κατὰ
3078 5650 3195 5703 τίνα
3247 5650 3444 5721 τρόπον
3480 5650 3538 5704 tv
3570 5652 3687 5717 tot;

1662 5820 1705 5850 ”
1728 5820 1881 5875 Juan.
1914 5836 2021 5889 xw,
2056 5821 2107 5875 0.
