3994 6324
198 494 299 555 259

1628 458 2070 522 THESAUBUS.

204 608 618 683 προσκυνοῦσιν
652 603 681 655 6
723 596 1212 673 προσκυνούμενος,
1244 594 1302 647 tv
1333 592 1442 654 τοῖς
1484 582 1792 653 δοξολογοῦ-
1822 603 1834 641 Α

1941 582 2336 640 irum'ponatur
2360 563 2453 635 qui
2480 560 2545 615 ad

1994 667 2048 683 σε-
2101 662 2181 683 __-:
2212 652 2545 683 ..1,.-ιιιηηηις

3380 424 3489 481 250

2550 565 2736 619 oraui,
2761 562 2854 607 aut
2904 548 2995 619 qui
3048 542 3389 618 gloriﬁcatur
3419 542 3494 597 sit

205 634 618 683 προσκυνουοιν
652 634 681 655 υ
728 634 1212 673 ιιγυυιιυννυμυη,
1244 634 1298 647 υ
1343 634 1441 654 ---ν
1488 634 1616 653 ην--
1646 634 1690 651 -,
1713 634 1724 636 ν
1822 634 1834 641 ,

205 716 289 755 σιν
320 702 351 752 6
391 693 877 763 δοξολογούμενοςς
906 689 1047 743 Πολὺ
1076 686 1187 757 7&9
1212 687 1271 738 tv
1301 682 1473 751 τούτῳ
1498 679 1559 731 τὸ
1583 673 1788 739 μεταξὺ

1941 683 1964 721 ι
1994 667 2061 719 iis
2093 662 2183 733 qui
2210 652 2547 731 gloriticant?
2577 649 2807 702 Maxima
2842 642 2989 698 enim
3048 639 3195 691 inter
3250 634 3351 688 hos
3406 640 3495 686 est

1941 756 2000 763 “‘
2153 757 2163 763 -
2379 744 2523 763 utu—
2558 742 2609 763 ει
2650 736 2788 763 -..ΛΑ
2825 734 3019 763 -..ιι-ιι..
3057 728 3311 763 ωηνρηίι
3371 724 3491 763 Δία-

206 790 298 846 καὶ
361 788 664 857 διάφορον,
724 784 818 837 καὶ
887 780 949 835 τὸ
1022 778 1238 846 ἑκάστῳ
1296 770 1507 844 πρέπον
1561 767 1793 839 διορίζον

906 959 1110 1015 MAG.

281 1081 345 1136 Ei
375 1082 591 1157 κτίσμα
610 1077 756 1133 ἔστὶν
780 1076 808 1130 6
833 1075 981 1157 Υἱὸς,
1006 1072 1185 1127 πάντα
1216 1069 1273 1124 δὲ
1303 1070 1332 1122 6
1359 1063 1548 1138 Πατὴρ
1572 1062 1799 1139 ιργάζε-

214 1190 299 1226 ται
334 1172 403 1224 δι’
453 1156 649 1230 αὐτοῦ,
694 1164 852 1229 αὐτὸς
897 1153 1089 1217 ἑαυτὸν
1128 1160 1238 1231 ἄρα
1268 1159 1412 1212 ποιεῖ
1450 1156 1547 1210 καὶ
1591 1154 1793 1219 κτίζει·

215 1263 323 1317 ἀλλ’
358 1262 481 1314 εστι
515 1257 670 1313 τοῦτο
698 1257 835 1309 νοεῖν
863 1253 972 1308 τῶν
1012 1251 1399 1317 ἀτοταυτάτων.
1441 1248 1565 1311 Πῶς
1597 1246 1707 1318 7&9
1738 1244 1800 1298 τὸ

216 1353 406 1423 μήπω,
459 1348 589 1403 καθ’
638 1348 806 1417 ὑμᾶς,
853 1344 934 1410 6v,
970 1342 1132 1397 ἑαυτὸ
1170 1335 1425 1411 nomen;
1477 1335 1686 1392 Οὐκοῦν
1724 1336 1798 1389 οὐ

215 1439 424 1509 κτίσμα
454 1437 626 1503 ιστὶν,
651 1435 771 1489 οὐδὲ
800 1433 1032 1504 ποίημα,
1057 1429 1192 1485 ἀλλὰ
1219 1429 1419 1501 μᾶλλον
1445 1426 1547 1499 τῆς
1574 1425 1669 1480 τοῦ
1691 1427 1802 1481 Πα-

215 1530 341 1601 τρδς
370 1527 565 1591 οὐσίας
599 1526 832 1597 καρπὸς,
869 1524 1009 1597 ἔχων
1032 1524 1108 1587 ὡς
1136 1520 1269 1585 Θεδς
1297 1520 1359 1574 rb
1385 1518 1647 1573 δύνασθαι
1681 1515 1799 1570 κτί-

218 1621 330 1691 ζειν
359 1624 460 1677 καὶ
488 1624 681 1676 ποιεῖν.

912 1730 1115 1784 MAG.

288 1844 354 1898 Ei
393 1844 614 1914 κτίσμα
641 1841 788 1896 ἐστὶν
819 1844 848 1897 6
881 1840 1027 1908 Υἱὸς,
1054 1839 1171 1904 πῶς
1193 1840 1258 1893 tv
1291 1838 1439 1908 αὐτῷ
1481 1836 1723 1891 κείσεται
1747 1836 1807 1889 τὸ

1898 724 2239 817 din‘erenlia:
2247 744 2531 805 manifeste
2558 742 2610 797 id
2645 736 2789 809 quod
2824 734 3020 804 cuique
3057 728 3317 785 convenit
3371 724 3491 779 dis-

1902 851 2175 920 tinguens.

2578 942 2810 1001 ALIUD.

1975 1072 2033 1128 Si
2056 1070 2223 1127 Filius
2251 1074 2334 1122 est
2360 1072 2638 1125 creatura,
2668 1069 2725 1114 et
2746 1056 2911 1111 Pater
2951 1050 3135 1109 omnia
3186 1061 3283 1118 per
3314 1040 3493 1114 ipsum

1904 1172 2179 1235 operatur,
2209 1172 2339 1230 ergo
2361 1156 2442 1212 sui
2479 1153 2652 1223 ipsius
2674 1160 2759 1205 est
2792 1147 2966 1203 taeter
2986 1152 3044 1199 et
3071 1148 3293 1197 creator
3322 1152 3336 1189 :
3395 1130 3495 1188 sed

1908 1224 2011 1313 hbe
2040 1253 2121 1309 vel
2168 1224 2301 1306 εοιε⁷
2350 1244 2681 1317 cogitatione
2712 1235 3168 1294 absurdissimum
3212 1236 3317 1284 est.
3350 1224 3497 1294 Quo-

1908 1349 2063 1405 modo
2080 1344 2235 1400 enim
2254 1340 2306 1396 id
2334 1315 2477 1410 quod
2509 1337 2772 1397 nondum,
2794 1329 2947 1401 juxta
2968 1321 3329 1390 vos,exsistit,
3346 1315 3496 1385 seip-

1908 1455 2028 1496 sum
2056 1449 2246 1493 creare
2277 1429 2492 1501 possit?
2523 1424 2794 1494 Quocirca
2846 1436 2953 1476 non
2980 1426 3256 1476 creatura,
3312 1421 3501 1477 neque

1908 1546 2043 1603 Opus
2068 1536 2171 1594 est.
2328 1522 2508 1594 patius
2530 1517 2745 1573 {ructus
2796 1510 3048 1569 essentia:
3105 1503 3286 1603 Patris
3325 1542 3342 1570 ,
3399 1499 3500 1554 ha-

1912 1594 2065 1687 bens,
2099 1627 2157 1674 ut
2188 1617 2353 1680 Deus,
2380 1612 2691 1668 facultatem
2715 1603 2935 1661 creandi
2964 1610 3019 1657 et
3033 1594 3288 1655 faciendi.

2620 1716 2858 1776 ALIUD.

1992 1843 2911 1904 Si,Filiusestcrestura,quonsm
2935 1837 3094 1901 pacto
3145 1818 3367 1878 creandi
3425 1815 3507 1870 τι·

220 1934 487 1990 δύνασθαι
531 1906 757 1999 κτίζειν,
790 1933 889 1988 καὶ
922 1906 1091 1997 είςήτδ
1132 1927 1272 1985 εἶναι
1311 1906 1583 2001 παράγειν
1615 1928 1674 1995 ἐξ
1702 1928 1804 1981 οὐκ

1941 1940 2107 1995 ultate
2158 1932 2421 2006 praeditus
2477 1929 2602 1993 erit.
2636 1936 2733 1981 aut
2777 1931 3061 1979 creaturas
3112 1931 3180 1971 ex
3236 1910 3408 1967 nihilo
3437 1906 3507 1961 ad

221 2027 395 2081 όντων
441 2026 513 2081 τὰ
554 2027 864 2113 πριήματα;
893 2025 959 2078 Ei
991 2021 1101 2095 7&9
1140 2021 1277 2086 δλως
1318 2019 1591 2090 ἐνδέχεται
1648 2018 1813 2089 φύσιν

224 2116 463 2189 γενητὴν
486 2117 553 2171 ἐκ
576 2108 672 2171 τοῦ
705 2115 782 2186 μὴ
804 2115 954 2179 δντος
979 2115 1060 2178 είς
1082 2112 1144 2166 τὸ
1165 2108 1305 2165 εἶναι
1333 2111 1625 2182 παράγειν,
1664 2109 1815 2164 ἔσται

224 2208 457 2279 δυνάμει
504 2207 814 2279 δημιονργὰ
850 2205 1051 2262 καὶτὰ
1091 2204 1227 2261 ἄλλα
1276 2204 1578 2275 ποιήματα.
1632 2201 1727 2256 καὶ
1768 2203 1816 2254 si

230 2302 399 2373 μήπω
429 2298 591 2354 τοῦτο
626 2300 713 2354 διά
743 2300 841 2370 τῆς
866 2296 1148 2371 ινεργείας
1192 2298 1385 2368 ὁρᾶται
1408 2313 1422 2326 ·
1456 2294 1647 2365 ὥσπερ
1678 2292 1818 2364 ἁμέ-

226 2395 307 2448 λσι
338 2394 440 2447 καὶ
468 2392 497 2445 6
533 2394 663 2455 παῖς
689 2394 717 2445 6
756 2391 1013 2463 βραχεῖαν
1039 2388 1189 2457 άγων
1224 2386 1305 2441 ἔτι
1335 2386 1436 2458 τὴν
1462 2386 1703 2457 ἡλικίαν.
1731 2384 1821 2438 δυ-

229 2486 392 2558 νάμει
425 2485 523 2556 μιν
555 2481 985 2555 σπερματιστὴς,
1008 2480 1144 2535 καθὸ
1176 2480 1271 2534 καὶ
1293 2479 1434 2549 ἀνήρ
1474 2479 1643 2541 ἐστιν,
1668 2476 1822 2530 οὔπω

230 2577 286 2631 6t
330 2580 400 2648 τῇ
440 2574 711 2648 ἐνεργείᾳ.
742 2574 815 2627 Τὸ
857 2573 915 2627 δὲ
952 2572 1075 2644 ἕχον
1103 2590 1156 2626 τι
1196 2572 1462 2643 πεφυκὸς,
1494 2572 1596 2625 οὐκ
1623 2572 1690 2626 ἂν
1732 2570 1821 2624 λέ-

232 2686 387 2738 γοιτο
422 2667 497 2739 μὴ
527 2666 691 2737 ἔχειν,
724 2666 774 2719 εί
797 2667 893 2720 καὶ
921 2666 1089 2741 μήπω
1130 2663 1289 2719 τοῦτο
1311 2663 1559 2734 φαίνεται
1589 2680 1823 2737 κρυπτοο

237 2763 407 2833 μένης
439 2762 521 2813 ἔτι
552 2760 651 2829 τῆς
675 2758 912 2829 φυσικῆς
936 2755 1237 2829 ἐνεργείας,
1267 2757 1357 2811 διά
1376 2773 1498 2809 τινα
1523 2756 1821 2827 πρόφασιν,

233 2854 269 2924 ἢ
299 2853 391 2906 διὰ
431 2851 525 2906 τὸν
572 2849 785 2920 χρόνον.
834 2847 1042 2901 Οὐκοῦν
1076 2846 1229 2902 ἔσται
1265 2844 1576 2917 δημιουργὲ
1622 2847 1718 2899 καὶ
1757 2846 1827 2899 τὰ

235 2945 375 3000 ἄλλα
399 2945 705 3014 ποιήματα,
735 2942 829 2995 καὶ
856 2940 918 2994 τὺ
935 2939 1190 3011 περιττὸν
1218 2939 1369 2994 οὐδὲν
1395 2940 1453 2993 tv
1486 2937 1627 3010 Θεῷ.
1667 2936 1828 2991 Ἀλλὰ

237 3038 401 3092 τοῦτο
425 3037 645 3092 ἄτοπον.
672 3033 839 3088 Οὐδὲν
869 3033 978 3105 γὰρ
1002 3032 1111 3086 τῶν
1139 3033 1462 3103 ποιημάτων
1482 3032 1825 3104 δημιουργεῖ.

238 3132 355 3186 Οὐκ
394 3130 506 3201 ἄρα
543 3129 751 3199 κτίσμα
791 3128 939 3182 ἐστὶν
961 3130 989 3182 6
1018 3128 1167 3193 Υἱὸς,
1195 3126 1262 3181 δι’
1300 3120 1362 3182 οὗ
1400 3125 1470 3179 τὰ
1497 3127 1676 3181 πάντα
1704 3124 1829 3193 ὲγέ-

239 3241 385 3289 νετο,
412 3224 501 3277 ἶνα
550 3223 626 3294 μὴ
656 3222 719 3276 τὸ
756 3221 889 3277 αὐτὸ
932 3220 1190 3290 φαίνηται
1224 3218 1410 3272 ποιοῦν
1442 3219 1537 3271 καὶ
1576 3216 1834 3287 ποιούμε-

1914 2047 2034 2091 esse
2075 2005 2359 2085 traducere
2385 2022 2623 2097 poterit?
2658 2020 2717 2075 Si
2747 2019 2895 2073 enim
2932 2014 3156 2068 omnino
3180 2005 3295 2061 ﬁeri
3327 2007 3510 2073 penest

1916 2136 1973 2181 ut
2008 2133 2199 2180 natura
2228 2095 2409 2175 creata
2435 2132 2501 2172 ετ
2558 2112 2732 2170 nihilo
2771 2109 2840 2164 ad
2891 2119 3019 2163 esse
3048 2099 3319 2161 traducat,
3341 2095 3511 2181 erunt

1915 2218 2080 2272 etiam
2109 2211 2333 2281 reliqua;
2363 2216 2632 2263 creatum
2656 2188 2909 2271 petentis
2933 2189 3259 2251 ereatriees.
3292 2177 3510 2281 tametsi

1920 2309 1971 2365 id
2000 2274 2246 2364 nondum.
2267 2311 2389 2359 actu
2412 2313 2533 2357 esse
2603 2292 2978 2365 conspiciatur
3006 2306 3021 2344 :
3054 2274 3510 2356 quemadmodum

1922 2400 2035 2455 fere
2068 2411 2203 2468 puer
2232 2397 2285 2450 in
2305 2403 2491 2450 tenera
2520 2389 2697 2445 adhuc
2744 2393 2932 2450 atate,
2993 2372 3241 2451 potentia
3289 2367 3514 2441 quidem

1920 2493 2227 2550 seminosus
2249 2495 2356 2552 est,
2395 2491 2582 2554 utpote
2600 2479 2694 2551 qui
2730 2491 2850 2533 mas
2876 2481 2979 2537 est,
3012 2478 3135 2525 actu
3190 2477 3318 2554 vero
3376 2468 3518 2513 non-

1920 2584 2071 2639 dum.
2104 2579 2259 2648 Quod
2292 2553 2474 2631 autem
2496 2570 2706 2642 aliquid
2742 2564 2967 2622 insitum
2998 2558 3099 2615 sibi
3156 2553 3339 2617 habet,
3407 2560 3517 2601 non

1924 2675 2123 2731 dicitur
2170 2687 2277 2726 non
2324 2669 2551 2733 habere,
2616 2658 2835 2717 tametsi
2884 2656 2938 2711 id
2970 2651 3208 2709 nondum
3234 2648 3519 2715 appareat,

1926 2766 2127 2821 latente
2160 2762 2337 2818 adhuc
2357 2755 2593 2813 naturali
2656 2749 2977 2823 operatione
3022 2749 3243 2814 propter
3278 2736 3520 2803 aliquam

1925 2855 2291 2920 occasionem,
2316 2850 2399 2906 vel
2424 2857 2648 2920 propter
2672 2852 2907 2911 tempus.
2936 2836 3111 2892 Erunt
3143 2832 3312 2903 igitur
3367 2839 3525 2879 creac

1931 2954 2092 3010 trices
2113 2950 2278 3007 etiam
2322 2947 2549 3014 reliquae
2592 2947 2883 3002 creature,
2949 2930 3197 2999 nihilque
3250 2920 3526 2978 excellens

1930 3056 2016 3102 est
2051 3046 2103 3099 in
2136 3043 2266 3097 Deo.
2295 3012 2570 3095 Caeterum
2601 3029 2903 3089 absurdum
2933 3026 3039 3080 hoc
3068 3030 3173 3076 est.
3210 3015 3361 3071 N'ulla
3380 3012 3527 3066 enim

1932 3148 2306 3194 creaturarum
2343 3128 2565 3186 creandi
2598 3122 2915 3180 facultatem
2946 3116 3133 3173 habet.
3180 3109 3353 3165 Filius
3397 3117 3532 3177 ergo

1934 3235 2187 3283 creatura
2211 3237 2318 3277 non
2346 3229 2453 3284 est,
2497 3231 2591 3289 per
2642 3227 2803 3284 quem
2862 3208 3045 3265 omnia
3100 3203 3246 3258 facta
3269 3207 3419 3264 sunt,
3459 3207 3530 3249 ne

240 3333 353 3379 νον,
402 3289 588 3380 κτίζον
613 3289 729 3368 *καὶ
769 3289 1118 3384 κτιζόμενονο
1148 3311 1281 3375 Θεὸς
1313 3311 1371 3365 δὲ
1400 3309 1602 3382 μᾶλλον
1665 3311 1741 3374 ὡς
1770 3310 1834 3363 ὲκ

1941 3319 2078 3375 idem
2106 3330 2229 3372 esse
2274 3313 2547 3375 videatur,
2595 3306 2804 3363 faciens
2856 3309 2914 3357 et
2961 3296 3185 3384 factum,
3240 3302 3439 3348 creaus
3474 3294 3532 3343 et

242 3408 383 3468 Θεοῦ
413 3409 509 3462 καὶ
536 3406 772 3478 Πατρός.

299 3610 508 3675 ΔΛΛΟ,
531 3608 685 3679 μετὰ
711 3606 1077 3677 ϋυμπλοκῆς
1103 3605 1311 3676 ἐτέρου
1342 3603 1788 3675 συλλογισμοῦ.

321 3723 388 3779 Εί
417 3723 625 3793 κτίσμα
674 3722 822 3777 ἐστὶν
850 3723 879 3776 6
908 3720 1059 3786 Υίὸς,
1083 3719 1202 3784 πῶς
1236 3719 1398 3782 αὐτὸς
1427 3719 1587 3790 μόνος
1628 3720 1841 3772 ἀποκα-

250 3816 447 3871 λύπτει
483 3816 578 3870 τὸν
608 3813 848 3886 Πατέρα,
882 3813 993 3870 τῶν
1019 3812 1199 3866 ἄλλων
1223 3810 1543 3882 κτισμάτων
1568 3810 1669 3863 οὐκ
1691 3810 1843 3880 ἐχόν-

254 3928 366 3965 των
399 3908 555 3963 τοῦτο
591 3908 792 3971 ποιεϊν;
823 3906 949 3970 Πῶς
975 3904 1036 3962 δὲ
1062 3905 1219 3976 μόνος
1248 3906 1278 3957 6
1306 3903 1436 3966 Υἱὸς
1468 3901 1727 3971 γινώσκει
1750 3901 1844 3955 τὸν

257 3999 502 4070 Πατέρα,
544 3998 656 4051 τῶν
702 3996 879 4051 ἄλλων
925 3994 1247 4066 ποιημάτων
1291 3994 1392 4047 οὐκ
1439 3991 1655 4045 εἰδότων
1707 3992 1844 4061 ὅπερ

257 4091 440 4158 tactv;
482 4108 501 4142 ι
541 4088 730 4151 Οὐδεὶς
758 4087 895 4158 γὰρ,
919 4086 1075 4158 φησὶ,
1105 4084 1365 4153 γινώσκει
1394 4082 1479 4147 τίς
1513 4085 1659 4135 ἐστιν
1678 4084 1707 4136 6
1742 4081 1848 4134 Πα-

257 4182 365 4254 τὴρ
418 4184 470 4235 εί
523 4180 599 4251 μὴ
624 4182 653 4234 6
686 4180 832 4246 Υἱὸς,
864 4179 960 4232 καὶ
1013 4174 1059 4247 ᾧ
1084 4177 1153 4233 ἂν
1195 4180 1223 4232 6
1252 4177 1382 4242 Υἱὸς
1437 4175 1785 4249 ἀποκαλύψῃ.
1822 4193 1842 4227 s

261 4277 391 4340 Πῶς
418 4276 477 4329 δὲ
504 4273 639 4329 Θεὸν
667 4272 894 4343 μηδενὸς
914 4271 1221 4341 ἑωρακότος
1244 4268 1487 4333 πώποτε,
1512 4268 1657 4322 καθά
1684 4284 1847 4337 φησιν

258 4370 293 4423 6
347 4366 762 4437 εὐαγγελιστὴς,
800 4364 988 4435 βλέπει
1037 4362 1198 4433 μόνος
1232 4363 1262 4414 6
1315 4360 1479 4426 Υίός;
1534 4359 1848 4430 Γέγραπται

262 4461 375 4532 γὰρ
411 4459 513 4529 οὐχ
546 4459 630 4510 ὅτι
685 4456 775 4509 τὸν
818 4453 1037 4526 Πατέρα
1063 4470 1149 4517 τις
1199 4452 1463 4523 ἑώρακεν,
1490 4452 1539 4502 εί
1583 4450 1661 4520 μὴ
1695 4450 1724 4501 6
1772 4448 1849 4501 ὢν

265 4552 420 4625 παρὰ
450 4549 547 4604 τοῦ
580 4547 829 4620 Πατρός;
857 4545 1067 4601 Οὐκοῦν
1094 4545 1147 4597 εί
1196 4544 1357 4615 μόνος
1389 4545 1417 4596 6
1456 4542 1582 4606 Υίὺς
1623 4542 1727 4613 ὁρᾷ
1756 4544 1850 4594 καὶ

1934 3416 2181 3479 creatum
2217 3425 2231 3461 :
2266 3414 2323 3460 at
2370 3401 2553 3475 potius
2608 3397 2774 3465 Deus,
2822 3380 3013 3464 utpote
3056 3402 3120 3444 es
3174 3385 3285 3440 Deo
3325 3390 3385 3438 et
3428 3378 3535 3435 Pa-

1942 3507 2045 3554 tre.

2047 3608 2282 3674 ALIUD,
2318 3621 2441 3661 cum
2470 3601 2797 3659 conmionc
2830 3596 3052 3652 alterius
3106 3587 3422 3664 syllogismi.

2013 3725 2070 3780 Si
2097 3722 2269 3777 Filius
2298 3729 2383 3776 est
2414 3725 2693 3781 creatura,
2733 3711 3007 3784 quomodo
3036 3709 3151 3779 ipse
3187 3704 3339 3761 solus
3377 3714 3534 3755 reve-

1944 3815 2019 3870 lat
2042 3815 2282 3877 Patrem,
2313 3811 2457 3881 quod
2488 3816 2698 3865 calere
2716 3812 2981 3863 creaturae
3008 3800 3194 3855 facere
3218 3790 3539 3865 nequeunt?

1944 3906 2051 3960 Aut
2079 3902 2350 3973 quomodo
2379 3900 2527 3956 solus
2556 3898 2729 3954 Filius
2776 3892 3058 3963 cognoscit
3119 3889 3362 3952 Patrem,
3416 3897 3540 3937 cum

1948 3997 2171 4064 reliquae
2196 4001 2461 4048 creatum
2492 3989 2741 4045 nesciant
2771 3987 2896 4057 quis
2944 3983 3051 4039 sit?
3090 4001 3109 4033 s
3147 3980 3319 4035 Nemo
3371 3975 3541 4038 enim,

1951 4085 2112 4159 ιω
2163 4084 2360 4154 inquit,
2382 4080 2533 4135 novit
2557 4078 2774 4133 Patrem
2806 4075 2911 4130 nisi
2944 4073 3141 4135 Filius,
3193 4078 3246 4123 ει
3309 4067 3394 4121 cui
3462 4063 3547 4118 Fi-

1948 4157 2051 4232 lius
2076 4172 2396 4230 revelaverit
2423 4170 2493 4226 ".
2531 4189 2551 4224 s
2591 4168 2711 4236 Quo
2731 4174 2891 4238 pacto
2910 4178 3066 4228 vero,
3091 4176 3214 4215 cum
3243 4157 3414 4212 Deum
3446 4169 3543 4210 ne-

1951 4282 2039 4323 mo
2074 4266 2271 4321 viderit
2304 4276 2563 4333 unquam.
2604 4261 2749 4317 sicut
2811 4257 2891 4311 ait
2919 4253 3257 4323 evangelista
3290 4250 3359 4313 ",
3398 4247 3549 4304 solus

1949 4359 2121 4415 Filius
2138 4356 2321 4415 videt?
2344 4354 2537 4411 Nonne
2566 4353 2713 4408 enim
2766 4349 3029 4419 scriptum
3055 4355 3139 4400 est
3165 4344 3237 4410 “,
3269 4360 3287 4393 ι
3328 4341 3549 4396 Patrem

1950 4466 2112 4507 nemo
2139 4450 2274 4505 vidit
2294 4442 2788 4517 unqusm,nisi-qui
2813 4450 2897 4496 est
2917 4455 2986 4495 ex
3006 4435 3209 4492 Patre?
3235 4454 3254 4487 ι
3281 4433 3552 4502 Quocirca

1952 4542 1999 4597 si
2033 4539 2184 4595 solus
2218 4537 2403 4593 Filius
2433 4535 2579 4591 videt
2607 4541 2662 4589 et
2688 4530 2970 4603 cognoscit
2996 4528 3239 4591 Patrem,
3264 4527 3553 4595 ipsumque

269 4614 535 4715 γινώσκει
551 4640 646 4694 τὸν
666 4614 912 4709 Πατέρα,
926 4638 1019 4691 καὶ
1034 4614 1410 4691 ἀποκαλύπτει
1429 4634 1611 4698 αὑτὸν,
1630 4632 1729 4687 οὐκ
1744 4633 1834 4703 ἄρα

1956 4632 2161 4689 revelat
2198 4647 2213 4685 :
2246 4646 2357 4685 non
2380 4628 2545 4696 igitur
2564 4633 2814 4681 creatura
2847 4629 2958 4685 est,
3002 4619 3098 4674 sed
3157 4614 3441 4687 proprium
3477 4615 3554 4681 ip-

267 4734 479 4803 κτίσμα
514 4730 685 4794 ἐστὶν,
721 4729 835 4783 ἀλλ’
863 4728 990 4792 ίδιος
1014 4727 1180 4781 αὐτοῦ
1202 4726 1396 4794 Λόγος,
1434 4726 1571 4797 ὅπερ
1597 4724 1745 4777 ἐστὶν
1767 4725 1856 4778 αὐ-

266 4825 361 4890 τὺς
381 4823 527 4877 κατὰ
566 4821 758 4891 φύσιν·
791 4820 952 4874 τοῦτο
992 4820 1259 4889 ὑπάρχειν
1295 4816 1449 4880 είδὼς
1489 4817 1585 4870 καὶ⁸
1617 4816 1710 4869 τὸν
1733 4815 1856 4870 ὅθεν

268 4914 603 4983 ἐϐλάστησε,
642 4912 883 4982 Πατέρα,
926 4910 1021 4964 καὶ
1051 4911 1109 4963 tv
1148 4908 1329 4978 ἑαυτῷ
1362 4906 1624 4961 δεικνύων
1672 4904 1858 4971 αὐτὸν,

269 5006 451 5062 καίτοι
489 5004 601 5059 τῶν
653 5002 829 5058 ἄλλων
872 5000 1190 5071 κτισμάτων
1236 4999 1298 5052 οὐ
1351 4998 1665 5067 δυναμένων
1703 4996 1861 5050 τοῦτο

271 5100 467 5153 ποιεῖν.
507 5094 584 5150 Οὐ
623 5094 731 5167 γὰρ
758 5097 816 5147 tv
862 5094 976 5157 τοῖς
1021 5093 1322 5163 ποιήμασιν
1364 5093 1397 5161 ἡ
1448 5089 1543 5144 τοῦ
1578 5090 1857 5154 ποιΟὖντος

268 5181 534 5259 ὁμοιότης
563 5185 815 5249 σώζεται,
844 5183 967 5237 οὐδὲ
994 5184 1053 5237 tv
1070 5184 1182 5247 τοῖς
1207 5184 1455 5252 γενητοῖς
1486 5183 1513 5235 6
1542 5182 1856 5251 ἀγέννητος,

273 5281 395 5335 οὐδὲ
428 5281 490 5333 tv
517 5282 628 5343 τοῖς
657 5280 721 5331 ὲκ
759 5276 852 5331 τοῦ
882 5277 958 5349 μὴ
1000 5277 1152 5340 ὄντος
1188 5277 1269 5339 είς
1294 5275 1355 5329 τὸ
1394 5270 1532 5327 εἶναι
1574 5273 1861 5345 παρηγμέ-

275 5390 390 5435 νοις
420 5374 449 5425 6
482 5372 570 5425 ἀεὶ
608 5371 702 5424 καὶ
738 5369 1001 5432 ὡσαύτως
1025 5369 1100 5421 ὢν
1137 5367 1489 5437 ὁραθήσεται.
1520 5366 1771 5419 Φαίνεται
1804 5365 1863 5419 δὲ

279 5466 338 5517 tv
364 5462 480 5533 Υἱῷ
498 5480 511 5493 ⁸
541 5461 655 5515 ἐστι
676 5460 785 5531 γὰρ
800 5458 966 5513 εἰκὼν
991 5457 1409 5529 ἀπαράλλακτος
1431 5457 1616 5510 αὑτοῦ.
1641 5457 1865 5526 Ὅμοιος

277 5550 375 5609 οὖν
425 5554 547 5607 κατ’
589 5554 776 5607 οὐσίαν
836 5552 952 5605 ἐστὶ
990 5550 1081 5605 τοῦ
1132 5547 1365 5620 Πατρὺς,
1400 5551 1460 5603 οὑ
1509 5550 1715 5619 κτίσμα
1770 5551 1866 5603 καὶ

280 5643 518 5714 ποίημα.
562 5643 779 5713 Ἐπειδὴ
811 5642 1015 5695 τούτων
1046 5640 1197 5694 οὐδέν
1232 5640 1380 5692 ἐστιν
1418 5642 1446 5692 ό
1477 5639 1685 5710 Πατὴρ,
1732 5638 1867 5711 πρὸς

284 5734 344 5790 6v
380 5732 478 5788 καὶ
517 5734 893 5804 μεμόρφωται.

368 5907 415 5944 ’⁸
434 5910 621 5969 Matth.
656 5927 729 5978 ιι,
770 5910 861 5964 27.
938 5908 1155 5965 "Joau.
1198 5923 1235 5973 ι,
1272 5906 1355 5961 18.
1432 5904 1651 5963 “.loan.
1680 5920 1749 5969 vr,
1775 5904 1870 5961 66.,

1960 4725 2076 4781 sius
2123 4722 2383 4789 Verbum,
2425 4719 2569 4789 quod
2597 4716 2817 4787 quidem
2874 4722 2961 4768 est
3002 4711 3118 4781 ipse
3176 4707 3550 4763 naturaliter:

1965 4817 2068 4870 hoc
2092 4814 2257 4869 etiam
2282 4810 2550 4868 exsistere
2570 4807 2754 4862 sciens
2786 4817 2914 4858 eum
2940 4816 2969 4855 a
3020 4815 3128 4871 quo
3177 4795 3426 4867 procedit
3454 4793 3556 4847 Pa-

1960 4914 2123 4967 trem,
2158 4910 2212 4957 et
2243 4903 2297 4956 in
2328 4901 2509 4970 seipse
2539 4913 2662 4953 eum
2690 4894 3140 4958 ostendenspum
3166 4896 3375 4943 exterae
3398 4899 3557 4939 crea-

1957 5007 2093 5052 tum
2123 4994 2174 5049 id
2214 5001 2474 5063 pramare
2506 5006 2614 5045 non
2640 4990 2876 5059 possint.
2908 4985 3098 5053 Neque
3146 4982 3292 5036 enim
3325 4979 3378 5032 in
3396 4992 3555 5032 crea-

1965 5088 2102 5144 turis
2125 5084 2395 5142 creatoris
2430 5081 2733 5138 similitudo
2766 5087 3041 5140 servatur,
3103 5088 3279 5141 neque
3331 5070 3559 5125 factoris

1964 5181 2019 5236 in
2046 5180 2114 5235 iis
2146 5193 2265 5249 qua:
2292 5176 2436 5233 facta
2472 5184 2635 5230 sunt:
2671 5159 2918 5243 usquein
2946 5169 3014 5223 iis
3037 5182 3157 5237 qua:
3190 5181 3254 5219 ex
3286 5164 3455 5218 nihilo
3490 5163 3556 5214 ad

1966 5286 2089 5327 esse
2117 5270 2362 5325 traducta
2394 5268 2609 5332 sunl,is
2658 5265 2749 5335 qui
2809 5276 3027 5332 semper
3073 5260 3375 5327 eodemque
3400 5254 3561 5309 modo

1969 5360 2209 5426 exsistit,
2249 5359 2514 5415 cernitur.
2534 5355 2791 5411 Cernitur
2821 5345 3129 5406 auteminF
3138 5345 3227 5401 ilio
3262 5361 3277 5397 :
3305 5352 3389 5397 est
3411 5340 3559 5395 enim

1969 5454 2277 5509 omnimoda
2308 5453 2478 5523 ipsius
2519 5452 2719 5518 imago.
2769 5445 2977 5500 Similis
3021 5445 3206 5513 itaque
3259 5436 3559 5492 secundum

1972 5546 2269 5600 essentiam
2295 5554 2380 5599 est
2436 5542 2606 5605 Patri,
2662 5556 2765 5594 non
2820 5553 2957 5606 opus
3003 5546 3096 5588 aut
3153 5540 3421 5587 creatura.
3472 5526 3561 5579 δίο

1972 5639 2189 5707 quidem
2218 5637 2354 5694 nihil
2380 5638 2573 5695 horum
2601 5642 2687 5690 est
2710 5632 2894 5689 Pater.
2928 5628 3081 5695 cujus
3128 5624 3417 5694 imaginem
3477 5635 3561 5673 rc-

1976 5731 2099 5787 fert.
