  <div class='ocr_page' id='page_1' title='image "/cluster/home/n/w/nwhite01/storage/ocr_20150623/75/pst.000005712748/137.png"; bbox 0 0 3994 6324; ppageno 0'>
   <div class='ocr_carea' id='block_1_1' title="bbox 458 434 555 494">
    <p class='ocr_par' dir='ltr' id='par_1_1' title="bbox 458 434 555 494">
     <span class='ocr_line' id='line_1_1' title="bbox 458 434 555 494; baseline -0.041 0"><span class='ocrx_word' id='word_1_1' title='bbox 458 434 555 494; x_wconf 72' lang='grc'><strong>231</strong></span> 
     </span>
    </p>
   </div>
   <div class='ocr_carea' id='block_1_2' title="bbox 1445 420 2683 486">
    <p class='ocr_par' dir='ltr' id='par_1_2' title="bbox 1445 420 2683 486">
     <span class='ocr_line' id='line_1_2' title="bbox 1445 420 2683 486; baseline -0.009 0"><span class='ocrx_word' id='word_1_2' title='bbox 1445 429 1502 486; x_wconf 89' lang='lat' dir='ltr'><strong>S.</strong></span> <span class='ocrx_word' id='word_1_3' title='bbox 1545 425 1816 486; x_wconf 71' lang='lat' dir='ltr'><strong>CYRIIJJ</strong></span> <span class='ocrx_word' id='word_1_4' title='bbox 1859 421 2324 479; x_wconf 79' lang='lat' dir='ltr'><strong>ALEXANDBINI</strong></span> <span class='ocrx_word' id='word_1_5' title='bbox 2365 420 2683 477; x_wconf 81' lang='lat' dir='ltr'><strong>ARCHIEP.</strong></span> 
     </span>
    </p>
   </div>
   <div class='ocr_carea' id='block_1_3' title="bbox 3601 419 3708 476">
    <p class='ocr_par' dir='ltr' id='par_1_3' title="bbox 3601 419 3708 476">
     <span class='ocr_line' id='line_1_3' title="bbox 3601 419 3708 476; baseline 0.009 -2"><span class='ocrx_word' id='word_1_6' title='bbox 3601 419 3708 476; x_wconf 65' lang='lat'><strong>25%</strong></span> 
     </span>
    </p>
   </div>
   <div class='ocr_carea' id='block_1_4' title="bbox 455 536 1993 623">
    <p class='ocr_par' dir='ltr' id='par_1_4' title="bbox 455 545 1993 623">
     <span class='ocr_line' id='line_1_4' title="bbox 455 545 1993 623; baseline -0.008 -17"><span class='ocrx_word' id='word_1_7' title='bbox 455 549 857 606; x_wconf 71' lang='lat' dir='ltr'><strong>Demonstratar</strong></span> <span class='ocrx_word' id='word_1_8' title='bbox 894 567 984 623; x_wconf 80' lang='lat' dir='ltr'><strong>per</strong></span> <span class='ocrx_word' id='word_1_9' title='bbox 1018 551 1397 623; x_wconf 72' lang='lat' dir='ltr'><strong>observationes</strong></span> <span class='ocrx_word' id='word_1_10' title='bbox 1440 565 1504 603; x_wconf 73' lang='lat' dir='ltr'><strong>ea:</strong></span> <span class='ocrx_word' id='word_1_11' title='bbox 1548 563 1698 623; x_wconf 82' lang='lat' dir='ltr'><strong>sacra</strong></span> <span class='ocrx_word' id='word_1_12' title='bbox 1733 545 1993 609; x_wconf 66' lang='lat' dir='ltr'><strong>Scriptum</strong></span> 
     </span>
    </p>
   </div>
   <div class='ocr_carea' id='block_1_5' title="bbox 2111 536 3707 623">
    <p class='ocr_par' dir='ltr' id='par_1_5' title="bbox 2125 536 3707 623">
     <span class='ocr_line' id='line_1_5' title="bbox 2125 536 3707 623; baseline -0.003 -29"><span class='ocrx_word' id='word_1_13' title='bbox 2125 539 2544 623; x_wconf 47' lang='grc' dir='ltr'>Ἀπόδειξις-,ἐξ</span> <span class='ocrx_word' id='word_1_14' title='bbox 2573 540 2988 623; x_wconf 62' lang='grc' dir='ltr'>ἐπιτηρήσεωκ</span> <span class='ocrx_word' id='word_1_15' title='bbox 3012 536 3328 623; x_wconf 50' lang='lat' dir='ltr'><strong>macer,</strong></span> <span class='ocrx_word' id='word_1_16' title='bbox 3353 537 3440 623; x_wconf 61' lang='grc' dir='ltr'><strong>δτι</strong></span> <span class='ocrx_word' id='word_1_17' title='bbox 3462 537 3542 623; x_wconf 58' lang='grc' dir='ltr'><strong>ῶς</strong></span> <span class='ocrx_word' id='word_1_18' title='bbox 3567 537 3707 623; x_wconf 69' lang='grc' dir='ltr'>Θερς</span> 
     </span>
    </p>
   </div>
   <div class='ocr_carea' id='block_1_6' title="bbox 518 614 2009 692">
    <p class='ocr_par' dir='ltr' id='par_1_6' title="bbox 518 614 2009 692">
     <span class='ocr_line' id='line_1_6' title="bbox 518 614 2009 692; baseline -0.005 -18"><span class='ocrx_word' id='word_1_19' title='bbox 518 623 727 692; x_wconf 66' lang='lat' dir='ltr'><strong>petitas,</strong></span> <span class='ocrx_word' id='word_1_20' title='bbox 778 614 916 692; x_wconf 65' lang='lat' dir='ltr'><strong>quod</strong></span> <span class='ocrx_word' id='word_1_21' title='bbox 957 621 1101 676; x_wconf 75' lang='lat' dir='ltr'><strong>nulla</strong></span> <span class='ocrx_word' id='word_1_22' title='bbox 1149 630 1510 676; x_wconf 74' lang='lat' dir='ltr'><strong>creaturarum</strong></span> <span class='ocrx_word' id='word_1_23' title='bbox 1540 617 1812 692; x_wconf 70' lang='lat' dir='ltr'><strong>adoretur</strong></span> <span class='ocrx_word' id='word_1_24' title='bbox 1857 614 2009 692; x_wconf 69' lang='lat' dir='ltr'><strong>quasi</strong></span> 
     </span>
    </p>
   </div>
   <div class='ocr_carea' id='block_1_7' title="bbox 528 685 2012 760">
    <p class='ocr_par' dir='ltr' id='par_1_7' title="bbox 528 685 2012 760">
     <span class='ocr_line' id='line_1_7' title="bbox 528 685 2012 760; baseline -0.006 -18"><span class='ocrx_word' id='word_1_25' title='bbox 528 689 662 760; x_wconf 72' lang='lat' dir='ltr'><strong>Dem</strong></span> <span class='ocrx_word' id='word_1_26' title='bbox 692 685 719 743; x_wconf 15' lang='lat'><strong>:7</strong></span> <span class='ocrx_word' id='word_1_27' title='bbox 739 685 975 760; x_wconf 68' lang='lat' dir='ltr'><strong>quodque</strong></span> <span class='ocrx_word' id='word_1_28' title='bbox 998 709 1056 745; x_wconf 82' lang='lat' dir='ltr'><strong>ea</strong></span> <span class='ocrx_word' id='word_1_29' title='bbox 1085 707 1200 759; x_wconf 70' lang='lat' dir='ltr'><strong>quia</strong></span> <span class='ocrx_word' id='word_1_30' title='bbox 1229 692 1449 745; x_wconf 82' lang='lat' dir='ltr'><strong>adorant</strong></span> <span class='ocrx_word' id='word_1_31' title='bbox 1480 687 1695 740; x_wconf 85' lang='lat' dir='ltr'><strong>adorari</strong></span> <span class='ocrx_word' id='word_1_32' title='bbox 1721 696 1811 738; x_wconf 82' lang='lat' dir='ltr'><strong>aut</strong></span> <span class='ocrx_word' id='word_1_33' title='bbox 1848 685 2012 752; x_wconf 85' lang='lat' dir='ltr'><strong>glori-</strong></span> 
     </span>
    </p>
   </div>
   <div class='ocr_carea' id='block_1_8' title="bbox 518 758 1144 829">
    <p class='ocr_par' dir='ltr' id='par_1_8' title="bbox 518 758 1144 829">
     <span class='ocr_line' id='line_1_8' title="bbox 518 758 1144 829; baseline 0.011 -20"><span class='ocrx_word' id='word_1_34' title='bbox 518 758 672 829; x_wconf 79' lang='lat' dir='ltr'><strong>ﬁcari</strong></span> <span class='ocrx_word' id='word_1_35' title='bbox 701 758 804 814; x_wconf 75' lang='lat' dir='ltr'><strong>non</strong></span> <span class='ocrx_word' id='word_1_36' title='bbox 835 758 1144 817; x_wconf 76' lang='lat' dir='ltr'><strong>sustineant.</strong></span> 
     </span>
    </p>
   </div>
   <div class='ocr_carea' id='block_1_9' title="bbox 513 865 2014 937">
    <p class='ocr_par' dir='ltr' id='par_1_9' title="bbox 513 865 2014 937">
     <span class='ocr_line' id='line_1_9' title="bbox 513 865 2014 937; baseline -0.003 -15"><span class='ocrx_word' id='word_1_37' title='bbox 513 868 718 925; x_wconf 78' lang='lat' dir='ltr'><strong>Petrus</strong></span> <span class='ocrx_word' id='word_1_38' title='bbox 774 870 1084 928; x_wconf 91' lang='lat' dir='ltr'><strong>Cornelium</strong></span> <span class='ocrx_word' id='word_1_39' title='bbox 1125 872 1439 935; x_wconf 75' lang='lat' dir='ltr'><strong>adorantem</strong></span> <span class='ocrx_word' id='word_1_40' title='bbox 1481 882 1540 923; x_wconf 90' lang='lat' dir='ltr'><strong>se</strong></span> <span class='ocrx_word' id='word_1_41' title='bbox 1573 865 1819 937; x_wconf 75' lang='lat' dir='ltr'><strong>prohibet</strong></span> <span class='ocrx_word' id='word_1_42' title='bbox 1854 872 2014 932; x_wconf 89' lang='lat' dir='ltr'><strong>atque</strong></span> 
     </span>
    </p>
   </div>
   <div class='ocr_carea' id='block_1_10' title="bbox 450 956 2006 1030">
    <p class='ocr_par' dir='ltr' id='par_1_10' title="bbox 450 956 2006 1030">
     <span class='ocr_line' id='line_1_10' title="bbox 450 956 2006 1030; baseline -0.004 -17"><span class='ocrx_word' id='word_1_43' title='bbox 450 969 620 1026; x_wconf 88' lang='lat' dir='ltr'><strong>arcet,</strong></span> <span class='ocrx_word' id='word_1_44' title='bbox 645 963 828 1018; x_wconf 88' lang='lat' dir='ltr'><strong>dicens</strong></span> <span class='ocrx_word' id='word_1_45' title='bbox 858 979 901 1016; x_wconf 75' lang='grc' dir='ltr'><strong>ει</strong></span> <span class='ocrx_word' id='word_1_46' title='bbox 925 962 1000 1018; x_wconf 80' lang='lat' dir='ltr'><strong>Ne</strong></span> <span class='ocrx_word' id='word_1_47' title='bbox 1018 962 1182 1018; x_wconf 80' lang='lat' dir='ltr'><strong>facias</strong></span> <span class='ocrx_word' id='word_1_48' title='bbox 1199 979 1213 1028; x_wconf 90' lang='lat'><strong>;</strong></span> <span class='ocrx_word' id='word_1_49' title='bbox 1233 977 1355 1016; x_wconf 88' lang='lat' dir='ltr'><strong>nam</strong></span> <span class='ocrx_word' id='word_1_50' title='bbox 1378 969 1432 1014; x_wconf 89' lang='lat' dir='ltr'><strong>et</strong></span> <span class='ocrx_word' id='word_1_51' title='bbox 1451 973 1550 1030; x_wconf 87' lang='lat' dir='ltr'><strong>ego</strong></span> <span class='ocrx_word' id='word_1_52' title='bbox 1565 973 1682 1013; x_wconf 90' lang='lat' dir='ltr'><strong>sum</strong></span> <span class='ocrx_word' id='word_1_53' title='bbox 1707 957 1867 1011; x_wconf 89' lang='lat' dir='ltr'><strong>homo</strong></span> <span class='ocrx_word' id='word_1_54' title='bbox 1883 956 2006 1008; x_wconf 68' lang='grc' dir='ltr'><strong>η’.»</strong></span> 
     </span>
    </p>
   </div>
   <div class='ocr_carea' id='block_1_11' title="bbox 449 1048 2010 1124">
    <p class='ocr_par' dir='ltr' id='par_1_11' title="bbox 449 1048 2010 1124">
     <span class='ocr_line' id='line_1_11' title="bbox 449 1048 2010 1124; baseline -0.005 -16"><span class='ocrx_word' id='word_1_55' title='bbox 449 1053 684 1124; x_wconf 82' lang='lat' dir='ltr'><strong>Angelus</strong></span> <span class='ocrx_word' id='word_1_56' title='bbox 734 1053 991 1108; x_wconf 68' lang='lat' dir='ltr'><strong>etiamin</strong></span> <span class='ocrx_word' id='word_1_57' title='bbox 1028 1053 1346 1123; x_wconf 77' lang='lat' dir='ltr'><strong>Apocalypsi</strong></span> <span class='ocrx_word' id='word_1_58' title='bbox 1394 1049 1656 1106; x_wconf 83' lang='lat' dir='ltr'><strong>Joannem</strong></span> <span class='ocrx_word' id='word_1_59' title='bbox 1699 1048 2010 1102; x_wconf 74' lang='lat' dir='ltr'><strong>adorantem</strong></span> 
     </span>
    </p>
   </div>
   <div class='ocr_carea' id='block_1_12' title="bbox 449 1142 2011 1215">
    <p class='ocr_par' dir='ltr' id='par_1_12' title="bbox 449 1142 2011 1215">
     <span class='ocr_line' id='line_1_12' title="bbox 449 1142 2011 1215; baseline -0.007 -13"><span class='ocrx_word' id='word_1_60' title='bbox 449 1159 507 1202; x_wconf 88' lang='lat' dir='ltr'><strong>se</strong></span> <span class='ocrx_word' id='word_1_61' title='bbox 549 1145 812 1215; x_wconf 77' lang='lat' dir='ltr'><strong>increpat,</strong></span> <span class='ocrx_word' id='word_1_62' title='bbox 860 1145 1090 1200; x_wconf 86' lang='lat' dir='ltr'><strong>dicens:</strong></span> <span class='ocrx_word' id='word_1_63' title='bbox 1135 1163 1154 1196; x_wconf 76' lang='grc' dir='ltr'><strong>ι</strong></span> <span class='ocrx_word' id='word_1_64' title='bbox 1186 1144 1328 1198; x_wconf 84' lang='lat' dir='ltr'><strong>Cave</strong></span> <span class='ocrx_word' id='word_1_65' title='bbox 1362 1157 1429 1197; x_wconf 93' lang='lat' dir='ltr'><strong>ne</strong></span> <span class='ocrx_word' id='word_1_66' title='bbox 1480 1142 1666 1203; x_wconf 80' lang='lat' dir='ltr'><strong>iacias,</strong></span> <span class='ocrx_word' id='word_1_67' title='bbox 1719 1152 2011 1196; x_wconf 84' lang='lat' dir='ltr'><strong>conservus</strong></span> 
     </span>
    </p>
   </div>
   <div class='ocr_carea' id='block_1_13' title="bbox 445 1231 2009 1302">
    <p class='ocr_par' dir='ltr' id='par_1_13' title="bbox 445 1231 2009 1302">
     <span class='ocr_line' id='line_1_13' title="bbox 445 1231 2009 1302; baseline -0.004 -16"><span class='ocrx_word' id='word_1_68' title='bbox 445 1234 588 1288; x_wconf 82' lang='lat' dir='ltr'><strong>enim</strong></span> <span class='ocrx_word' id='word_1_69' title='bbox 621 1243 743 1290; x_wconf 83' lang='lat' dir='ltr'><strong>tuus</strong></span> <span class='ocrx_word' id='word_1_70' title='bbox 791 1249 933 1300; x_wconf 83' lang='lat' dir='ltr'><strong>sum,</strong></span> <span class='ocrx_word' id='word_1_71' title='bbox 982 1244 1036 1289; x_wconf 93' lang='lat' dir='ltr'><strong>et</strong></span> <span class='ocrx_word' id='word_1_72' title='bbox 1079 1235 1304 1288; x_wconf 78' lang='lat' dir='ltr'><strong>fratrum</strong></span> <span class='ocrx_word' id='word_1_73' title='bbox 1343 1243 1554 1291; x_wconf 89' lang='lat' dir='ltr'><strong>tuorum</strong></span> <span class='ocrx_word' id='word_1_74' title='bbox 1603 1231 2009 1302; x_wconf 86' lang='lat' dir='ltr'><strong>prophetarum,</strong></span> 
     </span>
    </p>
   </div>
   <div class='ocr_carea' id='block_1_14' title="bbox 443 1320 2011 1398">
    <p class='ocr_par' dir='ltr' id='par_1_14' title="bbox 443 1320 2011 1398">
     <span class='ocr_line' id='line_1_14' title="bbox 443 1320 2011 1398; baseline -0.001 -21"><span class='ocrx_word' id='word_1_75' title='bbox 443 1332 705 1380; x_wconf 84' lang='lat' dir='ltr'><strong>eteorum</strong></span> <span class='ocrx_word' id='word_1_76' title='bbox 725 1327 816 1398; x_wconf 88' lang='lat' dir='ltr'><strong>qui</strong></span> <span class='ocrx_word' id='word_1_77' title='bbox 848 1327 1343 1381; x_wconf 87' lang='lat' dir='ltr'><strong>custodiuntverba</strong></span> <span class='ocrx_word' id='word_1_78' title='bbox 1367 1326 1489 1380; x_wconf 86' lang='lat' dir='ltr'><strong>libri</strong></span> <span class='ocrx_word' id='word_1_79' title='bbox 1514 1325 1671 1395; x_wconf 84' lang='lat' dir='ltr'><strong>hujus</strong></span> <span class='ocrx_word' id='word_1_80' title='bbox 1689 1325 1755 1375; x_wconf 72' lang='grc'><strong>’⁷.</strong></span> <span class='ocrx_word' id='word_1_81' title='bbox 1782 1341 1800 1374; x_wconf 79' lang='grc' dir='ltr'><strong>ι</strong></span> <span class='ocrx_word' id='word_1_82' title='bbox 1823 1320 2011 1376; x_wconf 76' lang='lat' dir='ltr'><strong>Manoe</strong></span> 
     </span>
    </p>
   </div>
   <div class='ocr_carea' id='block_1_15' title="bbox 444 1411 2006 1484">
    <p class='ocr_par' dir='ltr' id='par_1_15' title="bbox 444 1411 2006 1484">
     <span class='ocr_line' id='line_1_15' title="bbox 444 1411 2006 1484; baseline -0.003 -18"><span class='ocrx_word' id='word_1_83' title='bbox 444 1427 659 1483; x_wconf 79' lang='lat' dir='ltr'><strong>quoque</strong></span> <span class='ocrx_word' id='word_1_84' title='bbox 694 1423 900 1483; x_wconf 84' lang='lat' dir='ltr'><strong>patrem</strong></span> <span class='ocrx_word' id='word_1_85' title='bbox 937 1415 1283 1484; x_wconf 76' lang='lat' dir='ltr'><strong>Sampsonis,</strong></span> <span class='ocrx_word' id='word_1_86' title='bbox 1312 1413 1639 1469; x_wconf 80' lang='lat' dir='ltr'><strong>sacriﬁcium</strong></span> <span class='ocrx_word' id='word_1_87' title='bbox 1670 1411 2006 1474; x_wconf 67' lang='lat' dir='ltr'><strong>offerentem,</strong></span> 
     </span>
    </p>
   </div>
   <div class='ocr_carea' id='block_1_16' title="bbox 442 1501 2008 1574">
    <p class='ocr_par' dir='ltr' id='par_1_16' title="bbox 442 1501 2008 1574">
     <span class='ocr_line' id='line_1_16' title="bbox 442 1501 2008 1574; baseline -0.001 -20"><span class='ocrx_word' id='word_1_88' title='bbox 442 1503 666 1574; x_wconf 87' lang='lat' dir='ltr'><strong>angelus</strong></span> <span class='ocrx_word' id='word_1_89' title='bbox 699 1504 988 1572; x_wconf 84' lang='lat' dir='ltr'><strong>prohibuit,</strong></span> <span class='ocrx_word' id='word_1_90' title='bbox 1023 1505 1205 1560; x_wconf 85' lang='lat' dir='ltr'><strong>dicens</strong></span> <span class='ocrx_word' id='word_1_91' title='bbox 1234 1522 1246 1558; x_wconf 92' lang='lat'>:</span> <span class='ocrx_word' id='word_1_92' title='bbox 1280 1518 1299 1556; x_wconf 74' lang='grc' dir='ltr'><strong>ι</strong></span> <span class='ocrx_word' id='word_1_93' title='bbox 1327 1503 1381 1557; x_wconf 88' lang='lat' dir='ltr'><strong>Si</strong></span> <span class='ocrx_word' id='word_1_94' title='bbox 1409 1503 1740 1559; x_wconf 81' lang='lat' dir='ltr'><strong>sacriﬁcabis</strong></span> <span class='ocrx_word' id='word_1_95' title='bbox 1775 1501 2008 1564; x_wconf 58' lang='lat' dir='ltr'><strong>haedum,</strong></span> 
     </span>
    </p>
   </div>
   <div class='ocr_carea' id='block_1_17' title="bbox 441 1592 2010 1650">
    <p class='ocr_par' dir='ltr' id='par_1_17' title="bbox 441 1592 2010 1650">
     <span class='ocr_line' id='line_1_17' title="bbox 441 1592 2010 1650; baseline -0.003 -2"><span class='ocrx_word' id='word_1_96' title='bbox 441 1594 667 1649; x_wconf 85' lang='lat' dir='ltr'><strong>Domino</strong></span> <span class='ocrx_word' id='word_1_97' title='bbox 701 1595 1036 1650; x_wconf 82' lang='lat' dir='ltr'><strong>saeriﬂcabis</strong></span> <span class='ocrx_word' id='word_1_98' title='bbox 1069 1611 1191 1650; x_wconf 89' lang='lat' dir='ltr'><strong>eum</strong></span> <span class='ocrx_word' id='word_1_99' title='bbox 1214 1597 1285 1649; x_wconf 75' lang='grc'><strong>’⁸.</strong></span> <span class='ocrx_word' id='word_1_100' title='bbox 1313 1614 1332 1647; x_wconf 73' lang='grc' dir='ltr'><strong>ι</strong></span> <span class='ocrx_word' id='word_1_101' title='bbox 1363 1594 1437 1649; x_wconf 91' lang='lat' dir='ltr'><strong>De</strong></span> <span class='ocrx_word' id='word_1_102' title='bbox 1469 1594 1605 1649; x_wconf 87' lang='lat' dir='ltr'><strong>Filio</strong></span> <span class='ocrx_word' id='word_1_103' title='bbox 1652 1602 1831 1649; x_wconf 90' lang='lat' dir='ltr'><strong>autem</strong></span> <span class='ocrx_word' id='word_1_104' title='bbox 1875 1592 2010 1646; x_wconf 87' lang='lat' dir='ltr'><strong>scri-</strong></span> 
     </span>
    </p>
   </div>
   <div class='ocr_carea' id='block_1_18' title="bbox 439 1681 2006 1754">
    <p class='ocr_par' dir='ltr' id='par_1_18' title="bbox 439 1681 2006 1754">
     <span class='ocr_line' id='line_1_18' title="bbox 439 1681 2006 1754; baseline -0.003 -15"><span class='ocrx_word' id='word_1_105' title='bbox 439 1695 585 1754; x_wconf 87' lang='lat' dir='ltr'><strong>ptum</strong></span> <span class='ocrx_word' id='word_1_106' title='bbox 612 1693 735 1741; x_wconf 90' lang='lat' dir='ltr'><strong>est:</strong></span> <span class='ocrx_word' id='word_1_107' title='bbox 772 1705 790 1738; x_wconf 79' lang='grc' dir='ltr'><strong>ι</strong></span> <span class='ocrx_word' id='word_1_108' title='bbox 825 1687 1062 1741; x_wconf 83' lang='lat' dir='ltr'><strong>Adorent</strong></span> <span class='ocrx_word' id='word_1_109' title='bbox 1090 1702 1210 1741; x_wconf 89' lang='lat' dir='ltr'><strong>eum</strong></span> <span class='ocrx_word' id='word_1_110' title='bbox 1243 1701 1430 1742; x_wconf 88' lang='lat' dir='ltr'><strong>omnes</strong></span> <span class='ocrx_word' id='word_1_111' title='bbox 1459 1687 1632 1754; x_wconf 77' lang='lat' dir='ltr'><strong>angeli</strong></span> <span class='ocrx_word' id='word_1_112' title='bbox 1669 1684 1761 1740; x_wconf 88' lang='lat' dir='ltr'><strong>Dei</strong></span> <span class='ocrx_word' id='word_1_113' title='bbox 1801 1684 1866 1738; x_wconf 67' lang='grc' dir='ltr'><strong>θ’.</strong></span> <span class='ocrx_word' id='word_1_114' title='bbox 1902 1702 1919 1734; x_wconf 75' lang='grc' dir='ltr'><strong>ι</strong></span> <span class='ocrx_word' id='word_1_115' title='bbox 1954 1681 2006 1735; x_wconf 90' lang='lat' dir='ltr'><strong>lu</strong></span> 
     </span>
    </p>
   </div>
   <div class='ocr_carea' id='block_1_19' title="bbox 438 1774 2006 1845">
    <p class='ocr_par' dir='ltr' id='par_1_19' title="bbox 438 1774 2006 1845">
     <span class='ocr_line' id='line_1_19' title="bbox 438 1774 2006 1845; baseline -0.001 -18"><span class='ocrx_word' id='word_1_116' title='bbox 438 1774 571 1830; x_wconf 83' lang='lat' dir='ltr'><strong>Isaia</strong></span> <span class='ocrx_word' id='word_1_117' title='bbox 603 1776 858 1845; x_wconf 90' lang='lat' dir='ltr'><strong>scriptum</strong></span> <span class='ocrx_word' id='word_1_118' title='bbox 886 1786 970 1830; x_wconf 90' lang='lat' dir='ltr'><strong>est</strong></span> <span class='ocrx_word' id='word_1_119' title='bbox 1003 1794 1017 1831; x_wconf 88' lang='lat'><strong>:</strong></span> <span class='ocrx_word' id='word_1_120' title='bbox 1059 1795 1077 1828; x_wconf 75' lang='grc' dir='ltr'><strong>ι</strong></span> <span class='ocrx_word' id='word_1_121' title='bbox 1114 1775 1173 1831; x_wconf 88' lang='lat' dir='ltr'><strong>In</strong></span> <span class='ocrx_word' id='word_1_122' title='bbox 1213 1787 1263 1832; x_wconf 87' lang='lat' dir='ltr'><strong>te</strong></span> <span class='ocrx_word' id='word_1_123' title='bbox 1286 1778 1610 1840; x_wconf 87' lang='lat' dir='ltr'><strong>adorabunt,</strong></span> <span class='ocrx_word' id='word_1_124' title='bbox 1636 1787 1688 1832; x_wconf 88' lang='lat' dir='ltr'><strong>et</strong></span> <span class='ocrx_word' id='word_1_125' title='bbox 1718 1777 1771 1830; x_wconf 89' lang='lat' dir='ltr'><strong>in</strong></span> <span class='ocrx_word' id='word_1_126' title='bbox 1810 1785 1860 1830; x_wconf 87' lang='lat' dir='ltr'><strong>te</strong></span> <span class='ocrx_word' id='word_1_127' title='bbox 1885 1783 2006 1827; x_wconf 90' lang='lat' dir='ltr'><strong>vota</strong></span> 
     </span>
    </p>
   </div>
   <div class='ocr_carea' id='block_1_20' title="bbox 436 1863 2004 1933">
    <p class='ocr_par' dir='ltr' id='par_1_20' title="bbox 436 1863 2004 1933">
     <span class='ocr_line' id='line_1_20' title="bbox 436 1863 2004 1933; baseline 0.002 -16"><span class='ocrx_word' id='word_1_128' title='bbox 436 1865 655 1921; x_wconf 81' lang='lat' dir='ltr'><strong>facient.</strong></span> <span class='ocrx_word' id='word_1_129' title='bbox 688 1865 768 1921; x_wconf 88' lang='lat' dir='ltr'><strong>Tu</strong></span> <span class='ocrx_word' id='word_1_130' title='bbox 801 1867 942 1922; x_wconf 89' lang='lat' dir='ltr'><strong>enim</strong></span> <span class='ocrx_word' id='word_1_131' title='bbox 979 1883 1038 1923; x_wconf 89' lang='lat' dir='ltr'><strong>es</strong></span> <span class='ocrx_word' id='word_1_132' title='bbox 1085 1868 1246 1932; x_wconf 85' lang='lat' dir='ltr'><strong>Deus,</strong></span> <span class='ocrx_word' id='word_1_133' title='bbox 1280 1878 1333 1924; x_wconf 93' lang='lat' dir='ltr'><strong>et</strong></span> <span class='ocrx_word' id='word_1_134' title='bbox 1378 1869 1720 1933; x_wconf 73' lang='lat' dir='ltr'><strong>nescivitnus,</strong></span> <span class='ocrx_word' id='word_1_135' title='bbox 1760 1867 1898 1921; x_wconf 85' lang='lat' dir='ltr'><strong>Deus</strong></span> <span class='ocrx_word' id='word_1_136' title='bbox 1929 1863 2004 1920; x_wconf 86' lang='lat' dir='ltr'><strong>ls-</strong></span> 
     </span>
    </p>
   </div>
   <div class='ocr_carea' id='block_1_21' title="bbox 438 1960 2007 2032">
    <p class='ocr_par' dir='ltr' id='par_1_21' title="bbox 438 1960 2007 2032">
     <span class='ocr_line' id='line_1_21' title="bbox 438 1960 2007 2032; baseline -0.001 -16"><span class='ocrx_word' id='word_1_137' title='bbox 438 1962 548 2016; x_wconf 76' lang='lat' dir='ltr'><strong>rsel</strong></span> <span class='ocrx_word' id='word_1_138' title='bbox 592 1960 850 2019; x_wconf 81' lang='lat' dir='ltr'><strong>Servator</strong></span> <span class='ocrx_word' id='word_1_139' title='bbox 897 1965 937 2019; x_wconf 80' lang='grc'><strong>⁸.</strong></span> <span class='ocrx_word' id='word_1_140' title='bbox 971 1985 990 2017; x_wconf 73' lang='grc' dir='ltr'><strong>ι</strong></span> <span class='ocrx_word' id='word_1_141' title='bbox 1039 1964 1222 2020; x_wconf 83' lang='lat' dir='ltr'><strong>Fuerit</strong></span> <span class='ocrx_word' id='word_1_142' title='bbox 1269 1973 1448 2017; x_wconf 89' lang='lat' dir='ltr'><strong>autem</strong></span> <span class='ocrx_word' id='word_1_143' title='bbox 1483 1962 1849 2032; x_wconf 88' lang='lat' dir='ltr'><strong>verisimiliter</strong></span> <span class='ocrx_word' id='word_1_144' title='bbox 1893 1961 2007 2015; x_wconf 72' lang='lat' dir='ltr'><strong>lucc</strong></span> 
     </span>
    </p>
   </div>
   <div class='ocr_carea' id='block_1_22' title="bbox 435 2053 2003 2126">
    <p class='ocr_par' dir='ltr' id='par_1_22' title="bbox 435 2053 2003 2126">
     <span class='ocr_line' id='line_1_22' title="bbox 435 2053 2003 2126; baseline 0.001 -22"><span class='ocrx_word' id='word_1_145' title='bbox 435 2068 538 2108; x_wconf 84' lang='lat' dir='ltr'><strong>vox</strong></span> <span class='ocrx_word' id='word_1_146' title='bbox 580 2068 767 2108; x_wconf 86' lang='lat' dir='ltr'><strong>eorum</strong></span> <span class='ocrx_word' id='word_1_147' title='bbox 797 2055 886 2125; x_wconf 87' lang='lat' dir='ltr'><strong>qui</strong></span> <span class='ocrx_word' id='word_1_148' title='bbox 932 2070 993 2110; x_wconf 80' lang='lat' dir='ltr'><strong>ex</strong></span> <span class='ocrx_word' id='word_1_149' title='bbox 1028 2055 1277 2126; x_wconf 74' lang='lat' dir='ltr'><strong>gentibus</strong></span> <span class='ocrx_word' id='word_1_150' title='bbox 1313 2055 1489 2109; x_wconf 80' lang='lat' dir='ltr'><strong>vocati</strong></span> <span class='ocrx_word' id='word_1_151' title='bbox 1535 2062 1677 2124; x_wconf 84' lang='lat' dir='ltr'><strong>sunt,</strong></span> <span class='ocrx_word' id='word_1_152' title='bbox 1705 2054 1796 2123; x_wconf 87' lang='lat' dir='ltr'><strong>qui</strong></span> <span class='ocrx_word' id='word_1_153' title='bbox 1839 2053 2003 2106; x_wconf 91' lang='lat' dir='ltr'><strong>Deum</strong></span> 
     </span>
    </p>
   </div>
   <div class='ocr_carea' id='block_1_23' title="bbox 432 2145 2005 2216">
    <p class='ocr_par' dir='ltr' id='par_1_23' title="bbox 432 2145 2005 2216">
     <span class='ocr_line' id='line_1_23' title="bbox 432 2145 2005 2216; baseline -0.001 -18"><span class='ocrx_word' id='word_1_154' title='bbox 432 2145 685 2212; x_wconf 85' lang='lat' dir='ltr'><strong>deinceps</strong></span> <span class='ocrx_word' id='word_1_155' title='bbox 711 2155 1093 2216; x_wconf 88' lang='lat' dir='ltr'><strong>cognoverunt.</strong></span> <span class='ocrx_word' id='word_1_156' title='bbox 1134 2145 1188 2200; x_wconf 90' lang='lat' dir='ltr'><strong>Si</strong></span> <span class='ocrx_word' id='word_1_157' title='bbox 1235 2160 1362 2200; x_wconf 89' lang='lat' dir='ltr'><strong>vero</strong></span> <span class='ocrx_word' id='word_1_158' title='bbox 1390 2145 1581 2199; x_wconf 90' lang='lat' dir='ltr'><strong>Filium</strong></span> <span class='ocrx_word' id='word_1_159' title='bbox 1615 2153 2005 2214; x_wconf 78' lang='lat' dir='ltr'><strong>cognoscentes</strong></span> 
     </span>
    </p>
   </div>
   <div class='ocr_carea' id='block_1_24' title="bbox 432 2235 2001 2306">
    <p class='ocr_par' dir='ltr' id='par_1_24' title="bbox 432 2235 2001 2306">
     <span class='ocr_line' id='line_1_24' title="bbox 432 2235 2001 2306; baseline 0 -18"><span class='ocrx_word' id='word_1_160' title='bbox 432 2235 598 2289; x_wconf 86' lang='lat' dir='ltr'><strong>Deum</strong></span> <span class='ocrx_word' id='word_1_161' title='bbox 633 2245 1022 2306; x_wconf 77' lang='lat' dir='ltr'><strong>cognoverunt,</strong></span> <span class='ocrx_word' id='word_1_162' title='bbox 1057 2249 1111 2291; x_wconf 90' lang='lat' dir='ltr'><strong>et</strong></span> <span class='ocrx_word' id='word_1_163' title='bbox 1134 2245 1387 2306; x_wconf 86' lang='lat' dir='ltr'><strong>tanquam</strong></span> <span class='ocrx_word' id='word_1_164' title='bbox 1423 2237 1590 2292; x_wconf 88' lang='lat' dir='ltr'><strong>Deum</strong></span> <span class='ocrx_word' id='word_1_165' title='bbox 1625 2237 1871 2299; x_wconf 84' lang='lat' dir='ltr'><strong>adorant,</strong></span> <span class='ocrx_word' id='word_1_166' title='bbox 1898 2250 2001 2288; x_wconf 91' lang='lat' dir='ltr'><strong>non</strong></span> 
     </span>
    </p>
   </div>
   <div class='ocr_carea' id='block_1_25' title="bbox 431 2325 2001 2400">
    <p class='ocr_par' dir='ltr' id='par_1_25' title="bbox 431 2325 2001 2400">
     <span class='ocr_line' id='line_1_25' title="bbox 431 2325 2001 2400; baseline 0.004 -23"><span class='ocrx_word' id='word_1_167' title='bbox 431 2325 592 2395; x_wconf 89' lang='lat' dir='ltr'><strong>igitur</strong></span> <span class='ocrx_word' id='word_1_168' title='bbox 638 2336 885 2381; x_wconf 88' lang='lat' dir='ltr'><strong>creatura</strong></span> <span class='ocrx_word' id='word_1_169' title='bbox 917 2338 1054 2400; x_wconf 18' lang='lat' dir='ltr'><strong>“est,</strong></span> <span class='ocrx_word' id='word_1_170' title='bbox 1102 2343 1168 2383; x_wconf 92' lang='lat' dir='ltr'><strong>ne</strong></span> <span class='ocrx_word' id='word_1_171' title='bbox 1228 2338 1415 2399; x_wconf 80' lang='lat' dir='ltr'><strong>gentes</strong></span> <span class='ocrx_word' id='word_1_172' title='bbox 1469 2338 1774 2385; x_wconf 83' lang='lat' dir='ltr'><strong>creaturam</strong></span> <span class='ocrx_word' id='word_1_173' title='bbox 1825 2328 2001 2398; x_wconf 82' lang='lat' dir='ltr'><strong>potius</strong></span> 
     </span>
    </p>
   </div>
   <div class='ocr_carea' id='block_1_26' title="bbox 427 2414 1446 2482">
    <p class='ocr_par' dir='ltr' id='par_1_26' title="bbox 427 2414 1446 2482">
     <span class='ocr_line' id='line_1_26' title="bbox 427 2414 1446 2482; baseline 0.005 -15"><span class='ocrx_word' id='word_1_174' title='bbox 427 2429 590 2482; x_wconf 87' lang='lat' dir='ltr'><strong>quam</strong></span> <span class='ocrx_word' id='word_1_175' title='bbox 616 2414 927 2472; x_wconf 83' lang='lat' dir='ltr'><strong>Creatorem</strong></span> <span class='ocrx_word' id='word_1_176' title='bbox 962 2418 1138 2473; x_wconf 87' lang='lat' dir='ltr'><strong>colere</strong></span> <span class='ocrx_word' id='word_1_177' title='bbox 1159 2418 1446 2474; x_wconf 90' lang='lat' dir='ltr'><strong>videantur</strong></span> 
     </span>
    </p>
   </div>
   <div class='ocr_carea' id='block_1_27' title="bbox 1101 2613 1331 2672">
    <p class='ocr_par' dir='ltr' id='par_1_27' title="bbox 1101 2613 1331 2672">
     <span class='ocr_line' id='line_1_27' title="bbox 1101 2613 1331 2672; baseline 0.009 -3"><span class='ocrx_word' id='word_1_178' title='bbox 1101 2613 1331 2672; x_wconf 81' lang='lat' dir='ltr'><strong>ALIUD.</strong></span> 
     </span>
    </p>
   </div>
   <div class='ocr_carea' id='block_1_28' title="bbox 495 2725 1998 2796">
    <p class='ocr_par' dir='ltr' id='par_1_28' title="bbox 495 2725 1998 2796">
     <span class='ocr_line' id='line_1_28' title="bbox 495 2725 1998 2796; baseline 0 -14"><span class='ocrx_word' id='word_1_179' title='bbox 495 2725 744 2782; x_wconf 83' lang='lat' dir='ltr'><strong>Christus</strong></span> <span class='ocrx_word' id='word_1_180' title='bbox 770 2725 837 2782; x_wconf 87' lang='lat' dir='ltr'><strong>ad</strong></span> <span class='ocrx_word' id='word_1_181' title='bbox 871 2727 1163 2796; x_wconf 86' lang='lat' dir='ltr'><strong>discipulos</strong></span> <span class='ocrx_word' id='word_1_182' title='bbox 1195 2743 1325 2783; x_wconf 89' lang='lat' dir='ltr'><strong>suos</strong></span> <span class='ocrx_word' id='word_1_183' title='bbox 1361 2729 1430 2784; x_wconf 88' lang='lat' dir='ltr'><strong>ita</strong></span> <span class='ocrx_word' id='word_1_184' title='bbox 1462 2728 1534 2783; x_wconf 86' lang='lat' dir='ltr'><strong>ait</strong></span> <span class='ocrx_word' id='word_1_185' title='bbox 1570 2751 1582 2784; x_wconf 85' lang='lat'><strong>:</strong></span> <span class='ocrx_word' id='word_1_186' title='bbox 1615 2748 1633 2780; x_wconf 80' lang='grc' dir='ltr'><strong>ι</strong></span> <span class='ocrx_word' id='word_1_187' title='bbox 1663 2726 1773 2783; x_wconf 79' lang='lat' dir='ltr'><strong>Vos</strong></span> <span class='ocrx_word' id='word_1_188' title='bbox 1796 2728 1998 2783; x_wconf 87' lang='lat' dir='ltr'><strong>vocatis</strong></span> 
     </span>
    </p>
   </div>
   <div class='ocr_carea' id='block_1_29' title="bbox 423 2818 1994 2890">
    <p class='ocr_par' dir='ltr' id='par_1_29' title="bbox 423 2818 1994 2890">
     <span class='ocr_line' id='line_1_29' title="bbox 423 2818 1994 2890; baseline 0.001 -18"><span class='ocrx_word' id='word_1_189' title='bbox 423 2833 531 2883; x_wconf 89' lang='lat' dir='ltr'><strong>me,</strong></span> <span class='ocrx_word' id='word_1_190' title='bbox 579 2818 857 2881; x_wconf 80' lang='lat' dir='ltr'><strong>Dominus,</strong></span> <span class='ocrx_word' id='word_1_191' title='bbox 917 2827 970 2872; x_wconf 89' lang='lat' dir='ltr'><strong>et</strong></span> <span class='ocrx_word' id='word_1_192' title='bbox 1017 2819 1292 2890; x_wconf 87' lang='lat' dir='ltr'><strong>Magister,</strong></span> <span class='ocrx_word' id='word_1_193' title='bbox 1321 2829 1375 2874; x_wconf 89' lang='lat' dir='ltr'><strong>et</strong></span> <span class='ocrx_word' id='word_1_194' title='bbox 1407 2829 1553 2874; x_wconf 88' lang='lat' dir='ltr'><strong>recte</strong></span> <span class='ocrx_word' id='word_1_195' title='bbox 1603 2821 1783 2874; x_wconf 89' lang='lat' dir='ltr'><strong>dicitis</strong></span> <span class='ocrx_word' id='word_1_196' title='bbox 1824 2837 1837 2873; x_wconf 91' lang='lat'><strong>:</strong></span> <span class='ocrx_word' id='word_1_197' title='bbox 1875 2824 1994 2874; x_wconf 84' lang='lat' dir='ltr'><strong>sum</strong></span> 
     </span>
    </p>
   </div>
   <div class='ocr_carea' id='block_1_30' title="bbox 421 2907 1994 2977">
    <p class='ocr_par' dir='ltr' id='par_1_30' title="bbox 421 2907 1994 2977">
     <span class='ocr_line' id='line_1_30' title="bbox 421 2907 1994 2977; baseline -0.001 -13"><span class='ocrx_word' id='word_1_198' title='bbox 421 2909 563 2964; x_wconf 86' lang='lat' dir='ltr'><strong>enim</strong></span> <span class='ocrx_word' id='word_1_199' title='bbox 587 2908 628 2961; x_wconf 81' lang='lat'><strong>&#39;.</strong></span> <span class='ocrx_word' id='word_1_200' title='bbox 666 2926 684 2961; x_wconf 80' lang='grc' dir='ltr'><strong>ι</strong></span> <span class='ocrx_word' id='word_1_201' title='bbox 719 2907 921 2963; x_wconf 90' lang='lat' dir='ltr'><strong>Deinde</strong></span> <span class='ocrx_word' id='word_1_202' title='bbox 946 2907 1184 2964; x_wconf 82' lang='lat' dir='ltr'><strong>Thomas</strong></span> <span class='ocrx_word' id='word_1_203' title='bbox 1220 2909 1290 2963; x_wconf 89' lang='lat' dir='ltr'><strong>ita</strong></span> <span class='ocrx_word' id='word_1_204' title='bbox 1321 2908 1386 2963; x_wconf 91' lang='lat' dir='ltr'><strong>ad</strong></span> <span class='ocrx_word' id='word_1_205' title='bbox 1419 2908 1593 2977; x_wconf 90' lang='lat' dir='ltr'><strong>ipsum</strong></span> <span class='ocrx_word' id='word_1_206' title='bbox 1632 2910 1798 2964; x_wconf 78' lang='lat' dir='ltr'><strong>dicit:</strong></span> <span class='ocrx_word' id='word_1_207' title='bbox 1841 2927 1858 2960; x_wconf 76' lang='grc' dir='ltr'><strong>ι</strong></span> <span class='ocrx_word' id='word_1_208' title='bbox 1889 2909 1994 2963; x_wconf 80' lang='lat' dir='ltr'><strong>Do-</strong></span> 
     </span>
    </p>
   </div>
   <div class='ocr_carea' id='block_1_31' title="bbox 422 2997 1994 3068">
    <p class='ocr_par' dir='ltr' id='par_1_31' title="bbox 422 2997 1994 3068">
     <span class='ocr_line' id='line_1_31' title="bbox 422 2997 1994 3068; baseline 0 -15"><span class='ocrx_word' id='word_1_209' title='bbox 422 2999 601 3054; x_wconf 87' lang='lat' dir='ltr'><strong>minus</strong></span> <span class='ocrx_word' id='word_1_210' title='bbox 649 3013 818 3063; x_wconf 88' lang='lat' dir='ltr'><strong>meus,</strong></span> <span class='ocrx_word' id='word_1_211' title='bbox 857 3007 912 3052; x_wconf 90' lang='lat' dir='ltr'><strong>et</strong></span> <span class='ocrx_word' id='word_1_212' title='bbox 960 2999 1100 3053; x_wconf 88' lang='lat' dir='ltr'><strong>Deus</strong></span> <span class='ocrx_word' id='word_1_213' title='bbox 1140 2997 1363 3063; x_wconf 81' lang='lat' dir='ltr'><strong>meus&#39;;</strong></span> <span class='ocrx_word' id='word_1_214' title='bbox 1403 3016 1420 3047; x_wconf 78' lang='grc' dir='ltr'><strong>ι</strong></span> <span class='ocrx_word' id='word_1_215' title='bbox 1458 3013 1631 3068; x_wconf 85' lang='lat' dir='ltr'><strong>neque</strong></span> <span class='ocrx_word' id='word_1_216' title='bbox 1663 3009 1837 3052; x_wconf 87' lang='lat' dir='ltr'><strong>tamen</strong></span> <span class='ocrx_word' id='word_1_217' title='bbox 1871 3015 1994 3068; x_wconf 87' lang='lat' dir='ltr'><strong>pro-</strong></span> 
     </span>
    </p>
   </div>
   <div class='ocr_carea' id='block_1_32' title="bbox 423 3089 1992 3159">
    <p class='ocr_par' dir='ltr' id='par_1_32' title="bbox 423 3089 1992 3159">
     <span class='ocr_line' id='line_1_32' title="bbox 423 3089 1992 3159; baseline -0.001 -14"><span class='ocrx_word' id='word_1_218' title='bbox 423 3090 616 3157; x_wconf 89' lang='lat' dir='ltr'><strong>hibuit,</strong></span> <span class='ocrx_word' id='word_1_219' title='bbox 675 3106 744 3146; x_wconf 88' lang='lat' dir='ltr'><strong>ue</strong></span> <span class='ocrx_word' id='word_1_220' title='bbox 793 3090 1088 3159; x_wconf 88' lang='lat' dir='ltr'><strong>discipulus</strong></span> <span class='ocrx_word' id='word_1_221' title='bbox 1135 3090 1187 3145; x_wconf 90' lang='lat' dir='ltr'><strong>id</strong></span> <span class='ocrx_word' id='word_1_222' title='bbox 1253 3089 1488 3155; x_wconf 88' lang='lat' dir='ltr'><strong>diceret,</strong></span> <span class='ocrx_word' id='word_1_223' title='bbox 1545 3091 1992 3158; x_wconf 83' lang='lat' dir='ltr'><strong>quemadmodum</strong></span> 
     </span>
    </p>
   </div>
   <div class='ocr_carea' id='block_1_33' title="bbox 421 3182 1987 3253">
    <p class='ocr_par' dir='ltr' id='par_1_33' title="bbox 421 3182 1987 3253">
     <span class='ocr_line' id='line_1_33' title="bbox 421 3182 1987 3253; baseline 0.001 -18"><span class='ocrx_word' id='word_1_224' title='bbox 421 3182 593 3253; x_wconf 80' lang='lat' dir='ltr'><strong>angeli</strong></span> <span class='ocrx_word' id='word_1_225' title='bbox 639 3182 867 3238; x_wconf 75' lang='lat' dir='ltr'><strong>sanctis.</strong></span> <span class='ocrx_word' id='word_1_226' title='bbox 915 3182 1196 3237; x_wconf 86' lang='lat' dir='ltr'><strong>Psalmista</strong></span> <span class='ocrx_word' id='word_1_227' title='bbox 1228 3185 1390 3238; x_wconf 86' lang='lat' dir='ltr'><strong>etiam</strong></span> <span class='ocrx_word' id='word_1_228' title='bbox 1431 3202 1444 3238; x_wconf 88' lang='lat'><strong>:</strong></span> <span class='ocrx_word' id='word_1_229' title='bbox 1483 3203 1500 3235; x_wconf 76' lang='grc' dir='ltr'><strong>ι</strong></span> <span class='ocrx_word' id='word_1_230' title='bbox 1539 3183 1794 3237; x_wconf 89' lang='lat' dir='ltr'><strong>Thronus</strong></span> <span class='ocrx_word' id='word_1_231' title='bbox 1844 3192 1987 3247; x_wconf 89' lang='lat' dir='ltr'><strong>tuus,</strong></span> 
     </span>
    </p>
   </div>
   <div class='ocr_carea' id='block_1_34' title="bbox 2190 605 3708 679">
    <p class='ocr_par' dir='ltr' id='par_1_34' title="bbox 2190 605 3708 679">
     <span class='ocr_line' id='line_1_34' title="bbox 2190 605 3708 679; baseline -0.003 -16"><span class='ocrx_word' id='word_1_232' title='bbox 2190 610 2373 679; x_wconf 71' lang='grc' dir='ltr'>οὐδὲν</span> <span class='ocrx_word' id='word_1_233' title='bbox 2403 608 2521 662; x_wconf 82' lang='grc' dir='ltr'><strong>τῶν</strong></span> <span class='ocrx_word' id='word_1_234' title='bbox 2555 606 2896 679; x_wconf 62' lang='grc' dir='ltr'>κτισμάτων</span> <span class='ocrx_word' id='word_1_235' title='bbox 2921 605 3346 675; x_wconf 78' lang='grc' dir='ltr'><strong>προσκυνεῖται</strong></span> <span class='ocrx_word' id='word_1_236' title='bbox 3372 622 3386 636; x_wconf 85' lang='grc'><em>’</em></span> <span class='ocrx_word' id='word_1_237' title='bbox 3417 608 3557 679; x_wconf 74' lang='grc' dir='ltr'>οὔτε</span> <span class='ocrx_word' id='word_1_238' title='bbox 3579 605 3708 679; x_wconf 54' lang='grc' dir='ltr'><strong>μὴν</strong></span> 
     </span>
    </p>
   </div>
   <div class='ocr_carea' id='block_1_35' title="bbox 2186 676 3702 746">
    <p class='ocr_par' dir='ltr' id='par_1_35' title="bbox 2186 676 3702 746">
     <span class='ocr_line' id='line_1_35' title="bbox 2186 676 3702 746; baseline -0.002 -14"><span class='ocrx_word' id='word_1_239' title='bbox 2186 676 2688 746; x_wconf 75' lang='grc' dir='ltr'>προσκυνούμενα</span> <span class='ocrx_word' id='word_1_240' title='bbox 2761 676 3035 745; x_wconf 79' lang='grc' dir='ltr'><strong>ἀνέχεται</strong></span> <span class='ocrx_word' id='word_1_241' title='bbox 3105 676 3579 743; x_wconf 75' lang='grc' dir='ltr'><strong>προσκυνεῖσθαι</strong></span> <span class='ocrx_word' id='word_1_242' title='bbox 3662 676 3702 744; x_wconf 72' lang='grc' dir='ltr'><em>ἢ</em></span> 
     </span>
    </p>
   </div>
   <div class='ocr_carea' id='block_1_36' title="bbox 2187 747 2657 816">
    <p class='ocr_par' dir='ltr' id='par_1_36' title="bbox 2187 747 2657 816">
     <span class='ocr_line' id='line_1_36' title="bbox 2187 747 2657 816; baseline 0 -16"><span class='ocrx_word' id='word_1_243' title='bbox 2187 747 2657 816; x_wconf 78' lang='grc' dir='ltr'>δοξολοτεῖσθαι.</span> 
     </span>
    </p>
   </div>
   <div class='ocr_carea' id='block_1_37' title="bbox 2198 855 3704 931">
    <p class='ocr_par' dir='ltr' id='par_1_37' title="bbox 2198 855 3704 931">
     <span class='ocr_line' id='line_1_37' title="bbox 2198 855 3704 931; baseline -0.002 -18"><span class='ocrx_word' id='word_1_244' title='bbox 2198 860 2254 913; x_wconf 85' lang='grc'><strong>’0</strong></span> <span class='ocrx_word' id='word_1_245' title='bbox 2286 858 2557 931; x_wconf 82' lang='grc' dir='ltr'>μακάριος</span> <span class='ocrx_word' id='word_1_246' title='bbox 2587 859 2792 929; x_wconf 87' lang='grc' dir='ltr'>Πέτρος</span> <span class='ocrx_word' id='word_1_247' title='bbox 2825 857 3239 929; x_wconf 68' lang='grc' dir='ltr'><strong>προσκυνοῦντα</strong></span> <span class='ocrx_word' id='word_1_248' title='bbox 3264 858 3354 911; x_wconf 75' lang='grc' dir='ltr'>τὸν</span> <span class='ocrx_word' id='word_1_249' title='bbox 3379 855 3704 928; x_wconf 72' lang='grc' dir='ltr'><strong>Κορνήλιον,</strong></span> 
     </span>
    </p>
   </div>
   <div class='ocr_carea' id='block_1_38' title="bbox 2112 948 3706 1022">
    <p class='ocr_par' dir='ltr' id='par_1_38' title="bbox 2112 948 3706 1022">
     <span class='ocr_line' id='line_1_38' title="bbox 2112 948 3706 1022; baseline -0.004 -17"><span class='ocrx_word' id='word_1_250' title='bbox 2112 951 2398 1006; x_wconf 81' lang='grc' dir='ltr'><strong>διακωλύει</strong></span> <span class='ocrx_word' id='word_1_251' title='bbox 2422 950 2624 1018; x_wconf 89' lang='grc' dir='ltr'>λέγων·</span> <span class='ocrx_word' id='word_1_252' title='bbox 2651 969 2669 1001; x_wconf 79' lang='grc' dir='ltr'><strong>ι</strong></span> <span class='ocrx_word' id='word_1_253' title='bbox 2697 950 2982 1020; x_wconf 76' lang='grc' dir='ltr'>Μὴποίει·</span> <span class='ocrx_word' id='word_1_254' title='bbox 3005 950 3100 1002; x_wconf 75' lang='grc' dir='ltr'>καὶ</span> <span class='ocrx_word' id='word_1_255' title='bbox 3131 950 3239 1022; x_wconf 81' lang='grc' dir='ltr'><strong>γὰρ</strong></span> <span class='ocrx_word' id='word_1_256' title='bbox 3275 948 3388 1017; x_wconf 88' lang='grc' dir='ltr'>ἐγὼ</span> <span class='ocrx_word' id='word_1_257' title='bbox 3416 948 3706 1019; x_wconf 76' lang='grc' dir='ltr'>ἄνθρωπός</span> 
     </span>
    </p>
   </div>
   <div class='ocr_carea' id='block_1_39' title="bbox 2114 1039 3704 1112">
    <p class='ocr_par' dir='ltr' id='par_1_39' title="bbox 2114 1039 3704 1112">
     <span class='ocr_line' id='line_1_39' title="bbox 2114 1039 3704 1112; baseline -0.002 -18"><span class='ocrx_word' id='word_1_258' title='bbox 2114 1043 2249 1112; x_wconf 79' lang='grc' dir='ltr'>εἰμι.</span> <span class='ocrx_word' id='word_1_259' title='bbox 2284 1061 2301 1093; x_wconf 85' lang='grc'>›</span> <span class='ocrx_word' id='word_1_260' title='bbox 2323 1039 2625 1094; x_wconf 81' lang='grc' dir='ltr'>Ἐκώλυσεν</span> <span class='ocrx_word' id='word_1_261' title='bbox 2652 1039 2879 1109; x_wconf 73' lang='grc' dir='ltr'>ἄγγελος</span> <span class='ocrx_word' id='word_1_262' title='bbox 2897 1039 3304 1112; x_wconf 64' lang='grc' dir='ltr'><strong>προσκυνοῦντα</strong></span> <span class='ocrx_word' id='word_1_263' title='bbox 3340 1039 3429 1092; x_wconf 82' lang='grc' dir='ltr'>τὸν</span> <span class='ocrx_word' id='word_1_264' title='bbox 3445 1039 3704 1110; x_wconf 80' lang='grc' dir='ltr'>Ἰωάννην</span> 
     </span>
    </p>
   </div>
   <div class='ocr_carea' id='block_1_40' title="bbox 2112 1130 3702 1207">
    <p class='ocr_par' dir='ltr' id='par_1_40' title="bbox 2112 1130 3702 1207">
     <span class='ocr_line' id='line_1_40' title="bbox 2112 1130 3702 1207; baseline -0.004 -19"><span class='ocrx_word' id='word_1_265' title='bbox 2112 1136 2168 1188; x_wconf 87' lang='grc' dir='ltr'><strong>ἐν</strong></span> <span class='ocrx_word' id='word_1_266' title='bbox 2189 1137 2254 1207; x_wconf 77' lang='grc' dir='ltr'>τῇ</span> <span class='ocrx_word' id='word_1_267' title='bbox 2285 1132 2852 1202; x_wconf 79' lang='grc' dir='ltr'>αὐτοῦἈποκαλύψει,</span> <span class='ocrx_word' id='word_1_268' title='bbox 2871 1132 3064 1201; x_wconf 81' lang='grc' dir='ltr'>λέγων·</span> <span class='ocrx_word' id='word_1_269' title='bbox 3087 1151 3104 1185; x_wconf 84' lang='lat' dir='ltr'><strong>t</strong></span> <span class='ocrx_word' id='word_1_270' title='bbox 3134 1133 3276 1204; x_wconf 86' lang='grc' dir='ltr'><strong>Ὅρα</strong></span> <span class='ocrx_word' id='word_1_271' title='bbox 3305 1133 3379 1202; x_wconf 84' lang='grc' dir='ltr'><strong>μή</strong></span> <span class='ocrx_word' id='word_1_272' title='bbox 3413 1130 3702 1194; x_wconf 85' lang='grc' dir='ltr'>σύνδουλός</span> 
     </span>
    </p>
   </div>
   <div class='ocr_carea' id='block_1_41' title="bbox 2115 1222 3703 1297">
    <p class='ocr_par' dir='ltr' id='par_1_41' title="bbox 2115 1222 3703 1297">
     <span class='ocr_line' id='line_1_41' title="bbox 2115 1222 3703 1297; baseline -0.004 -17"><span class='ocrx_word' id='word_1_273' title='bbox 2115 1244 2207 1280; x_wconf 92' lang='grc' dir='ltr'><strong>σου</strong></span> <span class='ocrx_word' id='word_1_274' title='bbox 2239 1228 2355 1297; x_wconf 81' lang='grc' dir='ltr'>είμὶ</span> <span class='ocrx_word' id='word_1_275' title='bbox 2375 1270 2389 1292; x_wconf 88' lang='grc'><strong>,</strong></span> <span class='ocrx_word' id='word_1_276' title='bbox 2437 1228 2531 1280; x_wconf 59' lang='grc' dir='ltr'><strong>καὶ⁵</strong></span> <span class='ocrx_word' id='word_1_277' title='bbox 2571 1225 2680 1279; x_wconf 89' lang='grc' dir='ltr'><strong>τῶν</strong></span> <span class='ocrx_word' id='word_1_278' title='bbox 2719 1225 2964 1294; x_wconf 81' lang='grc' dir='ltr'><strong>ἀδελφῶν</strong></span> <span class='ocrx_word' id='word_1_279' title='bbox 2995 1242 3087 1278; x_wconf 89' lang='grc' dir='ltr'><strong>σου</strong></span> <span class='ocrx_word' id='word_1_280' title='bbox 3118 1225 3226 1278; x_wconf 87' lang='grc' dir='ltr'><strong>τῶν</strong></span> <span class='ocrx_word' id='word_1_281' title='bbox 3258 1222 3571 1294; x_wconf 80' lang='grc' dir='ltr'><strong>προφητῶν,</strong></span> <span class='ocrx_word' id='word_1_282' title='bbox 3605 1225 3703 1274; x_wconf 76' lang='grc' dir='ltr'>καὶ</span> 
     </span>
    </p>
   </div>
   <div class='ocr_carea' id='block_1_42' title="bbox 2111 1312 3696 1385">
    <p class='ocr_par' dir='ltr' id='par_1_42' title="bbox 2111 1312 3696 1385">
     <span class='ocr_line' id='line_1_42' title="bbox 2111 1312 3696 1385; baseline -0.003 -16"><span class='ocrx_word' id='word_1_283' title='bbox 2111 1317 2218 1369; x_wconf 89' lang='grc' dir='ltr'><strong>τῶν</strong></span> <span class='ocrx_word' id='word_1_284' title='bbox 2250 1317 2630 1385; x_wconf 81' lang='grc' dir='ltr'><strong>φυλασσόντων</strong></span> <span class='ocrx_word' id='word_1_285' title='bbox 2663 1318 2790 1380; x_wconf 84' lang='grc' dir='ltr'>τοὺς</span> <span class='ocrx_word' id='word_1_286' title='bbox 2815 1317 3009 1384; x_wconf 80' lang='grc' dir='ltr'>λόγους</span> <span class='ocrx_word' id='word_1_287' title='bbox 3040 1315 3134 1368; x_wconf 88' lang='grc' dir='ltr'><strong>τοῦ</strong></span> <span class='ocrx_word' id='word_1_288' title='bbox 3184 1313 3388 1384; x_wconf 72' lang='grc' dir='ltr'>βιϐλίου</span> <span class='ocrx_word' id='word_1_289' title='bbox 3431 1312 3641 1366; x_wconf 89' lang='grc' dir='ltr'>τούτου.</span> <span class='ocrx_word' id='word_1_290' title='bbox 3675 1332 3696 1365; x_wconf 73' lang='grc' dir='ltr'><strong>ι</strong></span> 
     </span>
    </p>
   </div>
   <div class='ocr_carea' id='block_1_43' title="bbox 2113 1405 3702 1478">
    <p class='ocr_par' dir='ltr' id='par_1_43' title="bbox 2113 1405 3702 1478">
     <span class='ocr_line' id='line_1_43' title="bbox 2113 1405 3702 1478; baseline -0.004 -18"><span class='ocrx_word' id='word_1_291' title='bbox 2113 1409 2216 1460; x_wconf 84' lang='grc' dir='ltr'><strong>Τὸν</strong></span> <span class='ocrx_word' id='word_1_292' title='bbox 2265 1408 2463 1462; x_wconf 84' lang='grc' dir='ltr'>Μανωέ</span> <span class='ocrx_word' id='word_1_293' title='bbox 2512 1408 2608 1462; x_wconf 89' lang='grc' dir='ltr'><strong>τοῦ</strong></span> <span class='ocrx_word' id='word_1_294' title='bbox 2659 1408 2898 1478; x_wconf 83' lang='grc' dir='ltr'>Σαμψὼν</span> <span class='ocrx_word' id='word_1_295' title='bbox 2942 1408 3035 1460; x_wconf 82' lang='grc' dir='ltr'>τὸν</span> <span class='ocrx_word' id='word_1_296' title='bbox 3063 1407 3276 1476; x_wconf 80' lang='grc' dir='ltr'><strong>πατέρα</strong></span> <span class='ocrx_word' id='word_1_297' title='bbox 3316 1405 3502 1458; x_wconf 82' lang='grc' dir='ltr'>θυσίαν</span> <span class='ocrx_word' id='word_1_298' title='bbox 3531 1421 3702 1468; x_wconf 87' lang='grc' dir='ltr'>προσ-</span> 
     </span>
    </p>
   </div>
   <div class='ocr_carea' id='block_1_44' title="bbox 2113 1497 3701 1568">
    <p class='ocr_par' dir='ltr' id='par_1_44' title="bbox 2113 1497 3701 1568">
     <span class='ocr_line' id='line_1_44' title="bbox 2113 1497 3701 1568; baseline -0.003 -15"><span class='ocrx_word' id='word_1_299' title='bbox 2113 1501 2313 1567; x_wconf 85' lang='grc' dir='ltr'>άγοντα</span> <span class='ocrx_word' id='word_1_300' title='bbox 2338 1542 2350 1563; x_wconf 93' lang='grc'><strong>,</strong></span> <span class='ocrx_word' id='word_1_301' title='bbox 2405 1501 2717 1554; x_wconf 80' lang='grc' dir='ltr'>κεκώλυκεν</span> <span class='ocrx_word' id='word_1_302' title='bbox 2771 1503 2799 1554; x_wconf 98' lang='lat'><strong>6</strong></span> <span class='ocrx_word' id='word_1_303' title='bbox 2847 1499 3075 1568; x_wconf 74' lang='grc' dir='ltr'>ἄγγελος</span> <span class='ocrx_word' id='word_1_304' title='bbox 3124 1498 3328 1566; x_wconf 84' lang='grc' dir='ltr'>λέγων·</span> <span class='ocrx_word' id='word_1_305' title='bbox 3385 1515 3404 1548; x_wconf 81' lang='grc' dir='ltr'><strong>ι</strong></span> <span class='ocrx_word' id='word_1_306' title='bbox 3445 1497 3553 1550; x_wconf 70' lang='grc' dir='ltr'><strong>Καὶ</strong></span> <span class='ocrx_word' id='word_1_307' title='bbox 3603 1497 3701 1549; x_wconf 80' lang='grc' dir='ltr'><strong>ἐὰν</strong></span> 
     </span>
    </p>
   </div>
   <div class='ocr_carea' id='block_1_45' title="bbox 2111 1585 3699 1662">
    <p class='ocr_par' dir='ltr' id='par_1_45' title="bbox 2111 1585 3699 1662">
     <span class='ocr_line' id='line_1_45' title="bbox 2111 1585 3699 1662; baseline -0.004 -19"><span class='ocrx_word' id='word_1_308' title='bbox 2111 1592 2344 1662; x_wconf 83' lang='grc' dir='ltr'>ποιήσῃς</span> <span class='ocrx_word' id='word_1_309' title='bbox 2395 1590 2604 1660; x_wconf 76' lang='grc' dir='ltr'>ἔριφον,</span> <span class='ocrx_word' id='word_1_310' title='bbox 2649 1590 2843 1662; x_wconf 81' lang='grc' dir='ltr'>Κυρίῳ</span> <span class='ocrx_word' id='word_1_311' title='bbox 2891 1590 3136 1660; x_wconf 82' lang='grc' dir='ltr'>ποιήσεις</span> <span class='ocrx_word' id='word_1_312' title='bbox 3187 1587 3370 1641; x_wconf 83' lang='grc' dir='ltr'>αὐτόν.</span> <span class='ocrx_word' id='word_1_313' title='bbox 3405 1605 3422 1638; x_wconf 77' lang='grc' dir='ltr'><strong>ι</strong></span> <span class='ocrx_word' id='word_1_314' title='bbox 3461 1587 3596 1656; x_wconf 76' lang='grc' dir='ltr'>Περὶ</span> <span class='ocrx_word' id='word_1_315' title='bbox 3641 1585 3699 1638; x_wconf 79' lang='grc' dir='ltr'>δὲ</span> 
     </span>
    </p>
   </div>
   <div class='ocr_carea' id='block_1_46' title="bbox 2110 1678 3697 1753">
    <p class='ocr_par' dir='ltr' id='par_1_46' title="bbox 2110 1678 3697 1753">
     <span class='ocr_line' id='line_1_46' title="bbox 2110 1678 3697 1753; baseline -0.003 -19"><span class='ocrx_word' id='word_1_316' title='bbox 2110 1682 2200 1736; x_wconf 86' lang='grc' dir='ltr'><strong>τοῦ</strong></span> <span class='ocrx_word' id='word_1_317' title='bbox 2238 1681 2365 1736; x_wconf 83' lang='grc' dir='ltr'>Υἱοῦ</span> <span class='ocrx_word' id='word_1_318' title='bbox 2394 1683 2732 1753; x_wconf 84' lang='grc' dir='ltr'>γέγραπται·</span> <span class='ocrx_word' id='word_1_319' title='bbox 2769 1700 2786 1734; x_wconf 79' lang='grc' dir='ltr'><strong>ι</strong></span> <span class='ocrx_word' id='word_1_320' title='bbox 2816 1681 3356 1752; x_wconf 84' lang='grc' dir='ltr'>Προσκυνησάτωσαν</span> <span class='ocrx_word' id='word_1_321' title='bbox 3387 1678 3533 1748; x_wconf 87' lang='grc' dir='ltr'><strong>αὐτῷ</strong></span> <span class='ocrx_word' id='word_1_322' title='bbox 3555 1678 3697 1730; x_wconf 83' lang='grc' dir='ltr'>πάν-</span> 
     </span>
    </p>
   </div>
   <div class='ocr_carea' id='block_1_47' title="bbox 2110 1771 3693 1845">
    <p class='ocr_par' dir='ltr' id='par_1_47' title="bbox 2110 1771 3693 1845">
     <span class='ocr_line' id='line_1_47' title="bbox 2110 1771 3693 1845; baseline -0.004 -17"><span class='ocrx_word' id='word_1_323' title='bbox 2110 1793 2198 1839; x_wconf 90' lang='grc' dir='ltr'><strong>τες</strong></span> <span class='ocrx_word' id='word_1_324' title='bbox 2228 1775 2447 1844; x_wconf 78' lang='grc' dir='ltr'>ἄγγελοι</span> <span class='ocrx_word' id='word_1_325' title='bbox 2486 1775 2641 1828; x_wconf 88' lang='grc' dir='ltr'>Θεοῦ.</span> <span class='ocrx_word' id='word_1_326' title='bbox 2671 1794 2688 1826; x_wconf 75' lang='grc' dir='ltr'><strong>ι</strong></span> <span class='ocrx_word' id='word_1_327' title='bbox 2710 1775 2799 1828; x_wconf 88' lang='grc' dir='ltr'>Ἐν</span> <span class='ocrx_word' id='word_1_328' title='bbox 2825 1773 2903 1844; x_wconf 86' lang='grc' dir='ltr'>τῷ</span> <span class='ocrx_word' id='word_1_329' title='bbox 2930 1774 3126 1845; x_wconf 75' lang='grc' dir='ltr'>Ἡσαΐᾳ</span> <span class='ocrx_word' id='word_1_330' title='bbox 3158 1772 3466 1843; x_wconf 87' lang='grc' dir='ltr'>γέγραπται</span> <span class='ocrx_word' id='word_1_331' title='bbox 3500 1771 3693 1838; x_wconf 43' lang='grc' dir='ltr'><strong>πάλιν,⁸</strong></span> 
     </span>
    </p>
   </div>
   <div class='ocr_carea' id='block_1_48' title="bbox 2118 1864 3693 1936">
    <p class='ocr_par' dir='ltr' id='par_1_48' title="bbox 2118 1864 3693 1936">
     <span class='ocr_line' id='line_1_48' title="bbox 2118 1864 3693 1936; baseline -0.001 -19"><span class='ocrx_word' id='word_1_332' title='bbox 2118 1871 2150 1917; x_wconf 75' lang='lat' dir='ltr'><strong>i‘</strong></span> <span class='ocrx_word' id='word_1_333' title='bbox 2172 1868 2280 1921; x_wconf 76' lang='grc' dir='ltr'><strong>Καὶ</strong></span> <span class='ocrx_word' id='word_1_334' title='bbox 2316 1870 2373 1920; x_wconf 84' lang='grc' dir='ltr'><strong>ἐν</strong></span> <span class='ocrx_word' id='word_1_335' title='bbox 2409 1867 2492 1918; x_wconf 71' lang='grc' dir='ltr'>σοὶ</span> <span class='ocrx_word' id='word_1_336' title='bbox 2528 1868 2981 1936; x_wconf 84' lang='grc' dir='ltr'>προσκυνήσουσι,</span> <span class='ocrx_word' id='word_1_337' title='bbox 3014 1867 3109 1919; x_wconf 82' lang='grc' dir='ltr'>καὶ</span> <span class='ocrx_word' id='word_1_338' title='bbox 3142 1867 3201 1919; x_wconf 88' lang='grc' dir='ltr'><strong>ἐν</strong></span> <span class='ocrx_word' id='word_1_339' title='bbox 3234 1865 3316 1919; x_wconf 78' lang='grc' dir='ltr'>σοὶ</span> <span class='ocrx_word' id='word_1_340' title='bbox 3361 1864 3693 1935; x_wconf 83' lang='grc' dir='ltr'>προσεύξον-</span> 
     </span>
    </p>
   </div>
   <div class='ocr_carea' id='block_1_49' title="bbox 2039 1923 3698 2030">
    <p class='ocr_par' dir='ltr' id='par_1_49' title="bbox 2039 1923 3698 2030">
     <span class='ocr_line' id='line_1_49' title="bbox 2039 1923 3698 2030; baseline -0.001 -18"><span class='ocrx_word' id='word_1_341' title='bbox 2039 1923 2079 1976; x_wconf 74' lang='grc' dir='ltr'><strong>Β</strong></span> <span class='ocrx_word' id='word_1_342' title='bbox 2105 1975 2215 2012; x_wconf 89' lang='grc' dir='ltr'>ται.</span> <span class='ocrx_word' id='word_1_343' title='bbox 2264 1959 2336 2010; x_wconf 79' lang='grc' dir='ltr'><strong>Σὺ</strong></span> <span class='ocrx_word' id='word_1_344' title='bbox 2364 1958 2474 2030; x_wconf 83' lang='grc' dir='ltr'><strong>γὰρ</strong></span> <span class='ocrx_word' id='word_1_345' title='bbox 2502 1923 2609 2011; x_wconf 41' lang='grc' dir='ltr'><strong>εῐιὸ</strong></span> <span class='ocrx_word' id='word_1_346' title='bbox 2630 1923 2801 2022; x_wconf 41' lang='grc' dir='ltr'>Θεδςί</span> <span class='ocrx_word' id='word_1_347' title='bbox 2821 1958 2920 2012; x_wconf 78' lang='grc' dir='ltr'>καὶ</span> <span class='ocrx_word' id='word_1_348' title='bbox 2962 1923 3061 2011; x_wconf 80' lang='grc' dir='ltr'>οὐκ</span> <span class='ocrx_word' id='word_1_349' title='bbox 3092 1957 3344 2028; x_wconf 74' lang='grc' dir='ltr'>ᾔδειμεν·</span> <span class='ocrx_word' id='word_1_350' title='bbox 3382 1923 3417 2008; x_wconf 45' lang='grc' dir='ltr'><strong>ὁ·</strong></span> <span class='ocrx_word' id='word_1_351' title='bbox 3435 1955 3566 2019; x_wconf 79' lang='grc' dir='ltr'>Θεὸς</span> <span class='ocrx_word' id='word_1_352' title='bbox 3579 1923 3698 2010; x_wconf 49' lang='grc' dir='ltr'>-τοῢ</span> 
     </span>
    </p>
   </div>
   <div class='ocr_carea' id='block_1_50' title="bbox 2117 2044 3698 2121">
    <p class='ocr_par' dir='ltr' id='par_1_50' title="bbox 2117 2044 3698 2121">
     <span class='ocr_line' id='line_1_50' title="bbox 2117 2044 3698 2121; baseline -0.002 -19"><span class='ocrx_word' id='word_1_353' title='bbox 2117 2050 2330 2121; x_wconf 80' lang='grc' dir='ltr'>Ἰσραὴλ</span> <span class='ocrx_word' id='word_1_354' title='bbox 2383 2050 2594 2120; x_wconf 84' lang='grc' dir='ltr'>Σωτήρ.</span> <span class='ocrx_word' id='word_1_355' title='bbox 2629 2069 2648 2101; x_wconf 78' lang='grc' dir='ltr'><strong>ι</strong></span> <span class='ocrx_word' id='word_1_356' title='bbox 2679 2049 2778 2118; x_wconf 84' lang='grc' dir='ltr'><strong>Εῐη</strong></span> <span class='ocrx_word' id='word_1_357' title='bbox 2823 2048 2868 2101; x_wconf 83' lang='grc' dir='ltr'>δ’</span> <span class='ocrx_word' id='word_1_358' title='bbox 2905 2047 2971 2101; x_wconf 78' lang='grc' dir='ltr'>ἂν</span> <span class='ocrx_word' id='word_1_359' title='bbox 3014 2047 3237 2110; x_wconf 75' lang='grc' dir='ltr'>εἰκότως</span> <span class='ocrx_word' id='word_1_360' title='bbox 3282 2045 3389 2099; x_wconf 84' lang='grc' dir='ltr'><strong>τῶν</strong></span> <span class='ocrx_word' id='word_1_361' title='bbox 3421 2044 3482 2110; x_wconf 80' lang='grc' dir='ltr'>ἐξ</span> <span class='ocrx_word' id='word_1_362' title='bbox 3523 2045 3698 2099; x_wconf 84' lang='grc' dir='ltr'>ἐθνῶν</span> 
     </span>
    </p>
   </div>
   <div class='ocr_carea' id='block_1_51' title="bbox 2105 2135 3698 2212">
    <p class='ocr_par' dir='ltr' id='par_1_51' title="bbox 2105 2135 3698 2212">
     <span class='ocr_line' id='line_1_51' title="bbox 2105 2135 3698 2212; baseline -0.002 -17"><span class='ocrx_word' id='word_1_363' title='bbox 2105 2143 2458 2212; x_wconf 82' lang='grc' dir='ltr'>κεκλημένων</span> <span class='ocrx_word' id='word_1_364' title='bbox 2502 2144 2535 2212; x_wconf 82' lang='grc' dir='ltr'>ἡ</span> <span class='ocrx_word' id='word_1_365' title='bbox 2580 2140 2806 2211; x_wconf 83' lang='grc' dir='ltr'>τοιαύτη</span> <span class='ocrx_word' id='word_1_366' title='bbox 3065 2139 3252 2192; x_wconf 81' lang='grc' dir='ltr'>λοιπὸν</span> <span class='ocrx_word' id='word_1_367' title='bbox 3302 2139 3698 2207; x_wconf 77' lang='grc' dir='ltr'>ἐπεγνωκότων</span> 
     </span>
    </p>
   </div>
   <div class='ocr_carea' id='block_1_52' title="bbox 2103 2229 3691 2298">
    <p class='ocr_par' dir='ltr' id='par_1_52' title="bbox 2103 2229 3691 2298">
     <span class='ocr_line' id='line_1_52' title="bbox 2103 2229 3691 2298; baseline -0.003 -14"><span class='ocrx_word' id='word_1_368' title='bbox 2103 2233 2252 2288; x_wconf 88' lang='grc' dir='ltr'>Θεόν.</span> <span class='ocrx_word' id='word_1_369' title='bbox 2288 2236 2344 2287; x_wconf 82' lang='lat' dir='ltr'><strong>El</strong></span> <span class='ocrx_word' id='word_1_370' title='bbox 2393 2234 2447 2286; x_wconf 88' lang='grc' dir='ltr'>δὲ</span> <span class='ocrx_word' id='word_1_371' title='bbox 2499 2234 2588 2285; x_wconf 87' lang='grc' dir='ltr'>τὸν</span> <span class='ocrx_word' id='word_1_372' title='bbox 2629 2232 2754 2285; x_wconf 83' lang='grc' dir='ltr'>Υἱὸν</span> <span class='ocrx_word' id='word_1_373' title='bbox 2799 2232 3134 2298; x_wconf 77' lang='grc' dir='ltr'>ἐπιγνόντες,</span> <span class='ocrx_word' id='word_1_374' title='bbox 3163 2230 3301 2284; x_wconf 79' lang='grc' dir='ltr'>Θεὸν</span> <span class='ocrx_word' id='word_1_375' title='bbox 3348 2229 3691 2298; x_wconf 78' lang='grc' dir='ltr'>ἐπέγνωσαν,</span> 
     </span>
    </p>
   </div>
   <div class='ocr_carea' id='block_1_53' title="bbox 2103 2322 3688 2395">
    <p class='ocr_par' dir='ltr' id='par_1_53' title="bbox 2103 2322 3688 2395">
     <span class='ocr_line' id='line_1_53' title="bbox 2103 2322 3688 2395; baseline -0.002 -18"><span class='ocrx_word' id='word_1_376' title='bbox 2103 2328 2194 2379; x_wconf 78' lang='grc' dir='ltr'>καὶ</span> <span class='ocrx_word' id='word_1_377' title='bbox 2241 2327 2315 2387; x_wconf 88' lang='grc' dir='ltr'>ὼς</span> <span class='ocrx_word' id='word_1_378' title='bbox 2361 2324 2480 2395; x_wconf 85' lang='grc' dir='ltr'>Θεῷ</span> <span class='ocrx_word' id='word_1_379' title='bbox 2527 2323 2948 2395; x_wconf 81' lang='grc' dir='ltr'>προσκυνοῦσιν,</span> <span class='ocrx_word' id='word_1_380' title='bbox 2979 2324 3080 2376; x_wconf 74' lang='grc' dir='ltr'>οὐκ</span> <span class='ocrx_word' id='word_1_381' title='bbox 3107 2323 3216 2393; x_wconf 63' lang='grc' dir='ltr'>ἄρα</span> <span class='ocrx_word' id='word_1_382' title='bbox 3255 2324 3461 2392; x_wconf 74' lang='grc' dir='ltr'>κτίσμα</span> <span class='ocrx_word' id='word_1_383' title='bbox 3517 2322 3688 2384; x_wconf 78' lang='grc' dir='ltr'>ἐστὶν,</span> 
     </span>
    </p>
   </div>
   <div class='ocr_carea' id='block_1_54' title="bbox 2101 2411 3692 2486">
    <p class='ocr_par' dir='ltr' id='par_1_54' title="bbox 2101 2411 3692 2486">
     <span class='ocr_line' id='line_1_54' title="bbox 2101 2411 3692 2486; baseline -0.004 -17"><span class='ocrx_word' id='word_1_384' title='bbox 2101 2418 2186 2471; x_wconf 83' lang='grc' dir='ltr'>ἵνα</span> <span class='ocrx_word' id='word_1_385' title='bbox 2219 2420 2292 2486; x_wconf 78' lang='grc' dir='ltr'>μὴ</span> <span class='ocrx_word' id='word_1_386' title='bbox 2327 2416 2488 2470; x_wconf 74' lang='grc' dir='ltr'>πάλιν</span> <span class='ocrx_word' id='word_1_387' title='bbox 2525 2416 2786 2486; x_wconf 86' lang='grc' dir='ltr'>κτίσματι</span> <span class='ocrx_word' id='word_1_388' title='bbox 2822 2413 3057 2484; x_wconf 83' lang='grc' dir='ltr'>λατρεύῃ</span> <span class='ocrx_word' id='word_1_389' title='bbox 3101 2414 3170 2465; x_wconf 84' lang='grc' dir='ltr'>τὰ</span> <span class='ocrx_word' id='word_1_390' title='bbox 3219 2412 3345 2483; x_wconf 72' lang='grc' dir='ltr'>ἔθνη</span> <span class='ocrx_word' id='word_1_391' title='bbox 3394 2412 3547 2482; x_wconf 74' lang='grc' dir='ltr'>παρὰ</span> <span class='ocrx_word' id='word_1_392' title='bbox 3600 2411 3692 2466; x_wconf 85' lang='grc' dir='ltr'>τὸν</span> 
     </span>
    </p>
   </div>
   <div class='ocr_carea' id='block_1_55' title="bbox 2103 2510 2386 2561">
    <p class='ocr_par' dir='ltr' id='par_1_55' title="bbox 2103 2510 2386 2561">
     <span class='ocr_line' id='line_1_55' title="bbox 2103 2510 2386 2561; baseline 0 0"><span class='ocrx_word' id='word_1_393' title='bbox 2103 2510 2386 2561; x_wconf 82' lang='grc' dir='ltr'>κτίσαντα.</span> 
     </span>
    </p>
   </div>
   <div class='ocr_carea' id='block_1_56' title="bbox 2790 2620 2992 2674">
    <p class='ocr_par' dir='ltr' id='par_1_56' title="bbox 2790 2620 2992 2674">
     <span class='ocr_line' id='line_1_56' title="bbox 2790 2620 2992 2674; baseline 0.02 -4"><span class='ocrx_word' id='word_1_394' title='bbox 2790 2620 2992 2674; x_wconf 56' lang='grc' dir='ltr'><strong>ΑΑΧΛΟ.</strong></span> 
     </span>
    </p>
   </div>
   <div class='ocr_carea' id='block_1_57' title="bbox 2169 2729 3686 2804">
    <p class='ocr_par' dir='ltr' id='par_1_57' title="bbox 2169 2729 3686 2804">
     <span class='ocr_line' id='line_1_57' title="bbox 2169 2729 3686 2804; baseline -0.003 -18"><span class='ocrx_word' id='word_1_395' title='bbox 2169 2735 2329 2801; x_wconf 81' lang='grc' dir='ltr'>Λέγει</span> <span class='ocrx_word' id='word_1_396' title='bbox 2390 2732 2525 2804; x_wconf 79' lang='grc' dir='ltr'>πρὸς</span> <span class='ocrx_word' id='word_1_397' title='bbox 2567 2735 2705 2799; x_wconf 41' lang='grc' dir='ltr'>ιτοὺς</span> <span class='ocrx_word' id='word_1_398' title='bbox 2774 2731 2968 2786; x_wconf 80' lang='grc' dir='ltr'>ἑαυτοῦ</span> <span class='ocrx_word' id='word_1_399' title='bbox 3025 2729 3273 2801; x_wconf 77' lang='grc' dir='ltr'>μαθητὰς</span> <span class='ocrx_word' id='word_1_400' title='bbox 3322 2730 3350 2782; x_wconf 90' lang='lat'><strong>6</strong></span> <span class='ocrx_word' id='word_1_401' title='bbox 3402 2731 3635 2801; x_wconf 83' lang='grc' dir='ltr'>Χριστός</span> <span class='ocrx_word' id='word_1_402' title='bbox 3671 2748 3686 2760; x_wconf 75' lang='grc' dir='ltr'><strong>ο</strong></span> 
     </span>
    </p>
   </div>
   <div class='ocr_carea' id='block_1_58' title="bbox 2104 2820 3690 2895">
    <p class='ocr_par' dir='ltr' id='par_1_58' title="bbox 2104 2820 3690 2895">
     <span class='ocr_line' id='line_1_58' title="bbox 2104 2820 3690 2895; baseline -0.002 -19"><span class='ocrx_word' id='word_1_403' title='bbox 2104 2841 2122 2876; x_wconf 80' lang='lat' dir='ltr'><strong>t</strong></span> <span class='ocrx_word' id='word_1_404' title='bbox 2146 2824 2332 2895; x_wconf 81' lang='grc' dir='ltr'><strong>Ὑμεῖς</strong></span> <span class='ocrx_word' id='word_1_405' title='bbox 2364 2824 2576 2879; x_wconf 72' lang='grc' dir='ltr'>καλεῖτέ</span> <span class='ocrx_word' id='word_1_406' title='bbox 2607 2841 2695 2894; x_wconf 85' lang='grc' dir='ltr'><strong>με,</strong></span> <span class='ocrx_word' id='word_1_407' title='bbox 2730 2824 2759 2877; x_wconf 90' lang='lat'><strong>6</strong></span> <span class='ocrx_word' id='word_1_408' title='bbox 2789 2824 2991 2895; x_wconf 82' lang='grc' dir='ltr'>Κύριος</span> <span class='ocrx_word' id='word_1_409' title='bbox 3027 2821 3123 2875; x_wconf 76' lang='grc' dir='ltr'>καὶ</span> <span class='ocrx_word' id='word_1_410' title='bbox 3153 2824 3181 2875; x_wconf 83' lang='lat'><strong>6</strong></span> <span class='ocrx_word' id='word_1_411' title='bbox 3215 2820 3566 2884; x_wconf 80' lang='grc' dir='ltr'>Διδάσκαλος,</span> <span class='ocrx_word' id='word_1_412' title='bbox 3590 2823 3690 2874; x_wconf 82' lang='grc' dir='ltr'>καὶ</span> 
     </span>
    </p>
   </div>
   <div class='ocr_carea' id='block_1_59' title="bbox 2095 2910 3690 2985">
    <p class='ocr_par' dir='ltr' id='par_1_59' title="bbox 2095 2910 3690 2985">
     <span class='ocr_line' id='line_1_59' title="bbox 2095 2910 3690 2985; baseline -0.001 -18"><span class='ocrx_word' id='word_1_413' title='bbox 2095 2915 2276 2978; x_wconf 84' lang='grc' dir='ltr'>καλῶς</span> <span class='ocrx_word' id='word_1_414' title='bbox 2323 2917 2508 2984; x_wconf 83' lang='grc' dir='ltr'>λέγετε</span> <span class='ocrx_word' id='word_1_415' title='bbox 2529 2934 2540 2946; x_wconf 91' lang='grc'><strong>·</strong></span> <span class='ocrx_word' id='word_1_416' title='bbox 2571 2917 2687 2985; x_wconf 77' lang='grc' dir='ltr'>εἰμὶ</span> <span class='ocrx_word' id='word_1_417' title='bbox 2721 2914 2850 2985; x_wconf 83' lang='grc' dir='ltr'><strong>γᾶρ.</strong></span> <span class='ocrx_word' id='word_1_418' title='bbox 2884 2935 2900 2966; x_wconf 72' lang='grc' dir='ltr'><strong>ι</strong></span> <span class='ocrx_word' id='word_1_419' title='bbox 2940 2910 3070 2975; x_wconf 81' lang='grc' dir='ltr'>Εἶτα</span> <span class='ocrx_word' id='word_1_420' title='bbox 3118 2914 3265 2982; x_wconf 84' lang='grc' dir='ltr'>λέγει</span> <span class='ocrx_word' id='word_1_421' title='bbox 3299 2912 3432 2982; x_wconf 77' lang='grc' dir='ltr'>πρὸς</span> <span class='ocrx_word' id='word_1_422' title='bbox 3466 2913 3627 2965; x_wconf 75' lang='grc' dir='ltr'>αὐτὸν</span> <span class='ocrx_word' id='word_1_423' title='bbox 3658 2915 3690 2966; x_wconf 87' lang='lat'><strong>6</strong></span> 
     </span>
    </p>
   </div>
   <div class='ocr_carea' id='block_1_60' title="bbox 2097 3002 3686 3074">
    <p class='ocr_par' dir='ltr' id='par_1_60' title="bbox 2097 3002 3686 3074">
     <span class='ocr_line' id='line_1_60' title="bbox 2097 3002 3686 3074; baseline -0.001 -18"><span class='ocrx_word' id='word_1_424' title='bbox 2097 3005 2297 3073; x_wconf 76' lang='grc' dir='ltr'>Θωμᾶς</span> <span class='ocrx_word' id='word_1_425' title='bbox 2319 3019 2331 3033; x_wconf 88' lang='grc'><strong>·</strong></span> <span class='ocrx_word' id='word_1_426' title='bbox 2375 3024 2391 3056; x_wconf 81' lang='lat' dir='ltr'><strong>t</strong></span> <span class='ocrx_word' id='word_1_427' title='bbox 2417 3006 2474 3056; x_wconf 90' lang='grc' dir='ltr'>Ὀ</span> <span class='ocrx_word' id='word_1_428' title='bbox 2505 3003 2706 3072; x_wconf 83' lang='grc' dir='ltr'>Κύριός</span> <span class='ocrx_word' id='word_1_429' title='bbox 2737 3021 2865 3074; x_wconf 85' lang='grc' dir='ltr'>μου,</span> <span class='ocrx_word' id='word_1_430' title='bbox 2902 3004 2996 3056; x_wconf 73' lang='grc' dir='ltr'><strong>καὶ</strong></span> <span class='ocrx_word' id='word_1_431' title='bbox 3025 3005 3052 3057; x_wconf 90' lang='lat'><strong>6</strong></span> <span class='ocrx_word' id='word_1_432' title='bbox 3081 3003 3210 3064; x_wconf 82' lang='grc' dir='ltr'>Θεός</span> <span class='ocrx_word' id='word_1_433' title='bbox 3261 3020 3384 3072; x_wconf 87' lang='grc' dir='ltr'>μου,</span> <span class='ocrx_word' id='word_1_434' title='bbox 3418 3021 3435 3053; x_wconf 77' lang='grc' dir='ltr'><strong>ι</strong></span> <span class='ocrx_word' id='word_1_435' title='bbox 3459 3002 3555 3054; x_wconf 75' lang='grc' dir='ltr'>καὶ</span> <span class='ocrx_word' id='word_1_436' title='bbox 3583 3003 3686 3055; x_wconf 79' lang='grc' dir='ltr'>οὐκ</span> 
     </span>
    </p>
   </div>
   <div class='ocr_carea' id='block_1_61' title="bbox 2097 3093 3686 3164">
    <p class='ocr_par' dir='ltr' id='par_1_61' title="bbox 2097 3093 3686 3164">
     <span class='ocr_line' id='line_1_61' title="bbox 2097 3093 3686 3164; baseline -0.001 -16"><span class='ocrx_word' id='word_1_437' title='bbox 2097 3095 2419 3148; x_wconf 84' lang='grc' dir='ltr'>ἀπεκώλυσε</span> <span class='ocrx_word' id='word_1_438' title='bbox 2451 3095 2624 3150; x_wconf 85' lang='grc' dir='ltr'>ταῦτα</span> <span class='ocrx_word' id='word_1_439' title='bbox 2654 3095 2878 3163; x_wconf 81' lang='grc' dir='ltr'>λέγοντα</span> <span class='ocrx_word' id='word_1_440' title='bbox 2903 3094 2994 3147; x_wconf 84' lang='grc' dir='ltr'>τὸν</span> <span class='ocrx_word' id='word_1_441' title='bbox 3024 3094 3270 3164; x_wconf 81' lang='grc' dir='ltr'>μαθητὴν</span> <span class='ocrx_word' id='word_1_442' title='bbox 3298 3094 3372 3157; x_wconf 84' lang='grc' dir='ltr'>ὡς</span> <span class='ocrx_word' id='word_1_443' title='bbox 3394 3095 3442 3146; x_wconf 84' lang='grc' dir='ltr'>οἱ</span> <span class='ocrx_word' id='word_1_444' title='bbox 3463 3093 3686 3162; x_wconf 71' lang='grc' dir='ltr'>ἄγγελοι</span> 
     </span>
    </p>
   </div>
   <div class='ocr_carea' id='block_1_62' title="bbox 2093 3184 3683 3256">
    <p class='ocr_par' dir='ltr' id='par_1_62' title="bbox 2093 3184 3683 3256">
     <span class='ocr_line' id='line_1_62' title="bbox 2093 3184 3683 3256; baseline -0.002 -17"><span class='ocrx_word' id='word_1_445' title='bbox 2093 3188 2216 3249; x_wconf 75' lang='grc' dir='ltr'>τοὺς</span> <span class='ocrx_word' id='word_1_446' title='bbox 2241 3186 2450 3255; x_wconf 75' lang='grc' dir='ltr'>ἁγίους.</span> <span class='ocrx_word' id='word_1_447' title='bbox 2467 3187 2575 3238; x_wconf 78' lang='lat' dir='ltr'><strong>Kai.</strong></span> <span class='ocrx_word' id='word_1_448' title='bbox 2593 3187 2620 3238; x_wconf 87' lang='lat'><strong>6</strong></span> <span class='ocrx_word' id='word_1_449' title='bbox 2645 3185 2949 3256; x_wconf 78' lang='grc' dir='ltr'>Ψαλμῳδός</span> <span class='ocrx_word' id='word_1_450' title='bbox 2965 3196 2979 3212; x_wconf 88' lang='grc'>⁶</span> <span class='ocrx_word' id='word_1_451' title='bbox 3011 3203 3029 3236; x_wconf 78' lang='lat' dir='ltr'><strong>t</strong></span> <span class='ocrx_word' id='word_1_452' title='bbox 3051 3185 3108 3237; x_wconf 80' lang='grc' dir='ltr'>Ὀ</span> <span class='ocrx_word' id='word_1_453' title='bbox 3133 3184 3320 3255; x_wconf 85' lang='grc' dir='ltr'>θρόνος</span> <span class='ocrx_word' id='word_1_454' title='bbox 3345 3201 3458 3246; x_wconf 88' lang='grc' dir='ltr'>σου,</span> <span class='ocrx_word' id='word_1_455' title='bbox 3483 3184 3510 3236; x_wconf 89' lang='lat'><strong>6</strong></span> <span class='ocrx_word' id='word_1_456' title='bbox 3527 3184 3683 3247; x_wconf 80' lang='grc' dir='ltr'>Θεὸς,</span> 
     </span>
    </p>
   </div>
   <div class='ocr_carea' id='block_1_63' title="bbox 421 3255 1993 3345">
    <p class='ocr_par' dir='ltr' id='par_1_63' title="bbox 421 3272 1992 3342">
     <span class='ocr_line' id='line_1_63' title="bbox 421 3272 1992 3342; baseline 0.001 -15"><span class='ocrx_word' id='word_1_457' title='bbox 421 3273 585 3336; x_wconf 85' lang='lat' dir='ltr'><strong>Deus,</strong></span> <span class='ocrx_word' id='word_1_458' title='bbox 615 3272 774 3337; x_wconf 89' lang='lat' dir='ltr'><strong>Deus,</strong></span> <span class='ocrx_word' id='word_1_459' title='bbox 811 3274 863 3327; x_wconf 93' lang='lat' dir='ltr'><strong>in</strong></span> <span class='ocrx_word' id='word_1_460' title='bbox 895 3272 1146 3328; x_wconf 81' lang='lat' dir='ltr'><strong>saeculum</strong></span> <span class='ocrx_word' id='word_1_461' title='bbox 1181 3273 1359 3329; x_wconf 68' lang='lat' dir='ltr'><strong>saeculi</strong></span> <span class='ocrx_word' id='word_1_462' title='bbox 1386 3273 1429 3327; x_wconf 73' lang='lat'><strong>‘.</strong></span> <span class='ocrx_word' id='word_1_463' title='bbox 1461 3292 1479 3325; x_wconf 76' lang='grc' dir='ltr'><strong>ι</strong></span> <span class='ocrx_word' id='word_1_464' title='bbox 1520 3272 1680 3342; x_wconf 82' lang='lat'><strong>150</strong></span> <span class='ocrx_word' id='word_1_465' title='bbox 1709 3274 1772 3327; x_wconf 79' lang='lat' dir='ltr'><strong>At</strong></span> <span class='ocrx_word' id='word_1_466' title='bbox 1805 3274 1849 3328; x_wconf 89' lang='lat' dir='ltr'><strong>si</strong></span> <span class='ocrx_word' id='word_1_467' title='bbox 1875 3284 1992 3328; x_wconf 91' lang='lat' dir='ltr'><strong>erat</strong></span> 
     </span>
    </p>
   </div>
   <div class='ocr_carea' id='block_1_64' title="bbox 2111 3255 3685 3345">
    <p class='ocr_par' dir='ltr' id='par_1_64' title="bbox 2111 3255 3685 3345">
     <span class='ocr_line' id='line_1_64' title="bbox 2111 3255 3685 3345; baseline 0 -17"><span class='ocrx_word' id='word_1_468' title='bbox 2111 3276 2121 3327; x_wconf 65' lang='grc' dir='ltr'><strong>ί</strong></span> <span class='ocrx_word' id='word_1_469' title='bbox 2151 3275 2305 3341; x_wconf 77' lang='grc' dir='ltr'>Θεὸς,</span> <span class='ocrx_word' id='word_1_470' title='bbox 2352 3278 2433 3339; x_wconf 85' lang='grc' dir='ltr'><strong>είς</strong></span> <span class='ocrx_word' id='word_1_471' title='bbox 2468 3275 2559 3330; x_wconf 83' lang='grc' dir='ltr'>τὸν</span> <span class='ocrx_word' id='word_1_472' title='bbox 2590 3255 2888 3328; x_wconf 15' lang='grc' dir='ltr'>αἱῶναντοῦ</span> <span class='ocrx_word' id='word_1_473' title='bbox 2928 3274 3142 3337; x_wconf 78' lang='grc' dir='ltr'>αἰῶνος.</span> <span class='ocrx_word' id='word_1_474' title='bbox 3173 3294 3191 3326; x_wconf 72' lang='grc' dir='ltr'><strong>ι</strong></span> <span class='ocrx_word' id='word_1_475' title='bbox 3242 3275 3380 3328; x_wconf 82' lang='grc' dir='ltr'>Ἀλλ’</span> <span class='ocrx_word' id='word_1_476' title='bbox 3415 3273 3575 3344; x_wconf 65' lang='grc' dir='ltr'>εἴπερ</span> <span class='ocrx_word' id='word_1_477' title='bbox 3614 3271 3685 3345; x_wconf 80' lang='grc' dir='ltr'>ἦν</span> 
     </span>
    </p>
   </div>
   <div class='ocr_carea' id='block_1_65' title="bbox 419 3364 1992 3435">
    <p class='ocr_par' dir='ltr' id='par_1_65' title="bbox 419 3364 1992 3435">
     <span class='ocr_line' id='line_1_65' title="bbox 419 3364 1992 3435; baseline 0 -13"><span class='ocrx_word' id='word_1_478' title='bbox 419 3375 672 3422; x_wconf 87' lang='lat' dir='ltr'><strong>creatura</strong></span> <span class='ocrx_word' id='word_1_479' title='bbox 715 3365 878 3421; x_wconf 88' lang='lat' dir='ltr'><strong>etiam</strong></span> <span class='ocrx_word' id='word_1_480' title='bbox 924 3367 1059 3434; x_wconf 92' lang='lat' dir='ltr'><strong>ipse,</strong></span> <span class='ocrx_word' id='word_1_481' title='bbox 1095 3381 1199 3420; x_wconf 87' lang='lat' dir='ltr'><strong>non</strong></span> <span class='ocrx_word' id='word_1_482' title='bbox 1235 3364 1429 3420; x_wconf 81' lang='lat' dir='ltr'><strong>fuisset</strong></span> <span class='ocrx_word' id='word_1_483' title='bbox 1489 3365 1765 3429; x_wconf 89' lang='lat' dir='ltr'><strong>adoratus,</strong></span> <span class='ocrx_word' id='word_1_484' title='bbox 1819 3381 1992 3435; x_wconf 90' lang='lat' dir='ltr'><strong>neque</strong></span> 
     </span>
    </p>
   </div>
   <div class='ocr_carea' id='block_1_66' title="bbox 417 3455 1991 3526">
    <p class='ocr_par' dir='ltr' id='par_1_66' title="bbox 417 3455 1991 3526">
     <span class='ocr_line' id='line_1_66' title="bbox 417 3455 1991 3526; baseline 0 -17"><span class='ocrx_word' id='word_1_485' title='bbox 417 3466 640 3512; x_wconf 87' lang='lat' dir='ltr'><strong>vocatus</strong></span> <span class='ocrx_word' id='word_1_486' title='bbox 675 3456 952 3523; x_wconf 87' lang='lat' dir='ltr'><strong>Dominus,</strong></span> <span class='ocrx_word' id='word_1_487' title='bbox 1005 3471 1180 3526; x_wconf 86' lang='lat' dir='ltr'><strong>neque</strong></span> <span class='ocrx_word' id='word_1_488' title='bbox 1217 3455 1425 3510; x_wconf 88' lang='lat' dir='ltr'><strong>tulisset</strong></span> <span class='ocrx_word' id='word_1_489' title='bbox 1452 3469 1776 3525; x_wconf 85' lang='lat' dir='ltr'><strong>quemquam</strong></span> <span class='ocrx_word' id='word_1_490' title='bbox 1808 3455 1991 3509; x_wconf 89' lang='lat' dir='ltr'><strong>dicen-</strong></span> 
     </span>
    </p>
   </div>
   <div class='ocr_carea' id='block_1_67' title="bbox 420 3543 1989 3603">
    <p class='ocr_par' dir='ltr' id='par_1_67' title="bbox 420 3543 1989 3603">
     <span class='ocr_line' id='line_1_67' title="bbox 420 3543 1989 3603; baseline 0.001 -2"><span class='ocrx_word' id='word_1_491' title='bbox 420 3558 526 3603; x_wconf 86' lang='lat' dir='ltr'><strong>tem</strong></span> <span class='ocrx_word' id='word_1_492' title='bbox 566 3566 580 3603; x_wconf 89' lang='lat'><strong>:</strong></span> <span class='ocrx_word' id='word_1_493' title='bbox 618 3543 696 3601; x_wconf 85' lang='lat' dir='ltr'><strong>Tu</strong></span> <span class='ocrx_word' id='word_1_494' title='bbox 729 3561 788 3602; x_wconf 90' lang='lat' dir='ltr'><strong>es</strong></span> <span class='ocrx_word' id='word_1_495' title='bbox 816 3548 957 3602; x_wconf 85' lang='lat' dir='ltr'><strong>Deus</strong></span> <span class='ocrx_word' id='word_1_496' title='bbox 989 3561 1157 3602; x_wconf 87' lang='lat' dir='ltr'><strong>meus.</strong></span> <span class='ocrx_word' id='word_1_497' title='bbox 1191 3546 1323 3602; x_wconf 89' lang='lat' dir='ltr'><strong>Cum</strong></span> <span class='ocrx_word' id='word_1_498' title='bbox 1359 3561 1487 3603; x_wconf 87' lang='lat' dir='ltr'><strong>vero</strong></span> <span class='ocrx_word' id='word_1_499' title='bbox 1520 3546 1837 3601; x_wconf 83' lang='lat' dir='ltr'><strong>naturaliter</strong></span> <span class='ocrx_word' id='word_1_500' title='bbox 1875 3545 1989 3602; x_wconf 69' lang='lat' dir='ltr'><strong>haec</strong></span> 
     </span>
    </p>
   </div>
   <div class='ocr_carea' id='block_1_68' title="bbox 418 3633 1987 3705">
    <p class='ocr_par' dir='ltr' id='par_1_68' title="bbox 418 3633 1987 3705">
     <span class='ocr_line' id='line_1_68' title="bbox 418 3633 1987 3705; baseline -0.004 -13"><span class='ocrx_word' id='word_1_501' title='bbox 418 3639 510 3703; x_wconf 86' lang='lat' dir='ltr'><strong>sit,</strong></span> <span class='ocrx_word' id='word_1_502' title='bbox 544 3637 747 3691; x_wconf 89' lang='lat' dir='ltr'><strong>habens</strong></span> <span class='ocrx_word' id='word_1_503' title='bbox 780 3652 841 3691; x_wconf 86' lang='lat' dir='ltr'><strong>ea</strong></span> <span class='ocrx_word' id='word_1_504' title='bbox 870 3652 988 3705; x_wconf 81' lang='lat' dir='ltr'><strong>quae</strong></span> <span class='ocrx_word' id='word_1_505' title='bbox 1017 3635 1194 3690; x_wconf 85' lang='lat' dir='ltr'><strong>Patris</strong></span> <span class='ocrx_word' id='word_1_506' title='bbox 1227 3645 1372 3701; x_wconf 89' lang='lat' dir='ltr'><strong>sunt,</strong></span> <span class='ocrx_word' id='word_1_507' title='bbox 1409 3644 1466 3689; x_wconf 90' lang='lat' dir='ltr'><strong>ut</strong></span> <span class='ocrx_word' id='word_1_508' title='bbox 1501 3633 1671 3689; x_wconf 83' lang='lat' dir='ltr'><strong>Filius</strong></span> <span class='ocrx_word' id='word_1_509' title='bbox 1715 3640 1770 3688; x_wconf 84' lang='lat' dir='ltr'><strong>et</strong></span> <span class='ocrx_word' id='word_1_510' title='bbox 1802 3648 1987 3688; x_wconf 90' lang='lat' dir='ltr'><strong>verum</strong></span> 
     </span>
    </p>
   </div>
   <div class='ocr_carea' id='block_1_69' title="bbox 418 3725 1989 3798">
    <p class='ocr_par' dir='ltr' id='par_1_69' title="bbox 418 3725 1989 3798">
     <span class='ocr_line' id='line_1_69' title="bbox 418 3725 1989 3798; baseline -0.002 -15"><span class='ocrx_word' id='word_1_511' title='bbox 418 3729 585 3796; x_wconf 87' lang='lat' dir='ltr'><strong>ipsius</strong></span> <span class='ocrx_word' id='word_1_512' title='bbox 630 3743 870 3798; x_wconf 85' lang='lat' dir='ltr'><strong>germen,</strong></span> <span class='ocrx_word' id='word_1_513' title='bbox 923 3728 1157 3782; x_wconf 80' lang='lat' dir='ltr'><strong>admittit</strong></span> <span class='ocrx_word' id='word_1_514' title='bbox 1187 3728 1349 3781; x_wconf 90' lang='lat' dir='ltr'><strong>etiam</strong></span> <span class='ocrx_word' id='word_1_515' title='bbox 1398 3741 1490 3782; x_wconf 90' lang='lat' dir='ltr'><strong>eos</strong></span> <span class='ocrx_word' id='word_1_516' title='bbox 1519 3728 1612 3797; x_wconf 88' lang='lat' dir='ltr'><strong>qui</strong></span> <span class='ocrx_word' id='word_1_517' title='bbox 1659 3725 1783 3780; x_wconf 88' lang='lat' dir='ltr'><strong>talia</strong></span> <span class='ocrx_word' id='word_1_518' title='bbox 1831 3726 1897 3780; x_wconf 88' lang='lat' dir='ltr'><strong>de</strong></span> <span class='ocrx_word' id='word_1_519' title='bbox 1931 3739 1989 3780; x_wconf 88' lang='lat' dir='ltr'><strong>se</strong></span> 
     </span>
    </p>
   </div>
   <div class='ocr_carea' id='block_1_70' title="bbox 418 3819 1393 3890">
    <p class='ocr_par' dir='ltr' id='par_1_70' title="bbox 418 3819 1393 3890">
     <span class='ocr_line' id='line_1_70' title="bbox 418 3819 1393 3890; baseline -0.002 -16"><span class='ocrx_word' id='word_1_520' title='bbox 418 3821 727 3890; x_wconf 69' lang='lat' dir='ltr'><strong>praedicant,</strong></span> <span class='ocrx_word' id='word_1_521' title='bbox 767 3831 825 3874; x_wconf 89' lang='lat' dir='ltr'><strong>ut</strong></span> <span class='ocrx_word' id='word_1_522' title='bbox 847 3835 1028 3875; x_wconf 89' lang='lat' dir='ltr'><strong>verum</strong></span> <span class='ocrx_word' id='word_1_523' title='bbox 1061 3819 1393 3889; x_wconf 81' lang='lat' dir='ltr'><strong>proﬁtentes.</strong></span> 
     </span>
    </p>
   </div>
   <div class='ocr_carea' id='block_1_71' title="bbox 1095 3925 1320 3984">
    <p class='ocr_par' dir='ltr' id='par_1_71' title="bbox 1095 3925 1320 3984">
     <span class='ocr_line' id='line_1_71' title="bbox 1095 3925 1320 3984; baseline 0.009 -4"><span class='ocrx_word' id='word_1_524' title='bbox 1095 3925 1320 3984; x_wconf 80' lang='lat' dir='ltr'><strong>ALIUD.</strong></span> 
     </span>
    </p>
   </div>
   <div class='ocr_carea' id='block_1_72' title="bbox 420 4039 1987 4112">
    <p class='ocr_par' dir='ltr' id='par_1_72' title="bbox 420 4039 1987 4112">
     <span class='ocr_line' id='line_1_72' title="bbox 420 4039 1987 4112; baseline 0.001 -18"><span class='ocrx_word' id='word_1_525' title='bbox 420 4039 655 4111; x_wconf 81' lang='lat' dir='ltr'><strong>Objectio</strong></span> <span class='ocrx_word' id='word_1_526' title='bbox 695 4055 758 4095; x_wconf 75' lang='lat' dir='ltr'><strong>cx</strong></span> <span class='ocrx_word' id='word_1_527' title='bbox 809 4040 1134 4112; x_wconf 70' lang='lat' dir='ltr'><strong>dogmatibus</strong></span> <span class='ocrx_word' id='word_1_528' title='bbox 1179 4040 1317 4102; x_wconf 68' lang='lat' dir='ltr'><strong>Arii,</strong></span> <span class='ocrx_word' id='word_1_529' title='bbox 1367 4055 1482 4110; x_wconf 67' lang='lat' dir='ltr'><strong>qum</strong></span> <span class='ocrx_word' id='word_1_530' title='bbox 1537 4057 1731 4104; x_wconf 73' lang='lat' dir='ltr'><strong>verum,</strong></span> <span class='ocrx_word' id='word_1_531' title='bbox 1786 4052 1843 4095; x_wconf 85' lang='lat' dir='ltr'><strong>ut</strong></span> <span class='ocrx_word' id='word_1_532' title='bbox 1889 4044 1987 4112; x_wconf 80' lang='lat' dir='ltr'><strong>ipsi</strong></span> 
     </span>
    </p>
   </div>
   <div class='ocr_carea' id='block_1_73' title="bbox 479 4111 1986 4180">
    <p class='ocr_par' dir='ltr' id='par_1_73' title="bbox 479 4111 1986 4180">
     <span class='ocr_line' id='line_1_73' title="bbox 479 4111 1986 4180; baseline 0.003 -19"><span class='ocrx_word' id='word_1_533' title='bbox 479 4121 689 4180; x_wconf 32' lang='lat' dir='ltr'><strong>pAutant,</strong></span> <span class='ocrx_word' id='word_1_534' title='bbox 725 4127 941 4163; x_wconf 80' lang='lat' dir='ltr'><strong>causam</strong></span> <span class='ocrx_word' id='word_1_535' title='bbox 975 4111 1224 4173; x_wconf 78' lang='lat' dir='ltr'><strong>continet,</strong></span> <span class='ocrx_word' id='word_1_536' title='bbox 1260 4121 1468 4178; x_wconf 80' lang='lat' dir='ltr'><strong>propter</strong></span> <span class='ocrx_word' id='word_1_537' title='bbox 1505 4127 1660 4179; x_wconf 83' lang='lat' dir='ltr'><strong>quam</strong></span> <span class='ocrx_word' id='word_1_538' title='bbox 1703 4113 1873 4180; x_wconf 78' lang='lat' dir='ltr'><strong>factus</strong></span> <span class='ocrx_word' id='word_1_539' title='bbox 1920 4114 1986 4166; x_wconf 84' lang='lat' dir='ltr'><strong>sit</strong></span> 
     </span>
    </p>
   </div>
   <div class='ocr_carea' id='block_1_74' title="bbox 486 4178 1925 4250">
    <p class='ocr_par' dir='ltr' id='par_1_74' title="bbox 486 4178 1925 4250">
     <span class='ocr_line' id='line_1_74' title="bbox 486 4178 1925 4250; baseline 0.003 -18"><span class='ocrx_word' id='word_1_540' title='bbox 486 4178 680 4246; x_wconf 84' lang='lat' dir='ltr'><strong>Filius,</strong></span> <span class='ocrx_word' id='word_1_541' title='bbox 740 4192 785 4233; x_wconf 85' lang='lat' dir='ltr'><strong>et</strong></span> <span class='ocrx_word' id='word_1_542' title='bbox 813 4180 927 4249; x_wconf 83' lang='lat' dir='ltr'><strong>ejus</strong></span> <span class='ocrx_word' id='word_1_543' title='bbox 950 4196 1039 4249; x_wconf 80' lang='lat' dir='ltr'><strong>per</strong></span> <span class='ocrx_word' id='word_1_544' title='bbox 1062 4180 1259 4234; x_wconf 82' lang='lat' dir='ltr'><strong>solidos</strong></span> <span class='ocrx_word' id='word_1_545' title='bbox 1294 4178 1623 4250; x_wconf 77' lang='lat' dir='ltr'><strong>syllogismos</strong></span> <span class='ocrx_word' id='word_1_546' title='bbox 1658 4178 1925 4250; x_wconf 74' lang='lat' dir='ltr'><strong>refutatio.</strong></span> 
     </span>
    </p>
   </div>
   <div class='ocr_carea' id='block_1_75' title="bbox 484 4358 1984 4430">
    <p class='ocr_par' dir='ltr' id='par_1_75' title="bbox 484 4358 1984 4430">
     <span class='ocr_line' id='line_1_75' title="bbox 484 4358 1984 4430; baseline 0.001 -15"><span class='ocrx_word' id='word_1_547' title='bbox 484 4360 641 4424; x_wconf 87' lang='lat' dir='ltr'><strong>Cum,</strong></span> <span class='ocrx_word' id='word_1_548' title='bbox 674 4361 941 4430; x_wconf 81' lang='lat' dir='ltr'><strong>inquiunt,</strong></span> <span class='ocrx_word' id='word_1_549' title='bbox 975 4359 1112 4412; x_wconf 90' lang='lat' dir='ltr'><strong>Deus</strong></span> <span class='ocrx_word' id='word_1_550' title='bbox 1147 4358 1304 4413; x_wconf 82' lang='lat' dir='ltr'><strong>vellet</strong></span> <span class='ocrx_word' id='word_1_551' title='bbox 1335 4367 1704 4414; x_wconf 83' lang='lat' dir='ltr'><strong>creaturarum</strong></span> <span class='ocrx_word' id='word_1_552' title='bbox 1738 4371 1984 4416; x_wconf 85' lang='lat' dir='ltr'><strong>naturam</strong></span> 
     </span>
    </p>
   </div>
   <div class='ocr_carea' id='block_1_76' title="bbox 413 4446 1986 4515">
    <p class='ocr_par' dir='ltr' id='par_1_76' title="bbox 413 4446 1986 4515">
     <span class='ocr_line' id='line_1_76' title="bbox 413 4446 1986 4515; baseline 0 -12"><span class='ocrx_word' id='word_1_553' title='bbox 413 4450 759 4512; x_wconf 84' lang='lat' dir='ltr'><strong>constituere,</strong></span> <span class='ocrx_word' id='word_1_554' title='bbox 792 4463 912 4501; x_wconf 83' lang='lat' dir='ltr'><strong>cum</strong></span> <span class='ocrx_word' id='word_1_555' title='bbox 944 4446 1033 4500; x_wconf 88' lang='lat' dir='ltr'><strong>illa</strong></span> <span class='ocrx_word' id='word_1_556' title='bbox 1061 4447 1379 4501; x_wconf 83' lang='lat' dir='ltr'><strong>immensam</strong></span> <span class='ocrx_word' id='word_1_557' title='bbox 1398 4448 1567 4515; x_wconf 75' lang='lat' dir='ltr'><strong>ipsius</strong></span> <span class='ocrx_word' id='word_1_558' title='bbox 1591 4450 1698 4501; x_wconf 74' lang='lat' dir='ltr'><strong>vim</strong></span> <span class='ocrx_word' id='word_1_559' title='bbox 1731 4464 1792 4502; x_wconf 91' lang='lat' dir='ltr'><strong>ac</strong></span> <span class='ocrx_word' id='word_1_560' title='bbox 1818 4451 1986 4503; x_wconf 85' lang='lat' dir='ltr'><strong>virtu-</strong></span> 
     </span>
    </p>
   </div>
   <div class='ocr_carea' id='block_1_77' title="bbox 416 4537 1982 4610">
    <p class='ocr_par' dir='ltr' id='par_1_77' title="bbox 416 4537 1982 4610">
     <span class='ocr_line' id='line_1_77' title="bbox 416 4537 1982 4610; baseline 0.001 -18"><span class='ocrx_word' id='word_1_561' title='bbox 416 4549 519 4594; x_wconf 88' lang='lat' dir='ltr'><strong>tem</strong></span> <span class='ocrx_word' id='word_1_562' title='bbox 561 4553 756 4610; x_wconf 78' lang='lat' dir='ltr'><strong>capere</strong></span> <span class='ocrx_word' id='word_1_563' title='bbox 805 4554 914 4593; x_wconf 87' lang='lat' dir='ltr'><strong>non</strong></span> <span class='ocrx_word' id='word_1_564' title='bbox 978 4549 1180 4607; x_wconf 82' lang='lat' dir='ltr'><strong>posset,</strong></span> <span class='ocrx_word' id='word_1_565' title='bbox 1249 4537 1482 4605; x_wconf 80' lang='lat' dir='ltr'><strong>primum</strong></span> <span class='ocrx_word' id='word_1_566' title='bbox 1521 4540 1727 4592; x_wconf 81' lang='lat' dir='ltr'><strong>creavit</strong></span> <span class='ocrx_word' id='word_1_567' title='bbox 1766 4539 1982 4605; x_wconf 88' lang='lat' dir='ltr'><strong>Filium,</strong></span> 
     </span>
    </p>
   </div>
   <div class='ocr_carea' id='block_1_78' title="bbox 412 4628 1979 4701">
    <p class='ocr_par' dir='ltr' id='par_1_78' title="bbox 412 4628 1979 4701">
     <span class='ocr_line' id='line_1_78' title="bbox 412 4628 1979 4701; baseline 0.002 -17"><span class='ocrx_word' id='word_1_568' title='bbox 412 4646 567 4701; x_wconf 79' lang='lat' dir='ltr'><strong>quem</strong></span> <span class='ocrx_word' id='word_1_569' title='bbox 620 4641 672 4686; x_wconf 88' lang='lat' dir='ltr'><strong>et</strong></span> <span class='ocrx_word' id='word_1_570' title='bbox 722 4628 955 4684; x_wconf 78' lang='lat' dir='ltr'><strong>Verbum</strong></span> <span class='ocrx_word' id='word_1_571' title='bbox 998 4631 1315 4694; x_wconf 85' lang='lat' dir='ltr'><strong>nominavit,</strong></span> <span class='ocrx_word' id='word_1_572' title='bbox 1372 4638 1429 4682; x_wconf 90' lang='lat' dir='ltr'><strong>ut</strong></span> <span class='ocrx_word' id='word_1_573' title='bbox 1473 4644 1570 4696; x_wconf 82' lang='lat' dir='ltr'><strong>per</strong></span> <span class='ocrx_word' id='word_1_574' title='bbox 1629 4629 1775 4684; x_wconf 89' lang='lat' dir='ltr'><strong>ilium</strong></span> <span class='ocrx_word' id='word_1_575' title='bbox 1829 4634 1979 4701; x_wconf 80' lang='lat' dir='ltr'><strong>quasi</strong></span> 
     </span>
    </p>
   </div>
   <div class='ocr_carea' id='block_1_79' title="bbox 413 4722 1980 4792">
    <p class='ocr_par' dir='ltr' id='par_1_79' title="bbox 413 4722 1980 4792">
     <span class='ocr_line' id='line_1_79' title="bbox 413 4722 1980 4792; baseline 0.003 -15"><span class='ocrx_word' id='word_1_576' title='bbox 413 4723 645 4779; x_wconf 86' lang='lat' dir='ltr'><strong>medium</strong></span> <span class='ocrx_word' id='word_1_577' title='bbox 695 4722 918 4791; x_wconf 59' lang='lat' dir='ltr'><strong>reliquie</strong></span> <span class='ocrx_word' id='word_1_578' title='bbox 963 4734 1228 4776; x_wconf 69' lang='lat' dir='ltr'><strong>creatura:</strong></span> <span class='ocrx_word' id='word_1_579' title='bbox 1283 4731 1447 4776; x_wconf 79' lang='lat' dir='ltr'><strong>tantae</strong></span> <span class='ocrx_word' id='word_1_580' title='bbox 1493 4724 1709 4777; x_wconf 89' lang='lat' dir='ltr'><strong>virtutis</strong></span> <span class='ocrx_word' id='word_1_581' title='bbox 1756 4738 1980 4792; x_wconf 87' lang='lat' dir='ltr'><strong>capaces</strong></span> 
     </span>
    </p>
   </div>
   <div class='ocr_carea' id='block_1_80' title="bbox 410 4812 1976 4881">
    <p class='ocr_par' dir='ltr' id='par_1_80' title="bbox 410 4812 1976 4881">
     <span class='ocr_line' id='line_1_80' title="bbox 410 4812 1976 4881; baseline 0.003 -16"><span class='ocrx_word' id='word_1_582' title='bbox 410 4812 770 4868; x_wconf 70' lang='lat' dir='ltr'><strong>edicerentur.</strong></span> <span class='ocrx_word' id='word_1_583' title='bbox 801 4812 1087 4866; x_wconf 84' lang='lat' dir='ltr'><strong>Eratenim</strong></span> <span class='ocrx_word' id='word_1_584' title='bbox 1117 4813 1313 4881; x_wconf 87' lang='lat' dir='ltr'><strong>alioqui</strong></span> <span class='ocrx_word' id='word_1_585' title='bbox 1344 4814 1631 4867; x_wconf 87' lang='lat' dir='ltr'><strong>absurdum</strong></span> <span class='ocrx_word' id='word_1_586' title='bbox 1659 4813 1976 4870; x_wconf 69' lang='lat' dir='ltr'><strong>ineliabilem</strong></span> 
     </span>
    </p>
   </div>
   <div class='ocr_carea' id='block_1_81' title="bbox 414 4905 1974 4975">
    <p class='ocr_par' dir='ltr' id='par_1_81' title="bbox 414 4905 1974 4975">
     <span class='ocr_line' id='line_1_81' title="bbox 414 4905 1974 4975; baseline 0.003 -15"><span class='ocrx_word' id='word_1_587' title='bbox 414 4909 501 4962; x_wconf 80' lang='lat' dir='ltr'><strong>Dei</strong></span> <span class='ocrx_word' id='word_1_588' title='bbox 539 4909 786 4960; x_wconf 82' lang='lat' dir='ltr'><strong>virtutem</strong></span> <span class='ocrx_word' id='word_1_589' title='bbox 839 4905 904 4960; x_wconf 90' lang='lat' dir='ltr'><strong>ad</strong></span> <span class='ocrx_word' id='word_1_590' title='bbox 955 4907 1066 4961; x_wconf 70' lang='lat' dir='ltr'><strong>lucc</strong></span> <span class='ocrx_word' id='word_1_591' title='bbox 1116 4905 1336 4961; x_wconf 87' lang='lat' dir='ltr'><strong>minima</strong></span> <span class='ocrx_word' id='word_1_592' title='bbox 1383 4907 1685 4975; x_wconf 85' lang='lat' dir='ltr'><strong>pervenire,</strong></span> <span class='ocrx_word' id='word_1_593' title='bbox 1732 4918 1785 4962; x_wconf 90' lang='lat' dir='ltr'><strong>et</strong></span> <span class='ocrx_word' id='word_1_594' title='bbox 1833 4910 1974 4964; x_wconf 84' lang='lat' dir='ltr'><strong>circa</strong></span> 
     </span>
    </p>
   </div>
   <div class='ocr_carea' id='block_1_82' title="bbox 410 4992 1029 5054">
    <p class='ocr_par' dir='ltr' id='par_1_82' title="bbox 410 4992 1029 5054">
     <span class='ocr_line' id='line_1_82' title="bbox 410 4992 1029 5054; baseline 0 -1"><span class='ocrx_word' id='word_1_595' title='bbox 410 5000 542 5054; x_wconf 81' lang='lat' dir='ltr'><strong>adeo</strong></span> <span class='ocrx_word' id='word_1_596' title='bbox 578 4992 734 5053; x_wconf 79' lang='lat' dir='ltr'><strong>exilia</strong></span> <span class='ocrx_word' id='word_1_597' title='bbox 762 4997 1029 5053; x_wconf 85' lang='lat' dir='ltr'><strong>laborare.</strong></span> 
     </span>
    </p>
   </div>
   <div class='ocr_carea' id='block_1_83' title="bbox 921 5110 1472 5182">
    <p class='ocr_par' dir='ltr' id='par_1_83' title="bbox 921 5110 1472 5182">
     <span class='ocr_line' id='line_1_83' title="bbox 921 5110 1472 5182; baseline 0 -15"><span class='ocrx_word' id='word_1_598' title='bbox 921 5110 1116 5167; x_wconf 71' lang='lat' dir='ltr'><strong>Salutio</strong></span> <span class='ocrx_word' id='word_1_599' title='bbox 1144 5113 1472 5182; x_wconf 82' lang='lat' dir='ltr'><strong>objectionis.</strong></span> 
     </span>
    </p>
   </div>
   <div class='ocr_carea' id='block_1_84' title="bbox 476 5221 1971 5288">
    <p class='ocr_par' dir='ltr' id='par_1_84' title="bbox 476 5221 1971 5288">
     <span class='ocr_line' id='line_1_84' title="bbox 476 5221 1971 5288; baseline 0.005 -14"><span class='ocrx_word' id='word_1_600' title='bbox 476 5221 531 5274; x_wconf 86' lang='lat' dir='ltr'><strong>St</strong></span> <span class='ocrx_word' id='word_1_601' title='bbox 564 5222 813 5275; x_wconf 83' lang='lat' dir='ltr'><strong>virtutem</strong></span> <span class='ocrx_word' id='word_1_602' title='bbox 846 5236 909 5276; x_wconf 85' lang='lat' dir='ltr'><strong>ac</strong></span> <span class='ocrx_word' id='word_1_603' title='bbox 938 5223 1232 5288; x_wconf 86' lang='lat' dir='ltr'><strong>potentiam</strong></span> <span class='ocrx_word' id='word_1_604' title='bbox 1262 5222 1355 5277; x_wconf 84' lang='lat' dir='ltr'><strong>Dei</strong></span> <span class='ocrx_word' id='word_1_605' title='bbox 1385 5232 1575 5280; x_wconf 84' lang='lat' dir='ltr'><strong>natura</strong></span> <span class='ocrx_word' id='word_1_606' title='bbox 1607 5229 1971 5282; x_wconf 83' lang='lat' dir='ltr'><strong>creaturarum</strong></span> 
     </span>
    </p>
   </div>
   <div class='ocr_carea' id='block_1_85' title="bbox 408 5312 1971 5385">
    <p class='ocr_par' dir='ltr' id='par_1_85' title="bbox 408 5312 1971 5385">
     <span class='ocr_line' id='line_1_85' title="bbox 408 5312 1971 5385; baseline 0.006 -21"><span class='ocrx_word' id='word_1_607' title='bbox 408 5326 601 5380; x_wconf 83' lang='lat' dir='ltr'><strong>capere</strong></span> <span class='ocrx_word' id='word_1_608' title='bbox 628 5322 682 5366; x_wconf 89' lang='lat' dir='ltr'><strong>ct</strong></span> <span class='ocrx_word' id='word_1_609' title='bbox 710 5312 851 5365; x_wconf 77' lang='lat' dir='ltr'><strong>terre</strong></span> <span class='ocrx_word' id='word_1_610' title='bbox 881 5327 983 5364; x_wconf 88' lang='lat' dir='ltr'><strong>non</strong></span> <span class='ocrx_word' id='word_1_611' title='bbox 1017 5321 1212 5378; x_wconf 79' lang='lat' dir='ltr'><strong>potest,</strong></span> <span class='ocrx_word' id='word_1_612' title='bbox 1248 5329 1356 5382; x_wconf 89' lang='lat' dir='ltr'><strong>quo</strong></span> <span class='ocrx_word' id='word_1_613' title='bbox 1385 5325 1545 5385; x_wconf 86' lang='lat' dir='ltr'><strong>pacto</strong></span> <span class='ocrx_word' id='word_1_614' title='bbox 1573 5333 1690 5371; x_wconf 85' lang='lat' dir='ltr'><strong>eam</strong></span> <span class='ocrx_word' id='word_1_615' title='bbox 1727 5321 1849 5374; x_wconf 86' lang='lat' dir='ltr'><strong>tulit</strong></span> <span class='ocrx_word' id='word_1_616' title='bbox 1883 5322 1971 5375; x_wconf 80' lang='lat' dir='ltr'><strong>Fi-</strong></span> 
     </span>
    </p>
   </div>
   <div class='ocr_carea' id='block_1_86' title="bbox 409 5403 1974 5476">
    <p class='ocr_par' dir='ltr' id='par_1_86' title="bbox 409 5403 1974 5476">
     <span class='ocr_line' id='line_1_86' title="bbox 409 5403 1974 5476; baseline 0.007 -20"><span class='ocrx_word' id='word_1_617' title='bbox 409 5403 532 5466; x_wconf 84' lang='lat' dir='ltr'><strong>lius.</strong></span> <span class='ocrx_word' id='word_1_618' title='bbox 560 5418 680 5458; x_wconf 89' lang='lat' dir='ltr'><strong>cum</strong></span> <span class='ocrx_word' id='word_1_619' title='bbox 713 5404 786 5458; x_wconf 89' lang='lat' dir='ltr'><strong>sit</strong></span> <span class='ocrx_word' id='word_1_620' title='bbox 822 5413 875 5457; x_wconf 91' lang='lat' dir='ltr'><strong>et</strong></span> <span class='ocrx_word' id='word_1_621' title='bbox 911 5404 1021 5472; x_wconf 90' lang='lat' dir='ltr'><strong>ipse</strong></span> <span class='ocrx_word' id='word_1_622' title='bbox 1057 5413 1280 5459; x_wconf 84' lang='lat' dir='ltr'><strong>creatus</strong></span> <span class='ocrx_word' id='word_1_623' title='bbox 1313 5406 1593 5476; x_wconf 69' lang='lat' dir='ltr'><strong>factusque</strong></span> <span class='ocrx_word' id='word_1_624' title='bbox 1626 5424 1655 5464; x_wconf 93' lang='lat' dir='ltr'><strong>e</strong></span> <span class='ocrx_word' id='word_1_625' title='bbox 1701 5411 1886 5474; x_wconf 84' lang='lat' dir='ltr'><strong>nihilo,</strong></span> <span class='ocrx_word' id='word_1_626' title='bbox 1919 5425 1974 5467; x_wconf 86' lang='lat' dir='ltr'><strong>ut</strong></span> 
     </span>
    </p>
   </div>
   <div class='ocr_carea' id='block_1_87' title="bbox 408 5495 1972 5573">
    <p class='ocr_par' dir='ltr' id='par_1_87' title="bbox 408 5495 1972 5573">
     <span class='ocr_line' id='line_1_87' title="bbox 408 5495 1972 5573; baseline 0.01 -30"><span class='ocrx_word' id='word_1_627' title='bbox 408 5509 503 5551; x_wconf 80' lang='lat' dir='ltr'><strong>vos</strong></span> <span class='ocrx_word' id='word_1_628' title='bbox 558 5495 828 5549; x_wconf 80' lang='lat' dir='ltr'><strong>censetis?</strong></span> <span class='ocrx_word' id='word_1_629' title='bbox 877 5495 981 5548; x_wconf 76' lang='lat' dir='ltr'><strong>Aut</strong></span> <span class='ocrx_word' id='word_1_630' title='bbox 1034 5512 1139 5566; x_wconf 85' lang='lat' dir='ltr'><strong>quo</strong></span> <span class='ocrx_word' id='word_1_631' title='bbox 1191 5510 1348 5565; x_wconf 85' lang='lat' dir='ltr'><strong>pacto</strong></span> <span class='ocrx_word' id='word_1_632' title='bbox 1393 5502 1645 5555; x_wconf 85' lang='lat' dir='ltr'><strong>sustinuit</strong></span> <span class='ocrx_word' id='word_1_633' title='bbox 1703 5502 1972 5573; x_wconf 84' lang='lat' dir='ltr'><strong>ingentem</strong></span> 
     </span>
    </p>
   </div>
   <div class='ocr_carea' id='block_1_88' title="bbox 411 5583 1972 5658">
    <p class='ocr_par' dir='ltr' id='par_1_88' title="bbox 411 5583 1972 5658">
     <span class='ocr_line' id='line_1_88' title="bbox 411 5583 1972 5658; baseline 0.008 -19"><span class='ocrx_word' id='word_1_634' title='bbox 411 5585 553 5640; x_wconf 84' lang='lat' dir='ltr'><strong>illam</strong></span> <span class='ocrx_word' id='word_1_635' title='bbox 586 5583 759 5640; x_wconf 83' lang='lat' dir='ltr'><strong>Patris</strong></span> <span class='ocrx_word' id='word_1_636' title='bbox 789 5587 1184 5656; x_wconf 87' lang='lat' dir='ltr'><strong>operationem,</strong></span> <span class='ocrx_word' id='word_1_637' title='bbox 1214 5606 1333 5643; x_wconf 82' lang='lat' dir='ltr'><strong>cum</strong></span> <span class='ocrx_word' id='word_1_638' title='bbox 1367 5591 1457 5655; x_wconf 89' lang='lat' dir='ltr'><strong>sit,</strong></span> <span class='ocrx_word' id='word_1_639' title='bbox 1501 5601 1557 5645; x_wconf 90' lang='lat' dir='ltr'><strong>ut</strong></span> <span class='ocrx_word' id='word_1_640' title='bbox 1587 5593 1788 5658; x_wconf 83' lang='lat' dir='ltr'><strong>dicitis,</strong></span> <span class='ocrx_word' id='word_1_641' title='bbox 1822 5612 1972 5652; x_wconf 76' lang='lat' dir='ltr'><strong>crea-</strong></span> 
     </span>
    </p>
   </div>
   <div class='ocr_carea' id='block_1_89' title="bbox 2094 3365 3683 3436">
    <p class='ocr_par' dir='ltr' id='par_1_89' title="bbox 2094 3365 3683 3436">
     <span class='ocr_line' id='line_1_89' title="bbox 2094 3365 3683 3436; baseline 0 -18"><span class='ocrx_word' id='word_1_642' title='bbox 2094 3366 2300 3436; x_wconf 86' lang='grc' dir='ltr'>κτίσμα</span> <span class='ocrx_word' id='word_1_643' title='bbox 2354 3368 2447 3418; x_wconf 77' lang='grc' dir='ltr'>καὶ</span> <span class='ocrx_word' id='word_1_644' title='bbox 2501 3366 2684 3432; x_wconf 79' lang='grc' dir='ltr'>αὐτὸς,</span> <span class='ocrx_word' id='word_1_645' title='bbox 2744 3366 2843 3419; x_wconf 84' lang='grc' dir='ltr'>οὐκ</span> <span class='ocrx_word' id='word_1_646' title='bbox 2896 3365 2960 3420; x_wconf 87' lang='grc' dir='ltr'>ἂν</span> <span class='ocrx_word' id='word_1_647' title='bbox 3011 3366 3414 3436; x_wconf 87' lang='grc' dir='ltr'>προσεκυνήθη,</span> <span class='ocrx_word' id='word_1_648' title='bbox 3463 3367 3562 3419; x_wconf 75' lang='grc' dir='ltr'>οὒκ</span> <span class='ocrx_word' id='word_1_649' title='bbox 3614 3367 3683 3419; x_wconf 85' lang='grc' dir='ltr'>ἂν</span> 
     </span>
    </p>
   </div>
   <div class='ocr_carea' id='block_1_90' title="bbox 2095 3456 3681 3529">
    <p class='ocr_par' dir='ltr' id='par_1_90' title="bbox 2095 3456 3681 3529">
     <span class='ocr_line' id='line_1_90' title="bbox 2095 3456 3681 3529; baseline -0.001 -20"><span class='ocrx_word' id='word_1_650' title='bbox 2095 3456 2299 3526; x_wconf 87' lang='grc' dir='ltr'>ἐκλήθη</span> <span class='ocrx_word' id='word_1_651' title='bbox 2348 3457 2572 3529; x_wconf 82' lang='grc' dir='ltr'>Κύριος,</span> <span class='ocrx_word' id='word_1_652' title='bbox 2609 3456 2708 3509; x_wconf 82' lang='grc' dir='ltr'>οὐκ</span> <span class='ocrx_word' id='word_1_653' title='bbox 2753 3457 2818 3510; x_wconf 81' lang='grc' dir='ltr'>ἂν</span> <span class='ocrx_word' id='word_1_654' title='bbox 2866 3456 3127 3526; x_wconf 78' lang='grc' dir='ltr'>ἠνέσχετο</span> <span class='ocrx_word' id='word_1_655' title='bbox 3160 3456 3373 3508; x_wconf 83' lang='grc' dir='ltr'>ἁκούων</span> <span class='ocrx_word' id='word_1_656' title='bbox 3408 3456 3554 3519; x_wconf 77' lang='grc' dir='ltr'>τινὸς</span> <span class='ocrx_word' id='word_1_657' title='bbox 3595 3457 3681 3508; x_wconf 89' lang='grc' dir='ltr'>λέ-</span> 
     </span>
    </p>
   </div>
   <div class='ocr_carea' id='block_1_91' title="bbox 2093 3540 3681 3617">
    <p class='ocr_par' dir='ltr' id='par_1_91' title="bbox 2093 3540 3681 3617">
     <span class='ocr_line' id='line_1_91' title="bbox 2093 3540 3681 3617; baseline 0.002 -21"><span class='ocrx_word' id='word_1_658' title='bbox 2093 3545 2423 3612; x_wconf 75' lang='grc' dir='ltr'>γοντοςο-Σὺ</span> <span class='ocrx_word' id='word_1_659' title='bbox 2473 3540 2525 3597; x_wconf 63' lang='lat' dir='ltr'><strong>si</strong></span> <span class='ocrx_word' id='word_1_660' title='bbox 2579 3547 2607 3598; x_wconf 91' lang='lat'><strong>6</strong></span> <span class='ocrx_word' id='word_1_661' title='bbox 2653 3545 2784 3608; x_wconf 86' lang='grc' dir='ltr'>Θεός</span> <span class='ocrx_word' id='word_1_662' title='bbox 2821 3544 3180 3617; x_wconf 79' lang='grc' dir='ltr'>μου.Ἐπειδὴ</span> <span class='ocrx_word' id='word_1_663' title='bbox 3223 3544 3280 3598; x_wconf 78' lang='grc' dir='ltr'>δὲ</span> <span class='ocrx_word' id='word_1_664' title='bbox 3333 3546 3473 3598; x_wconf 76' lang='grc' dir='ltr'>κατὰ</span> <span class='ocrx_word' id='word_1_665' title='bbox 3516 3546 3681 3614; x_wconf 81' lang='grc' dir='ltr'>φύσιν</span> 
     </span>
    </p>
   </div>
   <div class='ocr_carea' id='block_1_92' title="bbox 2089 3635 3681 3709">
    <p class='ocr_par' dir='ltr' id='par_1_92' title="bbox 2089 3635 3681 3709">
     <span class='ocr_line' id='line_1_92' title="bbox 2089 3635 3681 3709; baseline -0.001 -19"><span class='ocrx_word' id='word_1_666' title='bbox 2089 3635 2261 3692; x_wconf 88' lang='grc' dir='ltr'>ταῦτά</span> <span class='ocrx_word' id='word_1_667' title='bbox 2286 3638 2454 3702; x_wconf 88' lang='grc' dir='ltr'>ἐστιν,</span> <span class='ocrx_word' id='word_1_668' title='bbox 2487 3636 2623 3706; x_wconf 78' lang='grc' dir='ltr'>ἔχων</span> <span class='ocrx_word' id='word_1_669' title='bbox 2656 3638 2723 3690; x_wconf 83' lang='grc' dir='ltr'>τὰ</span> <span class='ocrx_word' id='word_1_670' title='bbox 2756 3638 2848 3690; x_wconf 89' lang='grc' dir='ltr'><strong>τοῦ</strong></span> <span class='ocrx_word' id='word_1_671' title='bbox 2899 3639 3108 3709; x_wconf 82' lang='grc' dir='ltr'>Πατρὸς</span> <span class='ocrx_word' id='word_1_672' title='bbox 3153 3637 3228 3699; x_wconf 82' lang='grc' dir='ltr'><strong>ὡς</strong></span> <span class='ocrx_word' id='word_1_673' title='bbox 3257 3637 3383 3701; x_wconf 78' lang='grc' dir='ltr'>Υίδς</span> <span class='ocrx_word' id='word_1_674' title='bbox 3417 3639 3512 3690; x_wconf 73' lang='grc' dir='ltr'>καὶ</span> <span class='ocrx_word' id='word_1_675' title='bbox 3545 3640 3681 3709; x_wconf 72' lang='grc' dir='ltr'>γνή-</span> 
     </span>
    </p>
   </div>
   <div class='ocr_carea' id='block_1_93' title="bbox 2091 3721 3680 3800">
    <p class='ocr_par' dir='ltr' id='par_1_93' title="bbox 2091 3721 3680 3800">
     <span class='ocr_line' id='line_1_93' title="bbox 2091 3721 3680 3800; baseline 0.001 -18"><span class='ocrx_word' id='word_1_676' title='bbox 2091 3745 2206 3782; x_wconf 89' lang='grc' dir='ltr'>σιον</span> <span class='ocrx_word' id='word_1_677' title='bbox 2233 3728 2499 3800; x_wconf 82' lang='grc' dir='ltr'>γέννημα,</span> <span class='ocrx_word' id='word_1_678' title='bbox 2516 3721 2610 3783; x_wconf 72' lang='grc' dir='ltr'>καὶ</span> <span class='ocrx_word' id='word_1_679' title='bbox 2634 3729 2958 3800; x_wconf 84' lang='grc' dir='ltr'>ἀποδέχεται</span> <span class='ocrx_word' id='word_1_680' title='bbox 2987 3730 3113 3794; x_wconf 83' lang='grc' dir='ltr'>τοὺς</span> <span class='ocrx_word' id='word_1_681' title='bbox 3142 3730 3211 3783; x_wconf 79' lang='grc' dir='ltr'>τὰ</span> <span class='ocrx_word' id='word_1_682' title='bbox 3238 3729 3462 3785; x_wconf 88' lang='grc' dir='ltr'>τοιαῦτα</span> <span class='ocrx_word' id='word_1_683' title='bbox 3492 3732 3680 3798; x_wconf 88' lang='grc' dir='ltr'>λέγον-</span> 
     </span>
    </p>
   </div>
   <div class='ocr_carea' id='block_1_94' title="bbox 2089 3820 3074 3894">
    <p class='ocr_par' dir='ltr' id='par_1_94' title="bbox 2089 3820 3074 3894">
     <span class='ocr_line' id='line_1_94' title="bbox 2089 3820 3074 3894; baseline 0.003 -21"><span class='ocrx_word' id='word_1_684' title='bbox 2089 3836 2208 3885; x_wconf 81' lang='grc' dir='ltr'>τας,</span> <span class='ocrx_word' id='word_1_685' title='bbox 2240 3820 2314 3884; x_wconf 87' lang='grc' dir='ltr'>ὡς</span> <span class='ocrx_word' id='word_1_686' title='bbox 2338 3820 2732 3892; x_wconf 84' lang='grc' dir='ltr'>ὁμολογοῦντας</span> <span class='ocrx_word' id='word_1_687' title='bbox 2761 3822 2824 3875; x_wconf 77' lang='grc' dir='ltr'>τὸ</span> <span class='ocrx_word' id='word_1_688' title='bbox 2855 3821 3074 3894; x_wconf 84' lang='grc' dir='ltr'>ἀληθές.</span> 
     </span>
    </p>
   </div>
   <div class='ocr_carea' id='block_1_95' title="bbox 2777 3938 2982 3991">
    <p class='ocr_par' dir='ltr' id='par_1_95' title="bbox 2777 3938 2982 3991">
     <span class='ocr_line' id='line_1_95' title="bbox 2777 3938 2982 3991; baseline 0.01 -2"><span class='ocrx_word' id='word_1_689' title='bbox 2777 3938 2982 3991; x_wconf 79' lang='grc' dir='ltr'><strong>ΑΛΛΟ.</strong></span> 
     </span>
    </p>
   </div>
   <div class='ocr_carea' id='block_1_96' title="bbox 2102 4049 3676 4120">
    <p class='ocr_par' dir='ltr' id='par_1_96' title="bbox 2102 4049 3676 4120">
     <span class='ocr_line' id='line_1_96' title="bbox 2102 4049 3676 4120; baseline 0 -16"><span class='ocrx_word' id='word_1_690' title='bbox 2102 4049 2428 4118; x_wconf 76' lang='grc' dir='ltr'>Ἀντίυεσις</span> <span class='ocrx_word' id='word_1_691' title='bbox 2473 4052 2593 4107; x_wconf 83' lang='grc' dir='ltr'><strong>ἀπὸ</strong></span> <span class='ocrx_word' id='word_1_692' title='bbox 2641 4050 2758 4104; x_wconf 78' lang='grc' dir='ltr'>τῶν</span> <span class='ocrx_word' id='word_1_693' title='bbox 2807 4051 3034 4118; x_wconf 80' lang='grc' dir='ltr'>Ἀρείου</span> <span class='ocrx_word' id='word_1_694' title='bbox 3082 4051 3424 4120; x_wconf 77' lang='grc' dir='ltr'>δογμάτων,</span> <span class='ocrx_word' id='word_1_695' title='bbox 3473 4054 3676 4106; x_wconf 72' lang='grc' dir='ltr'>αἰτίαν</span> 
     </span>
    </p>
   </div>
   <div class='ocr_carea' id='block_1_97' title="bbox 2158 4120 3676 4189">
    <p class='ocr_par' dir='ltr' id='par_1_97' title="bbox 2158 4120 3676 4189">
     <span class='ocr_line' id='line_1_97' title="bbox 2158 4120 3676 4189; baseline 0.002 -16"><span class='ocrx_word' id='word_1_696' title='bbox 2158 4120 2391 4189; x_wconf 75' lang='grc' dir='ltr'>ἔχουσα</span> <span class='ocrx_word' id='word_1_697' title='bbox 2448 4122 2552 4174; x_wconf 85' lang='grc' dir='ltr'><strong>τοῦ</strong></span> <span class='ocrx_word' id='word_1_698' title='bbox 2608 4120 2971 4188; x_wconf 78' lang='grc' dir='ltr'>πεποιῆσθαι</span> <span class='ocrx_word' id='word_1_699' title='bbox 3023 4123 3128 4175; x_wconf 83' lang='grc' dir='ltr'>τὸν</span> <span class='ocrx_word' id='word_1_700' title='bbox 3168 4122 3322 4185; x_wconf 62' lang='lat' dir='ltr'><strong>my,</strong></span> <span class='ocrx_word' id='word_1_701' title='bbox 3375 4123 3455 4189; x_wconf 85' lang='grc' dir='ltr'>ὡς</span> <span class='ocrx_word' id='word_1_702' title='bbox 3503 4124 3676 4176; x_wconf 76' lang='grc' dir='ltr'>αὐτοὶ</span> 
     </span>
    </p>
   </div>
   <div class='ocr_carea' id='block_1_98' title="bbox 2158 4189 3673 4262">
    <p class='ocr_par' dir='ltr' id='par_1_98' title="bbox 2158 4189 3673 4262">
     <span class='ocr_line' id='line_1_98' title="bbox 2158 4189 3673 4262; baseline 0.003 -20"><span class='ocrx_word' id='word_1_703' title='bbox 2158 4190 2501 4259; x_wconf 77' lang='grc' dir='ltr'>νομίζουσιν</span> <span class='ocrx_word' id='word_1_704' title='bbox 2531 4190 2750 4258; x_wconf 75' lang='grc' dir='ltr'><strong>ἀληθῆ.</strong></span> <span class='ocrx_word' id='word_1_705' title='bbox 2797 4193 2894 4262; x_wconf 61' lang='grc' dir='ltr'><strong>καί</strong></span> <span class='ocrx_word' id='word_1_706' title='bbox 2929 4193 3108 4258; x_wconf 72' lang='grc' dir='ltr'>λύσις</span> <span class='ocrx_word' id='word_1_707' title='bbox 3144 4189 3365 4259; x_wconf 72' lang='grc' dir='ltr'>ἐφεξῆς</span> <span class='ocrx_word' id='word_1_708' title='bbox 3388 4193 3537 4262; x_wconf 82' lang='grc' dir='ltr'>μετὰ</span> <span class='ocrx_word' id='word_1_709' title='bbox 3576 4207 3673 4246; x_wconf 76' lang='grc' dir='ltr'>πι-</span> 
     </span>
    </p>
   </div>
   <div class='ocr_carea' id='block_1_99' title="bbox 2159 4259 2966 4330">
    <p class='ocr_par' dir='ltr' id='par_1_99' title="bbox 2159 4259 2966 4330">
     <span class='ocr_line' id='line_1_99' title="bbox 2159 4259 2966 4330; baseline 0 -16"><span class='ocrx_word' id='word_1_710' title='bbox 2159 4262 2482 4329; x_wconf 79' lang='grc' dir='ltr'>θανότητος</span> <span class='ocrx_word' id='word_1_711' title='bbox 2511 4259 2966 4330; x_wconf 70' lang='grc' dir='ltr'>συλλογισμῶν.</span> 
     </span>
    </p>
   </div>
   <div class='ocr_carea' id='block_1_100' title="bbox 2157 4371 3670 4444">
    <p class='ocr_par' dir='ltr' id='par_1_100' title="bbox 2157 4371 3670 4444">
     <span class='ocr_line' id='line_1_100' title="bbox 2157 4371 3670 4444; baseline 0.002 -22"><span class='ocrx_word' id='word_1_712' title='bbox 2157 4371 2523 4441; x_wconf 55' lang='grc' dir='ltr'>Βουλόμενοςν</span> <span class='ocrx_word' id='word_1_713' title='bbox 2542 4375 2729 4441; x_wconf 58' lang='grc' dir='ltr'>φασιν,</span> <span class='ocrx_word' id='word_1_714' title='bbox 2766 4374 2794 4424; x_wconf 89' lang='lat'><strong>6</strong></span> <span class='ocrx_word' id='word_1_715' title='bbox 2828 4374 2935 4425; x_wconf 82' lang='grc' dir='ltr'><strong>τῶν</strong></span> <span class='ocrx_word' id='word_1_716' title='bbox 2964 4372 3102 4425; x_wconf 82' lang='grc' dir='ltr'>ὅλων</span> <span class='ocrx_word' id='word_1_717' title='bbox 3135 4373 3262 4435; x_wconf 73' lang='grc' dir='ltr'>Θεὸς</span> <span class='ocrx_word' id='word_1_718' title='bbox 3295 4373 3394 4444; x_wconf 76' lang='grc' dir='ltr'>τὴν</span> <span class='ocrx_word' id='word_1_719' title='bbox 3425 4374 3533 4427; x_wconf 85' lang='grc' dir='ltr'><strong>τῶν</strong></span> <span class='ocrx_word' id='word_1_720' title='bbox 3579 4392 3670 4441; x_wconf 67' lang='grc' dir='ltr'>γε.</span> 
     </span>
    </p>
   </div>
   <div class='ocr_carea' id='block_1_101' title="bbox 2088 4460 3672 4535">
    <p class='ocr_par' dir='ltr' id='par_1_101' title="bbox 2088 4460 3672 4535">
     <span class='ocr_line' id='line_1_101' title="bbox 2088 4460 3672 4535; baseline 0.003 -22"><span class='ocrx_word' id='word_1_721' title='bbox 2088 4460 2263 4530; x_wconf 89' lang='grc' dir='ltr'>νητῶν</span> <span class='ocrx_word' id='word_1_722' title='bbox 2313 4463 2615 4533; x_wconf 81' lang='grc' dir='ltr'>ὑποστῆσαι</span> <span class='ocrx_word' id='word_1_723' title='bbox 2667 4465 2852 4532; x_wconf 76' lang='grc' dir='ltr'>φύσιν,</span> <span class='ocrx_word' id='word_1_724' title='bbox 2895 4464 3015 4515; x_wconf 69' lang='grc' dir='ltr'>ἐπεὶ</span> <span class='ocrx_word' id='word_1_725' title='bbox 3069 4463 3142 4532; x_wconf 82' lang='grc' dir='ltr'>μὴ</span> <span class='ocrx_word' id='word_1_726' title='bbox 3193 4464 3421 4532; x_wconf 68' lang='grc' dir='ltr'>ἠδύνατο</span> <span class='ocrx_word' id='word_1_727' title='bbox 3471 4469 3672 4535; x_wconf 79' lang='grc' dir='ltr'>χωρεῖν</span> 
     </span>
    </p>
   </div>
   <div class='ocr_carea' id='block_1_102' title="bbox 2089 4549 3670 4621">
    <p class='ocr_par' dir='ltr' id='par_1_102' title="bbox 2089 4549 3670 4621">
     <span class='ocr_line' id='line_1_102' title="bbox 2089 4549 3670 4621; baseline 0.003 -20"><span class='ocrx_word' id='word_1_728' title='bbox 2089 4549 2223 4621; x_wconf 87' lang='grc' dir='ltr'>α’ύτη</span> <span class='ocrx_word' id='word_1_729' title='bbox 2251 4551 2349 4619; x_wconf 86' lang='grc' dir='ltr'>τὴν</span> <span class='ocrx_word' id='word_1_730' title='bbox 2374 4552 2609 4621; x_wconf 82' lang='grc' dir='ltr'>ἄκρατον</span> <span class='ocrx_word' id='word_1_731' title='bbox 2641 4553 2802 4605; x_wconf 80' lang='grc' dir='ltr'>αὑτοῦ</span> <span class='ocrx_word' id='word_1_732' title='bbox 2832 4553 3081 4620; x_wconf 77' lang='grc' dir='ltr'>δύναμιν,</span> <span class='ocrx_word' id='word_1_733' title='bbox 3126 4553 3297 4615; x_wconf 77' lang='grc' dir='ltr'>κτίζει</span> <span class='ocrx_word' id='word_1_734' title='bbox 3332 4553 3549 4620; x_wconf 83' lang='grc' dir='ltr'>πρῶτον</span> <span class='ocrx_word' id='word_1_735' title='bbox 3580 4556 3670 4607; x_wconf 69' lang='grc' dir='ltr'><strong>τὸν</strong></span> 
     </span>
    </p>
   </div>
   <div class='ocr_carea' id='block_1_103' title="bbox 2090 4641 3670 4712">
    <p class='ocr_par' dir='ltr' id='par_1_103' title="bbox 2090 4641 3670 4712">
     <span class='ocr_line' id='line_1_103' title="bbox 2090 4641 3670 4712; baseline 0.004 -19"><span class='ocrx_word' id='word_1_736' title='bbox 2090 4641 2234 4709; x_wconf 84' lang='grc' dir='ltr'>Υίὸν,</span> <span class='ocrx_word' id='word_1_737' title='bbox 2275 4642 2334 4694; x_wconf 80' lang='grc' dir='ltr'>ὃν</span> <span class='ocrx_word' id='word_1_738' title='bbox 2368 4642 2463 4694; x_wconf 71' lang='grc' dir='ltr'>καὶ</span> <span class='ocrx_word' id='word_1_739' title='bbox 2512 4643 2680 4709; x_wconf 79' lang='grc' dir='ltr'>Λόγον</span> <span class='ocrx_word' id='word_1_740' title='bbox 2720 4643 3037 4712; x_wconf 76' lang='grc' dir='ltr'>ὠνόμασεν·</span> <span class='ocrx_word' id='word_1_741' title='bbox 3075 4643 3162 4696; x_wconf 82' lang='grc' dir='ltr'>ἵνα</span> <span class='ocrx_word' id='word_1_742' title='bbox 3195 4643 3258 4696; x_wconf 82' lang='grc' dir='ltr'><strong>δι’</strong></span> <span class='ocrx_word' id='word_1_743' title='bbox 3292 4643 3452 4698; x_wconf 85' lang='grc' dir='ltr'>αὑτοῦ</span> <span class='ocrx_word' id='word_1_744' title='bbox 3500 4645 3670 4700; x_wconf 77' lang='grc' dir='ltr'>τᾶλλα</span> 
     </span>
    </p>
   </div>
   <div class='ocr_carea' id='block_1_104' title="bbox 2085 4734 3666 4806">
    <p class='ocr_par' dir='ltr' id='par_1_104' title="bbox 2085 4734 3666 4806">
     <span class='ocr_line' id='line_1_104' title="bbox 2085 4734 3666 4806; baseline 0.003 -20"><span class='ocrx_word' id='word_1_745' title='bbox 2085 4734 2306 4803; x_wconf 86' lang='grc' dir='ltr'>γένηται</span> <span class='ocrx_word' id='word_1_746' title='bbox 2344 4735 2507 4803; x_wconf 88' lang='grc' dir='ltr'>μέσου</span> <span class='ocrx_word' id='word_1_747' title='bbox 2531 4735 2825 4805; x_wconf 86' lang='grc' dir='ltr'>γενομένου</span> <span class='ocrx_word' id='word_1_748' title='bbox 2860 4737 3057 4805; x_wconf 81' lang='grc' dir='ltr'>χωρεῖν</span> <span class='ocrx_word' id='word_1_749' title='bbox 3091 4736 3341 4804; x_wconf 74' lang='grc' dir='ltr'>ἰσχύοντα</span> <span class='ocrx_word' id='word_1_750' title='bbox 3371 4736 3468 4806; x_wconf 83' lang='grc' dir='ltr'>τὴν</span> <span class='ocrx_word' id='word_1_751' title='bbox 3499 4738 3666 4790; x_wconf 79' lang='grc' dir='ltr'>αὐτοῦ</span> 
     </span>
    </p>
   </div>
   <div class='ocr_carea' id='block_1_105' title="bbox 2087 4823 3665 4899">
    <p class='ocr_par' dir='ltr' id='par_1_105' title="bbox 2087 4823 3665 4899">
     <span class='ocr_line' id='line_1_105' title="bbox 2087 4823 3665 4899; baseline 0.004 -23"><span class='ocrx_word' id='word_1_752' title='bbox 2087 4827 2236 4894; x_wconf 81' lang='grc' dir='ltr'>μόλις</span> <span class='ocrx_word' id='word_1_753' title='bbox 2275 4827 2740 4897; x_wconf 75' lang='grc' dir='ltr'>δύναμιν.Ἀλλως</span> <span class='ocrx_word' id='word_1_754' title='bbox 2774 4846 2828 4880; x_wconf 86' lang='grc' dir='ltr'><strong>τε</strong></span> <span class='ocrx_word' id='word_1_755' title='bbox 2855 4823 2922 4898; x_wconf 83' lang='grc' dir='ltr'>ἦν</span> <span class='ocrx_word' id='word_1_756' title='bbox 2954 4829 3150 4880; x_wconf 85' lang='grc' dir='ltr'>ἄτοπον</span> <span class='ocrx_word' id='word_1_757' title='bbox 3192 4829 3289 4899; x_wconf 79' lang='grc' dir='ltr'>τὴν</span> <span class='ocrx_word' id='word_1_758' title='bbox 3341 4828 3545 4897; x_wconf 75' lang='grc' dir='ltr'>ἄφατον</span> <span class='ocrx_word' id='word_1_759' title='bbox 3569 4830 3665 4883; x_wconf 79' lang='grc' dir='ltr'><strong>τοῦ</strong></span> 
     </span>
    </p>
   </div>
   <div class='ocr_carea' id='block_1_106' title="bbox 2083 4918 3664 4990">
    <p class='ocr_par' dir='ltr' id='par_1_106' title="bbox 2083 4918 3664 4990">
     <span class='ocr_line' id='line_1_106' title="bbox 2083 4918 3664 4990; baseline 0.003 -22"><span class='ocrx_word' id='word_1_760' title='bbox 2083 4918 2215 4969; x_wconf 84' lang='grc' dir='ltr'>Θεοῦ</span> <span class='ocrx_word' id='word_1_761' title='bbox 2254 4919 2480 4988; x_wconf 82' lang='grc' dir='ltr'>δύναμιν</span> <span class='ocrx_word' id='word_1_762' title='bbox 2517 4919 2677 4990; x_wconf 82' lang='grc' dir='ltr'>μέχρι</span> <span class='ocrx_word' id='word_1_763' title='bbox 2728 4919 2834 4971; x_wconf 86' lang='grc' dir='ltr'><strong>τῶν</strong></span> <span class='ocrx_word' id='word_1_764' title='bbox 2869 4920 3052 4981; x_wconf 77' lang='grc' dir='ltr'>οὓτως</span> <span class='ocrx_word' id='word_1_765' title='bbox 3090 4918 3387 4988; x_wconf 81' lang='grc' dir='ltr'>ἐλαχίστων</span> <span class='ocrx_word' id='word_1_766' title='bbox 3435 4919 3664 4988; x_wconf 82' lang='grc' dir='ltr'>φθάσαι,</span> 
     </span>
    </p>
   </div>
   <div class='ocr_carea' id='block_1_107' title="bbox 2083 5008 3328 5081">
    <p class='ocr_par' dir='ltr' id='par_1_107' title="bbox 2083 5008 3328 5081">
     <span class='ocr_line' id='line_1_107' title="bbox 2083 5008 3328 5081; baseline 0.004 -23"><span class='ocrx_word' id='word_1_767' title='bbox 2083 5009 2173 5061; x_wconf 66' lang='grc' dir='ltr'>καὶ</span> <span class='ocrx_word' id='word_1_768' title='bbox 2212 5008 2553 5078; x_wconf 80' lang='grc' dir='ltr'>ἀσχολεῖσθαι</span> <span class='ocrx_word' id='word_1_769' title='bbox 2586 5010 2679 5062; x_wconf 72' lang='grc' dir='ltr'>καὶ</span> <span class='ocrx_word' id='word_1_770' title='bbox 2713 5009 2840 5078; x_wconf 69' lang='grc' dir='ltr'>περὶ</span> <span class='ocrx_word' id='word_1_771' title='bbox 2863 5011 2930 5063; x_wconf 75' lang='grc' dir='ltr'><strong>τὰ</strong></span> <span class='ocrx_word' id='word_1_772' title='bbox 2962 5009 3105 5062; x_wconf 71' lang='grc' dir='ltr'>οὕτω</span> <span class='ocrx_word' id='word_1_773' title='bbox 3137 5010 3328 5081; x_wconf 83' lang='grc' dir='ltr'>μικρά.</span> 
     </span>
    </p>
   </div>
   <div class='ocr_carea' id='block_1_108' title="bbox 2563 5123 3170 5192">
    <p class='ocr_par' dir='ltr' id='par_1_108' title="bbox 2563 5123 3170 5192">
     <span class='ocr_line' id='line_1_108' title="bbox 2563 5123 3170 5192; baseline 0.005 -18"><span class='ocrx_word' id='word_1_774' title='bbox 2563 5123 2718 5192; x_wconf 77' lang='grc' dir='ltr'>Πρὸς</span> <span class='ocrx_word' id='word_1_775' title='bbox 2758 5123 2930 5176; x_wconf 82' lang='grc' dir='ltr'>τοῦτο</span> <span class='ocrx_word' id='word_1_776' title='bbox 2969 5124 3170 5189; x_wconf 76' lang='grc' dir='ltr'>λύσις.</span> 
     </span>
    </p>
   </div>
   <div class='ocr_carea' id='block_1_109' title="bbox 2154 5231 3662 5311">
    <p class='ocr_par' dir='ltr' id='par_1_109' title="bbox 2154 5231 3662 5311">
     <span class='ocr_line' id='line_1_109' title="bbox 2154 5231 3662 5311; baseline 0.004 -25"><span class='ocrx_word' id='word_1_777' title='bbox 2154 5235 2212 5286; x_wconf 87' lang='grc' dir='ltr'><strong>Εἰ</strong></span> <span class='ocrx_word' id='word_1_778' title='bbox 2245 5235 2513 5306; x_wconf 70' lang='grc' dir='ltr'>ἀφόρητος</span> <span class='ocrx_word' id='word_1_779' title='bbox 2543 5231 2608 5305; x_wconf 76' lang='grc' dir='ltr'>ἦν</span> <span class='ocrx_word' id='word_1_780' title='bbox 2638 5236 2669 5305; x_wconf 88' lang='grc' dir='ltr'><strong>ή</strong></span> <span class='ocrx_word' id='word_1_781' title='bbox 2699 5235 2790 5288; x_wconf 80' lang='grc' dir='ltr'><strong>τοῦ</strong></span> <span class='ocrx_word' id='word_1_782' title='bbox 2820 5234 2952 5288; x_wconf 85' lang='grc' dir='ltr'>Θεοῦ</span> <span class='ocrx_word' id='word_1_783' title='bbox 2998 5235 3227 5306; x_wconf 74' lang='grc' dir='ltr'>δύναμις</span> <span class='ocrx_word' id='word_1_784' title='bbox 3263 5238 3326 5307; x_wconf 81' lang='grc' dir='ltr'>τῇ</span> <span class='ocrx_word' id='word_1_785' title='bbox 3355 5238 3464 5290; x_wconf 86' lang='grc' dir='ltr'><strong>τῶν</strong></span> <span class='ocrx_word' id='word_1_786' title='bbox 3494 5255 3662 5311; x_wconf 76' lang='grc' dir='ltr'>γενη-</span> 
     </span>
    </p>
   </div>
   <div class='ocr_carea' id='block_1_110' title="bbox 2080 5326 3661 5401">
    <p class='ocr_par' dir='ltr' id='par_1_110' title="bbox 2080 5326 3661 5401">
     <span class='ocr_line' id='line_1_110' title="bbox 2080 5326 3661 5401; baseline 0.007 -24"><span class='ocrx_word' id='word_1_787' title='bbox 2080 5326 2183 5379; x_wconf 85' lang='grc' dir='ltr'><strong>τῶν</strong></span> <span class='ocrx_word' id='word_1_788' title='bbox 2237 5327 2415 5394; x_wconf 59' lang='grc' dir='ltr'>φύσει,</span> <span class='ocrx_word' id='word_1_789' title='bbox 2452 5327 2563 5389; x_wconf 83' lang='grc' dir='ltr'><strong>πῶς</strong></span> <span class='ocrx_word' id='word_1_790' title='bbox 2611 5327 2778 5398; x_wconf 79' lang='grc' dir='ltr'>αὐτὴν</span> <span class='ocrx_word' id='word_1_791' title='bbox 2828 5330 3057 5398; x_wconf 68' lang='grc' dir='ltr'>ἤνεγκεν</span> <span class='ocrx_word' id='word_1_792' title='bbox 3086 5330 3114 5380; x_wconf 86' lang='lat'><strong>6</strong></span> <span class='ocrx_word' id='word_1_793' title='bbox 3146 5328 3290 5394; x_wconf 78' lang='grc' dir='ltr'>Υἱὸς,</span> <span class='ocrx_word' id='word_1_794' title='bbox 3323 5332 3549 5401; x_wconf 75' lang='grc' dir='ltr'>γενητὸς</span> <span class='ocrx_word' id='word_1_795' title='bbox 3585 5333 3661 5388; x_wconf 80' lang='grc' dir='ltr'><strong>ῶν</strong></span> 
     </span>
    </p>
   </div>
   <div class='ocr_carea' id='block_1_111' title="bbox 2080 5417 3658 5488">
    <p class='ocr_par' dir='ltr' id='par_1_111' title="bbox 2080 5417 3658 5488">
     <span class='ocr_line' id='line_1_111' title="bbox 2080 5417 3658 5488; baseline 0.004 -18"><span class='ocrx_word' id='word_1_796' title='bbox 2080 5418 2172 5470; x_wconf 75' lang='grc' dir='ltr'>καὶ</span> <span class='ocrx_word' id='word_1_797' title='bbox 2199 5418 2358 5481; x_wconf 74' lang='grc' dir='ltr'>αὐτὸς</span> <span class='ocrx_word' id='word_1_798' title='bbox 2390 5419 2483 5470; x_wconf 74' lang='grc' dir='ltr'>καὶ</span> <span class='ocrx_word' id='word_1_799' title='bbox 2510 5417 2567 5482; x_wconf 81' lang='grc' dir='ltr'>ἐξ</span> <span class='ocrx_word' id='word_1_800' title='bbox 2599 5419 2697 5472; x_wconf 73' lang='grc' dir='ltr'>οὐκ</span> <span class='ocrx_word' id='word_1_801' title='bbox 2728 5418 2914 5484; x_wconf 76' lang='grc' dir='ltr'>ὄντων,</span> <span class='ocrx_word' id='word_1_802' title='bbox 2945 5419 3066 5474; x_wconf 78' lang='grc' dir='ltr'>καθ’</span> <span class='ocrx_word' id='word_1_803' title='bbox 3099 5420 3275 5488; x_wconf 53' lang='grc' dir='ltr'>ὑμᾶς</span> <span class='ocrx_word' id='word_1_804' title='bbox 3310 5422 3433 5486; x_wconf 88' lang='grc' dir='ltr'>Πῶς</span> <span class='ocrx_word' id='word_1_805' title='bbox 3459 5422 3515 5475; x_wconf 80' lang='grc' dir='ltr'>δὲ</span> <span class='ocrx_word' id='word_1_806' title='bbox 3551 5426 3658 5477; x_wconf 79' lang='grc' dir='ltr'><strong>ὑπ-</strong></span> 
     </span>
    </p>
   </div>
   <div class='ocr_carea' id='block_1_112' title="bbox 2080 5507 3659 5584">
    <p class='ocr_par' dir='ltr' id='par_1_112' title="bbox 2080 5507 3659 5584">
     <span class='ocr_line' id='line_1_112' title="bbox 2080 5507 3659 5584; baseline 0.006 -26"><span class='ocrx_word' id='word_1_807' title='bbox 2080 5508 2260 5577; x_wconf 81' lang='grc' dir='ltr'>έμεινε</span> <span class='ocrx_word' id='word_1_808' title='bbox 2303 5509 2402 5578; x_wconf 77' lang='grc' dir='ltr'>τὴν</span> <span class='ocrx_word' id='word_1_809' title='bbox 2446 5507 2681 5578; x_wconf 80' lang='grc' dir='ltr'>ἄκρατον</span> <span class='ocrx_word' id='word_1_810' title='bbox 2712 5509 3042 5577; x_wconf 75' lang='grc' dir='ltr'>αὐτουργίαν</span> <span class='ocrx_word' id='word_1_811' title='bbox 3073 5508 3166 5561; x_wconf 85' lang='grc' dir='ltr'><strong>τοῦ</strong></span> <span class='ocrx_word' id='word_1_812' title='bbox 3204 5511 3412 5580; x_wconf 65' lang='lat' dir='ltr'><strong>Ila-:96;</strong></span> <span class='ocrx_word' id='word_1_813' title='bbox 3450 5513 3659 5584; x_wconf 74' lang='grc' dir='ltr'>κτίσμα</span> 
     </span>
    </p>
   </div>
   <div class='ocr_carea' id='block_1_113' title="bbox 2084 5599 3660 5675">
    <p class='ocr_par' dir='ltr' id='par_1_113' title="bbox 2084 5599 3660 5675">
     <span class='ocr_line' id='line_1_113' title="bbox 2084 5599 3660 5675; baseline 0.004 -23"><span class='ocrx_word' id='word_1_814' title='bbox 2084 5601 2362 5671; x_wconf 76' lang='grc' dir='ltr'>ὑπάρχων,</span> <span class='ocrx_word' id='word_1_815' title='bbox 2393 5599 2466 5664; x_wconf 79' lang='grc' dir='ltr'>ὦς</span> <span class='ocrx_word' id='word_1_816' title='bbox 2495 5618 2660 5670; x_wconf 80' lang='grc' dir='ltr'>φατε·</span> <span class='ocrx_word' id='word_1_817' title='bbox 2705 5601 2943 5670; x_wconf 81' lang='grc' dir='ltr'>Ἀνάγκη</span> <span class='ocrx_word' id='word_1_818' title='bbox 2982 5602 3090 5672; x_wconf 75' lang='grc' dir='ltr'>γὰρ</span> <span class='ocrx_word' id='word_1_819' title='bbox 3122 5602 3152 5672; x_wconf 80' lang='grc' dir='ltr'><strong>ἦ</strong></span> <span class='ocrx_word' id='word_1_820' title='bbox 3184 5602 3373 5656; x_wconf 79' lang='grc' dir='ltr'>τούτου</span> <span class='ocrx_word' id='word_1_821' title='bbox 3401 5605 3660 5675; x_wconf 80' lang='grc' dir='ltr'>δυνηθέν-</span> 
     </span>
    </p>
   </div>
   <div class='ocr_carea' id='block_1_114' title="bbox 471 5767 1993 5852">
    <p class='ocr_par' dir='ltr' id='par_1_114' title="bbox 471 5767 1993 5852">
     <span class='ocr_line' id='line_1_114' title="bbox 471 5767 1993 5852; baseline 0.012 -33"><span class='ocrx_word' id='word_1_822' title='bbox 471 5767 677 5852; x_wconf 54' lang='grc' dir='ltr'><strong>ξ⁵Ἀςι.</strong></span> <span class='ocrx_word' id='word_1_823' title='bbox 706 5769 878 5852; x_wconf 31' lang='lat' dir='ltr'><strong>xiiii.</strong></span> <span class='ocrx_word' id='word_1_824' title='bbox 924 5769 1185 5852; x_wconf 38' lang='lat' dir='ltr'><strong>l’lApoc.</strong></span> <span class='ocrx_word' id='word_1_825' title='bbox 1223 5775 1448 5852; x_wconf 46' lang='lat' dir='ltr'><strong>auxlio.</strong></span> <span class='ocrx_word' id='word_1_826' title='bbox 1526 5777 1764 5838; x_wconf 71' lang='lat' dir='ltr'><strong>’“Judic.</strong></span> <span class='ocrx_word' id='word_1_827' title='bbox 1803 5799 1917 5852; x_wconf 77' lang='lat' dir='ltr'><strong>xm,</strong></span> <span class='ocrx_word' id='word_1_828' title='bbox 1952 5784 1993 5837; x_wconf 75' lang='lat'>5.</span> 
     </span>
    </p>
   </div>
   <div class='ocr_carea' id='block_1_115' title="bbox 2111 5767 3654 5852">
    <p class='ocr_par' dir='ltr' id='par_1_115' title="bbox 2111 5783 3654 5851">
     <span class='ocr_line' id='line_1_115' title="bbox 2111 5783 3654 5851; baseline 0.001 -12"><span class='ocrx_word' id='word_1_829' title='bbox 2111 5784 2286 5839; x_wconf 58' lang='lat' dir='ltr'><strong>’Psal.</strong></span> <span class='ocrx_word' id='word_1_830' title='bbox 2318 5800 2455 5850; x_wconf 73' lang='lat' dir='ltr'><strong>scvr,</strong></span> <span class='ocrx_word' id='word_1_831' title='bbox 2495 5784 2545 5837; x_wconf 90' lang='lat'><strong>7.</strong></span> <span class='ocrx_word' id='word_1_832' title='bbox 2630 5783 2768 5838; x_wconf 80' lang='lat' dir='ltr'><strong>&#39;lsa.</strong></span> <span class='ocrx_word' id='word_1_833' title='bbox 2808 5800 2930 5847; x_wconf 73' lang='lat' dir='ltr'><strong>xu,</strong></span> <span class='ocrx_word' id='word_1_834' title='bbox 2986 5785 3066 5838; x_wconf 75' lang='lat' dir='ltr'><strong>li.</strong></span> <span class='ocrx_word' id='word_1_835' title='bbox 3150 5783 3345 5838; x_wconf 77' lang='lat' dir='ltr'><strong>‘Joan.</strong></span> <span class='ocrx_word' id='word_1_836' title='bbox 3398 5799 3518 5851; x_wconf 75' lang='lat' dir='ltr'><strong>xm,</strong></span> <span class='ocrx_word' id='word_1_837' title='bbox 3566 5786 3654 5840; x_wconf 77' lang='lat' dir='ltr'><strong>l3.</strong></span> 
     </span>
    </p>
   </div>
   <div class='ocr_carea' id='block_1_116' title="bbox 409 5836 1360 5908">
    <p class='ocr_par' dir='ltr' id='par_1_116' title="bbox 409 5836 1360 5908">
     <span class='ocr_line' id='line_1_116' title="bbox 409 5836 1360 5908; baseline 0.003 -14"><span class='ocrx_word' id='word_1_838' title='bbox 409 5837 427 5870; x_wconf 88' lang='grc'><strong><em>³</em></strong></span> <span class='ocrx_word' id='word_1_839' title='bbox 452 5836 604 5894; x_wconf 75' lang='lat' dir='ltr'><strong>loau.</strong></span> <span class='ocrx_word' id='word_1_840' title='bbox 637 5855 725 5892; x_wconf 77' lang='lat' dir='ltr'><strong>xx.</strong></span> <span class='ocrx_word' id='word_1_841' title='bbox 757 5839 845 5893; x_wconf 68' lang='lat'><strong>28.</strong></span> <span class='ocrx_word' id='word_1_842' title='bbox 924 5841 940 5870; x_wconf 64' lang='grc'>³</span> <span class='ocrx_word' id='word_1_843' title='bbox 963 5836 1099 5896; x_wconf 78' lang='lat' dir='ltr'><strong>Psal.</strong></span> <span class='ocrx_word' id='word_1_844' title='bbox 1135 5858 1274 5908; x_wconf 71' lang='grc' dir='ltr'>κων,</span> <span class='ocrx_word' id='word_1_845' title='bbox 1313 5845 1360 5897; x_wconf 89' lang='grc'>7.</span> 
     </span>
    </p>
   </div>
  </div>
