3994 6324
331 446 434 501 153

1730 436 2176 494 TllESAURUS.

3490 427 3600 483 235

329 581 440 626 τος,
480 563 659 614 πᾶσαν
688 559 946 612 δύνασθαι
992 559 1089 628 τὴν
1122 558 1295 611 κτίσιν
1316 577 1329 588 ο
1363 559 1393 628 ἢ
1442 560 1538 630 τῆς
1585 559 1751 628 ἄλλης
1784 560 1897 611 duo

2015 556 2170 611 tura?
2196 554 2571 610 Necessarium
2595 552 2738 609 enim
2758 560 2865 616 est,
2892 557 2950 605 ut
2979 562 3103 605 cum
3123 546 3239 617 ipse
3260 544 3403 599 illius
3425 558 3598 612 capax

330 653 524 723 νούσης
563 650 816 710 κτίσεως,
854 650 1199 701 συνασθενεῖν
1241 651 1334 702 καὶ
1382 652 1544 701 αὑτὸν
1574 650 1647 711 ὡς
1682 648 1907 716 κτιστῆς

327 744 459 796 ὅντα
495 745 734 810 φύσεως.
772 741 833 792 Ei
877 740 931 792 δὲ
978 740 1253 809 ἐχώρησεν
1287 743 1317 792 6
1351 741 1473 804 Υἱὸς
1520 741 1747 809 κτίσμα,
1784 738 1905 791 καθ’

328 835 493 904 ὑμᾶς,
524 833 783 901 ὑπάρχων
806 833 903 900 τὴν
929 831 1018 884 τοῦ
1052 832 1258 901 [ἰατρὸς
1286 832 1906 903 αὑτουργίαν,χωρήσει

327 924 420 975 καὶ
459 922 628 975 τάλλα
658 923 951 990 κτίσματα,
980 921 1073 972 καὶ
1102 921 1326 991 περιττὴ
1356 925 1603 989 φανεῖται
1648 922 1834 974 λοιπὸν
1872 923 1905 992 ἠ

323 1012 417 1065 τοῦ
450 1011 581 1063 Υίοῦ
628 1012 839 1077 γένεσις
878 1011 995 1079 ἦτοι
1039 1010 1276 1078 ποίησις,
1307 1011 1391 1061 ἵνα
1431 1011 1497 1063 τά
1528 1011 1659 1065 ἄλλα
1690 1009 1903 1080 κτισθῇ,

323 1103 577 1172 ἀτονήσει
614 1102 670 1154 δὲ
700 1102 792 1153 καὶ
824 1101 883 1153 τὸ
920 1102 1139 1171 ὑϐρίζον
1172 1101 1411 1171 σόφισμα
1452 1102 1513 1153 τὸ
1559 1105 1807 1171 κρεῖττον
1849 1104 1906 1155 ὲν

323 1196 627 1263 ποιήμασιν
656 1192 927 1261 ἀπονέμον
955 1191 1033 1261 τῷ
1063 1191 1206 1261 Υίῷ⁸
1245 1193 1338 1244 καὶ
1390 1193 1457 1244 δι’
1495 1187 1570 1245 ὦν
1621 1193 1904 1246 ὑπονοοῦσι

321 1286 504 1355 τιμᾷν,
534 1284 790 1353 ὑϐρισταὶ
842 1283 1041 1353 μᾶλλον
1087 1284 1404 1338 ἁλώσονται.
1441 1285 1512 1337 Τὸ
1543 1284 1650 1356 γάρ
1682 1286 1817 1348 ὅλως
1848 1288 1905 1338 ὲν

321 1377 593 1445 ποιήμασι
626 1373 1152 1445 καταριθμούμενον,
1189 1376 1426 1445 γενητῆς
1457 1376 1521 1429 ἃν
1551 1378 1634 1445 εἴη
1665 1374 1903 1445 φύσεως,

321 1467 421 1519 κᾶν
451 1468 715 1536 ἀμέτροις
749 1466 1041 1536 ὑπεροχαῖς
1077 1465 1186 1518 τῶν
1212 1466 1387 1520 ἄλλων
1434 1466 1687 1537 φαίνηται
1723 1470 1905 1539 κρεῖτ-

316 1576 431 1611 τον.
461 1560 524 1612 El
549 1558 607 1611 δὲ
636 1559 834 1612 ἄτοπον
865 1552 1003 1611 εἷναί
1035 1576 1163 1626 φασι
1188 1558 1247 1610 τὸ
1285 1560 1444 1629 μέχρι
1474 1559 1580 1612 τῶν
1608 1560 1905 1629 ἐλαχίστων

320 1649 528 1718 φθάσαι
554 1648 652 1719 τὴν
680 1649 996 1716 ἄφατον¹τοῦ
1021 1648 1154 1701 Θεοῦ
1176 1650 1427 1720 δύναμιν,
1448 1651 1905 1704 δυσωπεὶσθωσαν

318 1743 613 1805 ἀκούοντες
643 1741 889 1809 λέγοντος
913 1742 1007 1795 τοῦ
1029 1744 1286 1815 Χριστοῦο
1320 1764 1336 1795 ι
1367 1746 1499 1814 Οὑχὶ
1524 1746 1615 1798 δύο
1648 1746 1905 1815 στρουθία

316 1834 585 1903 ἀσσαρίου
626 1834 907 1898 πωλεῖται,
942 1836 1037 1887 καὶ
1070 1834 1128 1885 ἓν
1163 1834 1222 1899 ἐξ
1250 1836 1428 1888 αὑτῶν
1457 1837 1516 1888 οὑ
1544 1840 1791 1890 πεσεῖται
1812 1838 1905 1889 ἐπὶ

313 1928 412 1996 τὴν
428 1928 536 1996 γῆν
564 1927 691 1980 ἀνευ
720 1926 811 1979 τοῦ
831 1928 1045 1997 Πατρὸς
1068 1928 1219 1997 ὑμῶν
1239 1928 1332 1980 τοῦ
1356 1931 1413 1981 ὲν
1438 1932 1547 1991 τοῖς
1571 1931 1817 2001 οὐρανοῖς
1839 1947 1853 1995 ;
1882 1948 1899 1980 ι
1941 1908 1981 1961 Β

314 2017 426 2070 Καὶ
461 2017 652 2069 πάλιν·
680 2035 698 2067 ι
722 2017 1046 2087 Ἑκϐλέψατε
1077 2021 1155 2081 είς
1187 2020 1254 2072 τὰ
1278 2021 1497 2073 πετεινά
1527 2021 1617 2073 τοῦ
1650 2020 1899 2091 οὐρανοῦ,

312 2109 393 2160 ὅτι
432 2110 495 2161 οὑ
531 2109 865 2178 σπείρουσιν,
893 2110 1015 2163 οὐδὲ
1040 2110 1332 2180 θερίζουσι,
1362 2114 1456 2165 καὶ
1484 2115 1511 2164 6
1535 2114 1723 2184 Πατὴρ
1750 2114 1904 2184 ὑμῶν

312 2200 340 2249 6
372 2200 627 2269 οὐράνιος
674 2200 862 2270 τρέφει
913 2200 1073 2256 αὑτά.
1107 2220 1124 2251 ι
1160 2202 1270 2254 Καὶ
1322 2204 1483 2256 πάλιν
1507 2221 1519 2232 ’
1576 2223 1593 2255 t
1622 2206 1684 2258 El
1718 2205 1773 2259 δὲ
1811 2205 1902 2258 τὸν

313 2291 509 2359 χόρτον
545 2291 639 2344 τοῦ
674 2292 845 2361 ἀγροῦ
883 2293 1123 2363 σήμερον
1152 2293 1279 2347 ὄντα
1325 2300 1419 2347 καὶ
1449 2296 1636 2367 αὑριον
1672 2300 1748 2359 είς
1780 2298 1901 2349 κλί-

314 2380 477 2433 ϐανον
530 2381 878 2451 βαλλόμενον,
926 2384 953 2436 6
1009 2384 1141 2447 Θεὸς
1188 2386 1359 2449 οὑτως
1406 2388 1750 2457 ἀμφιέννυσι,
1783 2388 1900 2452 πῶς

313 2474 432 2541 οὑχὶ
460 2473 660 2541 μᾶλλον
688 2474 1027 2542 ὑμᾶς;›Τίδ’
1054 2475 1115 2528 ἂν
1138 2476 1346 2543 γένοιτο
1369 2478 1562 2548 χόρτου
1592 2481 1681 2532 καὶ
1708 2499 1898 2553 στρου-

317 2562 446 2613 θίων
474 2562 877 2631 εὐτελέστερον,
898 2556 970 2615 ὧν
1002 2564 1058 2629 ἐξ
1084 2567 1420 2636 ἀγαθότητος
1442 2571 1468 2620 6
1492 2568 1622 2631 Θεὸς
1649 2574 1896 2641 προνοεῖ;

317 2648 447 2705 Εἶτα
482 2652 600 2713 πῶς
631 2654 688 2704 τὸ
720 2648 854 2706 εἶναι
892 2654 1122 2723 ποιητὴς
1157 2657 1255 2708 οὑκ
1285 2657 1349 2709 ἂν
1388 2658 1695 2723 ἀξιώσειεν,
1734 2656 1809 2714 ὧν
1838 2664 1896 2714 οὑ

316 2746 670 2812 παραιτεῖται
719 2744 815 2814 τὴν
867 2745 1159 2812 πρόνοιανς
1224 2746 1360 2817 Ἀλλ’
1389 2741 1534 2803 οὑτοι
1585 2751 1752 2819 τῦφον
1799 2754 1900 2805 οὑκ

316 2834 517 2896 εἰδότες
568 2836 943 2904 προσάπτουσι
991 2836 1066 2905 τῷ
1108 2836 1247 2907 Θεῷ,
1295 2838 1541 2905 λέγοντες
1591 2842 1753 2896 αὑτὸν
1800 2844 1901 2896 οὐκ

316 2922 498 2986 ἀξιοῦν
527 2923 638 2977 τῶν
663 2924 959 2994 ἐλαχίστων
1002 2921 1141 2978 εἶναι
1177 2930 1425 2998 ποιητήν.
1458 2930 1517 2981 Et
1552 2931 1727 2985 τοίνυν
1758 2933 1898 2986 πάν-

315 3034 420 3068 των
450 3017 567 3068 ἐστὶ
595 3018 842 3087 ποιητὴς.
868 3016 1060 3085 φθάνει
1082 3017 1138 3069 δὲ
1166 3018 1259 3069 καὶ
1291 3019 1449 3089 μέχρι
1471 3020 1577 3072 τῶν
1601 3021 1899 3091 ἐλαχίστων

313 3107 400 3159 διὰ
445 3107 855 3177 φιλανθρωπίαν
903 3110 1015 3170 τοῖς
1062 3109 1192 3160 πᾶσι
1245 3108 1625 3178 χωρούμενος,
1671 3112 1899 3183 περιττὴ

315 3197 421 3249 τῶν
451 3194 740 3266 αἱρετικῶν
768 3200 799 3267 ἡ
830 3199 1100 3268 πρόφασις
1128 3198 1213 3250 διὰ
1236 3207 1302 3250 τα
1337 3203 1504 3271 μικρὰ
1533 3201 1639 3253 τῶν
1664 3205 1898 3273 κτισμά-

312 3304 419 3340 των
447 3287 849 3359 προϐεϐλῆσθαι
889 3286 1159 3356 λεγόντων
1193 3288 1283 3341 τὸν
1310 3290 1457 3342 Υίόν.

2009 651 2098 715 sit,
2134 662 2361 717 capaces
2406 648 2568 702 etiam
2618 644 2729 700 sint
2777 640 2998 710 reliqua:
3032 646 3299 694 creatura:
3339 654 3353 689 :
3404 644 3498 690 aut
3552 636 3601 691 si

2010 741 2330 796 imbecillior
2360 739 2436 795 sit
2486 745 2863 793 creaturarum
2910 740 3131 797 natura,
3162 743 3324 800 quam
3373 738 3433 782 ut
3480 728 3603 798 ejus

2008 849 2180 903 capax
2211 846 2330 888 esse
2376 831 2568 901 possit,
2598 829 2786 884 eadem
2812 824 3187 880 imbecillitate
3216 823 3380 878 etiam
3419 823 3600 891 ipsum

2009 904 2277 986 laborare,
2309 922 2506 991 quippe
2536 920 2628 989 qui
2662 924 2857 973 creata
2886 916 2957 971 sit
2988 922 3213 969 naturae.
3247 912 3307 969 Si
3339 926 3468 967 vero
3504 910 3601 966 Fi-

2008 1016 2111 1071 lius
2139 1029 2263 1070 cum
2306 1015 2377 1067 sit
2408 1021 2682 1075 creatura,
2721 1018 2778 1063 ut
2812 1023 2905 1062 vos
2945 1005 3266 1075 opinamini,
3300 1019 3468 1073 capax
3498 1004 3601 1058 fuit

2007 1117 2249 1176 paterna:
2270 1105 2522 1159 virtutis:
2548 1115 2779 1171 capaces
2803 1107 2965 1153 erunt
2986 1106 3039 1151 et
3064 1106 3274 1151 cratera:
3298 1104 3598 1161 creaturas;

2008 1207 2169 1265 atque
2200 1196 2273 1249 ita
2308 1206 2710 1263 supervacanea
2749 1190 2915 1244 fuerit
2970 1190 3093 1245 Filii
3139 1191 3442 1262 generatio,
3483 1192 3603 1246 sive

2007 1286 2265 1342 formatio
2308 1285 2377 1339 ad
2430 1283 2537 1338 alia
2576 1282 2872 1338 creandum
2906 1298 2918 1335 :
2951 1291 3007 1336 et
3057 1280 3385 1336 imbecillum
3440 1270 3602 1349 plane

2008 1390 2168 1449 atque
2210 1379 2371 1433 inane
2400 1376 2505 1430 erit
2535 1373 2990 1433 contumeliosum
3038 1374 3169 1428 illud
3211 1375 3489 1428 inventum
3536 1388 3605 1427 ac

2007 1468 2283 1535 cavillum,
2333 1466 2475 1536 quod
2520 1468 2889 1536 praestantiam
2942 1468 3085 1521 inter
3129 1474 3410 1519 creaturas
3460 1464 3600 1519 Filio

2010 1562 2196 1616 tribuit
2230 1583 2240 1615 :
2275 1569 2327 1615 et
2361 1573 2426 1615 eo
2460 1560 2581 1629 ipso
2621 1573 2730 1627 quo
2778 1558 2927 1613 illum
2984 1559 3191 1613 honore
3236 1556 3449 1610 allicere
3479 1568 3602 1609 sese

2007 1651 2353 1712 existimant,
2414 1650 2795 1705 contumeliosi
2861 1651 3042 1720 potius
3097 1664 3221 1704 esse
3280 1657 3595 1703 cernentur.

2006 1744 2160 1810 Quod
2210 1743 2355 1798 enim
2406 1742 2629 1797 omnino
2674 1742 2945 1797 Creaturis
2996 1751 3391 1794 annumeratur
3442 1726 3601 1793 facta:

2010 1845 2216 1890 natura:
2242 1834 2314 1889 sit
2341 1842 2578 1902 oportet,
2612 1835 2822 1889 tametsi
2854 1835 3123 1887 immenso
3157 1830 3441 1886 intervallo
3476 1828 3601 1884 reli—

2008 1928 2131 1997 quis
2162 1926 2511 1998 prastantius
2535 1926 2625 1979 sit.
2656 1924 2711 1979 Si
2742 1940 2871 1979 vero
2902 1924 3199 1979 absurdum
3230 1938 3350 1978 esse
3376 1930 3601 1977 censent

2007 2019 2071 2073 ad
2102 2020 2381 2073 minimam
2414 2016 2579 2072 etiam
2610 2017 2702 2071 Dei
2731 2017 3027 2087 potentiam
3060 2031 3124 2070 ac
3147 2016 3400 2069 virtutem
3437 2027 3599 2083 pene-

2006 2120 2173 2177 trare,
2216 2110 2565 2173 erubescant,
2617 2124 2739 2164 cum
2783 2110 3060 2164 Christum
3105 2108 3279 2177 ipsum
3330 2106 3600 2159 dicentem

2004 2204 2226 2259 audiant
2256 2220 2268 2255 :
2308 2221 2326 2254 ι
2367 2202 2555 2256 Nonne
2583 2202 2690 2257 duo
2723 2201 3021 2271 passerculi
3074 2215 3197 2255 asse
3243 2208 3515 2261 vaeneunt,
3545 2211 3601 2252 et

2004 2311 2143 2351 unus
2185 2310 2251 2350 ex
2302 2298 2380 2349 cis
2431 2312 2535 2349 non
2591 2296 2747 2350 cadet
2802 2295 2855 2348 in
2914 2304 3117 2348 terram
3182 2294 3386 2361 absque
3438 2290 3602 2345 Patre

2004 2399 2183 2442 vestro
2213 2388 2303 2456 qui
2336 2388 2388 2441 in
2438 2386 2591 2442 caelis
2622 2396 2706 2442 est
2732 2387 2773 2438 '.
2814 2404 2833 2439 ι
2888 2386 2953 2439 Ει
2989 2400 3181 2441 rursus
3217 2399 3233 2437 :
3272 2401 3290 2435 ι
3326 2384 3602 2453 Respicite

2003 2478 2243 2531 volatilia
2285 2477 2431 2542 caeli,
2470 2479 2611 2545 quod
2666 2492 2772 2531 non
2822 2486 3014 2532 serunt
3049 2490 3224 2543 neque
3274 2484 3509 2541 metunt,
3544 2482 3600 2528 et

2006 2568 2163 2622 Pater
2190 2578 2373 2635 vester
2395 2569 2631 2623 caelestis
2658 2570 2830 2622 nutrit
2854 2570 2941 2622 illa
2973 2570 3013 2622 ⁸.
3048 2588 3064 2619 ι
3093 2569 3162 2621 Ει
3192 2582 3410 2621 rursum
3442 2584 3455 2620 :
3494 2584 3512 2617 ι
3538 2564 3598 2621 Si

2004 2658 2187 2713 fenum
2216 2660 2331 2727 agri
2373 2660 2516 2727 quod
2549 2659 2709 2714 hodie
2734 2668 2819 2714 est
2848 2669 2899 2713 et
2928 2675 3051 2714 cras
3079 2660 3131 2712 in
3157 2659 3432 2712 clibanum
3472 2658 3599 2711 mit-

2008 2746 2157 2812 titur,
2193 2747 2334 2802 Deus
2364 2749 2443 2803 sic
2478 2749 2660 2814 vestit,
2711 2760 2917 2818 quanto
2952 2750 3125 2819 magis
3162 2764 3258 2804 vos
3306 2749 3363 2801 ’ἲ
3401 2767 3419 2800 ι
3460 2748 3601 2815 Quid

2004 2847 2185 2892 autem
2218 2838 2341 2893 leno
2381 2848 2435 2894 et
2480 2841 2808 2910 passerculis
2852 2841 3006 2911 151
3048 2842 3207 2895 vilius
3254 2851 3357 2907 est,
3402 2843 3602 2910 quibus

2004 2929 2147 2985 Deus
2177 2946 2273 2999 pro
2300 2948 2396 2986 sua
2434 2933 2678 2988 bonitate
2716 2935 3007 3001 providet?
3046 2934 3153 2988 Aut
3185 2934 3462 3003 quomodo
3496 2949 3600 2987 non

2004 3020 2258 3091 dignetur
2278 3037 2399 3077 esse
2430 3033 2648 3078 creator
2678 3039 2889 3088 eorum,
2930 3040 3159 3094 quorum
3199 3026 3598 3094 prOVldenllalll

2004 3124 2110 3163 non
2155 3111 2455 3165 detrectat?
2502 3111 2573 3165 At
2622 3111 2711 3166 isti
2764 3112 3079 3181 ignorantes
3125 3114 3438 3180 superbiam
3490 3112 3600 3165 Deo

2005 3203 2344 3271 impingunt,
2394 3203 2639 3260 dicentes
2700 3218 2826 3259 eum
2893 3204 3177 3273 dedignari
3242 3206 3596 3259 minimorum

1919 3281 1961 3338 C
1996 3304 2302 3349 creatorem
2332 3308 2477 3349 esse.
2513 3293 2575 3349 Si
2609 3309 2740 3365 ergo
2768 3295 3012 3349 omnium
3041 3308 3123 3349 εει
3151 3303 3395 3359 creator,
3424 3305 3479 3349 et
3503 3308 3603 3362 pro

314 3396 409 3434 sua
448 3381 784 3451 benignitate
855 3382 1020 3433 etiam
1052 3382 1117 3434 ad
1195 3383 1416 3436 minima
1462 3396 1725 3453 permeat,
1764 3403 2060 3458 omnesque
2096 3390 2179 3444 sui
2247 3404 2475 3459 capaces
2516 3389 2666 3458 facit,
2708 3390 2888 3446 inanis
2920 3401 3004 3446 est
3047 3391 3431 3446 haereticorum
3470 3406 3599 3456 pro.

315 3473 513 3543 positio
547 3473 863 3537 dicentium,
889 3482 1113 3541 propter
1153 3474 1386 3529 minores
1414 3484 1693 3534 creaturas
1718 3484 2035 3550 productum
2063 3496 2186 3537 esse
2210 3480 2431 3541 Filium.

316 3592 444 3646 Ἔτι
470 3592 557 3654 εις
588 3590 652 3642 τὸ
711 3608 727 3639 ι
758 3588 971 3654 Κύριος
1236 3606 1313 3658 με
1339 3606 1351 3619 ·
1385 3609 1404 3642 ι
1448 3591 1536 3646 ὅτι
1572 3596 1643 3648 οὐ
1674 3596 1896 3666 κτίσμα

1169 3680 1220 3713 c.

1169 3680 1220 3726 ς.

381 3771 444 3823 Εἰ
476 3769 598 3823 καθ’
630 3771 793 3839 ὑμᾶς,
824 3764 868 3824 ὦ
898 3771 1178 3842 θεομάχοι,
1201 3772 1288 3826 διὰ
1316 3774 1377 3826 τὸ
1414 3776 1487 3845 μὴ
1514 3776 1771 3832 δύνασθαι
1794 3779 1893 3850 τὴν

310 3861 419 3913 τῶν
444 3860 686 3929 γενητῶν
719 3862 878 3921 φύσιν
908 3862 1157 3932 χωρῆσαι
1177 3862 1274 3933 τὴν
1296 3864 1533 3933 ἄκρατον
1563 3868 1895 3938 αὐτουργίαν

308 3948 403 4001 τοῦ
440 3948 574 4001 Θεοῦ
607 3950 701 4001 καὶ
731 3953 965 4019 ιιατρος,
1002 3951 1223 4022 μεσίτου
1255 3955 1412 4024 χρεία
1443 3956 1653 4022 γέγονε,
1688 3960 1781 4011 καὶ
1806 3960 1895 4013 οῦ-

308 4059 416 4104 τως
440 4041 622 4094 ἔκτισε
650 4042 739 4095 τὸν
765 4042 893 4095 Υἱὸν
915 4044 943 4095 6
974 4043 1181 4115 Πατὴρ,
1204 4045 1319 4109 πῶς
1351 4048 1377 4099 6
1398 4047 1521 4106 Υἱὸς
1548 4050 1773 4119 γενητὸς
1794 4050 1893 4119 ὢν,

311 4132 434 4185 καθ’
466 4134 632 4203 ὑμᾶς,
674 4134 921 4203 ἐχώρησε
956 4133 1051 4187 τοῦ
1098 4135 1311 4207 Πατρὸς
1340 4137 1437 4207 τὴν
1473 4140 1737 4210 δύναμιν;
1776 4144 1894 4195 Ἀν-

310 4224 456 4291 άγκη
502 4222 610 4293 γὰρ
650 4223 744 4276 καὶ
791 4222 939 4292 αὑτῷ
986 4222 1169 4277 δοῦναι
1202 4226 1292 4277 τὸν
1334 4228 1720 4296 μεσιτεύοντα·
1756 4231 1893 4287 ἀλλά

310 4316 582 4377 κάκεῖνος,
614 4313 663 4365 εί
712 4315 945 4384 ὑπάρχοι
975 4315 1222 4387 γενητὸς,
1258 4317 1428 4371 δεῖται
1463 4320 1624 4372 πάλιν
1658 4321 1751 4374 τοῦ
1793 4340 1887 4393 με-

311 4401 635 4466 σιτεύοντος,
668 4405 765 4456 καὶ
810 4403 982 4468 οὕτως
1013 4408 1092 4469 είς
1122 4408 1347 4479 ἄπειρον
1393 4414 1631 4480 μεσιτῶν
1676 4414 1829 4484 ὄχλον
1864 4416 1892 4466 6

309 4496 475 4565 λόγος,
493 4496 810 4565 ἐκϐήσεται.
838 4496 1056 4551 Είκαίον
1080 4495 1172 4552 οῦν
1203 4502 1309 4571 ἄρα
1336 4503 1397 4555 τὸ
1430 4506 1559 4576 περὶ
1585 4508 1774 4560 τούτου
1805 4510 1891 4562 σό-

2005 3595 2073 3652 In
2102 3598 2260 3666 illud,
2296 3615 2317 3650 ι
2346 3598 2485 3653 Deus
2515 3599 2764 3680 formavit
2812 3598 2936 3680 me"
2984 3617 2998 3653 :
3034 3616 3052 3650 ι
3088 3598 3229 3668 quod
3282 3596 3453 3653 Filius
3496 3614 3601 3654 non

2623 3678 2693 3723 ιιι
2723 3678 2989 3724 creatura.

2076 3780 2133 3837 Si
2166 3782 2318 3851 juxta
2352 3790 2615 3847 vestram,
2656 3782 2752 3837 Dei
2796 3782 3005 3849 hostes,
3042 3782 3356 3851 opinionem
3394 3782 3601 3838 ideirco

2000 3891 2136 3947 opus
2164 3876 2266 3930 fuit
2298 3876 2623 3941 mediatore,
2666 3875 2793 3945 quia
2838 3885 3214 3931 creaturarum
3256 3884 3450 3929 natura
3495 3877 3599 3930 im-

2000 3981 2240 4022 mensam
2265 3965 2359 4019 Dei
2394 3966 2647 4020 virtutem
2668 3979 2865 4034 capere
2890 3966 2943 4020 in
2967 3981 3027 4021 se
3052 3980 3157 4019 non
3181 3974 3415 4033 poterat,
3452 3966 3600 4021 ideo-

2000 4071 2106 4126 que
2128 4055 2290 4112 Pater
2322 4055 2519 4111 Filium
2561 4056 2766 4111 creavit
2800 4076 2813 4111 :
2854 4071 2959 4127 quo
2990 4068 3151 4127 pacto
3187 4056 3375 4123 Filius,
3414 4057 3505 4127 qui
3543 4066 3601 4113 ut

2000 4162 2095 4202 vos
2126 4148 2329 4214 dicitis,
2363 4158 2580 4203 creatus
2611 4156 2719 4215 est,
2748 4147 2838 4203 Dei
2872 4152 3130 4205 virtutem
3160 4166 3357 4219 capere
3388 4150 3600 4219 potuit?

1999 4237 2235 4294 Necesse
2269 4239 2413 4293 enim
2449 4239 2613 4295 fuerit
2640 4242 2806 4294 etiam
2838 4242 2911 4296 illi
2959 4244 3319 4297 mediatorem
3358 4244 3596 4313 aliquem

1999 4330 2130 4386 dare
2166 4349 2179 4385 :
2236 4340 2496 4385 caeterum
2551 4334 2718 4387 etiam
2763 4334 2872 4398 ille,
2924 4334 2967 4388 si
3005 4348 3223 4389 creatus
3254 4345 3359 4400 est,
3393 4336 3598 4405 indiget

1999 4422 2331 4487 mediatore;
2364 4433 2529 4491 atque
2558 4424 2629 4477 ita
2660 4424 2818 4478 turba
2845 4426 3208 4480 mediatorum
3234 4426 3287 4479 iu
3324 4428 3596 4481 inﬁnitum

2002 4524 2229 4568 crescet.
2283 4513 2560 4568 Frivolum
2592 4517 2776 4584 itaque
2802 4528 2889 4571 est
2928 4526 3170 4572 vestrum
3198 4532 3595 4588 commentum,

308 4606 507 4659 φισμα,
542 4590 723 4641 πᾶσαν
749 4588 884 4659 ὁμοῦ
908 4590 1008 4659 τὴν
1037 4591 1401 4663 δημιουργίαν
1428 4598 1753 4669 ἀνατρέπον.
1783 4604 1894 4672 υὺχ

2011 4604 2307 4660 universam
2350 4606 2511 4660 simul
2555 4610 2887 4663 creationem
2931 4610 3279 4667 subvertens.
3314 4612 3446 4667 Nam
3489 4629 3594 4667 non

309 4682 697 4752 εὑρισκομένου
729 4684 859 4753 γὰρ,
904 4684 1103 4753 μᾶλλον
1148 4686 1204 4739 δὲ
1252 4686 1325 4756 μὴ
1371 4687 1703 4761 ζητουμένου
1737 4711 1887 4764 μεσι-

310 4772 578 4836 τεύοντος,
606 4772 706 4826 οὑκ
731 4773 796 4826 ἂν
824 4774 1030 4846 ὑπέστη
1066 4776 1135 4829 τὰ
1164 4782 1382 4850 γενητά.

309 4885 511 4965 ΔΑΜ-ἀρ.
561 4883 682 4961 Τῷν
710 4885 1428 4965 νόρθοδόξωνλεγόκτων
1480 4898 1545 4965 Et
1591 4898 1819 4965 κτίσμα
1857 4902 1887 4952 ὀ

376 4952 823 5035 ζιρς,στῶς⁸ἒχει
849 4957 997 5033 ream
1019 4952 1207 5035 φύσιή
1227 4960 1291 5012 τὸ
1320 4959 1470 5035 εἶναι
1495 4952 1850 5035 δημιουργός
1872 4985 1888 5032 ;

381 5025 464 5103 ρὺ
494 5025 604 5089 γὰρ
643 5022 797 5103 ιδιον
827 5023 945 5103 τῶν
982 5022 1319 5103 κτισμάτων
1348 5022 1631 5103 τοῦτό
1660 5022 1889 5103 ἀὶςὸυξτζ

376 5092 743 5173 τξνςετκανιοζ
793 5096 1072 5173 αἰρεςιέιω
1115 5092 1185 5150 τὰ
1216 5092 1682 5173 ὑποτεταγμένα,
1706 5102 1794 5161 ὧν
1831 5113 1889 5163 αι

376 5163 594 5227 λύσεις
621 5162 780 5216 εισίν
806 5164 1049 5233 ἐφεξῆς.

528 5279 935 5350 Ἁνθυποςοορὰ
971 5282 1051 5347 ὡς
1088 5283 1156 5337 ἐκ
1194 5284 1311 5339 τῶν
1347 5291 1675 5356 αἰρετικῶν.

379 5391 621 5458 Κτίσμα,
650 5392 831 5460 φασὶν,
864 5394 1013 5448 ἔστιν
1043 5397 1069 5448 6
1100 5397 1247 5462 Υἱὸς,
1277 5404 1370 5452 καὶ
1401 5402 1506 5454 τῶν
1536 5406 1777 5474 γενητῶν
1812 5401 1889 5471 εἷς

314 5483 578 5555 ὑπάρχευ
618 5486 680 5537 τὸ
710 5487 765 5539 δὲ
798 5489 1003 5552 κτίζειν
1036 5490 1110 5553 ὡς
1139 5492 1289 5561 παρὰ
1332 5492 1649 5549 διδασκάλου
1703 5499 1888 5567 μαθὼν

314 5572 345 5640 ἢ
379 5574 639 5642 τεχνίτου,
672 5578 983 5649 ὑπηρέτησε
1017 5583 1149 5651 πρὸς
1185 5584 1281 5654 τὴν
1317 5584 1423 5637 τῶν
1475 5584 1647 5654 ἔργων
1701 5592 1887 5659 χρείαν

314 5663 390 5733 τῷ
415 5666 687 5731 διδάξαντι
720 5670 857 5742 Θεῷ.

378 5842 397 5873 ⁸
421 5842 604 5900 Matth.
649 5864 698 5911 Χ,
731 5848 819 5903 ΞΟ.

902 5850 1122 5905 ‘Mullli.
1166 5868 1211 5905 Vt
1278 5853 1362 5907 9.“.
1447 5855 1463 5879 ’⁷
1491 5854 1619 5910 Ibid.
1654 5858 1737 5913 3U.

1999 4696 2220 4751 invento
2250 4707 2344 4751 aut
2383 4700 2564 4769 potius
2600 4716 2706 4755 non
2754 4702 2981 4771 quaesito
3033 4706 3355 4771 mediatore,
3410 4717 3595 4760 creata

1999 4803 2103 4842 non
2131 4791 2511 4845 substiterunt.

2000 4902 2229 4956 Αιιιυι).
2252 4904 2681 4976 Οιιηιονιίιοᾱοπὶ
2703 4910 2917 4962 dicunt:
2943 4907 3002 4963 Si
3025 4907 3199 4976 Filius
3228 4920 3303 4963 est
3328 4918 3593 4976 creatura,

2069 4992 2170 5049 quo
2199 4986 2352 5041 pacto
2377 4975 2471 5028 hoc
2501 4978 2547 5028 ei
2576 4979 2821 5031 naturale
2840 4990 2937 5040 est,
2974 4989 3031 5031 ut
3057 4983 3123 5033 sit
3153 4983 3405 5033 creator?
3429 4975 3592 5049 neque

2074 5046 2211 5115 enim
2248 5055 2614 5099 creaturarum
2655 5052 2928 5115 proprium
2968 5060 3086 5113 est;
3132 5053 3373 5104 hwretici
3408 5046 3594 5105 contra

2066 5114 2321 5234 objiciunt
2352 5132 2469 5183 qua:
2502 5128 2816 5186 sequuntur,
2858 5136 3082 5189 quorum
3116 5123 3410 5177 solutiones
3437 5125 3593 5177 etiam

2075 5200 2106 5235 a
2150 5195 2414 5236 uerentur.

2075 5200 2414 5253 adﬁcientur.

2461 5296 2700 5367 Objectio
2738 5299 3129 5355 haereticorum.

2068 5410 2257 5477 Filius,
2294 5412 2567 5481 inquiunt,
2594 5423 2842 5468 creatura
2885 5430 3130 5483 unusque
3165 5427 3244 5471 cst
3271 5433 3336 5471 ex
3376 5419 3442 5472 iis
3470 5435 3591 5489 quae

1994 5501 2133 5555 facta
2166 5514 2292 5555 sunt
2326 5521 2339 5556 :
2374 5504 2592 5558 creandi
2633 5520 2759 5561 vero
2797 5506 3108 5561 facultatem
3136 5524 3163 5561 a
3197 5510 3457 5577 magistro
3496 5522 3589 5567 aut

1992 5595 2203 5649 artitice
2228 5596 2438 5661 didicit,
2467 5606 2519 5650 et
2554 5598 2660 5652 Deo
2687 5600 2776 5667 qui
2806 5600 2980 5669 ipsum
3013 5600 3217 5666 docuit,
3254 5602 3305 5657 in
3332 5602 3587 5671 operibus

1990 5686 2105 5738 suis
2142 5686 2491 5741 ministravit.

1822 5862 1836 5887 ί
1866 5861 2021 5918 Prov.
2060 5881 2175 5930 \‘ltl,
2213 5865 2300 5920 ΞΔ.
