3994 6324
420 465 523 523 9.55

876 582 1175 642 Solutious
1200 585 1525 656 objectionis.

494 693 550 749 Si
586 697 845 767 quidquid
891 713 996 754 non
1043 697 1361 752 naturaliter
1407 696 1564 750 alicui
1616 696 1835 749 insitum
1882 702 1985 757 est,

420 786 516 840 sed
553 796 759 841 tantum
789 790 1157 845 accidentarie
1188 788 1350 852 inest,
1388 796 1445 842 et
1472 784 1869 855 quodammodo
1895 796 1988 836 ac-

421 874 679 942 quisitum
711 888 814 941 est,
847 878 963 935 fieri
994 890 1168 950 potest
1197 888 1260 934 ut
1299 877 1591 949 aliquando
1633 892 1737 931 non
1780 875 1991 929 accidat

424 964 521 1034 (ea
554 968 698 1020 enim
744 978 824 1023 est
884 970 1240 1025 accidentium
1289 968 1517 1039 natura)
1560 969 1809 1023 accidens
1860 965 1988 1019 illud

421 1067 519 1120 per
543 1057 682 1123 quod
712 1056 878 1111 Filius
907 1066 1119 1113 creator
1155 1066 1260 1123 est,
1290 1057 1574 1127 aliquando
1608 1058 1659 1111 in
1690 1072 1755 1110 eo
1793 1066 1992 1111 evane-

422 1159 575 1200 scere
619 1146 837 1214 poterit.
886 1149 1064 1219 Atque
1104 1150 1175 1203 ita
1219 1149 1477 1219 dignitate
1525 1163 1618 1202 sua
1667 1146 1986 1216 privabitur,

420 1236 674 1292 amittens
719 1239 769 1293 id
816 1240 959 1309 quod
994 1238 1278 1294 didicerat.
1329 1236 1458 1292 Nam
1491 1238 1537 1292 is
1575 1239 1666 1306 qui
1701 1236 1990 1305 aliquando

419 1327 562 1391 quod
596 1327 877 1383 nesciebat
909 1326 1119 1395 didicit,
1156 1336 1331 1397 potest
1364 1326 1527 1383 etiam
1562 1327 1797 1397 ejusdem
1848 1326 1988 1381 obli-

416 1414 571 1470 visci.

1085 1531 1313 1590 ALIUD.

487 1640 777 1698 Creaturas
802 1659 830 1698 a
858 1642 1024 1704 nihilo
1048 1646 1113 1701 ad
1135 1661 1256 1705 esse
1281 1646 1581 1710 traducere,
1611 1660 1715 1699 non
1748 1654 1832 1701 est
1854 1659 1990 1714 Opus

419 1734 573 1799 artis,
622 1737 717 1791 sed
773 1736 1049 1795 facultatis
1100 1740 1215 1796 sive
1258 1740 1511 1809 potentiae
1563 1740 1831 1794 ereativaz.
1884 1742 1989 1794 Ars

420 1826 565 1879 enim
600 1842 660 1881 ea
703 1843 821 1896 quae
856 1831 1127 1885 exsistunt
1170 1831 1222 1885 in
1262 1830 1404 1885 aliud
1432 1830 1559 1900 quid
1592 1840 1765 1885 mutat
1794 1848 1807 1884 :
1836 1846 1988 1885 erea-

1420 467 1477 524 S.
1521 462 1789 523 CYBILLI
1827 462 2294 519 ALEXANDRINI
2333 464 2656 522 ARCHIEP.

3566 471 3670 528 256

2639 584 2830 648 Λύσις
2865 578 3106 652 ἐφεξῆς.

2163 695 2223 747 El
2256 697 2363 748 πάν
2392 695 2528 767 ὅπερ
2556 697 2619 750 iv
2647 714 2751 749 τινι
2784 697 3028 763 φαίνοιτο
3045 693 3419 766 συμϐεϐηκὸς.
3446 692 3540 748 καὶ
3566 694 3666 747 οὐκ

2089 786 2146 837 ἑν
2192 788 2259 855 τῇ
2306 785 2463 855 φύσει
2512 787 2783 855 κείμενον,
2822 786 3113 857 ἐπικτηθὲν
3138 786 3195 839 δέ
3223 804 3338 849 πως
3370 784 3515 838 κατά
3543 801 3665 839 τινα

2088 876 2307 944 τρόπον,
2334 878 2491 930 τοῦτο
2521 878 2615 930 καὶ
2647 878 3033 949 ὰποσυμϐἦναι
3079 876 3301 930 δύναταί
3336 894 3487 941 ποτε,
3522 876 3664 929 οὕτω

2090 968 2304 1037 φύσεως
2337 968 2550 1038 ἔχοντος
2576 971 2665 1023 ἀεὶ
2693 968 2787 1022 τοῦ
2821 970 3246 1039 συμϐεϐηκότος,
3278 968 3665 1040 ἀποσυμϐήσε-

2088 1058 2177 1112 ταί
2202 1075 2333 1113 ποτε
2359 1059 2451 1113 τοῦ
2469 1060 2597 1113 Υίοῦ
2628 1060 2687 1113 τὸ
2714 1059 2853 1113 εἶναι
2877 1061 2940 1130 δη
2950 1062 3226 1131 μιουργόν.
3255 1061 3361 1113 Καὶ
3388 1061 3538 1112 ἔσται
3568 1060 3665 1113 τοῦ

2089 1146 2397 1217 ἀξιώματος
2444 1144 2667 1221 ἕρημος,
2700 1149 2987 1203 ἀποϐαλὼν
3038 1152 3174 1221 ὅπερ
3220 1150 3444 1221 ἔμαθεν.
3462 1150 3521 1203 Ὀ
3555 1150 3665 1222 γὰρ

2088 1235 2225 1299 ὅλως
2250 1238 2312 1288 ὲκ
2335 1237 2429 1290 τοῦ
2471 1239 2547 1309 μὴ
2574 1238 2770 1291 εἰδέναι
2790 1254 2843 1290 τι
2877 1238 3012 1308 πρὸς
3041 1239 3101 1291 τὺ
3129 1239 3327 1292 εἰδέναι
3373 1239 3665 1311 κεκλημέ-

2089 1342 2197 1391 νος,
2230 1324 2441 1391 δέξεταί
2465 1344 2596 1381 ποτε
2632 1328 2726 1381 καὶ
2756 1329 2855 1399 τῆς
2886 1327 3053 1399 λήθης
3091 1326 3153 1381 τὸ
3187 1328 3377 1391 πάθος.

2770 1529 2953 1581 ΔΛΛο

2161 1636 2235 1690 Τὸ
2259 1638 2325 1690 ὲκ
2353 1636 2448 1690 τοῦ
2478 1638 2554 1708 μὴ
2582 1637 2731 1702 ὄντος
2763 1638 2847 1703 εις
2874 1638 2935 1692 τὸ
2969 1633 3110 1694 εἶναι
3143 1640 3411 1711 παράγειν
3441 1641 3511 1693 τὰ
3544 1641 3665 1695 κτί-

2090 1744 2290 1796 σματα,
2321 1729 2382 1782 οὐ
2429 1730 2624 1800 τέχνης
2670 1730 2829 1801 ἔργον
2875 1732 3041 1799 ἐστὶν,
3071 1731 3207 1787 ἀλλὰ
3256 1731 3536 1803 δυνάμεως
3568 1733 3667 1803 δη-

2094 1820 2441 1891 μιουργικῆς.
2471 1821 2645 1892 Τέχνη
2678 1822 2777 1891 μὲν
2808 1823 2918 1893 γὰρ
2958 1822 3027 1878 τὰ
3060 1823 3187 1877 ὄντα
3219 1822 3352 1895 πρὸς
3396 1824 3582 1895 ἕτερόν
3613 1839 3666 1878 τι

420 1912 525 1967 trix
560 1922 739 1969 autem
779 1916 1027 1982 facultas,
1058 1932 1119 1973 ea
1165 1933 1285 1986 quae
1328 1934 1432 1973 non
1461 1920 1732 1975 exsistunt
1775 1920 1899 1975 facit
1930 1930 1985 1975 ut

2094 1914 2486 1981 μετασκευάζει
2507 1930 2520 1943 ·
2548 1914 2908 1985 δημιουργικὴ
2936 1914 2993 1969 δὲ
3036 1914 3266 1986 δύναμις
3292 1916 3362 1968 τὰ
3412 1916 3485 1987 μὴ
3536 1916 3667 1970 ὄντα

418 2006 706 2061 exsistant.
740 2006 796 2061 Si
827 2023 956 2079 ergo
990 2011 1058 2064 ab
1086 2020 1204 2065 arte
1235 2010 1390 2080 152
1423 2019 1514 2065 aut
1545 2011 1787 2067 doctrina
1817 2022 1993 2083 potest

417 2110 538 2150 esse
559 2107 774 2152 creator
797 2098 984 2166 Filius,
1016 2100 1235 2157 videant
1268 2102 1399 2171 quid
1444 2100 1511 2157 de
1549 2101 1710 2158 Patre
1750 2113 1992 2159 statuere

418 2188 603 2251 velint,
640 2188 683 2243 si
730 2189 853 2259 quis
890 2191 1052 2245 etiam
1086 2190 1154 2247 de
1204 2191 1295 2247 illo
1328 2193 1442 2246 hate
1492 2192 1658 2248 dicat.
1710 2195 1781 2249 At
1825 2194 1989 2261 dices,

418 2273 631 2331 Patrem
664 2280 879 2349 quidem
906 2290 1100 2335 natura
1135 2295 1276 2347 esse,
1306 2280 1499 2336 Filium
1536 2296 1663 2336 vero
1696 2284 1947 2337 edoctum
1974 2300 1988 2337 :

418 2365 532 2421 fieri
568 2368 750 2437 itaque
774 2380 1045 2439 potestut
1072 2371 1194 2441 quis
1219 2382 1585 2442 consequatur
1621 2373 1863 2427 doctrina
1894 2388 1993 2428 na-

417 2459 645 2513 turalem
716 2463 1081 2531 operationem
1149 2464 1265 2529 Dei,
1303 2474 1466 2531 utque
1518 2465 1741 2519 edoctus
1782 2480 1988 2534 creare,

417 2543 556 2599 idem
586 2550 904 2605 naturaliter
939 2550 1012 2606 sit
1031 2551 1177 2620 quod
1206 2552 1341 2621 ipse.
1366 2550 1578 2606 Nullum
1612 2553 1774 2623 igitur
1799 2555 1991 2609 discri-

416 2652 537 2691 men
585 2640 689 2694 erit
739 2640 879 2695 inter
936 2640 1099 2697 Deum
1142 2652 1197 2699 et
1253 2653 1581 2709 creaturam,
1634 2654 1989 2715 praeterquam

416 2728 1001 2801 scientiae,disparitas
1049 2751 1061 2786 :
1115 2744 1309 2789 natura
1365 2744 1541 2791 autem
1595 2738 1661 2790 ab
1717 2738 1832 2809 ipso
1885 2753 1990 2793 non

416 2816 746 2884 differemus,
778 2822 869 2875 sed
904 2822 1025 2877 sola
1050 2824 1275 2879 scientia
1306 2824 1591 2880 inferiores
1622 2825 1712 2879 illo
1741 2828 1988 2883 erimus:

417 2922 537 2977 qnze
564 2912 651 2964 ubi
683 2911 889 2981 adjecta
926 2916 1079 2971 nobis
1119 2916 1303 2982 fuerit,
1335 2920 1539 2972 erimus
1575 2933 1765 2974 omnes
1798 2929 1990 2975 natura

416 3002 512 3057 dii.
550 3003 829 3071 Quomodo
866 3008 1030 3076 igitur
1063 3024 1202 3062 unus
1244 3018 1327 3062 est
1370 3009 1532 3071 Deus,
1575 3010 1621 3062 si
1678 3025 1771 3079 per
1818 3011 1988 3065 solam

417 3093 718 3150 doctrinam
742 3112 901 3165 quam
939 3099 1347 3167 consequimur,
1377 3098 1454 3151 dii
1503 3097 1805 3154 ellicimur?
1849 3104 1917 3155 At
1943 3105 1989 3159 si

416 3183 534 3255 ipsa
578 3200 638 3240 se
680 3187 867 3241 barum
920 3188 1396 3243 ratiocinationum
1446 3189 1757 3246 absurditas
1792 3194 1984 3261 prodit,

414 3277 736 3331 naturaliter
768 3279 950 3348 itaque
986 3288 1201 3335 creator
1239 3289 1322 3335 est
1368 3278 1570 3344 Filius,
1623 3294 1727 3335 non
1760 3297 1857 3353 per
1884 3284 1983 3340 do-

416 3368 671 3434 ctrinam,
699 3379 755 3425 ut
786 3387 880 3427 vos
914 3374 1235 3441 opinamini.

1090 3506 1317 3567 ALIUD.

484 3610 642 3667 Aliud
677 3615 950 3684 quidpiam
979 3627 1063 3673 est
1092 3620 1378 3689 sapientia,
1420 3623 1564 3679 aliud
1604 3626 1821 3695 sapiens
1853 3646 1866 3683 :
1902 3641 1990 3683 sa-

415 3704 615 3774 pientia
648 3708 789 3760 enim
822 3720 905 3763 est
929 3725 1016 3765 res
1048 3726 1169 3782 quae
1197 3728 1387 3784 sapere
1411 3716 1566 3782 facit;
1621 3719 1836 3789 sapiens
1863 3736 1989 3776 vero

414 3799 505 3866 qui
546 3812 659 3852 rem
690 3814 808 3869 qua:
845 3816 1037 3871 sapere
1068 3802 1220 3873 facit,
1267 3805 1509 3875 suscipit.
1557 3807 1613 3863 Si
1653 3823 1783 3881 ergo
1819 3810 1989 3867 Filius

414 3889 652 3959 seipsum
711 3893 1034 3959 sapientiam
1084 3911 1208 3951 esse
1257 3897 1409 3962 dicit,
1464 3901 1729 3968 quomodo
1775 3903 1989 3973 sapiens

414 3980 639 4038 eﬂectus
681 3985 802 4038 est?
859 3985 994 4040 Nam
1044 3987 1089 4041 si
1135 3989 1357 4043 omnino
1375 3990 1649 4045 =doctrina
1690 3992 1989 4061 indigebat,

417 4088 522 4126 non
549 4082 665 4127 erat
693 4074 978 4142 sapientia.
1010 4075 1075 4131 Et
1098 4078 1144 4132 si
1168 4079 1430 4148 sapientia
1460 4080 1810 4137 aceidentalis
1837 4083 1890 4138 in
1922 4099 1988 4138 eo

414 4175 517 4230 est,
553 4167 753 4235 poterit
795 4168 1083 4238 aliquando
1114 4170 1239 4228 talis
1275 4186 1379 4227 non
1412 4187 1557 4237 esse,
1600 4188 1724 4229 cum
1762 4174 1813 4229 id
1844 4176 1984 4245 quod

413 4257 609 4310 accidit
647 4258 817 4326 possit
866 4259 1028 4315 etiam
1070 4276 1175 4316 non
1202 4263 1466 4319 accidere.
1503 4264 1767 4331 Quidnam
1822 4267 1987 4337 igitur

412 4357 678 4402 eratante
702 4350 841 4404 hoc?
868 4352 1131 4421 sapientia
1157 4354 1299 4408 enim
1330 4370 1435 4409 non
1460 4365 1599 4421 erat,
1629 4372 1747 4411 eum
1772 4360 1985 4427 sapien-

415 4436 489 4490 tia
517 4438 800 4508 indigeret.
834 4441 901 4496 At
938 4457 1153 4513 semper
1182 4443 1281 4499 fuit
1323 4447 1585 4515 sapientia
1626 4447 1816 4502 Filius.
1870 4448 1983 4504 lloc

411 4528 555 4583 enim
600 4544 751 4583 sacra
790 4530 1069 4602 Scriptura
1096 4534 1161 4588 de
1194 4536 1308 4603 ipso
1334 4538 1608 4603 praedicat.
1640 4538 1848 4593 Vanum
1882 4542 1985 4594 ita-

412 4635 519 4691 que
551 4630 605 4675 et
632 4622 921 4678 absurdum
956 4634 1041 4680 est
1076 4625 1276 4693 dicere,
1323 4624 1462 4683 Filio
1493 4628 1696 4699 aliquid
1730 4630 1979 4687 doctrina

412 4714 692 4770 accidisse.

1083 4831 1302 4889 ALIUD.

483 4937 543 4994 Si
569 4939 792 4996 facultas
820 4942 1038 4997 creandi
1073 4944 1209 5001 Filio
1250 4960 1347 5013 per
1374 4945 1675 5005 doctrinam
1722 4951 1972 5016 accessit,

410 5040 572 5099 atque
620 5032 692 5085 ita
724 5031 893 5087 factus
914 5044 1224 5090 estcreator
1250 5036 1439 5103 Filius,
1469 5040 1679 5097 invidiae
1708 5044 1837 5097 vitio
1872 5042 1975 5096 Pa—

410 5127 547 5172 trem
579 5130 832 5186 onerant,
878 5123 921 5176 si
961 5139 1085 5178 cum
1118 5125 1317 5182 multos
1343 5128 1539 5185 docere
1571 5142 1775 5201 posset,
1809 5148 1973 5187 unum

2094 2003 2229 2073 πρὸς
2262 2005 2322 2056 τὸ
2356 2000 2494 2058 εἶναι
2525 2006 2697 2064 καλεῖ.
2734 2006 2799 2061 El
2837 2006 3019 2061 τοίνυν
3049 2007 3157 2060 ἀπὸ
3182 2006 3373 2077 τέχνης
3419 2009 3513 2061 καὶ
3560 2024 3664 2077 μα-

2093 2096 2300 2169 θήσεως
2342 2092 2481 2152 εἶναι
2513 2098 2736 2152 δύναται
2782 2097 3109 2169 δημιουργὸς
3142 2100 3170 2152 6
3199 2099 3344 2163 Υἱὸς,
3379 2100 3665 2168 ὁράτωσαν

2091 2185 2144 2237 τί
2173 2202 2303 2238 ποτε
2331 2186 2437 2257 ipa
2468 2189 2562 2240 καὶ
2595 2187 2723 2258 περὶ
2754 2188 2846 2241 τοῦ
2878 2187 3091 2259 Πατρδς
3117 2185 3355 2258 ἐροῦσιν,
3390 2187 3445 2241 εί
3467 2204 3549 2251 τις
3572 2188 3667 2243 καὶ

2093 2280 2177 2330 ἐπ’
2204 2278 2369 2331 αὑτοῦ
2407 2278 2579 2332 ταῦτα
2608 2278 2785 2347 λέγοι·
2838 2279 2976 2333 Ἀλλ’
3001 2281 3165 2351 ἐρεῖς.
3192 2281 3273 2334 ὅτι
3314 2279 3472 2349 φύσει
3504 2280 3605 2350 μὲν
3640 2282 3668 2335 6

2093 2366 2300 2437 Πατὴρ,
2327 2367 2571 2433 διδακτὸς
2615 2368 2673 2421 δὲ
2721 2368 2923 2432 όΥὶός.
2972 2368 3219 2435 Ἔξεστιν
3267 2363 3360 2422 οὖν
3403 2367 3670 2431 διδακτῶς

2092 2458 2394 2529 κτήσασθαί
2427 2475 2547 2512 τινα
2576 2457 2673 2528 τὴν
2697 2458 2932 2529 φυσικὴν
2962 2458 3244 2529 ἐνέργειαν
3266 2457 3359 2511 τοῦ
3386 2457 3544 2521 Θεοῦ,
3572 2458 3669 2511 καὶ

2094 2549 2334 2619 μαθόντα
2354 2548 2560 2613 κτίζειν
2583 2549 2835 2617 γενέσθαι
2860 2548 3019 2603 τοῦτο
3038 2552 3177 2620 ὅπερ
3202 2550 3316 2603 ἐστὶ
3343 2549 3483 2602 atati
3506 2550 3668 2618 φύσιν

2092 2642 2271 2705 αὑτός.
2297 2640 2466 2695 Οὐδὲν
2485 2636 2578 2696 οὖν
2601 2642 2711 2713 ἇρά
2735 2642 2795 2695 τὸ
2818 2643 3019 2713 μεταξὺ
3048 2642 3184 2696 Θεοῦ
3208 2643 3299 2696 καὶ
3328 2642 3665 2711 κτισμάτων,

2092 2733 2140 2784 sl
2171 2731 2247 2803 μὴ
2277 2732 2476 2800 γνῶσις
2514 2734 2761 2805 περιττὴ,
2795 2733 2890 2788 καὶ
2924 2734 3083 2803 φύσει
3115 2734 3213 2803 μὲν
3249 2734 3382 2804 πρὸς
3410 2732 3575 2786 αὑτὸν
3604 2734 3664 2785 οὐ

2090 2822 2417 2895 διῃρήμεθα,
2456 2824 2592 2896 μόνῃ
2619 2824 2675 2878 δὲ
2708 2826 2775 2895 τῇ
2810 2824 3009 2893 γνώσει
3039 2825 3367 2895 λειπόμεθα·
3398 2820 3466 2895 ἦς
3498 2841 3666 2895 προσο

2090 2914 2359 2984 τεθείσης,
2396 2914 2633 2987 ἐσόμεθα
2663 2916 2863 2981 πάντες
2906 2916 3047 2972 κατὰ
3077 2915 3235 2986 φύσιν
3264 2916 3394 2970 θεοί.
3419 2915 3544 2979 Πῶς
3572 2914 3665 2969 οὖν

2090 3001 2169 3071 εἷς
2201 3006 2353 3071 Θεὸς,
2387 3009 2437 3061 εί
2484 3010 2542 3061 ἐν
2591 3008 2737 3079 μόνῳ
2774 3009 2854 3079 τῷ
2903 3009 3094 3081 μαθεῖν
3124 3013 3301 3062 κεῖται
3324 3010 3383 3062 τὸ
3410 3008 3665 3077 γενέσθαι

2092 3098 2277 3165 θεούς;
2310 3100 2372 3153 Et
2400 3100 2456 3153 δὲ
2485 3100 2653 3173 πολλή
2683 3101 2766 3165 τίς
2808 3102 2955 3156 ἔστιν
2996 3105 3055 3156 ἐν
3084 3102 3291 3166 τούτοις
3317 3105 3350 3173 ἡ
3380 3100 3487 3155 τῶν
3516 3101 3663 3168 λογι-

2093 3190 2244 3261 σμῶν
2291 3192 2506 3256 ἀτοπία,
2535 3193 2780 3262 φυσικῶς
2829 3194 2938 3266 ipa
2985 3194 3315 3266 δημιουργὸς
3358 3197 3387 3249 6
3424 3194 3570 3259 Υἱὸς,
3601 3190 3663 3247 οὗ

2088 3282 2373 3350 διδακτῶς,
2405 3283 2524 3339 καθ’
2560 3285 2725 3357 ὑμᾶς.

2775 3509 2979 3563 AAAO.

2160 3620 2382 3692 Ἐτερόν
2411 3621 2465 3675 τί
2490 3621 2606 3675 ἐστι
2637 3620 2819 3689 σοφία,
2848 3621 2941 3674 καὶ
2968 3619 3153 3691 ἕτερον
3189 3620 3219 3674 6
3264 3619 3424 3689 σοφός
3447 3633 3462 3649 ·
3497 3620 3530 3691 ἡ
3568 3620 3665 3692 μιν

2088 3712 2200 3782 γάρ
2234 3712 2396 3781 σοφία
2439 3712 2568 3779 αι’ρτὸ
2615 3711 2677 3765 τὸ
2726 3712 2958 3782 πρᾶγμα
3009 3710 3070 3766 τὸ
3116 3710 3315 3781 σοφοῦν
3346 3713 3517 3775 ἐστιν,
3550 3715 3579 3766 6
3607 3713 3665 3765 δὲ

2090 3804 2251 3873 σοφὸς
2302 3806 2331 3857 6
2380 3803 2474 3857 τοῦ
2511 3804 2801 3872 πφοῦντος
2832 3803 3100 3868 δεκτικός.
3130 3804 3193 3857 EE
3242 3804 3423 3857 τοίνυν
3470 3805 3664 3873 σοφίαν

2088 3896 2277 3948 ἑαυτὸν
2302 3891 2439 3949 εἷναί
2460 3913 2621 3966 φησιν
2644 3896 2672 3947 6
2691 3895 2837 3961 Υἱὸς,
2856 3895 2971 3959 πῶς
2998 3894 3289 3963 ὲσοφοῦτος
3313 3896 3375 3948 El
3400 3894 3509 3966 γὰρ
3530 3896 3664 3959 ὅλως

2087 3986 2256 4039 ἐδεῖτο
2296 3986 2602 4057 μαθήσεως,
2630 3988 2730 4040 οὐκ
2758 3983 2825 4057 ἦν
2855 3988 3036 4055 σοφία.
3072 3987 3181 4040 Καὶ
3220 3988 3269 4039 εί
3320 3987 3663 4058 συμϐέϐηκεν

2087 4076 2234 4147 αὐτῷ
2260 4077 2320 4130 τὸ
2348 4078 2529 4148 σοφὸν,
2554 4077 2707 4132 ἔσται
2740 4078 2871 4131 ποτὲ
2900 4079 2993 4131 καὶ
3016 4078 3078 4131 οὐ
3106 4076 3366 4145 τοιοῦτος,
3396 4077 3493 4131 τοῦ
3521 4095 3660 4151 συμ-

2086 4167 2377 4239 ϐεϐηκότος
2432 4170 2525 4223 καὶ
2575 4170 2960 4241 άποσυμϐῆναι
3002 4170 3320 4239 δυναμένου.
3354 4169 3419 4223 Τί
3462 4167 3555 4224 οὖν
3593 4168 3660 4245 ἦν

2086 4261 2191 4330 ἄρα
2247 4260 2352 4331 πρὸ
2398 4259 2625 4327 τούτους
2680 4260 2843 4330 σοφία
2888 4261 2995 4332 γάρ
3046 4260 3145 4313 οὐκ
3201 4256 3292 4331 ἦν,
3340 4260 3659 4333 λειπόμενος

2087 4352 2419 4422 φρονήσεως.
2437 4352 2574 4405 Ἀλλ’
2618 4348 2687 4423 ἦν
2736 4353 2823 4405 ἀεὶ
2870 4353 3031 4422 σοφία
3068 4340 3106 4406 6
3150 4353 3299 4417 Υἱός.
3333 4353 3502 4408 Τοῦτο
3555 4358 3662 4426 γὰρ

2085 4442 2444 4512 κηρύττουσιν
2469 4445 2524 4497 αἱ
2556 4443 2694 4497 θεῖαι
2727 4443 2963 4515 Γραφαί.
3000 4444 3399 4515 Διεψευσμένον
3425 4446 3535 4517 ipa
3563 4448 3659 4500 καὶ

2085 4532 2295 4603 ἀμαθὲς
2341 4534 2403 4588 τὸ
2446 4535 2510 4589 ὲκ
2561 4535 2851 4608 μαθήσεώς
2902 4554 2952 4590 τι
3001 4538 3428 4607 προσγεγονέναι
3482 4539 3660 4608 λέγειν

2086 4643 2250 4697 αυτῳ.

2771 4830 2973 4885 AAAO.

2155 4942 2217 4995 El
2240 4940 2485 4995 διδακτόν
2508 4943 2619 4996 ἐστι
2648 4944 2708 4996 τὸ
2730 4942 2986 4997 δύνασθαι
3008 4944 3379 5015 δημιουργεῖν,
3399 4948 3493 5002 καὶ
3515 4948 3656 5007 οὕτω

2079 5031 2269 5100 γέγονε
2310 5031 2639 5102 δημιουργὸς
2683 5035 2712 5086 6
2737 5034 2883 5099 Υἱὸς,
2913 5035 3109 5103 φθόνου
3163 5036 3334 5099 πάθος
3374 5040 3655 5110 εἰσάγουσι

2076 5123 2297 5192 γεγονὸς
2327 5124 2463 5194 πρὸς
2491 5126 2581 5177 τὸν
2608 5126 2847 5196 Πατέρα,
2876 5128 2928 5179 εί
2947 5144 3010 5195 γε
3046 5127 3272 5191 πολλοὺς
3314 5131 3520 5197 διδάξαι
3562 5134 3653 5188 δυ-

409 5217 618 5264 tantum
656 5211 859 5267 docuit.
901 5213 1039 5280 Quid
1082 5217 1225 5271 enim
1267 5221 1558 5285 nocuisset,
1598 5223 1789 5279 multos
1828 5227 1973 5281 circa

2094 5216 2324 5285 νάμενος,
2353 5216 2450 5268 ἕνα
2482 5216 2642 5286 μόνον
2673 5218 2901 5282 ἐδίδαξε.
2935 5218 3001 5271 Τί
3048 5218 3157 5289 γὰρ
3204 5220 3391 5274 ἐλύπει
3428 5223 3655 5289 πολλοὺς

410 5298 584 5366 ipsum
610 5312 883 5357 creatores
912 5304 1141 5373 versari,
1174 5309 1626 5377 quemadmodum
1658 5313 1853 5368 multos
1881 5330 1972 5369 ar-

410 5392 699 5460 ehangelos
742 5405 902 5463 atque
930 5397 1147 5468 angelos
1202 5400 1401 5455 habet?
1454 5402 1606 5459 Nunc
1662 5419 1790 5459 vero
1833 5406 1978 5462 solus

409 5482 577 5538 Filius
607 5498 865 5555 operatur
910 5504 1028 5558 quae
1078 5489 1259 5547 Pater.
1312 5492 1645 5550 Naluraliter
1693 5497 1875 5565 itaque
1926 5500 1974 5553 ei

412 5574 594 5640 insita,
627 5593 730 5633 non
768 5582 1009 5636 doctrina
1049 5584 1311 5653 acquisita
1347 5595 1430 5641 est
1457 5587 1677 5642 creandi
1722 5588 1973 5655 facultas,

412 5681 481 5721 ne
509 5666 668 5721 Pater
700 5671 898 5725 invidia
954 5675 1231 5732 laborasse
1270 5689 1560 5734 censeatur
1593 5699 1604 5733 :
1644 5682 1843 5751 quippe
1882 5683 1971 5751 qui

412 5774 517 5814 non
550 5761 753 5828 docuit,
792 5765 883 5818 sed
918 5780 983 5818 ex
1021 5781 1080 5819 se
1120 5769 1302 5837 genuit
1335 5786 1496 5826 unum
1528 5782 1849 5841 creatorem,
1880 5789 1976 5844 per

410 5867 568 5922 quem
597 5857 773 5910 omnia
804 5868 1074 5926 operatur.

2080 5310 2206 5381 περὶ
2234 5308 2397 5385 αὑτὸν
2422 5304 2559 5361 εἶναι
2580 5310 2962 5383 δημιουργοὺς,
2982 5312 3171 5385 ὥσπερ
3198 5310 3291 5366 οὖν
3314 5316 3405 5369 καὶ
3426 5317 3656 5383 πολλοὺς

2078 5381 2450 5472 ἀρχαγγέλους
2479 5404 2569 5454 καὶ
2598 5381 2862 5471 ἀγγέλους
2890 5404 3031 5475 exat;
3064 5381 3179 5458 Νῦν
3205 5407 3260 5460 δὲ
3294 5408 3454 5477 μόνος
3476 5410 3503 5461 6
3527 5381 3654 5475 Υιδξ

2077 5497 2146 5549 τά
2188 5496 2282 5548 τοῦ
2330 5496 2540 5567 Πατρὸς
2586 5498 2901 5567 ἐργάζεται.
2929 5500 3161 5553 Φυσικὸν
3190 5499 3284 5555 οὖν
3318 5502 3426 5573 ἄρα
3470 5503 3565 5555 καὶ
3592 5488 3653 5557 οὗ

2076 5578 2332 5641 διδακτὸν
2366 5590 2423 5640 ὲν
2472 5588 2618 5657 αὐτῷ
2660 5591 2720 5642 τὸ
2768 5591 3140 5660 δημιουργεῖν,
3169 5593 3255 5646 ἵνα
3307 5595 3399 5647 καὶ
3456 5594 3650 5663 φθόνου

2081 5680 2335 5749 φαίνηται
2363 5680 2620 5749 κρείττων
2646 5684 2672 5734 6
2706 5686 2913 5754 Πατὴρ,
2937 5685 2995 5737 ού
3025 5685 3241 5751 διδάξας
3273 5687 3489 5756 μᾶλλον,
3516 5688 3649 5741 ἀλλὰ

2082 5776 2345 5843 γεννήσας
2390 5775 2446 5839 ἐξ
2481 5776 2672 5829 ἑαυτοῦ
2722 5778 2810 5830 τὸν
2857 5779 2949 5832 ἕνα
2993 5780 3341 5852 δημιουργὸν,
3372 5782 3439 5835 δι’
3471 5776 3531 5834 οὗ
3582 5782 3648 5837 τὰ

2086 5868 2260 5920 πάντα
2288 5868 2596 5935 ἐργάζεται.
