3994 6324
326 453 429 513 257

528 635 535 639 _
580 571 787 635 ΑΔΛΟ,
828 568 1082 623 πιθανὸν
1120 567 1265 634 ἔχον
1305 564 1371 617 τὸ
1410 564 1641 635 σχῆμα.

390 686 458 741 El
486 688 577 742 διὰ
603 688 781 751 τοῦτο,
802 686 923 741 καθ’
945 687 1110 755 ὑμᾶς,
1137 684 1228 746 τὸν
1247 682 1375 735 Υἱδν
1402 683 1615 737 ἔκτισεν
1642 684 1670 736 6
1696 681 1908 753 Πατὴρ,

327 785 409 835 ῖνα
436 782 537 850 τῆς
568 780 803 851 γενητῆς
850 779 1064 848 φύσεως
1092 778 1289 848 εὑρεθῇ
1323 778 1572 848 ποιητὴς,
1615 776 1783 847 ἐχρῆν
1816 776 1915 829 αὑ-

326 874 414 926 τὸν
447 872 688 941 ἀργῆσαι
724 872 908 924 λοιπὸν
940 870 1085 935 ἅπαξ
1132 868 1228 922 τοῦ
1260 869 1390 927 Υἱοῦ
1421 868 1739 938 γενομένου·
1786 866 1911 930 Πῶς

324 962 416 1018 οὖν
450 964 746 1034 ἐργάζεται
777 964 869 1017 καὶ
911 963 1049 1033 μετὰ
1092 963 1183 1015 τὸν
1215 952 1379 1027 Υίόν;
1427 961 1599 1025 Αὐτὸς
1645 960 1756 1032 γάρ
1808 977 1912 1012 που

324 1055 481 1109 τοῦτό
516 1074 683 1127 φησιν
711 1058 737 1108 6
762 1056 955 1124 Σωτήρ
983 1073 994 1084 ⁸
1035 1075 1053 1107 ι
1076 1056 1132 1107 Ὀ
1162 1055 1354 1125 Πατήρ
1396 1071 1498 1125 μου
1532 1053 1637 1116 ἕως
1666 1052 1791 1124 ἄρτι
1819 1053 1913 1121 ἐρ-

324 1147 572 1216 γάζεται,
606 1148 761 1216 κάγὼ
786 1146 1111 1219 ἐργάζομαι.
1140 1166 1157 1197 ι
1186 1147 1249 1199 El
1279 1147 1456 1199 τοίνυν
1486 1144 1779 1216 ἐργάζεται
1817 1143 1913 1197 καὶ

329 1238 465 1309 μετά
516 1238 608 1292 τὸν
641 1237 785 1301 Υίὸν,
815 1236 1067 1309 περιττὸς
1116 1235 1182 1289 ἂν
1235 1235 1321 1305 εἴη
1368 1234 1491 1289 καθ’
1520 1235 1663 1305 ὑμᾶς
1704 1235 1732 1287 6
1761 1233 1911 1297 Υἱός.

338 1331 493 1383 Ἀλλὰ
522 1329 681 1383 τοῦτο
714 1330 913 1383 ἄτοπον
947 1331 1164 1399 φρονεῖν
1202 1346 1261 1382 τε
1292 1328 1387 1381 καὶ
1419 1328 1621 1396 λέγειν.
1654 1327 1769 1379 Οὐκ
1800 1326 1911 1397 ἄρα

325 1422 584 1494 παρήχθη
618 1422 751 1493 πρὸς
766 1422 829 1475 τὸ
854 1418 992 1475 εἶναι
1018 1422 1246 1494 γενητὸς
1272 1421 1463 1484 όΥἱδς,
1483 1420 1571 1473 ἵνα
1598 1418 1706 1473 τῶν
1734 1418 1909 1473 ἄλλων

324 1515 550 1584 γένηται
605 1514 853 1585 ποιητὴς,
884 1515 996 1568 ἀλλ’
1025 1515 1088 1567 ὲκ
1137 1517 1237 1583 τῆς
1284 1514 1523 1584 ἀρρήτου
1570 1511 1665 1564 τοῦ
1696 1510 1909 1582 Πατρὸς

322 1608 510 1670 οὐσίας
564 1607 863 1678 προελθὼν,
918 1607 993 1670 ὡς
1019 1606 1166 1671 Υἱὸς,
1202 1606 1379 1659 πάντα
1429 1606 1494 1657 τὰ
1548 1602 1643 1656 τοῦ
1696 1604 1911 1674 [ἰατρὸς

327 1701 462 1771 μετὰ
493 1698 587 1753 τοῦ
613 1700 823 1770 Πατρὺς
848 1699 1164 1769 ἐργάζεται,
1192 1696 1435 1765 φυσικῶς
1460 1695 1722 1767 ὑπάρχων
1750 1694 1878 1749 τοῦθ
1895 1696 1909 1715 ’

322 1796 455 1864 ὅπερ
510 1791 648 1859 ἐστὶ,
683 1792 815 1855 Θεὸς
864 1791 1125 1862 δηλονότι,
1166 1790 1262 1843 καὶ
1313 1788 1401 1843 διὰ
1448 1788 1605 1843 τοῦτο
1646 1788 1909 1859 δημιουρη

323 1887 433 1953 γός.

1009 1997 1213 2081 ΔΛΛρ.

396 2117 459 2169 Εἰ
510 2115 588 2185 τῷ
634 2114 764 2184 θείῳ
813 2112 1138 2184 βουλήματι,
1176 2112 1317 2165 κατά
1348 2112 1447 2183 τὴν
1481 2112 1631 2164 θείαν
1660 2108 1906 2180 Γραφὴν,

311 2184 657 2277 ’ἀνθέστηκεν
709 2205 907 2269 οὐδεὶς,
937 2204 1048 2258 ἀλλ’
1086 2203 1309 2274 ἐξαρκεῖ
1357 2202 1516 2256 τοῦτο
1571 2202 1666 2255 καὶ
1725 2202 1908 2272 μόνον,

323 2299 456 2370 πρὸς
483 2298 583 2370 τὴν
610 2297 716 2351 τῶν
759 2296 895 2356 ὅλων
929 2296 1219 2350 σύστασινο
1259 2296 1378 2366 ἅμα
1422 2294 1548 2391 γὰρἱ
1569 2293 1799 2365 ἠθέλησέ
1832 2310 1905 2359 τι,

323 2390 665 2461 παραχρῆμα
700 2389 935 2457 γίνεται,
970 2387 1115 2441 κατὰ
1160 2387 1252 2440 τὸν
1301 2382 1869 2456 λέγοντα’Ψαλμῳδόν
1892 2401 1904 2414 ·

327 2499 345 2531 ι
384 2481 573 2535 Πάντα
596 2481 697 2533 ὅσα
730 2479 997 2551 ἠθέλησεν
1022 2478 1268 2549 ἐποίησε,
1306 2497 1324 2530 ι
1360 2478 1446 2542 τίς
1469 2473 1539 2550 ἦν
1565 2479 1595 2547 ἡ
1627 2477 1721 2530 τοῦ
1750 2493 1906 2547 μεσι-

320 2572 567 2634 τεύοντος
598 2572 795 2643 χρείας
829 2571 1110 2641 Περιττῶς
1137 2571 1246 2641 ἄρα
1272 2572 1495 2640 γέγονεν
1533 2572 1561 2624 6
1588 2570 1727 2633 Υίός.
1750 2569 1909 2622 Ἀλλὰ

320 2664 477 2718 τοῦτο
523 2664 702 2733 λέγειν
745 2663 851 2719 τῶν
892 2664 1282 2718 ἀτοπωτάτων.
1317 2663 1490 2728 Αὐτὸς
1538 2664 1646 2733 ἄρα
1690 2664 1836 2715 ἐστὶν
1876 2663 1909 2732 ή

322 2758 566 2820 ἐνούσιος
610 2757 706 2811 καὶ
741 2755 892 2820 ζῶσα
933 2755 1028 2809 τοῦ
1074 2755 1287 2825 Πατρὸς
1335 2754 1607 2825 βούλησις,
1634 2754 1701 2807 δι’
1736 2748 1803 2824 ἦς
1842 2752 1907 2806 τὰ

322 2848 502 2899 πάντα
530 2845 669 2917 πρὸς
698 2846 757 2899 τὸ
789 2841 929 2899 εἶναι
957 2846 1131 2899 καλεῖ.
1162 2842 1295 2900 Εἶτα
1344 2846 1461 2909 πῶς
1506 2845 1643 2918 αὕτη
1680 2845 1907 2916 πεποίη-

322 2953 442 3001 ται;
484 2936 611 3000 Πῶς
636 2937 692 2990 δὲ
716 2936 852 2999 ὅλως
885 2936 986 2989 οὐκ
1015 2931 1083 3005 ἦν
1116 2936 1343 2990 ἐκείνων
1374 2937 1587 3003 είπεῖν;

820 3134 1026 3200 AAAO,
1068 3133 1167 3188 καί
1202 3133 1400 3203 δριμύ.

1716 441 2164 499 THESAURI'S.

3506 442 3616 499 258

2373 559 2602 622 ALIUD,
2640 570 2695 612 ut
2727 559 2934 613 videtur
2966 558 3258 627 probabile.

2091 675 2147 727 Si
2205 680 2513 742 propterea,
2551 684 2607 726 ιιι
2644 689 2740 729 vos
2785 674 3108 743 opinamini,
3156 673 3353 727 Filium
3406 675 3616 729 creavit

2016 764 2198 829 Pater,
2251 776 2309 817 ut
2357 774 2558 819 creata:
2619 775 2831 818 natura:
2880 764 3055 818 factor
3087 778 3212 819 esse
3260 772 3612 831 cerneretur,

2017 858 2386 913 necessarium
2419 858 2646 912 omnino
2683 866 2769 911 est
2809 866 2868 911 ιιι
2902 866 3089 912 creato
3122 855 3262 910 Filio
3296 857 3608 912 cessaverit.

2017 950 2300 1017 Quomodo
2341 950 2506 1019 igitur
2547 959 2805 1019 operatur
2848 959 2972 1019 post
3020 948 3258 1004 Filium?
3302 947 3423 1019 Ipse
3468 949 3613 1004 enim

2017 1041 2281 1098 Servator
2305 1041 2411 1097 hoc
2449 1043 2524 1095 ait
2555 1059 2569 1096 :
2612 1060 2629 1092 ι
2660 1040 2824 1097 Pater
2860 1056 3013 1097 meus
3043 1056 3215 1111 usque
3252 1056 3396 1097 nunc
3420 1056 3615 1112 opera-

2016 1141 2124 1199 tur,
2170 1143 2225 1187 et
2256 1148 2358 1205 ego
2387 1148 2586 1203 operor
2607 1136 2650 1187 '.
2682 1152 2700 1185 ι
2742 1133 2797 1189 Si
2832 1148 2962 1204 ergo
2988 1143 3246 1204 operatur
3288 1134 3451 1189 etiam
3491 1142 3615 1204 post

2015 1224 2230 1286 Filium,
2265 1239 2708 1294 supervacaneus
2744 1226 2910 1295 igitur
2943 1225 3132 1289 fuerit,
3166 1225 3465 1281 secundum
3497 1240 3612 1288 vos.

2013 1314 2201 1371 Filius.
2238 1316 2509 1371 Caeterum
2540 1316 2644 1371 hoc
2670 1325 2726 1371 et
2770 1316 2919 1371 dictu
2959 1326 3014 1371 et
3053 1316 3289 1385 cogitatu
3321 1315 3613 1371 absurdum

2011 1420 2117 1466 est.
2147 1410 2262 1465 Non
2294 1419 2376 1466 est
2402 1424 2531 1481 ergo
2562 1420 2783 1465 creatus
2816 1410 3008 1475 Filius,
3046 1419 3105 1465 ut
3136 1411 3251 1479 ipse
3276 1410 3611 1479 reliquorum

2017 1502 2175 1575 153
2199 1508 2416 1557 creator
2440 1501 2596 1555 ﬂeret
2626 1519 2639 1554 :
2666 1501 2760 1557 sed
2787 1516 2852 1556 ex
2884 1500 3142 1556 inelIabili
3173 1500 3350 1556 Patris
3377 1500 3614 1556 essentia

2010 1592 2332 1662 procedens,
2367 1600 2426 1645 ut
2477 1590 2671 1655 Filius,
2724 1592 2907 1645 omnia
2958 1608 3078 1662 quae
3120 1592 3300 1648 Patris
3330 1603 3456 1647 sunt
3490 1607 3614 1647 cum

2008 1682 2171 1739 Patre
2214 1692 2497 1754 Operatur,
2546 1681 2870 1738 naturaliter
2904 1683 2957 1738 id
3001 1683 3272 1739 exsistens
3321 1686 3465 1754 quod
3506 1690 3613 1745 est,

2010 1776 2267 1832 nimirum
2292 1774 2455 1839 Deus,
2489 1790 2553 1831 ac
2580 1784 2873 1846 propterea
2908 1786 3146 1832 creator.

2704 1974 2935 2031 ALIUD.

2084 2092 2143 2148 Si
2174 2093 2437 2150 voluntati
2471 2092 2703 2158 divinae,
2739 2103 2798 2148 ut
2840 2092 3123 2163 Scriptura
3170 2104 3324 2145 sacra
3359 2097 3611 2150 testatur,

2015 2200 2176 2242 nemo
2204 2186 2430 2253 restitit,
2488 2188 2585 2242 sed
2618 2186 2723 2241 hoe
2752 2196 2804 2243 et
2835 2186 3055 2254 quidem
3087 2183 3263 2238 solum
3296 2182 3496 2239 sullicit
3546 2183 3612 2236 ad

2014 2277 2397 2333 universorum
2442 2279 2911 2339 constitutionem,
2945 2276 3105 2332 sinml
3142 2278 3287 2330 enim
3320 2286 3483 2346 atque
3515 2291 3611 2326 vo-

2016 2370 2446 2435 luit,'confestim
2482 2372 2622 2427 facta
2656 2382 2803 2436 sunt,
2847 2374 2999 2440 juxta
3040 2369 3346 2425 Psalmistae
3377 2385 3565 2424 vocem
3599 2387 3611 2424 :

2018 2486 2036 2518 ι
2071 2466 2267 2522 Omnia
2295 2481 2635 2537 quacunque
2652 2465 2842 2528 voluit,
2871 2465 2997 2520 fecit
3023 2466 3097 2529 ¹⁶;
3128 2484 3144 2517 ι
3164 2465 3288 2535 quis
3315 2464 3480 2533 igitur
3495 2471 3615 2517 erat

2014 2576 2146 2616 usus
2180 2559 2539 2615 mediatoris?
2571 2558 2796 2614 Frustra
2825 2574 2958 2627 ergo
2990 2558 3165 2614 lactus
3193 2566 3277 2612 est
3304 2555 3475 2611 Filius
3507 2572 3523 2610 :
3559 2567 3616 2608 at

2014 2650 2117 2705 IIOC
2150 2649 2603 2704 absurdissimum
2629 2648 2773 2703 dictu
2801 2660 2906 2702 est.
2943 2648 3062 2717 Ipse
3094 2648 3259 2719 igitur
3297 2657 3377 2702 est
3408 2646 3615 2701 inexsi-

2013 2750 2162 2795 stens
2192 2756 2255 2795 ac
2295 2740 2419 2793 viva
2470 2738 2650 2793 Patris
2678 2726 2974 2799 voluntas.‘
2994 2753 3089 2807 per
3118 2753 3280 2807 quam
3310 2736 3494 2791 omnia
3546 2736 3614 2789 ad

2012 2849 2133 2888 esse
2164 2833 2425 2888 traducit.
2460 2831 2749 2898 Quomodo
2783 2834 2965 2903 itaque
3009 2832 3121 2885 lucc
3152 2830 3267 2900 ipsa
3315 2829 3457 2883 facta
3490 2828 3616 2882 est?

2012 2926 2120 2978 Aut
2166 2924 2440 2995 quomodo
2486 2926 2538 2979 in
2586 2925 2904 2979 universum
2956 2938 3062 2977 non
3107 2931 3248 2984 erat,
3295 2928 3353 2973 ut
3397 2918 3483 2974 isti
3518 2934 3616 2971 vo-

2012 3017 2171 3071 lunt?

2466 3129 2703 3199 ALIUD,
2735 3130 2891 3199 idque
2919 3141 3155 3185 acutum.

394 3245 456 3299 El
502 3244 592 3299 διὰ
640 3243 798 3298 τοῦτό
847 3260 1012 3312 φασιν
1060 3244 1308 3299 ἐκτίσθαι
1353 3244 1445 3299 τὸν
1477 3246 1627 3312 Υἱδν,
1663 3248 1730 3302 ἶν’
1760 3252 1908 3321 ἡμᾶς

2086 3242 2141 3297 Si
2178 3252 2463 3313 propterea
2502 3254 2745 3298 creatum
2795 3258 2915 3299 esse
2954 3243 3153 3297 Filium
3190 3241 3397 3308 dicunt,
3426 3252 3482 3297 ut
3518 3259 3617 3300 nos

323 3337 699 3409 δημιουργήσῃ
735 3336 867 3400 Θεὸς
892 3336 961 3390 δι’
988 3336 1178 3400 αὐτοῦ,
1210 3338 1492 3407 ὀράτωσαν
1523 3341 1603 3404 είς
1629 3340 1911 3420 ὅσηνδᾶσέ-

323 3426 476 3480 δειαν
506 3427 692 3489 αὐτοῖς
720 3428 749 3480 6
780 3425 936 3496 λόγος
967 3427 1284 3499 ἐκϐήσεται.
1321 3430 1572 3485 Φαίνεται
1606 3432 1716 3505 γὰρ
1749 3434 1911 3499 αὐτὸς

323 3520 387 3573 δι’
410 3520 562 3591 ἡμᾶς
590 3518 853 3589 γεγονὼς,
877 3519 975 3573 καὶ
998 3520 1096 3589 οὐχ
1128 3521 1290 3592 ήμεῖς
1322 3521 1388 3574 δι’
1411 3523 1593 3577 αὐτόν.
1621 3525 1728 3577 Καὶ
1750 3526 1912 3595 ἡμεῖς

325 3610 422 3681 μὲν
465 3611 700 3682 ποίημα,
751 3611 915 3675 αὐτὸς
966 3611 1023 3665 δέ
1072 3614 1341 3685 ποιήσεως
1396 3615 1645 3687 ὄργανον.
1700 3618 1912 3671 Οὐκοῦν

323 3703 658 3773 όμολογείτω
707 3704 806 3774 μὲν
855 3703 1021 3767 αὐτὸς
1055 3705 1150 3760 καὶ
1190 3706 1351 3777 χάριν
1380 3708 1535 3778 ήμίν·
1564 3709 1770 3781 ὑπέστη
1803 3710 1912 3782 γὰρ

322 3793 386 3845 δι’
410 3794 789 3865 ήμᾶς.Ἕσται
814 3793 871 3849 δὲ
893 3794 1053 3867 ήμῶν
1086 3796 1183 3850 καὶ
1207 3796 1353 3862 δόξα,
1385 3797 1575 3871 ὥσπερ
1595 3803 1689 3853 καὶ
1716 3804 1747 3873 ή
1772 3803 1911 3873 γυνὴ

320 3884 413 3939 τοῦ
450 3886 667 3958 ἀνδρός·
707 3907 726 3941 ι
750 3887 813 3941 Ἦ
837 3888 947 3959 γὰρ
971 3888 1134 3960 γυνὴ,
1167 3891 1319 3961 φησι,
1342 3890 1469 3956 δόξα
1496 3892 1690 3963 ἀνδρός
1724 3896 1861 3947 ἐστι’
1888 3913 1907 3947 ι

322 3978 415 4031 καὶ
448 3978 668 4047 γείτονα
692 3978 874 4049 τίθησι
905 3979 1005 4052 τὴν
1033 3980 1235 4047 αἰτίαν,
1263 3981 1456 4051 λέγων’
1487 4002 1505 4035 ι
1536 3984 1610 4038 Οὐ
1632 3984 1741 4055 γὰρ
1758 3986 1910 4039 ἐκτί-

324 4069 427 4140 σθη
458 4070 601 4141 ἀνὴρ
630 4069 720 4124 διὰ
764 4070 863 4142 τὴν
909 4075 1163 4140 γυναῖκα,
1210 4074 1346 4129 ἀλλὰ
1386 4076 1525 4147 γυνὴ
1567 4077 1657 4131 διὰ
1689 4079 1783 4132 τὸν
1816 4080 1911 4134 ἄν·

323 4160 444 4231 δρα.
478 4179 499 4213 t
551 4162 612 4215 Ei
659 4162 842 4216 τοίνυν
890 4163 959 4217 δι’
994 4162 1147 4234 ήμᾶς
1176 4164 1397 4233 γέγονεν
1432 4169 1461 4221 6
1489 4168 1634 4233 Υίδς,
1666 4171 1763 4225 καὶ
1814 4172 1912 4241 οὐχ

324 4254 483 4323 ἡμεῖς
514 4252 581 4305 δι’
618 4254 803 4318 αὑτὸν,
831 4254 1073 4326 ἐσόμεθα
1102 4257 1321 4322 πάντως
1364 4258 1530 4312 αὐτοῦ
1559 4260 1908 4334 τελειότεροι,

323 4342 514 4417 ὥσπερ
564 4340 660 4399 οὖν
710 4346 805 4400 καὶ
850 4347 1021 4419 ’Δδάμ
1054 4348 1154 4421 τῆς
1192 4352 1451 4419 γυναικὸς
1503 4352 1598 4423 τῆς
1647 4353 1717 4406 δι’
1749 4356 1912 4409 αὑτὸν

323 4436 647 4508 γενομένης.
665 4437 827 4491 Ἀλλὰ
848 4438 1007 4495 τοῦτο
1026 4440 1228 4496 ἄτοπον
1245 4459 1260 4474 ο
1282 4443 1385 4497 οὐκ
1403 4443 1512 4517 ἄρα
1532 4444 1740 4517 κτίσμα
1763 4447 1911 4501 ἐστὶν

322 4529 353 4581 6
382 4528 533 4593 Υίὸς,
565 4528 687 4583 οὐδὲ
721 4530 913 4601 γέγονε
958 4531 1026 4586 δι’
1062 4533 1245 4605 ἡμᾶς·
1282 4534 1419 4591 ἀλλὰ
1451 4538 1612 4607 φύσει
1638 4538 1772 4605 Θεὸς
1804 4540 1908 4593 ὐπ-

2017 3333 2159 3390 Deus
2182 3350 2281 3404 per
2307 3335 2482 3403 ipsum
2517 3343 2753 3410 crearet,
2789 3335 3012 3389 videant
3040 3336 3094 3389 in
3131 3344 3389 3404 quantam
3426 3336 3618 3405 impie-

2015 3437 2178 3482 tatem
2230 3425 2505 3480 labantur.
2540 3422 2768 3480 Videtur
2810 3426 2956 3481 enim
2989 3427 3093 3482 hoc
3136 3437 3299 3497 pacto
3344 3426 3459 3496 ipse
3491 3444 3617 3498 pro-

2014 3526 2135 3588 pter
2159 3534 2279 3582 nos,
2319 3533 2425 3572 non
2459 3532 2590 3573 vero
2617 3533 2717 3573 nos
2747 3528 2972 3589 propter
3008 3520 3186 3591 ipsum
3219 3518 3347 3575 facti
3377 3535 3519 3578 esse.
3552 3522 3618 3577 Et

2016 3626 2113 3666 nos
2155 3611 2373 3679 quidem
2423 3624 2581 3678 Opus,
2617 3611 2732 3681 ipse
2776 3625 2905 3665 vero
2934 3612 3118 3681 operis
3164 3612 3612 3672 instrumentum.

2014 3700 2127 3755 lIoc
2154 3702 2321 3767 igitur
2343 3700 2500 3763 nobis
2526 3707 2811 3769 acceptum
2837 3699 2994 3763 ferat.
3022 3701 3168 3772 quod
3194 3702 3263 3757 sit
3286 3704 3617 3763 constitutus

2016 3802 2243 3863 propter
2276 3806 2396 3847 nos.
2446 3791 2675 3861 Eritque
2722 3793 2838 3863 ipse
2876 3793 3048 3862 gloria
3093 3804 3303 3862 nostra,
3348 3797 3614 3865 quemad-

2015 3886 2233 3940 modum
2265 3885 2461 3940 mulier
2487 3895 2570 3941 est
2599 3887 2725 3941 viri.
2758 3905 2777 3939 ι
2808 3885 3003 3943 Mulier
3032 3887 3203 3953 enim,
3248 3897 3307 3943 ut
3354 3889 3432 3944 ait
3466 3885 3616 3945 Scri-

2015 3988 2193 4047 ptura,
2226 3975 2395 4046 gloria
2431 3976 2532 4030 viri
2564 3985 2647 4031 est
2674 3977 2742 4042 “,
2775 3993 2795 4027 ›
2832 3990 3169 4047 causamque
3208 3978 3359 4033 addit
3386 3980 3612 4035 dicens:

2020 4086 2039 4120 ι
2072 4068 2188 4123 Non
2235 4068 2380 4122 enim
2413 4068 2496 4121 vir
2526 4075 2744 4125 creatus
2776 4072 2861 4123 est
2905 4082 3131 4139 propter
3164 4069 3471 4138 mulierem,
3519 4078 3615 4131 sed

2015 4159 2209 4214 mulier
2234 4169 2452 4229 propter
2482 4162 2661 4215 virum
2688 4162 2751 4215 “.
2780 4179 2799 4213 ι
2839 4159 2894 4215 Si
2927 4177 3058 4232 ergo
3081 4173 3299 4233 prapter
3326 4180 3425 4219 nos
3454 4180 3615 4221 crea-

2015 4261 2103 4305 tus
2122 4263 2206 4305 est
2226 4251 2417 4317 Filius,
2444 4268 2550 4308 non
2578 4263 2759 4308 autem
2785 4268 2885 4308 nos
2906 4263 3131 4324 propter
3162 4255 3338 4325 ipsum
3365 4270 3379 4310 :
3409 4258 3617 4315 erimus

2014 4342 2257 4411 profecto
2318 4358 2418 4398 nos
2489 4342 2578 4397 illo
2637 4345 3095 4412 praestantiores,
3155 4348 3613 4413 quemadmodum

2013 4434 2184 4489 Adam
2218 4434 2444 4489 muliere
2473 4444 2697 4505 propter
2721 4436 2897 4506 ipsum
2936 4435 3098 4491 facta.
3134 4434 3241 4491 Sed
3274 4436 3376 4492 hoc
3418 4437 3613 4493 absur-

2013 4526 2142 4579 dum
2170 4536 2274 4581 est.
2305 4525 2473 4582 Filius
2507 4527 2688 4596 itaque
2712 4538 2968 4583 creatura
2995 4541 3101 4583 non
3132 4536 3236 4594 est,
3272 4543 3449 4600 neque
3483 4546 3612 4599 pro-

325 4620 532 4691 ἅρχων,
566 4620 643 4685 ὡς
674 4621 703 4674 6
732 4621 943 4695 Πατὴρ,
973 4625 1041 4697 τῇ
1074 4625 1253 4698 οἰκείᾳ
1274 4625 1502 4699 δυνάμει
1534 4629 1630 4684 καὶ
1655 4632 1805 4703 ἡμᾶς
1831 4632 1909 4697 είς

2021 4626 2136 4687 pter
2167 4632 2268 4673 nos
2302 4619 2476 4674 factus
2516 4627 2598 4674 est
2642 4637 2657 4675 :
2699 4620 2794 4675 sed
2840 4634 2963 4674 cum
2995 4619 3065 4675 sit
3094 4621 3422 4676 naturaliter
3450 4621 3609 4690 Deus,

325 4710 385 4765 τὸ
422 4708 563 4767 εἶναι
594 4712 942 4784 παρήγαγεν.

724 4880 743 4893 “
822 4914 1034 4981 ΑΑΑο,
1074 4918 1175 4971 και
1212 4916 1410 4989 δριμύ.

399 5024 464 5077 El
483 5023 709 5093 γέγονεν
728 5024 758 5077 6
783 5025 911 5090 Υίὸς
928 5026 997 5081 δι’
1018 5028 1186 5099 ἡμᾶς,
1217 5029 1471 5103 καθάπερ
1498 5031 1697 5087 ἐκεῖνοί
1720 5052 1908 5103 φασιν,

330 5114 428 5168 οὐκ
476 5114 625 5171 ἐστιν
672 5116 794 5171 οὐδὲ
843 5117 1062 5189 πρῶτος
1108 5121 1265 5192 ήμῶν
1314 5124 1466 5195 παρὰ
1516 5123 1669 5196 Θεῷο
1709 5126 1909 5200 οὐγὰρ

332 5206 535 5258 ἐκεῖνον
580 5204 718 5276 ἔχων
756 5210 837 5272 είς
865 5208 1012 5273 νοῦν,
1048 5212 1195 5283 ἡμᾶς
1228 5212 1455 5286 ὕστερον
1506 5218 1796 5289 ἐργάζεται
1833 5220 1913 5274 δι’

332 5297 515 5359 αὐτὸν,
548 5296 688 5351 άλλᾶ
726 5299 795 5352 τὰ
843 5304 973 5373 περὶ
1002 5304 1159 5374 ἡμῶν
1189 5306 1469 5377 ἐννοήσας,
1502 5310 1709 5365 ἐκεῖνον
1740 5313 1910 5383 ἐργά-

333 5384 482 5449 ζεται
510 5387 578 5441 δι’
606 5389 775 5458 ἡμᾶς.

1016 5506 1224 5564 ΑΔΛΟ.

404 5611 466 5665 ΕΞ
516 5612 582 5666 δι’
613 5615 765 5685 ἡμᾶς
811 5616 994 5673 ἔκτισε
1030 5620 1123 5675 τὸν
1148 5622 1273 5677 Υίὸν
1298 5626 1326 5679 6
1355 5626 1567 5699 Πατὴρ,
1598 5629 1660 5684 οὐ
1694 5630 1913 5697 πάντως

333 5701 395 5756 ἐκ
420 5707 793 5778 προαιρέσεως
826 5711 983 5767 τοῦτο
1028 5718 1190 5783 ποιεῖ,
1219 5717 1335 5771 ἀλλ’
1362 5718 1439 5784 ὡς
1470 5722 1530 5786 ἐξ
1559 5723 1805 5795 ἀνάγκης
1832 5727 1913 5780 δι’

2014 4710 2158 4765 sicut
2190 4708 2378 4777 Pater,
2409 4711 2632 4783 propria
2685 4726 2781 4767 sua
2821 4713 3027 4768 virtute
3059 4712 3223 4769 etiam
3261 4729 3359 4770 nos
3387 4714 3454 4771 ad
3492 4731 3614 4772 esse

2012 4800 2273 4855 traduxit.

2460 4941 2694 5009 ALIUD,
2723 4944 2883 4999 etiam
2911 4957 3148 5003 acutum.

2089 5050 2146 5107 Si
2173 5034 2346 5108 Filius
2369 5064 2593 5123 propter
2621 5070 2723 5111 nos
2754 5055 2931 5114 factus
2957 5068 3062 5121 est,
3087 5070 3147 5115 ut
3173 5060 3246 5116 illi
3271 5064 3479 5131 dicunt,
3505 5083 3609 5122 non

2017 5144 2123 5199 erit
2152 5143 2241 5199 ille
2270 5144 2479 5212 primus
2525 5156 2770 5201 nostrum
2808 5149 2950 5217 apud
2986 5150 3154 5205 Deum
3199 5170 3213 5207 :
3262 5169 3437 5225 neque
3462 5158 3609 5213 enim

2017 5233 2170 5289 illum
2208 5246 2393 5291 mente
2420 5237 2755 5306 concipiens,
2809 5252 2908 5294 nos
2938 5248 3125 5309 postea
3171 5254 3394 5324 propter
3434 5246 3609 5315 ipsum

2016 5326 2244 5393 creavit,
2296 5326 2391 5382 sed
2442 5328 2510 5383 de
2558 5338 2747 5385 nostra
2806 5333 3086 5390 creatione
3136 5335 3407 5406 cogitans,
3463 5338 3609 5392 illum

2008 5424 2232 5487 propter
2260 5432 2362 5474 nos
2385 5420 2613 5476 creavit.

2697 5535 2927 5595 ALIUD.

2084 5642 2144 5699 Si
2181 5644 2339 5702 Pater
2359 5645 2555 5703 Filium
2582 5658 2768 5708 nostra
2798 5666 2962 5709 causa
2987 5653 3215 5721 creavit,
3246 5672 3353 5711 non
3382 5658 3609 5715 omnino

2012 5750 2078 5792 ex
2113 5739 2390 5796 voluntate
2441 5742 2544 5798 hoc
2584 5741 2715 5800 fecit
2782 5747 2878 5801 sed
2908 5760 2974 5802 ex
3021 5749 3355 5805 necessitate
3386 5758 3610 5820 prapter

401 5882 422 5913 ’
445 5882 599 5941 Joan.
638 5902 689 5954 ν,
728 5890 816 5945 I7.
898 5894 941 5925 "
970 5893 1115 5952 Psal.
1146 5912 1301 5963 cxtu,
1327 5899 1379 5955 3.
1460 5904 1501 5935 “
1531 5904 1547 5957 I
1572 5905 1698 5962 Cor.
1736 5923 1811 5973 ιιι,
1844 5911 1898 5965 7.
1983 5912 2024 5945 "
2055 5911 2188 5970 Ibid.
2224 5917 2278 5971 9.
