3994 6324
409 454 517 510 259
579 481 586 488 ·

1394 443 1448 498 S.
1493 441 1764 497 CYIiILLI
1808 437 2268 494 ALEXANDIRINI
2311 439 2626 495 ARCIIIEP.

3538 437 3651 494 ξω

414 585 534 626 nos.
583 567 694 622 Non
739 565 901 635 igitur
935 562 1155 616 omnino
1199 561 1371 617 laetus
1413 563 1602 618 fuisset
1651 563 1838 626 Filius,
1881 562 1974 615 nisi

2088 564 2252 633 ἡμᾶς.
2282 564 2394 616 Ούκ
2423 564 2487 616 ἂν
2519 559 2608 615 οὖν
2644 562 2731 615 ὄλιι
2755 579 2777 624 ς
2801 564 2828 613 6
2852 561 2975 624 Υἱὸς
3001 561 3204 648 ἐπέστη
3229 561 3328 630 τῆς
3362 560 3482 614 καθ’
3504 563 3654 632 ἡμᾶς

415 661 584 717 nostri
613 674 813 721 causa;
851 659 945 710 sed
975 670 1147 723 neque
1176 654 1343 721 voluit
1367 654 1582 722 quidem
1609 653 1765 708 Pater
1787 667 1977 708 creare

417 751 631 816 Filium,
657 750 748 804 sed
776 747 1073 802 necessitas
1108 748 1220 814 ipsa
1253 747 1423 811 illum,
1451 753 1508 798 ut
1542 745 1720 811 vellet,
1757 744 1930 813 coegit
1963 761 1974 796 :

414 853 580 912 atque
612 843 685 895 ita
718 856 782 894 ex
820 840 1040 894 illorum
1078 836 1237 915 1⁵4
1268 835 1540 904 Opinione,
1570 837 1710 890 Deus
1743 835 1854 903 ipse
1886 849 1982 889 ue-

415 933 658 989 cessitati
711 931 988 999 subjectus
1038 926 1157 981 fuit.
1201 927 1457 997 Apagesis
1491 927 1647 981 istaut
1693 925 1979 981 ratiocina-

419 1025 578 1081 tionis
606 1019 1022 1078 absurditateml

1077 1126 1304 1183 ALIUD.

486 1223 545 1280 Si
576 1232 797 1294 propter
826 1237 926 1278 nos
971 1219 1164 1276 Filium
1214 1221 1420 1276 creavit
1461 1219 1652 1285 Pater,
1698 1233 1821 1275 cum
1868 1218 1979 1290 jam

415 1317 612 1371 factum
643 1317 710 1370 sit
735 1324 896 1384 atque
922 1313 1228 1369 absolutum
1251 1328 1385 1382 opus
1408 1312 1561 1380 cuius
1586 1326 1748 1367 causa
1769 1320 1982 1366 creatus

415 1418 518 1468 est.
558 1419 988 1474 supervacaneus
1025 1403 1280 1472 deinceps
1318 1413 1402 1460 est
1430 1403 1620 1466 Filius,
1671 1411 1854 1471 utpote
1877 1401 1980 1456 ‘in-

415 1506 772 1552 strumentum
812 1495 956 1550 illius
991 1495 1172 1563 operis
1199 1494 1311 1564 jam
1346 1494 1597 1560 absoluti,
1634 1491 1786 1560 cujus
1819 1505 1980 1547 causa

415 1588 590 1643 factus
616 1595 750 1641 erat.

802 1676 916 1730 Alia
946 1676 1235 1746 probabilia
1267 1675 1612 1729 theoremata.

488 1768 544 1822 Si
596 1767 754 1822 Pater
803 1778 1022 1836 propter
1075 1781 1173 1821 nos
1210 1765 1404 1821 Filium
1451 1766 1674 1829 creavit,
1712 1766 1776 1819 de
1825 1765 1980 1820 nobis

413 1861 601 1927 primis
634 1857 971 1912 deliberavit.
1007 1856 1063 1910 Si
1098 1871 1226 1911 vero
1247 1856 1361 1924 ejus
1383 1857 1700 1911 deliberatio
1721 1857 1861 1910 circa
1885 1869 1979 1908 nos

416 1945 616 2015 primos
643 1955 853 1998 versata
884 1955 988 2008 est,
1024 1946 1374 2013 quamobrem
1429 1945 1515 1998 ille
1546 1956 1670 1997 ante
1709 1961 1804 1997 nos
1834 1958 1979 1996 crea-

418 2046 521 2100 tur,
557 2037 645 2105 qui
680 2037 732 2089 in
779 2035 1008 2090 consilio
1048 2044 1103 2088 et
1149 2034 1537 2089 deliberatione
1570 2045 1688 2088 erat
1719 2033 1982 2088 ultimus?

413 2127 520 2180 Aut
549 2142 666 2191 cur,
703 2140 824 2180 cum
853 2126 1004 2180 lllttm
1033 2126 1264 2194 primum
1291 2128 1512 2189 creavit,
1545 2140 1648 2179 non
1683 2125 1843 2179 etiam
1873 2124 1982 2192 pri-

414 2234 503 2272 mo
530 2219 595 2273 de
633 2218 724 2273 illo
762 2216 1116 2272 deliberavit?
1148 2232 1318 2285 quare
1347 2219 1511 2271 etiam
1557 2232 1679 2271 eum
1729 2216 1794 2270 de
1829 2214 1982 2271 nobis

414 2309 642 2376 primum
671 2308 944 2377 cogitarit,
974 2306 1122 2360 illum
1151 2307 1365 2376 quidem
1400 2305 1592 2362 Filium
1620 2317 1672 2358 et
1715 2306 1980 2359 limredem

412 2408 590 2462 vocat,
626 2413 723 2451 nos
757 2405 932 2452 autem
976 2410 1183 2458 servos,
1227 2405 1281 2451 et
1312 2398 1676 2452 hmreditatem
1725 2396 1865 2449 illius
1891 2397 1980 2465 qui

412 2498 631 2558 propter
661 2503 759 2541 nos
793 2488 966 2542 lactus
993 2488 1118 2543 est?
1139 2487 1432 2555 Oportebat
1454 2488 1596 2542 enim
1629 2503 1658 2542 e
1683 2489 1975 2552 contrario,

411 2594 508 2633 nos
535 2580 746 2647 quidem
803 2578 939 2632 ﬁlios
988 2587 1041 2633 et
1086 2580 1330 2634 hmredes
1373 2593 1515 2646 esse,
1569 2579 1979 2632 instrumentum

413 2683 542 2722 vero
583 2680 781 2723 nostrae
815 2669 1056 2734 facturae,
1094 2671 1236 2737 quod
1271 2684 1482 2738 quoque
1511 2679 1728 2737 propter
1761 2686 1858 2724 nos
1903 2670 1982 2724 la-

410 2769 553 2812 etum
573 2770 677 2821 est.
698 2775 909 2813 servum
936 2775 1054 2814 esse
1085 2761 1345 2829 nobisque
1372 2761 1704 2815 inferiorem.
1731 2760 1983 2816 Facessat

408 2849 639 2904 absurda
668 2848 926 2917 ejusmodi
971 2851 1143 2906 ratio!

689 2958 960 3029 Expositio
993 2972 1141 3016 recta:
1171 2964 1441 3017 sententia:
1465 2973 1514 3016 et
1551 2963 1698 3032 ﬁdei.

479 3072 654 3128 Filius
690 3088 1030 3141 nequaquam
1065 3084 1285 3142 propter
1315 3088 1411 3128 nos
1445 3075 1618 3128 lactus
1657 3084 1758 3140 est,
1791 3076 1880 3129 sed
1914 3091 1980 3130 ne

2081 653 2324 723 ἀπούσης
2358 656 2555 716 αἰτίας,
2593 655 2685 706 καὶ
2738 654 2874 723 τάχα
2925 653 3042 705 οὐδὲ
3104 654 3309 717 κτίζειν
3357 652 3514 721 ήθελε
3557 655 3654 706 τὸν

2083 746 2207 798 Υίὸν
2229 747 2257 798 6
2280 747 2485 815 Πατὴρ,
2515 744 2646 799 ἀλλὰ
2671 745 2824 813 μόλις
2849 743 3011 796 αὐτὸν
3038 744 3115 804 είς
3146 742 3205 795 τὺ
3235 742 3492 812 ἐθελῆσαι
3515 759 3656 812 προσ

2081 838 2287 908 ήγαγεν
2322 837 2354 906 ή
2383 836 2562 906 χρεία,
2607 835 2702 888 καὶ
2736 835 2947 904 γέγονε,
2976 832 3096 886 κατ’
3130 831 3392 900 ἐκείνους,
3425 834 3515 886 καὶ
3547 833 3649 885 ὑπὲ

2081 927 2323 998 ἀνάγκην
2349 927 2496 991 Θεός.
2531 925 2702 995 Φεῦγε
2731 925 2825 979 τοῦ
2850 925 3007 994 λόγου
3037 923 3134 995 τὴν
3164 923 3411 976 ἀτοπίαν.

2760 1123 2965 1178 ΛΛΔΟ.

2152 1217 2214 1270 Et
2247 1216 2313 1269 δι’
2338 1218 2483 1288 ήμᾶς
2520 1215 2700 1269 ἔκτισε
2718 1216 2808 1269 τὸν
2826 1215 2954 1269 Υίδν
2977 1215 3005 1268 6
3030 1214 3241 1284 Πατὴρ,
3264 1212 3456 1282 γέγονε
3480 1211 3538 1264 δὲ
3567 1229 3665 1265 και

2083 1308 2438 1380 πεπλήρωται
2465 1307 2524 1361 τὺ
2549 1307 2708 1380 ἔργον
2730 1307 2797 1362 δι’
2827 1307 2855 1361 6
2881 1307 2974 1361 καὶ
3005 1305 3249 1374 ἐκτίσθη,
3274 1303 3525 1374 περιττὸς
3551 1302 3670 1354 λό’.-

2082 1403 2182 1454 πὸν
2214 1403 2242 1454 6
2269 1401 2504 1465 Υἱὸς,ὼς
2536 1401 2766 1472 ὄργανον
2786 1400 2884 1471 τῆς
2903 1401 2971 1453 δι’
2993 1401 3059 1470 ἢν
3085 1398 3447 1469 προϐέὸληται
3468 1396 3660 1466 χρείας

2081 1492 2408 1544 ἀποτελεσθε
2419 1493 2556 1563 ίσης.

2447 1673 2576 1726 Ἀλη
2592 1688 2640 1724 .a
2677 1672 2896 1726 πιθανὰ
2932 1668 3294 1739 θεωρήματα.

2155 1765 2216 1816 Εἰ
2262 1764 2330 1817 δι’
2365 1765 2510 1834 ήμᾶς
2557 1763 2738 1817 ἔκτισε
2769 1762 2859 1816 τὸν
2894 1762 3020 1815 Υίὸν
3052 1763 3080 1814 6
3107 1761 3315 1830 Πατὴρ,
3345 1760 3472 1828 περὶ
3501 1757 3658 1828 πρώ-

2082 1874 2188 1909 των
2219 1856 2375 1926 ήμῶν
2408 1855 2772 1925 βεϐούλευται.
2822 1855 2885 1908 Εἰ
2927 1855 2984 1908 δὲ
3015 1855 3140 1925 περὶ
3169 1852 3400 1924 πρώτων
3431 1853 3463 1922 ή
3474 1851 3592 1921 μῶν
3623 1851 3661 1920 ἡ

2087 1943 2277 2013 σκέψις
2303 1940 2558 2012 ἐγγέγονε
2590 1942 2667 2014 τῷ
2698 1943 2891 2013 Πατρλ,
2925 1942 3068 1996 διατί
3111 1943 3217 2014 πρὸ
3255 1940 3414 2013 ἡμῶν
3449 1941 3663 2003 ἐκεῖνος

2084 2035 2325 2100 κτίζεται
2362 2036 2389 2087 6
2427 2036 2483 2087 ὲν
2530 2033 2742 2109 βουλαῖς
2787 2036 3133 2098 τελευταῖος;
3172 2033 3322 2086 Διατί
3355 2032 3410 2086 δὲ
3442 2033 3662 2104 πρῶτον

2082 2126 2242 2179 αὑτὸν
2277 2126 2486 2190 κτίσας,
2522 2121 2580 2179 ού
2614 2127 2740 2198 περὶ
2771 2125 2986 2201 πρώτου
3018 2127 3111 2178 καὶ
3140 2124 3486 2192 ἑὸουλεύετο;
3515 2125 3661 2178 διατι

2080 2215 2137 2267 δὲ
2174 2216 2335 2268 πάλιν
2364 2214 2613 2284 πρώτους
2638 2217 2783 2285 ἡμᾶς
2824 2214 2962 2284 ἔχων
2991 2216 3049 2266 ἐν
3079 2215 3287 2282 σκέψει.
3321 2215 3526 2266 ἐκεῖνον
3557 2213 3660 2282 μὲν

2082 2305 2209 2357 Υἱδν
2238 2305 2330 2357 καὶ
2357 2304 2698 2374 ,κληρονόμον
2732 2303 3014 2367 ἀποκαλεῖ,
3052 2306 3083 2374 ή
3094 2303 3199 2374 μᾶς
3221 2301 3277 2356 δὲ
3314 2301 3533 2365 δούλους
3562 2300 3660 2354 καὶ

2082 2396 2277 2466 κλῆρον
2305 2396 2397 2448 τοῦ
2444 2397 2508 2448 δι’
2541 2397 2688 2464 ἡμᾶς
2729 2395 3060 2464 γενομένου;
3093 2395 3239 2448 Ἔδει
3287 2395 3393 2464 γὰρ
3437 2395 3501 2447 ὲκ
3544 2393 3660 2446 τῶν

2079 2487 2357 2549 ἐναντίων,
2393 2488 2538 2556 ἡμᾶς
2575 2487 2671 2556 μὲν
2701 2486 2862 2549 Υἰοὺς
2913 2488 3005 2540 καὶ
3055 2485 3421 2556 κληρονόμους
3473 2484 3658 2556 ὑπάρ-

2079 2595 2222 2646 χειν⁶
2258 2578 2315 2630 τὸ
2338 2577 2391 2630 δὲ
2422 2582 2520 2647 τῆς
2547 2579 2814 2644 ποιήσεως
2842 2579 2997 2647 ἡμῶν
3021 2576 3270 2646 ὄργανον,
3290 2577 3318 2629 ὂ
3347 2576 3439 2628 καὶ
3463 2576 3656 2644 γέγονε

2077 2672 2143 2723 δι’
2171 2671 2336 2740 ἡμᾶς,
2369 2672 2555 2724 δοῦλον
2604 2666 2740 2725 εἶναι
2785 2673 2877 2725 καὶ
2925 2671 3298 2727 ὑποκείμενον.
3329 2668 3502 2736 Φεῦγε
3556 2667 3654 2721 τοῦ

2079 2763 2235 2831 λόγου
2264 2763 2361 2833 τὴν
2393 2764 2640 2817 ἀτοπίαν.

2245 2959 2560 3031 Ἐξήγησις
2600 2962 2817 3015 λοιπὸν
2853 2960 2964 3029 τῆς
3003 2961 3183 3031 ὀρθῆς
3220 2965 3496 3028 πίστεως.

2149 3076 2222 3128 Οὐ
2274 3075 2339 3126 δι’
2369 3075 2515 3144 ἡμᾶς
2565 3074 2785 3142 γέγονεν
2832 3075 2860 3126 6
2915 3075 3073 3141 Υἱὸς,
3115 3076 3230 3129 ἀλλ’
3260 3077 3380 3130 οὐδὲ
3428 3077 3655 3146 γέγονεν

409 3166 581 3220 factus
615 3164 828 3233 quidem
868 3164 1092 3218 omnino
1140 3174 1245 3218 est.
1290 3162 1426 3228 Nam
1455 3164 1670 3222 etiamsi
1700 3172 1974 3220 creaturas

2088 3167 2230 3231 5λως.
2258 3166 2368 3221 Καὶ
2398 3167 2508 3237 γὰρ
2540 3169 2632 3221 καὶ
2662 3168 2709 3218 εί
2742 3169 2815 3237 μὴ
2847 3166 3003 3232 δόξαν
3030 3166 3097 3239 ἦν
3124 3169 3199 3239 τῷ
3226 3170 3398 3240 Πατρὶ
3429 3174 3656 3240 ποιῆσαι

405 3257 703 3328 producere
727 3254 886 3309 Pater
919 3253 1222 3321 noluisset,
1263 3273 1282 3307 ι
1316 3264 1434 3311 erat
1477 3253 1711 3310 Verbum
1755 3256 1807 3310 in
1838 3257 1970 3324 ipso,

2088 3258 2145 3312 τὰ
2191 3258 2412 3329 γενητὰ,
2464 3277 2482 3310 ι
2511 3254 2577 3330 ἦν
2620 3260 2648 3311 ό
2694 3258 2861 3328 Λόγος
2910 3260 2968 3312 ὲν
3013 3238 3183 3331 αύτῷ,
3211 3260 3304 3313 καὶ
3350 3238 3484 3326 -Θεὸς
3523 3238 3591 3333 ἧν
3625 3265 3657 3317 6

406 3354 461 3400 et
504 3343 644 3401 Deus
682 3355 799 3398 erat
833 3343 1062 3398 Verbum
1090 3383 1104 3409 ,
1144 3361 1163 3395 ι
1211 3344 1662 3412 quemadmodum
1716 3345 1973 3413 scriptum

2088 3351 2267 3418 Λόγος,
2301 3370 2320 3402 ι
2360 3350 2432 3412 ὡς
2464 3350 2795 3418 γέγραπται.
2830 3350 2910 3402 Τὰ
2944 3351 3041 3419 μέν
3073 3368 3154 3404 τοι
3189 3351 3481 3422 κτιζόμενα
3513 3354 3652 3407 πάν-

405 3445 488 3491 est
513 3436 576 3488 ¹³.
597 3437 667 3489 Ea
690 3446 1000 3505 tamenqua:
1025 3445 1209 3494 creata
1243 3447 1389 3500 sunt,
1424 3437 1645 3490 omnino
1682 3451 1775 3505 per
1804 3439 1974 3506 ipsum

406 3525 521 3581 lleri
551 3527 855 3595 oportebat.
891 3523 1026 3579 Nam
1056 3526 1197 3581 sicut
1237 3526 1417 3579 lumen
1469 3526 1624 3581 aliter
1673 3527 1978 3582 illuminare

406 3629 511 3673 non
563 3626 757 3687 potest,
793 3618 892 3670 nisi
935 3633 1026 3687 per
1055 3633 1209 3672 suum
1261 3617 1602 3688 splendorem
1658 3637 1670 3672 :
1719 3619 1791 3672 ita
1844 3619 1975 3672 nihil

402 3718 586 3764 c'orum
632 3725 751 3780 quae
824 3719 946 3764 sunt
993 3721 1246 3779 operatur
1287 3707 1469 3776 Pater,
1523 3710 1624 3763 nisi
1677 3723 1770 3778 per
1817 3725 1970 3763 suum

408 3801 663 3855 Verbum.
692 3819 711 3852 ι
738 3801 926 3856 Omnia
951 3801 1116 3865 enim,
1146 3801 1318 3870 inquit
1346 3801 1643 3869 Scriptura,
1676 3815 1768 3868 per
1792 3801 1971 3869 ipsum

404 3892 542 3947 facta
578 3902 720 3955 sunt,
743 3901 795 3946 et
822 3893 938 3946 sine
966 3891 1081 3961 ipso
1111 3891 1308 3946 factum
1335 3903 1417 3945 est
1447 3892 1575 3945 nihil
1605 3892 1665 3944 ".
1697 3909 1715 3942 ι
1748 3891 1972 3956 Idcirco,

401 3995 455 4039 et
485 3984 728 4048 dextera,
764 3994 816 4036 et
846 3983 1132 4037 brachium
1171 3981 1266 4036 Dei
1311 3991 1550 4038 vocatur.
1599 3981 1790 4036 Omnia
1831 3984 1972 4036 enim

400 4087 496 4141 per
526 4073 718 4139 ipsum,
749 4071 910 4124 veluti
944 4085 1038 4140 per
1075 4086 1310 4136 manum,
1347 4081 1619 4139 operatur.

402 4184 704 4242 Observatio
739 4185 980 4254 quoidam
1027 4183 1520 4306 sacr‘terScripturaz
1561 4183 1777 4250 pulchra
1819 4195 1972 4254 atque

1101 4270 1132 4306 ιι
1163 4271 1176 4306 ι
1205 4270 1267 4306 ιι.

1101 4270 1267 4306 ιιιιιιε.

466 4363 1346 4434 DixitDeus,inquitScriptura‘“
1375 4379 1389 4418 :
1414 4363 1657 4428 Fiatlux,
1683 4366 1970 4421 liatlirma-
2029 4349 2035 4356 ’

399 4470 659 4521 mentum,
700 4457 828 4511 liant
861 4457 1146 4510 luminaria
1175 4473 1187 4509 :
1225 4465 1278 4509 et
1305 4454 1500 4510 factum
1534 4465 1616 4509 est
1651 4457 1964 4512 ita-Dixit:

2077 3460 2183 3504 τως
2214 3441 2321 3494 ἔδει
2364 3441 2615 3508 γενέσθαι
2655 3440 2722 3493 δι’
2751 3441 3153 3511 αὐτοῦ.”ονπερ
3185 3442 3292 3512 γὰρ
3326 3444 3525 3514 τρόπον
3551 3443 3651 3497 οὐκ

2080 3533 2144 3584 ἂν
2178 3531 2380 3602 ἑτέρως
2410 3531 2640 3599 φωτίσαι
2665 3531 2724 3583 τὸ
2753 3531 2886 3600 φῶς,
2915 3533 2963 3585 εί
2989 3532 3063 3603 μὴ
3083 3533 3168 3585 διὰ
3196 3533 3289 3585 τοῦ
3320 3533 3449 3586 ἰδίου
3476 3535 3655 3587 ἀπαυ-

2077 3623 2378 3692 γάσματος’
2403 3622 2576 3683 οὕτως
2594 3622 2691 3674 οὐκ
2722 3623 2785 3676 ἄν
2813 3639 2866 3675 τι
2891 3621 2998 3674 τῶν
3022 3622 3192 3678 ὄντων
3217 3624 3506 3694 ἐργάσαιτο
3531 3626 3649 3678 Πα-

2075 3714 2200 3785 τὴρ,
2258 3716 2306 3765 εἰ
2357 3714 2429 3784 μὴ
2456 3712 2558 3773 ,διὰ
2587 3713 2680 3766 τοῦ
2725 3714 2926 3767 οἰκείου
2957 3715 3152 3784 Λόγου.
3209 3733 3226 3765 ι
3284 3715 3468 3770 Πάντα
3514 3718 3648 3790 γὰρ,

2076 3805 2228 3875 φησὶ,
2288 3804 2354 3855 δι’
2413 3803 2575 3855 αὐτοῦ
2630 3805 2866 3871 ἐγένετο,
2901 3806 2993 3858 καὶ
3025 3806 3194 3876 χωρὶς
3220 3806 3385 3860 αὐτοῦ
3429 3808 3650 3876 ἐγένετο

2074 3894 2192 3946 οὐδὲ
2219 3893 2295 3946 ἓν.
2324 3913 2342 3942 ›
2376 3893 2472 3944 Διὰ
2499 3892 2656 3946 τοῦτο
2682 3894 2775 3946 καὶ
2807 3915 2825 3945 ι
2849 3893 2998 3958 δεξιὰ
3025 3895 3117 3948 καὶ
3151 3895 3390 3967 βραχίων
3411 3915 3427 3948 ι
3454 3898 3650 3968 ὀνομά-

2075 3988 2226 4050 ζεται
2266 3983 2423 4037 Θεοῦ.
2451 3985 2633 4038 Πάντα
2657 3984 2762 4056 γὰρ
2787 3984 2854 4036 δι’
2879 3985 3066 4052 αὑτοῦ,
3100 3986 3175 4049 ὡς
3201 3987 3288 4039 διὰ
3315 3987 3516 4057 χειρὸς,
3549 3989 3647 4058 ἑρ-

2073 4076 2311 4145 γάζεται.

2123 4186 2498 4254 Ἐπιτήρησις
2529 4187 2646 4242 ἀπὸ
2679 4185 2786 4253 τῆς
2816 4188 2975 4250 θείας
3008 4187 3272 4256 Γραερῆς,
3306 4187 3464 4256 καλὴ
3506 4187 3606 4244 καὶ

2690 4256 3025 4326 ἑπωφελής.

2143 4369 2297 4435 Eius,
2349 4371 2532 4441 φησιν,
2576 4373 2603 4423 6
2654 4370 2804 4433 Θεός·
2856 4370 3144 4441 Γενηθήτω
3192 4371 3326 4438 φῶς,
3353 4370 3642 4442 γενηθήτω

2074 4465 2388 4535 στερέωμα,
2443 4461 2825 4532 γενηθήτωσαν
2897 4462 3223 4532 φωστῆρες’
3274 4464 3368 4516 καὶ
3424 4464 3644 4531 ἐγένετο

395 4549 678 4605 Faciamus
705 4549 973 4603 hominem
1011 4566 1024 4601 :
1062 4561 1114 4603 et
1153 4547 1280 4601 l'ecit
1313 4547 1451 4603 Deus
1474 4549 1767 4604 hominem.
1814 4549 1882 4604 At
1912 4552 1964 4605 in

2088 4557 2260 4619 ὤτως.
2308 4551 2465 4608 Εῐπε·
2499 4556 2823 4624 Ποιήσωμεν
2849 4553 3134 4624 ἄνθρωπον
3154 4570 3169 4588 ο
3200 4555 3292 4606 καὶ
3319 4554 3572 4624 ἐποίησεν
3610 4557 3642 4606 ὀ

397 4641 481 4695 bis
507 4640 759 4695 omnibus
787 4653 1050 4708 nusquam
1078 4645 1161 4693 est
1193 4638 1379 4693 videre
1408 4636 1604 4694 Filium
1631 4640 1826 4710 alloqui
1859 4641 1951 4696 Pa-

397 4744 554 4796 trem,
588 4731 739 4801 quasi
771 4730 1037 4786 volentem
1067 4731 1275 4786 discere
1317 4730 1620 4798 qualianam
1649 4745 1771 4788 esse
1798 4749 1956 4802 opor-

395 4834 471 4881 tet
498 4841 618 4894 quze
650 4826 882 4878 creanda
914 4832 1092 4887 erant,
1138 4823 1230 4878 sed
1267 4837 1368 4878 vox
1424 4826 1538 4893 ipsa
1592 4839 1725 4894 opus
1752 4835 1836 4880 est
1865 4844 1878 4881 :
1911 4827 1954 4880 si

395 4930 572 4970 autem
603 4915 779 4970 Verbo
808 4928 970 4984 opera
1008 4914 1140 4967 liunt
1185 4913 1338 4982 juxta
1376 4915 1700 4970 voluntatem
1753 4915 1953 4982 Patris,

398 5005 627 5061 Verbum
663 5007 846 5073 itaque
875 5014 960 5060 est
1001 5005 1248 5059 voluntas
1279 5005 1455 5060 Patris
1495 5012 1676 5061 vivens
1720 5017 1879 5076 atque
1908 5009 1959 5064 ei

397 5100 739 5163 inexsistens,
764 5113 880 5168 quae
905 5097 1064 5153 simul
1095 5098 1148 5150 in
1176 5097 1290 5166 ipso
1316 5106 1419 5161 est,
1439 5108 1490 5153 et
1518 5099 1752 5152 vicissim
1783 5101 1956 5166 ipsum

392 5189 444 5241 iu
483 5203 540 5241 se
571 5189 750 5241 habet.

396 5301 551 5372 155
581 5299 699 5352 Alia
749 5299 1058 5372 obseruatio,
1103 5313 1167 5351 ex
1215 5314 1337 5372 qua,
1372 5297 1618 5372 discimus
1668 5296 1873 5372 angelis
1908 5306 1956 5349 et

460 5366 655 5425 structis
691 5370 949 5435 prophetis
987 5369 1406 5421 consuetudinem
1437 5383 1544 5419 esse
1567 5368 1734 5434 jussis
1775 5384 1806 5417 a
1849 5366 1955 5418 Deo

463 5443 620 5495 etiam
646 5438 1078 5506 interrogationes
1112 5437 1366 5506 proferre,
1399 5437 1763 5502 ignorantibus
1794 5437 1954 5488 inter-

457 5512 579 5562 dum
622 5511 671 5560 id
702 5504 1083 5578 quod'jussum
1123 5517 1220 5561 est.
1266 5504 1485 5560 Verbum
1528 5515 1698 5558 autent
1743 5523 1843 5559 non
1879 5507 1954 5559 ita

461 5581 631 5649 facere
664 5581 936 5646 reperitur.

458 5693 598 5747 Deus
613 5691 857 5762 promisit
879 5691 1105 5745 Abraba:
1128 5689 1323 5759 lilium,
1345 5699 1396 5745 et
1416 5691 1528 5760 ipse
1548 5691 1814 5759 interroga
1839 5689 1912 5744 vit
1937 5707 1949 5741 :

467 5850 505 5880 *³
533 5848 683 5902 Juntt.
719 5862 760 5913 I,
797 5849 843 5900 Ι.
926 5845 1120 5902 “Ibid.
1193 5848 1253 5877 ’δ’
1279 5847 1414 5902 Gen.
1455 5864 1494 5901 I.

2064 4648 2193 4710 Θεὸς
2230 4646 2319 4698 τὸν
2349 4644 2652 4715 ἄνθρωπον.
2672 4642 2810 4694 Ἀλλ’
2843 4644 2900 4694 ὲν
2925 4642 3136 4704 τούτοις
3172 4643 3372 4695 ἅπασιν
3400 4643 3638 4712 οὐδαμοῦ

2064 4739 2313 4808 φαίνεται
2343 4736 2502 4803 λόγος
2530 4734 2605 4797 ὼς
2635 4733 2692 4800 ἐξ
2721 4733 2850 4786 Υίοῦ
2890 4733 3025 4804 πρὸς
3055 4732 3146 4788 τὸν
3176 4732 3396 4805 Πατέρα
3429 4735 3636 4805 μανθά-

2060 4844 2170 4880 νειν
2199 4825 2474 4887 ἐθέλοντος
2501 4824 2660 4878 ὁποῖά
2680 4841 2802 4878 τινα
2822 4823 2927 4895 χρὴ
2950 4823 3208 4892 γενέσθαι
3229 4823 3295 4877 τὰ
3317 4824 3628 4898 κτιξόμεναο

2060 4917 2174 4970 ἀλλ’
2202 4919 2234 4986 ή
2265 4915 2415 4987 φωνὴ
2463 4915 2524 4967 τὸ
2568 4914 2725 4986 ἔργον
2753 4916 2982 4984 γίνεται.
3015 4916 3078 4968 El
3116 4915 3175 4967 δὲ
3220 4915 3363 4985 λόγῳ
3395 4915 3460 4970 τὰ
3494 4915 3630 4986 ἔργα

2056 5010 2264 5076 γίνεται
2297 5006 2438 5062 κατὰ
2482 5005 2580 5076 τὴν
2631 5006 2823 5076 βουλὴν
2868 5006 2963 5059 τοῦ
3003 5006 3235 5078 Πατρὸς,
3265 5006 3292 5057 6
3323 5006 3490 5073 Λόγος
3521 5007 3627 5077 ἄρα

2057 5099 2202 5151 ἐστὶν
2233 5101 2266 5167 ἠ
2301 5097 2462 5168 βουλὴ
2477 5095 2581 5150 ’τοῦ
2610 5098 2820 5167 Πατρός
2847 5099 2879 5167 ἡ
2908 5097 3057 5162 ζῶσα
3085 5100 3178 5150 καὶ
3202 5097 3462 5161 ὲνούσιος,
3486 5098 3623 5167 αὐτή

2055 5204 2112 5240 τε
2143 5184 2277 5241 οὖσα
2310 5188 2369 5240 ὲν
2403 5189 2596 5259 Πατρὶ,
2627 5189 2720 5240 καὶ
2755 5187 2950 5257 ἔχουσα
2986 5187 3147 5240 αὐτὸν
3174 5189 3231 5239 ἐν
3255 5187 3390 5258 αὐτῇ

2067 5297 2443 5366 Ἐπιτηήρησις
2485 5299 2716 5366 ὁμοίως,
2745 5297 2814 5362 ἐξ
2858 5293 2933 5368 ἧς
2977 5299 3362 5368 μανθάνομεν
3394 5299 3480 5353 ὅτι
3528 5301 3625 5353 καί

2123 5369 2401 5436 ἀῂαέλοις
2428 5369 2524 5422 καὶ
2563 5368 2753 5436 ἁγίοις
2776 5369 3107 5437 προφήταις
3141 5370 3276 5435 ἔθος
3303 5370 3474 5423 ἐστὶν
3499 5370 3629 5424 ἐπι-

2128 5438 2528 5509 ταττομένοις,
2549 5439 2708 5509 πλιφὰ
2728 5439 2894 5503 Θεοῦ,
2923 5440 3016 5492 καὶ
3038 5440 3358 5507 ἐρωτήσεις
3373 5440 3629 5509 ἀγνοοῦ-

2125 5524 2229 5560 σιν
2264 5507 2389 5561 ἐσθ’
2420 5507 2516 5560 ὅτε
2541 5507 2604 5560 τὸ
2633 5509 3113 5576 ἐπιταττόμενον.
3154 5511 3216 5562 '0
3244 5509 3310 5561 δὲ
3347 5507 3451 5564 τοῦ
3477 5510 3626 5562 Θεοῦ

2125 5578 2312 5645 Λόγος
2346 5579 2456 5646 οὐχ
2489 5577 2675 5642 οὕτως
2719 5577 2956 5645 ἐδείχθη
2996 5578 3200 5632 ποιῶν.

2123 5690 2213 5758 Τῷ
2259 5690 2507 5763 ’Λϐραὰμ
2537 5693 2649 5747 υἱὸν
2677 5696 3042 5765 ἐπηγγέλλετο
3076 5700 3103 5749 ό
3142 5697 3294 5761 Θεὸς,
3343 5695 3434 5749 καὶ
3463 5693 3629 5760 αὐτὸς
