3994 6324
245 431 336 484 ειςι

1637 431 1862 485 τΙΙΙὲδᾹ
1879 426 2085 481 ιῗῐὶυὸ.

3422 399 3533 457 263

253 561 475 628 ἔφασκε·
527 580 543 612 ι
574 562 730 616 Κατὰ
763 562 811 614 τί
837 559 1117 628 γνώσομαι
1158 555 1352 620 τοῦτο;
1390 573 1404 600 ι
1461 549 1850 604 ’Λπεστέλλετο

2007 550 2122 614 Qun
2149 556 2304 612 signo
2334 549 2659 609 cognoscam
2699 532 2803 587 hoc
2829 529 2908 582 '5?
2935 547 2952 578 ι
2990 523 3306 579 Mittebatur
3330 518 3528 582 Moses,

253 651 456 722 Μωσῆς
510 654 604 706 καί
651 669 819 722 φησιν
841 667 854 680 ·
888 669 904 700 ι
942 649 1065 701 Ἐὰν
1095 644 1410 717 ἐρωτήσωσί
1459 659 1548 713 με,
1582 641 1645 692 Ἰ’ί
1672 641 1842 708 ὄνομα

254 740 438 814 αὺτῷς
479 745 533 797 τί
555 743 666 816 ἐρῶ
701 742 836 812 πρὸς
863 738 1093 801 αὐτούς
1123 757 1139 789 ι
1175 737 1281 790 Καὶ
1325 739 1352 788 0
1381 734 1611 802 ἄγγελος
1644 732 1700 784 δὲ
1728 731 1755 781 0
1787 733 1842 781 ὲν

261 836 336 906 τῷ
361 835 608 906 Ζαχαρία
635 831 875 905 διηρώτα
919 828 1072 891 Θεὸν,
1109 828 1316 894 λέγων·
1365 845 1381 876 ι
1432 825 1603 892 Κύριε
1650 837 1843 874 παντο-

262 926 507 997 κράτωρ,
531 924 634 985 ἕως
662 923 808 985 τίνος
828 921 888 974 οὑ
914 921 988 991 μὴ
1011 919 1239 990 ἐλεήσῃς
1263 917 1363 987 τὴν
1401 912 1753 984 Ἰερουσαλήμ
1775 925 1788 974 ;
1822 928 1838 959 ι

263 1018 372 1069 Καὶ
408 1014 569 1068 πάλιν
591 1013 864 1080 ἐκδέχεται
898 1011 1056 1081 ἄχρις
1091 1009 1156 1062 ἂν
1187 1006 1395 1076 ἀκούσῃ
1431 1004 1620 1071 λόγους
1647 1001 1846 1061 καλοὺς

263 1111 357 1161 καὶ
412 1103 874 1178 παρακλητικούς.
926 1104 1034 1154 Καὶ
1086 1102 1116 1153 ό
1182 1098 1496 1167 ’Λὸὄακοὺμ
1538 1095 1593 1147 δέ
1646 1108 1842 1162 φησιν·

271 1221 288 1252 ι
345 1200 469 1253 Ἐπὶ
501 1198 600 1266 τῆς
641 1194 889 1264 φυλακῆς
918 1211 1022 1263 μου
1067 1193 1356 1262 στήσομαι,
1394 1189 1488 1240 καὶ
1515 1184 1847 1254 ἐπιϐήσομαι

266 1291 357 1345 ἐπὶ
390 1289 621 1358 πέτραν,
653 1287 746 1338 καὶ
780 1282 1180 1337 ἀποσκοπεύσω
1219 1278 1314 1331 τοῦ
1350 1277 1479 1329 ἰδεῖν
1527 1275 1578 1325 τί
1625 1272 1849 1341 λαλήσει

267 1385 323 1435 ὲν
345 1381 472 1450 ἐμοὶ
501 1380 529 1431 0
554 1376 704 1439 Θεὸς.
749 1395 766 1426 ι
803 1374 987 1427 Ταῦτα
1011 1373 1118 1440 γὰρ
1141 1371 1216 1433 ὼς
1244 1369 1405 1422 δοῦλα
1427 1367 1520 1420 καὶ
1545 1366 1848 1435 ποιήματα,

269 1473 360 1526 καὶ
405 1473 507 1540 τῆς
555 1467 650 1521 τοῦ
701 1467 860 1534 λόγου
908 1462 1184 1534 μεσιτείας
1227 1461 1478 1531 δεόμενα,
1524 1457 1674 1527 ὴξίου
1721 1454 1849 1524 παρ’

269 1562 433 1616 αὐτοῦ
485 1558 832 1614 διδάσκεσθαι
878 1559 977 1626 τὴν
1029 1554 1227 1624 βουλὴν
1265 1552 1358 1605 τοῦ
1402 1549 1634 1620 Πατρός.
1687 1550 1743 1600 '0
1796 1547 1852 1599 δὲ

275 1656 397 1718 Tib;
432 1653 722 1724 μανθάνειν
751 1651 849 1702 οὐκ
882 1647 1130 1716 ἐπιζητεῖ
1177 1644 1347 1711 Λόγος
1391 1642 1464 1694 ὢν
1509 1639 1603 1693 τοῦ
1642 1638 1853 1709 Πατρὸς

275 1749 366 1802 καὶ
407 1745 648 1805 ὲνούσιος
688 1741 961 1811 βούλησις.
995 1739 1107 1791 Οὐκ
1151 1737 1258 1806 ἄρα
1287 1737 1350 1788 ἐκ
1403 1732 1697 1804 μαθήσεως
1743 1731 1852 1798 ἔχει

279 1841 330 1893 τὸ
360 1837 501 1892 εἶναι
534 1833 886 1905 δημιουργὸς,
923 1831 1035 1884 ἀλλ’
1071 1827 1342 1890 οὐσιωδῶς
1373 1844 1430 1878 τε
1463 1825 1556 1878 καὶ
1586 1821 1850 1892 φυσικῶς.

276 1953 397 2004 Ἔτι
431 1953 517 2014 είς
549 1947 636 2008 τό,
670 1966 688 1997 ι
723 1946 937 2014 Κύριος
983 1939 1187 1996 ἕκτισέ
1214 1956 1288 2014 με
1322 1937 1523 2014 ἀρχὴν⁵
1553 1934 1727 2014 όδρις-
1748 1936 1852 2014 αὐτ
1887 1894 1906 1950 1

342 2003 470 2074 τοῦ.
493 2003 532 2070 ἰ
568 2003 697 2070 ’ότι
743 2003 821 2069 οὗ
857 2003 1536 2081 κέίσμα³ὀγὶξιόςςὰξὶλὰ
1566 2003 1856 2081 uirgath

1229 2075 1393 2133 νοεῖν
1430 2080 1516 2140 τὸ,
1574 2095 1590 2126 ι
1640 2075 1857 2141 Κύριος

342 2089 675 2152 συναΐδιυς.
729 2087 928 2150 Ὅπως
960 2080 1027 2136 δὲ
1073 2080 1188 2149 χρὴ
1229 2080 1393 2133 νοεῖν
1430 2080 1516 2140 τὸ,
1574 2095 1590 2126 ι
1640 2080 1857 2141 Κύριος

345 2158 548 2214 ἐκτισέ
576 2174 645 2214 με
671 2155 868 2214 ἀρχὴν
896 2151 1054 2206 ὁδῶν
1088 2149 1296 2211 αὑτοῦ,
1343 2170 1358 2200 ι
1407 2149 1473 2201 ὲκ
1497 2145 1615 2200 τῶν
1632 2143 1858 2214 ἐφεξῆς

345 2158 548 2214 ἐκτισέ
570 2149 645 2226 μέ
671 2155 868 2224 ἀρχὴν
896 2151 1054 2206 ὁδῶν
1088 2149 1296 2211 αὑτοῦ,
1343 2170 1358 2200 ι

350 2228 635 2297 κειμένων
665 2227 964 2294 εἰσόμεθα.

347 2343 570 2412 Πρῶτον
601 2342 699 2411 μὲν
727 2341 903 2392 ἐκεῖνο
937 2337 1042 2407 χρὴ
1075 2335 1278 2403 λέγειν,
1325 2333 1404 2385 ὅτι
1434 2333 1500 2384 τὰ
1549 2347 1859 2399 παροιμιω-

281 2435 379 2498 δὼς
439 2433 707 2503 λεγόμενα
767 2431 911 2484 δοκεῖ
975 2427 1072 2498 μέν
1134 2444 1186 2478 τι
1237 2424 1520 2494 σημαίνειν
1580 2421 1720 2474 κατὰ
1773 2421 1862 2472 τὸν

283 2524 570 2595 πρόχειρον
600 2520 743 2585 νοῦν,
777 2520 884 2590 ἔχει
915 2518 970 2570 δὲ
1005 2517 1102 2586 οὐχ
1134 2515 1306 2578 οὕτως
1347 2516 1422 2577 ὡς
1468 2514 1706 2581 λέγεται,
1750 2511 1860 2564 ἀλλ’

282 2615 473 2683 ἑτέραν
515 2613 694 2666 ὡδί-κει
741 2612 999 2664 διάνοιαν.
1036 2609 1143 2661 Καὶ
1177 2608 1306 2674 γοῦν
1353 2607 1588 2676 ἔφασκεν
1615 2607 1642 2657 0
1677 2604 1863 2673 Σωτὴρ

285 2706 419 2774 πρὸς
449 2707 572 2766 τοὺς
616 2701 810 2756 ἑαυτοῦ
846 2699 1091 2771 μαθητάς
1116 2714 1128 2727 ·
1164 2718 1180 2747 ι
1218 2697 1401 2750 Ταῦτα
1444 2699 1500 2748 ὲν
1545 2695 1864 2766 παροιμίαις

287 2797 556 2867 λελάληκα
583 2797 742 2865 ὑμῖν·
776 2795 991 2865 ἔρχεται
1025 2792 1078 2845 δὲ
1109 2790 1225 2860 ὥρα
1252 2792 1338 2843 ὅτε
1383 2789 1565 2842 οὐκέτι
1590 2789 1646 2839 εν
1675 2803 1866 2856 παροι-

289 2891 438 2959 μίαις
469 2888 688 2956 λαλήσω
719 2887 864 2956 ὑμῖν,
896 2883 1032 2937 ἀλλὰ
1063 2883 1366 2953 παρρησίᾳ,
1397 2900 1414 2931 ι
1447 2881 1522 2942 ὼς
1549 2881 1644 2946 τῆς
1678 2896 1865 2946 παροι-

290 2982 417 3051 μίας
449 2982 549 3032 οὐκ
581 2977 807 3048 ἐχούσης
833 2975 929 3046 τὴν
959 2973 1290 3046 παρρησίαν.
1327 2973 1400 3024 Τὸ
1429 2971 1605 3023 τοίνυν
1637 2991 1651 3020 ι
1687 2970 1866 3021 ἕκτισέ

289 3089 378 3140 με,
415 3090 433 3121 ι
488 3071 523 3139 ἡ
574 3067 732 3137 σοφία
787 3066 1120 3135 γυμνότερον
1163 3063 1420 3131 λέγουσα,
1473 3062 1652 3130 τίθησι
1708 3060 1868 3111 πάλιν

290 3162 542 3231 τοιαύτην
569 3161 689 3213 τινὰ
721 3160 906 3228 φωνήν
926 3174 939 3187 ο
969 3176 987 3208 ι
1030 3156 1093 3208 'H
1130 3154 1290 3224 σοφία
1320 3152 1669 3222 ᾠκοδόμησεν
1702 3152 1866 3219 ἑαυτῇ

1945 653 1998 698 et
2016 608 2156 696 dixit
2179 608 2252 687 ’δι
2283 653 2299 683 ι
2331 632 2388 686 Si
2409 608 2748 695 interrogant
2774 636 2859 678 me
2885 638 2896 674 :
2920 617 3076 684 Quod
3098 622 3180 670 est
3200 625 3397 667 nomen
3415 608 3535 682 eius

1947 736 2037 804 qui
2089 742 2139 785 te
2207 723 2394 780 misit?
2452 721 2579 790 quid
2627 717 2804 770 dicam
2859 713 2970 768 eis?
3019 726 3036 760 ι
3087 703 3325 775 Angelus
3366 701 3533 757 etiam

1946 792 2086 895 apud
2139 815 2460 874 Zachariam
2511 827 2540 865 a
2582 810 2695 864 Deo
2749 804 3051 876 quaerebat,
3101 799 3335 855 dicens:
3375 792 3535 895 ξῦο-

1950 884 2097 974 mine
2143 909 2508 980 omnipotens,
2547 912 2830 971 usquequo
2876 911 2978 950 non
3009 889 3358 948 misereberis
3382 884 3537 940 Jeru-

1949 1012 2118 1065 salem
2155 1001 2240 1055 "‘i
2272 1018 2290 1052 ι
2327 999 2393 1052 Ει
2425 991 2779 1063 exspectabat
2805 998 3087 1058 quousque
3115 982 3281 1036 verba
3315 980 3454 1034 bona
3485 983 3540 1029 et

1949 1075 2316 1157 consolatoria
2369 1089 2620 1143 audiret.
2683 1081 2750 1136 Et
2813 1078 3069 1134 Habacuc
3127 1073 3305 1142 inquit
3354 1087 3371 1127 :
3429 1087 3446 1121 ι
3481 1067 3538 1122 In

1951 1206 2069 1248 mea
2104 1185 2353 1244 custodia
2389 1181 2571 1243 stabo,
2602 1185 2658 1231 et
2677 1171 2970 1230 ascendam
2990 1170 3042 1223 in
3069 1175 3303 1239 petram,
3327 1172 3382 1218 et
3410 1176 3541 1235 con-

1950 1281 2203 1339 siderabo
2243 1274 2372 1347 quid
2423 1272 2680 1342 loquatur
2729 1267 2782 1320 in
2833 1277 2920 1317 me
2967 1257 3196 1315 Deus".
3231 1275 3249 1309 ι
3297 1255 3360 1309 lli
3395 1253 3541 1308 enim

1951 1387 2142 1431 omnes
2172 1381 2230 1424 ut
2263 1345 2406 1423 servi
2451 1375 2505 1418 et
2539 1369 2828 1422 creatur-.e,
2869 1352 3022 1410 verbi
3067 1347 3422 1404 meditatione
3463 1345 3543 1399 in‘-

1956 1469 2233 1537 digentes,
2263 1459 2600 1514 voluntatem
2655 1462 2706 1505 et
2771 1446 3057 1503 consilium
3119 1440 3298 1494 Patris
3352 1438 3420 1490 ab
3479 1447 3545 1489 eo

1956 1526 2170 1613 discere
2204 1526 2517 1622 cupiebant.
2551 1543 2720 1599 Filius
2753 1554 2880 1595 vero
2917 1553 3038 1592 cum
3075 1535 3146 1588 sit
3176 1530 3407 1585 Verbum
3437 1526 3544 1581 Pa-

1958 1649 2077 1712 tris,
2096 1657 2150 1700 et
2176 1619 2434 1698 voluntas
2453 1636 2551 1706 ipsi
2577 1633 2928 1695 incssiStens,
2965 1641 3068 1681 non
3092 1623 3286 1693 quaerit
3313 1619 3545 1674 discere.

1957 1740 2074 1795 Non
2103 1739 2266 1808 igitur
2301 1747 2397 1804 per
2424 1728 2728 1805 doctrinam
2768 1724 2867 1776 hoc
2902 1725 3226 1774 consecutus
3262 1723 3345 1768 est
3379 1721 3432 1766 ul
3478 1709 3550 1764 sit

1959 1803 2195 1896 creator,
2243 1803 2337 1883 sed
2371 1803 2738 1879 essentialiter
2773 1823 2828 1869 et
2872 1809 3193 1867 naturaliter
3226 1809 3327 1860 hoc
3365 1804 3550 1858 habet.

1965 1946 2152 2001 Adhuc
2185 1944 2241 1996 in
2287 1939 2444 2001 illud,
2481 1955 2498 1987 ‹
2535 1927 3025 2001 Dominus__crcnvit
3071 1938 3151 1976 me
3192 1920 3403 2001 initium
3442 1917 3551 1970 tia-

2189 1993 2409 2066 suarttm
2434 1993 2497 2058 ³⁸.
2534 2023 2550 2054 ι
2593 2003 2753 2067 Quod
2793 1996 2974 2070 Filius»
3012 2011 3114 2047 non
3165 1993 3231 2044 sit
3271 2001 3552 2070 creatum,

2035 2060 2463 2140 admouit-erum
2509 2060 2685 2128 Pot—ri.
2733 2068 3021 2140 Quomodo
3049 2075 3227 2140 autem
3262 2060 3555 2140 intelligere

2039 2127 2470 2224 Bil'briéizi'iitiid',
2507 2127 2526 2196 ἑ
2560 2127 2820 2195 Πὸηιίιῖιιε
2850 2137 3041 2224 creauit
3080 2150 3170 2224 nte.
3198 2132 3405 2224 initium
3443 2127 3554 2182 via-

2036 2202 2426 2282 isuiurum,
2459 2202 2476 2269 ἱ
2524 2230 2588 2269 ea:
2619 2207 3060 2276 consequentibus
3097 2202 3445 2271 intelligetur.

2040 2335 2282 2390 Primum
2316 2330 2445 2385 illud
2478 2325 2766 2380 dicendum
2800 2330 2902 2382 est,
2939 2319 3158 2388 quando
3180 2330 3299 2384 qua:
3331 2328 3554 2383 prover-

1971 2425 2186 2481 bialiter
2227 2423 2501 2481 dicuntur,
2551 2415 2802 2470 videntur
2847 2409 3159 2477 signiﬁcare
3206 2403 3408 2471 aliquid
3464 2416 3553 2454 sc-

1971 2518 2205 2574 cundum
2235 2512 2453 2568 obvium
2486 2522 2702 2563 sensum
2733 2525 2744 2558 :
2774 2518 2880 2578 non
2914 2509 3093 2556 tamen
3120 2498 3191 2551 ita
3219 2507 3281 2550 ut
3309 2495 3562 2548 dicuntur

1972 2625 2092 2664 sese
2122 2607 2344 2670 habent,
2383 2603 2659 2668 aliumque
2697 2596 3034 2651 reconditum
3072 2605 3290 2645 sensum
3336 2589 3558 2641 habent.

1973 2696 2179 2751 Idcirco
2215 2694 2474 2746 Servator
2503 2688 2567 2742 ad
2606 2685 2900 2754 discipulos
2931 2698 3057 2738 suos
3089 2681 3224 2735 dixit
3258 2699 3268 2733 :
3305 2698 3322 2731 ι
3358 2678 3479 2732 llam
3508 2678 3559 2729 iu

1974 2786 2244 2858 parabolis
2267 2784 2488 2837 locutus
2516 2795 2633 2834 sum
2669 2779 2845 2840 vobis,
2868 2774 2959 2829 sed
2985 2774 3161 2827 veniet
3195 2773 3323 2825 hora
3349 2770 3566 2839 quando

1975 2857 2080 2934 non
2138 2878 2190 2930 in
2234 2871 2540 2943 proverbiis
2592 2868 2782 2936 loquar
2829 2865 3019 2926 vobis,
3071 2862 3163 2916 sed
3227 2857 3506 2929 palam";
3541 2877 3559 2909 ι

1975 2973 2176 3041 quippe
2215 2965 2361 3036 quod
2396 2965 2446 3016 in
2473 2959 2785 3032 proverbiis
2815 2972 2901 3011 res
2927 2957 3040 3024 ipsa
3072 2970 3175 3008 non
3208 2953 3382 3022 palam
3411 2966 3568 3020 aper-

1979 3074 2141 3132 teque
2185 3058 2506 3129 eXplicetur.
2563 3053 2698 3107 Cum
2737 3051 2922 3120 itaque
2973 3050 3169 3103 nudius
3210 3047 3436 3100 dixisset
3468 3045 3568 3099 Sa-

1979 3154 2203 3224 pientia.
2247 3170 2264 3202 ι
2297 3149 2504 3205 creavit
2541 3162 2645 3209 me,
2681 3164 2698 3196 ι
2739 3142 3000 3211 ejusmodi
3043 3140 3317 3210 quidpiam
3365 3139 3516 3194 addit
3550 3159 3563 3194 :

291 3250 455 3307 οἷκον.
511 3271 529 3303 ι
578 3250 642 3304 Εἰ
671 3252 849 3303 τοίνυν
903 3251 937 3318 ἡ
984 3247 1143 3315 σοφία
1199 3246 1296 3316 μὲν
1347 3244 1493 3296 ἔστιν
1526 3247 1553 3296 0
1593 3243 1686 3296 τοῦ
1736 3241 1868 3295 Θεοῦ

1989 3269 1999 3301 ι
2033 3245 2308 3316 Sapientia
2337 3240 2624 3295 aediﬁcavit
2670 3237 2772 3292 sibi
2805 3237 3024 3288 domum
3048 3235 3113 3287 ¹¹.
3151 3253 3167 3284 ι
3201 3233 3256 3286 Si
3304 3248 3433 3304 ergo
3465 3232 3568 3288 Sa-

292 3346 481 3413 Λόγος,
512 3345 678 3412 ἑαυτῇ
713 3342 766 3395 δὲ
798 3341 890 3393 τὸν
918 3336 1063 3392 οἷκον
1104 3339 1396 3407 οἰκοδομεῖ,
1423 3336 1526 3388 ποῦ
1555 3335 1614 3388 τὸ
1644 3354 1661 3384 ι
1694 3332 1876 3386 ἑκτισέ

295 3454 360 3508 με
413 3456 430 3488 ›
476 3435 738 3505 χωρήσει,
788 3431 1031 3494 πιθανῶς
1075 3430 1355 3501 ζητητέον.
1418 3428 1576 3481 Ἔστι
1629 3427 1809 3479 τοίνυν
1849 3427 1876 3478 0

295 3527 450 3581 τοῦτο
473 3527 650 3594 λέγων
681 3525 938 3595 Χριστὸς,
971 3524 1044 3587 ὡς
1071 3523 1169 3594 ήδη
1207 3521 1420 3593 τεχθεὶς
1461 3521 1554 3573 καὶ
1587 3520 1878 3588 γενόμενος

295 3619 611 3690 ἄνθρωπος’
649 3617 734 3684 ἐφ’
763 3609 824 3670 οὗ
872 3616 951 3680 τὺ,
1000 3634 1018 3666 ι
1060 3613 1237 3666 εκτισέ
1289 3631 1378 3683 με,
1422 3632 1438 3664 ι
1479 3611 1879 3680 ἁδυσιρημήτως

298 3712 557 3770 κείσεται,
590 3708 725 3761 καθὸ
754 3707 1058 3777 ἄνθρωπος.
1085 3705 1281 3773 Γέγονε
1306 3706 1361 3758 δὲ
1389 3705 1484 3773 τῆς
1519 3704 1708 3773 σοφίας
1735 3698 1880 3766 οἶκος

301 3803 386 3854 ὑπ’
449 3801 621 3871 αὐτῆς
694 3801 1201 3868 κατεσκευασμένος
1261 3800 1321 3851 τὸ
1389 3799 1548 3868 σῶμα
1603 3797 1762 3850 τοῦτο
1823 3797 1883 3849 τὸ

299 3891 476 3946 κοινὸν
522 3891 583 3942 τὸ
613 3891 678 3942 ὲκ
721 3890 820 3960 τῆς
856 3891 1016 3957 ἁγίας
1050 3888 1328 3960 Παρθένου
1369 3889 1577 3959 τεχθὲν,
1621 3891 1678 3941 ἐν
1703 3882 1746 3955 ᾧ
1791 3888 1880 3939 εὐ-

300 3984 495 4054 δόκησε
537 3985 862 4052 κατοικῆσαι
910 3983 1018 4034 πᾶν
1073 3981 1132 4034 τὸ
1186 3981 1461 4051 πλήρωμα
1499 3983 1595 4052 τῆς
1633 3980 1884 4049 θεότητος

302 4072 658 4142 σωματικῶς,
692 4070 834 4123 κατὰ
879 4069 977 4140 τὴν
1021 4069 1116 4122 τοῦ
1169 4069 1382 4121 Παύλου
1438 4069 1642 4136 φωνην.
1676 4066 1885 4118 Οὐκοῦν

303 4163 601 4234 ἐπειδήπερ
631 4165 659 4215 0
692 4161 863 4228 Λόγος
897 4161 1036 4232 σὰρξ
1070 4159 1307 4227 ἐγένετο,
1348 4158 1530 4228 τίθησι
1568 4157 1693 4226 περὶ
1722 4155 1885 4210 αὐτοῦ

306 4259 381 4321 τὸ,
421 4278 439 4311 r
469 4257 650 4311 ἕκτισέ
686 4274 774 4326 με,
817 4275 834 4307 ι
875 4258 907 4326 ἡ
935 4255 1053 4309 θεία
1083 4257 1298 4327 Γραφὴ,
1333 4256 1469 4309 καθὸ
1499 4255 1688 4324 γέγονε
1719 4254 1883 4316 caios-

306 4351 400 4404 καὶ
433 4348 609 4413 οὕτως
642 4349 878 4402 νοεῖσθαι
912 4347 1018 4418 χρὴ
1049 4349 1111 4401 τὸ
1143 4349 1450 4419 λεγόμενον.

311 4507 518 4568 ΛΛΛΟ,
563 4505 687 4556 Ὅτι
727 4505 814 4562 τὸ.
862 4521 880 4554 ι
927 4505 1129 4557 ἔκτισε
1163 4520 1260 4570 με,
1317 4522 1332 4553 ι
1375 4505 1564 4572 μόνον
1594 4506 1885 4573 κείμενον,

379 4577 452 4628 οὐ
482 4574 718 4655 mia:th
739 4573 854 4638 τὴν
882 4575 1078 4651 αἰτίας
1103 4575 1404 4655 σῃμαίιοει,
1438 4574 1742 4655 ἀλλὰ-τὴς
1767 4578 1889 4631 ἀπό
1923 4595 1964 4648 υ

379 4661 543 4708 τινος
566 4644 693 4710 ἤτοι
723 4644 1102 4710 κατασκευῆς
1129 4644 1165 4707 ἣ
1197 4644 1537 4711 πράγματος
1567 4649 1652 4710 εἰς
1686 4647 1796 4710 erat
1819 4649 1890 4699 όν

380 4731 434 4766 τι
467 4703 1183 4781 μετᾶστίισινέιῑστωόὲ,
1213 4703 1264 4765 si
1289 4703 1529 4781 βούλει,
1555 4703 1644 4780 τὸ,
1679 4734 1695 4766 ι
1738 4703 1891 4770 Eira-

384 4799 518 4846 σεγ,
554 4803 571 4834 ι
607 4782 957 4852 ἀδιορίστως
997 4783 1096 4835 ἐπὶ
1128 4783 1406 4850 Χριστοῦ.

392 4916 412 4948 ι
457 4896 660 4968 Κύριος
698 4896 879 4949 ἑκτισέ
917 4913 984 4966 με
1022 4896 1197 4967 ἀρχὴν
1234 4896 1370 4949 όδῶν
1413 4897 1577 4952 αὑτοῦ
1603 4915 1616 4929 ο
1657 4918 1675 4950 ι
1724 4902 1776 4954 εἴ
1809 4919 1891 4965 τις

319 4989 564 5063 ἀκριϐῶς
602 4989 778 5044 ὲθέλοι
824 4991 885 5043 τὸ
922 4989 1306 5060 γεγραμμένον
1346 4993 1507 5057 νοεῖν,
1553 4993 1773 5064 εὑρήσει
1811 4995 1891 5058 τὸ,

326 5100 344 5132 ι
382 5081 616 5144 ἔκτισεν,
661 5099 678 5131 ι
719 5079 908 5132 ἐνθάδε
934 5081 992 5133 οὐ
1023 5079 1116 5132 τοῦ
1145 5081 1318 5148 Λόγου
1359 5083 1456 5151 τὴν
1485 5085 1671 5136 οὐσίαν
1703 5089 1899 5155 σημαῖ-

321 5188 407 5224 νον
452 5170 529 5233 ὡς
569 5169 964 5240 πεποιημένην,
994 5167 1109 5221 ἀλλ’
1143 5169 1336 5239 ἑτέραν
1365 5171 1490 5225 τινὰ
1536 5174 1771 5227 διάνοιαν
1811 5175 1900 5244 0p-

327 5264 438 5326 θήν.
482 5262 716 5329 Λέγεται
770 5260 880 5332 γὰρ
927 5257 1208 5324 κτίζεσθαι
1258 5262 1354 5316 καὶ
1390 5263 1460 5316 τὰ
1510 5263 1638 5316 ὄντα
1676 5283 1733 5317 τε
1777 5266 1899 5336 ἥδη,

322 5355 413 5408 καὶ
458 5353 528 5406 τὰ
584 5353 749 5424 μήπω
800 5353 1089 5423 γενόμενα.
1128 5351 1202 5403 Τὸ
1239 5351 1294 5404 δὲ
1335 5353 1580 5425 ὑπάρχον
1625 5355 1748 5425 ἤδη,
1785 5357 1902 5421 πῶς

323 5445 386 5499 ἂν
425 5445 636 5511 λέγοιτο
671 5443 970 5508 κτίζεσθαι,
1003 5443 1098 5496 καὶ
1134 5442 1308 5513 ἀρχὴν
1351 5444 1543 5516 ἑτέραν
1577 5445 1892 5516 λαμϐάνειν,

325 5536 615 5590 ἀκόλουθον
645 5537 790 5589 ἰδεῖν.
846 5535 970 5587 Ἐπὶ
1008 5534 1106 5604 μὲν
1145 5535 1254 5604 γὰρ
1281 5534 1388 5588 τῶν
1417 5535 1569 5589 οὔπω
1599 5539 1896 5605 γεγονότων

327 5632 371 5683 εἰ
401 5629 584 5697 τεθείη
626 5629 708 5690 τὸ,
758 5646 776 5680 ι
829 5627 1062 5693 ἔκτισεν,
1127 5646 1144 5679 ι
1185 5628 1418 5698 εὐλόγως
1460 5629 1526 5683 ἂν
1563 5631 1660 5701 τὴν
1707 5633 1770 5684 ἐκ
1803 5632 1896 5684 τοῦ

406 5808 448 5839 ³⁸
471 5806 606 5860 Gen.
643 5820 730 5868 xv,
769 5805 822 5860 8.
926 5806 1162 5860 "Exod.
1203 5823 1282 5872 ιιι,
1325 5808 1409 5861 15.

335 5876 412 5927 i‘i.
493 5877 534 5908 υ
565 5877 724 5932 l'rov.
760 5891 834 5942 Iv,
872 5878 917 5930 i.
989 5879 1054 5907 ¹¹⁴
1091 5875 1306 5935 Coloss.
1332 5893 1388 5943 ιι,
1420 5880 1466 5932 9.

1485 5803 1522 5832 ¹⁷
1557 5807 1780 5864 Zachar.
1819 5826 1856 5875 t,
1904 5810 1982 5862 ιε.

1979 3335 2182 3407 pientia
2227 3342 2309 3386 est
2342 3329 2578 3383 Verbum
2620 3326 2736 3391 Dei,
2780 3326 3117 3394 azdilicatqne
3164 3324 3265 3379 sibi
3321 3324 3420 3393 ipsi
3469 3325 3569 3380 d0-

1981 3444 2151 3488 mum,
2183 3438 2417 3494 quonam
2457 3421 2610 3482 illud,
2647 3437 2665 3470 (
2698 3419 2904 3473 creavit
2936 3432 3042 3481 me,
3084 3436 3100 3467 ι
3139 3418 3422 3486 pertineat,
3456 3432 3570 3471 meo

1983 3523 2088 3575 rito
2112 3517 2282 3589 quaeri
2310 3523 2507 3585 potest.
2534 3512 2787 3567 Christus
2824 3511 3008 3579 itaque
3045 3520 3128 3563 est
3160 3510 3250 3579 qui
3289 3510 3391 3564 hoc
3416 3511 3572 3576 dicit,

1984 3622 2168 3680 utpote
2191 3609 2299 3679 jam
2329 3616 2486 3661 natus
2518 3615 2571 3658 et
2602 3605 2762 3661 homo
2794 3602 2969 3656 factus
2999 3620 3010 3654 :
3043 3603 3110 3655 de
3141 3616 3247 3670 quo
3273 3610 3331 3655 ut
3357 3602 3576 3656 homine

1985 3704 2137 3768 illud,
2168 3721 2186 3752 ι
2219 3701 2429 3756 creavit.
2459 3713 2564 3763 me,
2596 3716 2615 3749 ›
2650 3696 2786 3750 citra
2823 3694 3212 3763 blasphemiam
3245 3694 3349 3747 dici
3376 3703 3576 3763 potest.

1985 3797 2149 3852 Facta
2192 3805 2276 3850 est
2319 3802 2500 3847 autem
2530 3792 2725 3844 domus
2761 3786 3043 3856 sapientia
3085 3801 3113 3837 a
3161 3799 3220 3838 se
3265 3795 3576 3840 constructa

1986 3902 2272 3944 commune
2314 3885 2416 3940 hoc
2447 3897 2646 3951 corpus
2687 3895 2752 3934 ex
2791 3888 2976 3933 sancta
3011 3875 3234 3946 Virgine
3272 3886 3476 3938 natum,
3523 3874 3576 3928 in

1987 3996 2094 4050 quo
2124 3980 2344 4049 dignata
2379 3984 2466 4031 est
2498 3974 2749 4028 habitare
2783 3971 2943 4041 156
2966 3969 3242 4038 plenitudo
3279 3968 3578 4023 divinitatis

1987 4072 2368 4142 corporaliter,
2408 4068 2560 4136 juxta
2603 4063 2750 4119 Pauli
2778 4077 2963 4117 vocem
2989 4061 3076 4114 “‘.
3097 4061 3230 4117 Cum
3259 4061 3424 4128 igitur
3447 4058 3579 4113 Ver-

1991 4166 2114 4217 bum
2157 4176 2284 4214 caro
2322 4160 2524 4213 factum
2564 4157 2655 4218 sit,
2694 4156 2759 4208 de
2796 4155 2912 4221 ipso
2945 4152 3076 4205 dicit
3103 4165 3258 4205 sacra
3297 4149 3578 4217 Scriptura

1992 4255 2140 4308 illud.
2190 4272 2206 4303 ι
2254 4251 2459 4305 creavit
2506 4264 2612 4308 me,
2650 4266 2667 4297 ι
2715 4253 2985 4313 quatenus
3046 4243 3222 4296 factus
3273 4252 3354 4296 est
3403 4257 3531 4296 caro
3562 4281 3579 4297 .

1992 4349 2176 4414 itaque
2205 4343 2304 4395 hoc
2341 4340 2542 4394 dictum
2588 4336 2814 4404 intelligi
2845 4335 3027 4389 debet.

1994 4503 2227 4564 ALIUD,
2264 4503 2417 4568 Quod
2465 4501 2560 4551 hoc
2615 4495 2783 4550 solum
2828 4495 3078 4568 positum,
3127 4510 3144 4542 ι
3185 4492 3376 4568 crearit
3424 4508 3525 4568 me,
3560 4511 3577 4544 ι

2066 4593 2168 4629 non
2199 4562 2250 4626 in
2281 4562 2582 4624 universum
2611 4581 2825 4619 causam
2861 4562 3144 4632 signiﬁcat,
3185 4565 3272 4614 sed
3307 4578 3370 4614 ea:
3405 4562 3584 4632 aliqua

2072 4645 2446 4698 constitutione
2500 4639 2577 4692 vel
2628 4652 2683 4688 re
2720 4631 3122 4687 translationem
3166 4634 3218 4685 in
3265 4633 3451 4685 alium.
3504 4631 3586 4687 Sit

2071 4731 2213 4777 vero,
2246 4716 2290 4766 si
2324 4712 2483 4773 voles,
2528 4707 2686 4770 illud,
2723 4722 2741 4756 ι
2772 4705 2968 4758 creavit
2993 4720 3092 4767 me,
3132 4721 3150 4754 ›
3204 4704 3479 4772 indeﬁnite
3522 4705 3587 4757 de

2070 4785 2288 4840 Christo
2318 4783 2537 4835 dictum.

2077 4917 2095 4948 ι
2129 4897 2389 4950 Dominus
2418 4890 2629 4947 creavit
2672 4903 2758 4943 me
2785 4888 3001 4941 initium
3034 4886 3244 4940 viarum
3276 4900 3529 4951 suarum,
3565 4904 3586 4938 ι

2001 4988 2044 5044 si
2068 4987 2192 5058 quis
2212 4993 2406 5040 exacte
2432 4982 2738 5051 intelligere
2768 4979 2918 5045 velit,
2952 4977 3216 5042 inveniet,
3253 4996 3271 5028 ι
3304 4979 3531 5043 creavit,
3565 4996 3584 5029 ι

2001 5081 2091 5134 hic
2118 5092 2224 5132 non
2252 5075 2416 5130 Verbi
2445 5075 2737 5130 essentiam
2773 5069 3104 5141 signiﬁcare,
3141 5078 3198 5123 ut
3233 5068 3454 5136 factam,
3497 5071 3591 5125 scd

1999 5171 2165 5225 alium
2221 5166 2510 5238 quemdam
2561 5174 2770 5219 rectum
2825 5176 3072 5217 sensum.
3129 5161 3392 5215 Dicuntur
3445 5162 3589 5216 enim

2000 5262 2200 5324 creari,
2235 5268 2289 5315 ct
2319 5275 2438 5330 quae
2465 5257 2577 5326 jam
2607 5257 2901 5318 exsistunt,
2941 5263 2997 5308 et
3024 5269 3142 5323 quae
3174 5253 3412 5307 nondum
3450 5253 3592 5308 facta

2001 5362 2148 5409 sunt.
2201 5350 2257 5406 ld
2288 5364 2420 5404 vero
2443 5347 2588 5418 quod
2629 5347 2744 5416 jam
2790 5345 3027 5409 exsistit,
3073 5344 3344 5413 quomodo
3384 5343 3596 5397 dicatur

2002 5444 2201 5511 creari,
2259 5443 2512 5509 aliudque
2563 5438 2778 5493 initium
2835 5435 3100 5498 nancisci,
3142 5435 3437 5488 videndum
3488 5450 3590 5489 εει.

2006 5536 2138 5590 Nam
2190 5534 2234 5590 si
2283 5534 2349 5587 de
2399 5533 2466 5588 iis
2512 5546 2634 5599 qure
2691 5528 2930 5583 nondum
2984 5525 3125 5581 facta
3178 5535 3304 5579 sunt
3357 5527 3590 5587 dicatur.

2013 5649 2030 5682 ι
2058 5629 2287 5693 creavit,
2323 5645 2340 5678 ι
2382 5641 2442 5681 ea
2489 5638 2610 5678 cum
2656 5631 2818 5676 antea
2855 5635 2958 5674 non
2989 5625 3196 5684 essent,
3226 5617 3338 5686 jam
3377 5619 3441 5672 ad
3473 5633 3597 5672 esse

2625 5800 2665 5829 ¹⁵
2698 5797 2853 5850 Prov.
2887 5810 3004 5858 VIII,
3042 5792 3132 5844 ‘20.

2079 5808 2119 5837 “‘
2148 5806 2345 5859 llabac.
2381 5819 2438 5865 ll,
2477 5803 2523 5854 l.
2625 5800 2665 5829 ¹⁵
2698 5797 2853 5850 Prov.
2887 5810 3004 5858 VIII,
3042 5792 3132 5844 0.0.
3215 5794 3258 5823 ’τ’
3287 5789 3443 5845 Joan.
3480 5803 3592 5855 Wt,
