3994 6324
488 451 595 507 263
1506 441 1559 493 S.
1605 435 1873 493 (MULLI
1918 431 2387 488 ALEXARDRINI
2432 432 2742 487 ARClile‘.
3636 434 3743 490 ςιςι

491 566 732 622 traducta
782 563 1156 633 signiﬁcantur
1192 581 1203 614 :
1233 563 1300 615 de
1336 562 1403 614 iis
1443 574 1569 613 vero
1599 573 1719 626 qua:
1758 556 1868 623 jam
1906 559 2051 608 exsi-

2166 556 2234 626 μὴ
2268 556 2419 617 ὄντος
2460 557 2538 615 εἰς
2577 555 2638 605 τὸ
2671 551 2811 606 εἶναι
2852 558 3104 623 σημαίνοι
3149 555 3521 623 παραγωγὴν·
3558 556 3651 605 ἐτιί
3685 557 3743 609 δὲ

486 668 654 719 stunt,
695 670 867 724 neque
907 654 1201 719 creatione,
1248 661 1305 707 ut
1346 653 1473 717 sint,
1503 651 1768 719 indigent,
1804 664 1907 701 nou
1945 648 2054 717 jam

2166 646 2263 696 τῶν
2296 644 2463 697 ὄντων
2494 645 2591 713 ἤδη
2632 644 2725 696 καὶ
2758 641 2865 693 τῶν
2898 642 3172 705 κτίζεσθαι
3216 644 3355 696 κατά
3380 641 3439 695 τὸ
3485 636 3625 694 εῖναι
3668 658 3743 712 μη

483 761 671 805 creare
707 746 997 801 essentiam
1037 743 1328 815 signiﬁcat,
1359 744 1453 797 sed
1495 755 1562 795 ex
1603 741 1708 794 alio
1738 744 1970 809 quodam
2004 740 2055 791 in

2167 736 2444 804 δεομένων,
2483 735 2667 787 οὐκέτι
2700 735 2801 805 τὴν
2839 734 3025 787 οὐσίαν
3060 736 3335 804 σημαίνει,
3375 733 3509 789 ἀλλὰ
3546 734 3646 804 τὴν
3680 738 3744 789 ἐκ

484 840 631 895 aliud
664 839 1093 893 translationem.
1131 836 1200 891 Ut
1242 851 1362 891 cum
1396 834 1561 888 David
1593 832 1765 887 dicit:
1805 850 1823 880 ι
1862 831 1924 885 Ει
1964 844 2057 900 po-

2166 845 2301 890 τινος
2340 827 2527 897 ἐτέρου
2572 827 2705 898 πρὸς
2741 827 2927 897 ἕτερόν
2972 844 3025 879 τι
3082 826 3435 897 μετάστασιν.
3483 828 3572 891 Ὠς
3612 830 3743 882 ὅταν

482 932 641 1000 pulus
666 931 758 1001 qui
793 930 1067 985 creabitur
1106 927 1347 982 laudabit
1378 926 1661 981 Dominum
1685 926 1752 977 “.
1790 944 1809 975 ι
1842 921 1908 976 Ει
1935 938 2055 976 rur-

2167 920 2290 990 λέγῃ
2333 920 2531 974 Δαὸίδ·
2573 939 2591 970 ι
2636 920 2745 973 Καὶ
2790 918 2917 984 λαὸς
2947 920 2974 971 ό
3008 920 3350 989 κτιξόμενος,
3406 919 3609 973 αἰνέσει
3652 921 3744 972 τὸν

482 1038 573 1077 sus
602 1041 616 1077 :
652 1040 671 1073 ι
701 1022 806 1076 Cor
836 1021 1089 1074 mundum
1115 1032 1238 1075 crea
1266 1018 1321 1072 in
1360 1032 1473 1081 me,
1504 1016 1650 1071 Deus
1673 1014 1739 1067 ".
1779 1034 1796 1066 ι
1829 1008 1892 1067 Ει
1916 1011 2055 1067 Pau-

2165 1012 2383 1084 Κύριον.
2428 1032 2444 1064 ι
2485 1013 2595 1066 Kal.
2635 1012 2832 1065 πάλιν·
2890 1030 2908 1061 ι
2963 1012 3209 1082 Καρδίαν
3258 1011 3507 1082 καθαρὰν
3555 1013 3742 1065 κτίσον

484 1114 566 1169 lus
607 1112 801 1167 alicubi
837 1113 903 1167 de
951 1111 1170 1167 Christo
1215 1111 1291 1163 ait
1324 1127 1337 1163 :
1374 1127 1393 1160 ι
1425 1108 1624 1178 Legem
1679 1106 2053 1160 mandatorum

2168 1108 2213 1157 ἐν
2248 1104 2394 1175 ἐμοὶ,
2423 1107 2451 1158 ὁ
2485 1104 2637 1168 Θεός.
2667 1123 2684 1156 ι
2720 1103 2777 1156 Ὀ
2807 1103 2863 1156 δὲ
2902 1102 3113 1166 Παῦλός
3141 1104 3274 1174 φησί
3310 1121 3409 1156 που
3443 1104 3574 1173 περὶ
3614 1105 3745 1175 Χρι-

481 1205 712 1260 decretis
760 1218 1050 1267 evacuaus,
1096 1210 1156 1256 ut
1204 1204 1340 1255 duos
1382 1209 1533 1255 creet
1586 1200 1636 1253 in
1676 1198 1855 1266 seipso
1889 1212 2053 1250 unum

2167 1196 2281 1250 ποῦ
2305 1214 2319 1227 ’
2351 1215 2370 1247 ι
2409 1196 2513 1249 Τὸν
2538 1196 2698 1265 νόμον
2717 1194 2823 1248 τῶν
2854 1194 3079 1248 ἐντολῶν
3108 1196 3165 1247 ἐν
3194 1194 3428 1265 δόγμασι
3456 1198 3744 1264 καταργή-

480 1310 675 1347 novum
720 1295 989 1347 hominem
1011 1292 1079 1347 “.
1111 1310 1129 1343 ι
1167 1291 1231 1345 Et
1263 1306 1479 1345 rursum
1516 1308 1529 1344 :
1564 1308 1581 1339 ι
1620 1286 1919 1343 lnduamini
1951 1300 2052 1340 no-

2164 1304 2274 1352 σας,
2310 1288 2396 1340 ἵνα
2445 1288 2575 1351 τοὺς
2626 1288 2720 1340 δύο
2760 1287 2919 1357 κτίσῃ
2968 1287 3027 1338 ἐν
3072 1285 3250 1355 ἐαυτῷ
3294 1288 3374 1349 είς
3422 1285 3515 1339 ἕνα
3548 1288 3741 1338 καινὸν

476 1402 601 1439 vum
628 1386 902 1439 hominem
934 1393 1174 1439 creatum
1205 1381 1501 1438 secundum
1537 1380 1702 1435 Deum
1764 1380 1815 1432 in
1845 1378 2053 1448 justitia

2163 1380 2459 1450 Ξνθρωπον.
2524 1398 2541 1430 ι
2598 1380 2709 1431 Καὶ
2759 1378 2953 1431 πάλιν·
3013 1397 3031 1429 ι
3106 1376 3429 1431 Ἐνδύσασθε
3478 1377 3569 1429 τὸν
3617 1378 3740 1429 νέον

475 1485 531 1531 et
570 1476 858 1531 sanctitate
896 1476 1139 1529 veritatis
1160 1476 1227 1529 ".
1262 1492 1281 1525 ι
1320 1472 1479 1528 Certe
1525 1472 1692 1525 David
1744 1487 1848 1526 non
1882 1484 2052 1539 popu-

2155 1471 2440 1541 ἄνθρωπον
2488 1471 2579 1523 τὸν
2634 1470 2776 1523 κατά
2814 1470 2945 1522 Θεὺν
2992 1470 3283 1522 κτισθέντα
3317 1471 3371 1521 ἐν
3418 1468 3732 1539 δικαιοσύνῃ

475 1566 584 1621 lum
612 1566 899 1634 quemdam
932 1564 1225 1619 secundum
1248 1561 1542 1618 essentiam
1572 1562 1863 1616 creandum
1892 1560 2052 1630 signi-

2156 1565 2246 1618 καὶ
2282 1564 2519 1634 ὁσιότητι
2576 1564 2676 1632 τῆς
2727 1562 3003 1633 ἀληθείας.
3046 1580 3063 1613 ι
3104 1561 3212 1614 Καὶ
3249 1562 3309 1614 οὺ
3350 1563 3413 1631 δή
3469 1580 3570 1614 που
3606 1560 3733 1613 λαὸν

475 1656 674 1717 ﬁcavit,
715 1657 807 1711 sed
846 1671 911 1711 ex
939 1670 1125 1710 errore
1158 1654 1225 1709 ad
1269 1653 1627 1724 cognitionem
1677 1652 1769 1706 Dei
1813 1651 2051 1707 transla-

2155 1655 2253 1723 μέν
2277 1671 2399 1707 τινα
2430 1654 2548 1705 κατ’
2575 1653 2761 1707 οὐσίαν
2789 1652 3103 1722 κτιζόμενον
3140 1652 3435 1722 ἐσήμαινεν
3468 1653 3495 1703 ό
3533 1650 3727 1703 Δαϐίδ-

476 1756 609 1801 tum.
638 1740 821 1816 Neque
856 1747 1017 1801 etiam
1062 1744 1209 1800 aliud
1247 1754 1443 1813 praeter
1483 1744 1533 1798 id
1563 1744 1704 1812 quod
1740 1744 1925 1807 habet,
1957 1756 2053 1798 cor

2153 1745 2285 1799 ἀλλὰ
2335 1746 2425 1798 τὸν
2474 1747 2538 1798 ἐκ
2587 1744 2796 1814 πλάνης
2827 1745 2907 1806 είς
2940 1744 3235 1809 ἐπίγνωσιν
3268 1741 3402 1795 Θεοῦ
3442 1740 3730 1811 μετατιθέ·

470 1836 644 1890 creari
689 1838 740 1889 iu
785 1850 845 1888 se
874 1834 1027 1903 petit,
1058 1833 1153 1888 sed
1210 1834 1277 1888 ad
1326 1834 1616 1903 puritatem
1658 1822 1849 1887 cordis
1872 1844 2047 1887 trans-

2156 1855 2315 1907 μενον
2349 1838 2518 1906 λέγει.
2567 1835 2655 1889 Ἐν
2689 1835 2869 1905 ἐαυτῷ
2915 1836 2970 1888 δὲ
3024 1835 3303 1899 κτίζεσθαι
3351 1835 3577 1905 καρδίαν
3633 1835 3727 1902 οὐχ

474 1926 599 1980 ferri
632 1926 799 1995 cupit.
832 1925 1280 1994 Sapientissimus
1318 1933 1497 1979 autem
1529 1924 1749 1988 Paulus,
1782 1939 1887 1979 non
1911 1924 2048 1980 duos

2152 1896 2344 1998 ἐτέραν
2400 1896 2529 1998 ⁴παρ’
2567 1928 2633 1997 ἣν
2680 1896 3046 1995 εἷχενᾟξίου,
3088 1896 3203 1976 ἀλλ’
3253 1926 3330 1986 είς
3380 1896 3729 1993 καθαρότητά

475 2015 719 2069 homines
750 2016 800 2069 in
827 2016 1092 2070 unitatem
1122 2014 1421 2069 naturalem
1449 2030 1543 2084 per
1568 2014 1847 2070 Christum
1872 2017 2047 2070 creari

2150 2020 2318 2091 αὐτὴν
2354 2016 2765 2089 μεταποιεῖσθαι
2815 2016 3133 2087 παρεκάλει.
3188 2015 3247 2067 ’0
3293 2014 3350 2068 δέ
3386 2031 3450 2083 γε
3486 2014 3727 2082 σοφώτα-

472 2106 622 2169 dicit,
662 2107 734 2160 ita
769 2116 828 2161 ut
867 2106 1165 2161 exsistcndi
1207 2106 1533 2178 principium
1576 2107 1910 2176 acciperent,
1954 2109 2047 2162 sed

2148 2129 2240 2174 τος
2288 2110 2521 2173 Παῦλος,
2574 2110 2633 2161 οὺ
2675 2108 2768 2160 δύο
2804 2108 2953 2169 τινας
2991 2107 3308 2176 ἀνθρώπους
3372 2108 3452 2168 είς
3497 2106 3724 2175 ἑνότητα

471 2198 725 2267 p0pulum
759 2197 1111 2254 lsraeliticum
1151 2209 1204 2252 et
1247 2206 1435 2268 gentes
1479 2199 1531 2252 in
1565 2199 1857 2253 novitatem
1900 2214 2048 2253 men-

2151 2203 2383 2273 φυσικὴν
2416 2199 2799 2264 ἀνακτίζεσθαι
2845 2198 2993 2273 λέγει
3026 2199 3112 2251 διὰ
3146 2199 3404 2269 Χριστοῦ,
3442 2198 3517 2262 ὡς
3551 2198 3724 2269 ἀρχὴν

474 2290 541 2343 tis
600 2289 875 2343 traductos
930 2288 1083 2354 dicit,
1142 2298 1305 2359 atque
1352 2289 1471 2344 illos
1526 2289 1745 2359 quidem
1808 2303 1838 2343 a
1893 2290 2046 2360 legali

2148 2294 2240 2348 τοῦ
2277 2289 2416 2347 εἶναι
2444 2292 2816 2361 λαμῦάνοντας
2840 2306 2854 2318 ’
2885 2289 3019 2344 ἀλλὰ
3045 2288 3172 2353 τούς
3200 2306 3258 2341 τε
3287 2291 3345 2355 ἐξ
3384 2289 3602 2359 Ἰσραὴλ
3631 2290 3723 2341 καί

469 2380 642 2445 cultu,
702 2380 800 2435 hos
834 2394 961 2434 vero
991 2381 1059 2434 ab
1088 2380 1287 2435 usitato
1322 2388 1379 2435 et
1413 2378 1667 2434 familiari
1701 2380 1833 2450 ipsis
1859 2395 2046 2437 errore

2147 2385 2273 2448 τοὺς
2303 2382 2362 2448 ἐξ
2388 2383 2556 2436 ἐθνῶν
2590 2382 2670 2443 είς
2699 2380 2995 2449 καινότητα
3024 2378 3250 2449 γνώμης
3288 2377 3721 2448 μεταποιηθήσε-

468 2473 750 2526 abductos.
801 2472 867 2525 Et
916 2486 1109 2526 rursus
1153 2485 1344 2527 omnes
1399 2470 1544 2528 indui
1572 2471 1728 2541 jubet
1774 2472 2045 2529 hominem

2152 2474 2275 2528 σθαι
2305 2473 2486 2542 λέγει’
2529 2473 2653 2537 τοὺς
2687 2474 2787 2543 μὲν
2824 2474 2965 2526 κατὰ
2998 2471 3159 2541 νόμον
3193 2472 3466 2541 λατρείας,
3510 2475 3638 2537 τοὺς
3667 2474 3722 2528 δέ

470 2579 685 2629 novum,
711 2564 800 2633 qui
833 2564 1126 2619 secundum
1154 2562 1323 2619 Deum
1351 2572 1568 2620 creatus
1596 2575 1699 2620 est.
1736 2565 1900 2636 Atqui
1932 2579 2047 2620 ma-

2147 2567 2246 2637 τῆς
2294 2564 2592 2635 συντρόφου
2634 2564 2845 2634 πλάνης
2888 2562 3334 2632 ἐπιλαθομένους.
3394 2564 3504 2618 Καὶ
3561 2565 3722 2619 πάλιν

470 2655 723 2710 nil'cstum
777 2666 879 2718 est,
915 2654 1063 2709 illum
1100 2670 1207 2711 non
1255 2656 1530 2712 hominem
1579 2656 1815 2727 aliquem
1850 2666 2045 2713 scenti-

2148 2656 2472 2712 ἐνδύσασθαι
2508 2659 2673 2711 πᾶσιν
2701 2657 2835 2727 ἡμῖν
2863 2655 3139 2708 ἐπιτάττει
3167 2655 3259 2731 τὸν
3301 2656 3483 2709 καινὸν
3514 2657 3723 2728 ἰινθρω⁶

469 2748 593 2801 dum
640 2748 933 2802 essentiam
986 2748 1186 2804 factum
1241 2747 1571 2817 signiﬁcare,
1619 2764 1777 2818 quem
1825 2749 2046 2805 induere

2150 2766 2249 2802 πον
2280 2751 2371 2801 τὸν
2409 2747 2550 2801 κατά
2578 2747 2710 2800 Θεὸν
2748 2745 3056 2800 κτισθέντα.
3096 2746 3203 2799 Καὶ
3248 2746 3405 2817 δῆλόν
3452 2748 3602 2799 ἐστιν
3648 2749 3721 2811 ὠς

466 2846 739 2901 Oporteat,
789 2838 882 2891 sed
934 2840 1102 2892 vitam
1131 2836 1283 2906 juxta
1327 2838 1543 2894 virtutis
1591 2853 1837 2894 normam
1892 2840 2043 2894 insti-

2145 2842 2245 2895 οὐκ
2293 2840 2576 2913 ἄνθρωπόν
2617 2857 2739 2893 τινα
2776 2840 2893 2892 κατ’
2928 2838 3113 2891 οὐσίαν
3147 2839 3407 2906 γεγονότα
3442 2840 3720 2909 σημαίνει,

469 2930 569 2995 tui,
616 2938 670 2982 et
726 2928 1058 2983 voluntatem
1109 2928 1402 2983 instaurari
1453 2938 1615 2999 atque
1662 2930 1929 2985 innovari.
1984 2929 2040 2985 Si

2147 2932 2205 2985 δν
2239 2932 2561 2987 ἐνδύσασθαι
2594 2931 2720 3002 χρὴ,
2759 2930 2894 2984 ἀλλά
2942 2930 3030 2982 τὸν
3064 2931 3182 2983 κατ’
3219 2930 3419 3002 ἀρετὴν
3464 2930 3579 2999 βίον
3628 2930 3724 2984 καὶ

467 3033 598 3087 ergo
628 3020 805 3073 creari
840 3035 944 3072 non
976 3033 1187 3087 semper
1217 3017 1373 3089 157
1418 3021 1707 3073 essentiam
1742 3021 2040 3089 signiﬁcat,

2145 3025 2234 3078 τὸν
2287 3024 2387 3092 τῆς
2441 3022 2815 3094 προαιρέσεως
2853 3022 3263 3092 άνακαινισμόν.
3317 3023 3381 3076 El
3436 3023 3613 3076 τοίνυν
3664 3020 3722 3076 τὸ

468 3125 629 3177 quam
664 3109 926 3163 rationem
972 3109 1153 3176 habet,
1196 3118 1290 3163 aut
1357 3110 1629 3178 quomodo
1673 3126 1777 3165 non
1822 3110 2039 3170 stultum

2146 3112 2426 3178 κτίζεσθαι
2460 3112 2519 3165 οὐ
2553 3112 2772 3175 πάντως
2802 3110 2897 3180 τὴν
2926 3112 3114 3165 οὐσίαν
3138 3111 3308 3181 δηλοῖ,
3336 3116 3483 3165 ποῖον
3518 3112 3583 3166 ἂν
3609 3112 3721 3184 ἔχοι

466 3196 663 3260 fuerit,
718 3199 784 3252 de
845 3199 910 3253 iis
945 3199 1160 3268 quidem
1219 3201 1311 3271 qui
1364 3216 1553 3257 revera
1606 3212 1869 3258 creatura:
1914 3214 2039 3259 sunt

2146 3206 2324 3272 λόγον,
2357 3204 2389 3275 ἦ
2429 3204 2548 3266 πῶς
2588 3204 2686 3255 οὐκ
2730 3203 2956 3271 ἀνόητον
2998 3205 3089 3257 ἐπὶ
3130 3204 3228 3273 μὲν
3259 3205 3368 3256 τῶν
3396 3205 3563 3268 ὅντως
3604 3223 3721 3259 κτι-

469 3298 613 3343 recte
644 3288 693 3341 id
730 3292 872 3357 quod
904 3292 1163 3360 scriptum
1198 3301 1284 3347 est
1308 3294 1575 3363 accipere,
1618 3294 1685 3349 de
1720 3292 1898 3349 Verbo
1929 3311 2040 3349 au-

2153 3295 2377 3366 σμάτων
2410 3294 2587 3366 ὀρθῶς
2624 3295 2684 3347 τὸ
2715 3295 3100 3366 γεγραμμένον
3146 3296 3481 3367 ἐκδέχεσθαι,
3520 3297 3612 3350 ἐπὶ
3663 3296 3718 3351 δὲ

471 3388 574 3431 tcm
616 3378 735 3446 Dei,
768 3381 821 3433 in
850 3394 957 3448 quo
989 3380 1259 3450 praecipue
1298 3382 1350 3437 id
1378 3382 1654 3436 observari
1697 3392 1931 3452 oportet,
1966 3386 2043 3441 si-

2141 3387 2236 3441 τοῦ
2276 3386 2412 3440 Θεοῦ
2444 3387 2638 3455 Λόγου,
2685 3387 2771 3455 ἐφ’
2803 3381 2846 3454 ᾧ
2875 3387 2939 3457 δὴ
2976 3388 3210 3457 μάλιστα
3247 3389 3405 3441 τοῦτο
3451 3390 3716 3457 φυλάττε-

469 3475 637 3529 nistre
690 3475 791 3530 hoc
822 3474 1207 3543 interpretari?
1242 3494 1262 3527 ι
1304 3476 1561 3532 Dominus
1608 3478 1790 3544 enim,
1831 3478 2041 3548 inquit,

2145 3480 2265 3534 σθαι
2288 3480 2412 3552 χρὴ,
2435 3477 2611 3550 σαθρά
2636 3478 2889 3541 νοοῦντας
2914 3478 3283 3549 εὑρίσκεσθαι;
3306 3498 3324 3529 ι
3350 3478 3553 3550 Κύριος
3587 3480 3716 3550 γὰρ,

466 3567 673 3620 creavit
709 3582 812 3634 me,
843 3586 861 3618 ι
901 3582 1077 3638 neque
1106 3566 1157 3622 in
1190 3568 1293 3623 hoc
1327 3570 1514 3635 verbo,
1540 3588 1560 3621 ι
1592 3572 1818 3638 creavit,
1859 3590 1878 3623 ι
1912 3572 2040 3627 dicti

2143 3572 2327 3643 φησὶν,
2355 3572 2537 3625 ἐκτισέ
2568 3588 2636 3641 με
2658 3587 2671 3599 ·
2701 3590 2719 3623 ι
2755 3570 2849 3623 καὶ
2868 3570 2931 3623 οὐ
2961 3570 3122 3641 μέχρι
3146 3569 3262 3633 τοῦ,
3294 3588 3312 3620 ι
3351 3570 3533 3625 ἔκτισέ
3567 3588 3657 3642 με,
3694 3589 3713 3625 ι

470 3658 579 3711 vim
608 3658 775 3723 sistit,
810 3658 903 3713 sed
949 3658 1119 3724 addit,
1177 3678 1198 3711 ι
1228 3659 1438 3714 initium
1472 3660 1679 3715 viarum
1720 3676 1939 3716 suarum
1986 3662 2039 3716 in

2142 3662 2235 3717 τοῦ
2264 3662 2422 3732 λόγου
2471 3662 2570 3733 τὴν
2602 3662 2834 3731 δύναμιν
2879 3661 3110 3732 ἵστησιν,
3155 3660 3294 3715 ἀλλά
3340 3661 3716 3734 προστίθησιν,

466 3762 628 3815 opera
656 3748 772 3816 ejus
802 3765 821 3798 ι
864 3748 1093 3812 creavit,
1125 3758 1181 3803 et
1212 3762 1318 3803 non
1343 3750 1414 3804 ad
1445 3750 1907 3827 essetraducens,
1944 3753 2041 3808 sed

2139 3756 2222 3810 ὃτι
2262 3772 2280 3807 ι
2315 3755 2491 3827 ἀρχὴν
2521 3742 2657 3808 ὁδῶν
2678 3752 2844 3808 αὐτοῦ
2877 3772 2896 3806 ι
2930 3756 3010 3817 εἰς
3036 3753 3173 3823 ἔργα
3199 3754 3363 3807 αὐτοῦ
3392 3754 3594 3819 ἔκτισε,
3625 3756 3714 3808 καὶ

466 3837 676 3893 creavit
704 3838 914 3893 initium
940 3840 1145 3893 viarum
1175 3855 1393 3895 suarum
1429 3842 1481 3895 in
1508 3856 1671 3912 opera
1701 3840 1848 3911 ejus;
1895 3844 2039 3915 quod

2140 3848 2240 3901 οὐκ
2280 3849 2361 3911 είς
2404 3847 2465 3901 τὸ
2519 3844 2657 3900 εἶναι
2709 3845 3068 3919 παραγαγὼν,
3118 3844 3233 3899 ἀλλ’
3280 3845 3489 3899 ἔκτισεν
3542 3848 3717 3918 ἀρχὴν

470 3928 542 3981 ita
596 3928 865 3999 intelliges
900 3930 1064 3984 :V'm
1118 3930 1309 4000 legalis
1364 3946 1392 3985 a
1420 3930 1618 3993 Iudaeis
1665 3934 1962 4000 colebatur,
2008 3948 2039 3989 a

2140 3938 2274 3992 ὁδῶν
2311 3937 2474 3991 αὐτοῦ
2504 3939 2583 4001 είς
2611 3937 2749 4007 ἔργα
2792 3935 2957 3990 αὑτοῦ
2979 3951 2993 3967 ⁸
3032 3937 3167 4008 ὅπερ
3200 3935 3344 3990 οὕτω
3373 3939 3605 4009 νοήσεις.
3654 3939 3713 3991 Ἥ

467 4017 718 4087 gentibus
747 4033 876 4074 vero
917 4019 1025 4072 vita
1072 4021 1363 4075 secundum
1399 4020 1665 4089 justitiam
1701 4024 1850 4078 nullo
1884 4027 2041 4080 modo

2143 4029 2285 4085 κατὰ
2320 4029 2483 4099 νόμον
2517 4029 2760 4081 πολιτεία
2798 4028 3084 4099 ἐτετίμητο
3110 4028 3208 4098 μὲν
3239 4028 3389 4099 παρὰ
3425 4032 3535 4093 τοῖς
3587 4028 3713 4082 Ἰον-

468 4108 916 4175 cognoscebalur.
953 4106 1183 4163 Verbum
1226 4110 1408 4181 itaque
1432 4111 1525 4166 Dei
1563 4112 1764 4169 factum
1790 4124 1894 4180 est,
1926 4116 2040 4172 sive

2141 4122 2329 4187 δαίοις,
2359 4121 2513 4192 παρὰ
2548 4121 2605 4175 δὲ
2641 4123 2752 4184 τοῖς
2802 4120 3009 4173 ἔθνεσιν
3052 4120 3161 4173 οὐδ’
3192 4120 3328 4184 ὅλως
3376 4123 3403 4175 ὁ
3453 4124 3593 4175 κατὰ
3638 4123 3717 4177 δι-

468 4210 707 4253 creatum
752 4206 855 4263 est,
902 4214 1052 4265 caro,
1090 4202 1191 4257 hoc
1235 4212 1318 4256 est
1360 4204 1541 4269 homo,
1578 4214 1636 4261 ut
1681 4206 1889 4261 initium
1920 4222 2038 4262 via-

2140 4212 2435 4285 καιοσύνην
2463 4213 2576 4283 βίος
2600 4210 2950 4281 ἐγινώσκετο.
2979 4211 3170 4280 Γέγονε
3201 4213 3401 4278 τοίνυν,
3434 4213 3551 4283 ἦτοι
3575 4214 3716 4266 ἐκτί-

468 4304 587 4342 rum
618 4290 825 4343 Domini
862 4299 917 4345 et
952 4306 1173 4361 operum
1202 4293 1323 4363 ejus
1344 4297 1597 4352 omnibus
1624 4298 1947 4352 inveniatur.
1978 4298 2034 4353 ln

2146 4305 2267 4376 σθη,
2306 4304 2443 4377 σὰρξ
2482 4306 2512 4357 ό
2543 4303 2636 4357 τοῦ
2676 4303 2810 4357 Θεοῦ
2854 4304 3045 4371 Λόγος,
3083 4303 3361 4357 τουτέστιν
3406 4304 3710 4373 ἄνθρωπος.

470 4381 645 4448 primo
693 4380 835 4435 enim
882 4380 1102 4437 Christo
1142 4387 1451 4455 evangelica
1494 4390 1602 4443 vita
1648 4388 1864 4445 eﬁ‘ulsit.
1911 4390 2039 4446 V325

2142 4396 2231 4449 ἵνα
2259 4396 2353 4450 καὶ
2378 4394 2519 4466 ἀρχὴ
2550 4393 2659 4447 τῶν
2692 4394 2827 4448 ὁδῶν
2860 4393 2952 4446 τοῦ
2994 4392 3200 4465 Κυρίου
3250 4396 3341 4447 καὶ
3385 4394 3494 4448 τῶν
3539 4396 3715 4467 ἔργων

470 4480 648 4525 autem
698 4480 752 4525 et
786 4488 948 4541 opera
989 4473 1222 4542 Domini,
1268 4479 1395 4545 quid
1444 4479 1587 4534 aliud
1639 4496 1759 4537 esse
1812 4496 2037 4537 censea-

2143 4486 2307 4542 αὑτοῦ
2366 4487 2531 4540 πᾶσιν
2583 4485 2803 4556 εὑρεθῇ.
2859 4486 2946 4539 Ἐν
3006 4487 3114 4555 γὰρ
3172 4486 3371 4557 πρώτῳ
3418 4487 3642 4558 Χριστῷ
3687 4489 3713 4540 ό

470 4576 611 4625 mus,
656 4576 817 4631 quam
861 4574 1129 4655 praecepta
1174 4569 1322 4635 ejus?
1350 4583 1472 4639 quae
1516 4580 1836 4640 praestantes
1874 4583 2039 4643 atque

2147 4578 2497 4649 εὐαγγελικὸς
2523 4577 2800 4648 ἀνέλαμψε
2831 4577 2962 4648 βίος.
3016 4579 3203 4641 Ὁδοὺς
3225 4578 3283 4631 δέ
3318 4579 3411 4632 καὶ
3448 4580 3585 4652 ἔργα
3609 4582 3711 4633 Κυ-

467 4662 825 4720 exsequentes
862 4654 1027 4709 veluti
1074 4656 1259 4714 multis
1298 4673 1362 4714 ac
1386 4661 1555 4717 variis
1602 4663 1706 4717 viis
1750 4662 1817 4717 ad
1862 4664 2036 4733 ipsum

2147 4673 2284 4747 ρίου,
2318 4671 2371 4724 τί
2399 4669 2506 4741 χρὴ
2531 4671 2671 4722 νοεῖν
2695 4669 2901 4738 ἓτερον,
2932 4669 2966 4739 ἢ
2997 4668 3213 4732 πάντως
3242 4668 3343 4731 τὰς
3372 4670 3593 4735 ἐντολὰς
3622 4671 3707 4723 αὐ·

468 4742 828 4811 procedimus.
872 4745 1025 4811 Quod
1068 4760 1198 4803 vero
1231 4763 1399 4819 opera
1437 4751 1695 4806 eximiam
1742 4762 1796 4807 et
1832 4764 2035 4809 rectam

2144 4742 2277 4829 τοῦς
2331 4762 2508 4834 ἇσπερ
2558 4761 2928 4825 ἐπιτελοῦντες
2974 4762 3066 4815 καὶ
3110 4761 3488 4832 ἐργαζόμενοι,
3525 4760 3712 4834 ὥσπερ

466 4834 631 4925 vitam
661 4834 991 4903 signiﬁcent,
1016 4848 1070 4892 et
1094 4849 1371 4909 praecepta
1404 4841 1520 4906 Dei,
1558 4844 1679 4897 audi
1716 4845 1843 4913 quid
1882 4860 2036 4900 sacra

2143 4856 2230 4910 διὰ
2258 4854 2469 4909 πολλῶν
2492 4854 2587 4909 καὶ
2607 4853 2856 4925 ποικίλης
2885 4851 3003 4907 ὀδοῦ
3033 4852 3319 4925 βαδίζομεν
3357 4853 3493 4924 πρὸς
3525 4854 3709 4909 αὐτόν,

470 4924 747 4995 Scriptura
784 4927 929 4983 dicat
959 4947 973 4983 :
1007 4948 1027 4982 ι
1064 4928 1152 4985 Va:
1188 4933 1277 5000 qui
1316 4932 1520 4988 faciunt
1545 4949 1705 5005 Opera
1738 4936 1828 4990 Dci
1862 4938 2033 5009 negli-

2148 4950 2267 5001 Ὀτι
2314 4946 2371 5000 δέ
2417 4945 2487 5000 τὰ
2517 4945 2653 5017 ἔργα
2690 4944 2782 4998 τὸν
2813 4924 3104 5014 ἐξαίρετον
3143 4924 3393 5015 σημαίνει
3434 4944 3570 5016 βίον,
3624 4947 3713 4997 καὶ

468 5018 767 5110 genter’”.
806 5038 824 5073 ι
868 5020 1065 5077 Beatus
1104 5033 1282 5079 autem
1315 5024 1478 5080 David
1513 5038 1776 5097 praecepta
1818 5028 1913 5084 Dei
1944 5046 2037 5099 apo

2142 5040 2211 5094 τὰ
2244 5039 2641 5110 προστάγματα
2679 5036 2773 5091 τοῦ
2822 5035 2981 5101 Θεοῦ,
3029 5036 3193 5091 ἄκουε
3239 5035 3292 5088 τί
3325 5052 3487 5106 φησιν
3519 5039 3552 5107 ἡ
3598 5036 3712 5090 θεία

471 5108 672 5178 pellans
718 5112 855 5181 vias,
906 5115 979 5169 ita
1024 5118 1334 5173 exclamat:
1372 5136 1391 5170 ι
1425 5118 1552 5175 Vias
1599 5130 1740 5184 tuas,
1792 5124 2034 5189 Domine,

2144 5108 2364 5203 l‘pagoﬁ‘
2406 5148 2424 5181 ι
2474 5108 2608 5184 Οὐαὶ
2635 5130 2686 5183 oi
2731 5127 3013 5191 ποιοῦντες
3058 5127 3127 5181 τὰ
3164 5126 3299 5199 ἔργα
3333 5127 3538 5196 Κυρίου
3576 5128 3711 5197 ἀμε-

471 5214 626 5259 n0tas
666 5206 748 5261 {ac
780 5209 932 5275 mihi,
968 5221 1021 5265 et
1050 5212 1278 5267 semitas
1302 5220 1422 5268 tuas
1448 5215 1580 5269 doce
1612 5218 1778 5270 me“.
1816 5236 1833 5268 ι

2142 5224 2270 5288 λῶς.
2309 5242 2327 5275 ι
2374 5223 2435 5276 'U
2467 5221 2524 5275 δέ
2560 5222 2827 5293 μακάριος
2854 5220 3037 5285 Δασὶδ,
3076 5219 3226 5283 ὀδοὺς
3257 5214 3394 5272 εἶναι
3421 5219 3594 5287 λέγων
3617 5219 3710 5281 τὰς

468 5293 701 5362 ἐντολὰς,
742 5300 1170 5373 ἀναφθέγγεταυ
1221 5324 1241 5359 ‹
1302 5306 1413 5369 Τάς
1458 5306 1609 5372 ὁδούς
1664 5326 1777 5374 σου,
1832 5313 2030 5385 Κυριε,
2065 5318 2328 5390 γνώρισάν
2394 5333 2504 5386 μοι,
2556 5317 2647 5370 καὶ
2688 5315 2787 5379 τὰς
2826 5313 3049 5382 τρίδους
3076 5330 3167 5366 σου
3200 5312 3408 5377 δίδαξόν
3452 5331 3539 5383 με.
3584 5333 3602 5363 ι

1064 5438 1213 5494 Idem
1256 5440 1431 5495 aliter.

2652 5450 2883 5515 Ἄλλως
2921 5450 2983 5501 τὸ
3018 5449 3180 5505 αὑτό.

544 5588 563 5623 ι
595 5572 854 5631 Dominus
880 5579 1083 5633 creavit
1119 5593 1203 5634 me
1230 5579 1438 5633 initium
1473 5580 1683 5634 viarum
1719 5594 1942 5635 suarum
1972 5582 2027 5637 in

2220 5606 2239 5639 ι
2286 5584 2489 5657 Κύριος
2532 5584 2713 5640 ἔκτισέ
2768 5604 2834 5656 με
2872 5587 3045 5658 ἀρχὴν
3087 5584 3220 5638 ὁδῶν
3256 5583 3423 5638 αὐτοῦ
3463 5585 3541 5646 είς
3580 5583 3705 5655 ἔργα

468 5678 631 5735 opera
680 5667 867 5737 ipsius.
896 5688 917 5722 ι
967 5669 1201 5726 Verbum
1240 5671 1361 5739 hoc,
1406 5691 1425 5724 ι
1456 5673 1686 5741 creavit,
1720 5692 1741 5727 ι
1793 5690 1897 5730 non
1946 5691 2032 5731 es~

2141 5676 2328 5731 αὐτοῦ.
2378 5696 2397 5729 ›
2435 5676 2530 5740 Τὸ,
2580 5696 2598 5726 ι
2650 5677 2881 5742 ἔκτισεν,
2928 5698 2942 5727 ι
2987 5678 3045 5729 οὐ
3095 5674 3235 5729 κατὰ
3265 5676 3361 5745 τῆς
3403 5675 3592 5739 οὐσίας
3620 5674 3706 5727 τοῦ

468 5823 739 5953 ῃ¹²Ρῗει
768 5840 845 5894 ct,
878 5826 961 5882 l9.
1034 5825 1423 5895 "Psal.t.,12.
1495 5827 1752 5900 “pres.
1783 5829 1955 5894 11,15.
2104 5829 2150 5862 ’⁵
2195 5830 2391 5901 Ephes.
2442 5847 2517 5899 tv,
2569 5832 2661 5887 24.
2767 5832 2835 5865 ’⁸⁵
2872 5831 3071 5889 Jerem.
3110 5846 3295 5900 XLVIII,
3330 5832 3413 5887 10.
3490 5832 3537 5865 "
3564 5831 3701 5888 Psal.

547 5914 617 5953 tv.
681 5939 693 5953 .

547 5914 617 5961 IV,
641 5914 693 5953 4.
