3994 6324
490 434 596 490 263
1506 423 1560 476 S.
1606 417 1875 476 ιτῖιιηΜ
1918 415 2067 470 ΛΙΕῘ

2165 413 2389 468 \DlllNl
2433 413 2742 468 ARClilEi‘.
3638 414 3742 469 $2M

492 550 733 606 traducta
783 546 1157 616 signiﬁcnnmr
1193 546 1302 597 :de
1337 545 1404 597 iis
1444 556 1570 595 vero
1600 555 1720 608 qua:
1760 539 1869 605 jam
1908 540 2053 590 exsi-

2165 538 2235 607 μὴ
2269 538 2421 598 ὄντος
2462 538 2539 597 εἰς
2578 537 2639 587 τὸ
2673 533 2812 586 εἶναι
2853 539 3105 603 σημαίνοι
3150 535 3522 604 παραγωγὴν·
3559 536 3653 585 ἐπι
3687 537 3742 589 δὲ

487 652 656 703 stunt,
697 653 869 707 neque
908 637 1203 703 creatione,
1249 644 1307 690 ut
1347 636 1474 700 sint,
1504 633 1769 702 indigent,
1806 646 1909 684 non
1946 630 2055 699 jam

2165 627 2265 678 τῶν
2297 626 2464 679 ὄντων
2496 627 2593 695 ἢδη
2633 625 2726 677 καὶ
2760 622 2866 674 τῶν
2900 622 3173 686 κτίζεσθαι
3216 624 3356 677 κατὰ
3381 621 3440 675 τὸ
3486 616 3626 674 εἷναι
3670 638 3742 691 μη

484 744 672 788 creare
708 730 999 785 essentiam
1039 726 1330 798 signiﬁcat,
1361 727 1454 779 sed
1496 738 1563 778 ex
1604 724 1709 777 alio
1740 725 1971 791 quodam
2006 722 2056 773 in

2167 718 2446 785 δεομένων,
2484 716 2668 768 οὐκέτι
2702 716 2802 785 τὴν
2840 715 3027 768 οὐσίαν
3062 715 3336 784 σημαίνει,
3377 713 3511 769 ἀλλὰ
3548 714 3649 784 τὴν
3683 717 3744 768 ἐκ

486 824 632 878 aliud
666 822 1095 876 translationem.
1132 819 1202 874 Ut
1244 834 1364 873 cum
1398 817 1563 871 David
1596 814 1767 870 dicit:
1807 832 1825 863 ι
1863 814 1925 867 Ει
1966 826 2059 882 po-

2168 826 2303 871 τινος
2342 809 2529 878 ἑτέρου
2573 807 2707 879 πρὸς
2742 807 2929 877 ἕτερόν
2973 824 3027 859 τι
3083 806 3435 877 μετάστασιν.
3484 807 3573 870 Ὧς
3615 809 3745 861 ὅταν

484 914 642 983 pulus
667 914 759 985 qui
795 913 1069 968 creabitur
1107 910 1349 965 laudabit
1379 908 1663 963 Dominum
1687 908 1754 959 ”.
1791 926 1810 957 ο
1844 903 1910 957 Ει
1937 919 2057 958 rur-

2169 902 2291 972 λέγῃ
2334 901 2533 955 Δαὸίδο
2574 920 2592 951 ι
2638 900 2746 953 Καὶ
2792 899 2918 965 λαὸς
2948 900 2975 951 ὁ
3010 899 3351 969 κτιζόμενος,
3407 899 3612 952 αίνέσει
3656 901 3746 952 τὸν

484 1022 575 1061 sus
604 1024 618 1060 :
654 1023 673 1057 ι
702 1006 808 1059 Cor
838 1004 1091 1057 mundum
1117 1016 1240 1058 crea
1268 1002 1322 1055 in
1361 1015 1474 1063 me,
1506 999 1652 1053 Deus
1675 996 1741 1050 ”.
1781 1016 1798 1048 ι
1831 990 1894 1049 Et
1918 994 2057 1049 Pau-

2168 994 2384 1065 Κύριον.
2430 1013 2445 1046 ι
2486 994 2597 1047 Καὶ
2637 993 2834 1045 πάλινο
2892 1010 2910 1042 ι
2965 992 3211 1063 Καρδίαν
3260 991 3510 1062 καθαρὰν
3557 993 3745 1044 κτίσον

485 1098 567 1153 lus
610 1095 803 1150 alicubi
839 1096 905 1151 de
953 1094 1172 1150 Christo
1217 1094 1294 1146 ait
1326 1109 1339 1146 :
1376 1110 1395 1143 ι
1427 1090 1626 1160 Legem
1681 1088 2055 1143 mandatorum

2169 1088 2215 1139 ὲν
2250 1086 2396 1156 ἐμοὶ,
2425 1088 2453 1139 ὁ
2486 1085 2639 1148 Θεός.
2668 1104 2686 1137 ι
2722 1085 2779 1137 '0
2809 1084 2865 1137 δὲ
2905 1083 3115 1146 Παῦλός
3143 1084 3277 1154 φησί
3312 1100 3411 1136 που
3445 1083 3577 1152 περὶ
3616 1084 3746 1154 Χρι-

483 1189 714 1244 decretis
763 1200 1052 1250 evacuaus,
1099 1193 1158 1239 ut
1206 1187 1342 1238 duos
1385 1192 1535 1238 creet
1588 1182 1638 1235 in
1678 1180 1858 1248 seipso
1892 1193 2055 1232 unum

2168 1177 2284 1231 ποῦ
2307 1195 2321 1209 ο
2353 1196 2371 1228 ι
2412 1177 2516 1230 Τὸν
2540 1177 2700 1246 νόμον
2719 1174 2825 1228 τῶν
2856 1175 3081 1228 ἐντολῶν
3110 1176 3167 1227 ἐν
3196 1174 3431 1244 δόγμασι
3458 1178 3745 1244 καταργή-

482 1293 677 1332 novum
723 1278 991 1331 hominem
1014 1275 1081 1330 ".
1114 1293 1131 1326 ι
1169 1274 1233 1329 Et
1266 1288 1482 1328 rursum
1518 1290 1531 1327 :
1566 1290 1584 1322 ι
1622 1268 1921 1325 Iuduamini
1954 1282 2054 1322 no-

2165 1285 2276 1334 σας,
2313 1269 2398 1322 ἵνα
2447 1269 2578 1332 τοὺς
2628 1268 2721 1321 δύο
2761 1267 2921 1337 κτίσῃ
2970 1267 3029 1319 ἐν
3074 1264 3253 1335 ἑαυτῷ
3297 1268 3376 1329 είς
3423 1265 3742 1318 ἒνακαινὸν

479 1385 604 1423 vum
630 1370 905 1423 hominem
936 1377 1177 1421 creatum
1207 1363 1504 1421 secundum
1540 1362 1705 1417 Deum
1767 1362 1817 1415 in
1848 1359 2055 1429 justitia

2164 1360 2461 1430 ἄνθρωπον.
2525 1379 2543 1411 ι
2599 1360 2712 1412 Ka‘t
2761 1359 2956 1413 πάλιν·
3016 1377 3034 1410 ι
3108 1356 3431 1411 Ἐνδύσασθε
3479 1356 3573 1409 τὸν
3621 1358 3741 1409 νέον

478 1469 534 1515 ει
573 1460 861 1514 sanctitate
898 1458 1230 1513 veritatis".
1265 1475 1283 1508 ι
1322 1455 1482 1510 Certe
1528 1454 1694 1507 David
1746 1469 1851 1508 non
1884 1466 2055 1521 popu-

2158 1452 2442 1522 ἄνθρωπον
2490 1452 2581 1503 τὸν
2636 1451 2778 1504 κατά
2816 1450 2948 1503 Θεὸν
2996 1450 3285 1502 κτισθέντα
3319 1451 3373 1501 ἐν
3421 1447 3735 1518 δικαιοσύνῃ

478 1550 587 1603 Ιιιιιι
615 1550 901 1618 quemdam
935 1547 1228 1603 secundum
1250 1544 1544 1601 essentiam
1575 1544 1866 1598 creandum
1894 1541 2055 1613 signi-

2158 1546 2248 1599 καὶ
2284 1544 2522 1615 ὁσιότητι
2578 1544 2679 1613 τῆς
2730 1543 3006 1614 ἀληθείας.
3048 1560 3066 1593 ι
3106 1542 3215 1595 Καὶ
3251 1543 3312 1594 οὺ
3353 1543 3414 1610 δή
3471 1558 3572 1594 που
3608 1540 3735 1593 λαὸν

478 1640 678 1701 ﬁcavit.
718 1640 810 1694 sed
848 1654 914 1695 ex
942 1653 1128 1693 errore
1161 1637 1229 1693 ad
1272 1635 1630 1707 cognitionem
1680 1635 1771 1689 Dei
1816 1633 2053 1689 transla-

2157 1636 2255 1705 μέν
2279 1653 2402 1688 τινα
2431 1634 2551 1687 κατ’
2577 1634 2764 1687 οὐσίαν
2792 1632 3107 1703 κτιζόμενον
3142 1632 3437 1703 ἐσήμαινεν
3470 1633 3498 1684 ὁ
3536 1630 3700 1682 Δαϐίδ
3718 1645 3730 1661 ·

479 1740 611 1784 tum.
640 1723 825 1799 Neque
860 1730 1021 1784 etiam
1065 1727 1213 1783 aliud
1250 1736 1446 1797 praeter
1486 1727 1536 1780 id
1566 1726 1707 1795 quod
1743 1726 1927 1788 habet,
1960 1738 2055 1781 cor

2156 1726 2287 1781 ἀλλὰ
2338 1727 2427 1779 τὸν
2477 1728 2541 1779 ὲκ
2590 1725 2798 1795 πλάνης
2831 1726 2910 1787 είς
2943 1724 3238 1790 ἐπίγνωσιν
3271 1721 3405 1774 Θεοῦ
3445 1719 3733 1791 μετατιθέ-

474 1820 647 1874 creari
693 1821 743 1872 in
788 1833 849 1872 se
878 1818 1030 1887 petit,
1062 1816 1156 1871 sed
1213 1817 1281 1871 ad
1330 1816 1619 1885 puritatem
1661 1804 2051 1870 cordis‘trans-

2158 1836 2318 1889 μενον
2352 1819 2521 1887 λέγει.
2570 1816 2658 1870 Ἑν
2692 1816 2871 1885 ἑαυτῷ
2917 1816 2974 1869 δὲ
3027 1814 3306 1879 κτίζεσθαι
3353 1815 3581 1885 καρδίαν
3636 1815 3731 1882 οὐχ

478 1910 602 1964 ferri
635 1910 803 1978 cupit.
836 1908 1284 1978 Sapientissimus
1322 1916 1500 1962 autem
1532 1906 1753 1969 Paulus,
1785 1921 1889 1961 non
1914 1905 2050 1962 duos

2155 1877 2347 1980 έτέραν
2403 1877 2533 1979 παρ’
2570 1909 2636 1977 ῆν
2682 1877 3049 1976 εἶχενληξίου,
3091 1877 3206 1957 ἀλλ’
3256 1906 3333 1966 είς
3382 1877 3732 1972 καθαρότητα

478 1999 723 2053 homines
753 2000 804 2053 in
830 1999 1095 2053 unitatem
1126 1998 1425 2052 naturalem
1452 2012 1547 2067 per
1571 1996 1850 2052 Christum
1874 1999 2050 2053 creari

2153 2002 2321 2072 αὐτὴν
2357 1996 2769 2071 μεταποιεῖσθαι
2818 1997 3137 2068 παρεκάλει.
3191 1995 3250 2047 ’0
3296 1993 3353 2048 δέ
3389 2010 3452 2061 γε
3488 1994 3730 2061 σοφώτα-

476 2091 626 2154 dicit,
666 2090 738 2144 ita
773 2100 832 2145 ut
871 2089 1169 2145 exsistendi
1210 2089 1536 2160 principium
1580 2089 1913 2159 acciperent,
1957 2090 2051 2145 sed

2152 2110 2243 2157 τος
2291 2091 2524 2155 Παῦλος,
2578 2090 2637 2142 οὐ
2678 2088 2771 2141 δύο
2807 2088 2957 2150 τινας
2994 2087 3312 2157 ἀνθρώπους
3375 2088 3455 2148 είς
3500 2085 3728 2155 ἑνότητα

474 2182 730 2252 p0pulum
762 2181 1115 2237 lsraeliticum
1154 2192 1208 2235 et
1251 2190 1438 2251 gentes
1483 2181 1535 2235 in
1568 2181 1861 2235 novitatem
1903 2196 2051 2235 men-

2154 2184 2387 2255 φυσικὴν
2420 2180 2803 2245 άνακτίζεσθαι
2848 2179 2996 2253 λέγει
3029 2179 3115 2231 διὰ
3149 2178 3407 2249 Χριστοῦ,
3445 2178 3521 2242 ὡς
3555 2177 3728 2249 ἀρχὴν

478 2274 545 2328 tis
604 2273 879 2327 traductos
935 2272 1087 2337 dicit,
1145 2281 1309 2342 atque
1356 2271 1474 2327 illos
1530 2272 1749 2341 quidem
1812 2285 1841 2326 a
1896 2272 2049 2342 legali

2151 2276 2244 2330 τοῦ
2281 2270 2420 2329 εἶναι
2448 2272 2820 2343 λαμῦάνοντας
2844 2286 2857 2298 ⁸
2888 2270 3022 2325 ἀλλὰ
3048 2269 3175 2333 τούς
3203 2286 3261 2322 τε
3290 2270 3349 2335 ἐξ
3387 2268 3606 2339 Ἰσραὴλ
3635 2269 3727 2321 καὶ

473 2365 646 2429 cultu,
706 2363 805 2419 hos
838 2378 965 2418 vero
995 2364 1064 2418 ab
1092 2362 1292 2418 usitato
1327 2372 1383 2418 et
1417 2361 1670 2417 familiari
1706 2362 1837 2432 ipsis
1863 2376 2050 2419 errore

2150 2366 2276 2429 τοὺς
2306 2363 2365 2430 ἐξ
2391 2364 2560 2417 ἐθνῶν
2593 2363 2675 2424 είς
2702 2360 2999 2430 καινότητα
3027 2358 3253 2430 γνώμης
3291 2357 3725 2427 μεταποιηθήσε-

473 2457 754 2509 abductos.
806 2455 871 2508 Et
920 2469 1113 2509 rursus
1156 2468 1347 2510 omnes
1404 2453 1548 2510 indui
1576 2453 1731 2525 jubet
1778 2454 2049 2510 hominem

2156 2455 2278 2510 σθαι
2309 2454 2456 2523 λέγει
2477 2470 2490 2483 ·
2532 2454 2658 2518 τοὺς
2692 2454 2790 2523 μὲν
2828 2454 2969 2507 κατὰ
3001 2451 3163 2521 νόμον
3196 2451 3469 2522 λατρείας,
3514 2456 3642 2516 τοὺς
3672 2453 3726 2507 δὲ

474 2562 689 2612 novum,
716 2548 805 2617 qui
838 2546 1130 2602 secundum
1158 2545 1328 2602 Deum
1355 2555 1572 2603 creatus
1599 2557 1703 2602 est.
1740 2547 1904 2618 Atqui
1936 2561 2051 2602 ma-

2151 2549 2250 2618 τῆς
2298 2546 2596 2616 συντρόφου
2638 2544 2848 2615 πλάνης
2893 2542 3339 2613 ἐπιλαθομένους.
3397 2543 3509 2597 Καὶ
3565 2544 3726 2598 πάλιν

474 2638 728 2694 niicstum
781 2648 883 2701 est,
919 2637 1068 2692 illum
1103 2654 1211 2693 non
1259 2638 1534 2694 hominem
1583 2638 1819 2709 aliquem
1854 2646 2048 2695 secun-

2152 2638 2476 2693 ἐνδύσασθαι
2512 2640 2676 2691 πᾶσιν
2705 2639 2840 2708 ἡμῖν
2866 2635 3142 2689 ἐπιτάττει
3170 2635 3263 2711 τὸν
3306 2636 3487 2689 καινὸν
3517 2636 3727 2707 ἄνθρω-

474 2732 598 2785 dum
644 2732 937 2786 essentiam
990 2730 1191 2787 factum
1246 2729 1576 2799 signiﬁcare,
1623 2746 1781 2801 quem
1830 2731 2051 2787 induere

2154 2747 2254 2784 πον
2284 2732 2376 2783 τὸν
2412 2728 2554 2782 κατὰ
2582 2728 2714 2781 Θεὸν
2752 2726 3059 2780 κτισθέντα.
3099 2727 3208 2779 Καὶ
3252 2726 3409 2797 δῆλόν
3456 2728 3606 2779 ἐστιν
3651 2728 3726 2791 ὡς

472 2828 743 2886 Oporteat,
794 2822 886 2875 sed
937 2823 1107 2875 vitam
1136 2819 1287 2889 juxta
1332 2820 1547 2876 virtutis
1595 2836 1841 2876 normam
1896 2821 2049 2876 insti-

2149 2824 2250 2876 οὐκ
2296 2822 2581 2894 ἄνθρωπόν
2622 2837 2743 2875 τινα
2780 2821 2897 2873 κατ’
2932 2818 3117 2872 οὐσίαν
3151 2819 3411 2886 γεγονότα
3446 2818 3724 2889 σημαίνει,

473 2914 573 2978 tui,
620 2921 675 2966 et
730 2912 1062 2966 voluntatem
1114 2910 1407 2965 instaurari
1458 2920 1621 2981 atque
1666 2912 1934 2967 innovari.
1988 2911 2045 2966 Si

2151 2913 2209 2967 ὃν
2243 2913 2566 2967 ἐνδύσασθαι
2599 2912 2725 2983 χρὴ,
2763 2910 2898 2965 άλλὰ
2945 2910 3034 2963 τὸν
3067 2911 3186 2964 κατ’
3223 2910 3424 2981 ἀρετὴν
3468 2910 3583 2979 βίον
3632 2911 3728 2963 καὶ

471 3017 603 3071 ergo
633 3004 809 3057 creari
845 3017 949 3055 non
981 3016 1191 3070 semper
1222 3000 1377 3071 157
1422 3004 1712 3056 essentiam
1747 3002 2045 3071 signiﬁcat,

2149 3006 2238 3059 τὸν
2291 3004 2391 3074 τῆς
2446 3004 2820 3075 προαιρέσεως
2858 3002 3267 3072 ἀνακαινισμόν.
3322 3003 3385 3056 El
3440 3003 3618 3055 τοίνυν
3668 3000 3726 3055 τὸ

473 3108 635 3161 quam
669 3092 931 3147 rationem
977 3092 1159 3159 habet,
1201 3100 1295 3145 aut
1362 3092 1634 3161 quomodo
1677 3108 1781 3148 non
1827 3092 2044 3152 stultum

2150 3094 2431 3160 κτίζεσθαι
2464 3093 2523 3146 οὐ
2558 3094 2777 3156 πάντως
2806 3091 2902 3161 τὴν
2931 3092 3119 3145 οὐσίαν
3143 3091 3312 3162 δηλοῖ,
3340 3095 3488 3145 ποῖον
3523 3092 3588 3145 ἂν
3614 3092 3725 3163 ἔχοι

472 3180 667 3245 fuerit,
723 3182 789 3235 de
850 3182 915 3237 iis
950 3182 1166 3251 quidem
1224 3184 1315 3254 qui
1369 3198 1557 3239 revera
1611 3194 1874 3240 creatura:
1918 3195 2043 3241 sunt

2151 3187 2329 3254 λόγον,
2361 3185 2394 3257 ἢ
2434 3185 2553 3247 πῶς
2592 3184 2691 3237 οὐκ
2735 3183 2961 3252 ἀνόητον
3002 3185 3094 3237 ἐπὶ
3135 3184 3232 3254 μὲν
3264 3184 3373 3237 τῶν
3401 3185 3568 3248 ὅντως
3609 3203 3726 3238 κτιο

475 3282 618 3327 recte
649 3271 699 3325 id
735 3275 878 3341 quod
909 3275 1168 3343 scriptum
1203 3284 1289 3329 est
1313 3276 1581 3345 accipere,
1623 3277 1691 3331 de
1724 3275 1903 3332 Varbo
1935 3292 2045 3331 au-

2158 3277 2383 3348 σμάτων
2415 3276 2593 3348 ὀρθῶς
2629 3276 2689 3329 τὸ
2720 3276 3105 3347 γεγραμμένον
3151 3276 3486 3348 ἐκδέχεσθαι,
3524 3276 3617 3329 ἐπὶ
3668 3276 3723 3331 δὲ

476 3372 579 3415 tem
622 3361 741 3429 Dei,
773 3364 826 3417 in
856 3376 962 3431 quo
994 3362 1264 3433 pracipue
1303 3364 1355 3419 id
1383 3364 1659 3419 observari
1702 3374 1937 3434 oportet,
1971 3368 2048 3422 si-

2146 3368 2241 3422 τοῦ
2281 3368 2417 3422 Θεοῦ
2448 3368 2643 3437 Λόγου,
2690 3368 2775 3436 ἐφ’
2808 3362 2851 3435 ᾧ
2880 3367 2943 3438 δὴ
2981 3369 3215 3437 μάλιστα
3252 3369 3410 3422 τοῦτο
3456 3370 3720 3438 φυλάττε-

475 3458 643 3512 Iaistre
696 3458 796 3513 hoc
827 3457 1213 3526 interpretari?
1248 3477 1267 3510 ι
1310 3459 1566 3514 Dominus
1613 3460 1795 3526 enim,
1836 3461 2046 3529 inquit,

2150 3462 2271 3515 σθαι
2292 3460 2417 3533 χρὴ,
2440 3458 2617 3531 σαθρὰ
2641 3459 2894 3522 νοοῦντας
2919 3459 3288 3530 εὐρίσκεσθαι;
3312 3478 3328 3510 ι
3356 3458 3559 3530 Κύριος
3593 3459 3721 3530 γὰρ,

472 3550 679 3604 creavit
714 3565 817 3617 me,
848 3570 867 3602 ι
907 3565 1082 3620 neque
1112 3550 1163 3605 in
1196 3550 1299 3606 hoc
1332 3552 1520 3617 verbo,
1546 3570 1565 3603 ι
1598 3554 1823 3620 creavit,
1864 3571 1883 3605 ι
1916 3553 2045 3609 dicti

2148 3554 2333 3625 φησὶν,
2360 3553 2543 3606 ἔκτισε
2573 3569 2641 3623 με
2663 3568 2677 3580 ⁸
2706 3571 2724 3604 ι
2760 3551 2855 3604 καὶ
2874 3551 2936 3603 οὐ
2966 3551 3127 3621 μέχρι
3151 3550 3267 3614 τοῦ,
3298 3568 3317 3601 ι
3356 3550 3538 3605 ἔκτισέ
3572 3568 3663 3621 με,
3699 3570 3718 3605 ι

476 3641 584 3695 vim
613 3641 781 3706 sistit,
815 3642 909 3696 sed
955 3641 1124 3708 addit,
1183 3660 1203 3693 ι
1233 3642 1444 3696 initium
1478 3643 1684 3697 viarum
1726 3658 1945 3697 suarum
1990 3643 2045 3698 in

2146 3644 2240 3699 τοῦ
2270 3644 2428 3714 λόγου
2476 3644 2575 3715 τὴν
2607 3643 2839 3712 δύναμιν
2883 3641 3116 3712 ἵστησιν,
3160 3640 3299 3695 ἀλλὰ
3346 3642 3721 3714 προστίθησιν,

472 3745 634 3799 opera
662 3732 777 3799 ejus
809 3748 827 3782 ι
871 3731 1099 3795 creavit,
1131 3742 1187 3785 et
1218 3744 1324 3786 non
1349 3732 1420 3787 ad
1450 3732 1913 3808 essetraducens,
1949 3735 2045 3789 sed

2145 3738 2227 3791 ὅτι
2267 3754 2285 3788 ι
2321 3737 2497 3808 ἀρχὴν
2527 3724 2663 3789 ὅδῶν
2684 3732 2849 3789 αὐτοῦ
2882 3752 2901 3787 ι
2935 3736 3015 3797 εἰς
3042 3733 3179 3804 ἔργα
3205 3734 3368 3788 αὑτοῦ
3397 3734 3600 3799 ἔκτισε,
3631 3736 3720 3788 καὶ

472 3820 682 3876 creavit
711 3822 921 3876 initium
947 3822 1151 3876 viarum
1181 3838 1399 3877 suarum
1435 3823 1487 3877 in
1514 3838 1677 3894 opera
1707 3822 1855 3893 ejus;
1901 3827 2045 3896 quod

2145 3828 2246 3883 οῦκ
2286 3830 2367 3893 είς
2409 3828 2470 3882 τὸ
2525 3824 2663 3881 εἶναι
2715 3826 3074 3899 παραγαγὼν,
3123 3825 3238 3879 ἀλλ’
3285 3826 3494 3879 ἔκτισεν
3547 3827 3722 3897 ἀρχὴν

476 3912 549 3964 ita
602 3912 871 3981 intelliges
906 3912 1070 3967 :Vim
1124 3913 1315 3983 legalis
1370 3928 1398 3967 a
1426 3912 1624 3975 Iudaeis
1672 3915 1967 3982 colebatur,
2014 3929 2045 3970 a

2146 3919 2280 3974 ὁδῶν
2316 3918 2480 3972 αὑτοῦ
2510 3920 2589 3982 είς
2618 3917 2755 3988 ἔργα
2798 3916 2963 3970 αὑτοῦ
2985 3932 2999 3947 ’
3037 3917 3173 3987 ὅπερ
3207 3916 3349 3970 οὕτω
3378 3918 3612 3988 νοήσεις.
3660 3918 3720 3970 Ἣ

474 4000 725 4070 gentibus
754 4016 882 4057 vero
923 4001 1031 4055 vita
1078 4002 1370 4057 secundum
1405 4002 1671 4071 justitiam
1707 4006 1856 4060 nullo
1890 4008 2046 4061 modo

2148 4011 2291 4067 κατὰ
2326 4010 2489 4080 νόμον
2523 4010 2766 4063 πολιτεία
2803 4008 3091 4080 ἐτετίμητο
3116 4008 3214 4078 μὲν
3245 4008 3395 4079 παρὰ
3430 4012 3540 4072 τοῖς
3594 4008 3719 4061 Ἴον·

475 4091 922 4159 cognoscebatur.
960 4089 1190 4146 Verbum
1232 4092 1415 4163 itaque
1438 4094 1531 4148 Dei
1569 4092 1770 4150 factum
1796 4105 1899 4162 est,
1932 4097 2046 4153 sive

2148 4103 2335 4169 δαίοις,
2366 4102 2519 4173 παρὰ
2554 4102 2611 4156 δὲ
2647 4104 2758 4165 τοῖς
2808 4100 3015 4153 ἔθνεσιν
3057 4099 3167 4154 οὐδ’
3198 4100 3334 4164 ὅλως
3382 4103 3408 4154 ὁ
3458 4102 3600 4154 κατὰ
3644 4103 3725 4157 δι-

475 4192 714 4237 creatum
759 4189 862 4246 est,
909 4197 1059 4248 caro,
1096 4185 1197 4239 hoc
1242 4195 1325 4239 est
1366 4186 1548 4251 homo,
1585 4196 1643 4243 ut
1687 4188 1895 4243 initium
1928 4204 2045 4244 vna-

2147 4194 2442 4266 καιοσῦνην
2470 4194 2583 4264 βίος
2607 4191 2956 4262 ἐγινώσκετο.
2985 4191 3176 4260 Γέγονε
3208 4192 3407 4257 τοίνυν,
3440 4193 3558 4263 ἦτοι
3580 4194 3724 4246 ἐκτί-

475 4287 593 4326 rum
625 4273 831 4326 Domini
869 4282 923 4327 et
959 4288 1180 4344 operqu
1209 4275 1329 4346 ejus
1352 4279 1604 4334 omnibus
1630 4279 1954 4334 inveniatur.
1984 4279 2040 4336 In

2152 4287 2273 4357 σθη,
2312 4286 2450 4358 σὰρξ
2488 4287 2518 4338 ὁ
2550 4284 2643 4338 τοῦ
2682 4283 2816 4338 Θεοῦ
2861 4283 3051 4350 Λόγος,
3089 4282 3366 4336 τουτέστιν
3412 4282 3717 4353 ἄνθρωπος.

478 4365 652 4431 primo
700 4362 842 4418 enim
890 4363 1108 4419 Christo
1148 4369 1457 4437 evangelica
1500 4372 1608 4425 vita
1654 4370 1870 4427 eﬁ‘ulsit.
1917 4372 2045 4428 V325

2148 4378 2237 4430 ἵνα
2265 4378 2359 4431 καὶ
2384 4375 2526 4447 ἀρχὴ
2557 4374 2665 4429 τῶν
2699 4374 2834 4429 ὁδῶν
2866 4373 2959 4426 τοῦ
3001 4372 3207 4445 Κυρίου
3257 4375 3347 4427 καὶ
3392 4374 3501 4428 τῶν
3546 4375 3721 4445 ἔργων

476 4463 655 4508 autem
705 4463 759 4507 et
793 4470 954 4523 opera
996 4456 1229 4525 Domini,
1274 4461 1402 4528 quid
1451 4461 1594 4516 aliud
1646 4477 1766 4519 esse
1818 4478 2043 4519 censea-

2149 4467 2313 4524 αὐτοῦ
2372 4468 2538 4520 πᾶσιν
2590 4464 2810 4537 εὑρεθῇ.
2865 4466 2953 4520 Ἐν
3012 4466 3121 4536 γὰρ
3178 4465 3378 4537 πρώτῳ
3424 4466 3647 4537 Χριστῷ
3693 4468 3719 4519 ό

476 4559 618 4607 nius,
664 4559 825 4614 quam
869 4557 1136 4618 praecepta
1180 4551 1329 4617 eius?
1357 4566 1479 4621 quae
1522 4562 1843 4622 pmstantes
1881 4564 2045 4625 atque

2154 4559 2504 4629 εὐαγγελικὺς
2530 4557 2807 4628 ἀνέλαμψε
2838 4558 2969 4629 βίος.
3023 4558 3209 4621 Ὁδοὺς
3232 4558 3289 4610 δὲ
3324 4558 3417 4611 καί⁵
3454 4558 3591 4631 ἔργα
3615 4561 3717 4612 Κυ-

474 4645 832 4704 exsequentes
869 4637 1034 4691 veluti
1081 4638 1266 4696 multis
1304 4656 1369 4696 ac
1394 4643 1562 4699 variis
1608 4645 1713 4699 viis
1756 4645 1823 4698 ad
1870 4646 2043 4714 ipsum

2154 4654 2291 4728 ρίου,
2325 4652 2378 4705 τί
2406 4650 2513 4722 χρὴ
2538 4652 2677 4703 νοεῖν
2702 4649 2907 4719 ἓτερον,
2938 4649 2973 4719 ἢ
3004 4648 3221 4711 πάντως
3249 4648 3350 4711 τὰς
3379 4648 3600 4713 ἐντολὰς
3627 4650 3712 4702 αῦ-

476 4726 836 4795 procedimus.
879 4728 1032 4794 Quod
1076 4743 1205 4785 vero
1238 4745 1406 4802 opera
1444 4733 1702 4788 eximiam
1749 4745 1803 4789 et
1838 4746 2042 4791 rectam

2151 4726 2284 4811 τοῦ;
2337 4743 2515 4815 ἇσπερ
2566 4741 2935 4805 ἐπιτελοῦντες
2980 4742 3073 4794 καὶ
3116 4740 3494 4812 ἐργαζόμενοι,
3532 4740 3718 4813 ὥσπερ

473 4817 639 4871 vitam
668 4817 998 4886 signiﬁcent,
1024 4830 1077 4874 et
1101 4831 1379 4892 praecepta
1412 4823 1527 4888 Dei,
1565 4826 1686 4879 audi
1723 4827 1851 4895 quid
1889 4842 2043 4882 sacra

2150 4837 2237 4892 διὰ
2265 4835 2476 4890 πολλῶν
2500 4835 2594 4889 καὶ
2614 4834 2863 4905 ποικίλης
2892 4831 3010 4887 ὁδοῦ
3040 4832 3326 4904 βαδίζομεν
3363 4832 3500 4904 πρὸς
3532 4832 3714 4887 αὐτόν.

476 4907 754 4978 Scriptura
791 4910 936 4966 dicat
966 4930 980 4965 :
1014 4930 1034 4964 ι
1071 4911 1160 4967 Vas
1195 4915 1285 4982 qui
1322 4914 1527 4969 faciunt
1552 4931 1713 4987 Opera
1745 4918 1836 4973 Dei
1869 4919 2040 4990 negli-

2154 4931 2275 4982 Ὅτι
2322 4928 2379 4981 δὲ
2425 4927 2494 4980 τὰ
2524 4926 2660 4997 ἔργα
2697 4924 2788 4979 τὸν
2832 4922 3111 4994 ἐξαίρετον
3150 4924 3400 4995 σημαίνει
3442 4923 3576 4996 βίον,
3629 4925 3717 4976 καὶ

476 5010 662 5070 genter
683 5001 773 5057 "'.
812 5021 832 5056 ι
874 5003 1072 5060 Beatus
1111 5015 1290 5061 autem
1322 5006 1486 5061 David
1521 5020 1783 5079 praecepta
1826 5010 1921 5066 Dei
1950 5027 2045 5080 ap-

2150 5021 2219 5075 τὰ
2250 5019 2647 5091 προστάγματα
2687 5016 2779 5071 τοῦ
2828 5016 2987 5081 Θεοῦ,
3036 5015 3199 5070 ἄκουε
3246 5015 3299 5068 τί
3332 5018 3559 5086 φησινή
3604 5015 3716 5069 θεία

477 5092 680 5162 pcllans
725 5096 862 5165 vias,
914 5098 986 5153 ita
1032 5100 1341 5155 exclamat:
1379 5118 1399 5152 ι
1432 5100 1560 5157 Vias
1606 5111 1747 5166 tuas,
1799 5105 2041 5171 Domine,

2150 5114 2371 5185 Γραφή·
2413 5130 2432 5162 ι
2481 5111 2616 5165 Οὐαὶ
2643 5111 2693 5164 οἱ
2738 5108 3020 5172 ποιοῦντες
3066 5106 3135 5161 τὰ
3171 5106 3306 5178 ἔργα
3341 5107 3545 5176 Κυρίου
3583 5107 3715 5175 ἁμε-

479 5198 633 5243 notas
673 5189 756 5244 l'ac
787 5192 940 5258 mihi,
975 5203 1028 5248 et
1058 5194 1286 5249 semitas
1310 5203 1430 5251 tuas
1455 5196 1587 5251 doce
1620 5212 1703 5253 me
1722 5200 1785 5253 ὀ.
1823 5217 1841 5250 ι

2149 5206 2277 5270 λῶς.
2316 5223 2335 5256 ι
2382 5205 2443 5257 ὐ
2475 5202 2531 5257 δὲ
2567 5203 2834 5273 μακάριος
2860 5200 3045 5266 Δαὸὶδ,
3083 5199 3233 5263 ὀδοὺς
3264 5193 3402 5252 εἶναι
3428 5199 3600 5267 λέγων
3623 5197 3714 5260 τὰς

475 5277 709 5345 ἐντολὰς,
750 5283 1178 5356 ἁναφθέγγεται·
1228 5306 1248 5341 ι
1308 5288 1420 5353 Τὰς
1466 5288 1617 5354 ὁδούς
1671 5308 1784 5356 σου,
1839 5295 2038 5367 Κυριε,
2073 5299 2335 5372 γνώρισόν
2402 5314 2512 5367 μοι,
2564 5297 2654 5351 καὶ
2696 5296 2794 5359 τὰς
2834 5293 3056 5362 τρίδους
3084 5310 3175 5346 σου
3208 5292 3416 5357 δίδαξάν
3460 5310 3546 5363 με·
3590 5312 3608 5343 ⁸

1072 5420 1221 5477 Idem
1264 5423 1438 5478 aliter.

2659 5431 2891 5495 Ἄλλως
2928 5430 2991 5481 τὸ
3024 5429 3188 5485 αὐτό.

552 5572 571 5607 ι
603 5556 861 5613 Dominus
888 5561 1091 5616 creavit
1126 5576 1211 5616 me
1237 5561 1446 5616 initium
1481 5562 1691 5616 viarum
1727 5577 1950 5618 suarum
1979 5564 2035 5618 in

2227 5588 2247 5621 σ
2293 5565 2496 5638 Κύριος
2540 5565 2721 5621 ἕκτισέ
2776 5584 2841 5637 με
2879 5566 3053 5637 ἀρχὴν
3095 5564 3228 5618 ὁδῶν
3264 5563 3431 5618 αὑτοῦ
3470 5566 3549 5626 εἰς
3587 5561 3711 5634 ἔργα

476 5662 638 5720 opera
688 5650 875 5721 ipsius.
904 5670 925 5705 ι
976 5652 1209 5709 Verbum
1248 5653 1369 5721 hoc,
1414 5673 1433 5706 ι
1464 5655 1693 5723 creavit,
1729 5674 1748 5709 ι
1801 5671 1905 5712 ηοιι
1954 5672 2040 5713 εες

2149 5657 2336 5712 αὐτοῦ.
2386 5676 2404 5709 ι
2443 5658 2538 5722 Τὸ,
2588 5676 2605 5707 ι
2658 5658 2889 5722 ἔκτισεν,
2936 5677 2951 5707 ι
2995 5658 3053 5710 οὺ
3103 5655 3243 5709 κατὰ
3274 5655 3370 5726 τῆς
3411 5654 3599 5718 οὐσίας
3627 5652 3712 5705 τοῦ

544 5810 589 5841 η
611 5808 747 5936 Pial.
776 5824 853 5878 CI,
886 5809 970 5866 l9.
1042 5807 1247 5866 "Psal.
1270 5825 1322 5877 1.,
1347 5809 1432 5865 I2.
1503 5809 1761 5882 “Ephes.
1791 5826 1851 5875 It,
1877 5810 1963 5865 15.

476 5897 625 5937 xxiv.
688 5923 701 5937 .

2131 5811 2158 5842 "
2203 5811 2400 5883 Ephes.
2450 5828 2525 5879 Iv,
2578 5813 2669 5868 24.
2775 5812 2843 5846 ’⁸⁵
2880 5812 3079 5870 Jercm.
3118 5826 3303 5880 xum,
3338 5812 3421 5867 l0.
3499 5812 3546 5845 “
3572 5810 3708 5868 Psal.
