3994 6324
472 449 575 501 267

1466 444 1527 499 S.
1576 441 1854 498 CYRILLI
1897 439 2369 496 ALEXANDRINI
2409 440 2726 497 ARCIIIEP.

3620 433 3729 491 968

470 565 576 619 erit
606 587 617 621 :
651 579 739 621 aut
780 583 821 619 ει
854 580 990 633 opus
1024 576 1079 618 et
1124 574 1371 619 creatura
1418 574 1521 630 est,
1550 563 1702 633 juxta
1738 579 1855 625 vos,
1890 564 2029 632 geni-

2147 564 2429 632 φεύξεται,
2459 566 2492 634 ἢ
2523 566 2733 633 ποίημα
2780 562 2873 614 καὶ
2908 560 3111 629 κτίσμα
3144 558 3264 610 καθ’
3307 557 3447 625 ὑμᾶς
3496 554 3591 617 ὢν,
3625 554 3727 606 οὐκ

471 671 557 715 tus
603 675 630 713 a
680 657 839 712 Patre
889 672 998 711 non
1051 656 1177 711 erit.
1229 656 1395 710 Nemo
1442 657 1586 710 enim
1636 670 1867 723 unquam
1912 670 2047 725 opus

468 766 620 803 suum
662 748 912 818 genimen
942 757 995 803 et
1042 748 1211 801 lilium
1255 757 1428 801 Vocat.
1461 746 1592 801 Cum
1639 760 1765 799 Vero
1799 746 2043 815 genimen

468 842 559 904 sit,
594 840 762 895 Filius
790 856 920 911 ergo
949 851 1003 895 et
1043 855 1146 895 non
1179 850 1427 895 creatura
1462 838 1792 893 censebitur.

770 949 997 1012 ALIUD;
1034 952 1087 1002 in
1126 949 1359 1002 eamdem
1401 950 1735 1003 sententiam.

538 1061 702 1115 Sacra
735 1062 1014 1131 Scriptura
1058 1070 1217 1117 vocat
1244 1062 1480 1118 Verbum
1522 1064 1636 1126 Dei,
1674 1062 2038 1133 Uuigcnitum.

466 1152 519 1207 Si
557 1168 684 1222 ergo
732 1152 832 1207 hoc
877 1164 981 1217 εει,
1030 1155 1303 1222 quomodo
1335 1156 1548 1209 censeri
1605 1156 1777 1221 possit
1826 1164 2039 1209 creatus

463 1260 586 1298 esse
634 1245 928 1299 secundum
976 1246 1265 1299 essentiam
1317 1244 1371 1298 iu
1424 1246 1744 1315 principium
1788 1246 2037 1311 aliorum,

462 1350 599 1403 quius
633 1345 822 1388 auctor
858 1334 1277 1390 Proverbiorum
1306 1346 1464 1391 vocat
1489 1336 1642 1391 vias?
1671 1337 1802 1391 Nam
1843 1337 1887 1391 si
1917 1352 2037 1391 om-

464 1427 592 1480 nino
638 1426 760 1481 aliis
813 1436 1227 1491 annumeratur,
1276 1439 1438 1497 atque
1484 1426 1788 1499 aliquorum
1839 1428 2037 1497 princi-

463 1519 607 1588 pium
640 1528 744 1585 εει,
790 1528 940 1572 certe
972 1533 1096 1586 pars
1137 1518 1303 1575 totius
1334 1519 1577 1589 corporis
1614 1519 1796 1584 fuerit,
1828 1530 1884 1574 et
1930 1535 2036 1574 non

460 1609 564 1662 erit
597 1607 929 1677 unigenitus,
975 1623 1097 1663 cum
1135 1606 1334 1665 multos
1359 1620 1619 1680 pra-terea
1658 1611 1855 1666 habeat
1902 1626 2034 1679 quo-

464 1713 583 1751 rum
616 1697 937 1768 principium
967 1707 1209 1765 creatum
1241 1713 1299 1753 se
1328 1714 1449 1755 esse
1480 1698 1631 1755 dicit.
1661 1700 1719 1755 Si
1746 1701 1888 1755 enim
1924 1703 2032 1770 pri-

462 1792 589 1865 mus
608 1781 837 1845 aliorum
868 1801 973 1857 est,
1008 1790 1241 1865 nouerit
1274 1792 1479 1865 iilcirco
1508 1794 1673 1847 solus.
1703 1792 2032 1862 Principium

457 1864 600 1937 enim
634 1868 885 1954 alicujus,
912 1864 1125 1938 tametsi
1164 1881 1229 1950 iis
1252 1864 1369 1950 quae
1397 1881 1514 1954 post
1543 1884 1715 1952 ipsum
1741 1873 1869 1938 sunt
1896 1882 2032 1937 tein-

461 1987 589 2039 μοι-ε
618 1967 786 2041 prius
806 1973 897 2037 sit,
959 1972 1119 2043 159
1148 1974 1251 2027 erit
1280 1983 1453 2027 tamen
1481 1990 1546 2029 ex
1571 1988 1756 2029 cormn
1784 1989 2031 2037 numero,

458 2063 621 2133 atque
652 2063 784 2118 adeo
817 2063 946 2132 ipsis
978 2077 1287 2135 cognatum.
1339 2067 1497 2133 Atqui
1528 2064 1719 2120 Ruben
1752 2066 1922 2121 factus
1950 2064 2036 2120 εει

464 2154 785 2224 principium
816 2154 1048 2209 ﬁliorum
1077 2154 1269 2223 Jacob,
1303 2158 1396 2211 sed
1431 2173 1535 2211 ttOn
1560 2157 1761 2211 idcirco
1791 2159 2035 2227 unigeni-

458 2259 568 2311 tus,
610 2262 781 2315 neque
816 2247 883 2300 ab
933 2261 1120 2300 eorum
1161 2248 1253 2316 qui
1302 2248 1632 2316 posteriores
1675 2258 1852 2314 erant,
1903 2252 2032 2304 sub-

457 2338 658 2390 stantia
699 2336 927 2390 alicnus.
959 2337 1017 2390 Si
1050 2352 1179 2406 ergo
1210 2337 1441 2393 Verbum
1475 2339 1794 2407 principium
1820 2340 2030 2409 aliquo-

458 2444 575 2482 rum
621 2440 862 2482 creatum
916 2437 1021 2489 est,
1072 2443 1245 2495 neque
1293 2428 1601 2498 unigenitus
1634 2428 1823 2493 fuerit,
1858 2444 2031 2498 neque

459 2521 669 2573 ratione
709 2531 912 2572 natura:
960 2522 1026 2573 ab
1058 2519 1124 2573 iis
1168 2534 1399 2589 quorum
1455 2530 1539 2575 est
1582 2521 1902 2591 principium
1949 2522 2031 2576 di-

458 2627 669 2676 versus,
700 2622 861 2680 atque
894 2613 965 2665 ita
994 2612 1260 2665 creaturis
1290 2612 1756 2669 annumerabitur.
1794 2613 1858 2667 Et
1883 2629 2030 2666 uten-

458 2705 622 2758 tietur
648 2704 863 2770 quidem
904 2702 1063 2757 Pater
1098 2704 1288 2757 Filium
1324 2706 1500 2774 ipsum
1529 2720 1760 2771 vocans;
1807 2707 2031 2761 mentie-

460 2804 547 2847 tur
599 2796 761 2848 etiam
818 2794 1009 2846 beatus
1058 2793 1298 2848 Joannes
1345 2796 1570 2850 dicens:
1608 2814 1625 2846 ι
1660 2796 1715 2850 lu
1768 2798 2031 2866 principio

457 2896 575 2941 erat
609 2885 841 2940 Verbum
865 2885 933 2938 ν’.
988 2906 1005 2936 ι
1041 2884 1320 2951 Quomodo
1365 2887 1508 2940 cnim
1548 2897 1687 2953 erat,
1737 2888 1782 2942 si
1830 2888 2027 2943 factum

459 2976 580 3032 est?
623 2978 726 3029 Aut
758 2979 1026 3045 qttutnodu
1066 2976 1207 3031 Deus
1252 2986 1370 3031 erat
1399 2975 1655 3043 Verbum,
1706 2980 1750 3033 si
1786 2991 2026 3034 creatum

455 3067 577 3121 est?
610 3067 715 3120 Aut
741 3068 1014 3135 quomodo
1045 3067 1115 3121 sit
1155 3068 1440 3131 Dominus,
1478 3068 1567 3136 qui
1599 3084 1701 3123 una
1732 3085 1853 3123 cum
1904 3070 2026 3125 aliis

457 3171 515 3214 ut
544 3176 732 3214 servus
775 3160 947 3213 factus
981 3172 1063 3212 est
1111 3168 1165 3213 et
1217 3175 1342 3228 pars
1376 3160 1644 3216 universas
1700 3163 2030 3217 creationis?

458 3252 563 3305 Sed
610 3252 707 3305 hoc
736 3252 1026 3304 absurdum
1068 3258 1171 3304 cst.
1201 3248 1333 3303 Illud
1359 3251 1556 3321 itaque,
1601 3271 1619 3303 ι
1651 3255 1874 3313 creavit,
1905 3274 1922 3305 ι
1956 3256 2021 3308 ad
2055 3282 2100 3343 ο

456 3345 747 3399 εεεειιιίιιιιι
782 3344 1117 3397 referendum
1153 3356 1259 3395 non
1291 3357 1396 3396 εει.

1128 3434 1353 3490 ALIUD.

526 3549 606 3610 Si,
649 3562 743 3617 per
782 3562 896 3611 vos,
936 3547 1103 3603 Filius
1151 3552 1444 3604 secundum
1477 3552 1766 3604 essctttimt
1812 3564 2028 3608 creatus

451 3650 557 3703 εει,
592 3639 911 3709 principium
960 3641 1287 3709 reliquorum
1327 3643 1627 3707 exsistens,
1663 3654 1716 3695 ut
1766 3646 2023 3713 scriptum

453 3743 557 3799 est,
596 3733 866 3803 quomodo
915 3733 1170 3801 prta-ditus
1215 3742 1300 3786 cst
1356 3732 1605 3787 facultate
1649 3734 1892 3800 creandi,
1932 3745 2024 3787 aut

454 3826 723 3894 quomodo
758 3823 983 3877 aliorum
1015 3833 1227 3876 creator
1269 3822 1442 3876 factus
1465 3824 1588 3877 est?
1614 3822 1845 3879 Necesse
1881 3825 2024 3879 enim

458 3927 562 3979 est,
614 3922 671 3968 ut.
720 3916 769 3968 id
820 3915 961 3982 quod
1011 3913 1238 3981 alicujus
1270 3914 1593 3984 principium
1630 3926 1734 3983 est,
1784 3916 2024 3985 ejusdem

453 4006 769 4061 substantiae
816 4006 887 4058 sit
937 4020 1059 4057 cum
1109 4015 1219 4058 toto
1262 4006 1411 4074 cujus
1452 4007 1774 4076 principium
1819 4018 1919 4062 est.
1968 4007 2025 4063 Si

453 4112 583 4165 ergo
632 4095 821 4158 Filius,
878 4110 998 4148 cum
1051 4095 1119 4148 sit
1160 4108 1431 4159 creatura,
1470 4098 1685 4152 creandi
1718 4097 2024 4154 facultatem

454 4186 634 4248 habet,
684 4184 960 4238 habebunt
996 4184 1093 4237 hoc
1141 4193 1195 4239 ει
1239 4186 1458 4254 reliquae
1498 4197 1781 4251 creaturae,
1813 4189 2021 4243 tametsi

452 4293 549 4345 per
576 4273 769 4329 Filium
806 4275 962 4329 facta:
994 4276 1129 4339 sint,
1179 4286 1233 4335 et
1277 4288 1465 4331 natura
1500 4280 1762 4333 creatrice
1789 4283 2025 4349 pracditte

452 4377 629 4421 erunt.
676 4365 820 4419 Nihil
857 4367 1036 4435 itaque
1081 4367 1309 4434 amplius
1358 4370 1461 4421 erit
1509 4369 1562 4421 in
1609 4369 1719 4423 Deo
1771 4385 1933 4439 quam
1968 4372 2019 4424 iu

451 4458 737 4511 creaturis.
783 4456 839 4511 Si
877 4472 1006 4511 vero
1045 4473 1150 4510 non
1198 4469 1283 4511 est
1327 4460 1644 4527 principium
1697 4460 2022 4528 reliquarum

450 4559 847 4608 crcaturarmn,
881 4558 937 4600 ut
968 4559 1216 4602 creatura
1267 4551 1429 4603 etiam
1464 4553 1573 4617 ipse
1604 4568 1616 4603 :
1648 4550 1814 4606 Filius
1847 4553 2025 4622 itaque

451 4650 533 4694 est
561 4639 885 4709 unigenitus.

628 4750 863 4814 ALIUD,
905 4768 998 4820 per
1042 4751 1393 4806 reductiona":
1432 4755 1502 4805 ad
1538 4756 1845 4810 absurdum.

524 4885 545 4920 ι
574 4866 831 4920 Dominus
857 4866 1063 4919 creavit
1089 4882 1173 4919 me
1206 4867 1526 4935 principium
1562 4871 1771 4921 viarum
1803 4885 2019 4923 suarum

451 4963 503 5014 in
535 4974 699 5029 opera
742 4959 933 5027 ipsius.
968 4977 987 5009 ι
1028 4957 1083 5011 Si
1126 4960 1247 5027 quis
1276 4962 1663 5015 contentiosius
1701 4963 1901 5015 dictum
1936 4964 2016 5016 iu-

452 5053 670 5119 quirere
716 5050 865 5111 velit,
912 5050 1181 5103 malitiose
1226 5051 1370 5105 dicet
1402 5070 1414 5105 ι
1446 5052 1501 5106 Si
1549 5054 1755 5120 primus
1804 5066 2019 5109 creatus

451 5153 555 5204 εει,
617 5140 899 5208 factusque
944 5150 1027 5195 est
1070 5141 1416 5209 principium,
1465 5153 1519 5196 ut
1568 5159 1662 5199 vos
1705 5148 2022 5213 Opinamini,

452 5230 723 5298 quomodo
754 5228 805 5281 in
838 5243 1000 5297 opera
1040 5230 1290 5283 creatur?
1333 5230 1447 5285 Non
1477 5232 1620 5285 enim
1650 5234 1786 5288 dixit
1814 5253 1826 5289 :
1860 5235 2023 5289 Crea-

451 5325 528 5375 vit
564 5336 648 5374 me
684 5320 960 5383 Dominus,
1011 5335 1069 5373 ut
1103 5321 1295 5376 faciam
1339 5338 1503 5392 opera
1545 5325 1737 5393 ipsius,
1775 5330 1891 5393 sed,
1917 5347 1933 5379 ι
1967 5331 2017 5381 in

449 5426 613 5481 opera
641 5410 828 5480 ipsius.
861 5431 879 5462 ι
914 5409 1047 5463 Nam
1083 5414 1234 5481 quasi
1262 5415 1372 5483 jam
1406 5418 1717 5473 constitutis
1745 5421 2013 5488 operibus,

450 5515 688 5558 creatum
729 5518 788 5558 se
819 5505 947 5557 dicit
995 5506 1045 5558 in
1097 5522 1181 5560 ea.
1226 5508 1375 5572 Quod
1415 5511 1457 5562 si
1495 5510 1564 5563 ita
1599 5522 1705 5575 est,
1751 5515 2017 5579 quomodo

449 5596 626 5649 adhuc
671 5595 877 5664 primus
924 5608 1029 5661 est,
1064 5600 1331 5653 secundus
1378 5612 1495 5668 pust
1532 5603 1617 5654 illa
1666 5601 1879 5656 factus?
1913 5606 2017 5658 Aul

450 5685 719 5755 quomodo
749 5686 818 5739 sit
853 5686 1173 5757 principium
1212 5691 1459 5755 aliorum,
1493 5694 1580 5761 qui
1613 5704 1811 5760 postea
1839 5695 2010 5749 factus

518 5837 562 5869 ³³⁵
598 5834 752 5893 Joan.
786 5853 825 5907 ι,
864 5840 915 5895 l.

1740 5920 1945 5940 Ἤ

2054 4627 2101 4683 ι)

2152 657 2219 710 ἂν
2272 656 2358 726 εἴη
2421 657 2682 725 γέννημα.
2735 653 2921 715 Οὐδεὶς
2969 653 3076 721 γὰρ
3136 650 3351 703 πώποτε
3408 648 3468 699 τὸ
3527 646 3725 700 ἑαυτοῦ

2150 749 2365 821 ποίημα
2394 749 2641 817 γέννημα.
2672 746 2764 798 καὶ
2795 746 2907 798 υἱὸν
2941 743 3221 811 ἀποκαλεῖ.
3270 739 3486 808 Ἐπειδὴ
3514 740 3570 791 δὲ
3603 738 3725 805 γέν-

2150 843 2298 911 νημα
2329 844 2495 902 ἐστιν,
2533 840 2659 902 Υἱὸς
2693 838 2801 908 ἄρα
2836 838 2930 889 καὶ
2959 837 3032 889 οὐ·
3058 835 3271 904 ποίημα
3304 831 3649 903 νοηθήσεται.

2624 952 2823 1017 ΑΛΛΟ,
2862 953 2951 1015 εὶς
2981 948 3046 1004 τὸ
3080 949 3247 1002 αὑτό.

2218 1066 2495 1135 Μονογενῆ
2545 1065 2633 1117 τὸν
2680 1062 2773 1116 τοῦ
2822 1062 2959 1116 θεοῦ
3011 1062 3183 1128 Λόγον
3225 1061 3280 1113 αἱ
3318 1057 3456 1111 Οείαι
3497 1054 3728 1109 καλοῦσι

2147 1160 2381 1231 Γραφαί.
2421 1160 2481 1211 Εἰ
2511 1157 2691 1210 τοίνυν
2720 1154 2877 1208 τοῦτό
2919 1156 3054 1219 ὲστι,
3095 1152 3212 1211 πῶς
3251 1150 3316 1204 ἂν
3343 1150 3513 1201 νοοῖτο
3540 1146 3717 1199 κτίσεο

2147 1251 2270 1304 σοαι
2306 1253 2426 1304 κατ’
2451 1250 2639 1303 οὐσίαν
2667 1251 2746 1311 είς
2776 1247 2981 1317 ἐτέρων
3012 1244 3184 1315 ἀρχὴν
3204 1283 3218 1306 ,
3251 1242 3317 1305 ἃς
3341 1241 3494 1302 ὀδοὺς
3526 1238 3717 1291 ἐκάλε-

2147 1361 2238 1397 σεν
2267 1345 2296 1397 6
2330 1342 2775 1413 Παροιμιαστής;
2813 1340 2874 1392 Et
2909 1337 3018 1409 γὰρ
3050 1336 3185 1398 ὅλως
3214 1333 3419 1405 ἑτέροις
3467 1329 3726 1384 συντέτα-

2144 1452 2269 1488 κται
2300 1433 2393 1487 καί
2426 1431 2588 1485 τινών
2617 1432 2765 1483 ἐστιν
2792 1427 2956 1499 ἀρχὴ,
2994 1428 3161 1498 μέρος
3189 1424 3254 1478 ἂν
3287 1425 3374 1493 εἴη
3406 1421 3497 1476 τοῦ
3518 1420 3725 1481 παντὸς

2146 1528 2415 1598 σώματος,
2460 1524 2554 1578 καὶ
2583 1524 2684 1577 οὐκ
2715 1521 2870 1575 ἔσται
2904 1520 3219 1589 μονογενὴς,
3262 1518 3291 1569 6
3319 1515 3547 1601 πολλοὺς
3582 1514 3724 1583 ἔχων

2141 1621 2265 1682 τοὺς
2306 1616 2526 1687 ἐφεξῆς,
2562 1608 2638 1669 ὧν
2666 1608 3001 1666 ὲαυτὸν⁶καὶ
3043 1607 3216 1679 ἀρχὴν
3241 1604 3487 1660 ἐκτίσθαι
3530 1605 3719 1673 ﬂuctv.

2142 1711 2204 1763 Εἰ
2252 1711 2357 1781 γὰρ
2406 1708 2501 1761 καὶ
2551 1704 2765 1775 πρῶτος
2793 1700 3019 1770 ἐκτίσθη
3067 1698 3175 1753 τῶν
3217 1698 3414 1762 ἄλλων,
3470 1695 3589 1749 ἀλλ’
3617 1695 3722 1747 οὐκ

2141 1800 2293 1851 ἔσται
2317 1796 2403 1849 διὰ
2439 1794 2598 1849 τοῦτο
2630 1793 2805 1862 μόνος.
2844 1791 2909 1843 Ἦ
2942 1789 3051 1859 γάρ
3088 1804 3228 1851 τινος
3255 1785 3419 1856 ἀρχὴ,
3448 1783 3553 1848 κᾶν
3578 1799 3721 1867 προ-

2140 1891 2336 1962 τερεύῃ
2363 1888 2473 1943 τῶν
2505 1885 2623 1957 μεθ’
2650 1883 2850 1954 ἑαυτὴν
2877 1882 2964 1935 διὰ
2989 1881 3082 1933 τὸν
3112 1880 3320 1951 χρόνον,
3359 1878 3511 1930 ἔσται
3554 1872 3723 1929 πάλιν

2132 1985 2318 2046 ἀὐτοῖς
2353 1978 2666 2051 ὲναρίθμιός
2711 1991 2771 2027 τε
2818 1973 2912 2027 καὶ
2944 1971 3233 2039 συγγενής.
3285 1968 3479 2037 Γέγονε
3530 1964 3657 2039 γοῦν
3686 1966 3723 2019 ό

2149 2072 2374 2143 Ῥουὸὶμ
2402 2070 2544 2141 ἁρχὴ
2569 2069 2775 2121 τέκνων
2816 2063 3033 2130 Ἰακὼϐ,
3069 2062 3184 2117 ἀλλ’
3211 2061 3273 2115 οὐ
3312 2059 3400 2113 διὰ
3437 2057 3594 2115 τοῦτο
3622 2074 3723 2128 μο-

2136 2165 2380 2235 νογενὴς,
2407 2163 2526 2217 οὐδὲ
2558 2162 2654 2231 τῆς
2689 2160 2796 2213 τῶν
2826 2157 2944 2228 μεθ’
2974 2156 3164 2209 ἑαυτὸν
3195 2153 3383 2216 οὐσίας
3412 2152 3715 2242 ἀλλότριος.

2137 2259 2199 2313 Et
2242 2258 2421 2312 τοίνυν
2450 2255 2591 2325 ἀρχή
2636 2269 2796 2305 τινων
2832 2252 2859 2303 6
2894 2250 3063 2317 Λόγος
3113 2245 3357 2314 ἐκτίσθη.
3390 2241 3503 2297 οὔτ’
3531 2241 3595 2295 ἂν
3625 2241 3717 2310 εἴη

2137 2350 2447 2423 μονογενὴς,
2496 2346 2619 2400 οὕτε
2673 2344 2778 2414 μὴν
2825 2342 2962 2395 κατὰ
3013 2341 3105 2393 τὸν
3151 2340 3246 2409 τῆς
3292 2337 3506 2406 φύσεως
3554 2333 3719 2401 λόγον

2133 2436 2796 2517 ὲκείνωηὰπεξενωμένος
2826 2429 2898 2488 ὦν
2930 2436 3079 2487 ἐστιν
3110 2431 3275 2502 ἁρχὴ,
3322 2430 3464 2483 οὕτω
3502 2446 3560 2482 τε
3598 2430 3719 2489 τοῖς

2132 2533 2393 2605 κτίσμάσι
2426 2529 2877 2602 συνταχθήσεται.
2914 2528 3024 2582 Καὶ
3047 2525 3306 2595 ψεύσεται
3340 2523 3438 2593 μὲν
3459 2524 3492 2575 6
3523 2522 3716 2591 Πατὴρ

2133 2628 2259 2681 Υἱὸν
2282 2626 2455 2679 αὐτὸν
2491 2622 2782 2677 ἀποκαλῶν
2804 2640 2818 2652 ·
2853 2620 3113 2689 ψεύσεται
3145 2616 3201 2669 δὲ
3242 2615 3335 2669 καὶ
3366 2616 3394 2667 6
3439 2612 3714 2681 μακάριος

2145 2717 2416 2787 Ίωὲιννης-
2457 2717 2667 2785 λέγων·
2718 2735 2734 2766 ι
2791 2714 2878 2767 Ἐν
2917 2714 3057 2782 ἀρχῇ
3097 2705 3167 2780 ἦν
3214 2711 3240 2762 ὁ
3275 2707 3465 2774 Λόγος.
3519 2724 3537 2755 ι
3585 2703 3715 2765 Πῶς

2132 2812 2239 2882 γὰρ
2272 2806 2359 2881 ἦν,
2390 2811 2437 2861 εἰ
2468 2807 2691 2877 γέγονες
2730 2804 2854 2868 Πῶς
2881 2805 2938 2857 δὲ
2971 2803 3102 2865 Θεὸς
3128 2797 3195 2872 ἦν
3223 2802 3251 2853 6
3282 2800 3473 2867 Λόγος,
3516 2799 3564 2850 εἰ
3593 2797 3713 2849 κτί-

2132 2900 2315 2966 ζεταις
2356 2899 2475 2961 Πῶς
2511 2898 2555 2951 δ’
2584 2897 2649 2951 ἂν
2686 2897 2770 2965 εἴη
2803 2896 2896 2949 καὶ
2931 2893 3132 2959 Κύριος
3161 2892 3189 2943 6
3221 2894 3357 2961 μετὰ
3388 2888 3499 2943 τῶν
3532 2887 3715 2941 ἄλλων

2130 2994 2204 3058 ὡς
2242 2992 2424 3054 δοῦλος
2470 2989 2861 3058 πεποιημένος,
2908 2987 3001 3039 καὶ
3053 2984 3219 3055 μέρος
3262 2981 3337 3035 ὢν
3384 2983 3481 3052 τῆς
3527 2980 3714 3047 utsin];

2131 3086 2395 3147 κτίσεως;
2444 3080 2604 3134 ’Λλλὰ
2646 3079 2805 3132 τοῦτο
2834 3079 3066 3132 ἄτοπον·
3099 3076 3160 3129 τὸ
3208 3094 3225 3124 ι
3269 3074 3481 3126 ἔκτισεν
3533 3092 3550 3122 ι
3600 3070 3715 3140 ἂρα

2130 3177 2272 3231 κατὰ
2303 3174 2401 3243 τῆς
2443 3174 2628 3234 οὐσίας
2657 3171 2716 3223 οὗ
2752 3170 2992 3223 κείσεται

2816 3440 3015 3493 ΔΔΛΟ.

2204 3558 2266 3612 Εί
2294 3559 2411 3610 κατ’
2449 3555 2635 3609 οὐσίαν
2667 3552 2913 3620 ἐκτίσθη,
2969 3547 3089 3601 καθ’
3122 3548 3286 3615 ὑμᾶς,
3323 3547 3352 3597 6
3398 3544 3526 3605 Tib;
3560 3542 3712 3612 ἀρχὴ

2128 3649 2239 3703 τῶν
2268 3647 2464 3717 ἑφεξῆς
2504 3645 2784 3715 ὑπάρχων,
2826 3642 2900 3703 ὡς
2950 3640 3283 3710 γέγραπται,
3328 3635 3443 3698 πῶς
3489 3634 3602 3704 ἔχει
3649 3635 3714 3686 τὸ

2128 3740 2387 3796 δύνασθαι
2426 3738 2799 3808 δημιουργεῖν,
2852 3735 2968 3797 πῶς
3019 3734 3075 3786 δὲ
3129 3731 3236 3784 τῶν
3284 3729 3458 3782 ἄλλων
3513 3727 3714 3795 γέγονε

2132 3833 2396 3905 ποιητής;
2456 3829 2693 3898 Ἀνάγκη
2728 3828 2837 3898 γὰρ
2879 3826 2980 3895 τήν
3026 3841 3169 3887 τινος
3216 3819 3713 3905 ὑπάρζουσαν-ὰρ-

2131 3901 2259 3995 χὴν⁷
2282 3901 2380 3991 τῆς
2415 3920 2581 3989 αὐτῆς
2616 3918 2804 3979 οὐσίας
2850 3911 2985 3968 εἶναι
3016 3913 3092 3981 τῷ
3126 3911 3305 3975 παντὶ,
3334 3901 3395 3961 οὗ
3429 3905 3524 3960 καὶ
3558 3903 3716 3956 ἔστιν

2130 4017 2294 4085 ἀρχή.
2329 4011 2393 4065 Εἰ
2423 4010 2599 4063 τοίνυν
2630 4010 2835 4079 κτίσμα
2864 4006 2938 4059 ὢν
2967 4009 2994 4058 ὁ
3021 4003 3150 4065 Υἱὸς
3190 4002 3301 4071 ἔχει
3348 3998 3441 4053 καὶ
3474 3997 3716 4065 δύναμιν

2129 4106 2549 4177 δημιουργικὴν,
2596 4103 2706 4167 ἕξει
2745 4101 2902 4154 τοῦτο
2931 4101 3023 4152 καὶ
3051 4099 3120 4150 τὰ
3148 4096 3282 4151 ἄλλα
3311 4094 3607 4163 κτίσματα,
3654 4092 3712 4143 εί

2128 4197 2224 4252 καὶ
2252 4198 2443 4265 γέγονε
2470 4196 2537 4247 δι’
2571 4194 2720 4257 Υίοῦ,
2749 4194 2843 4245 καὶ
2868 4192 3007 4244 αὑτὰ
3038 4190 3198 4258 φύσιν
3226 4188 3418 4257 ἔχοντα
3437 4184 3707 4253 δημιουρ-

2129 4290 2313 4360 γικήν.
2349 4287 2514 4341 Οὐδὲν
2536 4283 2629 4340 οὖν
2656 4287 2714 4338 ὲν
2737 4283 2859 4353 Θεῷ
2879 4283 2940 4334 τὸ
2964 4281 3121 4334 πλέον
3148 4278 3301 4349 παρὰ
3319 4276 3387 4329 τὰ
3403 4275 3707 4343 κτίσματα.

2128 4376 2261 4431 Είδὲ
2282 4378 2384 4430 οὑκ
2406 4375 2553 4428 ἐστιν
2584 4374 2723 4444 ἀρχὴ
2751 4374 2855 4426 τῶν
2869 4371 3041 4426 ἄλλων
3068 4368 3382 4437 κτισμάτων
3402 4364 3476 4425 ὡς
3492 4361 3711 4429 ποίημα

2130 4470 2223 4523 καὶ
2256 4467 2416 4531 αὑτός
2439 4484 2450 4497 ·
2484 4466 2611 4529 Υἱὸς
2642 4466 2747 4535 ἄρα
2781 4466 2872 4517 καὶ
2905 4462 3198 4532 μονογενής
3239 4460 3405 4509 ἐστιν.

2127 4760 2336 4824 AAAU,
2384 4757 2450 4810 τὸ
2488 4755 2633 4810 αὐτὸ
2677 4753 2777 4809 διὰ
2818 4752 2929 4821 τῆς
2973 4756 3058 4818 είς
3092 4750 3316 4805 ἄτοπον
3354 4748 3709 4819 ἀπαγωγῆς.

2203 4889 2222 4921 ι
2269 4868 2473 4940 Κύριος
2523 4868 2705 4921 ἔκτισέ
2758 4885 2823 4938 με
2863 4866 3037 4937 ἀρχὴν
3085 4866 3219 4919 ὁδῶν
3249 4863 3412 4918 αὑτοῦ
3453 4865 3530 4927 εἰς
3565 4863 3711 4933 ἔργα

2126 4961 2313 5014 αὑτοῦ.
2367 4980 2383 5011 ι
2436 4961 2502 5013 Εἴ
2541 4977 2624 5021 τις
2659 4959 3087 5027 φιλονεικότερον
3130 4956 3403 5021 ἐξετάζειν
3446 4956 3711 5026 ἐθελήσαι

2124 5053 2184 5105 τὸ
2208 5054 2519 5122 εἰρημένον,
2558 5053 2910 5119 κακοτρόπως
2933 5053 3080 5119 ὲρεῖ’
3114 5052 3175 5103 Εἰ
3209 5050 3423 5117 πρῶτος
3452 5050 3707 5119 ἐκτίσθη,

2125 5145 2215 5196 καὶ
2247 5143 2388 5213 ἀρχὴ
2420 5144 2608 5209 γέγονε
2652 5141 2770 5195 καθ’
2815 5142 2978 5210 ὑμᾶς,
3016 5141 3134 5202 πῶς
3176 5141 3255 5203 είς
3298 5143 3364 5193 τὰ
3407 5140 3541 5207 ἔργα
3587 5142 3712 5192 κτί-

2125 5235 2311 5300 ζεταις
2363 5236 2437 5287 06
2488 5234 2596 5303 γὰρ
2646 5234 2894 5303 εἴρηκεν·
2951 5232 3173 5284 Ἐκτισὲ
3221 5250 3288 5301 με
3345 5232 3565 5299 Κύρῃῖ,
3616 5232 3711 5285 ἵνα

2127 5328 2337 5396 ποιήσω
2395 5323 2462 5378 τὰ
2511 5324 2647 5395 ἔργα
2695 5322 2879 5386 αὑτοῦ,
2928 5324 3042 5376 ἀλλ’
3077 5342 3095 5373 ι
3143 5324 3222 5386 εἰς
3274 5322 3408 5393 ἔργα
3454 5320 3641 5377 αὑτοῦ.
3683 5342 3705 5375 ι

2138 5418 2223 5480 Ὦς
2264 5418 2372 5486 γὰρ
2417 5417 2517 5486 ἤδη
2566 5414 2911 5469 συνεστώτων
2942 5415 3050 5469 τῶν
3092 5415 3289 5486 ἔργων,
3325 5414 3569 5466 ἐκτίσθαι
3600 5431 3713 5483 φη-

2126 5510 2211 5563 σὶν
2243 5513 2320 5572 είς
2358 5510 2515 5572 αὐτὰ.
2553 5509 2615 5560 Εἰ
2647 5508 2703 5560 δὲ
2750 5509 2926 5572 τοῦτο,
2959 5508 3077 5570 πῶς
3118 5507 3197 5559 ἔτι
3232 5506 3444 5583 πρῶτος
3488 5507 3635 5558 ἐστιν
3680 5510 3714 5561 6

2126 5600 2243 5673 μετ’
2290 5604 2470 5655 ἐκεῖνα
2519 5600 2797 5671 δεύτερος;
2847 5600 2971 5663 Πῶς
3017 5601 3062 5652 δ’
3112 5599 3179 5653 ἂν
3233 5599 3317 5671 εἴη
3367 5599 3475 5651 τῶν
3524 5598 3712 5653 ἄλλων

2122 5696 2265 5766 ἀρχὴ
2294 5699 2321 5748 6
2355 5697 2438 5747 ἐπ’
2470 5695 2653 5759 αὐτοῖς
2702 5696 3103 5771 γεγενημένος;
3150 5693 3274 5758 Πῶς
3310 5693 3368 5746 δὲ
3411 5692 3592 5747 πάντα
3635 5693 3713 5748 δι’
