3994 6324
260 448 371 505 213
1664 442 2111 501 THESAUBUS.
3432 431 3542 489 17‘

258 565 354 619 διὰ
380 564 475 634 τῆς
501 563 731 635 σαρκὸς,
775 563 805 615 ό
842 561 970 625 Θεὸς
1012 561 1103 613 τὸν
1142 559 1338 614 ἑαυτοῦ
1390 560 1519 612 Υίὸν
1546 559 1769 629 πέμψας
1796 558 1854 611 ὲν
1885 592 1895 617 λ

2009 558 2157 613 ilium
2202 572 2358 613 suum
2397 557 2618 612 mittens
2656 556 2707 609 iu
2743 550 3161 611 similitudinem
3200 548 3384 605 carnis
3426 564 3555 619 pec-

262 654 574 725 ὸμοιώματι
598 652 801 723 σαρκὸς
827 651 1119 723 ἁμαρτίας,
1139 652 1234 702 καὶ
1266 651 1393 719 περὶ
1422 648 1697 719 ἁμαρτίας
1727 664 1858 700 κατ-

2006 650 2091 711 Ili,
2134 649 2201 703 de
2248 656 2471 717 peccato
2518 645 2795 701 damnavit
2838 652 3124 716 peccatum
3172 641 3226 697 in
3270 655 3457 707 carne,
3499 651 3559 696 ut

264 747 449 816 ἔκρινε
495 745 595 816 τὴν
629 744 908 814 ἁμαρτίαν
954 745 1012 795 ὲν
1050 743 1116 812 τῇ
1154 742 1338 811 σαρκὶ,
1378 740 1465 793 ἵνα
1497 740 1557 793 τὸ
1582 738 1859 808 δικαίωμα

2006 741 2275 796 Istiiicatio
2306 740 2436 809 Ιιιείι
2466 738 2783 808 impleretur
2809 737 2863 791 in
2894 736 3069 799 nobis,
3095 734 3185 804 qui
3216 747 3322 789 non
3351 746 3556 788 secun-

264 838 359 890 τοῦ
399 838 568 906 νόμου
619 835 884 907 πληρωθῇ
944 837 1001 887 ὲν
1050 835 1206 904 ἡμῖν,
1238 835 1349 895 τοῖς
1396 832 1471 902 μὴ
1498 830 1639 883 κατὰ
1678 830 1859 900 σάρκα

2006 848 2087 886 um
2112 848 2331 887 carnem
2357 830 2719 891 ambulamus,
2738 829 2833 884 sed
2854 828 3150 883 secundqu
3173 823 3422 894 spiritum
3436 822 3505 876 δ’.
3534 842 3552 874 ι

268 928 690 998 περιπατοῦσιν,
745 927 880 980 ἀλλά
945 924 1090 978 κατὰ
1145 924 1427 994 πνεῦμα.»
1500 923 1611 976 Καὶ
1660 921 1857 975 πάλιν·

2009 923 2256 978 talicubi
2295 941 2307 976 :
2347 942 2365 974 ι
2407 920 2527 976 Non
2556 920 2700 975 enim
2732 919 2878 975 misit
2911 918 3054 973 Deus
3085 914 3282 973 Filiqu
3314 916 3367 969 in
3401 930 3559 968 mun-

275 1038 293 1068 ι
329 1019 406 1071 Οὐ
460 1018 573 1089 γὰρ
616 1016 935 1071 ἀπέστειλεν
974 1018 1002 1069 ό
1045 1015 1175 1079 Θεὸς
1208 1015 1300 1068 τὸν
1339 1014 1466 1067 Υίδν
1497 1015 1578 1077 είς
1626 1012 1720 1066 τὸν
1770 1013 1863 1065 κό-

2006 1030 2122 1079 um,
2160 1024 2219 1069 ut
2248 1013 2457 1083 iudicet
2496 1012 2789 1077 mundum,
2826 1010 2922 1064 sed
2958 1017 3029 1075 ut,
3056 1006 3288 1063 mundus
3318 1003 3560 1060 salvetur

272 1123 432 1177 σμον,
468 1109 554 1162 ἵνα
578 1109 741 1179 κρίνῃ
767 1109 859 1161 τὸν
901 1108 1130 1178 κόσμον,
1158 1106 1272 1161 ἀλλ’
1302 1106 1393 1179 ἶνα
1425 1105 1571 1176 σωθῇ
1597 1105 1625 1157 ό
1653 1104 1860 1174 κόσμος

2006 1123 2060 1161 er
2098 1106 2310 1162 eum".
2362 1124 2381 1158 ι
2425 1103 2667 1159 Rursum
2709 1101 2970 1159 Servatur
3030 1101 3098 1155 de
3151 1098 3334 1170 seipso
3372 1113 3388 1151 :
3435 1114 3454 1147 ι
3496 1094 3563 1151 In

270 1200 337 1253 δι’
374 1200 563 1255 αὐτοῦ.
602 1218 622 1252 s
669 1201 780 1254 Καὶ
813 1201 975 1254 πάλιν
1009 1203 1038 1253 ό
1069 1200 1258 1271 Σωτὴρ
1292 1197 1420 1269 περὶ
1447 1196 1675 1251 ἑαυτοῦο
1698 1192 1731 1247 λι
1771 1196 1865 1259 Εἰς

2007 1200 2227 1255 ndicium
2263 1214 2365 1271 ego
2396 1199 2449 1271 in
2484 1199 2630 1254 hunc
2660 1196 2924 1253 mundum
2949 1194 3095 1257 veni,
3124 1202 3185 1246 ut
3215 1191 3305 1259 qui
3341 1204 3447 1245 non
3474 1189 3560 1242 vi-

276 1293 461 1363 κρίσιν
482 1291 593 1356 ἐγὼ
616 1293 697 1356 εἰς
715 1292 806 1345 τὸν
828 1292 1032 1362 κόσμον
1054 1290 1245 1344 τοῦτον
1262 1286 1446 1361 ἦλθον,
1477 1289 1563 1342 ἵνα
1581 1290 1630 1341 oi
1656 1288 1731 1359 μὴ
1752 1286 1865 1358 βλέ-

2006 1296 2117 1354 ent,
2144 1289 2380 1353 videant,
2408 1296 2462 1342 et
2488 1288 2579 1358 qui
2609 1286 2817 1351 vident,
2847 1285 2975 1341 creci
3010 1282 3142 1337 ﬂant
3165 1282 3264 1335 υ.»
3295 1280 3431 1335 Cum
3458 1278 3562 1349 igi-

238 1414 239 1417 η
276 1401 473 1448 ποντες
505 1384 770 1454 βλέπωσι,
802 1386 897 1437 καὶ
924 1385 973 1437 oi
1003 1382 1292 1453 βλέποντες
1322 1381 1510 1451 τυφλοὶ
1536 1380 1859 1448 γένωνται.)

2006 1383 2061 1434 ur‘
2086 1380 2263 1435 Iactus
2291 1390 2373 1435 est
2408 1379 2591 1443 homo,
2623 1386 2682 1431 ut
2714 1379 2827 1432 haec
2858 1391 3021 1446 opera
3055 1374 3295 1444 impleat,
3325 1379 3380 1429 et
3407 1370 3559 1439 prin-

278 1475 408 1528 Ὄτε
445 1475 628 1527 τοίνυν
665 1474 890 1543 γέγονεν
931 1474 1217 1545 ἄνθρωπος
1265 1473 1353 1526 ἴνα
1400 1472 1573 1525 ταῦτα
1599 1471 1865 1543 πληρώσῃ

2006 1472 2171 1542 ipium
2211 1471 2305 1526 Iiat
2338 1469 2648 1539 hujnsmodi
2685 1469 2927 1531 viarum,
2962 1466 3159 1521 merito
3190 1465 3256 1519 de
3289 1477 3360 1518 se.
3381 1460 3512 1517 dicit
3545 1478 3559 1513 :

274 1565 340 1618 τὰ
388 1565 551 1636 ἔργα,
581 1568 677 1620 καὶ
715 1566 858 1638 ἀρχὴ
889 1566 1116 1636 γένηται
1148 1565 1257 1618 τῶν
1285 1563 1543 1617 τοιούτων
1586 1563 1723 1617 ὁδῶν
1746 1604 1760 1625 .
1791 1563 1872 1614 εἰ-

2053 1563 2312 1618 Douiiuus
2351 1562 2557 1618 creavit
2597 1575 2682 1616 me
2723 1558 3055 1629 principium
3088 1556 3298 1609 viarum
3339 1566 3562 1606 suarum

279 1659 454 1720 κότως
508 1657 575 1711 ἂν
618 1657 768 1725 λέγοι
825 1658 954 1728 περὶ
998 1654 1193 1711 ἑαυτοῦ
1220 1672 1233 1686 ·
1271 1674 1290 1707 ι
1330 1655 1537 1726 Κύριος
1582 1653 1765 1707 ἐκτισέ
1802 1669 1869 1722 με

2006 1676 2025 1709 ι
2068 1671 2235 1725 opera
2281 1657 2471 1725 ipsius.
2517 1674 2536 1705 ι
2576 1652 2764 1722 Neque
2800 1652 2946 1707 enint
2988 1651 3063 1704 ita
3102 1657 3323 1703 creatus
3350 1653 3468 1709 cst,
3507 1654 3565 1697 ut

279 1749 455 1819 ἀρχὴν
503 1748 641 1802 ὁδῶν
678 1749 845 1801 αὐτοῦ
880 1750 961 1813 είς
996 1748 1135 1819 ἔργα
1180 1745 1365 1802 αὐτοῦ.
1402 1767 1419 1799 ι
1475 1748 1588 1800 Οὐκ
1643 1744 1869 1815 ἐκτίσθη

2011 1746 2041 1801 d
2067 1760 2188 1800 esse
2213 1744 2498 1799 traductus
2522 1743 2617 1807 sit,
2644 1742 2737 1796 sed
2763 1755 2884 1794 cum
2914 1752 3132 1808 semper
3152 1736 3220 1792 sit
3247 1744 3411 1805 atque
3436 1734 3569 1789 sub-

283 1839 389 1906 γαρ
423 1837 506 1900 είς
543 1838 605 1890 τὺ
649 1832 792 1890 εἶναι
828 1836 1204 1907 παρενεχθεὶς,
1261 1836 1375 1889 ἀλλ’
1409 1834 1485 1889 ὢν
1518 1834 1607 1890 ἀεὶ
1641 1834 1736 1887 καὶ
1763 1834 1869 1885 ὑπ-

2008 1838 2155 1903 istat,
2190 1846 2410 1892 creatus
2441 1846 2528 1891 est
2558 1847 2686 1888 caro
2716 1834 2785 1888 oh
2817 1846 3013 1887 causas
3036 1831 3147 1899 jam
3180 1828 3379 1883 dictas.

283 1929 489 1998 άρχων,
520 1928 744 1999 ἐκτίσθη
769 1928 907 1998 σὰρξ
936 1928 1023 1982 δια
1045 1926 1145 1991 τὰς
1165 1928 1534 1999 προκειμένας
1568 1928 1772 1991 αίτίας.
1900 1911 1943 1967 Β

289 2043 411 2096 Ἔτι
438 2044 527 2110 είς
560 2041 649 2105 τὸ,
690 2060 707 2093 ι
742 2044 956 2111 Κύριος
982 2042 1195 2118 *ἐκτιᾳέ
1215 2060 1293 2113 με
1313 2085 1326 2110 ,
1358 2062 1377 2096 ι
1410 2042 1501 2097 ὅτι
1532 2044 1604 2097 οὐ
1647 2043 1873 2112 κτίσμα

2006 2040 2133 2095 lh'ud
2164 2040 2215 2094 in
2246 2041 2406 2103 idem,
2446 2058 2463 2091 ι
2503 2038 2761 2118 Daucia-tis
2792 2036 2984 2091 creat-it
3017 2051 3128 2100 nu;
3171 2054 3189 2086 ι
3222 2031 3362 2104 quod
3391 2028 3567 2086 Filius

958 2115 992 2167 ὀ
1042 2114 1196 2180 Υἱός.

2524 2126 2629 2164 non
2661 2114 2727 2163 sit
2758 2118 3024 2163 creatura.

354 2220 494 2289 Φησί
519 2237 622 2273 που
642 2219 854 2285 Παῦλος
882 2222 1009 2292 περὶ
1033 2221 1126 2275 τοῦ
1152 2222 1403 2293 Σωτῆρος
1432 2222 1589 2292 ἡμῶν
1607 2220 1869 2294 Χριστοῦ·

2049 2226 2247 2281 Paulus
2288 2225 2487 2281 alicubi
2540 2226 2608 2280 de
2661 2224 2955 2279 Servatore
3003 2230 3189 2277 nostro
3230 2220 3449 2276 Christo
3493 2220 3568 2274 ita

294 2332 313 2361 ι
334 2312 505 2374 Αὐτὸς
535 2311 645 2383 γάρ
676 2314 827 2364 ἑστιν
874 2312 908 2383 ἡ
942 2314 1134 2383 εἰρήνη
1182 2313 1359 2383 ἡμῶν,
1406 2314 1435 2366 ό
1460 2312 1520 2365 τὸ
1561 2313 1873 2383 μεσότοιχον

2014 2317 2055 2370 it
2088 2334 2101 2370 :
2141 2334 2159 2366 ι
2200 2313 2317 2384 Ipse
2346 2315 2491 2371 enim
2525 2324 2606 2370 est
2642 2330 2744 2381 pax
2780 2324 2995 2377 nostra,
3033 2310 3270 2367 medium
3305 2309 3571 2382 parietem

287 2402 382 2455 τοῦ
410 2402 667 2474 φραγμοῦ
696 2403 887 2470 λύσας,
915 2404 1014 2474 τὴν
1040 2403 1242 2475 ἔχθραν
1275 2405 1333 2457 ὲν
1373 2406 1436 2475 τῇ
1480 2405 1644 2477 σαρκὶ
1684 2404 1871 2471 αὑτοῦ,

2006 2409 2231 2463 uacerize
2273 2408 2522 2473 solvens,
2562 2407 2881 2462 inimicitias
2926 2406 2978 2461 iu
3024 2405 3197 2462 curuo
3233 2419 3359 2471 sua,
3396 2403 3572 2475 legem

290 2495 378 2547 τὸν
410 2495 574 2565 νόμον
602 2494 710 2549 τῶν
744 2494 976 2549 ἐντολῶν
1007 2497 1065 2548 ὲν
1096 2496 1330 2565 δόγμασι
1370 2496 1750 2568 καταργήσας,
1788 2496 1875 2550 ἵνα

2006 2500 2363 2556 uandatorum
2398 2501 2451 2555 in
2485 2500 2723 2555 decretis
2753 2513 3049 2560 evacuans.
3085 2509 3143 2551 ut
3174 2498 3310 2551 duos
3336 2504 3487 2551 creet
3518 2493 3571 2548 in

290 2586 418 2648 τοὺς
444 2585 540 2639 δύο
579 2588 741 2659 κτίσῃ
765 2588 822 2640 ὲν
850 2587 1029 2658 ἑαυτῷ
1062 2590 1140 2651 είς
1181 2588 1277 2642 ἕνα
1314 2588 1499 2642 καινὸν
1528 2587 1873 2660 ἄνθρωπον.»

2009 2594 2162 2662 eipso
2196 2593 2248 2648 in
2284 2609 2449 2647 unum
2485 2607 2684 2647 novum
2720 2590 2995 2647 hominem
3023 2589 3092 2643 ".
3133 2609 3151 2641 ι
3184 2588 3241 2643 Si
3275 2602 3406 2657 ergo
3435 2586 3574 2641 duos

294 2678 355 2730 Εἰ
396 2678 578 2731 τοίνυν
624 2677 687 2731 τὸ
732 2680 824 2733 καὶ
866 2678 961 2733 δύο
990 2679 1166 2742 κτίζει
1196 2679 1430 2751 Χριστὸς
1474 2680 1531 2731 ὲν
1554 2677 1753 2749 ἐαυτῷ,
1783 2678 1879 2731 καὶ

294 2769 371 2828 εἰς
403 2768 502 2821 ἕνα
529 2767 716 2821 καινὸν
745 2767 1033 2838 ἄνθρωπον
1059 2769 1370 2839 ἁναμορφοί
1389 2810 1404 2835 ,
1455 2768 1757 2837 τουτέστιν,
1800 2770 1879 2835 είς

294 2857 388 2911 τὸν
416 2858 557 2912 κατὰ
610 2858 811 2931 ἀρετὴν
845 2859 959 2930 βίον
980 2877 994 2890 ’
1034 2862 1198 2931 ἡμεῖς
1231 2860 1340 2932 γὰρ
1371 2855 1512 2933 ἦμεν
1551 2861 1602 2913 οί
1644 2861 1703 2914 ὲν
1733 2861 1881 2932 αὐτῷ

298 2951 637 3021 κτιζόμενοι,
665 2951 803 3005 καθὸ
829 2952 927 3022 τῆς
957 2952 1092 3024 πρὸς
1140 2954 1283 3024 ἡμᾶς
1336 2951 1646 3024 ὁμοιώσεως
1680 2954 1879 3008 ἐπελά-

298 3043 446 3109 ϐετο,
476 3044 571 3096 καὶ
597 3045 656 3096 ὲν
683 3043 831 3114 αὐτῷ
866 3044 1067 3116 πρώτῳ
1088 3046 1186 3116 τῆς
1218 3045 1564 3117 ἀρεσκούσης
1586 3046 1705 3118 Θεῷ
1736 3046 1884 3102 πολι-

297 3135 449 3199 τείας
474 3138 790 3207 ἐσχήκαμεν
818 3137 914 3199 τὰς
935 3136 1109 3209 ἀρχὰς
1129 3138 1207 3199 είς
1236 3137 1492 3207 ἀμείνονα
1519 3137 1633 3207 βίον
1662 3139 1885 3192 ἀνακτι-

1982 2692 2133 2739 creat
2163 2682 2411 2738 Christus
2447 2682 2500 2737 in
2535 2682 2747 2751 seipse,
2782 2692 2836 2737 et
2870 2681 2923 2736 in
2961 2696 3125 2735 unum
3166 2695 3364 2735 novum
3401 2678 3576 2733 homi-

1984 2791 2104 2833 nem
2133 2774 2513 2840 translormat,
2543 2775 2646 2830 hoc
2672 2785 2776 2841 est,
2805 2774 2858 2829 in
2888 2773 3051 2828 vitam
3080 2773 3378 2829 secundum
3404 2771 3577 2827 virtu-

1985 2881 2091 2924 tem
2126 2890 2139 2925 :
2174 2885 2276 2924 nos
2311 2869 2453 2930 enim
2492 2884 2684 2925 sumus
2720 2869 2774 2923 in
2811 2868 2927 2937 ipso
2965 2867 3169 2929 creati,
3203 2876 3470 2935 quatenus
3503 2861 3579 2918 si-

1987 2961 2347 3016 militudinem
2393 2972 2635 3017 nostram
2682 2960 2999 3031 assumpsit,
3042 2971 3095 3015 et
3141 2961 3199 3014 in
3244 2960 3358 3026 ipso
3401 2956 3577 3026 primo

1986 3056 2264 3110 consecuti
2291 3070 2479 3109 sumus
2505 3055 2656 3109 initia
2684 3055 3118 3110 conversationis
3141 3069 3263 3123 qua:
3292 3053 3397 3106 Deo
3422 3065 3582 3106 acce-

1988 3156 2078 3215 pta
2106 3146 2280 3212 sit,.in
2310 3146 2586 3203 meliorem
2618 3146 2783 3202 vitam
2818 3145 3096 3201 reformati
3127 3164 3141 3201 :
3174 3146 3365 3199 nterito
3393 3144 3579 3198 dicere

301 3230 540 3299 ζόμενοιι
574 3210 802 3293 είκότως
840 3228 905 3282 ἂν
926 3229 1077 3298 λέγοι
1109 3232 1201 3283 καὶ
1223 3230 1318 3282 νῦν
1350 3230 1426 3292 ὡς
1446 3230 1586 3302 ὑπὲρ
1617 3230 1777 3303 ἡμῶν
1808 3234 1887 3296 είς

2006 3246 2188 3303 δοιθει,
2213 3251 2337 3292 cum
2365 3252 2464 3307 pro
2487 3236 2644 3293 nobis
2668 3236 2722 3291 in
2752 3251 2917 3291 unum
2948 3236 3219 3292 hominem
3244 3244 3462 3292 creatus
3484 3233 3577 3300 sit,

301 3323 391 3375 τὸν
414 3322 510 3376 ἕνα
550 3322 869 3392 κτιζόμενος
893 3322 1180 3393 ἄνθρωπον
1199 3340 1210 3351 ·
1248 3341 1265 3373 ι
1292 3322 1495 3394 Κύριος
1526 3322 1710 3377 ἐκτιτὲ
1747 3341 1838 3395 με.
1866 3345 1883 3377 ι

995 3438 1202 3491 ΔΔΔΟ.

379 3550 693 3622 Γέγραπταί
718 3567 820 3603 που
846 3550 1089 3623 περὶτοῦ
1126 3551 1379 3623 Σωτῆρος
1410 3554 1569 3624 ἡμῶν
1617 3554 1855 3626 Χριστοῦ

314 3662 333 3694 ι
372 3645 608 3716 ὐτιπερ
640 3642 803 3707 αὐτὸς
848 3643 947 3707 τὰς
996 3644 1283 3710 ἀσθενείας
1317 3646 1477 3717 ἡμῶν
1519 3648 1685 3715 αἴρει.
1727 3668 1747 3700 ι
1784 3650 1895 3703 Καὶ

299 3737 512 3791 ’πάλιν
559 3756 578 3788 ι
614 3734 845 3804 Γέγονεν
880 3736 1020 3807 ὑπὲρ
1052 3736 1208 3807 ἡμῶν
1240 3739 1473 3808 κατάρα.
1500 3759 1518 3791 ι
1556 3741 1667 3793 Καὶ
1707 3742 1892 3796 πάλιν·

320 3849 338 3880 ι
374 3829 481 3883 Τὸν
514 3829 590 3899 μὴ
638 3828 837 3897 γνόντα
892 3830 1171 3900 ἁμαρτίαν
1231 3832 1370 3903 ὑπὲρ
1414 3832 1573 3903 ἡμῶν
1622 3834 1897 3905 ἁμαρτίαν

312 3919 592 3990 ἐποίησεν.
635 3922 877 3990 »Ὠσπερ
910 3916 1004 3975 οὖν
1043 3920 1405 3991 ὴσθενηκέναι
1445 3922 1685 3992 λέγεται,
1719 3928 1897 3980 καίτοι

317 4012 392 4084 μὴ
422 4012 729 4084 ἀσθενήσας
763 4012 985 4067 πώποτε
1020 4011 1268 4083 (δύναμις
1296 4014 1405 4084 γὰρ
1434 4014 1569 4069 Θεοῦ
1602 4018 1793 4086 ἐστιν),
1816 4021 1897 4073 ὅτι

310 4105 413 4169 τὰς
449 4103 604 4176 ἡμῶν
629 4106 917 4169 ἀσθενείας
947 4105 1238 4159 ὲσάστασε·
1284 4096 1615 4179 γεγενῆσθαί
1645 4127 1705 4163 τε
1738 4112 1898 4164 αὑτὸν

313 4198 619 4270 κατάρανή
645 4197 765 4254 θεία
803 4203 939 4275 φησὶ
964 4204 1175 4276 Γραῖιὴ,
1213 4208 1313 4261 οὐκ
1346 4209 1479 4263 αὐτὸ
1513 4210 1575 4280 δὴ
1614 4210 1772 4263 τοῦτο
1819 4213 1899 4274 είς

314 4290 565 4360 κατάραν
611 4297 1083 4368 μεταπεποιῆσθαι
1125 4301 1465 4370 σημαίνουσα
1488 4341 1502 4365 ,
1536 4302 1650 4355 ἀλλ’
1685 4304 1769 4356 ὃτι
1802 4304 1899 4373 τὴν

317 4382 459 4453 ὑπὲρ
488 4384 647 4453 ἡμῶν
684 4384 930 4457 κατάραν
966 4389 1270 4460 ὑπήνεγκε·
1315 4393 1416 4445 καί
1453 4393 1613 4447 πάλιν
1656 4395 1902 4465 ἁμαρτία

315 4476 649 4548 γεγενῆσθαι
675 4477 915 4547 λέγεται,
946 4482 1007 4535 οὐ
1040 4483 1140 4553 τῆς
1163 4485 1369 4547 οἰκείας
1404 4486 1619 4556 φύσεως
1650 4486 1904 4559 ἐπιλελη-

1999 3348 2019 3381 ι
2044 3330 2315 3386 Dominus
2347 3329 2551 3385 creavit
2584 3342 2690 3385 tne.
2731 3346 2752 3381 ι

2665 3441 2896 3537 ALIUD.

2069 3556 2342 3627 Scriptura
2367 3568 2450 3614 est
2473 3556 2673 3613 alicubi
2702 3557 2768 3612 de
2792 3555 3086 3612 Servatore
3111 3565 3299 3611 nostro
3320 3555 3537 3612 Christo
3564 3575 3578 3612 :

2004 3667 2020 3700 ι
2062 3648 2196 3718 Quia
2235 3649 2349 3716 ipse
2385 3648 2735 3705 inﬁrmitates
2767 3659 2987 3706 nostras
3019 3648 3250 3704 tollit".
3292 3667 3311 3699 ›
3352 3649 3418 3702 Ει
3454 3665 3579 3703 rur-

1997 3758 2091 3797 sns
2123 3760 2135 3796 :
2174 3759 2193 3793 ι
2235 3740 2433 3796 Factus
2464 3749 2550 3797 est
2584 3756 2682 3811 pro
2716 3742 2871 3797 nobis
2906 3740 3213 3796 maledictio
3235 3740 3302 3795 “.
3343 3758 3374 3792 »η
3399 3739 3528 3795 Item
3564 3758 3578 3795 :

2005 3853 2022 3885 ι
2060 3834 2193 3889 Ειιιη
2222 3835 2312 3904 qui
2343 3850 2446 3889 non
2478 3836 2629 3889 novit
2656 3844 2959 3904 peceatum,
2989 3849 3085 3904 pro
3115 3834 3269 3890 nobis
3297 3842 3582 3905 peccatum

2000 3925 2219 3981 fecit";
2276 3946 2295 3977 ι
2352 3924 2822 3991 Quemadmodum
2876 3924 3041 3994 igitur
3086 3923 3431 3978 infirmitates
3486 3921 3587 3977 Ita-

2002 4019 2184 4073 buisse
2206 4018 2424 4079 dicitur,
2446 4016 2540 4086 qui
2562 4016 2703 4070 nulla
2724 4029 2960 4085 unquam
2984 4013 3299 4069 inﬁrmitate
3320 4014 3589 4070 laboravit

2002 4111 2197 4179 (virtus
2228 4110 2374 4165 enim
2411 4124 2476 4164 ac
2510 4109 2750 4180 potentia
2790 4108 2881 4163 Dei
2918 4108 3044 4177 est),
3078 4107 3203 4176 quia
3241 4106 3591 4162 inﬁrmitates

2002 4214 2221 4258 nostras
2271 4204 2436 4258 tulit:
2478 4201 2682 4257 factum
2732 4204 2895 4257 etiam
2949 4200 3384 4256 maledictionem
3432 4213 3587 4255 sacra

2006 4296 2289 4364 Scriptura
2326 4296 2455 4351 dicit
2492 4314 2505 4351 :
2544 4310 2650 4350 non
2687 4287 2829 4364 quod
2873 4293 3019 4348 illum
3056 4294 3112 4347 in
3149 4291 3587 4348 maledictionent

2006 4396 2277 4442 mutatum
2330 4386 2630 4458 signiticet,
2676 4386 2770 4440 sed
2814 4385 2955 4456 quod
3005 4383 3443 4439 maledictioncm
3490 4397 3596 4452 pro

2008 4481 2161 4534 nobis
2197 4479 2415 4541 tulerit;
2453 4488 2508 4532 et
2545 4492 2734 4533 rursus
2774 4486 3054 4547 peccatum
3091 4474 3263 4531 iactus
3297 4487 3420 4530 esse
3455 4474 3593 4529 dici-

318 4569 543 4639 σμένος,
571 4570 695 4623 οὐδὲ
727 4573 807 4636 είς
838 4573 1115 4645 ἁμαρτίαν
1138 4577 1503 4647 μετενεχθεὶς,
1527 4581 1561 4632 όν
1576 4578 1781 4650 ταύτην
1803 4580 1895 4632 οὐκ

2008 4585 2117 4640 tur,
2152 4592 2257 4631 non
2294 4576 2435 4646 quod
2471 4590 2567 4630 sua
2602 4586 2792 4631 natura
2825 4584 3023 4632 exutus
3060 4573 3112 4628 in
3150 4582 3431 4641 peccatum
3469 4587 3593 4627 mu-

317 4659 500 4726 εἰδὼς,
536 4660 655 4714 ἀλλ’
691 4664 774 4715 ὅτι
808 4663 907 4727 τὰς
946 4665 1222 4738 ἁμαρτίας
1253 4668 1411 4738 ἡμῶν
1435 4669 1725 4739 ἀνήνεγκε,
1759 4669 1905 4723 καθὰ

317 4752 655 4824 γέγραπται,
678 4757 736 4807 ἐν
761 4755 837 4825 τῷ
856 4755 1067 4825 σώματι
1092 4757 1258 4811 αὑτοῦ
1284 4760 1378 4812 ἐπὶ
1400 4759 1491 4813 τοῦ
1520 4759 1705 4825 ξύλου·
1733 4759 1904 4824 οὕτως

317 4848 450 4899 ὅταν
478 4847 638 4917 ἡμεῖς
665 4848 723 4899 ἐν
744 4846 893 4918 αὐτῷ
916 4848 1228 4919 κτιζώμεθα
1257 4854 1335 4914 είς
1359 4853 1454 4905 ἕνα
1476 4853 1662 4906 καινὸν
1696 4852 1904 4924 ἄνθρω-

321 4954 445 5004 πον,
476 4937 554 5002 ὡς
583 4939 678 4992 καὶ⁷
701 4939 868 5004 αὐτὸς
894 4940 1211 5012 κτιζόμενος
1245 4943 1479 5011 λέγεται.
1501 4945 1609 4997 Καὶ
1634 4942 1722 4997 διὰ
1749 4945 1906 5000 τοῦτό

323 5043 491 5098 φησι·
530 5045 549 5078 ι
590 5027 793 5099 Κύριος
840 5029 1021 5085 ἐκτισὲ
1069 5049 1159 5102 με,
1206 5052 1224 5083 ο
1256 5033 1460 5103 κτίσμα
1490 5034 1589 5105 μὲν
1618 5035 1779 5100 αὐτὸς
1807 5036 1907 5089 οὐκ

321 5121 419 5186 ὣν,
443 5119 542 5190 τῆς
568 5119 625 5173 δὲ
648 5120 746 5174 τοῦ
787 5122 999 5194 [ἰατρὸς
1032 5124 1222 5188 οὐσίας
1247 5124 1377 5179 ίδιον
1402 5126 1670 5198 γέννημα.

1018 5322 1227 5379 ΑΛΛΟ.

399 5431 485 5496 El,
518 5430 639 5485 καθ’
668 5432 833 5501 ὑμᾶς,
858 5436 1018 5501 αὐτὸς
1049 5438 1170 5491 καθ’
1198 5438 1389 5492 ἑαυτὸν
1416 5442 1443 5492 ό
1460 5438 1555 5493 τοῦ
1581 5441 1716 5495 Θεοῦ
1742 5442 1913 5511 Λόγος

328 5524 554 5593 κτιστῆς
575 5522 764 5588 οὐσίας
793 5528 928 5592 ἐστὶ,
951 5528 1046 5582 καὶ
1071 5530 1199 5600 περὶ
1226 5529 1421 5583 ἑαυτοῦ
1452 5546 1620 5602 φησι·
1656 5548 1674 5582 ι
1708 5531 1914 5602 Κύριος

2009 4676 2150 4720 tatus
2182 4668 2285 4731 sit,
2317 4667 2409 4736 qui
2446 4676 2725 4736 peccatum
2758 4682 2863 4721 non
2898 4666 3064 4731 novit,
3120 4663 3279 4735 163
3322 4663 3417 4719 sed
3447 4662 3592 4733 quod

2009 4770 2231 4827 peccata
2272 4769 2455 4813 nostra
2493 4759 2637 4823 tulit,
2670 4767 2730 4814 ut
2761 4758 3024 4829 scriptum
3063 4766 3146 4812 est
3172 4757 3240 4819 ".
3281 4755 3332 4808 in
3364 4768 3594 4824 corpore

2008 4865 2131 4916 suo,
2164 4850 2311 4919 ligno
2340 4850 2520 4905 crucis
2546 4850 2738 4905 ailixus
2770 4873 2783 4906 ;
2816 4849 2889 4904 ita
2924 4864 3048 4903 cum
3078 4862 3176 4903 nos
3207 4847 3260 4901 in
3293 4846 3413 4917 ipso
3442 4859 3595 4899 crea-

2010 4957 2131 4994 mur
2162 4941 2213 4994 in
2251 4958 2413 4996 unum
2449 4956 2644 4996 novum
2681 4942 2998 5006 hominem,
3032 4939 3195 4995 etiam
3233 4941 3345 5010 ipse
3380 4946 3597 4992 creatus

2009 5034 2225 5088 dicitur.
2280 5033 2458 5103 Atque
2485 5034 2605 5089 ideo
2634 5033 2786 5097 dicit,
2818 5050 2837 5085 ι
2876 5030 3489 5089 Dominus-creavitme
3519 5066 3534 5093 ,
3570 5046 3591 5082 ι

2015 5139 2139 5177 cum
2182 5125 2298 5193 ipse
2333 5140 2671 5193 nequaquam
2709 5126 2779 5181 sit
2815 5135 3103 5187 creatura,
3140 5124 3235 5179 sed
3271 5121 3489 5192 proprie
3517 5136 3595 5175 ex

2015 5217 2249 5271 essentia
2285 5215 2463 5272 Patris
2492 5219 2725 5288 genitus.

2684 5329 2916 5386 ALIUD.

2086 5438 2179 5503 Si,
2216 5449 2272 5492 ut
2311 5454 2405 5494 vos
2441 5439 2776 5509 opinamini,
2810 5439 3047 5495 Verbum
3087 5440 3179 5495 Dei
3219 5438 3272 5493 iu
3309 5451 3369 5492 se
3402 5444 3599 5492 creauit:

2014 5542 2217 5586 natura:
2250 5542 2331 5586 est
2352 5571 2365 5596 ,
2426 5542 2481 5585 et
2512 5532 2578 5585 de
2608 5533 2789 5601 seipso
2821 5531 2955 5587 dicit
2988 5550 3001 5585 :
3040 5550 3060 5584 ι
3099 5530 3365 5585 Dominus
3393 5526 3603 5583 creavit

330 5613 512 5667 ἔκτισὲ
542 5632 611 5668 as
684 5635 702 5667 ι
739 5617 800 5670 οὐ
838 5618 1061 5687 γέγονεν
1092 5621 1200 5681 ἄρα
1248 5622 1315 5675 δι’
1369 5624 1520 5693 ἡμᾶς
1566 5622 1852 5696 ἄνθρωπος
1886 5645 1895 5678 ι

2016 5639 2129 5691 me;
2185 5643 2203 5675 ι
2250 5640 2356 5680 non
2396 5632 2477 5678 cst
2517 5624 2680 5693 igitur
2716 5640 2813 5696 pro
2862 5624 3017 5681 nobis
3058 5621 3237 5679 factus
3279 5622 3463 5686 homo,
3506 5618 3600 5691 qui

405 5793 879 5874 "_I_iom_._v_ttt,__3.
920 5797 973 5852 4.
1037 5798 1095 5874 ff
1129 5798 1401 5874 Joau._ttt,
1437 5800 1522 5856 l7.
1571 5802 1639 5874 __"
1666 5800 1821 5874 Ioan.
1860 5818 1895 5856 li

2006 5800 2058 5874 ξ.
2126 5804 2168 5836 ⁵³
2204 5801 2403 5874 Ephcs.
2442 5817 2501 5869 tt,
2540 5801 2628 5870 II,
2667 5802 2749 5857 15.
2830 5801 2874 5833 ⁸⁸
2916 5800 3022 5856 Ιει.
3054 5816 3173 5865 uti,
3220 5803 3265 5856 vi.
3347 5802 3391 5832 ’ἰ
3417 5794 3596 5851 uelat.

336 5875 423 5924 ιιι,
464 5866 544 5922 15.
622 5865 667 5898 ⁸⁸
706 5863 751 5921 ΙΙ
776 5867 907 5924 Cor.
952 5882 1002 5930 ι’.
1031 5869 1120 5925 21.
1197 5872 1243 5904 ³⁸
1284 5863 1536 5931 Ιεειζιιιι.
1568 5872 1639 5934 5;
1675 5870 1867 5929 II‘ctr.
1904 5863 1966 5938 II,
1995 5872 2088 5931 24.
