3994 6324
464 423 577 480 275

1445 418 1506 475 S.
1545 416 1822 475 CYRILLI
1859 416 2328 473 ALEXANDRINI
2366 417 2679 473 ARCHIEI'.

3594 409 3702 467 276

460 540 617 608 longe
650 548 776 593 ante
812 550 909 591 nos
947 535 1065 590 iuit.
1100 533 1251 603 Quod
1290 533 1335 589 si
1372 547 1499 587 vero
1535 535 1658 603 quis
1698 534 1799 589 hoc
1834 548 2019 589 conce-

2137 536 2270 589 πολὺ
2304 536 2407 605 πρὸ
2434 534 2608 603 ἡμῶν.
2636 534 2696 586 Ei
2729 534 2786 586 δέ
2818 550 2899 596 τις
2934 530 3091 584 τοῦτο
3127 531 3242 600 δοίη
3298 530 3536 600 κρατεῖν,
3576 526 3701 580 οὐτε

459 632 547 684 dat
571 670 585 696 ,
631 644 805 695 neque
844 643 942 682 nos
980 627 1148 681 creati
1187 618 1373 679 sumus
1412 626 1465 678 in
1505 625 1651 694 ipso,
1696 639 1868 692 neque
1910 626 2022 688 ipse

459 734 554 771 nos
591 718 643 769 in
689 732 748 769 sc
787 715 993 778 habuit,
1030 713 1299 782 quomodo
1335 714 1496 781 igitur
1530 714 1581 766 in
1622 729 1784 766 unum
1827 728 2021 765 novum

459 810 728 861 hominem
762 807 811 858 in
836 804 1061 860 Cbristo
1085 804 1370 859 creamur?
1395 804 1556 873 Atqui
1585 804 1841 870 pudorem
1871 804 2022 857 vobis

454 899 622 948 etiam
662 896 965 949 nolentibus
1002 894 1227 948 incutiet
1262 892 1477 959 Paulus,
1514 894 1698 948 dicens
1736 912 1750 947 :
1790 912 1807 944 ι
1851 894 2022 962 Ipsius

454 989 602 1040 cnim
630 996 876 1039 creatura
905 999 1113 1049 sumus,
1141 985 1311 1039 creati
1343 984 1394 1037 in
1424 984 1642 1039 Cbristo
1666 983 1792 1038 Jesu
1810 986 1877 1039 ".
1913 1003 1931 1035 ι
1965 984 2021 1038 Si

458 1090 637 1130 autem
673 1076 836 1131 creati
871 1092 1059 1132 sumus
1097 1076 1148 1130 in
1185 1076 1430 1139 Christo,
1465 1075 1695 1131 Verbum
1736 1076 1898 1145 igitur
1927 1077 2019 1130 Dei

454 1180 656 1221 crcatzr
705 1168 955 1221 essentia:
1004 1182 1107 1220 non
1157 1176 1261 1222 est.
1309 1165 1414 1221 Sed
1459 1166 1675 1236 quando
1723 1167 1898 1221 factus
1941 1176 2024 1222 est

462 1261 651 1320 homo,
690 1259 738 1309 in
780 1259 895 1327 ipso
929 1273 1199 1323 creamur,
1233 1267 1287 1312 et
1322 1258 1433 1326 ipse
1464 1259 1859 1323 quodammodo
1895 1275 2018 1327 pro-

460 1360 583 1415 pter
613 1364 711 1402 nos
735 1349 865 1403 dicit
900 1366 914 1401 :
956 1366 975 1400 ι
1013 1348 1268 1403 Dominus
1305 1350 1511 1402 creavit
1535 1364 1639 1404 me.
1665 1369 1684 1401 ι
1718 1350 1847 1402 Nam
1884 1364 2018 1418 qua-

458 1450 614 1493 tenus
641 1450 723 1494 est
745 1438 1001 1505 Verbum,
1033 1441 1145 1495 haec
1168 1432 1267 1494 vox
1302 1456 1636 1510 nequaquam
1667 1442 1715 1495 ei
1747 1444 2017 1507 convenit,

458 1532 551 1583 sed
582 1541 797 1599 propter
824 1542 1064 1584 nostram
1097 1532 1345 1595 salutem,
1377 1547 1499 1585 cum
1532 1531 1731 1600 alioqui
1763 1535 1836 1587 sit
1863 1548 2017 1587 crea-

460 1631 563 1683 tor,
604 1622 911 1675 incarnatus
951 1634 1064 1687 est,
1103 1630 1160 1675 nt
1198 1638 1292 1675 nos
1356 1623 1403 1673 in
1445 1623 1625 1691 seipso
1666 1633 1880 1677 creatos
1920 1624 2019 1677 ba-

458 1709 611 1770 beus,
634 1709 804 1761 dicat:
836 1726 854 1758 c
894 1708 1151 1764 Dominus
1175 1712 1377 1764 creavit
1406 1726 1511 1764 me.
1546 1728 1563 1761 ι
1593 1714 1670 1765 Ac
1696 1712 1834 1766 sicut
1856 1724 2018 1767 aeter-

460 1812 579 1849 nam
616 1813 767 1850 suam
804 1813 923 1852 cum
960 1798 1117 1852 Patre
1154 1799 1526 1853 exsistentiam
1568 1801 1849 1854 declarans
1888 1804 1961 1855 ait
2002 1823 2015 1858 :

2129 629 2291 695 ἡμεῖς
2326 625 2650 695 ὲκτίσθημεν
2684 626 2741 676 ὲν
2768 624 2936 693 αὐτῷ,
2970 623 3089 675 οὐτε
3115 622 3272 684 αὐτὸς
3299 618 3442 691 εἶχεν
3474 620 3619 688 ἡμᾶς
3642 620 3702 669 ιν

2131 718 2325 786 ἐαυτῷ,
2361 718 2475 778 πῶς
2505 712 2597 769 οὖν
2620 718 2696 777 εἰς
2726 715 2825 767 ⁴ἕνα
2856 715 3039 768 καινὸν
3070 713 3355 782 ἄνθρωπον
3392 714 3446 763 ὲν
3479 707 3702 779 Χριστῷ

2130 809 2457 877 κτιζόμεθα;
2486 806 2804 876 Δυσωπὴσει
2825 806 2931 876 γὰρ
2964 806 3127 875 ὑμᾶς.
3160 805 3264 857 κᾶν
3306 804 3379 873 μὴ
3415 801 3697 873 βούλησθε,

2128 901 2301 969 λέγων
2325 904 2354 955 6
2402 900 2643 961 Παῦλος·
2676 917 2694 949 ι
2729 899 2901 951 Αὐτοῦ
2948 899 3055 969 γάρ
3098 900 3264 966 ἐσμεν
3296 898 3525 965 ποίημα.
3578 910 3698 945 κτισ

2132 993 2348 1057 σθέντες
2407 995 2461 1046 ὲν
2512 991 2732 1062 Χριστῷ
2795 990 3031 1060 Ἰησοῦ.)
3076 989 3135 1043 Ei
3176 990 3233 1043 δὲ
3273 988 3599 1059 ἐκτίσῦημεν
3640 986 3701 1038 ὲν

2129 1084 2368 1155 Χριστῷ,
2417 1085 2517 1137 οὐκ
2551 1083 2660 1153 ἄρα
2696 1084 2918 1151 κτιστῆς
2950 1081 3135 1144 οὐσίας
3184 1079 3335 1134 ἐστὶν
3378 1082 3405 1133 6
3441 1078 3533 1132 τοῦ
3560 1077 3700 1130 θεοῦ

2127 1177 2320 1241 Λόγος.
2371 1174 2506 1227 Ἀλλ’
2524 1174 2613 1227 ὅτε
2642 1173 2864 1241 γέγονεν
2889 1173 3195 1245 ἄνθρωπος.
3238 1173 3296 1224 ὲν
3342 1169 3487 1238 αὐτῷ
3515 1168 3701 1232 κτιζὸ-

2132 1268 2289 1336 μεθα.
2321 1267 2416 1319 καὶ
2449 1266 2610 1329 αὐτός
2642 1268 2753 1319 ἐστι
2785 1266 2986 1336 τρόπον
3013 1264 3133 1318 τινὰ
3161 1264 3230 1317 δι’
3255 1263 3413 1333 ἡμῶν
3440 1266 3465 1315 6
3490 1262 3663 1329 λέγων
3681 1274 3697 1289 ⁸

2136 1379 2155 1410 ι
2188 1359 2389 1427 Κύριος
2423 1358 2607 1411 ἐκτισέ
2654 1375 2740 1427 με.
2774 1376 2791 1408 ι
2824 1358 2897 1409 Οὐ
2928 1356 3037 1426 γὰρ
3129 1356 3301 1421 Λόγος
3323 1356 3486 1414 ἐστὶν,
3523 1352 3701 1422 ἁρμό-

2128 1464 2211 1500 σει
2244 1447 2422 1513 λέγειν
2450 1446 2597 1515 αὐτῷ
2628 1446 2727 1515 τὴν
2760 1444 3013 1514 τοιαύτην
3048 1444 3251 1512 φωνὴν,
3292 1442 3427 1496 ἀλλὰ
3464 1442 3552 1493 διὰ
3601 1440 3702 1509 τὴν

2128 1539 2401 1610 ἡμετέραν
2436 1538 2729 1608 σωτηρίαν,
2762 1537 2937 1590 καίτοι
2972 1536 3193 1604 κτίστης
3237 1532 3333 1596 ὢν,
3370 1533 3593 1601 γέγονεν
3643 1534 3703 1584 ἐν

2130 1632 2321 1703 σαρκὶ,
2361 1633 2447 1683 ἵνα
2477 1634 2621 1701 ἡμᾶς
2652 1632 2710 1683 ἐν
2762 1628 2938 1699 ἐαυτῷ
2971 1628 3317 1697 κτιζομένους
3342 1628 3480 1696 ἔχων
3527 1626 3661 1697 εἴπῃ
3684 1640 3697 1653 ·

2134 1746 2151 1775 ι
2190 1726 2391 1795 Κύριος
2424 1724 2604 1777 ἐκτισέ
2641 1741 2729 1793 με.
2767 1743 2785 1775 ι
2820 1725 2928 1775 Καὶ
2966 1722 3153 1790 ὥσπερ
3178 1720 3277 1789 τὴν
3319 1719 3487 1773 ἀΐδιον
3532 1716 3701 1770 αὐτοῦ

2128 1817 2223 1867 καὶ
2256 1816 2391 1885 μετὰ
2415 1813 2624 1883 Πατρδς
2651 1812 3010 1884 ἐξηγούμενος
3039 1811 3271 1881 ὓπαρξιν
3298 1812 3443 1879 λέγει
3464 1830 3475 1839 ·
3518 1829 3537 1860 ι
3562 1807 3703 1877 Ἐγὼ

465 1906 482 1935 ι
526 1888 633 1954 Ego
669 1904 813 1941 eram
854 1905 960 1955 qua
1003 1893 1303 1957 gaudebat,
1339 1902 1392 1946 et
1432 1892 1676 1959 quotidie
1717 1892 1937 1946 laetabar
1972 1897 2019 1947 iu

2130 1901 2330 1978 ήμηνῇ
2363 1907 2714 1976 προσέχαιρε,
2746 1905 2870 1958 καθ’
2896 1904 3112 1974 ἡμέραν
3139 1902 3195 1955 δὲ
3244 1904 3613 1972 εὐφραινὸμην
3644 1903 3704 1954 ὲν

458 1982 596 2033 lacie
652 1982 820 2048 ipsius
841 1983 921 2047 ⁸⁸;
956 2001 974 2035 ι
1016 1994 1069 2037 et
1117 2000 1301 2037 rursus
1336 2003 1349 2037 :
1396 2003 1414 2035 ‹
1457 1985 1595 2037 Ante
1636 1999 1824 2039 onmes
1863 1988 2024 2041 colles

458 2075 642 2139 genuit
669 2089 750 2126 me.
766 2074 841 2127 "z
870 2092 888 2123 ι
919 2075 989 2126 ita
1018 2077 1234 2143 quando
1262 2087 1480 2143 prepter
1503 2076 1745 2127 omnium
1777 2086 2022 2131 nostrum

456 2160 682 2215 salutem
720 2164 1005 2216 humanam
1070 2162 1299 2218 formam
1344 2163 1541 2223 induit.
1578 2173 1724 2218 recte
1766 2176 1819 2219 ιιι
1865 2179 2024 2222 nomo

458 2252 586 2307 dicit
619 2294 633 2308 .
672 2271 691 2305 ι
730 2254 986 2310 Dominus
1017 2256 1222 2311 creavit
1258 2272 1359 2310 me.
1401 2277 1419 2309 ι

1125 2388 1358 2445 ALIUD.

517 2515 583 2579 Si
615 2516 863 2573 Christus
895 2532 1019 2575 vere
1054 2519 1213 2573 homo
1245 2519 1418 2578 factus
1448 2539 1567 2580 esse
1597 2526 1857 2592 creditur,
1890 2540 2021 2595 quo-

458 2607 615 2661 modo
644 2624 747 2661 non
778 2610 1141 2663 necessarium
1186 2611 1350 2667 fuerit
1376 2624 1434 2667 ut
1466 2616 1669 2670 bomini
1705 2618 1868 2672 etiam
1896 2633 2026 2671 cou-

456 2699 727 2752 venientia
754 2698 1037 2767 loquatur?
1067 2700 1361 2769 Oportebat
1392 2707 1535 2759 enim
1569 2707 1745 2761 dicere
1780 2725 1794 2760 :
1830 2707 1943 2762 Non
1970 2709 2021 2762 in

458 2790 719 2859 principio
743 2805 890 2845 erant
921 2792 1100 2858 homo,
1129 2795 1269 2862 quod
1299 2795 1398 2847 soli
1430 2796 1625 2852 divina:
1658 2808 1864 2853 natura:
1893 2814 2021 2852 cou-

458 2881 631 2944 venit,
666 2882 757 2935 sed
792 2883 934 2950 quod
970 2894 1167 2937 creatae
1202 2888 1521 2942 substantia:
1555 2892 1802 2959 congruit
1839 2892 2023 2945 obser-

458 2986 605 3025 vare.
651 2972 877 3027 Creatus
913 2984 1092 3028 autem
1138 2988 1216 3030 est
1266 2979 1425 3033 liomo
1468 2998 1481 3033 :
1532 2981 1730 3035 idcirco
1788 2982 1961 3050 inquit
2006 3000 2020 3037 :

466 3080 487 3113 ι
527 3061 782 3116 Dominus
811 3064 1016 3117 creavit
1049 3080 1135 3119 me
1170 3086 1183 3121 :
1224 3086 1242 3118 ι
1279 3069 1402 3135 quia
1436 3069 1610 3125 factus
1640 3082 1721 3125 est
1754 3074 1933 3140 homo,
1967 3085 2023 3128 ut

456 3171 667 3226 semper
700 3166 753 3211 et
787 3158 988 3228 absque
1025 3161 1288 3231 principio
1323 3164 1587 3220 exsistere
1624 3166 1725 3225 soli
1766 3164 1876 3223 Deo
1909 3181 2023 3223 ser-

458 3254 633 3300 vetur.

1126 3388 1355 3446 ALIUD.

528 3544 548 3577 ι
600 3523 855 3579 Dominus
895 3526 1101 3580 creavit
1145 3539 1229 3578 me
1272 3524 1595 3593 principium
1639 3526 1846 3578 viarum
1892 3542 2019 3580 sua-

455 3632 596 3669 rum.
641 3635 659 3667 ι
708 3613 763 3668 Si
804 3615 1005 3670 idcirco
1038 3625 1275 3669 creatam
1318 3615 1536 3668 omnino
1572 3614 1692 3669 Filii
1731 3619 2018 3669 essentiam

454 3708 799 3770 existimatis,
828 3721 950 3761 cum
978 3708 1234 3775 deinceps
1266 3707 1393 3759 illud
1449 3709 1712 3761 dicentem
1742 3710 1974 3762 audiatis
2004 3729 2016 3762 :

460 3799 625 3851 «Ante
651 3813 837 3851 omnes
864 3799 1028 3852 colles
1055 3800 1235 3866 genuit
1264 3813 1399 3862 me,»
1431 3800 1583 3851 irrita
1612 3813 1675 3850 ac
1703 3814 1834 3851 vana
1867 3816 2021 3867 pror-

455 3906 546 3943 sus
570 3890 730 3943 l‘uerit
748 3901 920 3943 vestra
946 3892 1242 3950 accusatio,
1266 3905 1367 3957 qua
1390 3898 1632 3943 creatum
1654 3890 1799 3942 illum
1819 3891 2017 3955 dicitis,

455 3998 573 4034 cum
605 3983 688 4034 ille
717 3983 952 4049 genitum
981 3997 1038 4036 se
1064 3996 1186 4035 esse
1214 3982 1377 4034 dicat.
1402 3981 1559 4035 Aliud
1587 3981 1730 4035 enim
1758 3992 1838 4035 est
1868 3998 2019 4035 crea-

457 4082 598 4135 tura,
636 4073 776 4125 aliud
814 4074 1079 4141 genimen.
1138 4071 1249 4124 Iloc
1287 4072 1429 4124 enim
1467 4086 1532 4125 ex
1571 4073 1867 4126 substantia
1904 4072 2019 4137 ejus

453 4164 543 4229 qui
588 4165 753 4231 gignit
797 4162 1109 4217 naturaliter
1149 4161 1307 4234 165
1350 4164 1591 4232 procedit
1639 4181 1652 4216 :
1698 4164 1822 4216 illud
1866 4173 2016 4217 extra

452 4258 681 4323 positum
732 4267 842 4320 est,
889 4267 1140 4327 tanquam
1189 4259 1444 4312 alienum.
1492 4259 1623 4313 Cum
1674 4260 1835 4325 igitur
1881 4258 2019 4311 Deus

450 4348 721 4401 cxsisleus
745 4347 1011 4407 Verbum.
1051 4350 1215 4401 homo
1257 4349 1455 4401 factum
1494 4361 1607 4412 est,
1645 4360 1931 4403 censeatur
1963 4358 2019 4401 ut

453 4438 609 4490 homo
646 4439 823 4492 dicere
860 4458 871 4492 :
913 4457 930 4488 ι
976 4440 1232 4493 Dominus
1272 4441 1479 4494 creavit
1520 4457 1624 4494 uie.
1670 4460 1687 4492 ι
1721 4440 1852 4495 Cmn
1888 4457 2017 4495 vero

450 4528 715 4581 exclamat
751 4548 796 4580 τι
817 4530 955 4583 Ante
988 4545 1175 4583 omnes
1209 4530 1370 4583 colles
1386 4534 1570 4599 genuit
1590 4548 1693 4595 me,
1720 4550 1737 4581 ι
1761 4542 2013 4586 mtcruam

449 4633 597 4670 suam
626 4630 749 4674 autc
765 4620 942 4673 omnia
972 4622 1164 4676 sascnla
1194 4622 1568 4677 exsistentiam
1599 4624 1901 4692 signiﬁcare
1932 4626 2012 4677 in-
2047 4604 2091 4661 ί)

451 4711 673 4764 dicetur.

870 4845 1105 4915 Objectio
1141 4848 1586 4903 adversariorum.

520 4977 703 5042 Atqui,
730 4977 997 5045 inquiunt,
1022 4980 1242 5033 verbum
1271 4981 1389 5044 hoc,
1424 5000 1441 5030 ι
1474 4982 1673 5049 genuit,
1710 5001 1725 5031 ι
1762 4970 1863 5035 non
1894 4998 2009 5034 om-

452 5068 575 5123 nino
609 5066 799 5121 Filium
833 5084 893 5121 ex
931 5072 1161 5126 essentia
1198 5072 1372 5125 Patris
1406 5088 1527 5127 esse
1558 5076 1814 5127 ostendit.
1850 5074 2011 5127 ludif-

452 5158 682 5211 t'crcuter
706 5158 847 5211 enim
880 5160 1046 5211 utitur
1076 5162 1252 5215 verbis
1284 5177 1435 5216 sacra
1466 5163 1764 5230 Scriptura.
1800 5164 1927 5216 Nam
1958 5173 2013 5219 et

450 5252 515 5300 de
546 5250 807 5302 creaturis
842 5249 907 5303 de
941 5251 1132 5315 quibus
1167 5251 1306 5304 nulla
1344 5256 1707 5307 controversia
1744 5266 1842 5319 est,
1881 5272 2010 5311 voce

452 5354 473 5386 ι
507 5336 703 5391 Genuit
738 5356 755 5387 ι
790 5340 975 5401 utitur,
1000 5352 1055 5391 ut
1080 5356 1201 5394 cum
1230 5343 1395 5396 dicit:
1426 5361 1445 5393 ι
1478 5342 1640 5399 Filios
1665 5347 1818 5412 genui
1846 5356 2011 5414 atque

449 5427 675 5480 exaltavi
703 5429 768 5479 '°.
809 5447 827 5479 ι
867 5428 929 5481 Ει
966 5447 1152 5486 rursus
1186 5449 1199 5484 :
1239 5452 1256 5482 ι
1295 5435 1459 5487 Deum
1492 5436 1582 5503 qui
1620 5446 1668 5490 te
1698 5439 1880 5501 genuit
1912 5439 2010 5493 de-

453 5518 714 5585 reliquisti
740 5519 805 5571 “.
848 5538 865 5570 i
906 5521 1030 5575 Item
1071 5541 1082 5575 :
1124 5542 1141 5574 ι
1183 5523 1313 5589 Quis
1347 5534 1429 5579 cst
1470 5527 1559 5594 qui
1600 5530 1783 5596 genuit
1826 5529 2010 5598 glebas

449 5606 588 5662 roris
609 5608 696 5660 "?
732 5627 750 5659 ι
788 5609 967 5681 Neque
995 5616 1137 5668 cnim
1172 5629 1266 5683 per
1296 5616 1396 5671 hoc
1435 5617 1596 5671 Deum
1632 5622 1768 5673 roris
1800 5631 2006 5688 patrem

516 5803 559 5834 ετ
596 5804 790 5875 prcs.
823 5823 879 5872 ll,
917 5810 998 5866 l0.
1078 5810 1120 5841 “
1146 5808 1305 5867 Prov.
1339 5828 1453 5876 \‘lli,
1480 5813 1565 5868 51.
1643 5815 1687 5845 ⁸³
1728 5814 1857 5868 Ibid.
1885 5813 1973 5865 25.

2053 5814 2095 5844 οπο
2126 5812 2226 5867 La.
2265 5832 2299 5867 ι.
2329 5816 2380 5868 9.
2460 5817 2496 5844 ιι
2540 5812 2668 5868 una.
2707 5816 2756 5867 ιι.

2128 2002 2403 2070 προσώπῳ
2428 1999 2615 2052 αὐτοῦ’
2646 2018 2663 2048 ι
2697 1999 2793 2051 καὶ
2816 1998 2978 2049 πάλιν
2997 2014 3010 2027 ·
3048 2016 3064 2045 ι
3099 1996 3208 2063 [ipa
3237 1996 3293 2048 δὲ
3326 1996 3541 2048 πάντων
3578 1992 3703 2061 βου-

2125 2090 2231 2141 νῶν
2260 2091 2424 2162 γεννᾷ
2466 2107 2531 2159 με
2552 2107 2564 2119 ·
2607 2109 2625 2142 ι
2661 2088 2836 2151 οὕτως
2872 2090 2960 2141 ὅτε
2996 2085 3083 2139 διὰ
3122 2084 3221 2155 τὴν
3256 2084 3509 2137 ἁπάντων
3544 2079 3701 2151 ἡμῶν

2127 2180 2401 2249 σωτηρίαν
2430 2183 2529 2252 τὴν
2561 2178 2849 2251 ἀνθρώπου
2892 2176 3103 2248 μορφὴν
3129 2174 3434 2233 ἐνεδύσατο,
3475 2172 3701 2234 εἰκότως

2124 2274 2198 2336 ὡς
2233 2274 2517 2345 ἄνθρωπος
2551 2272 2732 2339 λέγει·
2770 2290 2788 2319 ι
2826 2270 3028 2341 Κύριος
3061 2268 3243 2321 έκτισέ
3282 2284 3369 2337 με.
3407 2285 3424 2317 ι

2810 2404 3013 2457 ΑΛΛΟ.

2196 2545 2258 2597 Εἰ
2307 2542 2591 2611 ἄνθρωπος
2627 2540 2795 2602 ὅντως
2840 2534 3167 2607 γεγενῆσθαι
3208 2530 3522 2586 πιστεύεται
3562 2529 3698 2597 Χρι-

2128 2638 2270 2700 στὸς,
2307 2636 2422 2695 πῶς
2455 2634 2555 2687 οὐκ
2580 2633 2875 2699 ἀναγκαῖον
2902 2630 2969 2683 τὰ
2997 2625 3268 2698 ἀνθρώπῳ
3301 2624 3580 2694 πρέποντα
3606 2621 3698 2674 λα·

2133 2728 2243 2779 λεῖν
2268 2745 2281 2791 ;
2317 2726 2463 2779 Ἔδει
2482 2725 2588 2794 γὰρ
2614 2725 2807 2776 εἰπεῖν·
2837 2723 2950 2775 Οὐκ
2970 2723 3029 2774 ὲν
3048 2722 3189 2790 ἀρχῇ
3214 2720 3361 2789 ήμην
3388 2714 3697 2785 ἄνθρωπος,

2124 2816 2152 2868 ὃ
2191 2816 2327 2885 μόνῃ
2367 2814 2567 2884 πρέπει
2597 2814 2663 2882 τῇ
2698 2810 2818 2879 Θείᾳ
2846 2808 3028 2876 φύσει,
3058 2808 3194 2859 ἀλλὰ
3230 2805 3469 2873 τηρῆσαι
3505 2801 3565 2851 τὸ
3597 2800 3696 2870 ἁρ-

2129 2907 2289 2978 μόζον
2309 2908 2374 2976 τῇ
2402 2905 2509 2957 τῶν
2532 2902 2775 2972 γενητῶν
2798 2901 2976 2970 οὐσίᾳ..
2997 2897 3229 2968 Γενητὸς
3258 2897 3313 2950 δὲ
3338 2899 3366 2948 6
3391 2893 3694 2964 ἅνθρωπος·

2124 2996 2211 3048 διὰ
2239 2995 2398 3048 τοῦτό
2426 3009 2588 3063 φησι·
2641 3011 2660 3043 ι
2707 2992 2910 3061 Κύριος
2948 2988 3128 3041 ἔκτισέ
3165 3004 3256 3057 με,
3312 3004 3329 3036 ι
3365 2984 3446 3036 ὅτι
3476 2981 3700 3050 γέγονεν

2124 3089 2428 3157 ἄνθρωπος,
2473 3086 2561 3140 ἶνα
2588 3085 2647 3138 τὸ
2675 3085 2762 3137 ἀεὶ
2795 3082 3045 3152 ἀνάρχως
3076 3076 3215 3133 εἶναι
3264 3078 3410 3148 μόνῳ
3458 3074 3700 3144 σώζηται

2124 3181 2260 3251 Θεῷ.

2808 3396 3009 3448 ΑΛΛΟ.

2198 3557 2214 3588 ι
2256 3534 2456 3605 Κύριος
2500 3529 2679 3583 ἐκτισὲ
2716 3546 2781 3598 με
2820 3527 2995 3598 ἀρχὴν
3029 3523 3162 3577 ὀδών
3215 3521 3399 3575 αὐτού.
3444 3542 3460 3571 ι
3505 3521 3564 3572 Ei
3611 3520 3697 3572 διὰ

2122 3630 2323 3695 ταύτην
2350 3624 2525 3679 οἴεσθε
2555 3622 2649 3692 τὴν
2688 3621 2890 3688 φωνὴν,
2927 3618 3148 3685 κτιστὴν
3182 3611 3320 3667 εἶναι
3362 3615 3579 3675 παντως
3606 3609 3697 3665 τοῦ

2126 3718 2253 3769 Υἰοῦ
2276 3718 2372 3785 τὴν
2395 3714 2607 3775 οὐσίαν,
2625 3714 2752 3764 ὅταν
2780 3708 2975 3777 ἐφεξῆς
3010 3706 3269 3775 φαίνηται
3300 3705 3471 3771 λέγων
3490 3721 3501 3733 ι
3544 3723 3562 3753 ι
3589 3701 3699 3772 Πρδ

2121 3810 2176 3862 δὲ
2198 3810 2412 3861 πάντων
2439 3805 2639 3875 βουνῶν
2666 3804 2831 3873 γεννᾷ
2864 3819 2952 3871 με,
2986 3821 3002 3850 ›
3027 3799 3364 3867 διαφευγέτω
3394 3797 3488 3849 τοῦ
3517 3797 3697 3849 κεκτί-

2124 3900 2246 3953 σθαι
2268 3900 2329 3950 τὸ
2366 3898 2636 3965 ἔγκλημα,
2665 3892 3023 3962 γεγεννῆσθαι
3053 3891 3276 3959 φάσκων
3309 3888 3519 3940 ἑαυτόν.
3540 3888 3694 3939 Ἐτε-

2125 4009 2214 4061 ρον
2239 3990 2347 4059 γάρ
2376 3989 2427 4041 τί
2459 3989 2573 4041 ἐστι
2608 3987 2756 4056 παρὰ
2786 3984 2845 4035 τὸ
2880 3985 3085 4052 κτίσμα
3115 3983 3175 4035 τὸ
3201 3982 3466 4050 γέννημα.
3492 3980 3565 4032 Τὸ
3600 3980 3695 4049 μὲν

2120 4084 2226 4153 γὰρ
2265 4084 2327 4133 ὲκ
2360 4081 2457 4149 τῆς
2482 4079 2669 4140 οὐσίας
2710 4077 2803 4129 τοῦ
2828 4076 3125 4144 γεννῶντος
3165 4074 3381 4143 πρόεισι
3414 4070 3689 4141 φυσικῶς·

2118 4173 2178 4224 τὸ
2210 4173 2265 4224 δὲ
2296 4170 2495 4234 ἔξωθέν
2524 4171 2690 4232 ἐστιν,
2721 4167 2795 4229 ὡς
2835 4167 3133 4234 ἀλλότριον.
3168 4165 3230 4217 Εἰ
3257 4163 3433 4215 τοίνυν
3459 4162 3592 4224 Θεὸς
3621 4159 3695 4213 ὢν

2118 4267 2145 4318 ὁ
2176 4265 2341 4331 Λόγος
2362 4263 2582 4331 γέγονεν
2611 4262 2705 4315 ἄνο
2715 4278 2918 4331 ρωπος,
2947 4259 3150 4326 λεγέτω
3171 4258 3267 4327 μὲν
3289 4256 3363 4319 ώς
3386 4255 3690 4320 ἄνθρωπος’

2126 4377 2142 4406 ι
2183 4356 2382 4423 Κύριος
2440 4354 2620 4406 ἑκτισέ
2658 4371 2745 4423 με.
2788 4371 2806 4402 ι
2852 4352 2961 4421 Τὴν
3008 4351 3064 4403 δὲ
3101 4345 3425 4417 προαιώνιον
3462 4347 3695 4417 ὓπαρξιν

2118 4448 2279 4499 αὐτοῦ
2322 4446 2667 4515 σημαινέτω,
2702 4444 2869 4513 βοῶν·
2918 4463 2935 4495 ι
2972 4442 3084 4513 Πρὸ
3115 4441 3170 4494 δὲ
3222 4442 3442 4493 πάντων
3491 4438 3695 4509 gowth

2117 4554 2279 4609 γεννᾳ
2304 4555 2389 4606 με.
2423 4559 2439 4588 ι

2340 4846 2667 4911 Ἀντίθεσις
2708 4846 2786 4911 ώς
2819 4846 2885 4898 ἐκ
2914 4845 3032 4899 τῶν
3064 4846 3137 4899 64‘
3176 4848 3479 4911 ἐναντίας.

2190 4980 2261 5029 Οὐ
2287 4978 2522 5041 πάντως,
2562 4981 2711 5047 φασὶ,
2738 4978 2797 5031 τὸ
2836 4997 2854 5028 ι
2885 4979 3175 5046 ἐγέννησεν
3222 4997 3237 5027 ι
3285 4979 3348 5028 ἐκ
3381 4976 3481 5043 τῆς
3506 4976 3690 5036 οὐσίας

2121 5070 2212 5120 τοῦ
2240 5071 2449 5139 "ergo;
2486 5071 2610 5122 ὄντα
2641 5071 2875 5123 δεικνύει
2911 5070 3003 5122 τὸν
3050 5070 3197 5123 Υἱόν.
3248 5069 3557 5137 ’Λδιαερορεῖ
3584 5069 3691 5137 γὰρ

2122 5162 2248 5230 περὶ
2270 5162 2364 5222 τὰς
2393 5160 2564 5226 λέξεις
2600 5164 2631 5231 ἡ
2665 5162 2783 5213 Θεία
2806 5162 3017 5231 Γραφή.
3051 5161 3161 5212 Καὶ
3202 5160 3310 5229 γὰρ
3342 5159 3433 5211 καὶ
3464 5160 3556 5211 ἐπὶ
3586 5159 3689 5211 τῶν

2118 5257 2285 5319 ὅντως
2343 5259 2658 5326 κτισμάτων
2702 5256 2793 5309 καὶ
2822 5254 3129 5323 ἀντιλογίαν
3176 5255 3275 5305 οὐκ
3334 5254 3570 5321 ἐχόντων
3612 5254 3689 5315 εἰς

2116 5349 2273 5401 τοῦτο
2303 5349 2479 5418 τίθησι
2504 5349 2584 5407 τὸ,
2616 5369 2633 5399 ι
2675 5348 2981 5415 ἐγέννησεν,
3008 5368 3024 5396 ι
3044 5346 3116 5408 ώς
3147 5346 3276 5397 ὅταν
3303 5345 3433 5415 λέγῃ
3455 5361 3467 5373 ’
3499 5344 3688 5406 «Υίοὺς

2116 5437 2379 5507 ἐγέννησα
2404 5440 2492 5491 καὶ
2520 5438 2726 5507 ὖψωσα.
2762 5458 2778 5487 ι
2817 5440 2923 5491 Καὶ
2954 5438 3143 5489 πάλιν·
3178 5455 3195 5487 ι
3220 5437 3352 5489 Θεδν
3382 5437 3474 5488 τὸν
3502 5438 3688 5505 γεννή-

2118 5532 2285 5585 σαντά
2317 5548 2374 5581 σε
2403 5531 2777 5597 ἐγκατέλιπες.
2823 5550 2840 5581 ι
2887 5532 3014 5591 Καὶ,
3052 5550 3070 5579 r
3109 5531 3203 5591 Τίς
3234 5533 3377 5581 ἐστιν
3399 5531 3425 5579 ὁ
3454 5529 3687 5591 taroxt‘»;

2119 5622 2317 5685 Βώλους
2357 5622 2545 5692 δρόσου
2572 5639 2616 5686 ;›
2649 5624 2722 5674 υύ
2744 5623 2850 5691 γὰρ
2876 5624 2938 5691 δή
2970 5638 3066 5674 που
3094 5622 3184 5673 καὶ
3216 5620 3405 5693 δρόσου
3436 5620 3685 5688 γενέσθαι

2838 5817 2879 5846 η
2915 5813 3012 5869 Job
3044 5830 3271 5879 xxxvm,
3306 5813 3394 5870 38.
