3994 6324
290 380 393 436 277

1680 384 2125 445 THESAURUS.

3467 378 3575 449 e78

288 497 502 568 πατέρα
550 500 797 566 φυσικῶς
854 499 1086 571 ἐροῦμεν
1135 502 1221 555 τὸν
1269 502 1404 555 Θεὸν
1436 503 1525 556 διὰ
1558 503 1737 558 τοῦτο.
1777 506 1865 559 Ἓν

1982 506 2303 560 naturaliter
2349 521 2470 563 esse
2513 507 2768 564 dicimus.
2814 506 2961 563 Idem
3011 506 3193 575 itaque
3235 506 3319 561 est
3362 522 3574 575 gemui,

288 590 576 659 τοιγαροῦν
608 591 761 645 ἔσται
794 594 884 645 καὶ
900 594 960 645 τὸ
985 595 1115 646 αὐτὸ
1144 595 1222 664 τῷ
1245 596 1449 649 ἔκτισε
1478 596 1538 648 τὸ
1556 596 1872 665 ἐγέννησε,

290 685 378 735 καὶ
405 687 491 750 ἐφ’
542 684 671 735 Υίοῦ
704 686 1049 756 ταττόμενον.

846 800 1032 865 Λύσις
1067 800 1291 867 ἐφεξῆς

352 889 467 961 Τὴν
505 890 607 959 μὶν
635 891 787 945 θείαν
813 893 1034 963 Γραφὴν
1066 894 1467 964 ἀδιαφοροῦσαν
1500 895 1626 966 περὶ
1656 896 1751 959 τὰς
1784 897 1871 949 λέ-

288 981 395 1045 ξεις
433 982 695 1046 πολλάκις
727 984 1054 1054 εὑρήσομεν,
1078 984 1138 1036 οὐ
1165 985 1271 1054 μὴν
1298 986 1600 1053 ἀγνοοῦσαν
1625 989 1724 1058 τὴν
1746 988 1873 1040 ἑκά-

287 1090 419 1140 στης
444 1074 698 1143 δύναμιν,
746 1076 1198 1145 καταχρηστικῶς
1223 1076 1279 1129 δὲ
1310 1077 1423 1131 [σθ’
1452 1080 1539 1132 ὅτε
1572 1080 1870 1150 δεχομένην

286 1165 477 1229 αὑτάς.
548 1166 669 1219 Ἐπὶ
695 1197 700 1205 -
724 1167 822 1236 μὲν
856 1167 964 1236 γὰρ
996 1166 1106 1220 τῶν
1145 1170 1467 1239 ποιημάτων
1518 1170 1607 1222 ὅτε
1644 1173 1869 1242 κτιστῆς

274 1256 470 1320 οὐσίας
510 1258 647 1310 αὐτά
678 1257 942 1310 δεικνύειν
987 1258 1276 1327 βούλεται,
1323 1260 1500 1329 λέγει·
1532 1281 1550 1313 t
1603 1261 1691 1315 Ἐν
1726 1264 1866 1334 ἀρχῇ

283 1346 545 1415 ἐποίησεν
590 1348 617 1399 6
658 1346 789 1410 Θεὸς
831 1346 920 1399 τὸν
970 1348 1196 1417 οὐρανὸν
1230 1352 1322 1402 καὶ
1351 1350 1451 1421 τὴν
1476 1351 1603 1421 γῆν.
1650 1382 1721 1392 —
1758 1354 1869 1406 Kal.

281 1436 546 1505 ἐποίησεν
570 1438 599 1489 ό
625 1438 753 1502 Θεὸς
775 1438 867 1491 τὸν
890 1440 1199 1512 ἄνθρωπον.
1225 1460 1241 1491 ι
1271 1443 1384 1495 Οὐκ
1415 1443 1732 1514 ἐγέννησεν,
1752 1446 1867 1499 ἀλλ’

280 1527 530 1598 ἐποίησε.
566 1529 675 1601 Τὴν
722 1530 777 1585 δὲ
808 1530 903 1584 τοῦ
930 1532 1131 1586 οἰκείου
1162 1534 1335 1602 Λόγου
1378 1535 1635 1605 γέννησιν
1669 1540 1696 1589 6
1735 1537 1868 1601 Θεὸς

279 1624 683 1695 ἐξηγούμενος·
732 1646 749 1677 t
797 1626 1185 1697 Ἐξηρεύξατο,
1226 1632 1421 1699 φησὶν,
1458 1634 1491 1700 ἡ
1529 1632 1727 1703 καρδία
1765 1651 1866 1703 μου

278 1716 454 1781 Λόγον
490 1716 713 1784 ἀγαθόν.
737 1737 755 1768 ι
787 1719 897 1773 Καὶ
924 1722 1035 1783 τοῖς
1069 1721 1168 1789 μὲν
1186 1722 1477 1791 κτίσμασιν
1500 1723 1755 1794 ὁρίζουσα
1774 1724 1867 1777 τοῦ

277 1805 417 1861 εἶναι
456 1809 559 1879 τὴν
589 1810 783 1881 ἀρχὴν,
829 1810 977 1879 λέγει
1024 1812 1185 1865 πάλιν
1226 1814 1256 1883 ἡ
1298 1813 1417 1867 θεία
1450 1814 1674 1888 Γραφή’
1716 1834 1733 1867 t
1780 1817 1867 1869 Ἐν

275 1900 420 1969 ἀρχῇ
458 1900 745 1969 ἐποίησεν·
787 1921 803 1952 t
842 1903 934 1954 ἐπὶ
963 1902 1020 1955 δὲ
1048 1903 1142 1956 τοῦ
1172 1904 1306 1956 Θεοῦ
1342 1904 1548 1974 Λόγουο
1584 1908 1706 1960 (Ἑν
1721 1909 1862 1979 ἀρχῇ

273 1988 343 2061 ἦν
377 1996 406 2045 6
437 1992 609 2060 Λόγος
653 2014 670 2043 ι
695 1994 819 2057 Τοῖς
852 1996 950 2065 μὲν
984 1993 1079 2049 οῦν
1110 1996 1404 2066 κτίσμασιν
1434 2000 1461 2051 6
1487 2000 1678 2071 χρόνος
1720 2002 1866 2053 ἐστὶν

274 2084 306 2150 ἠ
338 2081 509 2152 ἁρχὴ,
547 2084 575 2136 6
612 2082 667 2135 δὲ
718 2084 823 2153 πρὸ
876 2084 987 2137 τῶν
1024 2084 1236 2138 αἰώνων
1293 2088 1555 2158 ὑπάρχων
1582 2089 1676 2141 τοῦ
1727 2089 1864 2143 Θεοῦ

275 2175 470 2243 Λόγος,
506 2174 683 2247 ἀρχὴν
716 2176 829 2245 ἔχει
854 2176 1015 2245 μόνον
1044 2176 1133 2229 τὸν
1154 2177 1390 2248 ἄναρχον
1415 2179 1655 2251 Πατέρα.
1680 2180 1866 2244 ἁῖδίως

275 2264 351 2319 ὣν
390 2269 449 2320 ὲν
481 2266 649 2337 αὐτῷ.
690 2266 903 2339 Ὥσπερ
944 2263 1038 2322 οῦν
1067 2268 1160 2321 ἐπὶ
1192 2270 1299 2322 τῶν
1333 2270 1501 2332 ὅντως
1547 2272 1866 2342 κτισμάτων

275 2359 364 2412 ὅτε
402 2359 465 2413 τὸ
497 2358 790 2428 ἐγέννησε
818 2363 1017 2423 κεῖται,
1043 2362 1503 2432 καταχρηστικῶς
1545 2366 1639 2417 καὶ
1671 2366 1732 2418 οὐ
1766 2383 1863 2435 φυ-

277 2451 448 2515 σικῶς
469 2453 710 2523 νοητέον.
732 2451 906 2514 οὕτως
925 2455 1052 2508 ὅταν
1082 2456 1176 2507 ἐπὶ
1200 2456 1293 2509 τοῦ
1330 2456 1499 2520 ὅντως
1525 2459 1867 2529 γεννήματος

275 2544 355 2609 τὸ,
402 2544 735 2613 ἔκτισεν-,ἥ
790 2544 1044 2612 ἐποίησε
1096 2547 1357 2617 φέρεται,
1408 2550 1865 2621 καταχρηστικῶς

276 2635 519 2707 νοητέον,
554 2636 873 2707 σωζομένης
902 2636 1051 2707 αὑτῷ
1079 2638 1178 2707 τῆς
1213 2637 1459 2706 φυσικῶς
1486 2638 1858 2709 γνησιότητος.

272 2730 403 2792 Τοῖς
431 2730 532 2799 μὲν
553 2728 659 2800 γὰρ
687 2729 983 2799 κτίσμασιν
1032 2731 1066 2800 ἡ
1106 2730 1266 2801 χάρις
1295 2729 1355 2783 τὸ
1388 2731 1686 2800 ἐγέννησε
1725 2749 1863 2803 προ-

274 2822 436 2887 ξενεῖ·
469 2823 549 2893 τῷ
576 2824 631 2877 δὲ
655 2826 934 2895 ἀγεννήτῳ
950 2825 1044 2879 καὶ
1067 2825 1309 2897 ἀκτίστῳ
1337 2826 1496 2897 Λόγῳ
1517 2825 1609 2879 τοῦ
1629 2827 1861 2897 Πατρὸς,

274 2918 309 2983 ἠ
340 2915 440 2985 τῆς
468 2916 890 2988 ἀνθρωπότητος
922 2918 1082 2987 χρεία
1111 2918 1174 2975 τὸ
1190 2918 1367 2987 λέγειν
1401 2919 1593 2972 ἑαυτὸν
1617 2920 1863 2973 ἐκτίσθαι

272 3006 481 3061 δίδωσι.
516 3008 625 3061 Καὶ
646 3008 714 3061 τὰ
746 3009 843 3084 μὲν
869 3008 1145 3080 κτίσματα
1166 3010 1310 3082 λόγῳ
1337 3012 1433 3065 καὶ
1461 3010 1714 3083 βουλήσει
1729 3012 1863 3066 Θεοῦ

274 3096 526 3151 καλεῖται
575 3098 712 3169 πρὸς
747 3100 1041 3157 υἱοθεσίαν.
1090 3120 1107 3152 t
1157 3102 1300 3171 Ἐγὼ
1330 3104 1440 3171 γὰρ
1480 3099 1628 3171 εἶπα,
1673 3107 1861 3175 φησὶν,

1980 602 2120 669 quod
2150 604 2361 663 creavil,
2396 618 2520 655 cum
2554 602 2617 657 de
2650 602 2788 656 Filio
2820 603 3040 655 dicitur.

2484 804 2690 860 Salutio
2724 804 3054 873 objectionia.

2048 898 2437 964 Saepenumero
2469 898 2685 964 quidem
2727 910 2941 951 sacram
2988 893 3328 962 Scripturam
3370 889 3571 959 promi-

1977 1004 2107 1043 scue
2130 987 2685 1057 atqueindiﬂ‘erenter
2715 986 2940 1041 vocibus
2974 984 3050 1039 uti
3084 978 3568 1054 reperiemusmou

1976 1081 2117 1150 quod
2160 1081 2266 1134 vim
2306 1082 2645 1151 singularum
2686 1086 3027 1150 perspectam
3065 1091 3170 1131 non
3210 1074 3430 1137 habeat,
3473 1071 3569 1127 sed

1974 1175 2120 1243 quod
2161 1174 2383 1228 abusive
2426 1186 2822 1242 nonnunquam
2872 1185 2966 1224 eas
3018 1168 3273 1237 accipiat.
3322 1163 3459 1219 Nam
3502 1162 3569 1216 de

1972 1268 2255 1334 operibus,
2300 1280 2422 1319 cum
2473 1265 2559 1318 illa
2610 1271 2809 1319 creatae
2858 1271 3066 1315 natura:
3111 1273 3232 1314 esse
3279 1254 3570 1312 ostendere

1974 1362 2112 1423 vult,
2138 1362 2209 1413 ita
2239 1360 2314 1413 ait
2340 1376 2352 1411 :
2390 1378 2407 1409 ι
2440 1357 2494 1411 In
2524 1354 2793 1425 principio
2822 1354 2947 1407 fecit
2980 1354 3121 1407 Deus
3148 1350 3347 1405 ςωιιιηι
3376 1356 3431 1403 et
3460 1356 3569 1401 ter-

1974 1466 2108 1504 ram.
2140 1480 2210 1490 ——
2250 1448 2315 1503 Et
2353 1446 2482 1502 fecit
2519 1448 2660 1501 Deus
2694 1444 2993 1499 hominem.
3020 1461 3039 1495 t
3072 1440 3187 1495 Non
3223 1438 3434 1508 genuit,
3472 1434 3566 1490 sed

1972 1543 2118 1597 fecit.
2171 1541 2313 1597 Deus
2363 1551 2543 1596 autem
2577 1537 2738 1593 Verbi
2778 1535 3188 1606 generationem
3226 1530 3515 1584 declarans
3547 1543 3563 1580 :

1978 1649 1995 1681 ι
2038 1630 2340 1695 Eructavit,
2376 1629 2575 1698 inquit,
2608 1642 2706 1682 cor
2731 1641 2909 1681 meum
2939 1622 3171 1676 Verbum
3207 1622 3407 1675 bonum
3434 1618 3500 1669 “.
3540 1636 3559 1669 ι

1975 1722 2182 1775 Rursus
2229 1735 2395 1785 sacra
2434 1718 2893 1787 Scriptura,cum
2944 1712 3217 1767 creaturis
3264 1707 3564 1763 exsistendi

1972 1811 2293 1880 principium
2322 1809 2531 1874 deﬂuit,
2551 1810 2625 1861 ita
2655 1805 2927 1876 loquitur:
2952 1822 2971 1854 ι
2997 1803 3051 1856 lu
3076 1799 3340 1873 principio
3364 1798 3513 1861 fecit,
3541 1815 3558 1847 ι

1970 1912 2023 1956 at
2061 1904 2126 1957 de
2164 1902 2255 1957 Dei
2299 1898 2479 1956 Verbo
2516 1901 2786 1969 loquens:
2827 1916 2845 1949 ι
2880 1896 2936 1951 In
2978 1894 3247 1965 principio
3283 1900 3403 1948 erat
3433 1890 3565 1945 νοτ.

1970 1995 2115 2048 bum.
2154 2014 2171 2047 ι
2202 1993 2483 2051 Creatnris
2510 1994 2693 2063 itaque
2721 2001 2935 2061 tempus
2961 1998 3042 2045 est
3075 1986 3433 2059 principium;
3468 1983 3563 2038 sed

1973 2088 2063 2141 Dei
2104 2086 2341 2141 Verbum
2388 2096 2516 2140 ante
2558 2084 2755 2139 saecula
2803 2081 3079 2137 exsistens
3124 2078 3298 2133 solum
3345 2074 3562 2129 Patrem

1971 2179 2223 2249 principii
2260 2186 2537 2249 expertem
2575 2176 2902 2245 principium
2942 2174 3128 2235 habet,
3164 2172 3231 2224 ab
3264 2176 3472 2224 aeterno
3509 2164 3562 2217 in

1971 2272 2085 2340 ipso
2141 2270 2432 2326 exsistens.
2479 2267 2949 2335 Quemadmodum
2999 2265 3163 2337 igitur
3206 2277 3328 2318 cum
3378 2262 3444 2316 de
3497 2259 3564 2313 iis

1968 2376 2088 2430 qua:
2133 2376 2262 2416 vere
2308 2369 2573 2415 creatura:
2615 2365 2762 2424 sunt,
2807 2358 3026 2424 dicitur,
3068 2354 3271 2425 genuit,
3315 2351 3561 2415 abusive,

1973 2468 2081 2506 non
2123 2452 2449 2507 naturaliter
2482 2449 2892 2523 intelligendum
2932 2458 3016 2505 est
3049 2464 3064 2502 :
3096 2448 3168 2501 ita
3212 2443 3563 2513 quandocun-

1968 2558 2072 2613 que
2103 2544 2170 2598 de
2198 2558 2264 2597 eo
2294 2543 2386 2613 qui
2412 2558 2540 2598 vere
2568 2543 2821 2610 genimen
2854 2550 2960 2606 est,
2990 2540 3211 2603 dicitur,
3228 2537 3446 2601 creavit,
3476 2534 3558 2587 vel

1968 2634 2114 2704 fecit,
2152 2635 2377 2689 abusive
2417 2635 2743 2690 sumendum
2782 2641 2891 2698 est,
2926 2642 3143 2687 servata
3183 2629 3287 2699 ipsi
3327 2624 3559 2681 naturali

1968 2742 2064 2782 sua
2096 2728 2448 2797 proprietate.
2479 2726 2668 2781 Gratia
2698 2726 2845 2781 enim
2876 2725 2980 2779 boc
3006 2723 3279 2779 creaturis
3307 2722 3560 2791 largitur,

1967 2830 2026 2873 ut
2046 2819 2113 2874 de
2136 2821 2201 2875 iis
2218 2820 2449 2885 dicatur,
2474 2822 2669 2889 genuit.
2692 2816 2941 2874 lncreato
2963 2824 3144 2871 autem
3170 2824 3337 2884 atque
3357 2822 3562 2869 aeterno

1968 2910 2061 2965 Dei
2104 2911 2310 2975 Verbo,
2350 2911 2743 2965 incarnationis
2795 2913 3007 2965 ratione
3061 2910 3164 2963 hoc
3204 2908 3463 2962 tribuitur
3503 2916 3563 2959 ut

1966 3010 2212 3055 creatum
2250 3001 2481 3055 dicatur.
2515 2999 2582 3054 Et
2618 3011 2882 3055 creatura:
2913 3001 3133 3069 quidem
3177 2998 3345 3052 verbo
3375 3012 3438 3050 ac
3468 3009 3564 3049 vo-

1968 3095 2177 3147 luntate
2211 3090 2304 3147 Dei
2337 3104 2599 3146 vocantur
2632 3092 2682 3146 in
2720 3092 3065 3160 adoptionem
3106 3090 3361 3146 ﬁliorum.
3397 3108 3415 3140 t
3452 3086 3564 3159 Ego

275 3189 392 3241 υύκ
421 3189 709 3261 ἐγέννησα.
749 3210 767 3242 ι
818 3193 875 3246 '0
904 3192 959 3245 δὲ
992 3192 1121 3257 Tib;
1154 3193 1253 3263 τὴν
1282 3193 1521 3267 ᾶρῤητον
1547 3196 1742 3249 ἑαυτοῦ
1780 3198 1865 3250 καῖ

1977 3184 2118 3237 enim
2151 3184 2283 3249 dixi,
2314 3184 2521 3253 inquit:
2554 3183 2667 3239 Non
2698 3185 2978 3253 genui“.t
3012 3184 3182 3238 Filius
3208 3199 3339 3238 vero
3370 3182 3563 3238 ineﬂ'a-

277 3276 518 3345 φυσικὴν
564 3277 631 3329 ὲκ
676 3278 890 3349 Πατρδς
930 3280 1188 3351 γέννησιν
1240 3283 1608 3353 καταμηνύων
1639 3284 1863 3353 ἔλεγεν·

281 3384 301 3416 t
325 3366 470 3434 Ἐγὼ
508 3368 574 3419 ὲκ
596 3368 691 3423 τοῦ
719 3371 931 3441 Πατρὸς
960 3372 1185 3442 ἐξῆλθον
1209 3376 1302 3428 καὶ
1328 3376 1468 3446 ήκω.
1511 3396 1530 3429 ι
1564 3377 1676 3430 Καὶ
1707 3377 1869 3431 πάλιν

275 3458 365 3510 ἒτε
376 3476 468 3526 ρον
504 3459 705 3513 ἑαυτὸν.
726 3462 877 3532 παρὰ
901 3462 1000 3535 τὴν
1029 3463 1137 3517 τῶν
1162 3466 1407 3536 γενητῶν
1424 3466 1587 3535 φύσιν
1615 3468 1742 3522 ὄντα
1768 3469 1869 3523 6st-

276 3551 489 3614 κνύων,
530 3552 724 3622 φησίν·
761 3573 779 3605 t
830 3554 1018 3626 Ὑμεῖς
1040 3558 1105 3609 ὲκ
1133 3556 1243 3610 τῶν
1267 3558 1419 3613 κάτω
1463 3560 1615 3625 ἐστὲ,
1661 3558 1772 3629 ἐγὼ
1805 3563 1868 3614 ὲκ

277 3641 387 3695 τῶν
414 3643 528 3696 ἂνω
559 3645 697 3713 είμί.
740 3665 758 3697 ›
792 3646 866 3700 Οὐ
898 3647 1007 3719 γὰρ
1034 3650 1098 3719 δή
1130 3667 1214 3713 τις
1249 3652 1365 3721 ἐρεῖ
1390 3652 1689 3724 σωφρονῶν
1711 3670 1865 3707 τοπι-

280 3738 397 3798 κοῖς
437 3737 532 3788 καὶ
560 3737 1014 3808 διαστηματικοῖς
1058 3742 1347 3813 ύψώμασιν
1390 3746 1868 3816 ἀποσεμνύνεσθαι

280 3824 368 3877 τὸν
402 3826 496 3878 τοῦ
536 3827 671 3879 Θεοῦ
703 3829 873 3898 Λόγον
893 3848 905 3860 ·
930 3831 1067 3884 ἀλλὰ
1112 3834 1172 3886 1:6
1205 3834 1304 3904 μὲν
1331 3836 1584 3891 ταπεινὸν
1612 3838 1713 3907 τῆς
1747 3856 1867 3891 κτι-

282 3916 414 3985 στῆς
447 3917 637 3982 οὐσίας
686 3919 774 3974 διὰ
807 3922 903 3975 τοῦ
938 3922 1097 3978 κάτω
1127 3927 1492 3995 σημαίνεται,
1528 3930 1590 3982 τὸ
1635 3930 1692 3983 δὲ
1732 3929 1867 4001 ὕψος

279 4008 377 4078 τῆς
405 4009 556 4073 θείας
597 4012 691 4065 καὶ
721 4012 899 4067 πάντα
947 4015 1355 4087 ύπεραιρούσης
1394 4020 1610 4088 φύσεως
1646 4021 1735 4076 διὰ
1774 4024 1867 4076 τοῦ

280 4102 395 4155 ᾶνω
428 4106 647 4156 νοεῖται.
692 4105 976 4177 Τοσαύτης
1014 4109 1304 4181 τοιγαροῦν
1344 4112 1549 4180 μεταξὺ
1606 4115 1869 4185 κειμένης

280 4192 547 4263 διαφορᾶς
580 4196 902 4267 κτιζομένου
940 4198 1033 4251 καὶ
1067 4201 1443 4270 γεννήματος,
1474 4204 1863 4276 ἀδιαφορείτω-

283 4301 383 4339 σαν
416 4287 473 4339 ai
493 4286 688 4353 λέξεις,
709 4289 798 4342 ὅτε
828 4288 1026 4359 βλάϐος
1051 4292 1203 4346 οὐδὲν
1224 4293 1367 4347 κατὰ
1394 4295 1503 4349 τῶν
1528 4298 1864 4368 σημαινομέ-

282 4395 389 4431 νων
418 4380 652 4446 γίνεται.

280 4491 971 4571 ΑΛΛΟ,.διηῃματικῶςΔ
1000 4496 1088 4561 είς
1118 4497 1207 4571 τὸ,
1245 4515 1277 4571 «Α
1300 4499 1513 4571 Κύριος
1560 4500 1765 4555 ἐκτισέ
1789 4520 1866 4571 με

351 4562 553 4685 ἁιέςήν
580 4562 737 4616 ὁδῶν
781 4565 967 4643 αὑτοῦ
994 4608 1007 4630 ,
1050 4585 1093 4644 t~
1115 4568 1213 4620 καὶ
1255 4562 1507 4637 ἐφεξῆς-ἶ
1568 4590 1585 4621 t
1628 4574 1747 4639 Πρὸ
1789 4562 1866 4626 ’δὲ

352 4648 394 4684 π
442 4649 597 4685 ντων
639 4634 876 4685 Βουνων
910 4652 1094 4685 rer-ra
1117 4654 1206 4685 us.
1243 4656 1259 4685 ι

352 4634 597 4685 πάντων
629 4634 876 4697 ,βουνῶν
910 4634 1094 4704 γεννᾷ
1110 4654 1206 4706 με.
1243 4656 1259 4687 ι

350 4746 414 4798 EE
445 4746 552 4817 πρὸ
586 4748 804 4800 πάντων
833 4750 1023 4803 ἑαυτὸν
1055 4753 1417 4822 γεγεννῆσθαί
1455 4770 1641 4823 φησιν,
1664 4757 1769 4809 οὐκ
1798 4757 1864 4810 ἂν

281 4839 365 4908 εῖη
389 4838 496 4892 τῶν
524 4838 743 4892 πάντων
767 4836 865 4904 εἷς,
909 4841 1023 4895 ἀλλ’
1077 4844 1261 4913 ἔτερος
1290 4847 1422 4915 παρ’
1457 4846 1616 4900 αὐτὰ.
1648 4848 1730 4899 Τὰ
1766 4850 1866 4917 μὲν

280 4930 388 4999 γὰρ
434 4929 613 4981 πάντα
648 4930 705 4982 ὲν
756 4932 969 4993 ἑαυτοῖς
1000 4930 1111 5001 ἔχει
1142 4934 1235 4985 καὶ
1258 4934 1355 5003 τὴν
1399 4935 1610 4988 οἰκείαν
1649 4936 1824 5006 ἀρχήν
1848 4955 1860 4967 ο

280 5022 378 5073 οὐκ
412 5021 477 5074 ἂν
509 5020 618 5092 γὰρ
646 5022 731 5093 εῖη
760 5022 936 5076 πάντα
966 5021 1018 5075 εἴ
1046 5040 1099 5075 τι
1129 5024 1236 5076 τῶν
1268 5026 1325 5077 ὲν
1350 5026 1530 5089 αὐτοῖς
1559 5026 1665 5092 ἔξω
1702 5029 1863 5098 μένον

281 5113 607 5183 εὑρίσκοιτο.
649 5114 711 5167 Ei
741 5110 834 5167 οὖν
862 5116 968 5184 πρὸ
998 5116 1215 5169 πάντων
1244 5119 1271 5169 6
1313 5118 1440 5181 Υἱὸς
1484 5120 1770 5192 ἐγεννήθη,
1807 5124 1863 5174 ὲν

285 5200 399 5271 ίδὶῳ
440 5203 538 5271 μὲν
575 5202 795 5275 ἀριθμῷ
835 5204 901 5256 τὰ
934 5205 1110 5259 πάντα
1137 5206 1407 5261 κείσεται*
1443 5208 1546 5273 ἔξω
1591 5210 1646 5262 δὲ
1687 5212 1866 5265 αὐτῶν

280 5293 312 5361 ἠ
350 5293 443 5346 τοῦ
471 5294 601 5347 Υῐοῦ
630 5296 951 5365 νοηθήσεται
978 5297 1252 5367 γέννησις.
1302 5301 1358 5352 Ὀ
1389 5300 1443 5352 δὲ
1470 5304 1581 5363 τοῖς
1615 5306 1865 5373 γενητοῖς

282 5383 638 5449 ἀσύντακτος,
664 5387 855 5456 ἑτέρας
885 5387 949 5440 ἂν
975 5388 1059 5458 εἴη
1095 5390 1311 5457 φύσεως
1340 5394 1466 5463 παρ’
1498 5394 1863 5463 αύτά.“Εγεν-

284 5474 420 5545 νήθη
456 5478 766 5545 τοιγαροῦν,
802 5479 939 5539 καθὸ
967 5482 1134 5549 Λόγος
1158 5483 1324 5545 ἐστὶν,
1350 5486 1410 5535 ἐκ
1440 5486 1684 5556 Πατρός·
1720 5488 1867 5540 ἐκτί-

288 5565 387 5634 σθη
416 5565 495 5630 δὲ,
559 5568 693 5620 καθὸ
744 5570 1028 5639 ἄνθρωπος
1056 5612 1070 5636 ,
1130 5576 1223 5626 καὶ
1260 5576 1481 5643 γέγονεν
1520 5578 1663 5648 ἁρχὴ
1705 5578 1863 5633 ὁδῶν.

290 5657 496 5727 ’Ὠσπερ
528 5653 621 5711 οῦν
662 5660 841 5730 ἡμεῖς,
867 5662 954 5714 ὅτε.
978 5662 1067 5715 τὸν
1100 5664 1191 5715 τοῦ
1220 5664 1351 5718 Θεοῦ
1378 5666 1546 5734 Λόγον
1574 5670 1631 5718 ἐν
1658 5670 1867 5731 ἑαυτοῖς

1970 3272 2132 3327 bilem
2180 3288 2333 3328 suam
2381 3284 2436 3326 et
2484 3273 2788 3327 naturalem
2830 3288 2897 3327 ex
2946 3273 3106 3327 Patre
3151 3272 3561 3342 generationem

1970 3364 2275 3432 declarans,
2304 3366 2477 3435 inquit
2504 3384 2517 3419 :
2550 3384 2569 3419 ι
2606 3365 2717 3436 Ego
2741 3381 2807 3421 ex
2837 3365 2995 3421 Patre
3018 3366 3159 3421 exivi
3185 3376 3240 3421 et
3264 3368 3421 3420 venio
3436 3364 3507 3419 “.
3538 3384 3559 3417 ι

1976 3458 2038 3510 Ει
2074 3473 2263 3513 rursus
2294 3459 2457 3511 alium
2491 3473 2610 3513 esse
2643 3473 2705 3512 se
2734 3473 2760 3511 a
2792 3458 3062 3513 creaturis
3092 3459 3408 3521 ostendens,
3438 3456 3513 3511 ait
3546 3475 3559 3509 :

1975 3549 2131 3619 165
2187 3568 2206 3599 ι
2266 3550 2368 3605 Vos
2416 3551 2482 3605 de
2529 3552 2781 3605 deorsum
2834 3552 3001 3616 estis,
3048 3566 3149 3622 ego
3197 3564 3264 3605 ex
3311 3550 3565 3620 superuis

1972 3655 2089 3703 smn
2118 3640 2183 3694 “.
2225 3659 2245 3692 ι
2282 3639 2467 3710 Neque
2496 3641 2639 3695 enim
2674 3642 2963 3711 quisquam
2995 3657 3142 3696 sanae
3176 3643 3376 3697 mentis
3408 3644 3563 3697 dixe-

1974 3730 2063 3797 rit,
2096 3731 2273 3796 locali,
2304 3745 2531 3802 qumque
2559 3733 2859 3803 spatiorum
2892 3733 3190 3787 intervallis
3218 3743 3452 3795 constet,
3486 3734 3566 3788 al-

1974 3829 2201 3882 titudine
2226 3828 2317 3882 Dei
2337 3826 2570 3881 Verbum
2594 3827 2840 3899 gloriari,
2862 3830 2956 3883 sed
2981 3828 3342 3883 humilitatem
3366 3837 3562 3882 creata:

1971 3920 2289 3975 substantia:
2342 3934 2438 3990 per
2482 3920 2728 3974 deorsum
2778 3920 3075 3987 signiﬁcari
3123 3938 3137 3973 :
3183 3920 3561 3975 celsitudinem

1972 4027 2100 4067 vero
2144 4012 2341 4066 divina:
2387 4011 2680 4079 omniaque
2731 4010 3168 4064 transcendentis
3213 4019 3421 4065 naturae
3470 4026 3565 4079 per

1970 4120 2223 4174 superna.
2274 4104 2408 4159 Cum
2465 4105 2632 4175 igitur
2679 4112 2890 4157 tantttm
2949 4103 3021 4157 sit
3076 4104 3370 4158 discrimen
3423 4104 3566 4162 inter

1970 4210 2212 4254 creatum
2249 4207 2313 4273 et"
2340 4196 2605 4265 genitum,
2645 4195 2806 4249 verba
2847 4194 3220 4249 indiﬂerenter
3255 4195 3563 4263 capiantur,

1971 4292 2185 4360 quando
2226 4290 2429 4343 nullum
2476 4288 2543 4343 iis
2588 4303 2708 4358 quae
2754 4288 3135 4346 siunilicantur
3176 4286 3428 4341 damnum
3474 4286 3561 4340 inv

1973 4382 2165 4435 fertur.

1976 4492 2185 4548 ALIUD
2216 4492 2552 4562 explicatius,
2590 4493 2643 4544 in
2675 4493 2772 4543 hoc
2806 4492 2977 4558 ipsum
2997 4507 3063 4562 it
3093 4490 3347 4562 Dominus
3372 4491 3565 4543 crearit

2048 4581 2127 4617 me
2173 4558 2382 4616 initium
2420 4565 2629 4615 viarum
2656 4578 2898 4614 auarum.
2936 4580 2953 4612 ι
2986 4558 3051 4614 Et
3104 4560 3295 4613 deinde
3326 4575 3343 4613 :
3379 4579 3396 4611 ι
3434 4562 3568 4614 Ante

2049 4651 2225 4689 omnes
2259 4634 2418 4687 colles
2451 4634 2625 4703 genuit
2660 4648 2759 4684 me.
2801 4650 2819 4681 ι

2050 4751 2107 4804 Si
2139 4759 2265 4803 ante
2288 4746 2471 4803 omnia
2504 4762 2562 4801 se
2593 4745 2837 4817 genitum
2871 4760 2990 4799 esse
3044 4744 3237 4815 inquit,
3274 4756 3422 4799 certe
3454 4758 3563 4798 non

1977 4843 2078 4896 erit
2115 4857 2255 4895 unus
2285 4855 2349 4894 ex
2378 4838 2657 4904 omnibus,
2694 4839 2788 4893 sed
2810 4836 3061 4892 diversus
3091 4840 3160 4891 ab
3180 4838 3319 4891 aliis.
3356 4837 3564 4893 Caetera

1977 4936 2119 4988 enim
2156 4934 2339 4987 omnia
2392 4931 2444 4986 iu
2482 4931 2676 5001 seipsis
2735 4932 2939 4984 habent
2994 4945 3146 4984 suum
3205 4930 3567 4999 principium;

1979 5041 2151 5095 neque
2184 5026 2329 5080 enim
2356 5024 2769 5087 essentomnia,
2827 5024 2870 5076 si
2919 5022 3047 5091 quid
3108 5023 3161 5075 in
3234 5021 3367 5089 ipsis
3412 5030 3567 5076 extra

1978 5133 2203 5172 manens
2256 5118 2611 5186 reperiretur.
2665 5116 2721 5171 Si
2760 5131 2891 5185 ergo
2941 5125 3067 5169 ante
3114 5114 3302 5168 omnia
3350 5114 3567 5181 genitus

1975 5223 2057 5267 est
2088 5211 2280 5275 Filius,
2312 5211 2531 5280 proprio
2564 5224 2664 5263 suo
2708 5225 2933 5263 numero
2966 5210 3149 5263 omnia
3200 5209 3566 5280 comprehen-

1975 5304 2180 5355 duntur
2217 5320 2228 5353 :
2266 5314 2419 5356 extra
2458 5317 2585 5356 vero
2613 5302 2699 5355 illa
2732 5299 2855 5354 Filii
2902 5301 3186 5371 generatio
3221 5299 3566 5368 intelligitur.

1976 5396 2077 5463 Qui
2113 5406 2293 5449 autent
2331 5396 2608 5465 generatis
2642 5395 2993 5448 annumerari
3050 5408 3156 5447 non
3212 5402 3389 5460 potest
3422 5431 3438 5457 ,
3481 5396 3567 5446 di-

1977 5503 2151 5541 versae
2181 5488 2249 5540 ab
2286 5487 2416 5553 ipsis
2458 5497 2663 5539 natura:
2696 5484 2765 5538 sit
2804 5496 3039 5553 oportet.
3094 5484 3325 5541 Genitus
3382 5486 3565 5555 itaque

1977 5589 2061 5631 est
2098 5575 2372 5647 quaienus
2415 5586 2497 5631 est
2524 5574 2757 5630 Verbum
2783 5592 2845 5629 ex
2888 5575 3080 5640 Patre;
3120 5583 3338 5631 creatus
3378 5591 3511 5630 vero
3546 5614 3562 5637 .

1979 5680 2247 5737 quatenus
2274 5672 2456 5732 homo,
2497 5680 2551 5722 ct
2582 5668 2759 5721 factus
2802 5678 2884 5721 est
2935 5650 3265 5738 principium
3327 5669 3560 5722 viarum.

359 5814 402 5847 ⁸³
434 5812 577 5871 Psal.
612 5830 754 5883 xuv,
787 5817 840 5873 Ξ.
918 5818 962 5849 ⁸⁸
996 5818 1098 5875 lsa.
1144 5836 1295 5888 xxtn,
1338 5824 1389 5879 4.
1468 5823 1686 5880 "Joan.
1725 5840 1834 5891 xw,

2040 5828 2083 5858 “
2125 5824 2279 5881 Joan.
2318 5842 2433 5891 vni,
2468 5826 2554 5880 ΞΖ).
