3994 6324
480 408 587 463 2‘35

1501 407 1559 462 S.
1601 406 1871 464 CYRILLI
1913 408 2378 467 ALEXANDRINI
2416 408 2731 481 ARCHIEP.

3616 405 3720 459 281

482 528 708 576 verbum
740 519 889 583 illud,
920 537 939 571 t
963 520 1186 581 creavit,
1216 540 1235 571 ι
1262 538 1364 573 non
1401 522 1707 588 signiﬁcare
1748 525 2033 577 essentiam

2196 524 2374 576 ἔκτισε
2400 541 2411 552 ·
2455 544 2471 575 t
2505 524 2667 593 δηλοῖ
2690 520 2747 574 δὲ
2778 521 2984 591 μᾶλλον
3019 521 3108 572 τὸν
3143 517 3558 588 τῆςέπιδημίας
3588 534 3717 570 και-

488 612 681 673 Verbi,
718 614 809 665 sed
855 613 1031 679 potius
1065 623 1273 682 tempus
1308 614 1694 669 incarnationis
1730 630 1875 679 sure,
1908 631 2045 684 qna-

486 713 638 755 tcuus
665 716 789 753 caro
818 700 1013 764 factus,
1049 714 1266 755 creatus
1292 702 1506 753 dicitur.
1552 700 1703 755 Tunc
1736 703 1879 754 enim
1915 716 2043 769 per-

484 794 637 847 fectis
666 796 919 861 Operihus
954 793 1161 853 Patris,
1216 793 1561 861 humanaque
1604 804 1799 847 natura
1840 796 1892 847 in
1936 796 2047 861 pri-

484 886 685 940 Stinum
726 895 923 939 statum
986 887 1253 947 restituta,
1294 885 1539 953 adiunxit
1598 887 1698 941 sibi
1753 886 2047 940 Ecclesiam

484 976 661 1030 omnis
690 977 909 1029 maculze
933 987 997 1028 ‘et
1036 992 1179 1044 ruga:
1208 987 1512 1044 expertem,
1532 987 1776 1033 sanctam
1809 989 1863 1031 et
1897 993 2053 1031 mun-

485 1066 605 1117 dam
640 1065 719 1127 ⁷⁸,
771 1076 824 1118 et
859 1066 985 1121 facti
1030 1082 1215 1120 sumus
1248 1066 1297 1118 in
1343 1068 1461 1134 ipso
1503 1081 1641 1122 nova
1675 1077 1926 1121 creatura
1958 1068 2004 1099 ⁷⁹
2034 1109 2048 1131 ,

489 1170 591 1205 non
628 1153 853 1221 amplius
894 1154 1295 1222 imperfectionn
1341 1156 1451 1219 illa,
1480 1170 1639 1223 quam
1681 1171 1775 1225 per
1799 1156 2053 1223 prmvari-

488 1247 755 1300 cntionem
794 1255 1235 1301 contraxeramus
1298 1248 1570 1313 laborans,
1616 1264 1793 1316 neque
1832 1257 2053 1318 peccato

492 1350 701 1391 mortua
725 1380 739 1402 ,
785 1340 875 1391 sed
906 1337 1289 1407 perfectionem
1328 1350 1615 1393 consecuta
1655 1352 1752 1407 per
1795 1338 2052 1392 obedien-

492 1431 618 1482 tiam
672 1428 872 1482 Christi
938 1430 1165 1497 ejusque
1224 1430 1678 1499 resurrectionem
1728 1444 1757 1483 a
1800 1430 2050 1484 mortuis.

490 1520 599 1573 llas
639 1520 801 1589 igitur
824 1522 890 1573 ob
941 1536 1131 1575 causas
1179 1516 1341 1593 163
1397 1523 1557 1576 homo
1607 1520 1823 1587 factus,
1865 1522 2055 1576 merito

490 1610 687 1665 dixerit
730 1630 743 1666 :
794 1630 811 1663 t
852 1611 1106 1665 Dominus
1133 1616 1341 1667 creavit
1370 1629 1453 1668 me
1490 1614 1814 1685 principium
1843 1615 2052 1669 viarum

490 1718 705 1757 suarum
732 1704 781 1757 itt
808 1719 966 1772 opera
1001 1702 1187 1769 ipsius.
1228 1721 1248 1752 ι

2154 615 2265 683 ρὸν,
2294 615 2429 667 καθὸ
2461 615 2596 685 σὰρξ
2623 612 2884 681 γεγονὼς,
2912 611 3162 663 ἐκτίσθαι
3194 610 3429 677 λέγεται.
3453 609 3585 660 Τότε
3612 607 3723 678 γὰρ

2152 710 2245 757 καὶ
2300 705 2569 776 ὁλόκληρα
2627 705 2862 772 ποιήσας
2916 702 2981 754 τὰ
3034 702 3168 770 ἔργα
3211 700 3302 751 τοῦ
3349 699 3578 769 Πατρὸς,
3629 698 3727 751 καὶ

2149 797 2612 863 ἀποκαταστήσας
2639 796 2719 855 είς
2746 794 2806 845 τὸ
2836 794 3059 861 ἀρχαῖον
3092 792 3188 861 τήν
3222 790 3509 859 ἀνθρώπου
3535 788 3722 855 φύσιν,

2153 886 2495 954 παρέστησεν
2541 882 2717 953 ἑαυτῷ
2744 884 2842 951 τὴν
2880 880 3206 949 Ἐκκλησίαν
3246 880 3319 949 μὴ
3349 881 3575 948 ἔχουσαν
3604 880 3727 929 σπῐο

2152 978 2240 1027 λον
2282 975 2312 1045 ἢ
2363 976 2571 1045 ῥυτίδα,
2621 976 2654 1044 ἦ
2704 992 2752 1027 τι
2796 974 2904 1025 τῶν
2942 973 3234 1034 τοιούτων,
3285 970 3401 1024 ἀλλ’
3434 970 3594 1033 ἁγίαν
3630 968 3726 1021 καὶ

2152 1066 2380 1133 ἄμωμον
2397 1082 2409 1092 ·
2430 1066 2521 1116 καὶ
2546 1065 2848 1133 γεγόναμεν
2871 1065 2927 1115 ὲν
2954 1063 3101 1131 αὐτῷ
3131 1062 3290 1131 καινὴ
3320 1062 3514 1124 κτίσις,
3540 1060 3727 1112 οὐκέτι

2154 1154 2390 1223 φοροῦσα
2421 1156 2479 1207 τὸ
2505 1156 2696 1217 ἀτελὲς
2718 1155 2806 1208 διὰ
2831 1153 2930 1224 τὴν
2964 1153 3271 1224 παραδασιν
3297 1153 3392 1205 καὶ
3418 1152 3517 1222 τὴν
3538 1153 3601 1202 ὲκ
3623 1149 3726 1217 τῆς

2152 1249 2424 1319 ἁμαρτίας
2455 1249 2744 1317 νέκρωσιν,
2778 1246 2916 1299 ἀλλὰ
2955 1246 3143 1298 λοιπὸν
3178 1240 3532 1322 ἀπολαϐοῦσα.
3551 1240 3613 1292 τὸ
3643 1240 3728 1292 τὲ-

2154 1341 2292 1393 λειον
2318 1341 2406 1393 διὰ
2438 1342 2537 1411 τὴν
2593 1338 2838 1408 ὑπακοὴν
2880 1338 2974 1391 τοῦ
3017 1336 3253 1409 Χριστοῦ
3284 1336 3378 1388 καὶ
3408 1336 3505 1403 τὴν
3535 1336 3599 1386 ὲκ
3637 1348 3725 1383 νε-

2156 1432 2300 1500 κρῶν
2345 1433 2661 1485 ἀνάστασιν.
2699 1428 2907 1483 Οὐκοῦν
2938 1428 3219 1500 ἄνθρωπος
3250 1428 3339 1481 διὰ
3367 1428 3538 1479 ταῦτα
3574 1425 3726 1493 γενό-

2158 1540 2336 1591 μενος,
2374 1524 2599 1585 εἰκότως
2634 1519 2700 1574 ἄν
2729 1520 2875 1588 λέγοι
2906 1522 2985 1584 τὸ,
3026 1540 3043 1570 ι
3084 1519 3288 1590 Κύριος
3320 1518 3502 1571 ἔκτισὲ
3534 1533 3600 1586 με
3626 1516 3728 1586 άρο

2156 1616 2253 1685 χὴν
2276 1614 2407 1666 ὁδῶν
2438 1615 2602 1667 αὐτοῦ
2637 1617 2715 1677 είς
2746 1614 2881 1685 ἔργα
2904 1612 3087 1666 αὐτοὶ
3128 1631 3145 1663 ι

491 1834 717 1925 AL'l‘U'D.
764 1836 819 1925 ir:
870 1835 1032 1917 illud,
1070 1852 1109 1916 ,ι
1151 1834 1412 1925 ΩυιτιίηιιεΙ
1446 1836 1639 1890 creavit
1698 1853 1798 1925 tu:
1840 1854 1882 1920 ι.
1916 1838 2053 1925 qttod

2170 1835 2360 1898 AAAU,
2391 1836 2475 1922 εἰς
2496 1832 2601 1925 ἠὺ,
2640 1830 3273 1925 «ΙΚύριος-ἐέτισέλξ,
3316 1849 3345 1910 t_
3368 1828 3457 1925 ὕει
3485 1828 3577 1925 ‘06.
3600 1830 3725 1925 κτί-

564 1902 737 1957 Filitts
788 1904 879 1957 Dei
910 1922 1011 1956 non
1041 1906 1103 1957 sit
1137 1921 1286 1971 opus,
1337 1906 1412 1958 vel
1449 1917 1714 1960 creatura.
1747 1904 1816 1959 Et
1865 1908 1918 1959 in
1969 1909 2047 1967 id,

565 1991 583 2023 t
626 1975 755 2026 Ante
792 1976 985 2034 saecula
1015 1975 1255 2042 {undavit
1298 1992 1395 2029 me.
1438 1994 1456 2025 ι

566 2084 621 2137 Si
660 2082 893 2138 Verbum
934 2084 1023 2138 Dei
1056 2095 1139 2139 est
1169 2096 1455 2152 creatura,
1502 2097 1559 2140 ttt
1591 2101 1685 2140 vos
1721 2086 2051 2155 opinamini,

492 2175 668 2229 omnis
724 2175 1017 2243 impietatis
1073 2176 1404 2241 inventores,
1451 2179 1722 2243 quomodo
1762 2175 1872 2230 Deo
1926 2192 2055 2229 con-

493 2266 743 2334 glutinati
770 2274 823 2319 ct
869 2266 938 2317 dii
975 2262 1148 2319 effecti
1172 2282 1377 2331 sumus,
1416 2266 1547 2319 uniti
1581 2267 1682 2334 ipsi
1709 2266 1733 2318 3
1757 2264 1875 2332 Quo
1902 2278 2056 2332 pacto

493 2371 623 2408 vero
656 2356 901 2409 Christus
929 2356 1190 2409 mediator
1219 2356 1309 2410 Dei
1336 2358 1397 2410 et'
1424 2358 1703 2411 hominum
1738 2357 1827 2409 ‘°?
1860 2354 2056 2412 Uuitur

492 2448 635 2501 enim
670 2448 844 2510 nobis,
875 2457 1143 2516 quatenus
1182 2446 1356 2501 factus
1402 2456 1487 2502 cst
1536 2450 1716 2502 homo.
1776 2449 1829 2501 Si
1878 2458 2054 2501 autem

494 2547 739 2591 creatura
770 2546 874 2599 cst,
919 2546 969 2591 et
1022 2552 1125 2590 non
1165 2536 1327 2601 Deus,
1359 2539 1626 2605 quomodo
1677 2538 1866 2591 unitur
1914 2538 2064 2601 Deo?

494 2628 602 2680 Aut
649 2628 769 2694 quis
817 2627 1005 2679 modus
1053 2640 1117 2679 ac
1165 2628 1303 2680 ratio
1356 2628 1526 2695 ipsnnt
1563 2628 1635 2679 illi
1685 2628 1889 2681 ttniet?
1931 2627 2058 2692 Qua:
2098 2652 2113 2673 ι»

495 2714 636 2767 enim
685 2714 964 2769 dissimilia
1026 2725 1152 2769 sunt
1202 2717 1497 2770 secundum
1553 2717 1894 2780 essentiam,
1947 2732 2051 2768 non

496 2802 679 2869 utique
706 2804 1021 2856 naturaliter
1056 2804 1283 2859 invicem
1328 2808 1603 2859 uitiantur.
1636 2810 1739 2859 Aut
1767 2802 2056 2873 quomodo,

498 2893 541 2945 si
588 2903 836 2946 creatura
891 2903 993 2957 est,
1054 2909 1148 2964 per
1195 2896 1366 2963 ipsum
1422 2898 1609 2950 salvati
1660 2914 1885 2961 sumus,
1937 2913 2057 2951 cunt

2224 1921 2366 1972 σμα,
2410 1904 2552 1957 οὐδὲ
2587 1899 2809 1982 ποίημα
2842 1906 2873 1956 ό
2914 1904 3043 1966 Υἱὸς
3070 1902 3174 1953 τοῦ
3200 1900 3367 1954 Θεοῦ.
3396 1900 3501 1954 Καὶ
3526 1902 3614 1964 εις
3637 1899 3730 1957 τό.

2230 1993 2246 2024 ι
2273 1975 2388 2041 Πρὸ
2421 1974 2526 2027 τοῦ
2547 1978 2761 2036 almae
2789 1972 3145 2041 ἐθεμελίωσέ
3174 1987 3268 2039 με.
3303 1990 3320 2021 t

2230 1993 2246 2024 t
2273 1987 2388 2041 ιιρο
2421 1988 2526 2027 του
2547 1987 2761 2036 αιωνος
2789 1987 3145 2041 εσεμεκιωσε
3174 1987 3268 2039 με.
3303 1990 3320 2021 ι

2222 2083 2284 2136 Εἰ
2316 2084 2519 2153 κτίσμα
2547 2082 2683 2145 ἐστὶ,
2731 2082 2850 2135 καθ’
2895 2082 3056 2151 ὑμᾶς,
3086 2083 3115 2133 6
3150 2080 3243 2134 τοῦ
3283 2080 3423 2134 Θεοῦ
3449 2081 3645 2147 Λόγος,
3686 2072 3733 2131 ὦ

2158 2179 2335 2245 πάσης
2370 2175 2623 2237 ἀσεϐείας
2667 2175 3076 2244 εὑρεταὶ,·πῶς
3111 2173 3233 2243 Θεῷ
3280 2172 3602 2242 ωλλώμεθα
3640 2173 3733 2225 καὶ

2156 2264 2548 2335 θεοποιούμεθα
2591 2264 2954 2333 συναφθέντες
2988 2262 3187 2333 ,αὐτῷ;
3238 2263 3363 2325 Πῶς
3402 2262 3459 2315 δὲ
3504 2260 3734 2331 μεσίτης

2158 2357 2273 2410 ἐστι
2314 2356 2451 2409 Θεοῦ
2504 2357 2600 2409 καὶ
2629 2356 2930 2427 ἀνθρώπων
2958 2357 2985 2409 6
3017 2354 3285 2425 Χριστός;
3330 2354 3593 2407 Ἀπτιται
3634 2350 3745 2423 μὲν

2156 2450 2263 2519 γὰρ
2300 2447 2479 2519 ἡμῶν,
2537 2446 2674 2500 καθὸ
2716 2446 2939 2515 γέγονεν
2974 2445 3280 2515 ἄνθρωπος.
3334 2445 3398 2497 Et
3437 2444 3493 2497 δὲ
3528 2442 3737 2512 κτίσμα

2158 2540 2273 2592 ἐστὶ
2321 2538 2416 2593 καὶ
2451 2538 2512 2591 οὐ
2540 2538 2695 2602 Θεὸς,
2742 2536 2859 2599 πῶς
2892 2537 3088 2604 avi/em
3139 2535 3308 2601 Θεοῦ;
3360 2537 3517 2598 Πυῑος
3571 2534 3737 2587 αὑτὸν

2159 2632 2349 2700 ἐκείνῳ
2375 2630 2598 2699 συνάψει
2630 2629 2828 2698 τρόπος
2849 2646 2864 2695 ;
2892 2628 2973 2681 Τά
2990 2628 3096 2697 γὰρ
3112 2628 3338 2697 ἀνόμοια
3356 2627 3496 2681 κατὰ
3514 2628 3613 2697 τὴν
3642 2626 3737 2679 οὺ-

2161 2724 2280 2775 σίαν
2322 2721 2422 2773 οὐκ
2460 2720 2525 2773 ἂν
2556 2720 2804 2790 ἀλλήλοις
2835 2718 3079 2786 φυσικῶς
3104 2718 3400 2787 συναφθείη
3436 2718 3587 2771 ποτέ.
3612 2718 3738 2779 Πῶς

2157 2813 2234 2873 δὲ,
2266 2813 2313 2864 εί
2354 2811 2557 2881 κτίσμα
2592 2811 2743 2874 ἐστὶ,
2774 2810 2842 2863 δι’
2868 2809 3033 2863 αὑτοῦ
3067 2805 3406 2878 σεσὼσμεθα,
3452 2809 3551 2878 τῆς
3584 2806 3737 2871 θείας

2159 2903 2422 2972 λεγούσης
2451 2902 2671 2971 Γραφῆς
2692 2919 2705 2931 ·
2745 2919 2763 2950 ι
2793 2899 2870 2954 Οὐ
2898 2900 3141 2971 πρέεόυς
3166 2940 3180 2964 ,
3207 2900 3305 2953 οὐκ
3332 2899 3589 2967 ἄγγελος,
3620 2897 3737 2952 ἀλλ’

498 2983 774 3050 Scriptura
816 2986 953 3039 dicat
990 3004 1003 3038 :
1040 3005 1058 3037 t
1109 2985 1224 3039 Non
1260 2989 1486 3056 legatus,
1532 3006 1634 3041 non
1661 2989 1907 3058 angelus,
1966 2990 2058 3043 sed

2170 2996 2322 3057 αὐτὸς
2363 2996 2391 3046 6
2433 2993 2635 3063 Κύριος
2670 2992 2869 3045 ἔσωσεν
2911 2992 3139 3056 αὐτούς
3179 3011 3195 3042 ι
3238 2991 3360 3053 Πῶς
3386 2991 3441 3042 δὲ
3476 2992 3555 3051 είς
3576 2989 3739 3043 αὑτὸν

499 3078 612 3139 ipse
645 3078 894 3133 Dominus
915 3081 1137 3135 salvavit
1162 3098 1255 3135 eos
1279 3082 1362 3135 3‘?
1390 3102 1407 3133 ι
1437 3082 1714 3147 Quomodo
1736 3091 1911 3136 autem
1951 3096 2062 3137 cre'

2170 3084 2507 3146 πιστεύοντες
2528 3081 2904 3151 δικαιούμεθα,
2930 3083 3087 3151 εἰπερ
3114 3082 3316 3150 κτίσμα
3350 3081 3465 3132 ὲστί
3487 3099 3501 3144 ;
3535 3080 3657 3142 Πῶς
3682 3080 3741 3133 δὲ

498 3170 682 3223 dentes
701 3170 748 3222 itt
774 3185 892 3224 eum
913 3171 1292 3237 justiticatnur,
1310 3174 1355 3225 si
1373 3184 1453 3227 est
1476 3174 1758 3227 creatura?
1783 3174 2062 3239 Quomodo

2170 3177 2245 3229 τὸ.
2280 3195 2297 3225 ι
2320 3175 2395 3244 Γῆ
2428 3170 2497 3238 εἴ,
2520 3174 2614 3227 καὶ
2638 3175 2719 3237 εἰς
2736 3172 2839 3240 γῆν
2863 3171 3155 3243 άπελεύσῃ,
3184 3189 3202 3222 ι
3236 3171 3419 3223 λύεται
3445 3170 3512 3222 δι’
3540 3168 3738 3234 αὐτοῦς

500 3273 628 3311 vero
659 3260 808 3323 illud,
859 3280 878 3312 ι
917 3262 1080 3315 Terra
1108 3278 1186 3327 es,
1212 3273 1265 3316 et
1296 3265 1348 3317 itt
1388 3276 1584 3318 terram
1619 3265 1908 3320 reverteris
1928 3266 1995 3327 δ’,
2042 3283 2059 3315 ι

502 3366 595 3417 ριιΐ
619 3352 787 3417 ipsum
811 3352 1270 3421 solvitur-Z'Neqne
1297 3356 1439 3407 enim
1466 3364 1548 3409 est
1582 3371 1716 3424 opus
1743 3356 1881 3423 quod
1915 3369 2068 3409 crea-

503 3450 635 3491 tum!
666 3443 945 3495 conveniat
981 3444 1301 3497 sententiam
1330 3460 1356 3495 a
1390 3445 1495 3498 Deo
1523 3447 1699 3499 datam
1732 3448 2067 3500 subvertere.

501 3526 781 3591 Quomodo
830 3530 990 3582 etiam
1043 3531 1085 3584 si
1117 3541 1363 3600 creatura
1399 3544 1510 3597 est,
1567 3545 1843 3603 peccatum
1890 3535 2070 3589 delere

508 3626 707 3684 potest,
742 3637 859 3672 cum
908 3624 1168 3692 propheta
1205 3626 1268 3677 de
1292 3627 1407 3693 ipso
1446 3626 1631 3680 dicat:
1680 3644 1698 3677 ι
1750 3626 1881 3693 Quis
1928 3628 2069 3682 Deus

507 3710 645 3761 sicut
692 3720 767 3774 ιιι,
818 3713 1009 3766 tollens
1068 3713 1381 3783 iniquitates
1411 3728 1464 3769 ct
1497 3719 1808 3784 praeteriens
1859 3718 2069 3785 injusti-

516 3798 618 3849 tias
645 3797 692 3827 ⁸⁸
722 3799 881 3863 ?Quu
916 3812 1069 3867 pacto
1094 3817 1241 3866 vero,
1280 3804 1323 3857 si
1358 3815 1603 3857 creatura
1646 3816 1748 3869 est,
1788 3808 1962 3873 potuit
1992 3810 2070 3860 di-

503 3902 661 3941 cere:
698 3888 837 3945 «Nisi
862 3891 1028 3945 Filius
1054 3908 1145 3946 vos
1183 3895 1424 3946 liherarit
1455 3894 1535 3948 ⁸⁸2
1568 3915 1583 3945 ι
1614 3896 1859 3951 liberavit
1891 3907 2067 3951 autem

505 3993 561 4033 ut
619 3981 791 4035 Patris
826 3985 1017 4046 hzrrrs,
1070 4000 1173 4037 non
1227 3996 1406 4039 autem
1453 4000 1744 4051 creatura,
1800 3996 1855 4042 ιιι
1897 3989 2067 4044 insani

506 4072 741 4127 itzt-retici
770 4073 1083 4142 opinantur.

1155 4179 1382 4249 ALIUD.

585 4274 643 4327 Si
692 4274 756 4326 ad
813 4276 1170 4329 imitationem
1233 4276 1494 4332 naturalis
1538 4278 1679 4343 Filii,
1733 4281 1897 4333 etiam
1944 4282 2070 4336 adoo

505 4366 641 4433 ptitii
704 4376 961 4417 vocantur
1028 4366 1155 4431 lilii,
1218 4370 1581 4422 necessarium
1651 4371 1804 4436 plane
1868 4382 1949 4431 est
2016 4383 2072 4425 ut

507 4456 763 4509 naturalis
800 4455 967 4509 Filius
1003 4457 1140 4509 alius
1169 4458 1237 4510 sit
1265 4460 1331 4510 ab
1367 4459 1431 4511 iis
1458 4500 1472 4519 ,
1530 4470 1585 4512 et
1621 4461 1857 4514 essentia
1891 4464 2072 4519 diver-

2168 3268 2240 3321 Οὐ
2274 3268 2381 3337 γὰρ
2414 3261 2482 3336 ἦν
2514 3265 2673 3334 ἔργον
2707 3262 2965 3334 κτίσματι
2995 3262 3224 3333 πρέπον,
3270 3260 3601 3337 ἀνατρέπειν
3641 3261 3741 3331 τὴν

2170 3360 2319 3430 παρὰ
2365 3357 2499 3411 Θεοῦ
2547 3357 2791 3408 δοθεῖσαν
2831 3355 3125 3423 ἀπόφασιν.
3182 3355 3302 3417 Πῶς
3350 3353 3407 3405 δὲ
3452 3352 3636 3415 πάλιν,
3692 3351 3741 3404 εί

2170 3452 2372 3517 κτίσμα
2418 3446 2587 3507 ἐστὶν,
2639 3447 2852 3515 ἀναιρεῖ
2880 3444 2997 3515 ’τὴν
3034 3445 3326 3515 ἁμαρτίαν,
3358 3445 3609 3511 λέγοντος
3646 3443 3741 3496 τοῦ

2170 3542 2447 3609 προφήτου
2475 3539 2602 3609 περὶ
2620 3538 2784 3591 αὑτοῦ
2802 3555 2815 3567 ·
2849 3558 2865 3587 ι
2886 3538 2981 3600 Τίς
3009 3536 3141 3599 Θεὸς
3171 3536 3357 3606 ὥσπερ
3391 3536 3477 3597 σὺ,
3511 3536 3743 3606 ἐξαίρων

2169 3630 2391 3700 ἀνομίας
2418 3630 2509 3681 καὶ
2537 3628 2876 3699 ᾧπερὸαίνων
2898 3628 3105 3690 ἀδικίας
3128 3645 3142 3693 ;
3172 3646 3187 3678 ι
3230 3628 3349 3688 Πῶς
3376 3627 3450 3687 δὲ,
3470 3628 3517 3679 εί
3536 3628 3744 3697 κτίσμα

2168 3722 2334 3783 ἐστὶν,
2362 3720 2593 3789 ἠδύνατο
2628 3720 2856 3787 λέγειν’(
2883 3720 3008 3771 Ἐὰν
3034 3720 3106 3789 μὴ
3140 3721 3168 3771 6
3200 3716 3323 3780 Υἱὸς
3354 3719 3497 3787 ὑμᾶς
3528 3718 3744 3770 ἐλευθε-

2174 3814 2319 3883 ρώσῃ
2340 3831 2352 3873 ;
2377 3833 2394 3863 ι
2432 3814 2523 3865 καὶ
2540 3812 2669 3879 γοῦν
2691 3812 3062 3882 ἠλευθέρωσεν
3090 3812 3163 3875 ὡς
3194 3811 3286 3863 τοῦ
3310 3811 3519 3881 Πατρὸς
3544 3811 3744 3881 κληρο-

2172 3902 2359 3968 νόμος,
2391 3902 2483 3953 καὶ
2514 3902 2572 3953 οὐ
2606 3902 2812 3971 ποίημα
2848 3902 3130 3972 ὑπάρχων,
3173 3900 3313 3954 κατὰ
3344 3899 3442 3969 τὴν
3482 3898 3590 3951 τῶν
3624 3899 3745 3952 θεο-

2174 3994 2360 4061 μάχων
2389 3994 2603 4062 μανίαν.

2243 4263 2304 4315 Ei
2345 4264 2486 4315 κατὰ
2516 4264 2746 4333 μίμησιν
2779 4265 2872 4318 τοῦ
2904 4266 3045 4318 κατὰ
3074 4266 3235 4334 φύσιν
3255 4264 3384 4317 Υίοῦ
3417 4266 3509 4317 καὶ
3533 4268 3580 4317 οἱ
3605 4267 3745 4320 κατὰ

2174 4354 2319 4408 Οέσιν
2355 4356 2459 4408 υίοὶ
2490 4356 2797 4426 καλοῦνται,
2830 4358 3041 4427 ἀνάγκη
3094 4360 3241 4410 πᾶσα
3279 4359 3369 4411 τὸν
3402 4358 3543 4410 κατὰ
3582 4359 3745 4425 φύσιν

2173 4446 2356 4516 ἕτερον
2401 4443 2535 4499 εἶναι
2570 4448 2699 4516 παρ’
2746 4448 2941 4511 αὐτοὺς
2990 4450 3083 4501 καὶ
3129 4449 3269 4509 κατὰ
3300 4449 3397 4516 τὴν
3442 4450 3630 4501 οὐσίαν
3663 4451 3747 4515 ἐξ·

508 4562 617 4598 sns.
648 4545 701 4597 Si
739 4561 866 4614 ergo
896 4546 986 4597 ﬁlii
1011 4546 1259 4614 adoptitii
1295 4555 1421 4600 sunt
1447 4558 1733 4615 creatum,
1804 4554 2062 4610 naturalis

2173 4537 2527 4606 ηλλαγμένον.
2568 4537 2627 4589 Et
2656 4537 2833 4589 τοίνυν
2865 4541 2911 4589 οἱ
2955 4540 3094 4591 κατὰ
3134 4539 3282 4590 θέσιν
3311 4541 3413 4591 υίοὶ
3445 4540 3744 4609 κτίσμα-τα,

507 4649 658 4689 certe
713 4648 963 4689 creatura
1002 4647 1097 4691 aut
1143 4652 1277 4705 Opus
1326 4654 1431 4693 non
1482 4641 1586 4693 erit

506 4729 644 4781 idem
681 4729 784 4782 erit
811 4744 930 4783 cum
968 4728 1263 4797 adoptitiis.

1167 4818 1400 4874 ALIUD.

575 4912 631 4966 Si
662 4912 815 4980 juxta
848 4926 965 4976 vos,
989 4926 1021 4965 0
1048 4912 1255 4976 Ariani,
1292 4912 1462 4968 Filius
1509 4914 1601 4968 Dei
1650 4926 1733 4969 est
1770 4928 2016 4971 creatura
2050 4961 2063 4984 ,

508 5004 559 5056 itt
610 5003 933 5072 quaigitur
974 5004 1236 5073 sapientia
1290 5004 1463 5059 factus
1512 5006 1641 5059 est?
1675 5017 1766 5061 aut
1820 5024 2066 5078 qnmnam

508 5106 697 5146 manus
727 5091 896 5159 ipsum
930 5100 1056 5158 post
1090 5091 1191 5146 alia
1217 5092 1460 5145 creavit?
1492 5092 1761 5159 Scriptum
1782 5106 1863 5147 est
1884 5095 2063 5148 enim:

511 5203 529 5232 ι
564 5182 757 5235 Omnia
826 5182 876 5235 iu
919 5174 1179 5250 sapientia
1237 5181 1409 5237 fecisti
1444 5184 1527 5237 ⁸⁵.
1575 5201 1593 5235 ι
1660 5183 1723 5236 Ει
1769 5185 1910 5238 Deus
1950 5187 2067 5251 ipse

508 5272 701 5326 alicubi
735 5273 811 5328 ait
852 5290 864 5325 :
906 5291 924 5322 t
974 5272 1162 5327 Manus
1218 5288 1332 5327 mea
1389 5273 1509 5328 fecit
1556 5275 1735 5329 omnia
1783 5276 1895 5330 hmc
1937 5276 2001 5331 ⁸⁸.
2046 5297 2062 5327 ι

510 5362 689 5430 Atqui,
712 5362 754 5415 si
784 5363 962 5415 omnia
992 5362 1044 5414 in
1070 5362 1330 5429 sapientia
1358 5374 1409 5415 et
1441 5379 1599 5417 manu
1631 5356 1725 5418 Dei
1753 5365 1890 5419 ficta
1916 5376 2064 5426 sunt,

510 5462 562 5505 ct
596 5467 746 5505 sacra
785 5452 1062 5521 Scriptura
1096 5454 1160 5506 de
1192 5453 1280 5505 Dei
1316 5452 1490 5507 Verbo
1546 5457 1741 5521 passim
1790 5458 2065 5523 prmdicat,

510 5541 651 5607 quod
685 5558 704 5590 ι
755 5541 941 5595 Omnia
980 5557 1072 5609 per
1117 5541 1288 5611 ipsum
1348 5544 1484 5597 facta
1524 5555 1649 5598 sunt
1675 5588 1689 5607 .
1728 5557 1775 5600 et
1810 5548 1924 5601 sine
1955 5548 2069 5616 ipso

1637 4659 1652 4697 :
1708 4657 1829 4697 nam
1875 4645 2069 4715 alioqui

582 5717 625 5746 ”'
656 5716 844 5783 Ephes.
880 5736 930 5779 ν,
959 5718 1045 5769 ‘27.
1121 5720 1165 5749 τ’
1198 5719 1235 5771 Il
1262 5720 1379 5769 tlnr.
1416 5736 1463 5782 ν,
1508 5722 1588 5772 l7.
1666 5722 1751 5773 "l
1787 5724 1924 5777 Τίιιι.
1960 5741 2014 5781 ιι,
2044 5725 2096 5775 εἰ.

513 5786 558 5817 ⁸³
596 5785 748 5841 Joan.
773 5802 888 5849 vnt.
924 5789 1007 5841 36.
1088 5789 1130 5819 "
1167 5787 1302 5843 Psal.
1340 5806 1451 5852 cm,
1488 5791 1575 5844 24.
1652 5793 1696 5823 ⁸⁸
1729 5794 1827 5847 lsa.
1874 5810 2014 5860 Litt,
2050 5794 2102 5846 2.

2176 4629 2203 4679 6
2230 4629 2374 4680 κατᾶ
2404 4627 2565 4695 φύσιν
2598 4629 2696 4679 οὐκ
2724 4628 2877 4680 ἔσται
2906 4630 3108 4699 κτίσμα
3142 4630 3173 4700 ἢ
3216 4632 3446 4701 ποίημα,
3485 4633 3571 4684 ἵνα
3610 4634 3685 4703 μὴ
3720 4634 3746 4685 6

2175 4722 2334 4784 αὐτὸς
2368 4722 2585 4794 ὑπάρχῃ
2614 4725 2726 4783 τοῖς
2755 4723 2894 4776 κατὰ
2929 4723 3099 4777 θέσιν.

2837 4815 3039 4869 ΑΛΛΟ.

2246 4906 2327 4967 Εί,
2358 4904 2479 4958 καθ’
2512 4906 2675 4974 ὑμᾶς,
2724 4899 2769 4958 ὦ
2806 4906 3094 4975 Ἀρειανοὶ,
3147 4908 3350 4976 κτίσμα
3384 4908 3534 4962 ἐστὶν
3562 4912 3589 4963 6
3618 4911 3744 4974 Υἱὸς

2176 4996 2267 5049 τοῦ
2298 4997 2433 5048 Θεοῦ
2454 5035 2469 5057 ,
2506 4999 2562 5049 ὲν
2596 4998 2726 5068 ποίᾳ
2753 4997 2975 5067 γέγονεν
3008 4999 3114 5069 ἄρα
3152 5002 3313 5071 σοφίᾳ
3339 5018 3363 5064 ;-
3389 5002 3517 5054 ποία
3540 5001 3593 5053 δὲ
3626 5004 3746 5071 χεὶρ

2176 5091 2207 5158 ή
2244 5090 2337 5141 καὶ
2371 5087 2532 5141 αὐτὸν
2582 5088 2720 5159 μετὰ
2770 5090 2876 5142 τῶν
2908 5090 3083 5145 ἄλλων
3128 5090 3614 5162 δημιουργήσασας
3656 5094 3746 5145 Γέ·

2176 5198 2417 5249 γραπται
2443 5181 2573 5250 γὰρ,
2610 5182 2691 5233 ὅτι
2729 5201 2745 5232 ι
2769 5181 2951 5235 Πάντα
2982 5185 3039 5234 ὲν
3068 5183 3227 5252 σοφίᾳ
3262 5184 3542 5253 ὲποῖησας.
3581 5202 3598 5234 ι
3638 5185 3744 5235 Καὶ

2178 5275 2339 5334 αὐτὸς
2365 5272 2421 5325 δέ
2456 5273 2555 5325 πού
2586 5292 2750 5342 φησιν
2792 5277 2819 5328 6
2848 5274 2979 5336 Θεός
3002 5292 3014 5305 ·
3060 5294 3077 5323 ι
3122 5275 3181 5326 'H
3224 5274 3344 5343 χείρ
3376 5292 3477 5343 μου
3524 5276 3741 5343 ἐποίησε

2176 5364 2346 5417 ταῦτα
2378 5365 2572 5418 πάντα.
2616 5386 2631 5417 ι
2673 5366 2781 5418 Καὶ
2812 5370 2857 5418 εἰ
2890 5368 3068 5419 πάντα
3094 5368 3149 5418 ὲν
3180 5366 3339 5435 σοφίᾳ
3373 5366 3467 5417 καὶ
3489 5366 3633 5434 χειρὶ
3658 5366 3744 5430 γέ-

2175 5476 2296 5525 γονε
2331 5457 2487 5519 Θεοῦ,
2537 5460 2589 5510 αἱ
2626 5459 2681 5511 δὲ
2708 5458 3095 5525 οεἴαι.Γραφαὶ
3127 5458 3256 5525 περὶ
3282 5457 3375 5508 τοῦ
3407 5456 3540 5508 Θεοῦ
3574 5457 3746 5524 Λόγου

2178 5550 2391 5619 βοῶσιν,
2421 5550 2501 5602 ὅτι
2544 5572 2559 5601 ι
2586 5551 2769 5609 Πάντα
2798 5551 2863 5602 δι’
2892 5549 3057 5602 αὑτοῦ
3084 5548 3320 5617 ἐγένετο,
3348 5548 3439 5600 καὶ
3464 5546 3630 5618 χωρὶς
3654 5547 3743 5600 αὖ·

2716 5727 2761 5755 ¹¹²
2802 5725 2934 5780 (ἶνιν.
2975 5740 3053 5787 ιιι,
3092 5724 3171 5777 19.

2177 5728 2215 5756 "‘
2260 5726 2357 5780 lsa.
2402 5742 2551 5787 Ltttt,
2584 5724 2637 5779 0.
2716 5727 2761 5755 ¹¹²
2802 5725 2934 5780 (ἶνιν.
2975 5740 3053 5787 ιιι,
3092 5724 3171 5777 19.
3251 5725 3293 5754 "
3332 5722 3488 5774 Miclt.
3523 5736 3617 5785 ιἰι,
3666 5721 3744 5773 18.
