3994 6324
481 450 576 507 29⁸

1468 444 1526 501 S.
1569 445 1845 501 CYRlLLl
1883 444 2349 502 ALEXANDRINI
2389 445 2708 503 ARCHlEP.

3620 444 3736 499 292

481 573 662 626 natos.
692 572 856 632 atque
889 573 1202 631 compactos
1228 579 1322 633 per
1349 565 1727 634 cognationem
1756 564 2048 618 carnalem.

2164 566 2253 635 ἐμὲ
2286 566 2375 619 διὰ
2421 565 2521 636 τῆς
2556 568 2820 630 πίστεως·
2869 568 2963 620 καὶ
3004 566 3287 635 σύσσωμος
3343 566 3549 636 τούτοις
3591 564 3733 615 ἀνα-

478 652 733 722 δειχθεὶς,
762 652 1001 722 δέξωμαι
1070 654 1676 726 συναρμολογουμένους
1717 656 1962 726 φυσικῶς
1999 656 2093 708 καὶ
2132 657 2628 727 συνδεσμουμένους
2689 657 2825 727 πρὸς
2854 658 2953 727 ἐμὲ
2976 656 3063 709 διὰ
3090 655 3187 726 τὴν
3218 654 3361 710 κατὰ
3386 635 3564 723 σᾶρκα
3596 667 3735 718 συγο

479 759 505 812 γ
516 742 601 797 ένε
610 760 711 798 ιαν.

1158 863 1393 919 ALIUD.

867 972 949 1028 Ea:
975 974 1266 1044 objections
1297 978 1683 1034 haereticorum.

553 1107 623 1161 At
661 1120 769 1177 quo
813 1118 991 1175 pacto,
1029 1108 1301 1177 inquiunt,
1351 1113 1522 1180 possit
1562 1113 1715 1180 illud,
1757 1135 1777 1170 ι
1816 1115 2061 1171 fundavit

483 1214 587 1264 me,
611 1217 631 1250 ι
663 1199 728 1253 de
751 1199 1125 1255 in‘t-aruatione
1150 1199 1312 1257 Verbi
1338 1204 1583 1273 intelligi,
1608 1221 1730 1260 cum
1760 1208 1876 1276 ipse
1917 1210 2061 1262 dicat

479 1305 538 1345 se
569 1300 708 1345 ante.
725 1290 921 1348 saecula
950 1290 1255 1357 fundatum,
1281 1305 1570 1364 antequam
1598 1306 1740 1351 terra
1766 1301 1915 1354 fieret
1940 1299 1979 1363 ³,
2009 1308 2063 1353 et

479 1391 765 1451 antequam
788 1396 1001 1440 montes
1024 1385 1426 1441 stabilirenlur?
1442 1386 1781 1444 Manifestum
1799 1390 1943 1443 enim
1956 1397 2059 1456 est,

482 1474 665 1529 multis
689 1485 880 1543 postea
927 1478 1286 1544 temporibus,
1328 1492 1501 1548 quam,
1544 1490 1716 1534 tomm
1749 1483 2060 1535 universum

481 1581 535 1625 et
574 1570 835 1640 quidquid
873 1570 926 1625 iu
964 1584 1032 1626 eo
1061 1582 1165 1637 est,
1203 1572 1381 1650 fleret,
1432 1573 1859 1629 incarnationem
1898 1573 2059 1636 Verbi

483 1659 677 1715 factam
706 1676 843 1716 esse.

988 1775 1197 1873 Salutio
1223 1799 1553 1868 objectionil.

550 1905 903 1977 Nequaquam
932 1908 1145 1965 didit-ile
1171 1920 1254 1965 est
1285 1910 1353 1964 ad
1382 1910 1649 1978 ejusmodi
1688 1910 2061 1967 hereticorum

484 1998 818 2067 obiectiones
853 2001 1179 2070 respondere
1205 2019 1220 2064 ;
1252 2002 1561 2057 necessaria
1596 2011 1774 2057 tamen
1803 2012 1887 2058 est
1909 2002 2061 2057 audi-

2830 860 3042 914 ΛΛΛΟ.

2371 974 2465 1038 Ὠς
2493 972 2563 1035 ἐξ
2601 972 2957 1039 ἀντιθέσεως
2988 971 3108 1027 τῶν
3141 972 3467 1053 ωρετικών.

2240 1104 2349 1157 Καὶ
2376 1103 2493 1166 πῶς
2524 1102 2856 1170 ἂνδύναιτο,
2884 1104 3052 1173 φασὶ,
3087 1104 3151 1157 τὸ
3186 1122 3206 1156 ι
3238 1104 3569 1175 ὲθεμελίωσέ
3602 1121 3673 1176 με
3708 1123 3737 1157 s

2162 1201 2243 1262 είς
2270 1199 2371 1269 τὴν
2398 1198 2540 1268 μετά
2565 1197 2764 1268 σαρκὸς
2792 1198 3231 1269 ἑκλαμὸάνεσθαι
3261 1199 3355 1252 τοῦ
3396 1199 3570 1264 Λόγου
3596 1216 3741 1270 παρ-

2161 1292 2372 1357 ουσίαν,
2402 1291 2537 1344 ὅπου
2565 1275 2728 1359 φησὶν
2756 1292 2919 1353 αὐτὸς
2957 1291 3065 1361 πρὸ
3091 1290 3187 1344 τοῦ
3226 1291 3421 1354 αἰῶνος
3446 1282 3744 1363 ήδρᾶσθαι,

2164 1383 2271 1453 πρὸ
2300 1382 2397 1435 τοῦ
2430 1382 2531 1453 τὴν
2563 1381 2670 1451 γῆν
2695 1385 2943 1452 ποιῆσαι,
2978 1382 3083 1454 πρὸ
3108 1382 3203 1436 τοῦ
3232 1383 3334 1453 ὅρη
3367 1368 3701 1453 ἑδρασθῆναι
3725 1401 3744 1445 ;

2166 1474 2399 1545 Εὔδηλον
2426 1475 2536 1544 γὰρ
2563 1475 2638 1539 ὼς
2658 1474 2872 1539 πολλοῖς
2896 1473 3124 1547 ὕστερον
3152 1475 3363 1545 χρόνοις
3387 1474 3526 1544 μετὰ
3552 1474 3614 1527 τὸ
3643 1492 3729 1543 γε·

2164 1566 2347 1621 νέσθαι
2365 1567 2485 1620 τόδε
2507 1565 2568 1620 τὺ
2593 1566 2814 1633 σύμπαν
2837 1566 2931 1620 καὶ
2959 1566 3028 1620 τὰ
3050 1567 3107 1620 ἑν
3136 1567 3311 1637 αὐτῷ,
3339 1567 3561 1636 γέγονεν
3588 1570 3622 1639 ἡ
3655 1568 3744 1621 ἐν⁴

2166 1672 2366 1729 σαρκος
2397 1657 2678 1729 οἰκονομία
2708 1658 2805 1713 τοῦ
2838 1659 3040 1728 Λόγου.

2582 1808 2586 1811 ⁷
2648 1786 2806 1864 Πρὸς
2834 1794 3014 1850 τοῦτο
3036 1796 3247 1862 λύσις.

2234 1905 2378 1977 Πρὸς
2409 1905 2474 1977 δὴ
2513 1902 2844 1965 τὰτοιαῦτα
2874 1905 2983 1978 τῶν
3015 1882 3307 1977 αἱρετικῶν
3348 1874 3745 1977 προϐλήματα,

2162 1994 2424 2066 δυσχερὲς
2454 1994 2558 2065 μὲν
2589 1995 2746 2049 οὐδὲν
2784 1996 3120 2065 ἀντιλέγειν*
3155 1998 3318 2069 χρεία
3356 1998 3416 2053 δὲ
3452 1999 3603 2069 ὅμως
3639 2000 3746 2070 τῆς

484 2095 661 2144 torum
706 2090 997 2160 prudentia.
1037 2103 1092 2145 et
1126 2093 1322 2161 pietas.
1366 2092 1521 2160 Quod
1567 2093 1713 2147 enim
1745 2094 1845 2149 sub
1899 2092 2059 2146 θιιειιι

2164 2086 2270 2138 τῶν
2299 2085 2666 2156 ἀκροωμένων
2703 2086 3007 2150 εὐλαϐείας.
3034 2087 3154 2139 Ὀτι
3186 2088 3286 2158 μὲν
3328 2087 3436 2159 γὰρ
3472 2090 3566 2143 ἐπὶ
3596 2090 3747 2144 τέλει

486 2184 769 2251 ιπωεθιιιίε
789 2185 970 2239 ωουιε
1002 2186 1204 2240 Christi
1230 2188 1491 2243 adventus
1513 2201 1611 2257 per
1632 2201 1852 2242 carnem
1886 2186 2062 2241 facms

488 2277 584 2342 sit,
612 2291 789 2339 nemo.
820 2286 878 2330 ut
903 2279 1157 2338 arbitror,
1190 2292 1379 2332 eorum
1412 2278 1504 2346 qui
1530 2288 1678 2332 recte
1699 2279 1937 2332 sentiunt
1969 2294 2062 2329 nc-

483 2368 651 2437 gabit.
704 2366 986 2424 Manifesta
1033 2370 1181 2423 enim
1235 2378 1364 2423 sunt
1412 2383 1533 2437 qua:
1576 2383 1733 2449 sacra
1780 2367 2061 2437 Scriptura

485 2460 801 2529 proclamat.
844 2462 913 2513 At
952 2458 1096 2514 Deus
1140 2460 1230 2529 qui
1282 2458 1461 2514 futura
1510 2461 1693 2515 omnia
1739 2461 1908 2524 novit,
1957 2474 2060 2514 non

482 2552 700 2620 quando
723 2565 810 2606 res
833 2550 962 2619 ipsa:
981 2551 1255 2613 eveniunt.
1278 2552 1440 2605 etiam
1469 2562 1597 2629 ante
1618 2551 2058 2606 constitutionem

486 2642 666 2697 mundi
728 2644 907 2704 novit.
967 2656 1089 2710 quae
1143 2643 1345 2697 ultimis
1404 2643 1742 2709 temporibus
1797 2652 2059 2697 eventura

484 2746 686 2795 essein.
736 2736 942 2791 Idcirco
986 2752 1103 2805 qua:
1148 2740 1319 2805 ipsum
1368 2736 1597 2801 decent,
1655 2736 1858 2790 faciens
1888 2778 1905 2801 ,
1956 2751 2060 2789 non

485 2829 701 2898 quando
734 2843 834 2883 nos
864 2825 993 2883 facti
1021 2842 1230 2892 sumus,
1268 2838 1393 2882 tunc
1426 2828 1658 2897 primum
1689 2827 1757 2882 de
1780 2827 1935 2881 nobis
1967 2830 2061 2882 de-

484 2916 699 2992 liberat,
728 2932 913 2971 verum
942 2915 1104 2971 etiam
1130 2925 1424 2985 antequam
1451 2916 1605 2972 fieret
1659 2928 1824 2986 terra,
1852 2928 1907 2992 et
1938 2929 2064 2975 ante

486 2991 687 3062 saecula
716 3020 894 3061 rerum
924 3013 1235 3061 nosnarum
1263 3023 1553 3062 successus
1581 3018 1635 3064 ει
1662 3022 1888 3066 ενειιιιιε
1923 3027 2061 3080 ι)Γῶ-

487 3098 639 3153 uovit
665 3116 679 3152 :
711 3105 766 3151 et
802 3105 928 3152 ante
953 3096 1148 3152 Saecula
1180 3097 1423 3151 fundavit
1448 3095 1644 3151 Filium
1682 3113 1861 3165 suum,
1891 3115 2063 3167 quas-

486 3197 599 3241 tum
645 3176 712 3239 ad
765 3200 917 3240 suam
965 3186 1351 3254 pramotiouem
1400 3188 1613 3252 attinet,
1660 3199 1717 3242 ut
1752 3206 1852 3245 nos
1900 3207 2066 3260 super

493 3291 615 3331 eum
638 3276 915 3339 adidcati,
956 3291 1299 3347 resurgamus
1327 3278 1379 3331 in
1408 3278 1931 3350 incorruptionem‘,
1972 3285 2061 3353 qui

487 3368 722 3438 alioquin
760 3382 855 3436 per
887 3367 1045 3438 173
1071 3369 1566 3435 praevaricationem
1601 3354 1656 3424 in
1692 3372 1969 3427 interitum
2008 3385 2061 3430 et

2162 2178 2257 2232 τοῦ
2282 2180 2547 2250 παρόντος
2569 2178 2764 2244 αίῶνος
2787 2181 2819 2250 ἡ
2849 2180 2989 2251 μετὰ
3021 2181 3222 2254 σαρκὸς
3241 2180 3336 2235 τοῦ
3353 2183 3527 2251 Λόγου
3547 2183 3746 2251 γέγονε

2165 2275 2461 2344 παρουσία,
2487 2274 2587 2327 οὐκ
2616 2273 2703 2339 ἂν,
2728 2271 2901 2345 οἶμαι,
2933 2276 3018 2339 τὶς
3041 2276 3150 2332 τῶν
3184 2272 3243 2331 εὖ
3272 2278 3613 2348 φρονούντων
3639 2281 3748 2352 ἀρ·

2162 2366 2405 2435 νήσαιτο.
2449 2364 2662 2435 Φανερὰ
2712 2364 2823 2435 γὰρ
2869 2366 2939 2420 τὰ
2993 2366 3053 2419 ἐν
3099 2369 3219 2431 ταῖς
3270 2367 3441 2432 θείαις
3489 2368 3748 2441 βοώμενα

2163 2457 2431 2530 Γραφαῖς.
2479 2458 2616 2511 Ἀλλ’
2646 2460 2676 2512 ό
2700 2459 2984 2527 γινώσκων
3007 2460 3079 2514 τὰ
3102 2462 3338 2532 ἐσόμενα
3367 2461 3498 2527 Θεὸς
3524 2464 3619 2517 καὶ
3642 2464 3749 2535 οὐχ

2120 2588 2129 2597 .
2162 2549 2251 2602 ὅτε
2296 2549 2505 2617 γίνεται
2528 2550 2598 2604 τὰ
2626 2551 2930 2623 πράγματα
2949 2592 2964 2616 ,
2996 2552 3093 2605 καὶ
3121 2552 3227 2624 πρὸ
3257 2553 3359 2623 τῆς
3389 2553 3483 2606 τοῦ
3529 2555 3748 2625 κόσμου

2163 2640 2472 2711 καταϐολῆς
2497 2640 2612 2712 ᾔδει
2638 2642 2708 2696 τὰ
2728 2643 2787 2696 ἑν
2812 2644 3059 2714 ἐσχάτοις
3090 2643 3483 2715 συμϐησόμενα
3505 2648 3747 2716 καιροῖς.

2164 2732 2254 2785 Διὸ
2284 2731 2349 2803 δὴ
2373 2732 2441 2785 τὰ
2470 2731 2649 2803 ἑαυτῷ
2672 2733 2950 2804 πρέποντα
2970 2734 3248 2805 πράττων,
3278 2738 3378 2808 οὐχ
3402 2738 3491 2790 ὅτε
3518 2738 3747 2806 γεγόνα-
3828 2764 3829 2767 η

2168 2840 2289 2893 μεν,
2316 2824 2437 2877 τότε
2471 2824 2687 2894 πρῶτον
2716 2826 2845 2896 περὶ
2888 2826 3044 2897 ἡμῶν
3091 2824 3431 2896 βουλεύεται,
3465 2829 3607 2885 ἀλλὰ
3643 2831 3749 2884 καὶ

2164 2915 2293 2981 πρὶν
2341 2912 2591 2981 γενέσθαι
2622 2912 2722 2985 τὴν
2762 2916 2866 2986 γῆν
2906 2916 3002 2969 καὶ
3038 2920 3166 2981 τοὺς
3207 2916 3410 2981 αἰῶνας
3435 2959 3449 2983 ,
3486 2920 3643 2991 ἔσχεν
3681 2924 3751 2975 ὲν

2167 2992 2346 3073 ἑαυτῷ
2375 3003 2485 3058 τῶν
2533 3003 2657 3058 καθ’
2693 3006 2843 3076 ἡμᾶς
2886 3006 2985 3079 τὴν
3027 3008 3262 3076 γνῶσιν·
3299 3011 3396 3065 καὶ
3440 3012 3751 3082 προεθεμε-

2167 3093 2332 3145 λίωσε
2375 3095 2467 3146 τὸν
2514 3095 2709 3149 ἑαυτοῦ
2756 3097 2885 3151 Υἱδν
2932 3099 3056 3152 ὅσον
3100 3101 3182 3164 είς
3220 3101 3319 3167 τὴν
3359 3104 3569 3157 οἰκείαν
3605 3106 3752 3175 πρό-

2166 3199 2402 3249 γνωσιν,
2454 3183 2539 3238 ἵνα
2585 3188 2749 3256 ἡμεῖς
2793 3187 3313 3260 ἐποικοδομηθέντες
3358 3192 3529 3263 αὐτῷ,
3578 3195 3749 3248 πάλιν

2165 3274 2489 3345 ἀναστῶμεν
2514 3278 2596 3340 είς
2617 3277 2937 3349 ἀφθαρσίαν
2956 3282 3005 3334 οί
3036 3282 3293 3347 πεσόντες
3321 3285 3403 3347 είς
3425 3286 3633 3359 φθορὰν
3651 3287 3749 3343 διὰ

2163 3368 2264 3437 τὴν
2292 3368 2625 3439 παράϐασιν.
2662 3371 2817 3440 ᾜδει
2860 3372 2969 3444 γὰρ
3007 3373 3089 3428 ὅτι
3132 3376 3316 3447 νεκροὶ
3360 3378 3463 3448 μὲν
3502 3378 3750 3449 ἐσόμεθα

486 3457 891 3529 corruptionem
945 3459 1331 3515 incideramus.
1378 3459 1599 3516 Sciebat
1643 3463 1789 3517 enim
1839 3480 1937 3519 nos
1967 3482 2061 3535 per

2165 3459 2253 3513 διὰ
2294 3459 2393 3532 τὴν
2437 3462 2744 3533 ἁμαρτίαν·
2792 3442 3095 3535 κεισόμεθα
3138 3467 3197 3520 δὲ
3230 3442 3307 3521 ’ἐν
3354 3442 3462 3538 γῆς
3503 3442 3746 3543 χώματι,

489 3558 769 3618 peccatum
814 3548 1129 3612 morituros.
1177 3558 1234 3604 et
1277 3559 1496 3619 propter
1540 3551 1961 3608 inobedientiam
2008 3557 2058 3608 iu

487 3640 735 3709 sepulcro
776 3647 954 3705 terra,
991 3650 1049 3694 ut
1088 3639 1351 3709 scriptum
1396 3650 1503 3706 est,
1546 3642 1844 3709 cubituros,
1896 3658 2061 3715 atque

486 3732 805 3786 audituros:
830 3748 849 3782 ι
876 3730 1042 3785 Terra
1056 3743 1143 3794 es,
1161 3740 1216 3783 et
1237 3730 1289 3783 in
1314 3742 1513 3784 terram
1540 3734 1851 3788 reverteris.
1883 3753 1902 3786 ι
1926 3735 2059 3790 Cum

490 3830 668 3875 autem
700 3835 820 3889 quae
865 3835 931 3875 cx
980 3833 1038 3873 re
1073 3830 1262 3873 nostra
1307 3832 1485 3887 erant,
1527 3822 1693 3875 etiam
1741 3823 1811 3878 ab
1860 3835 2060 3880 aeterno

492 3910 855 3979 praecogitarit
891 3909 1131 3964 Omnium
1165 3920 1411 3964 nostrum
1456 3913 1704 3967 conditor
1744 3925 1797 3968 et
1825 3926 2059 3977 creator.

491 4000 737 4067 praevidit
766 4008 928 4067 atque
958 3999 1243 4066 praelinivit
1280 4003 1549 4070 Θιιιιιιψιί
1598 4014 1821 4073 propter
1867 4020 1966 4060 nos
2010 4017 2064 4060 et

490 4104 588 4158 pro
635 4090 789 4143 nobis
832 4090 992 4143 homo
1038 4089 1250 4144 futurus
1302 4103 1469 4155 esset,
1522 4095 1624 4148 hoc
1673 4106 1776 4160 est,
1831 4094 2061 4150 Verbum

489 4194 667 4242 suum,
698 4188 757 4233 ut
783 4180 993 4234 initium
1017 4181 1225 4234 viarum
1250 4191 1305 4235 et
1329 4181 1737 4239 fundamentum
1760 4188 2064 4254 reperiatur

491 4270 801 4346 instauratae
842 4269 896 4323 in
944 4270 1058 4341 ipso
1087 4269 1337 4326 humanas
1369 4284 1575 4328 naturae
1604 4275 1670 4329 ad
1706 4276 2064 4346 incorruptio-

492 4378 637 4426 nem,
671 4345 833 4429 utque
864 4372 1088 4416 vocetur
1129 4364 1519 4435 primogenitus
1570 4367 1622 4419 in
1652 4367 1834 4422 multis
1870 4345 2058 4422 fratri-

490 4458 590 4507 bus
609 4453 653 4517 ',
690 4464 745 4506 et
774 4464 1018 4522 resurgat
1054 4457 1289 4524 primitia
1314 4472 1501 4510 corum
1537 4456 1629 4525 qui
1661 4457 2059 4513 dormierunt“.

489 4545 642 4610 Quod
687 4546 829 4600 enim
883 4548 1319 4615 sapientissimus
1368 4548 1625 4602 Salomon
1664 4550 1714 4602 iu
1757 4549 2066 4605 Proverbiis

492 4637 665 4704 inquit
695 4655 709 4689 :
749 4655 765 4685 ι
798 4638 935 4690 Ante
965 4638 1161 4692 sarcula
1208 4639 1451 4692 fundavit
1484 4655 1589 4700 me,
1621 4658 1641 4690 ι
1676 4652 1731 4695 et
1755 4658 1874 4709 qua:
1904 4643 2056 4696 dein-

487 4742 613 4795 ceps
647 4738 977 4795 sequuntur,
1028 4730 1127 4783 hoc
1176 4732 1348 4799 ipsum
1384 4730 1617 4799 explicat
1644 4730 1843 4786 Paulus
1874 4734 1939 4787 ad
1971 4734 2061 4787 Ti-

487 4816 758 4871 tn0tlieum
796 4819 1117 4887 discipulum
1171 4834 1326 4875 suum
1371 4824 1617 4878 scribens
1663 4842 1675 4878 :
1723 4842 1740 4875 ι
1775 4823 2055 4878 Collabora
2096 4814 2137 4868 ί)

487 4911 540 4962 iu
571 4907 863 4977 Evangelia
893 4912 1185 4964 secundum
1218 4914 1467 4968 virtutem
1501 4915 1619 4979 Dei,
1673 4916 1762 4985 qui
1793 4932 1891 4969 nos
1926 4917 2056 4971 libe-

487 5000 645 5062 ravit,
674 5010 729 5053 et
753 5002 967 5055 vocavit
1005 5004 1288 5057 vocatione
1324 5020 1417 5059 sua
1458 5017 1664 5071 sancta,
1713 5024 1815 5061 non
1860 5024 2057 5064 secun-

488 5092 613 5144 dum
652 5105 813 5158 opera
850 5103 1055 5160 nostra,
1090 5094 1182 5147 scd
1214 5096 1510 5149 secundum
1534 5099 1863 5167 pr0positum
1896 5116 2051 5154 suum

482 5190 537 5234 et
568 5182 793 5250 gratiam
826 5197 944 5250 quae
973 5185 1095 5237 data
1128 5196 1213 5238 cst
1244 5188 1398 5242 nobis
1435 5187 1487 5241 in
1516 5188 1734 5243 Christo
1767 5190 1891 5245 Jesu
1925 5202 2053 5245 ante

486 5284 724 5340 tempora
751 5276 1050 5338 stecularia,
1092 5275 1431 5332 manifestata
1461 5289 1544 5333 est
1576 5292 1752 5335 autem
1786 5298 1926 5337 nuuc
1959 5298 2053 5352 per

2164 3552 2310 3607 καθὰ
2340 3553 2672 3625 γέγραπται,
2702 3555 2790 3609 διὰ
2817 3557 2917 3628 τὴν
2949 3559 3158 3613 ἑαυτῶν
3187 3560 3749 3625 ἀπείθειαν,νάκούον-

2162 3659 2286 3706 τες·
2331 3662 2349 3695 ι
2388 3644 2462 3714 Γῆ
2498 3641 2586 3709 εἷ,
2620 3646 2716 3699 καὶ
2747 3649 2829 3711 είς
2862 3648 2969 3719 γῆν
3021 3650 3317 3724 ἀπελεύσῃ.
3357 3672 3378 3704 ι
3426 3653 3644 3727 Ἐπειδὴ
3680 3656 3747 3710 δὲ

2163 3732 2379 3803 χρηστὰ
2418 3734 2547 3805 περὶ
2575 3734 2733 3806 ἡμῶν
2762 3739 2858 3790 καὶ
2886 3738 3056 3793 πάλαι
3085 3742 3514 3812 προεϐουλεύετο
3541 3747 3571 3799 ό
3597 3747 3710 3800 παν
3727 3780 3741 3789 υ

2162 3835 2267 3870 των
2296 3818 2455 3889 ἡμῶν
2500 3824 2731 3893 ποιητής
2774 3841 2834 3877 τε
2872 3827 2968 3879 καὶ
3002 3827 3359 3900 δημιουργὸς,
3404 3834 3747 3907 προεθεώρει

2165 3908 2259 3960 καὶ
2298 3910 2571 3982 προώριζε
2602 3915 2696 3966 τὸν
2721 3916 2788 3967 δι’
2823 3916 2971 3986 ἡμᾶς
3000 3918 3096 3971 καὶ
3126 3920 3265 3993 ὑπὲρ
3297 3922 3454 3993 ἡμῶν
3483 3927 3747 3997 ἐσόμενον

2164 3998 2469 4071 ἄνθρωπον,
2495 4005 2766 4070 τουτέστι,
2793 4007 2883 4061 τὸν
2906 4009 3105 4064 ἑαυτοῦ
3135 4012 3329 4081 Λόγον,
3356 4016 3441 4068 ἴνα
3470 4019 3563 4071 καὶ
3595 4020 3745 4093 ἀρχὴ

2165 4090 2300 4143 ὁδῶν
2353 4092 2447 4144 καὶ
2506 4091 2755 4163 θεμέλιος
2811 4098 3041 4171 εὑρεθῇ,
3109 4102 3599 4179 ἀνακαινιζομένης
3657 4090 3744 4176 είς

2165 4181 2471 4253 ἀφθαρσίαν
2500 4186 2599 4256 τῆς
2623 4187 2911 4260 ἀνθρώπου
2936 4192 3151 4259 φύσεως
3180 4196 3240 4249 ὲν
3271 4198 3444 4270 αύτῷ,
3479 4202 3575 4254 καὶ
3610 4221 3745 4274 χρη-

2168 4275 2371 4348 ματίσῃ
2392 4280 2733 4348 πρωτότοκος
2766 4283 2823 4335 ὲν
2843 4281 3057 4347 πολλοῖς
3091 4285 3372 4355 ἀδελφοῖς,
3404 4294 3498 4344 καὶ
3527 4293 3738 4365 ἀναστῇ

2165 4366 2270 4418 τῶν
2308 4370 2725 4439 κεκοιμημένων
2755 4374 2999 4445 ἀπαρχὴ.
3032 4375 3209 4448 Ὅπερ
3238 4379 3348 4450 γὰρ
3391 4382 3420 4433 ό
3462 4384 3741 4455 πάνσοφος

2166 4458 2415 4529 Σολομῶν
2442 4464 2499 4514 ὲν
2517 4465 2636 4526 ταῖς
2669 4464 3001 4535 Παροιμίαις
3028 4469 3165 4539 φησί
3183 4488 3197 4503 ο
3232 4489 3250 4522 ι
3275 4472 3389 4543 Πρὸ
3414 4474 3511 4527 τοῦ
3541 4476 3739 4541 αίῶνος

2166 4549 2495 4620 ὲθεμελίωσὲ
2539 4571 2629 4623 με,
2664 4574 2682 4605 ι
2716 4558 2810 4608 καὶ
2846 4558 2915 4610 τὰ
2943 4559 3153 4623 τούτοις
3185 4562 3383 4632 ἐφεξῆς
3407 4579 3421 4594 ⁸
3454 4565 3610 4619 τοῦτο
3641 4572 3741 4623 καὶ

2164 4639 2191 4691 ὁ
2232 4639 2441 4703 Παῦλος
2481 4643 2765 4713 σαφηνίζει
2801 4646 2937 4715 πρὸς
2976 4647 3240 4717 Τιμόθεον
3276 4652 3368 4705 τὸν
3400 4655 3595 4709 ἑαυτοῦ
3632 4674 3731 4727 μα·

2166 4730 2334 4803 θητὴν
2352 4763 2363 4797 ~_
2383 4733 2715 4786 ἐπιστέλλων
2744 4728 2882 4789 ὦδεο
2920 4755 2937 4787 ι
2972 4738 3471 4815 Συγκακοπάθησον
3515 4747 3593 4818 τῷ
3633 4750 3740 4802 Εὑ-

2162 4828 2402 4899 αγγελίῳ
2427 4829 2568 4882 κατὰ
2593 4829 2819 4901 δύναμιν
2843 4833 2978 4887 Θεοῦ
3007 4835 3100 4890 τοῦ
3141 4838 3412 4906 σώσαντος
3443 4847 3611 4914 ἡμᾶς,
3641 4850 3740 4901 καὶ

2162 4919 2489 4984 καλέσαντος
2542 4922 2730 4993 κλήσει
2773 4925 2925 4997 ἁγία,
2968 4928 3029 4981 οὐ
3077 4932 3219 4984 κατὰ
3260 4933 3328 4986 τὰ
3372 4934 3510 5007 ἔργα
3553 4940 3733 5009 ἡμῶν,

2163 5010 2297 5064 ἀλλὰ
2338 5012 2480 5065 κατὰ
2529 5013 2664 5067 ίδίαν
2711 5016 2968 5087 πρόθεσιν
3013 5023 3106 5075 καὶ
3139 5026 3297 5096 χάριν
3338 5028 3435 5098 τὴν
3489 5025 3736 5086 δοθεῖσαν

2162 5105 2292 5173 ἡμῖν
2335 5106 2393 5156 ὲν
2435 5104 2655 5175 Χριστῷ
2696 5107 2867 5178 Ἰησοῦ
2898 5112 3005 5182 πρὸ
3035 5114 3240 5185 χρόνων
3270 5119 3525 5185 αίωνίων,
3564 5141 3733 5192 φανε-

2162 5193 2428 5264 ρωθεῖσαν
2478 5213 2535 5248 τε
2583 5196 2676 5250 νῦν
2718 5199 2807 5254 διὰ
2850 5203 2948 5273 τῆς
2997 5206 3315 5274 ἐπιφανείας
3346 5212 3440 5264 τοῦ
3482 5213 3735 5285 Σωτῆρος

2160 5286 2317 5355 ἡμῶν
2358 5285 2531 5357 Ἰησοῦ
2557 5289 2818 5359 Χριστοῦ,
2851 5306 3316 5368 καταργησαντος,
3326 5303 3428 5372 μὲν
3459 5304 3550 5356 τὸν
3577 5304 3735 5361 θανα-

482 5364 924 5419 illuminationem
971 5365 1269 5424 Salvatoris
1318 5372 1487 5424 nostri
1529 5370 1656 5425 Jesu
1700 5374 1925 5441 Christi,
1958 5378 2048 5444 qui

2164 5381 2627 5447 rov,.rpm-:£oavto;
2650 5383 2705 5436 δὲ
2733 5385 2877 5456 ζωὴν
2904 5364 3007 5441 καὶ.
3038 5364 3368 5463 ἄφθαρτίαν.
3408 5413 3427 5445 ι
3461 5394 3525 5448 Ei
3551 5397 3735 5451 τοίνυν

482 5456 749 5509 destruxit
774 5457 993 5525 quidem
1020 5468 1270 5525 mortem,
1310 5462 1845 5519 illuminaviLautcm
1888 5468 2047 5519 vitam

2164 5471 2250 5522 καὶ
2281 5474 2389 5543 πρὸ
2422 5472 2515 5526 τοῦ
2547 5474 2763 5539 αἰῶνος,
2794 5478 2948 5531 οῦπω
2972 5456 3254 5549 γεγονότες
3284 5484 3506 5557 δηλαδὴ,
3539 5487 3735 5558 κλήσει

481 5555 533 5599 ct
555 5548 1062 5615 incorruptionem".
1091 5571 1108 5601 ι
1138 5552 1192 5605 Si
1224 5568 1351 5621 ergo
1381 5564 1509 5610 ante
1538 5556 1752 5620 saecula,
1790 5559 2047 5612 nimirum

2156 5561 2284 5630 ἁγίᾳ
2319 5561 2632 5633 κεκλήμεθα
2669 5570 2805 5619 κατὰ
2834 5568 2995 5639 χάριν
3022 5572 3114 5623 καὶ
3144 5574 3400 5642 πρόθεσιν
3432 5576 3527 5629 τοῦ
3557 5579 3732 5632 πάντα

484 5654 604 5693 cum
634 5641 867 5693 nonduin
904 5642 1029 5697 facti
1053 5659 1316 5712 essemus,
1358 5649 1634 5702 vocatione
1665 5661 1848 5703 sancta
1879 5663 2050 5705 vocati

2164 5653 2461 5720 προειδότος
2506 5655 2661 5720 Θεοῦ,
2714 5660 3030 5732 κεκλήμεθα
3070 5664 3127 5715 δὲ
3162 5667 3219 5719 ἐν
3265 5668 3482 5737 Χριστῷ
3531 5670 3732 5739 Ἰησοῦ,

553 5816 575 5848 ⁸
608 5819 763 5872 l'rov.
795 5833 907 5886 vni,
938 5819 1121 5877 23-25.
1204 5824 1224 5855 ‘
1254 5822 1271 5877 l
1302 5823 1425 5880 Cor.
1464 5841 1550 5892 xv,
1592 5826 1679 5882 55.
1755 5831 1775 5861 ⁸
1813 5829 1968 5885 Rom.
2002 5846 2117 5900 vni,
2159 5832 2248 5890 ‘29.
2325 5837 2343 5867 ⁸
2374 5836 2540 5893 lCor.
2574 5854 2661 5906 xv,
2692 5839 2779 5894 ΞΟ.
2858 5844 2876 5872 ⁷
2912 5843 2953 5897 ll
2982 5841 3118 5897 Tim.
3152 5860 3188 5908 ι,
3224 5844 3372 5899 8-l0.
