3994 6324
212 439 310 497 197

1591 430 2034 492 THESAURUS.

3367 425 3473 481 298

214 558 349 620 σίαις
375 556 445 610 τὰ
473 556 536 620 ἐξ
562 555 741 609 αὐτῶν
762 554 1074 624 τικτόμενα.
1109 555 1265 608 υύτω
1296 571 1385 625 μοι
1409 555 1517 608 νόει
1544 554 1630 607 τὸν
1663 553 1790 604 Υἱδν

1911 554 2060 605 :tiam
2099 559 2310 604 statuas
2354 547 2550 602 Filium
2584 561 2651 600 ex
2685 543 2920 600 essentia
2963 541 3138 596 Patris
3179 541 3473 610 proceden-

214 651 275 703 ὲκ
311 653 407 718 τῆς
440 648 538 700 τοῦ
579 646 791 717 Πατρὸς
822 646 1006 710 οὐσίας
1044 647 1468 719 προερχόμενον,
1501 645 1686 706 ἀϊδίως
1728 659 1784 695 τε

214 741 334 794 ὅντα
375 741 434 792 ὲν
481 737 651 806 αὐτῷ,
687 737 781 791 καὶ
815 738 872 790 ὲν
904 737 1008 808 ίδίᾳ
1033 737 1322 806 νοούμενον
1353 736 1668 797 ὑποστάσει,
1697 734 1788 786 καὶ

217 832 326 884 κατ’
359 830 552 883 οὐδένα
596 830 797 899 τρόπον
846 828 1170 882 ὲλαττοῦντα
1203 829 1302 900 τὴν
1336 826 1430 880 τοῦ
1465 825 1790 896 Πατρὸςίού-

218 921 348 986 σίαν,
379 921 412 990 ἢ
444 920 612 972 αὐτὸν
649 919 850 988 ταύτης
880 919 1379 990 ἀπομεριζόμενον·
1413 918 1527 970 ἀλλ’
1555 911 1695 970 εἷναί
1731 931 1788 967 τε

217 1011 368 1064 αὐτὸν
408 1013 466 1064 ὲν
500 1011 700 1082 Πατρὶ,
730 1012 824 1063 καὶ
857 1010 999 1080 ἔχειν
1029 1012 1083 1064 ὲν
1112 1010 1289 1079 ἐαυτῷ
1322 1010 1412 1062 τὸν
1446 1010 1684 1080 Πατέρα,
1716 1008 1789 1070 ὼς

217 1103 301 1155 καὶ
333 1101 622 1171 ἀληθεύειν
667 1101 922 1169 λέγονταο
961 1122 978 1153 ι
1003 1101 1244 1170 Ἐγὼ·ὲν
1291 1102 1369 1172 τῷ
1413 1101 1608 1171 Πατρὶ,
1646 1100 1738 1153 καὶ
1763 1101 1789 1152 6

218 1192 398 1263 Πατὴρ
427 1195 485 1245 ὲν
516 1193 672 1261 ἐμοί·
708 1212 724 1242 ι
767 1193 857 1244 καὶ
886 1193 972 1245 διά
1002 1192 1062 1245 τὸ
1106 1195 1204 1263 τῆς
1242 1193 1431 1256 οὐσίας
1475 1191 1790 1262 ἀπαράλλα-

217 1301 353 1344 κτον,
386 1284 553 1337 αὐτόν
583 1300 642 1335 τε
685 1284 744 1335 ἐν
789 1282 865 1353 τῷ
893 1285 1088 1353 Πατρὶ,
1118 1284 1212 1337 καὶ
1243 1285 1299 1336 ὲν
1330 1283 1478 1353 αὐτῷ
1505 1283 1790 1352 φαίνεσθαι

216 1374 300 1427 τὸν
331 1374 574 1444 Πατέρα,
599 1373 742 1426 οὐτω
787 1391 844 1426 τε
888 1373 1146 1428 δύνασθαι
1185 1375 1391 1442 λέγειν·
1431 1393 1447 1426 ι
1472 1373 1612 1441 Ἐγὼ
1639 1375 1732 1426 καὶ
1765 1375 1792 1425 ὁ

217 1465 394 1535 Πατὴρ
425 1466 483 1516 ἓν
515 1466 682 1533 ἐσμεν
703 1481 715 1493 ο
762 1465 817 1516 '0
850 1461 1110 1534 ἑωρακὼς
1140 1467 1258 1534 ἐμὲ,
1293 1465 1503 1532 ἑώρακε
1545 1465 1636 1516 τὸν
1689 1466 1795 1516 Πα-

215 1556 360 1627 τέρα.
391 1576 408 1608 ι

897 1671 1100 1723 ΛΛΛΟ.

282 1782 343 1835 Ol
389 1782 643 1849 λέγοντες
684 1781 1058 1845 ἀποκεκόφθαι
1090 1781 1186 1849 τῆς
1220 1779 1312 1832 τοῦ
1345 1779 1554 1849 Πατρὸς
1603 1780 1790 1844 οὐσίας

1893 651 2024 703 tem,
2056 638 2124 693 ab
2146 648 2347 693 aeterno
2375 638 2425 690 iu
2459 635 2577 705 ipso
2601 634 2890 699 exsistere,
2927 630 3143 685 tametsi
3178 631 3231 684 in
3260 629 3476 698 prepria

1892 728 2168 802 hypostasi
2218 726 2499 788 subsistat,
2532 724 2787 794 nullaque
2820 722 3027 776 ratione
3065 719 3242 774 Patris
3289 732 3479 773 essen-

1894 824 2020 874 tiam
2071 820 2428 883 imminuere,
2490 827 2583 872 aut
2632 818 2699 870 ab
2750 816 2838 870 illa
2883 813 3174 885 separari:
3209 812 3302 866 sed
3360 825 3482 866 esse

1895 914 2066 982 ipsum
2112 913 2163 967 in
2196 911 2376 976 Patre,
2412 919 2466 964 et
2495 909 2735 963 vicissim
2787 909 2999 966 Patrem
3035 907 3086 959 in
3138 917 3196 958 se
3239 903 3478 962 habere;

1893 1004 2029 1058 adeo
2079 1012 2136 1056 ut
2185 1017 2309 1056 vere
2355 1001 2546 1055 dicat:
2585 1019 2603 1050 ι
2634 999 2747 1068 Ego
2777 998 2829 1052 in
2880 996 3063 1060 Patre,
3116 1002 3171 1049 et
3212 993 3376 1048 Pater
3427 992 3480 1045 in

1897 1109 1980 1148 me
2009 1095 2050 1124 “
2087 1111 2098 1146 :
2130 1112 2147 1143 ι
2179 1101 2233 1148 et
2275 1101 2498 1161 propter
2532 1089 2900 1145 omnimodam
2936 1086 3193 1143 essentia:
3226 1082 3480 1139 similitu-

1894 1187 2074 1240 dinem
2115 1185 2288 1253 ipsum
2322 1184 2377 1237 in
2406 1182 2587 1248 Patre,
2621 1189 2675 1235 et
2698 1181 2913 1235 Patrem
2948 1179 3001 1233 in
3038 1178 3158 1247 ipso
3191 1178 3367 1242 cerni,
3394 1181 3478 1228 at-

1894 1293 1997 1348 que
2047 1279 2120 1332 ita
2172 1291 2331 1346 posse
2380 1275 2600 1330 dicere:
2637 1292 2654 1326 ι
2691 1273 2800 1343 Ego
2853 1280 2909 1328 et
2957 1270 3119 1326 Pater
3169 1285 3336 1325 unum
3387 1284 3481 1324 su-

1897 1385 2016 1424 mus
2040 1368 2081 1399 “
2110 1387 2122 1422 :
2154 1367 2254 1436 Qui
2289 1367 2421 1421 vidit
2459 1381 2564 1430 tne,
2600 1365 2734 1419 vidit
2759 1375 2814 1418 et
2839 1363 3058 1418 Patrem
3086 1363 3148 1414 ³³.
3184 1381 3201 1412 ι

2578 1645 2807 1703 ALIUD.

1970 1769 2069 1834 Qui
2108 1767 2296 1821 dicunt
2354 1772 2624 1819 resectum
2655 1773 2817 1834 atque
2848 1763 3082 1816 divrsum
3133 1776 3253 1816 esse
3299 1762 3364 1816 ab
3396 1777 3486 1817 es~

217 1874 296 1926 τὸν
331 1873 479 1934 Υίὺν,
509 1873 598 1925 διὰ
626 1873 685 1924 τὸ
713 1872 770 1936 ἐξ
798 1871 966 1939 αὐτῆς
1001 1871 1305 1941 προελθεῖν,
1334 1873 1429 1924 καὶ
1458 1867 1590 1923 εἶναι
1629 1872 1792 1942 μέρος

1911 1859 2070 1914 sentia
2103 1856 2280 1910 Patris
2316 1854 2533 1919 Filium,
2564 1855 2690 1922 quia
2735 1867 2800 1906 cx
2849 1852 2966 1922 ipso
3004 1852 3267 1918 procedit,
3318 1861 3486 1919 atque

216 1963 389 2018 λοιπὸν
443 1965 544 2033 οὐχ
594 1964 904 2034 ὁλόκληρον,
936 1962 1243 2027 λεγέτωσαν
1289 1961 1662 2029 ἀποκεκόφθαι
1695 1964 1788 2017 καὶ

216 2054 301 2107 τοῦ
330 2057 506 2124 φωτὸς
531 2055 591 2106 τὺ
623 2054 982 2120 ἀπαύγασμα,
1021 2053 1113 2103 καὶ
1146 2051 1239 2103 τοῦ
1272 2052 1442 2121 πυρὸς
1474 2052 1569 2121 τὴν
1603 2051 1660 2114 ἐξ
1690 2053 1789 2103 αὐ-

216 2146 302 2200 τοῦ
332 2146 629 2217 προϊοῦσαν
655 2144 980 2215 θερμασίαν,
1009 2143 1102 2194 καὶ
1130 2141 1222 2194 τοῦ
1247 2142 1338 2195 νοῦ
1367 2143 1457 2195 τὸν
1485 2143 1638 2209 λόγον
1658 2159 1670 2170 ·
1699 2145 1790 2195 καὶ

215 2240 573 2294 δεικνύτωσαν
628 2239 708 2290 ὅτι
747 2236 885 2306 μέρη
931 2233 1103 2289 ταῦτα
1153 2233 1496 2303 διῃρημένως
1534 2236 1649 2286 ἐστι
1683 2234 1790 2286 τῶν

215 2330 426 2393 οὐσιῶν,
457 2328 517 2392 ἐξ
572 2321 646 2380 ὧν
699 2328 789 2380 καὶ
838 2325 1219 2395 προέρχονται,
1263 2324 1296 2392 ἢ
1342 2325 1421 2377 ὅτι
1473 2325 1640 2394 χωρίς
1693 2324 1790 2393 μὲν

218 2420 642 2488 ἁπανγὰσματος
672 2413 738 2488 ἦν
769 2435 897 2471 ποτε
944 2419 1003 2469 τὸ
1048 2417 1184 2483 (θῶς,
1216 2415 1382 2486 χωρὶς
1408 2415 1463 2467 δὲ
1491 2415 1792 2485 θερμασίας

219 2511 275 2564 τὸ
307 2511 434 2582 πῦρ,
471 2510 665 2578 ἄλογος
703 2510 781 2562 δὲ’
803 2511 831 2561 6
868 2509 1010 2570 νοῦς.
1044 2508 1152 2569 Καὶ
1179 2507 1298 2559 τότε
1333 2505 1793 2576 φανταζέσθωσαν

221 2603 434 2656 τοιαῦτά
458 2619 583 2654 τινα
611 2602 703 2653 καὶ
725 2617 789 2652 πε
801 2599 851 2669 pl
878 2599 966 2652 τὸν
985 2598 1076 2651 τοῦ
1100 2597 1233 2650 Θεοῦ
1251 2599 1440 2664 Λόγον.
1460 2598 1520 2649 Εἰ
1541 2597 1597 2650 δὲ
1623 2597 1793 2652 ταῦτα

224 2691 429 2748 σύνεστι
456 2693 556 2762 μὲν
575 2693 664 2746 ἀεὶ
682 2695 801 2754 ταῖς
822 2691 1052 2755 οὐσίαις,
1076 2692 1166 2757 ἀφ’
1186 2685 1260 2742 ὧν
1291 2689 1384 2742 καὶ
1410 2690 1790 2760 προέρχονται,

221 2784 525 2856 ἁμερίστως
553 2782 610 2835 δὲ
634 2783 791 2836 τοῦτο
809 2781 1039 2847 ποιοῦσι,
1067 2781 1158 2834 καὶ
1184 2781 1245 2834 οὐ
1272 2783 1689 2850 κεχωρισμένως
1712 2781 1792 2848 (οὐ

223 2875 322 2946 γὰρ
355 2875 503 2946 πάθη
536 2878 634 2929 καὶ
658 2874 943 2937 ἀποκοπὰς
968 2870 1288 2944 ἐμποιοῦσιν
1321 2873 1556 2940 αὐταῖς),
1589 2871 1704 2934 πῶς
1733 2872 1793 2923 οὐ

224 2966 396 3037 πάσης
432 2967 572 3020 εἰσὶν
601 2966 855 3029 ἀσεϐείας
890 2965 1144 3018 ἐπέκεινα
1172 2962 1344 3016 ταῦτα
1375 2966 1440 3033 τῇ
1473 2962 1593 3032 θείᾳ
1638 2960 1794 3031 φύσει

224 3058 645 3127 προσάπτοντες,
676 3058 711 3111 ἃ
752 3057 886 3128 μηδὲ
929 3056 1058 3126 περὶ
1095 3055 1193 3125 τὴν
1224 3053 1334 3106 τῶν
1364 3053 1605 3123 γενητῶν
1635 3054 1796 3121 φύσιν

224 3148 467 3214 γενέσθαι
514 3149 632 3219 δοίη
672 3166 756 3210 τις
789 3149 877 3210 ἂν,
926 3148 978 3202 εί
1006 3164 1069 3215 γε
1104 3146 1230 3200 νοῦν
1265 3145 1377 3215 ἔχοι
1430 3147 1525 3198 καὶ
1573 3144 1794 3215 φρονοίη

228 3238 430 3306 καλῶς

900 3351 1103 3404 AAAO.

453 3466 552 3529 Ὠς
587 3463 656 3527 ἐξ
694 3462 1049 3528 ἀντιθέσεως
1087 3461 1206 3514 τῶν
1241 3457 1572 3529 αἱρετικῶν.

293 3597 402 3650 Kal
440 3597 581 3658 πῶς,
615 3594 767 3662 φασὶ,
802 3592 1022 3646 δύναται
1052 3595 1079 3646 ὁ
1106 3593 1231 3655 Υἱὸς
1277 3591 1442 3652 ἀΐδιος
1491 3586 1630 3643 εἶναι
1666 3589 1804 3658 μετὰ

232 3687 469 3759 Πατρός;
519 3686 632 3740 Καὶ
662 3687 769 3753 γὰρ
811 3687 862 3740 οἱ
904 3684 1014 3736 τῶν
1045 3682 1347 3753 ἀνθρώπων
1397 3682 1501 3734 υἱοὶ
1526 3682 1801 3740 τίκτονται

237 3779 368 3846 μετά
413 3778 542 3840 τοὺς
586 3775 852 3845 πατέρας,
904 3774 999 3826 καὶ
1045 3773 1256 3844 χρόνοις
1304 3770 1529 3841 ὕστερον
1566 3769 1804 3838 γίνονται

235 3867 456 3934 πολλοῖς,
487 3868 588 3920 οὐκ
616 3866 763 3928 ὄντες
792 3864 923 3934 πρὶν
963 3861 1312 3933 γεννηθῆναι.
1347 3862 1470 3922 Πῶς
1501 3859 1556 3912 δὲ
1586 3858 1745 3912 πάλιν
1778 3860 1806 3911 6

236 3955 355 4022 Γίδς
380 3958 553 4026 Λόγος
579 3951 717 4009 εἶναι
736 3955 978 4018 δύναται,
1005 3952 1039 4023 ἦ
1063 3952 1225 4006 εἰκὼν
1247 3951 1339 4004 τοῦ
1365 3949 1500 4002 Θεοῦ
1523 3966 1536 4012 ;
1562 3949 1669 4002 Καὶ
1695 3946 1805 4017 γὰρ

234 4048 262 4100 6
291 4048 392 4101 τῶν
426 4046 734 4117 ἀνθρώπων
760 4045 916 4112 λόγος
945 4043 1068 4097 οὐτε
1098 4043 1459 4110 ἐνυπόστατός
1492 4045 1660 4105 ἐστιν,
1682 4041 1805 4094 οὐτε

239 4141 370 4209 μετά
400 4143 460 4193 τὸ
496 4140 731 4210 ῥηθῆναι
777 4137 1009 4200 σώζεται
1033 4154 1048 4168 ’
1095 4137 1209 4190 ἀλλ’
1240 4136 1400 4200 εὐθὺς
1447 4139 1525 4199 είς
1554 4136 1614 4188 τὺ
1647 4135 1722 4206 μὴ
1747 4135 1807 4187 ὃν

237 4231 539 4295 ἀναλύεται,
571 4231 816 4301 σημήνας
866 4229 926 4281 τὸ
979 4229 1119 4281 κατά
1165 4228 1406 4281 διάνοιαν
1447 4227 1528 4296 τῷ
1559 4225 1807 4278 λαλοῦντι

235 4323 497 4393 κείμενον,
537 4324 631 4376 καὶ
678 4321 746 4374 τὰ
778 4323 834 4373 ὲν
865 4320 941 4389 τῷ
973 4320 1126 4390 βάθει
1160 4321 1258 4390 τῆς
1303 4319 1530 4390 καρδίας
1580 4335 1810 4388 φανερο-

237 4416 461 4487 ποιήσας
487 4415 756 4483 νοήματα.

716 4520 870 4589 Πρὸς
909 4519 1084 4573 τοῦτο
1122 4520 1322 4587 λύσις.

305 4635 364 4689 El
411 4637 510 4704 μὲν
557 4633 632 4698 ὡς
679 4632 966 4704 ἄνθρωπος
1002 4631 1172 4696 οὔτως
1223 4633 1340 4686 ἐστὶ
1389 4635 1482 4685 καὶ
1530 4632 1682 4697 Θεὸς,
1716 4634 1810 4687 καὶ

241 4725 392 4780 πλέον
419 4726 532 4780 τῶν
560 4726 617 4777 tv
649 4727 782 4795 ἡμῖν
812 4723 964 4778 οὐδὲν
997 4727 1053 4777 ἒν
1088 4724 1254 4794 αὐτῷ,
1287 4725 1558 4795 κρατείτω
1591 4726 1683 4778 καὶ
1713 4726 1805 4778 ἐπ’

242 4817 399 4873 αὐτοῦ
451 4817 524 4870 τὰ
576 4815 922 4887 ἀνθρώπινα·
973 4815 1066 4868 καὶ
1115 4817 1518 4886 προΰπαρχέτω
1549 4815 1642 4868 τοῦ
1681 4815 1810 4869 ἰδίου

243 4909 575 4979 γεννήματος
600 4905 784 4976 ὥσπερ
828 4907 922 4958 καὶ
955 4907 1145 4976 ἡμεῖς’
1183 4907 1276 4960 καὶ
1307 4907 1371 4958 ὲκ
1397 4904 1490 4958 τοῦ
1544 4905 1617 4976 μὴ
1662 4905 1814 4968 ὄντος

243 4997 374 5053 ἔστω
403 4991 480 5051 τδ
507 4995 573 5061 ἐξ
600 4995 764 5050 αὐτοῦ
794 4995 1075 5066 προελθὸν.
1107 4997 1170 5049 El
1202 4996 1257 5049 δὲ
1287 4996 1422 5050 πολὺ
1468 4995 1576 5049 τῶν
1617 5000 1648 5065 ὴ
1660 4998 1815 5066 μετέ-

247 5105 345 5160 ρων
371 5090 431 5144 τὸ
448 5090 608 5144 Θετον
634 5088 964 5159 ἀπῴκισται,
991 5088 1086 5139 καὶ
1113 5087 1264 5140 οὐδὲν
1292 5088 1437 5157 αὐτῴ
1470 5091 1644 5142 κοινὸν
1678 5088 1814 5161 πρὸς

244 5181 401 5251 ἡμᾶς,
428 5183 556 5236 ὅσον
585 5183 664 5244 εἰς
696 5180 788 5234 τὸν
834 5179 934 5249 τῆς
963 5177 1150 5241 οὐσίας
1175 5177 1357 5272 1670);,
1393 5177 1510 5240 πῶς
1537 5179 1668 5231 αὐτὸ
1699 5183 1814 5243 τοῖς

247 5269 600 5342 ἀνθρωπίνοις
633 5268 1035 5338 καταδεσμοῦσι
1082 5268 1413 5332 κακοῖςξκαὶ
1458 5268 1580 5330 ταῖς
1618 5270 1815 5339 ἡμετέ-

252 5376 364 5430 ραις
393 5365 661 5433 ἀνάγκαις
709 5360 1055 5422 ὐποτιθέντες
1101 5360 1202 5412 οὐκ
1247 5358 1627 5428 αἰσχύνονται;
1663 5359 1814 5430 Ὂσῳ

248 5453 350 5523 γὰρ
392 5453 456 5507 ἂν
500 5454 605 5524 τὴν
657 5451 944 5522 ἀνθρώπου
997 5448 1156 5519 φύσιν
1201 5448 1512 5520 ὲξάλλτιται,
1541 5447 1815 5509 τοσοῦτον,

250 5537 413 5613 οἶμαι,
440 5544 536 5598 καὶ
560 5543 671 5597 τῶν
693 5542 820 5612 παρ’
845 5544 978 5611 ἡμῖν
994 5541 1132 5594 ὲθῶν
1157 5557 1214 5593 τε
1246 5541 1338 5593 καὶ
1364 5541 1542 5611 νόμων
1573 5538 1818 5610 φυσικῶν

1900 1950 2018 2002 ideo
2049 1956 2257 2017 partem
2290 1960 2431 2008 esse,
2465 1960 2570 1999 non
2605 1957 2733 1997 vero
2764 1944 3032 2011 integrum
3067 1960 3080 1996 :
3117 1943 3300 1996 dicant
3321 1944 3481 1997 etiam

1898 2039 2238 2107 splendorem
2272 2043 2580 2106 separatum
2625 2047 2746 2088 esse
2798 2049 2826 2085 a
2866 2033 3089 2096 lumine,
3141 2043 3196 2086 et
3227 2033 3482 2087 calidita-

1902 2142 2005 2184 tem
2052 2131 2118 2184 ab
2151 2131 2295 2198 igne,
2344 2144 2373 2182 e
2400 2143 2506 2197 quo
2539 2126 2807 2196 procedit,
2840 2135 2891 2179 et
2921 2126 3147 2179 verbum
3197 2142 3224 2178 a
3259 2136 3439 2179 mente
3469 2143 3483 2176 :

1874 2221 2297 2290 .ostendantque
2343 2219 2460 2273 haec
2509 2232 2632 2272 esse
2671 2216 2961 2284 separatim
3001 2225 3184 2285 partes
3232 2215 3490 2270 substan-

1903 2319 2124 2379 tiarum,
2177 2331 2209 2370 e
2263 2314 2461 2383 quibus
2519 2311 2975 2382 procedunt;aut
3024 2309 3258 2378 probent
3305 2310 3488 2363 lumen

1900 2409 2194 2477 aliquando
2222 2407 2390 2461 fuisse
2421 2407 2626 2475 absque
2657 2405 2971 2475 Splendore,
3017 2413 3110 2457 aut
3137 2403 3319 2474 ignem
3356 2403 3488 2457 abs-

1901 2511 2007 2563 que
2052 2494 2352 2558 caliditate,
2391 2503 2446 2548 et
2493 2502 2732 2547 mentem
2778 2492 2985 2561 absque
3021 2493 3208 2547 verbo.
3245 2493 3323 2546 Ac
3375 2501 3488 2546 tum

1901 2587 2118 2640 demum
2151 2601 2272 2640 cum
2314 2585 2418 2639 hoc
2450 2586 2757 2655 probarint,
2792 2584 3159 2652 imaginentur
3187 2584 3348 2637 etiam
3385 2583 3490 2637 tale

1903 2677 2182 2746 quidpiam
2215 2677 2281 2732 de
2303 2674 2484 2731 Verbo
2511 2676 2625 2730 Dei.
2657 2675 2714 2730 Si
2751 2690 2880 2730 vero
2916 2676 3032 2730 haec
3061 2675 3246 2730 insunt
3274 2689 3492 2745 semper

1901 2767 2224 2823 substantiis
2261 2782 2291 2821 e
2325 2766 2522 2834 quibus
2551 2766 2877 2836 procedunt,
2912 2767 3157 2834 citraque
3199 2765 3361 2820 ullam
3397 2781 3489 2822 se-

1902 2860 2238 2930 parationem
2290 2857 2394 2912 hoc
2432 2866 2693 2926 praestant
2721 2856 2922 2926 (neque
2962 2858 3108 2911 enim
3162 2857 3323 2910 ullam
3354 2871 3489 2927 pas-

1903 2952 2110 3006 sionem
2134 2959 2228 3005 aut
2255 2950 2556 3003 sectionem
2588 2949 2642 3003 in
2671 2948 2752 3003 eis
2769 2941 3054 3018 etli'ciunt),
3080 2949 3353 3016 quomodo
3382 2964 3488 3002 non

1904 3043 2012 3097 sint
2046 3041 2302 3096 censendi
2336 3042 2689 3094 vehementer
2725 3040 2903 3109 impii,
2935 3040 3027 3108 qui
3057 3041 3254 3094 divinat
3284 3050 3491 3095 natura:

1904 3134 1993 3188 illa
2027 3132 2295 3197 tribuunt,
2323 3145 2443 3199 quae
2485 3145 2645 3184 nemo
2673 3145 2822 3185 sanae
2855 3132 3054 3186 mentis
3098 3146 3165 3185 ne
3205 3139 3490 3187 creatura-

1825 3248 1867 3304 ε
1907 3239 2023 3277 rum
2053 3223 2272 3293 quidem
2312 3230 2518 3307 naturae
2544 3221 2796 3276 accidere
2830 3234 2989 3290 posse
3019 3221 3293 3276 fateatur?

2583 3335 2816 3394 ALIUD.

2283 3448 2368 3502 Ex
2394 3449 2685 3518 objectione
2708 3449 3103 3503 Itwreticorum.

1985 3585 2090 3640 Sed
2144 3583 2438 3653 quomodo,
2488 3583 2759 3651 inquiunt,
2805 3591 2985 3650 potest
3033 3580 3206 3638 Filius
3253 3592 3493 3639 aeternus

1906 3693 2025 3734 esse
2048 3691 2168 3731 cum
2194 3676 2386 3730 Patre?
2411 3675 2546 3728 Nam
2578 3673 2670 3728 ﬁlii
2700 3675 2979 3729 hominum
3031 3685 3333 3730 nascuntur
3373 3686 3497 3745 post

1910 3783 2037 3824 suos
2081 3778 2352 3837 parentes,
2404 3766 2687 3835 multoque
2731 3775 2852 3834 post
2887 3775 3130 3836 tempore
3180 3766 3335 3833 ﬁunt,
3387 3782 3492 3821 non

1908 3860 2236 3915 cxsistentes
2267 3858 2581 3927 priusquam
2623 3857 2778 3911 ﬁant.
2819 3857 2929 3912 Aut
2974 3871 3083 3926 quo
3133 3866 3292 3926 pacto
3324 3855 3496 3912 Filius

1910 3951 2080 4020 possit
2117 3963 2238 4004 esse
2267 3949 2524 4014 Verbum,
2557 3956 2654 4002 aut
2706 3949 2884 4018 imago
2917 3948 3052 4002 Deil
3087 3946 3219 4002 Nam
3270 3949 3494 4002 verbum

1909 4041 2053 4111 quod
2103 4039 2171 4094 ab
2211 4040 2524 4094 hominibus
2557 4037 2853 4107 profertur,
2897 4053 3072 4108 neque
3103 4053 3198 4105 per
3231 4052 3291 4093 se
3320 4039 3498 4093 subsi—

1912 4133 2025 4196 stit,
2063 4142 2240 4199 neque
2273 4137 2559 4197 postquam
2600 4126 2873 4195 prolatum
2904 4137 2989 4181 est
3021 4137 3222 4191 manet,
3254 4127 3348 4181 sed
3378 4138 3493 4180 sta-

1915 4220 2008 4273 tim
2053 4218 2106 4273 in
2145 4218 2372 4272 nihilum
2405 4218 2705 4282 evanescit,
2751 4231 2874 4270 cum
2919 4217 3208 4286 explicarit
3239 4219 3384 4286 quod
3415 4218 3497 4273 lo»

1913 4327 2084 4383 quens
2111 4321 2292 4367 mente
2313 4319 2658 4380 conceperat,
2685 4323 2920 4379 cumque
2947 4309 3308 4380 cogitationes
3329 4311 3496 4367 animi

1913 4403 2251 4474 patefecerit.

2419 4513 2626 4570 Salutio
2665 4513 2998 4584 objectiom’s.

1991 4631 2048 4688 Si
2076 4630 2219 4685 Deus
2257 4628 2481 4698 perinde
2514 4636 2595 4683 est
2629 4636 2796 4697 atque
2843 4629 3035 4694 homo,
3071 4629 3229 4701 177
3260 4629 3503 4700 nihilque

1917 4721 2154 4792 amplius
2201 4719 2253 4773 in
2286 4732 2351 4773 eo
2401 4727 2484 4773 est
2513 4733 2674 4787 quam
2716 4718 2768 4772 in
2816 4719 2971 4773 nobis
3005 4737 3018 4772 :
3064 4719 3299 4774 humana
3333 4724 3501 4776 etiam

1918 4814 1971 4868 in
1995 4812 2112 4882 ipso
2148 4811 2327 4866 locum
2365 4810 2622 4874 habeant,
2672 4816 2726 4864 et
2757 4809 2872 4877 ipse
2917 4825 3132 4879 quoque
3171 4811 3322 4879 prior
3351 4816 3492 4867 exsi-

1917 4913 2028 4959 stat
2055 4902 2194 4957 Filio
2226 4915 2347 4965 suo,
2381 4911 2438 4954 ut
2468 4915 2591 4965 nos,
2617 4911 2670 4954 et
2695 4916 2760 4954 ex
2792 4902 2963 4954 nihilo
2993 4901 3084 4967 sit,
3121 4903 3262 4971 quod
3293 4918 3360 4957 ex
3387 4903 3504 4973 ipso

1922 4993 2181 5064 procedit.
2213 4992 2284 5046 At
2316 5006 2446 5046 vero
2467 4993 2513 5046 si
2535 4991 2718 5047 Deitas
2737 4991 2894 5062 longe
2911 5006 2940 5045 a
2965 4998 3148 5046 nostra
3182 5003 3373 5048 natura
3395 4997 3474 5048 dit
3481 5027 3502 5034 -

1919 5084 2048 5148 fert,
2085 5083 2328 5153 nihilque
2369 5083 2419 5138 ei
2454 5084 2734 5139 nobiscum
2770 5099 3061 5140 commune
3103 5093 3207 5150 est,
3241 5094 3502 5155 quantum

1923 5176 1988 5230 ad
2019 5175 2286 5230 rationem
2315 5174 2634 5230 substantia:
2664 5177 2857 5232 attinet
2889 5194 2903 5231 :
2929 5192 3036 5246 quo
3067 5187 3226 5245 pacto
3251 5192 3372 5233 eam
3403 5181 3504 5232 Itu-

1922 5266 2098 5322 manis
2148 5267 2510 5322 incommodis
2546 5277 2603 5322 et
2646 5267 2807 5324 malis
2838 5269 3169 5338 astringunt,
3210 5278 3264 5323 et
3300 5279 3506 5324 nostra:

1922 5359 2234 5414 necessitati
2268 5358 2536 5427 subjicere
2572 5375 2678 5414 non
2717 5360 3017 5415 verentur?
3053 5359 3325 5427 Quantum
3357 5363 3504 5415 enim

1924 5449 2217 5505 humanam
2270 5458 2518 5504 naturam
2571 5449 2809 5516 excellit,
2865 5459 3069 5505 tantum
3107 5451 3269 5506 etiam
3318 5459 3504 5504 nostra

1925 5543 2313 5598 consuetudine
2356 5551 2411 5597 et
2463 5542 2804 5598 naturalibus
2855 5543 3063 5612 legibus
3104 5553 3187 5598 est
3232 5543 3502 5610 superior.

255 5631 394 5689 let-rat
420 5635 514 5690 καὶ
539 5632 798 5705 ἀμείνων.
814 5631 1020 5686 Οὐκοῦν
1038 5630 1266 5702 φθαρτοὶ
1291 5631 1386 5700 μὲν
1410 5632 1591 5700 ἡμεῖς,
1611 5629 1799 5700 ἄφθαρ

1929 5631 2038 5689 Nos
2067 5633 2251 5704 itaque
2278 5631 2659 5702 eorruptibiles
2693 5650 2706 5688 :
2740 5631 2884 5687 Deus
2909 5641 3090 5724 autem
3117 5629 3506 5702 incorruptibi-

324 5807 362 5840 “
387 5806 540 5865 Joan.
573 5821 685 5874 xiv,
719 5805 807 5860 lt.

640 5903 911 5967 Ps'raoc.
957 5903 1072 5963 Gn.
1117 5902 1209 5961 LX
1219 5901 1344 5963 XV.

886 5807 926 5836 “
955 5803 1109 5861 Joan.
1149 5820 1204 5866 π,
1232 5806 1322 5860 '50.
1403 5807 1446 5838 ¹³
1478 5805 1633 5862 Joan.
1671 5821 1782 5870 xw,
1807 5806 1861 5863 9.

3075 5893 3144 5954 10
