3994 6324
498 434 603 491 299

1470 424 1529 480 S.
1563 420 1833 479 CYRILLI
1874 414 2342 474 ALEXANDle
2381 411 2698 469 ARCHIEP.

3610 400 3722 459 δυο

501 553 587 606 lis.
634 548 745 605 Nos
789 564 851 603 ex
899 538 1068 602 nihilo
1112 545 1175 607 ad
1212 558 1329 599 esse
1379 539 1608 595 traducti
1651 552 1877 592 sumus:
1908 537 2049 589 Deus

2171 553 2237 599 ξος
2263 534 2318 588 δὲ
2341 534 2369 586 6
2388 530 2543 591 Θεός.
2560 528 2653 581 Ἐκ
2677 524 2769 578 τοῦ
2804 523 2876 593 μὴ
2905 523 3053 584 ὄντος
3085 520 3164 582 εις
3188 518 3247 571 τὸ
3270 514 3408 607 εἶναι
3434 514 3723 607 παρήχθη-

505 655 639 695 vero
674 654 887 708 semper
919 647 968 693 et
996 645 1134 702 erat,
1162 643 1217 690 et
1241 633 1365 689 erit.
1399 631 1580 711 Qualis
1609 644 1736 683 vero
1768 637 1851 682 est
1890 628 1935 680 is
1957 624 2047 695 qui

498 730 690 800 gignit,
730 726 889 782 talem
924 726 1087 782 etiam
1134 737 1254 779 esse
1299 728 1507 790 oportet
1538 720 1628 788 qui
1669 732 1734 770 ex
1780 730 1847 769 eo
1877 713 2048 784 gigni-

498 828 605 880 tur.
636 817 895 874 Etet-nus
946 828 1122 871 autem
1163 823 1246 870 est
1290 812 1429 866 Deus
1479 825 1541 864 ac
1570 809 1748 872 Pater,
1791 818 2049 860 aeternum

504 906 679 974 itaque
748 906 907 959 etiam
974 906 1113 972 quod
1172 917 1236 955 ex
1304 900 1419 968 ipso
1472 895 1713 966 procedit
1759 893 1963 956 lumen,
2001 901 2055 945 ct

501 1007 641 1063 erat,
670 1005 845 1052 etest.
874 996 1071 1050 Aderat
1099 995 1260 1063 igitur
1282 990 1467 1045 lumini
1497 987 1766 1057 splendor.
1791 985 2053 1039 Praeterea

502 1088 724 1142 verbum
767 1086 906 1153 quod
933 1099 998 1139 ex
1033 1083 1247 1138 homine
1275 1079 1540 1151 procedit,
1581 1077 1632 1131 in
1668 1074 1891 1130 nihilum
1926 1087 2051 1128 eva-

504 1177 699 1242 nescit,
728 1186 783 1231 et
809 1190 983 1244 neque
1016 1175 1194 1228 vivum
1221 1180 1329 1234 est,
1365 1182 1539 1237 neque
1568 1165 1775 1222 eiﬁcax.
1804 1163 1935 1218 Nam
1964 1163 2055 1231 qui

500 1266 629 1321 illud
653 1266 821 1336 gignit
860 1265 1023 1319 homo
1061 1280 1123 1318 ex
1157 1262 1322 1317 nihilo
1354 1270 1457 1323 est,
1500 1268 1554 1313 et
1592 1253 1922 1324 corruptioni
1958 1254 2055 1307 ob-

499 1358 711 1421 noxius.
757 1354 990 1411 Verbum
1024 1363 1202 1407 autem
1236 1353 1327 1408 Dei
1377 1353 1699 1409 vivumeSI.
1736 1356 1790 1401 et
1822 1360 1889 1400 ex
1936 1344 2058 1399 vivo

497 1447 819 1518 procedens,
865 1455 984 1500 erat
1029 1454 1084 1499 et
1126 1452 1209 1499 est
1244 1456 1476 1513 semper.
1521 1439 1702 1508 Neque
1743 1437 1883 1492 enim
1920 1434 2057 1489 Deus

499 1552 733 1607 unquam
781 1546 874 1592 aut
905 1544 1041 1601 erat,
1091 1544 1184 1589 aut
1236 1532 1581 1601 erit‘ahsque
1612 1528 1807 1583 Verbo.
1855 1524 2058 1579 idcirco

501 1628 697 1683 Paulus
727 1629 793 1683 de
827 1628 944 1698 ipso
976 1626 1182 1695 inquit:
1209 1645 1225 1675 ι
1261 1624 1453 1680 Vivum
1482 1633 1564 1677 est
1599 1619 1833 1676 Verbum
1866 1618 1957 1671 Dei
1985 1626 2060 1669 at-

499 1732 607 1787 que
646 1716 832 1773 efﬁcax
857 1716 922 1771 “.
956 1736 976 1768 ι
1014 1714 1239 1770 Creator
1278 1714 1460 1783 itaquel
1502 1720 1606 1775 est,
1654 1718 1709 1765 et
1751 1709 1930 1764 omnia
1964 1722 2059 1776 per

503 1809 673 1879 ipsum
702 1808 842 1864 facta
883 1817 1028 1871 sunt,
1060 1816 1115 1860 et
1142 1806 1257 1861 sine
1291 1806 1406 1874 ipso
1439 1804 1635 1859 factum
1667 1810 1749 1857 est
1782 1800 1913 1854 nihil
1938 1800 2000 1851 ιι.
2034 1817 2052 1849 s

1161 1916 1392 1972 ALIUD.

872 2032 954 2086 Ex.
993 2032 1274 2100 objections
1300 2030 1687 2085 Itwreticorum.

574 2162 688 2217 Non
714 2172 818 2225 est,
859 2161 1133 2230 inquiunt,
1172 2159 1425 2215 Christus
1467 2160 1648 2213 innata
1674 2167 1836 2227 atque
1868 2156 2062 2212 messi—

502 2260 651 2308 stens
674 2253 779 2306 Deo
807 2252 1042 2321 potentia
1071 2265 1133 2305 ac
1156 2250 1441 2318 sapientia,
1474 2252 1567 2303 sed
1596 2248 1812 2303 diversa
1843 2248 2060 2318 quidem

503 2350 587 2399 est
630 2342 743 2407 illa,
782 2342 849 2396 de
894 2356 997 2409 qua
1048 2339 1247 2395 Paulus
1277 2339 1451 2407 inquit
1474 2340 1536 2405 η,
1568 2338 1791 2394 ιΕιειιιιιι
1819 2344 1937 2407 ejus
1965 2354 2061 2406 po-

503 2433 671 2489 tentia
715 2439 769 2488 et
812 2432 988 2486 deitas
1022 2452 1033 2486 :
1067 2431 1208 2486 alius
1251 2444 1380 2485 vero
1414 2429 1482 2483 ab
1516 2430 1616 2484 hac
1664 2438 1749 2484 est
1791 2427 2061 2493 Christus,

501 2525 728 2593 aliaeque
776 2522 959 2577 multa:
1003 2536 1124 2577 cum
1179 2522 1298 2590 ipso
1348 2528 1641 2589 potestates
1685 2527 1740 2573 et
1787 2518 2066 2587 sapientiae

506 2613 809 2685 appellatae.
843 2612 1005 2682 Atqui
1057 2612 1238 2666 innata
1283 2626 1348 2667 ac
1384 2626 1511 2666 vera
1560 2610 1652 2665 Dei
1705 2612 1941 2679 potentia
1980 2621 2064 2667 est

505 2704 742 2759 creatrix
775 2706 1152 2759 universorum
1172 2705 1304 2769 ;_ha:
1334 2719 1461 2759 vero
1497 2705 1565 2759 ab
1591 2706 1701 2773 ipsa
1732 2705 1890 2759 iactae
1916 2715 2061 2769 sunt,

508 2794 719 2854 tametsi
770 2793 968 2847 eximia
1021 2792 1267 2860 quaedam
1314 2794 1406 2848 Dei
1450 2796 1689 2862 potentia
1738 2809 1898 2864 supra
1936 2796 2065 2849 reli-

512 2900 646 2954 quas
675 2885 745 2939 sit
782 2884 1054 2949 Christus,
1090 2884 1291 2938 idcirco
1323 2882 1461 2937 facta
1491 2892 1549 2937 ut
1576 2884 1828 2938 virtutem
1873 2899 1936 2940 ac
1969 2901 2065 2955 po-

504 2972 728 3027 tentiam
764 2973 961 3027 tribuat
990 2973 1055 3027 iis
1085 2973 1173 3042 qni
1205 2987 1266 3026 ea
1297 2983 1457 3042 egent
1491 2991 1504 3026 :
1536 2982 1590 3028 et
1619 2974 1937 3043 sapientiam
1972 2977 2062 3033 det

506 3078 571 3119 ea
613 3064 911 3135 egentibus,
955 3072 1122 3131 utque
1161 3063 1306 3131 justa
1355 3063 1548 3117 emciat
1583 3080 1700 3133 quae
1726 3064 1934 3132 iustitia
1975 3082 2065 3123 ca-

510 3161 652 3207 rent.
688 3152 782 3206 Est
819 3152 1021 3221 itaque,
1052 3152 1225 3215 aiunt,
1259 3153 1439 3206 innata
1476 3153 1567 3207 Dei
1594 3155 1829 3223 potentia
1862 3156 2063 3224 princi-

507 3243 595 3311 pio
618 3255 808 3298 carens
840 3250 895 3297 et
920 3257 1025 3297 non
1057 3241 1221 3308 facta,
1250 3243 1316 3296 ab
1339 3252 1541 3299 aeterno
1577 3245 1629 3299 in
1656 3243 1838 3299 Patre.
1870 3245 2067 3303 Factus

506 3341 591 3387 est
624 3340 797 3386 autem
832 3332 1083 3388 Christus
1126 3334 1284 3388 dictis
1316 3334 1381 3388 de
1425 3336 1621 3390 causis.
1672 3335 1727 3389 Si
1765 3350 1894 3391 vero
1926 3350 2066 3390 non-

511 3421 643 3475 nulli
675 3421 991 3483 existimant
1023 3420 1298 3476 Christum
1331 3421 1505 3489 ipsum
1534 3438 1659 3479 esse
1698 3424 1943 3479 innatam
1974 3426 2066 3479 Dei

510 3512 829 3579 potentiam,
860 3512 984 3581 quia
1010 3510 1208 3566 Paulus
1234 3512 1425 3567 scribit
1456 3527 1470 3567 :
1504 3531 1525 3565 ι
1553 3513 1803 3571 Christus
1828 3517 2067 3585 potentia

511 3599 629 3665 Dei,
670 3609 724 3655 et
777 3599 1040 3669 sapientia
1083 3600 1177 3655 Dei
1202 3600 1243 3633 "
1277 3617 1292 3655 :
1327 3619 1347 3653 ι
1379 3600 1507 3669 quid
1562 3602 1743 3657 dicent
1788 3603 2071 3659 audientes

514 3687 676 3743 Deum
731 3688 995 3743 dicentem
1047 3690 1115 3744 de
1159 3703 1321 3744 eruca
1364 3708 1379 3743 :
1420 3708 1437 3741 ι
1470 3688 1714 3746 Potentia
1752 3693 1915 3762 178
1953 3708 2069 3747 mea

510 3790 701 3848 magna
728 3777 811 3830 "‘i
840 3796 859 3829 ι
892 3778 1000 3832 Λιιι
1029 3779 1158 3848 quid
1188 3778 1410 3845 facient,
1452 3796 1574 3835 cum
1603 3781 1887 3836 Psalmista
1936 3783 2071 3836 mul-

511 3874 597 3922 tas
632 3865 730 3924 Dei
764 3869 990 3924 virtutes
1022 3883 1086 3924 ac
1112 3872 1381 3937 potentias
1409 3880 1632 3935 statuat,
1661 3872 1847 3926 dicens
1875 3888 1887 3924 :
1925 3892 1942 3924 ι
1974 3872 2071 3927 Be-

512 3956 743 4013 nedicite
775 3958 962 4023 Deum,
1001 3972 1189 4013 omnes
1221 3961 1479 4028 potentia:
1507 3958 1622 4027 ejus
1646 3960 1735 4011 "1'
1767 3977 1784 4009 ι

1015 4156 1218 4213 Salutio
1243 4157 1564 4225 objectionis.

582 4271 641 4328 Si
685 4270 886 4328 idcirco
931 4270 1110 4325 factus
1155 4278 1239 4325 est
1270 4268 1539 4335 Christus,
1574 4276 1631 4322 ut
1657 4267 1947 4337 justitiam,
1986 4283 2075 4324 sae

2152 637 2251 693 μεν
2270 640 2282 654 ’
2315 609 2403 676 ἀεὶ
2427 619 2484 673 δὲ
2504 612 2573 688 ἦν
2596 615 2689 667 καὶ
2718 612 2869 665 ἔσται
2898 610 3049 672 Θεός.
3068 609 3275 669 Ὀποῖος
3303 606 3348 659 δ’
3376 606 3444 658 ἂν
3470 607 3498 657 ό
3524 604 3726 693 τίκτων

2150 692 2392 783 ύπᾶρχῃ,
2422 707 2657 763 τοιοῦτον
2691 699 2828 757 εῖναι
2858 701 2965 774 χρὴ
2994 698 3089 753 καὶ
3122 700 3212 753 τὸν
3245 697 3305 761 ἐξ
3349 695 3513 750 αὑτοῦ
3543 692 3728 748 τικτό-

2155 802 2544 876 μενον.’Δῖδιος
2583 799 2639 851 δὲ
2668 798 2695 850 6
2724 796 2856 859 Θεὸς
2902 794 2992 847 καὶ
3022 791 3233 862 Πατὴρ,
3272 790 3440 843 ἀΐδιον
3482 788 3589 859 ἄρα

2151 895 2212 947 τὸ
2237 894 2297 958 ἐξ
2326 890 2491 947 αὑτοῦ
2521 889 2635 959 φῶς
2666 884 2733 957 ἦν
2761 887 2853 940 καὶ
2877 885 3011 938 ἔστι.
3043 884 3214 953 Συνῆν
3240 881 3348 951 ἄρα
3384 878 3461 948 τῷ
3495 877 3631 946 φωτὶ
3661 875 3733 928 τὸ

2153 984 2509 1053 ἀπαύγασμα.
2540 979 2650 1034 Καὶ
2697 980 2725 1032 6
2777 978 2873 1047 μὲν
2916 976 2974 1041 ἐξ
3018 971 3303 1045 ἀνθρώπου
3328 968 3732 1039 προερχόμενος

2154 1076 2330 1142 λόγος,
2362 1076 2441 1135 είς
2464 1073 2525 1125 τὸ
2562 1070 2634 1141 μὴ
2681 1068 2739 1120 ὃν
2763 1066 3094 1125 ἀναλύεται,
3128 1062 3222 1115 καὶ
3249 1058 3369 1113 οὔτε
3402 1058 3521 1136 ζῶνί
3551 1060 3724 1120 ἐστιν,

2155 1163 2278 1216 οὒτε
2307 1162 2557 1232 ἐνεργής.
2579 1159 2687 1211 Kal.
2716 1154 2824 1225 γὰρ
2850 1154 2945 1205 καὶ
2969 1153 2998 1203 6
3019 1150 3205 1203 τοῦτον
3232 1146 3496 1215 γεννήσας
3517 1143 3725 1213 ἂνθρω-

2158 1272 2277 1317 πος,
2307 1254 2371 1305 ὲκ
2396 1252 2488 1305 τοῦ
2519 1250 2594 1321 μὴ
2617 1248 2767 1309 δντος
2797 1246 2912 1298 ἐστὶ
2934 1244 3027 1296 καὶ
3062 1239 3343 1293 ὑπόκειται
3375 1236 3570 1306 φθορᾷ.
3585 1235 3645 1286 '0
3668 1234 3736 1286 δὲ

2156 1344 2249 1398 τοῦ
2274 1341 2410 1397 Θεοῦ
2440 1342 2610 1409 Λόγος
2647 1337 2753 1403 ζῶν
2790 1339 2903 1389 ἐστι
2926 1351 2938 1363 ·
2972 1332 3064 1386 καὶ
3094 1334 3158 1384 ὲκ
3187 1329 3387 1393 ζῶντος
3425 1324 3733 1396 προελθὼν,

2156 1431 2223 1506 ἦν
2260 1434 2348 1488 ἀεὶ
2375 1434 2467 1486 καὶ
2500 1430 2666 1483 ἐστιν.
2692 1428 2765 1480 Οὐ
2795 1425 2900 1495 γὰρ
2925 1419 3015 1493 ἦν,
3047 1421 3167 1475 οὐδὲ
3197 1420 3347 1472 ἔσται
3378 1416 3527 1481 ποτὶ,
3557 1417 3736 1486 χωρὶς

2160 1528 2331 1593 Λόγου
2347 1524 2496 1586 Θεός.
2528 1520 2639 1576 Καὶ
2667 1520 2795 1586 γοῦν
2819 1519 2846 1570 6
2875 1513 3086 1575 Παῦλός
3115 1528 3247 1582 φησι
3278 1510 3405 1580 περὶ
3426 1506 3616 1571 αὐτοῦ,
3644 1507 3733 1559 δτι

2166 1638 2182 1669 ι
2212 1618 2325 1669 Ζῶν
2361 1617 2389 1667 6
2421 1613 2592 1681 Λόγος
2618 1608 2710 1663 τοῦ
2738 1605 2873 1660 Θεοῦ
2925 1603 3303 1669 καὶ-ἐνεργής.
3339 1618 3358 1651 ι
3394 1596 3739 1669 Δημιουργδς

2158 1702 2289 1770 γοῦν
2316 1702 2452 1761 ἐστι,
2480 1698 2575 1756 καὶ
2603 1696 2777 1749 πάντα
2806 1681 2995 1762 γέγονε
3021 1692 3088 1744 δι’
3112 1687 3297 1752 αὐτοῦ,
3328 1688 3422 1739 καὶ
3442 1685 3609 1757 χωρὶς
3634 1684 3741 1740 αύ-

2158 1792 2250 1845 τοῦ
2282 1791 2496 1858 ἐγένετο
2522 1786 2643 1840 οὐδὲ
2668 1786 2745 1837 ἓν.

2851 1896 3051 1950 ΛΛΛΟ.

2397 2012 2494 2077 Ὠς
2532 2008 2601 2074 ἐξ
2638 2007 2994 2073 ἀντιθέσεως
3032 2004 3148 2059 τῶν
3181 2004 3507 2076 ᾳζρετικῶν.

2237 2144 2349 2196 Οὐκ
2380 2141 2515 2206 ἐστι,
2547 2140 2733 2208 φασιν,
2760 2140 2788 2191 6
2814 2137 3047 2209 Χριστὸς
3084 2138 3118 2207 ή
3171 2136 3409 2207 ἔμφυτος
3441 2134 3538 2188 καὶ
3567 2134 3741 2187 ἔνυπ-

2170 2235 2408 2304 άρχουσα
2440 2232 2518 2301 τῷ
2543 2229 2661 2300 Θεῷ
2686 2228 2913 2298 δύναμις
2960 2226 3053 2279 καὶ
3093 2224 3270 2293 σοφία,
3302 2224 3417 2278 ἀλλ’
3439 2222 3604 2294 ἑτέρα
3638 2222 3744 2293 μιν

2169 2324 2349 2393 ἐκείνη
2381 2323 2507 2391 περὶ
2531 2314 2600 2393 ἦς
2625 2320 2719 2372 καὶ
2742 2318 2770 2370 6
2786 2315 3001 2379 Παῦλός
3030 2314 3268 2385 φησιν,ή
3292 2330 3353 2367 τε
3382 2313 3551 2377 ἀΐδιος
3571 2310 3741 2367 αὑτοῦ

2168 2415 2396 2484 δύναμις
2429 2412 2525 2465 καὶ
2551 2409 2743 2481 θεότης
2762 2425 2777 2440 ο
2816 2409 3003 2479 ἔτερος
3038 2407 3096 2461 δὲ
3144 2408 3273 2477 παρ’
3304 2404 3520 2477 εκείνην
3546 2406 3576 2458 6
3600 2405 3742 2475 Χρι-

2171 2503 2321 2566 στὸς,
2358 2502 2453 2555 καὶ
2495 2501 2680 2571 ἕτεραι
2717 2498 2908 2553 πολλαὶ
2943 2498 3040 2550 σὺν
3085 2495 3234 2567 αύτῷ
3263 2495 3521 2565 δυνάμεις
3550 2512 3609 2547 τε
3642 2494 3744 2549 καὶ

2173 2595 2353 2664 σοφίαι
2396 2592 2743 2661 καλούμεναι.
2792 2591 2901 2644 Καὶ
2943 2590 2976 2656 ἡ
3016 2588 3113 2658 μὲν
3161 2587 3398 2657 ἔμφυτος
3438 2586 3605 2649 ὅντως
3645 2586 3743 2639 καὶ

2172 2684 2375 2755 ἀληθὴς
2398 2681 2490 2736 τοῦ
2520 2680 2655 2735 Θεοῦ
2688 2681 2940 2749 δύναμις,
2967 2677 3224 2749 ποιητικὴ
3257 2678 3364 2731 τῶν
3397 2676 3532 2730 ὅλων
3561 2676 3739 2730 ἐστίν·

2173 2776 2229 2828 αί
2268 2774 2323 2827 δὲ
2365 2772 2620 2840 γεγόνασι
2650 2770 2784 2841 ,παρ’
2809 2770 2998 2839 αὐτῆς,
3025 2770 3071 2821 εί
3104 2767 3197 2819 καί
3224 2783 3308 2829 τις
3344 2764 3621 2836 ἐξαίρετος
3647 2765 3739 2819 τοῦ

2173 2862 2305 2917 Θεοῦ
2330 2863 2557 2932 δύναμις
2588 2861 2738 2930 παρὰ
2786 2860 2882 2923 τὰς
2924 2859 3084 2924 ἄλλας
3114 2858 3346 2929 ὑπάρχει
3383 2857 3633 2928 Χριστὸς,
3662 2858 3742 2919 είς

2172 2954 2329 3007 τοῦτο
2344 2952 2630 3021 γενομένη,
2653 2952 2737 3004 ἴνα
2758 2950 3046 3020 δυναμὼσῃ
3068 2951 3136 3003 τὰ
3151 2949 3430 3019 δυνάμεως
3447 2948 3740 3019 χρῄζονταο

2173 3045 2260 3098 ἵνα
2306 3042 2523 3113 σοφώτῃ
2558 3043 2626 3095 τὰ
2650 3043 2878 3112 δεόμενα
2929 3040 3219 3111 σοφισμοῦ,
3248 3042 3334 3094 ἵνα
3375 3041 3639 3113 δικαιώσῃ
3676 3040 3744 3093 τὰ

2174 3134 2515 3203 δικαιοσύνην
2554 3134 2652 3186 οὐκ
2705 3132 2915 3203 ἔχοντα.
2939 3132 3125 3185 Ἔστιν
3164 3127 3277 3195 οὖν,
3329 3132 3514 3200 φησιν,
3560 3133 3594 3203 ἡ
3646 3132 3744 3201 μὲν

2171 3224 2412 3293 ἔμφυτος
2436 3222 2530 3275 τοῦ
2561 3221 2695 3274 Θεοῦ
2728 3221 2955 3291 δύναμις
2983 3213 3215 3293 ἄναρχός
3238 3236 3297 3272 τε
3328 3220 3422 3272 καὶ
3454 3219 3741 3288 ἀγένητος,

2170 3312 2350 3374 ἀϊδίως
2378 3313 2437 3365 ἑν
2466 3310 2660 3381 Πατρί.
2696 3309 2891 3377 Γέγονε
2918 3308 2974 3363 δὲ
3004 3309 3032 3361 6
3066 3308 3298 3380 Χριστὸς
3328 3308 3419 3361 ἐπὶ
3446 3311 3565 3371 ταῖς
3591 3309 3745 3379 είρηο

2173 3400 2361 3470 μέναις
2387 3399 2609 3460 αἰτίαις.
2638 3398 2701 3450 Et
2728 3398 2785 3450 δὲ
2809 3394 3089 3465 νομίζουσί
3125 3412 3270 3458 τινες
3297 3395 3459 3449 αὑτὸν
3485 3390 3627 3449 εἶναι
3654 3396 3747 3450 τὸν

2170 3488 2404 3559 Χριστὸν
2433 3488 2531 3558 τὴν
2563 3487 2800 3557 ἔμφυτον
2848 3484 2941 3539 τοῦ
2991 3484 3123 3538 Θεοῦ
3157 3484 3388 3554 δύναμιν
3426 3484 3515 3539 διὰ
3544 3485 3608 3539 τὸ
3650 3503 3745 3555 γε-

2170 3580 2413 3650 γράφθαι
2448 3579 2602 3649 παρὰ
2632 3577 2863 3648 Παύλῳ·
2900 3597 2918 3627 ι
2948 3576 3180 3648 Χριστὸς
3221 3576 3356 3630 Θεοῦ
3396 3577 3629 3648 δύναμις
3652 3580 3747 3632 καὶ

2171 3668 2304 3721 Θεοῦ
2347 3669 2527 3737 σοφία,
2559 3686 2577 3718 ι
2623 3667 2676 3718 τί
2725 3666 2831 3737 ἄρα
2872 3665 3091 3735 ἐροῦσιν
3137 3665 3425 3729 ἀκούοντες
3467 3665 3559 3719 τοῦ
3610 3668 3746 3721 Θεοῦ

2171 3759 2423 3828 λέγοντος
2458 3758 2586 3829 περὶ
2616 3758 2715 3828 τῆς
2752 3757 2979 3827 κάμπης
3004 3744 3025 3785 ἠ
3059 3758 3164 3810 ινἮ
3200 3744 3427 3827 δύναμίς
3462 3776 3564 3828 μου
3591 3760 3624 3830 ἡ
3653 3777 3751 3829 με·

2171 3851 2346 3920 γάλη;
2379 3869 2396 3903 ι
2433 3850 2498 3902 Τί
2542 3849 2599 3902 δὲ
2640 3849 2922 3919 ποιήσουσι
2958 3849 3158 3914 πολλὰς
3185 3850 3319 3904 Θεοῦ
3351 3850 3608 3919 δυνάμεις
3650 3867 3753 3921 ση-

2177 3941 2457 4011 μαίνοντος
2486 3939 2579 3992 τοῦ
2619 3939 2946 4009 Ψαλμῳδοῦ,
2985 3940 3050 3993 δι’
3076 3932 3151 3993 ὦν
3181 3958 3345 4010 φησιν
3365 3956 3379 3971 ·
3412 3960 3431 3993 ι
3460 3936 3749 4009 Εὗλογεῖτε

2172 4032 2262 4086 τὸν
2292 4032 2515 4105 Κύριον,
2542 4034 2710 4085 πᾶσαι
2743 4034 2796 4084 al
2822 4032 3078 4101 δυνάμεις
3105 4032 3302 4099 αὐτοῦ;
3334 4052 3353 4084 s

2662 4144 2809 4213 Πρὸς
2850 4144 3034 4198 ταῦτα
3070 4146 3272 4211 λύσις.

2244 4258 2307 4311 Εἰ
2345 4257 2433 4311 διὰ
2478 4255 2637 4308 τοῦτο
2680 4255 2903 4322 γέγονεν
2933 4257 2962 4307 ὁ
2986 4254 3240 4325 Χριστὸς,
3273 4254 3360 4308 ἵνα
3387 4255 3649 4328 δικαιώσῃ
3676 4259 3751 4311 τὰ

512 4363 793 4434 pientiam,
832 4362 1085 4416 virtutem
1122 4361 1238 4416 sive
1266 4359 1560 4430 potentiam
1594 4358 1857 4429 largiatur
1886 4360 1953 4414 iis
1978 4360 2063 4429 qui

2174 4348 2519 4420 δικαιοσύνης
2561 4348 2809 4417 δεόμενα,
2838 4347 2924 4399 ἵνα
2962 4345 3183 4419 σοφώσῃ
3216 4345 3282 4400 τὰ
3325 4348 3553 4417 δεόμενα
3595 4366 3750 4418 σοφι-

512 4430 751 4526 indigent
780 4471 793 4509 :
826 4450 1085 4523 nosergo
1146 4466 1310 4507 causa
1382 4464 1571 4506 sumus
1612 4464 1709 4504 cur
1754 4450 1868 4515 ipse
1899 4448 2063 4503 factus

2177 4439 2336 4509 σμοῦ,
2374 4440 2462 4494 ἵνα
2504 4435 2797 4509 δυναμώσῃ
2839 4435 2907 4489 τὰ
2945 4431 3226 4505 δυνάμεως
3269 4430 3558 4507 χρῄζοντα,
3584 4440 3751 4508 ἡμεῖς

511 4522 837 4612 sit;vneque
870 4522 1047 4597 factus
1082 4540 1273 4601 fuisset
1328 4540 1495 4594 nostri
1540 4537 1753 4603 similis,
1792 4537 1893 4592 nisi
1932 4536 2063 4591 Deus

2176 4532 2283 4603 ἄρα
2331 4530 2480 4601 αύτῷ
2524 4530 2829 4598 γεγόναμεν
2868 4527 2961 4580 τοῦ
2999 4522 3139 4579 εἶναι
3183 4526 3367 4591 αῐτιοι,
3410 4528 3502 4581 καὶ
3543 4528 3651 4581 οὐδ’
3679 4529 3750 4583 ἂν

516 4634 749 4702 primum
777 4630 845 4686 de
882 4628 1243 4699 producendis
1273 4627 1539 4682 creaturis
1572 4626 1882 4696 cogitasset.
1918 4622 1982 4678 Et
2027 4626 2071 4679 si

515 4726 629 4780 haec
653 4723 764 4793 ipsa
805 4732 891 4777 est
920 4719 1091 4776 nostri
1116 4734 1245 4774 usus
1264 4732 1456 4785 causa,
1488 4732 1616 4787 ergo
1655 4717 2073 4771 instrumentum

511 4824 597 4869 est
625 4821 821 4871 nostra:
850 4810 1164 4876 creationis,
1189 4824 1297 4865 non
1329 4824 1396 4864 ex
1426 4809 1607 4879 seipse
1632 4807 1753 4862 talis
1782 4808 2072 4873 essistens,

2175 4624 2389 4691 ἐγένετο
2414 4620 2533 4674 καθ’
2558 4621 2724 4689 ἡμᾶς,
2754 4620 2804 4670 εί
2842 4617 2917 4689 μὴ
2944 4617 3075 4680 Θεὸς
3098 4617 3454 4672 ἐϐουλεύσατο
3486 4618 3747 4690 δημιουρ-

2172 4714 2336 4783 γῆσαι
2387 4710 2457 4783 τὰ
2503 4709 2725 4779 γενητὰ.
2757 4708 2864 4761 Καὶ
2914 4709 2963 4760 εἰ
2996 4709 3095 4775 τῆς
3149 4708 3305 4778 ἡμῶν
3347 4708 3507 4762 ἕνεκα
3556 4710 3749 4780 χρείας

2172 4804 2346 4857 ταῦτά
2394 4804 2577 4864 ἐστιν,
2621 4800 2851 4871 ὄργανον
2892 4800 2997 4871 ἄρα
3036 4800 3135 4871 τῆς
3182 4799 3338 4870 ἡμῶν
3383 4800 3750 4872 δημιουργίας

513 4903 607 4959 sed
652 4904 720 4956 ita
751 4901 925 4957 iactus
964 4908 1185 4971 propter
1230 4915 1352 4957 nos.
1406 4898 1873 4967 Quemadmodum
1918 4898 2063 4965 igitut

2175 4894 2341 4959 tactv,
2375 4892 2474 4945 οὐκ
2521 4890 2582 4955 ἐξ
2617 4889 2810 4944 ἑαυτοῦ
2855 4888 3093 4953 τοιοῦτος
3137 4890 3418 4960 ὑπάρχων,
3460 4890 3576 4944 ἀλλ’
3604 4890 3749 4959 οὕτω

512 5002 735 5048 vocatur
758 4991 1021 5062 potentia,
1054 5000 1274 5060 propter
1310 5005 1372 5045 ea
1398 4990 1595 5059 quibus
1620 4988 1861 5054 potentia
1892 4987 2071 5055 datur,

513 5091 571 5139 et
615 5082 899 5151 sapientia,
947 5091 1169 5151 propter
1214 5093 1275 5134 ea
1316 5079 1510 5149 quibus
1542 5078 1808 5147 sapientia
1859 5076 2075 5133 confer-

517 5184 604 5229 tur
646 5191 661 5228 :
701 5173 777 5228 ita
826 5173 985 5227 etiam
1036 5172 1179 5227 illius
1224 5171 1536 5236 vocabitur,
1578 5178 1794 5241 propter
1834 5182 1929 5225 eos
1982 5170 2074 5238 qui

514 5264 651 5319 ﬁunt
677 5263 769 5318 ﬁlii
800 5284 813 5321 :
858 5263 1100 5333 nihilque
1130 5264 1235 5318 erit
1280 5264 1497 5334 proprie
1527 5277 1625 5334 per
1655 5277 1735 5331 se,
1771 5263 1865 5318 sed
1893 5261 2074 5317 omnia

514 5356 630 5411 hac
669 5364 885 5425 propter
916 5369 1037 5410 nos.
1081 5353 1199 5420 Quo
1230 5364 1387 5423 pacto
1422 5354 1586 5424 igitur
1632 5353 1901 5409 constabit
1944 5351 2075 5407 illud

512 5446 656 5517 quod
698 5447 750 5500 in
793 5445 1021 5501 Psalmis
1065 5446 1295 5514 canitur,
1341 5465 1360 5501 ι
1392 5446 1509 5516 ipse
1552 5446 1681 5501 fecit
1714 5460 1832 5511 nos,
1877 5454 1932 5499 et
1966 5459 2071 5498 non

513 5536 616 5605 ipsi
659 5551 757 5593 nos
775 5536 822 5569 '°
877 5554 898 5590 ι
939 5537 985 5591 si
1030 5550 1127 5593 nos
1167 5536 1241 5591 illi
1290 5551 1477 5593 sumus
1529 5547 1777 5592 auctores
1817 5542 1871 5591 et
1909 5548 2071 5590 causa

586 5707 809 5781 “Hebr.
842 5728 915 5781 tv,
948 5712 1036 5770 ιιι.
1118 5712 1162 5745 ¹¹
1189 5710 1343 5769 Joan.
1378 5729 1414 5779 t,
1444 5712 1499 5768 ὅ.
1577 5711 1619 5743 ¹⁶
1654 5710 1670 5765 Ι
1700 5710 1822 5767 Cor.
1855 5725 1892 5778 ι,
1920 5708 2011 5764 24.
2100 5706 2143 5739 ¹τ
2171 5704 2303 5761 Ibid.

515 5792 659 5845 xcu,
691 5778 743 5833 3.

2178 4981 2417 5053 γεγονὼς
2464 4982 2532 5034 δι’
2561 4977 2857 5051 ήμᾶςῙΛρ⁶
2888 4975 2978 5033 οῦν
3022 4979 3211 5049 ὥσπερ
3238 4980 3480 5034 καλεῖται
3518 4980 3748 5052 δύναμις

2178 5076 2267 5130 διὰ
2310 5076 2377 5129 τὰ
2406 5072 2803 5143 δυναμούμενα,
2832 5073 2926 5126 καὶ
2973 5071 3133 5139 σοφία
3176 5071 3265 5125 διὰ
3303 5072 3369 5125 τὰ
3413 5071 3745 5141 σοφούμενα,

2177 5167 2319 5221 οὕτω
2347 5166 2442 5218 καὶ
2477 5166 2506 5217 6
2538 5165 2661 5227 Υἱὸς
2687 5164 2774 5217 διὰ
2802 5163 2869 5216 τὰ
2895 5161 3299 5232 υἱοποιούμενα,
3327 5164 3419 5216 καὶ
3444 5164 3597 5217 οὐδέν
3632 5165 3748 5217 ἑστι

2178 5259 2381 5330 κυρίως
2408 5256 2476 5308 δι’
2506 5256 2714 5317 ἑαυτὸν,
2743 5239 2919 5308 πάντα
2946 5254 3000 5307 δὲ
3025 5254 3195 5308 ταῦτα
3221 5254 3285 5308 δι’
3308 5258 3474 5325 ἡμᾶς.
3508 5255 3632 5321 Πῶς
3655 5252 3749 5309 οὖν

2180 5350 2485 5420 σωθήσεται
2511 5348 2571 5400 τὸ
2611 5350 2668 5401 ὲν
2684 5331 2942 5417 Ψαλμοῖς
2964 5346 3221 5417 ᾀδόμενον
3241 5364 3255 5377 ο
3286 5366 3304 5397 ι
3331 5348 3503 5411 Αὐτὸς
3525 5348 3751 5418 ἐποίησε

2176 5441 2345 5510 ἡμᾶς,
2380 5438 2472 5491 καὶ
2496 5436 2593 5504 οὐχ
2620 5438 2797 5506 ἡμεῖς,
2828 5456 2845 5489 ι
2877 5437 3034 5507 εἴπερ
3070 5439 3233 5506 ἡμεῖς
3265 5424 3413 5506 αύτῷ
3433 5436 3750 5507 δεδώκαμεν

2177 5528 2269 5582 τοῦ
2303 5526 2444 5583 εἶναι
2475 5526 2571 5589 τὰς
2602 5526 2811 5593 αἰτίας;
2837 5528 2897 5580 Et
2931 5527 3037 5599 γὰρ
3064 5529 3156 5580 καὶ
3188 5528 3350 5592 αὐτὸς
3384 5529 3627 5598 φαίνοιτο
3652 5529 3751 5599 τῆς

2407 5702 2449 5734 ¹⁶
2476 5699 2589 5757 Joel
2615 5716 2674 5768 ll,
2701 5699 2790 5759 εξ.
2875 5702 2918 5733 ¹⁹
2948 5699 3091 5757 Psal.
3116 5716 3337 5770 CXLVIII,
3383 5703 3439 5755 2.
3526 5702 3572 5736 '°
3602 5700 3746 5759 Psal.
