3994 6324
232 467 336 523 301

1611 448 2049 507 TilESAURUS.

3396 438 3504 496 502

236 584 515 655 ποιήσεως
554 582 711 653 ἡμῶν
741 581 1056 654 αὐτουργὸς,
1083 580 1197 635 ἀλλ’
1221 582 1379 651 ἡμεῖς
1415 576 1562 646 αὐτῷ
1594 577 1821 643 γεγόνα-

1964 571 2264 629 ssistendi?
2304 571 2416 623 Etsi
2474 567 2616 623 enim
2658 566 2905 621 videatur
2963 563 3258 620 creationis
3302 574 3507 619 nostra:

240 690 346 745 μεν
394 670 489 724 τοῦ
533 666 773 724 εἶναιτά
802 668 1115 739 σπέρματα,
1147 669 1241 721 καὶ
1277 666 1366 719 διὰ
1407 666 1507 734 τὴν
1548 661 1822 733 ἡμετέραν

1964 680 2047 721 sse
2090 664 2294 735 epiros,
2332 674 2431 715 nos
2464 668 2644 714 tamen
2693 673 2879 714 sumus
2919 671 3079 713 causa
3127 666 3182 710 et
3209 655 3365 725 quasi
3416 667 3507 708 se~

239 763 433 834 χρείαν
478 760 728 830 ἐκτίσθη,
757 760 877 813 καθ’
912 759 1290 829 ὑμᾶς.”Ωσπερ
1316 756 1506 827 ἀμέλει
1536 754 1630 807 καὶ
1670 753 1699 805 6
1736 752 1824 803 οὑ-

242 854 426 925 ρανὸς,
460 854 547 906 ῐνα
584 851 829 921 καλύπτῃ
879 851 1004 913 τοὺς
1053 851 1145 901 ἐπὶ
1197 850 1320 919 γῆς,
1353 848 1447 901 καὶ
1483 849 1511 899 6
1543 846 1693 917 ἥλιος
1740 844 1824 895 ἵνα

243 942 415 1013 φαίνῃ
442 944 555 1003 τοῖς
582 940 760 1009 φωτὸς
787 938 1058 1002 δεομένοις
1081 954 1093 966 ·
1130 938 1221 991 καὶ
1255 939 1288 1007 η
1320 936 1390 1005 γῆ
1419 936 1474 988 δὲ
1502 934 1703 1004 ὁμοίως
1738 932 1826 985 ίνα

240 1032 419 1103 τρέφῃ
449 1032 518 1084 τὰ
542 1031 752 1103 τροφῆς
777 1031 1026 1100 δεόμενα.
1056 1031 1165 1083 Καὶ
1208 1030 1267 1081 τὸ
1314 1027 1562 1097 περιττὸν
1588 1024 1740 1079 οὐδὲν
1769 1027 1825 1077 έν

245 1122 362 1193 Υίῴ
394 1123 487 1176 καὶ
517 1124 833 1193 κτίσμασιν,
862 1123 914 1174 εί
944 1140 1005 1190 γε
1046 1122 1140 1175 καὶ
1166 1123 1327 1185 αὐτὸς
1356 1121 1430 1184 ὼς
1462 1121 1648 1173 ἐκεῖνα
1672 1118 1826 1182 τάξιν

240 1212 358 1286 εχει
398 1216 496 1285 τὴν
524 1215 863 1285 ὑπουργικήν
884 1231 898 1248 ο
932 1213 1100 1283 φεῦγε
1131 1213 1225 1266 τοῦ
1252 1212 1411 1281 λόγου
1440 1212 1539 1283 τὴν
1570 1210 1822 1266 ἀτοπίαν.

687 1508 893 1571 AAAO,
931 1508 999 1561 ἐκ
1038 1508 1156 1561 τῶν
1190 1506 1407 1562 αὐτῶν.

330 1618 645 1688 ὐμολογεῖς
700 1619 794 1671 καὶ
840 1618 1009 1683 ἄκων,
1041 1619 1306 1691 αίρετικὶ,
1337 1618 1436 1689 τὴν
1468 1617 1705 1689 ἔμφυτον
1734 1619 1828 1671 τοῦ

249 1709 386 1762 Θεοῦ
416 1710 607 1777 σοφίαν
646 1709 1032 1780 καὶιδύναμιν,
1066 1711 1345 1781 ἀγενήτως
1379 1712 1707 1780 ἐνυπάρχειν
1740 1712 1833 1763 αύ-

250 1802 357 1872 τῷ·
392 1803 519 1855 ὅταν
561 1797 652 1854 οὖν
703 1801 941 1872 ἀκούσῃς
968 1801 1231 1873 ἀγένητον
1256 1802 1347 1855 τὸν
1383 1802 1529 1864 Υίὸν,
1562 1802 1636 1872 μὴ
1671 1802 1832 1854 πάλιν

1926 756 2074 811 mina
2107 754 2277 825 ipsius
2308 749 2662 814 exsisteutiaa,
2702 760 2757 803 et
2787 750 2840 803 in
2878 755 3123 803 nostrum
3159 761 3316 801 usum
3351 760 3507 800 crea-

1929 859 2013 904 tus
2047 856 2154 912 est,
2193 856 2253 901 ιιι
2282 860 2377 900 vos
2406 844 2591 899 vultis.
2625 840 3097 909 Quemadmodum
3127 839 3360 894 fortasse
3397 850 3513 891 coe-

1929 939 2037 993 lum
2070 947 2129 994 ut
2156 946 2299 1008 tegat
2336 951 2430 993 eos
2454 935 2547 1005 qui
2580 934 2633 988 in
2667 934 2829 989 terris
2855 940 3003 996 sunt,
3035 942 3089 986 et
3128 929 3205 985 soi
3247 938 3306 983 ut
3332 928 3509 983 luceat

1931 1031 1999 1085 iis
2031 1030 2123 1098 qui
2169 1020 2372 1083 lumine
2418 1036 2603 1107 egent,
2651 1035 2705 1081 et
2742 1034 2886 1079 terra
2930 1035 2989 1078 ut
3036 1023 3239 1077 nutriat
3280 1037 3343 1075 ea
3390 1036 3512 1089 quze

1934 1121 2265 1176 nutrimento
2298 1121 2564 1190 indigent.
2600 1120 2779 1188 Atque
2813 1118 2888 1173 ita
2915 1116 3048 1170 nihil
3080 1114 3311 1183 amplius
3338 1113 3391 1168 in
3424 1113 3513 1167 Fi-

1931 1211 2023 1276 lio,
2068 1225 2231 1281 quam
2274 1206 2332 1265 in
2373 1209 2679 1275 creaturis;
2728 1206 2995 1277 siquidem
3041 1215 3097 1260 et
3127 1206 3244 1274 ipse
3289 1203 3513 1273 perinde

1932 1312 2093 1372 atque
2136 1301 2241 1357 illa:
2288 1300 2634 1356 ministrandi
2672 1314 2871 1354 munus
2913 1297 3075 1353 habet
3105 1316 3117 1351 :
3143 1298 3285 1367 quod
3322 1297 3373 1349 in
3406 1296 3522 1365 pri-

1934 1398 2038 1453 mis
2064 1396 2357 1452 absurdum
2390 1403 2491 1449 est.

2441 1504 2671 1573 ALIUD,
2702 1525 2766 1562 ex
2793 1509 3000 1562 iisdem.

2008 1628 2223 1683 Fateris
2253 1627 2414 1682 etiam
2444 1625 2668 1692 invitus,
2698 1624 2977 1689 haeretice,
3020 1623 3263 1675 innatam
3300 1620 3393 1675 Dei
3426 1636 3514 1674 sa-

1938 1721 2201 1791 pientiam
2230 1734 2294 1774 ac
2320 1717 2618 1789 potentiam
2653 1716 2950 1769 increatam
2986 1713 3037 1766 in
3069 1715 3183 1781 ipso
3206 1710 3473 1766 exsistere
3503 1731 3515 1763 :

1938 1827 2061 1866 cum
2113 1811 2281 1881 igitur
2316 1808 2510 1863 audies
2550 1807 2847 1877 ingenitum
2887 1819 3011 1859 esse
3039 1803 3259 1868 Filium,
3290 1817 3357 1855 ne
3400 1815 3516 1855 rur-

251 1894 377 1963 λῐγε
397 1911 411 1925 ο
442 1893 544 1946 Δύο
571 1889 667 1947 οὖν
694 1893 948 1963 ἀγένητα.
982 1894 1158 1964 Αὐτὴν
1183 1893 1239 1946 δὲ
1270 1893 1475 1962 ταύτην
1496 1894 1594 1965 τὴν
1618 1895 1676 1945 ὲν
1716 1893 1834 1965 Θεῷ

1964 1918 2057 1956 υηι
2116 1902 2303 1956 dicas:
2341 1900 2454 1953 Duo
2502 1898 2665 1969 igitur
2701 1906 2829 1951 sunt
2862 1895 3121 1966 ingenita.
3166 1891 3320 1947 Hanc
3375 1892 3520 1946 enim

255 1986 448 2054 σοφίαν
475 1986 569 2039 καὶ⁹
595 1983 826 2053 δύναμιν
860 1985 1137 2055 ἀγενήτως
1162 2003 1221 2038 τε
1255 1988 1347 2039 καὶ
1386 1987 1627 2055 ἀχρόνως
1657 1985 1833 2057 ὑπάρ-

254 2090 459 2147 χουσαν
488 2076 817 2146 πιστεύομεν
842 2072 983 2129 εἶναι
1003 2076 1095 2130 τὸν
1116 2076 1267 2140 Υίὸν,
1288 2076 1346 2139 ὃς
1369 2078 1461 2128 καὶ
1487 2076 1665 2129 πάντα
1692 2077 1838 2147 δεδη-

260 2167 586 2239 μιούργηκε,
604 2167 697 2221 καί
717 2168 781 2220 δι’
810 2169 956 2239 ἡμᾶς
980 2167 1172 2236 γέγονε
1203 2166 1360 2238 σὰρξ,
1384 2167 1525 2221 κατά
1544 2170 1644 2239 τὴν
1661 2167 1838 2221 Ἰωάν-

257 2277 348 2314 νου
380 2261 590 2330 φωνην.

260 2374 465 2437 AAAO,
508 2373 587 2438 ὡς
623 2372 694 2426 ἐν
727 2372 1072 2444 ἐρωτήσεως
1110 2376 1396 2444 σχήματι,
1417 2374 1842 2441 dmeman

820 2444 968 2512 ἕχον
1004 2443 1285 2515 δύναμιν.

328 2554 484 2608 Διατί
525 2554 594 2607 ei
642 2555 821 2609 πάντα
858 2558 886 2610 6
929 2557 1120 2627 Πατὴρ
1171 2557 1465 2628 ἐργάζεται
1513 2558 1581 2612 δι’
1611 2558 1839 2627 Υἱοῦ;ἢ

256 2648 401 2701 διατί
451 2646 614 2700 πάλιν
645 2648 701 2699 ὲν
746 2648 825 2717 τῷ
867 2648 1007 2718 ἁγίῳ
1040 2649 1375 2720 βαπτίσματι
1402 2651 1496 2703 καὶ
1535 2652 1563 2703 6
1597 2649 1725 2712 Υἱὸς
1768 2648 1844 2717 τῷ

259 2738 439 2808 Πατρὶ
489 2737 1071 2807 συγκατονομάζεται;
1123 2740 1274 2793 Διατί
1302 2740 1360 2792 δὲ
1399 2741 1631 2810 γενητῆς
1666 2738 1843 2809 ὑπάρ-

260 2848 369 2899 χων
394 2830 631 2897 φύσεως,
664 2829 787 2883 καθ’
820 2831 986 2899 ὑμᾶς,
1015 2831 1434 2901 συναριθμεῖται
1460 2830 1538 2899 τῷ
1564 2830 1844 2893 κτίσαντι;

262 2921 357 2985 Τίς
401 2922 460 2975 δὲ
507 2921 667 2992 χρεία
704 2920 797 2974 τοῦ
828 2922 1200 2991 πεποιημένου
1246 2925 1325 2985 είς
1362 2922 1463 2993 τὴν
1490 2922 1597 2975 τῶν
1633 2922 1847 2975 πάντων

261 3012 546 3064 τελείωσιν
577 3011 671 3065 καὶ
708 3012 1013 3081 ἀγιασμ6ν;
1067 3012 1191 3074 Πῶς
1215 3012 1271 3065 δὲ
1309 3012 1500 3081 βοηθὸν
1535 3012 1697 3065 αὑτὸν
1730 3013 1850 3064 ὲπι-

265 3101 615 3171 καλούμεθας
652 3102 847 3155 Καίτοι
896 3101 1066 3155 πολλά
1114 3103 1211 3173 μὲν
1244 3103 1338 3156 καὶ
1380 3103 1542 3173 ἔτερα
1576 3103 1850 3172 κτίσματα

265 3192 529 3259 γεγονότα
568 3190 838 3259 φαίνεται,
871 3191 1003 3245 ἀλλὰ
1038 3192 1242 3245 τούτων
1274 3190 1425 3246 οὐδὲν
1472 3195 1552 3256 είς
1594 3194 1693 3263 τὴν
1742 3193 1850 3246 τῶν

266 3251 795 3352 εἰρημένωνχρείαν
824 3251 1310 3351 παραλαμϐάνεται
1333 3298 1347 3312 ·
1392 3251 1553 3353 μόνος
1583 3252 1697 3336 δὲό
1726 3283 1851 3346 Υίὸς
1879 3251 1925 3311 C

268 3374 354 3429 ἀεὶ
389 3372 753 3443 συνυπάρχων
785 3373 865 3443 τῷ
894 3373 1085 3445 Πατρί.
1124 3374 1281 3426 Ποῖον
1321 3372 1430 3445 γάρ
1457 3373 1568 3444 ἔχει
1600 3374 1775 3442 λόγον,
1807 3376 1854 3427 εί

272 3464 345 3536 μὴ
379 3465 513 3526 Θεὸς
538 3464 773 3535 ὑπάρχοι
805 3465 897 3517 καὶ
932 3464 1116 3528 αὐτὸς,
1153 3466 1230 3528 είς
1262 3466 1486 3534 κτίστην
1514 3466 1609 3518 καὶ
1653 3463 1854 3534 κτίσμα

268 3560 367 3629 τὴν
419 3558 602 3610 πίστιν
648 3556 1053 3625 κυρήττεσθαις
1096 3557 1247 3609 Διατί
1295 3557 1351 3609 δὲ
1405 3557 1498 3611 καὶ
1526 3558 1857 3627 δημιουργὸς

268 3649 619 3719 ὀνομάζεται,
651 3650 699 3700 εί
738 3648 813 3716 μὴ
840 3646 997 3700 τοῦτό
1023 3650 1136 3700 ἐστι
1172 3646 1314 3699 κατά
1347 3646 1508 3716 φύσιν
1537 3649 1674 3718 ὅπερ
1708 3648 1803 3700 καὶ
1832 3650 1857 3701 6

271 3741 496 3809 11mg;
526 3739 637 3792 Kal.
671 3738 776 3809 μὴν
816 3739 975 3802 αὐτὸς
1014 3738 1215 3808 ἔφησεν
1250 3741 1277 3791 6
1307 3740 1430 3801 Υἱός
1450 3758 1461 3769 ·
1508 3759 1525 3789 ι
1556 3741 1739 3793 Πάντα
1760 3741 1860 3792 ὅσα

274 3833 385 3902 εχει
414 3833 442 3883 ὁ
479 3830 690 3900 Πατὴρ,
725 3830 835 3900 ἐμά
866 3831 1003 3882 ἐστι.
1043 3831 1225 3899 »Ἔχει
1251 3830 1306 3881 δὲ
1336 3833 1363 3882 6
1390 3830 1577 3901 Πατὴρ
1606 3831 1665 3882 τὸ
1697 3830 1858 3884 δύνα-

276 3922 398 3975 σθαι
424 3923 797 3991 δημιουργεῖν,
824 3922 982 3974 τοῦτο
1013 3922 1106 3975 καὶ
1136 3923 1193 3973 ὲν
1219 3922 1331 3992 Υἰῷ
1358 3921 1608 3984 σώζεται.
1629 3925 1859 3993 Ὁμοίως

275 4014 335 4067 τὸ
364 4014 637 4081 ἀγιάζειν,
678 4013 739 4067 τὸ
768 4013 981 4077 σώζειν,
1016 4014 1109 4067 καὶ
1149 4014 1248 4067 ὅσα
1281 4016 1479 4085 πρέπει
1518 4015 1656 4084 Θεῷ,
1683 4017 1859 4070 πάντα

276 4106 342 4159 δι’
374 4106 526 4159 Υἱοῢ.
557 4105 789 4158 Σύνεστι
822 4104 930 4174 γὰρ
965 4105 1051 4157 ἀεὶ
1087 4105 1166 4175 τῷ
1200 4108 1395 4175 Πατρὶ,
1430 4106 1507 4169 ὡς
1536 4106 1613 4176 τῷ
1640 4108 1778 4174 φωτὶ
1802 4108 1861 4159 τὸ

276 4196 642 4267 ἀπαύγασμα.
689 4196 821 4259 Θεὸς
853 4198 960 4268 ἄρα
998 4188 1146 4259 Υἱὸς,
1176 4197 1237 4249 οὐ
1278 4198 1663 4269 πεποιημένος,
1689 4200 1860 4253 καθά-

279 4304 384 4358 περ
440 4288 639 4340 ἐκεῖνοι
693 4288 1016 4357 ψευδόμενοι
1059 4286 1330 4355 λέγουσιν,
1370 4288 1484 4341 ἀλλ’
1515 4291 1579 4341 ὲκ
1621 4292 1718 4360 τῆς
1769 4290 1860 4343 τοῦ

280 4380 493 4450 Πατρὸς
523 4379 712 4442 οὐσίας
742 4379 1021 4450 προελθὼν
1050 4382 1271 4450 γνήσιον
1298 4380 1562 4450 γέννημα.

791 4501 1149 4586 ΛΟΓΟΣ
1224 4500 1370 4585 ΙΖ’.

283 4654 412 4709 Ὀτι
451 4657 570 4728 τῶν
598 4657 951 4728 προσόντων
998 4657 1078 4722 τῷ
1140 4657 1267 4723 Υἰῷ,
1311 4660 1491 4713 οὐδὲν
1546 4662 1619 4728 τῇ
1664 4660 1857 4715 κτίσει

352 4727 646 4799 ,πρόσεστι
700 4726 989 4799 φυσικῶς·
1052 4728 1249 4799 πάντα
1290 4728 1359 4781 δὲ
1405 4731 1473 4783 ἐκ
1514 4726 1779 4799 μετοχῆς
1818 4732 1853 4798 ἢ

350 4797 479 4867 καθ’
509 4796 796 4867 ὁμοίωσιν
837 4797 953 4863 τὴν
1008 4798 1157 4864 πρὸς
1190 4798 1299 4850 τὸν
1330 4796 1572 4852 διδόντα
1602 4796 1789 4867 φοβεῖ·
1826 4796 1857 4853 ὀ

350 4864 420 4937 ῥὲ
448 4866 580 4937 nec
606 4870 716 4937 οὐχ
749 4867 955 4931 οὕτως.
1000 4868 1210 4935 Διόπερ
1248 4868 1449 4935 ἕτερος
1482 4864 1617 4937 παρ⁵
1641 4864 1853 4937 αὐτήν.

354 4935 421 4987 Ei
452 4935 519 4987 δὲ
541 4935 738 5000 τοῦτο,
758 4937 869 4989 οὐκ
895 4937 1007 5004 ἄρα
1028 4938 1250 5005 κτίσμα
1276 4938 1468 4993 ἐστίν.

731 5064 1049 5133 Ἀπολογιά
1085 5069 1161 5119 αὐ
1170 5068 1397 5131 τολεξεΙ
1406 5108 1417 5121 .

354 5174 417 5226 El
445 5174 658 5243 πᾶσαή
710 5175 887 5236 κτίσις
916 5177 973 5226 ὲν
1027 5176 1219 5247 ἀγνοίᾳ
1263 5178 1565 5249 καθέστηκε
1619 5184 1685 5251 τῇ
1733 5183 1860 5251 περὶ

280 5263 376 5317 τὸν
415 5262 669 5333 Πατέρα,
716 5263 891 5327 οὐδεὶς
930 5263 1038 5333 γὰρ
1084 5261 1193 5318 οἶδε
1242 5266 1326 5327 τίς
1369 5268 1515 5320 ἐστιν
1564 5270 1591 5321 6
1628 5270 1854 5341 Πατὴρ,

284 5347 391 5407 οἶδε
416 5353 472 5406 δὲ
505 5355 663 5426 μόνος
696 5356 724 5405 6
747 5355 894 5419 Υἱὸς,
925 5357 1022 5408 οὐκ
1048 5355 1154 5427 ἄρα
1188 5359 1394 5428 κτίσμα
1415 5362 1695 5430 τυγχάνει.

968 5469 1169 5521 ΛΛΛΟ.

357 5573 418 5625 Ei
452 5575 618 5644 μηδὲν
648 5575 756 5628 τῶν
794 5579 1091 5646 γεγονότων
1139 5582 1255 5635 ἐστὶ
1290 5582 1447 5652 φύσει
1486 5585 1638 5649 Θεὸς,
1697 5588 1861 5657 φύσει

282 5661 338 5715 δὲ
363 5663 493 5728 θεὸς
530 5668 558 5718 6
589 5666 733 5733 Υἱὸς,
764 5668 864 5721 οὐκ
896 5669 1001 5740 ἄρα
1059 5671 1165 5723 τῶν
1219 5675 1513 5741 γεγονότων
1560 5678 1727 5734 ἐστίν.
1753 5676 1861 5736 Ἶίν

356 5840 393 5871 ¹¹
429 5838 586 5904 lost).
620 5857 658 5910 ι,
688 5842 768 5897 Η.
848 5847 892 5878 ¹¹
923 5845 1074 5902 Joan.
1116 5831 1223 5913 ιιι-ἶ,
1261 5850 1343 5903 iii.

1942 1995 2111 2066 ipsam
2151 1992 2202 2047 in
2246 1992 2353 2047 Deo
2394 1990 2716 2061 sapientiam
2766 1996 2821 2044 et
2849 1987 3147 2058 potentiam
3196 1985 3522 2045 increatam,

1941 2096 2105 2156 atque
2156 2085 2225 2140 ab
2278 2094 2483 2139 interno
2534 2082 2636 2151 ipsi
2692 2081 3099 2136 inessistenlem
3147 2076 3346 2132 Filium
3402 2091 3525 2130 esse

1942 2176 2234 2241 credimus,
2266 2175 2356 2243 qui
2387 2173 2569 2229 omnia
2612 2169 2840 2238 creavit,
2880 2180 2935 2226 et
2963 2179 3186 2240 propter
3220 2182 3343 2234 nos,
3370 2166 3523 2240 juxta

1942 2267 2167 2323 Joannis
2187 2280 2376 2321 vocem
2399 2266 2467 2330 ",
2500 2265 2675 2321 factus
2709 2274 2795 2321 est
2818 2279 2965 2320 caro.

1944 2378 2177 2444 ALIUD,
2226 2392 2319 2445 per
2358 2376 2847 2445 interrogationem,
2894 2371 3370 2427 demonstrationis
3422 2372 3526 2423 vine

2634 2445 2851 2498 habens.

2018 2562 2378 2628 Quamobrem
2426 2562 2585 2613 Pater
2628 2558 2809 2612 omnia
2858 2570 2954 2626 per
2999 2555 3193 2609 Filium
3240 2555 3529 2623 operatur?

1947 2662 2042 2707 aut
2079 2668 2247 2721 quare
2290 2652 2342 2705 in
2392 2660 2599 2707 sancto.
2625 2648 2952 2719 baptismate
2990 2649 3151 2702 etiam
3201 2646 3372 2701 Filius
3408 2661 3532 2700 cum

1950 2741 2112 2798 Patre
2162 2741 2513 2796 nominatur?
2560 2740 2676 2808 Qua
2726 2742 2794 2795 de
2840 2740 3006 2793 cansa
3052 2738 3239 2800 etiam,
3289 2752 3413 2791 cum
3464 2738 3531 2791 sit

1950 2841 2149 2887 creata:
2196 2841 2435 2895 naturae,
2480 2842 2540 2885 ut
2584 2846 2682 2885 vos
2736 2830 3061 2899 opinamini,
3112 2836 3539 2882 connumeratur

1953 2922 2229 2980 creatori?
2274 2922 2404 2989 Quae
2458 2938 2587 2978 vero
2638 2923 2937 2977 necessitas
2990 2930 3109 2975 erat
3155 2930 3420 2976 creaturae
3473 2922 3540 2973 ad

1952 3015 2195 3069 omnium
2226 3012 2610 3083 perfectionem
2654 3022 2708 3069 et
2739 3013 3271 3069 sanctificationem?
3308 3013 3415 3067 Aut
3443 3028 3540 3067 cur

1953 3106 2333 3161 auxiliatorem
2407 3116 2652 3159 nostrum
2719 3106 3076 3162 invocamus?
3132 3107 3296 3173 Atqui
3360 3104 3543 3159 multa:

1956 3198 2119 3252 etiam
2148 3197 2265 3252 aliae
2295 3206 2563 3252 creatura:
2590 3197 2747 3252 facta:
2774 3207 3071 3267 apparent:
3096 3198 3261 3268 179
3281 3197 3375 3253 sed
3399 3197 3539 3251 nulla

1958 3290 2147 3343 harum
2180 3291 2246 3344 ad
2279 3290 2564 3357 prazdictns
2596 3305 2728 3345 usus
2763 3292 3233 3355 accommodatur,
3275 3291 3367 3343 sed
3395 3290 3541 3345 solus

1958 3376 2129 3431 Filius
2158 3391 2371 3445 semper
2392 3378 2732 3432 coexsistens
2758 3377 2928 3431 Patri.
2965 3377 3225 3443 Quaenam
3257 3378 3409 3445 igitur
3453 3392 3541 3430 ra-

1962 3466 2035 3521 tio
2069 3475 2172 3532 est,
2200 3468 2245 3519 si
2282 3467 2395 3533 ipse
2428 3480 2535 3519 non
2567 3465 2639 3519 sit
2672 3466 2834 3530 Deus,
2876 3466 2929 3519 in
2963 3444 3268 3519 creatorem
3300 3474 3354 3518 et
3384 3478 3538 3518 crea—

1962 3568 2135 3610 turam
2172 3555 2428 3610 credere?
2462 3556 2569 3609 Aut
2606 3570 2774 3624 quare
2813 3566 3030 3611 creator
3069 3566 3318 3621 vocatur,
3353 3562 3396 3610 si
3427 3570 3536 3611 non

1961 3659 2043 3704 est
2064 3657 2256 3702 natura
2286 3648 2335 3701 id
2366 3647 2507 3716 quod
2534 3646 2726 3701 Pater?
2753 3648 2816 3701 At
2850 3661 2978 3701 vero
3010 3646 3179 3701 Filius
3210 3648 3327 3701 ait:
3358 3665 3375 3699 ι
3411 3647 3543 3702 Om-

1963 3740 2050 3794 nia
2096 3755 2214 3808 qua:
2262 3738 2425 3793 habet
2472 3738 2630 3792 Pater
2682 3754 2801 3792 mea
2858 3739 3066 3792 sunt".
3101 3755 3119 3789 ι
3162 3736 3321 3792 Pater
3365 3750 3543 3792 autem

1964 3830 2127 3883 habet
2160 3830 2471 3883 facultatem
2507 3828 2750 3892 creandi,
2785 3828 2947 3881 habet
2979 3842 3108 3897 ergo
3138 3837 3193 3879 et
3227 3826 3415 3880 Filius.
3457 3827 3545 3880 Si-

1963 3921 2169 3974 militer
2191 3932 2244 3972 et
2267 3918 2628 3981 sanctiﬁcare,
2653 3927 2709 3972 et
2736 3933 2977 3981 servare,
3004 3930 3054 3972 et
3080 3932 3415 3987 quaecunque
3440 3919 3547 3972 Deo

1965 4014 2319 4073 conveniunt,
2363 4012 2543 4065 omnia
2578 4026 2675 4080 per
2713 4009 2935 4063 Filium.
2993 4009 3221 4077 Semper
3262 4010 3407 4063 enim
3440 4026 3545 4063 una

1965 4121 2085 4160 cum
2139 4105 2297 4159 Patre
2344 4104 2577 4169 exsistit,
2626 4102 3079 4171 quemadmodum
3130 4102 3389 4170 splendor
3425 4117 3547 4155 cum

1967 4198 2193 4250 lumine.
2244 4196 2385 4249 Deus
2433 4197 2617 4263 itaque
2652 4203 2734 4249 est
2780 4193 2970 4255 Filius,
3022 4206 3125 4246 non
3167 4192 3368 4256 factus,
3410 4194 3548 4248 sicut

1968 4290 2041 4342 iiii
2075 4288 2399 4341 mentientes
2429 4295 2703 4349 asserunt,
2735 4285 2828 4339 sed
2871 4283 3190 4337 naturaliter
3219 4299 3285 4337 ex
3315 4286 3549 4339 essentia

1970 4380 2144 4433 Patris
2180 4378 2431 4446 genimcn
2466 4377 2787 4447 procedens.

2267 4506 2841 4598 ASSERTIO
2914 4512 3233 4602 XVII.

1970 4659 2124 4724 Quod
2165 4674 2344 4712 eorum
2393 4674 2506 4727 qua:
2542 4655 2686 4711 Filio
2730 4659 2929 4723 insunt,
2978 4659 3110 4711 nihil
3144 4661 3409 4713 creaturis
3452 4678 3551 4712 na-

2040 4729 2291 4781 turaliter
2319 4730 2468 4786 insit,
2514 4730 2604 4779 sed
2650 4744 2711 4779 ea
2740 4746 2832 4795 per
2860 4730 3317 4795 participationem
3346 4729 3423 4781 vel
3474 4748 3543 4781 se-

2041 4800 2271 4851 cundum
2314 4798 2716 4850 similitudinem
2747 4804 2863 4866 ejus
2894 4800 2982 4866 qui
3028 4801 3117 4851 dat
3157 4801 3383 4851 habeant
3412 4814 3427 4850 :
3460 4797 3551 4849 Fi-

2040 4869 2141 4919 lius
2174 4878 2351 4919 autem
2390 4883 2489 4919 non
2524 4868 2615 4919 ita.
2660 4867 2827 4934 Atque
2850 4870 3050 4920 idcirco
3083 4872 3147 4920 ab
3185 4872 3248 4922 iis
3288 4873 3549 4921 diversus.

2041 4936 2194 5001 Quod
2228 4953 2344 4989 cum
2372 4938 2447 4989 ita
2479 4937 2570 4999 sit,
2601 4934 2805 4989 Filium
2843 4947 3145 4991 creaturam
3180 4955 3282 4991 non
3309 4954 3441 4991 esse.

2186 5069 2435 5135 Defensio
2464 5070 2685 5135 simplex
2722 5086 2786 5122 ex
2808 5073 2955 5138 puris
2990 5071 3333 5141 syllogismis.

2043 5183 2100 5235 Si
2135 5183 2312 5236 omnis
2361 5192 2608 5235 creatura
2644 5185 2936 5237 constituta
2988 5194 3066 5237 est
3120 5186 3172 5237 in
3212 5185 3553 5255 ignoratione

1966 5275 2166 5339 Patris,
2206 5291 2367 5330 nemo
2406 5276 2547 5328 enim
2586 5277 2732 5329 novit
2771 5277 2894 5344 quis
2933 5280 3002 5331 sit
3051 5277 3231 5341 Pater,
3280 5280 3428 5334 novit
3460 5296 3553 5333 au-

1974 5378 2078 5422 tem
2118 5367 2266 5423 solus
2295 5366 2498 5422 Filius:
2532 5383 2635 5422 non
2674 5380 2757 5422 est
2791 5384 2919 5437 ergo
2951 5381 3229 5425 creatura.

2644 5482 2875 5537 ALIUD.

2047 5591 2104 5646 Si
2136 5592 2268 5646 nihil
2299 5606 2488 5647 eorum
2519 5609 2637 5663 qua:
2678 5593 2821 5646 facta
2848 5603 2992 5661 sunt,
3030 5604 3113 5649 est
3162 5604 3353 5647 natura
3391 5596 3551 5659 Deus,

1974 5681 2144 5738 Filius
2176 5694 2355 5739 autem
2386 5696 2470 5740 est
2496 5693 2686 5740 natura
2724 5684 2863 5740 Deus
2896 5705 2906 5737 :
2940 5700 3047 5741 non
3081 5696 3163 5742 est
3196 5686 3357 5754 igitur
3388 5702 3451 5741 es
3490 5690 3555 5741 iis
