3994 6324
479 455 582 514 503

1454 428 1510 483 S.
1550 421 1822 481 CYRILLI
1861 414 2327 475 ALEXANDRINI
2366 411 2687 469 ARCIIIEP.

3602 388 3721 449 ὅθι

481 579 601 636 quae
630 562 767 616 facta
805 562 948 611 sunt.
979 546 1137 617 Atqui
1179 545 1221 600 si
1280 541 1501 599 ridicula
1542 540 1638 593 fuit
1681 540 1825 609 prior
1852 545 2033 590 nostra

2174 533 2357 605 ’ἡμῶν
2386 530 2785 597 καταγέλαστος
2816 526 2844 575 6
2896 521 3157 592 πρότερος
3199 515 3331 585 βίος.
3373 513 3454 564 ὅτι
3485 510 3562 581 μὴ
3588 503 3721 561 οὖσι

2196 627 2208 636 ¹
2344 626 2366 636 Α
2435 627 2454 636 -
2515 623 2568 636 --
2634 620 2650 636 κ
2709 618 2791 636 ’-ν
2825 632 2898 636 κ-..
2956 610 3130 636 _-\\:'.
3188 606 3385 636 ..ἕνην
3420 601 3513 636 ..πυ
3543 603 3721 636 ἔκηεν

484 623 614 716 ιῗὶιει,
663 647 803 717 quod
850 643 952 696 diis
987 638 1076 707 qui
1117 644 1310 688 natura
1363 646 1465 684 non
1512 635 1745 692 exstant,
1790 623 2040 679 servieri-

484 757 633 805 mus;
683 716 830 790 certe
868 745 1009 787 nunc
1036 726 1203 782 multo
1243 722 1547 777 miseriores
1582 716 1794 772 censeri
1818 716 2041 769 debere-

486 848 621 896 mus,
654 828 792 897 quod
820 838 941 879 eum
968 820 1060 888 qui
1106 825 1291 871 natura
1337 814 1470 866 deus
1492 825 1595 865 non
1624 810 1712 873 sit,
1752 806 1993 862 colamus
2024 823 2034 857 :

483 922 625 993 quod
659 916 947 972 absurdum
975 917 1073 964 est.

1144 1018 1367 1074 ALIUD.

555 1150 611 1203 Si
640 1144 776 1211 quod
806 1141 1001 1193 factum
1039 1147 1141 1196 est,
1180 1134 1447 1187 diversum
1481 1138 1562 1184 est
1594 1126 1813 1181 omnino
1847 1131 2040 1177 natura

484 1242 550 1295 ab
586 1253 650 1293 eo
679 1235 817 1304 quod
864 1229 1061 1283 factum
1112 1240 1215 1278 non
1260 1233 1361 1285 εει,
1412 1236 1514 1275 non
1547 1228 1721 1289 potest
1766 1212 2044 1284 mqualiter

485 1331 627 1385 illius
650 1324 830 1394 gloriae
871 1318 1140 1387 particeps
1170 1328 1307 1368 esse.
1351 1333 1366 1361 ι
1398 1310 1635 1365 Gloriam
1673 1307 1811 1360 enirn
1846 1320 2041 1369 meam,

487 1417 679 1487 inquit,
712 1413 862 1467 alteri
907 1424 1009 1463 non
1052 1406 1188 1460 dabo
1211 1405 1276 1456 ’³.
1312 1422 1329 1453 ›
1368 1402 1422 1455 Si
1455 1415 1577 1455 vero
1620 1397 1893 1467 mqualiter
1925 1385 2046 1463 par—

487 1511 657 1577 ticeps
690 1514 771 1559 est
802 1501 967 1555 Filius
999 1496 1221 1551 veniens
1248 1494 1302 1547 in
1336 1494 1505 1562 gloria
1554 1489 1729 1543 Patris
1760 1506 1773 1542 :
1809 1501 1912 1540 non
1964 1492 2047 1539 est

486 1602 642 1670 igitur
670 1604 938 1655 creatura,
965 1592 1055 1660 qui
1088 1586 1310 1642 increati
1344 1584 1568 1653 gloriam
1602 1581 1819 1636 indutus
1857 1585 1957 1632 est.

1052 1698 1214 1768 130
1253 1693 1480 1751 ALlUD.

560 1821 739 1875 Sacra
794 1814 1087 1882 Scriptura
1123 1809 1313 1863 Filium
1364 1820 1544 1859 verum
1595 1802 1757 1855 Deum
1806 1809 2045 1853 vocant:

2142 601 2301 696 φύσει
2342 626 2483 687 θεοῖς
2512 618 2922 686 ἐδουλεύσαμεν,
2952 610 3132 679 πολλῷ
3188 606 3385 677 μᾶλλον
3420 601 3513 655 νῦν
3543 603 3723 668 ἐσμεν

2141 688 2479 785 ἀθλιώτεροι,
2507 709 2584 778 τῷ
2615 708 2689 778 μὴ
2716 704 2872 773 φύσει
2922 702 3029 770 Θεῷ
3078 696 3440 769 προσάγοντες
3486 690 3585 758 τὴν
3618 688 3725 739 λα’

2143 808 2347 882 τρείαν·
2386 805 2549 875 φεῦγε
2582 802 2639 854 τὸ
2667 802 2881 853 ἄτοπον.

2822 1002 3021 1054 ΛΛΛί).

2214 1128 2275 1178 Ei
2301 1126 2405 1177 πᾶν
2434 1124 2494 1175 τὸ
2514 1119 2738 1189 γενητὸν
2767 1116 2951 1186 ἕτερόν
2982 1114 3097 1164 ἐστι
3128 1110 3305 1177 πάντη
3326 1104 3418 1159 τοῦ
3446 1104 3725 1171 ἀγενήτου

2144 1219 2283 1273 κατὰ
2307 1218 2404 1286 τὴν
2439 1214 2619 1283 φύσιν,
2649 1214 2709 1263 οὐ
2732 1210 2953 1262 δύναται
2978 1204 3074 1273 τῆς
3108 1202 3318 1255 ἐκείνου
3343 1198 3499 1266 δόξης
3530 1194 3725 1263 ίσομέο

2144 1327 2286 1380 τρως
2320 1285 2613 1360 κοινωνεῖν.
2649 1323 2665 1352 ι
2695 1302 2803 1370 Τὴν
2831 1301 2938 1368 γὰρ
2967 1296 3121 1359 δόξαν
3170 1310 3291 1363 μου,
3330 1289 3490 1359 φησὶν
3520 1285 3723 1349 όΘεὸς,

2146 1377 2315 1468 ἑτέρῳ
2342 1397 2403 1449 οὐ
2434 1394 2607 1448 δώσω.
2642 1413 2659 1443 ι
2706 1393 2767 1443 Ei
2796 1390 2851 1442 δὲ
2905 1387 3149 1439 κοινωνεῖ
3179 1386 3206 1435 6
3240 1382 3368 1442 Υἱὸς
3424 1377 3728 1448 ἐρχόμενος

2147 1490 2203 1541 ὲν
2337 1484 2461 1553 δόξῃ
2488 1482 2583 1535 τοῦ
2616 1479 2844 1551 [ἰατρὸς.
2881 1477 2979 1528 οὐκ
3010 1476 3116 1544 ipa
3150 1471 3355 1540 κτίσμα
3400 1470 3545 1521 ἐστὶν
3570 1468 3597 1518 6
3622 1465 3730 1533 τὴν

2146 1579 2238 1632 τοῦ
2269 1577 2524 1631 ἀκτίστου
2547 1572 2703 1635 δόξαν
2727 1565 3118 1639 ἠμφιεσμένος.

2837 1681 3038 1733 ΑΛΛΟ.

2219 1802 2349 1855 Θεὸν
2372 1798 2622 1870 ἀληθινὸν
2668 1793 3035 1849 ἀποκαλοῦσιν
3084 1789 3137 1843 αἱ
3190 1787 3327 1839 Θεῖαι
3380 1778 3594 1853 Γραφαὶ
3634 1778 3729 1830 τὸν

494 1924 654 1982 atque
703 1910 774 1963 ita
824 1907 1113 1959 credimus.
1160 1900 1213 1953 Si
1251 1913 1375 1952 vero
1406 1895 1660 1965 quidquid
1705 1893 1900 1945 factum
1944 1900 2045 1956 est,

2174 1894 2300 1957 ι’ἱὸν,
2329 1893 2420 1944 καὶ
2450 1890 2590 1943 οὕτω
2625 1885 2971 1953 πιστεύομεν.
3000 1883 3058 1933 Εἰ
3092 1879 3147 1932 δὲ
3179 1880 3285 1930 πᾶν
3329 1874 3391 1926 τὸ
3428 1872 3730 1940 γενόμενον

2687 1980 2696 1982 “
2846 1977 2855 1982 ·
2992 1974 3003 1982 ·
3056 1974 3067 1982 ι
3131 1973 3141 1982 ι
3400 1966 3413 1982 1
3493 1964 3633 1982 9__-..
3669 1957 3727 1982 ’λ

490 2017 676 2059 recens
702 2009 779 2054 est
812 2003 1056 2066 respectu
1082 1991 1340 2052 increati;
1370 2001 1544 2054 neque
1570 2001 1663 2054 par
1692 1994 1773 2038 est
1804 1995 1860 2035 ut
1886 1984 2049 2035 Deum

490 2101 765 2150 recentem
816 2104 877 2144 ac
936 2100 1129 2139 novum
1167 2080 1447 2135 colamus:
1482 2091 1585 2130 nou
1641 2084 1722 2129 est
1765 2075 1925 2141 igitur
1967 2072 2053 2125 Fi-

491 2187 595 2241 lius
629 2184 767 2237 Deus
798 2192 1003 2243 recens,
1054 2174 1254 2243 quippe
1288 2169 1378 2239 qui
1422 2176 1503 2222 est
1547 2167 1596 2223 id
1638 2166 1777 2236 quod
1812 2172 2051 2219 creatum

492 2291 597 2333 non
630 2284 733 2331 est.

1161 2372 1387 2429 ALIUD.

564 2499 622 2555 Si
653 2496 793 2568 quod
831 2500 1069 2550 creatum
1114 2497 1220 2553 est,
1253 2487 1523 2541 diversum
1553 2483 1708 2551 plane
1754 2491 1836 2536 est
1867 2482 1933 2535 ab
1975 2481 2054 2535 in-

491 2595 695 2649 creato,
739 2582 952 2638 adorari
1011 2593 1117 2633 non
1164 2577 1344 2631 debet.
1397 2574 1585 2633 Divino
1620 2572 1761 2625 enim
1790 2580 2054 2639 prmcepto

496 2682 596 2734 hoc
624 2677 848 2731 vetitum
896 2682 997 2727 est.
1046 2670 1102 2723 Si
1144 2681 1269 2723 vero
1298 2665 1492 2720 Filium
1517 2663 1766 2732 jubemur
1805 2663 2051 2725 adorare,

496 2783 602 2822 non
635 2774 810 2819 autem
848 2762 1009 2816 alium
1050 2760 1227 2822 deum,
1261 2756 1352 2826 qui
1384 2755 1453 2810 sit
1483 2764 1697 2809 creatus
1734 2772 1745 2807 :
1782 2752 2055 2808 increatus

496 2859 659 2929 igitur
685 2867 766 2912 est
790 2854 976 2910 Filius.
1310 2886 1311 2889 η

1158 2957 1388 3015 ALIUD.

566 3078 623 3135 Si
654 3075 911 3147 quidquid
940 3072 1141 3127 factum
1187 3078 1287 3134 est,
1342 3082 1552 3124 servum
1600 3078 1681 3122 est
1714 3067 1851 3136 ejus,
1884 3081 1910 3119 a
1955 3079 2059 3136 quo

496 3172 701 3227 factum
735 3177 816 3223 est
845 3183 859 3222 :
887 3162 1219 3232 impossibile
1250 3162 1413 3230 igitur
1447 3160 1519 3213 illi
1547 3168 1628 3213 est
1654 3159 1954 3212 libertatem
1981 3157 2057 3210 al-
2083 3212 2123 3232 η

500 3262 599 3318 teri
628 3257 876 3315 conferre
905 3269 1064 3325 quam
1101 3266 1206 3307 non
1247 3250 1427 3305 habet.
1462 3248 1518 3304 Si
1553 3259 1729 3302 autem
1770 3263 1886 3302 eam
1927 3263 2055 3303 con-

503 3354 604 3408 fert
628 3350 818 3410 Filius,
845 3359 1032 3401 servus
1058 3344 1240 3410 itaque
1275 3356 1381 3396 non
1415 3350 1517 3405 est,
1552 3340 1644 3393 sed
1673 3339 1849 3407 patius
1880 3338 2061 3393 Domi-

505 3459 606 3497 nus
630 3453 681 3496 et
713 3442 867 3493 Deus.

696 3534 705 3541 ’
1165 3545 1387 3600 ALIUD.

572 3664 629 3719 Si
661 3662 836 3717 omnis
867 3668 1115 3715 creatura
1166 3655 1266 3712 sub
1304 3662 1495 3709 natura
1522 3653 1825 3707 consistens
1860 3660 2063 3705 natum

502 3754 600 3821 illi,
630 3753 730 3808 sub
758 3766 861 3820 qua
897 3763 979 3805 est
1026 3758 1080 3802 et
1113 3747 1251 3801 facta
1290 3753 1395 3811 est,
1428 3744 1617 3807 servit,
1671 3744 1843 3797 deitas
1883 3753 2060 3797 autem

503 3845 669 3900 libera
710 3849 810 3906 est,
848 3840 1104 3908 animique
1135 3835 1366 3891 naturali
1414 3836 1740 3890 necessitate
1774 3835 2059 3903 superior:

504 3932 847 3989 manifestum
901 3939 985 3983 est
1036 3929 1203 3982 Deum
1241 3941 1345 3981 non
1394 3925 1596 3981 sentire
1651 3935 1874 3979 naturai.
1929 3923 2063 3978 Cum

502 4038 629 4079 vero
658 4022 826 4077 Filius
872 4022 943 4076 sit
987 4022 1149 4083 Deus,
1202 4029 1347 4071 certe
1396 4024 1600 4069 natura:
1639 4014 1910 4084 subjectus
1958 4029 2065 4070 non

500 4112 624 4178 erit,
666 4110 807 4181 quod
855 4108 1123 4163 creaturis
1166 4104 1438 4173 proprium
1483 4112 1584 4157 est.
1632 4106 1698 4156 At
1732 4103 1821 4171 qui
1867 4117 2064 4174 cogna-

501 4203 647 4257 tione
676 4199 905 4255 naturali
951 4212 979 4250 a
1015 4203 1267 4251 creatura
1312 4190 1509 4256 diII‘ert,
1539 4204 1643 4259 quo
1675 4199 1829 4259 pacto
1859 4205 1964 4245 non
1995 4190 2066 4245 sit

503 4289 730 4345 diversae
762 4286 828 4340 ab
863 4299 925 4340 ea
959 4283 1201 4339 naturas?

1164 4410 1391 4468 ALIUD.

579 4532 636 4586 Si
670 4529 811 4585 nulla
847 4534 1095 4582 creatura
1136 4523 1456 4579 naturaliter
1485 4520 1835 4592 perfecteque
1862 4518 1973 4575 Deo
2004 4532 2068 4573 ac

2155 1983 2463 2056 πρόσφατόν
2496 1984 2642 2034 ἐστιν
2670 1980 2743 2041 ὼς
2765 1977 2900 2046 πρὸς
2958 1974 3016 2026 τὸ
3046 1973 3328 2040 ἀγένητον·
3363 1966 3460 2034 οὐχ
3490 1964 3633 2015 ὅσιον
3665 1957 3730 2011 δὲ

2152 2048 2455 2130 εἷναι-Θεὸν
2477 2073 2788 2143 πρόσφατον
2818 2072 2875 2121 ὲν
2899 2068 3050 2136 ἡμῖν,
3097 2063 3198 2115 οὐκ
3243 2060 3395 2114 ἔσται
3434 2055 3542 2123 ipa
3590 2048 3727 2111 Θεδς

2153 2168 2459 2239 πρόσφατος
2492 2164 2520 2215 6
2542 2161 2687 2227 Υἱὸς,
2718 2161 2853 2227 ὅπερ
2884 2157 2996 2209 ἐστὶ
3034 2153 3093 2206 τὸ
3136 2150 3414 2219 ἀγένητον.

2836 2361 3037 2416 ΑΛΛΟ.

2224 2483 2287 2535 Ei
2309 2481 2369 2535 τὸ
2408 2478 2630 2549 γενητὸν
2666 2473 2891 2529 καθόλου
2926 2468 3111 2539 ἕτερόν
3140 2466 3253 2518 ἐστι
3304 2459 3395 2515 τοῦ
3422 2461 3681 2527 ἀγενήτου
3712 2495 3730 2518 ,

2153 2574 2214 2627 οὑ
2252 2572 2332 2625 δεῖ
2359 2548 2507 2640 αὖτῷ
2536 2566 2881 2638 προσκυνεῖν.
2931 2559 3298 2630 Ἀπηγόρευσε
3339 2552 3447 2622 γὰρ
3487 2548 3643 2603 τοῦτο
3670 2548 3735 2599 τὸ

2155 2666 2296 2721 θεῖον
2330 2664 2528 2731 λόγιον.
2575 2661 2635 2713 Εἰ
2668 2659 2724 2711 δὲ
2777 2656 2855 2725 τῷ
2902 2652 3014 2721 Υίῷ
3067 2643 3523 2721 προστασσόμεθα
3563 2655 3732 2709 προσ·

2156 2755 2358 2817 κυνεῖν,
2387 2750 2486 2803 οὐκ
2514 2748 2593 2801 ἔτι
2620 2746 2674 2799 δὲ
2706 2745 2801 2797 καὶ
2834 2745 3003 2812 ἑτέρῳ
3034 2738 3170 2811 Θεῷ,
3228 2738 3365 2805 ὅπερ
3396 2732 3512 2785 ἐστὶ
3548 2730 3607 2783 τὸ
3634 2744 3734 2796 γε-

2156 2842 2331 2915 νητόν·
2356 2842 2413 2894 οὐ
2444 2838 2666 2909 γενητὸς
2690 2836 2798 2905 ἄρα
2826 2837 2854 2888 6
2880 2833 3025 2894 Υἱός.

2842 2946 3043 2999 ΑΛΛΟ.

2229 3073 2291 3127 Εἰ
2322 3072 2429 3123 πᾶν
2453 3070 2513 3122 τὸ
2535 3042 2825 3135 γενόμενον
2850 3059 3035 3115 δοῦλόν
3065 3059 3177 3110 ἐστι
3215 3052 3308 3107 τοῦ
3342 3050 3696 3119 πεποιηκότος
3717 3084 3737 3111 ,

2162 3165 2435 3225 ἀδυνάτως
2463 3161 2568 3231 ipa
2612 3157 2722 3226 ἔχει
2760 3154 2930 3222 ἑτέρῳ
2982 3150 3080 3219 τὴν
3134 3144 3445 3215 ἐλευθερίαν
3487 3141 3738 3212 ὀρέγειν,

2160 3249 2226 3324 ἧς
2255 3254 2388 3305 αὐτὸ
2425 3230 2522 3303 οὐκ
2552 3248 2758 3317 ἔτυχεν.
2819 3246 2881 3296 Εἰ
2906 3243 2961 3295 δὲ
3016 3239 3244 3310 παρέχει
3273 3240 3300 3290 6
3333 3236 3480 3300 Υἱὸς,
3503 3234 3601 3304 οὐχ
3657 3230 3739 3294 ὡς

2162 3345 2341 3407 δοῦλος
2368 3341 2627 3412 δηλονότι,
2652 3338 2853 3408 Κύριος
2876 3334 2932 3386 δὲ
2959 3332 3155 3403 μᾶλλον
3187 3330 3281 3384 καὶ
3313 3328 3463 3391 Θεός.

2862 3530 3065 3583 ΑΛΛΟ.

2233 3653 2296 3707 Ei
2318 3653 2470 3706 πᾶσα
2497 3652 2531 3720 ἡ
2567 3646 2741 3709 κτίσις
2796 3644 2899 3697 ὑπὸ
2954 3644 3114 3711 φύσιν
3140 3634 3275 3693 οὖσα
3313 3643 3379 3711 τῇ
3416 3638 3574 3707 φύσει
3612 3640 3739 3693 δου-

2160 3746 2307 3800 λεύει
2345 3743 2433 3811 ὑφ⁹
2469 3741 2535 3811 ἢν
2559 3739 2651 3792 καὶ
2680 3736 2991 3806 πεποίηται.
3051 3732 3336 3803 ἐλεύθερον
3373 3732 3430 3785 δὲ
3462 3731 3638 3801 πάντη
3676 3732 3741 3784 τὸ

2163 3836 2304 3890 θεῖον
2334 3832 2428 3885 καὶ
2460 3830 2701 3900 κρεῖττον
2728 3824 2974 3892 ἀνάγκης
3026 3822 3283 3890 φυσικῆς,
3345 3818 3500 3889 δῆλον
3552 3817 3627 3883 ὡς
3675 3820 3740 3871 οὐ

2164 3921 2481 3977 δεδούλωται
2514 3916 2670 3986 φύσει
2706 3914 2858 3974 Θεός.
2901 3912 3054 3964 Ἐπεὶ
3104 3910 3160 3963 δὲ
3212 3909 3345 3970 Θεὸς
3386 3909 3414 3960 6
3456 3908 3604 3974 Υἱὸς,
3639 3909 3740 3961 οὐκ

2166 4012 2320 4066 ἔσται
2346 4010 2452 4081 ἄρα
2472 4007 2575 4061 ὑπὸ
2604 4007 2788 4076 φύσιν,
2818 4004 2954 4075 ὅπερ
2980 4002 3091 4054 τῶν
3134 4000 3435 4068 γεγονότων
3470 3998 3619 4051 ἐστὶν
3662 4000 3739 4051 oi-

2165 4105 2333 4159 κεῖον.
2378 4103 2435 4155 '0
2464 4100 2521 4154 δὲ
2540 4101 2637 4170 τῆς
2657 4097 2792 4168 πρὸς
2815 4096 2913 4165 τὴν
2948 4094 3123 4147 κτίσιν
3153 4092 3469 4163 ὸμογενείας
3495 4089 3735 4161 φυσικῶς

2165 4190 2570 4262 ἀπῳκισμένος,
2616 4186 2733 4250 πῶς
2766 4186 2867 4240 οὐκ
2913 4183 2980 4236 ἂν
3044 4182 3130 4253 εῐη
3166 4182 3296 4253 παρ’
3327 4180 3496 4251 αὐτὴν
3550 4182 3736 4251 ἑτεροι-

2166 4284 2307 4353 φυής
2328 4299 2388 4335 τε
2412 4281 2506 4336 καὶ
2536 4277 2681 4346 ξένος
2705 4294 2720 4344 ;

2851 4412 3056 4465 ΑΛΛΟ.

2240 4527 2304 4581 Ei
2327 4526 2493 4598 μηδὲν
2519 4525 2629 4579 τῶν
2660 4526 2717 4580 ἐν
2754 4526 2820 4596 τῇ
2853 4523 3028 4576 κτίσει
3068 4519 3314 4589 φυσικῶς
3352 4521 3734 4591 ἀπηκρίϐωται

506 4622 655 4677 Patri
691 4618 881 4673 similis
909 4627 1013 4680 est,
1050 4616 1242 4671 similis
1274 4623 1452 4669 autem
1484 4621 1568 4669 est
1595 4611 1787 4677 Filius,
1834 4613 1968 4666 adeo
2010 4621 2057 4669 ul

2174 4604 2307 4693 πρὸς
2340 4620 2436 4692 τὴν
2460 4619 2550 4674 τοῦ
2575 4618 2711 4674 Θεοῦ
2744 4618 2837 4672 καὶ
2860 4615 3073 4686 Πατρός
3111 4612 3428 4684 ὁμοιότητα,
3474 4616 3657 4683 ὅμοιος
3684 4615 3741 4665 δὲ

506 4712 599 4779 qui
654 4725 774 4762 eum
824 4707 1023 4769 videat,
1077 4704 1291 4758 Patrem
1349 4703 1575 4758 videat:
1619 4715 1725 4756 non
1771 4711 1855 4755 est
1910 4700 2071 4771 igitur

507 4808 777 4861 creatura,
813 4798 903 4865 qui
945 4796 1239 4864 perfectam
1274 4793 1681 4861 absolutamque
1714 4790 1887 4847 Patris
1919 4791 2069 4847 simi-

511 4889 787 4946 litudinem
816 4895 1008 4957 gestat.

1171 4996 1402 5052 ALIUD.

578 5120 639 5179 Si
686 5130 872 5174 omnes
914 5121 1174 5168 creatura:
1234 5109 1343 5163 Deo
1395 5108 1671 5173 serviunt,
1725 5123 1832 5164 non
1886 5118 2066 5162 autem

507 5220 637 5271 sunt
673 5210 901 5267 domina)
944 5205 1146 5277 gloriae,
1193 5200 1361 5256 Filius
1391 5216 1516 5257 vero
1539 5214 1642 5255 non
1684 5200 1776 5266 ita,
1816 5201 1910 5257 sed
1960 5201 2064 5255 Do-

505 5305 686 5362 minus
712 5300 896 5373 gloriae
917 5298 997 5352 ἐς
1030 5311 1136 5351 non
1171 5304 1254 5350 est
1291 5295 1452 5365 igitur
1488 5302 1757 5350 creatura.

1168 5404 1327 5462 ALIU
1338 5405 1397 5462 ι).

573 5524 635 5585 Si
654 5522 915 5599 quidquid
940 5537 1007 5578 ex
1034 5520 1201 5576 nihilo
1232 5519 1298 5573 ad
1331 5531 1451 5574 esse
1485 5520 1789 5574 traductum
1820 5528 1921 5586 est,
1950 5520 2064 5575 ﬁeri

506 5623 683 5693 potest
714 5626 773 5671 ut
800 5616 994 5669 iterum
1029 5614 1083 5667 in
1112 5612 1336 5667 nihilum
1369 5610 1665 5683 redigatur,
1718 5612 1827 5669 hoc
1854 5628 1982 5671 vero
2013 5614 2067 5672 in

576 5796 624 5832 ⁸⁸
652 5793 757 5852 In.
785 5807 914 5861 ιιιι,
948 5794 1000 5851 8.
1075 5792 1124 5828 "
1164 5790 1329 5849 ICor.
1358 5805 1419 5858 tt,
1446 5790 1501 5846 8.

2170 4717 2199 4769 6
2229 4713 2377 4777 Υἱὸς,
2406 4711 2483 4775 ὡς
2510 4712 2600 4766 τὸν
2631 4710 2842 4781 ὁρῶντα
2872 4706 3053 4771 αὑτὸν,
3082 4704 3173 4758 τὸν
3213 4704 3431 4774 Πατέρα
3458 4705 3609 4774 όρᾷν,
3640 4706 3740 4758 οὐκ

2170 4805 2276 4877 ἄρα
2307 4803 2513 4873 κτίσμα
2554 4803 2583 4854 6
2635 4801 2731 4872 τὴν
2778 4798 2984 4851 ἐκείνου
3048 4794 3525 4867 ἀπηκριϐωμένως
3558 4796 3741 4868 φέρων

2169 4899 2194 4948 6
2200 4888 2476 4966 μοιότητα.

2854 5001 3057 5054 AAAO.

2240 5118 2304 5171 Ei
2334 5117 2509 5172 πάντα
2536 5114 2602 5169 τὰ
2623 5113 2894 5184 κτίσματα
2920 5111 3081 5165 δοῦλα
3100 5106 3195 5163 τοῦ
3226 5110 3384 5175 Θεοῦ,
3420 5109 3610 5163 ἀλλ’οὑ
3640 5110 3745 5164 κὺ-

2176 5228 2262 5282 ρια
2291 5210 2389 5280 τῆς
2413 5208 2587 5279 δόξης,
2620 5208 2800 5261 οὐκέτι
2828 5206 2883 5258 δὲ
2910 5208 2936 5258 6
2969 5205 3113 5267 Υἱός·
3153 5207 3251 5277 τῆς
3288 5206 3397 5275 γὰρ
3428 5203 3585 5275 δόξης
3628 5203 3745 5258 Κύ-

2172 5315 2301 5371 ριος·
2338 5298 2439 5352 οὐκ
2469 5298 2577 5368 ipa
2606 5297 2805 5366 κτίσμα
2834 5294 3112 5365 τυγχάνει.

2848 5407 3050 5459 ΑΛΛΟ.

2242 5525 2304 5577 Ei
2338 5523 2445 5576 πᾶν
2471 5520 2532 5574 τὸ
2553 5522 2614 5573 ὲκ
2635 5519 2726 5574 τοῦ
2751 5519 2827 5593 μὴ
2854 5520 3006 5582 ὄντος
3032 5520 3110 5582 είς
3129 5518 3191 5573 τὸ
3219 5512 3356 5574 εῖναι
3387 5518 3747 5591 παρενεχθὲν,

2171 5608 2325 5679 αὖθις
2349 5612 2616 5683 ἐνδέχεται
2652 5615 2745 5669 καὶ
2772 5613 2851 5677 είς
2872 5611 2932 5666 τὸ
2961 5611 3035 5684 μὴ
3083 5609 3143 5666 ὃν
3170 5611 3437 5683 χωρῆσαι,
3485 5609 3585 5664 οὐκ
3624 5609 3748 5665 εστι
