3994 6324
222 432 323 491 305

1598 429 2038 488 THESAURUS.

3371 411 3477 470 306

219 551 271 604 δὲ
298 550 451 605 τοῦτο
478 550 828 621 ἐνδεχόμενον
886 547 979 601 ἐπὶ
1022 546 1115 601 τοῦ
1179 544 1331 607 Υἱοῦ,
1374 545 1532 615 εἴπερ
1589 544 1803 612 ἀληθῶς

1932 540 2101 596 "ilium
2136 538 2331 593 cadere
2366 549 2473 591 non
2504 540 2702 604 potest,
2736 528 3003 601 siquidem
3035 540 3164 582 vere
3193 532 3274 579 est
3298 522 3475 579 Deus:

222 642 328 694 ἑστι
362 642 521 706 Θεὸς,
554 643 654 693 οὐκ
684 640 788 711 ἄρα
817 643 879 693 ὲκ
920 638 1013 692 τοῦ
1046 637 1119 708 μὴ
1145 638 1295 700 ὄντος
1344 640 1372 691 ὁ
1415 637 1561 702 Υἱὸς,
1597 634 1709 689 ἀλλ’
1733 638 1793 687 ὲκ

220 733 307 786 τοῦ
343 733 516 796 ὅντως
541 732 754 801 Πατρὸς
776 730 1017 801 γενητός.

898 842 1080 894 ΑΛΛΟ
1090 882 1101 893 .

288 955 348 1010 Ei
383 957 701 1026 κτισμάτων
725 956 852 1009 [διον
884 955 946 1007 τὸ
974 953 1232 1008 δύνασθαι
1289 950 1647 1023 ἁμαρτάνειν,
1701 949 1799 1001 οὐκ

222 1047 295 1100 ἔτι
325 1046 379 1099 δὲ
407 1049 503 1101 καὶ
529 1047 623 1099 τοῦ
656 1045 813 1110 Υίοῦ,
839 1046 940 1099 οὐκ
972 1045 1079 1117 ἄρα
1108 1046 1316 1115 κτίσμα
1343 1042 1622 1111 τυγχάνει.

906 1156 1111 1210 ΔΛΛΟ.

288 1268 348 1320 El
374 1267 543 1338 μηδὲν
599 1269 707 1321 τῶν
753 1268 1054 1337 γεγονότων
1113 1268 1393 1339 ἀνεδείχθη
1439 1269 1569 1321 ποτε
1626 1270 1689 1321 ὲκ
1729 1266 1802 1338 μὴ

222 1356 384 1410 ὄντων
416 1356 610 1411 ποιοῦν
634 1357 848 1422 οὐσίας,
886 1361 1029 1412 ποιεῖ
1071 1358 1129 1412 δὲ
1168 1360 1197 1412 ὁ
1232 1358 1377 1423 Υἱὸς,
1410 1357 1527 1422 πῶς
1556 1358 1664 1411 τῶν
1710 1373 1802 1425 γε-

224 1448 453 1515 γονότων
489 1450 637 1501 ἐστίν
656 1466 670 1513 ;

926 1562 1130 1617 AAAO.

291 1672 354 1725 Ei
388 1672 500 1726 πᾶν
533 1673 592 1727 τὸ
615 1674 842 1744 γενητὸν
864 1676 1050 1746 ὅμοιον
1076 1674 1153 1737 ὠς
1185 1673 1323 1742 πρὸς
1358 1673 1518 1727 ἑαυτὸ
1547 1672 1688 1725 κατὰ
1714 1672 1804 1724 τὸν

226 1762 316 1817 τοῦ
355 1764 688 1834 πεποιῆσθαι
721 1765 897 1834 λόγον,
950 1766 1045 1819 καὶ
1100 1765 1254 1819 οὐδὲν
1296 1764 1509 1828 οὐδενὸς
1557 1764 1804 1833 διαφέρει

226 1854 357 1908 καθὸ
389 1856 613 1924 γέγονεν
639 1857 890 1911 ἕκαστον·
925 1858 1039 1912 ἔστι
1076 1857 1133 1910 δὲ
1181 1856 1406 1928 γενητὸς
1436 1857 1530 1910 καὶ
1569 1858 1597 1909 ὁ
1641 1856 1801 1919 Υίὸς,

227 1945 435 2008 οὐδενὸς
460 1947 568 2018 ἄρα
591 1947 743 2002 ἔσται
774 1949 1050 2021 διαφέρων
1144 1950 1239 2002 καὶ
1272 1948 1435 2010 αὐτὸς
1466 1947 1707 2015 γέγονεν.
1742 1947 1803 1998 Ei

226 2038 279 2091 δὲ
316 2038 541 2093 πάντων
561 2040 675 2094 τῶν
707 2041 953 2112 γενητῶν
981 2041 1125 2095 κατὰ
1154 2042 1331 2095 πάντα
1359 2039 1627 2110 διαφέρει,
1648 2039 1806 2108 δῆλον

227 2129 302 2182 δτι
326 2130 425 2184 καὶ
455 2131 595 2184 κατὰ
623 2130 716 2183 τὸν
740 2132 840 2201 τῆς
864 2132 1133 2199 γενέσεως
1158 2131 1361 2202 τρόπον
1379 2170 1393 2195 ,
1423 2131 1558 2199 ὅπερ
1596 2128 1711 2181 ἐστὶ
1748 2128 1807 2180 τὸ

230 2219 301 2288 μὴ
319 2220 598 2287 γενέσθαι.
626 2220 784 2274 Οὕτω
815 2221 924 2291 γὰρ
952 2220 1141 2274 διοίσει
1163 2220 1269 2274 τῶν
1308 2220 1623 2289 γεγονότων.
1662 2220 1723 2273 Εἰ
1751 2218 1807 2271 δὲ

226 2306 399 2375 τοῦῖτο,
433 2310 549 2373 πῶς
584 2311 644 2363 οὐ
678 2310 852 2375 Θεός;

915 2405 1121 2458 ΔΔΛΟ.

295 2508 358 2562 Ei
390 2511 541 2563 πᾶσα
568 2511 601 2581 ἡ
627 2513 805 2575 κτίσις
830 2514 887 2567 ὲν
907 2512 1235 2585 διαστήματι
1283 2516 1401 2585 ἤτοι
1451 2515 1625 2585 χρόνῳ
1652 2513 1810 2581 γέγοο

226 2616 332 2664 νεν,
361 2601 515 2656 οὐδὲν
542 2601 600 2659 δὲ
630 2602 837 2657 τούτων
869 2605 1244 2676 προλαμϐάνει
1269 2607 1370 2677 τὴν
1382 2604 1510 2659 Υἱοῦ
1532 2606 1806 2675 γέννησιν,

226 2693 321 2747 οὐκ
350 2695 458 2765 ἄρα
486 2696 709 2764 γέγονεν
729 2696 914 2760 αὐτός.
938 2698 1002 2750 Ei
1028 2699 1083 2751 δὲ
1125 2698 1568 2768 προλαμϐάνεται
1586 2698 1807 2764 διαστή-

231 2802 355 2854 ματι
390 2787 628 2858 χρονικῷ
654 2806 714 2842 τε
756 2792 850 2842 καὶ
881 2790 1115 2861 γενητῷ,
1147 2792 1266 2856 πῶς
1316 2794 1533 2846 πάντων
1568 2793 1683 2843 ἐστὶ
1713 2792 1810 2861 δη-

231 2878 510 2949 μιουργὸς,
540 2878 872 2950 διαστήματι
918 2882 1437 2955 προλαμϐανόμενος
1476 2883 1721 2952 γενητῷς
1748 2883 1810 2935 Ei

228 2965 271 3019 δ’
301 2968 567 3038 ἀγένητον
592 2971 676 3041 εἴη
706 2970 864 3025 τοῦτο
893 2973 954 3026 τὸ
984 2973 1278 3045 διάστημα,
1310 2974 1635 3043 συνὰμιλλον
1657 2974 1812 3043 εὑρὴ-

231 3072 312 3111 σει
350 3060 483 3148 Θεὸς
510 3060 611 3131 τῆς
638 3063 833 3117 ἑαυτοῦ
854 3065 1149 3135 ἀγενησίας
1204 3066 1267 3119 τὸ
1322 3066 1617 3137 διάστημα.
1660 3067 1722 3118 Ei
1754 3065 1810 3117 δὲ

232 3149 369 3220 μήτε
407 3152 572 3221 ῥοπὴ,
630 3154 767 3224 μήτε
796 3154 1089 3227 διάστημα,
1142 3157 1279 3227 μήτε
1317 3156 1446 3210 ἄλλο
1468 3156 1521 3210 τί
1554 3159 1670 3209 ἐστι
1707 3158 1811 3227 πρὸ

1904 646 2011 685 non
2044 630 2208 699 igitur
2244 641 2309 683 ex
2344 625 2513 681 nihilo
2540 625 2719 679 factus
2766 634 2852 675 est
2900 617 3089 680 Filius,
3120 614 3215 669 sed
3246 627 3315 666 ex
3348 624 3481 666 vero

1902 724 2061 778 Patre
2090 720 2327 792 genitus.

2570 827 2798 884 ALIUD.

1972 945 2029 1001 Si
2069 944 2347 1014 proprium
2395 938 2660 997 creaturis
2711 946 2795 993 est
2834 948 3085 1007 peccare,
3128 929 3251 987 Filii
3300 936 3481 985 autem

1903 1050 2249 1109 nequaquam
2270 1034 2317 1066 "
2344 1050 2359 1088 :
2405 1048 2511 1088 non
2536 1032 2697 1103 igitur
2716 1039 2798 1085 est
2826 1036 3098 1083 creatura.

1978 1244 2036 1299 Si
2070 1242 2203 1299 nihil
2234 1256 2299 1296 ex
2332 1240 2398 1295 iis
2426 1253 2547 1309 qua:
2573 1142 2894 1298 ἒὲἔὲἳιιηι,
2934 1230 3092 1301 181
3122 1222 3485 1283 substantiam

1904 1352 1969 1393 ex
2014 1335 2183 1390 nihilo
2233 1345 2423 1387 creare
2458 1330 2648 1399 possit,
2696 1334 2878 1397 potest
2920 1333 3099 1378 autem
3129 1320 3344 1374 Filius:
3378 1330 3487 1386 quo

1908 1435 2066 1496 pacto
2097 1439 2161 1479 ex
2192 1437 2379 1479 eorum
2417 1432 2642 1473 numero
2675 1418 2805 1481 erit,
2833 1428 2954 1485 qua:
2986 1413 3125 1468 facta
3152 1408 3319 1467 sunt?

2583 1526 2742 1583 ALIU
2753 1526 2813 1581 ο.

1979 1651 2037 1706 Si
2078 1649 2260 1706 omnia
2317 1654 2501 1702 creata
2558 1643 2755 1698 similia
2812 1638 2915 1696 sibi
2965 1644 3093 1692 sunt
3144 1633 3197 1689 in
3256 1645 3321 1687 eo
3345 1627 3490 1698 quod

1908 1752 2089 1797 creata
2124 1748 2273 1802 sunt,
2299 1737 2552 1805 nullaque
2582 1739 2831 1788 creatura
2864 1727 2934 1782 ab
2963 1725 3067 1779 alia
3101 1720 3283 1778 differt
3302 1733 3366 1773 ea
3398 1731 3489 1770 ra-

1916 1834 2066 1889 tione
2084 1846 2189 1900 qua
2217 1830 2371 1885 factae
2401 1834 2547 1890 sunt,
2591 1824 2766 1878 factus
2817 1827 2999 1875 autem
3057 1824 3143 1871 est
3171 1821 3226 1868 et
3267 1808 3439 1865 Filius
3472 1823 3489 1861 :

1836 1902 1877 1957 Β
1908 1926 1958 1981 in
1989 1898 2130 1980 nulla
2164 1923 2345 1991 itaque
2382 1934 2441 1974 re
2471 1917 2704 1980 diﬂ‘eret,
2738 1914 2863 1983 quia
2896 1919 2951 1967 et
2974 1911 3089 1979 ipse
3116 1906 3294 1961 factus
3310 1910 3415 1958 est.
3430 1898 3491 1954 Si

1909 2032 2037 2072 vero
2056 2016 2124 2071 ab
2139 2014 2389 2070 omnibus
2410 2009 2605 2065 creatis
2622 2022 2715 2076 per
2731 2004 2911 2060 omnia
2929 2000 3107 2057 differt
3125 2014 3139 2053 :
3155 2003 3305 2054 certe
3323 1992 3486 2049 etiam

1906 2105 2272 2177 generationis
2298 2102 2475 2165 modo,
2506 2101 2762 2153 nimirum
2797 2094 2940 2165 quod
3002 2090 3177 2146 factus
3240 2101 3348 2142 non
3396 2081 3490 2137 sit.

1907 2171 1987 2253 ita
2020 2197 2165 2252 enim
2186 2192 2394 2249 dili‘eret
2416 2208 2445 2246 τι
2469 2191 2686 2248 creatis.
2710 2188 2864 2254 Quod
2893 2185 2938 2242 si
2964 2184 3036 2239 ita
3060 2190 3144 2238 est
3172 2198 3184 2233 :
3215 2171 3489 2248 quomodo

1908 2306 2015 2347 non
2042 2290 2116 2345 sit
2141 2288 2323 2345 Deus?

2585 2374 2814 2432 ALIUD.

1983 2499 2039 2555 Si
2086 2500 2268 2555 omnis
2301 2505 2553 2551 creatura
2584 2494 2635 2546 in
2692 2489 2870 2560 spatio
2907 2486 3023 2543 sive
3051 2491 3293 2551 tempore
3350 2474 3495 2528 facta

1910 2602 2013 2657 est,
2053 2590 2188 2645 nihil
2215 2602 2341 2643 vero
2360 2588 2551 2640 horum
2584 2583 2704 2637 Filii
2736 2575 3144 2651 generationem
3178 2564 3494 2639 praecessit:

1912 2654 2087 2738 factus
2120 2683 2300 2749 itaque
2348 2693 2453 2733 non
2510 2684 2614 2730 est.
2680 2673 2737 2727 Si
2776 2684 2905 2725 vero
2954 2666 3107 2721 illum
3138 2659 3372 2732 spatium
3399 2654 3500 2709 ali-

1912 2776 2053 2846 quod
2080 2746 2466 2841 temporarium
2492 2767 2573 2819 vel
2623 2766 2825 2818 factum
2883 2755 3185 2829 praecessit,
3226 2746 3501 2820 quomodo

1912 2872 1997 2919 est
2021 2862 2261 2916 omnium
2284 2866 2519 2920 creator,
2542 2868 2701 2923 quem
2733 2852 2966 2919 spatium
2990 2854 3232 2902 creatum
3262 2849 3501 2910 praeces-

1912 2952 2113 3009 sit?At
2142 2952 2186 3006 si
2213 2951 2448 3019 spatium
2512 2946 2639 3000 illud
2699 2945 2814 3000 sive
2867 2938 3351 2997 duratioincreata
3405 2928 3500 2992 sit,

1912 3047 2015 3102 erit
2038 3042 2251 3113 aliquod
2291 3040 2527 3111 spatium
2558 3038 2672 3093 sive
2691 3035 2906 3090 duratio
2958 3032 3155 3086 divina:
3208 3021 3500 3081 aeternitati

1914 3154 2031 3209 par.
2069 3138 2124 3192 Si
2158 3152 2287 3191 vero
2319 3135 2523 3189 nullum
2559 3139 2891 3187 momentum
2945 3124 3032 3180 vel
3069 3121 3304 3191 spatium
3362 3125 3503 3171 tem-

230 3240 321 3293 τοῦ
351 3240 506 3307 Υιοῦ,
543 3206 706 3298 πάὸεᾷ
740 3206 1115 3319 προῡπάέζςείν
1142 3206 1520 3317 aisais;
1553 3206 1808 3319 mea;

1932 3231 2085 3300 poris,
2131 3243 2306 3298 neque
2354 3226 2500 3279 aliud
2583 3224 2879 3292 quidquam
2949 3216 3145 3271 Filium
3204 3206 3506 3280 praecessit,

231 3334 387 3389 τοῦτο
425 3338 803 3409 προῦπάρχειν
851 3340 1211 3411 σημαίνοντος
1259 3342 1357 3411 οὐχ
1384 3340 1810 3412 εὑρισκομένους

915 3606 1119 3663 ΑΛΛΟ.
1528 3544 1538 3589 r

303 3711 367 3765 Ei
404 3711 571 3784 μηδδν
624 3714 735 3768 τῶν
776 3718 1087 3787 γενομένων
1142 3718 1389 3773 λέλεκταί
1427 3738 1485 3773 τε
1548 3721 1641 3774 καὶ
1666 3722 1815 3775 ἐστιν

238 3802 333 3857 sui.
362 3803 578 3858 πάντων
608 3805 761 3870 Θεὸς,
796 3806 914 3861 ἐστι
938 3808 993 3861 δὲ
1020 3810 1114 3863 ἐπὶ
1169 3811 1385 3864 πάντων
1430 3811 1560 3876 Θεὸς
1586 3813 1615 3864 δ
1651 3812 1779 3876 Υἱὸς
1801 3852 1816 3878 ,

237 3892 338 3947 οὐκ
367 3894 477 3966 ἄρα
503 3896 614 3949 τῶν
640 3899 950 3968 γενομένων
974 3901 1142 3955 ἐστίν.
1196 3903 1259 3955 El.
1282 3903 1339 3956 δὲ
1377 3902 1510 3967 Θεὸς
1543 3904 1636 3957 ἐπὶ
1686 3905 1821 3958 πάν-

237 4001 346 4039 των
379 3987 640 4058 ὑπάρχων
663 3990 693 4041 ὁ
721 3990 868 4055 Υἱὸς,
902 3994 996 4046 καὶ
1028 3993 1255 4064 γενητός
1304 3996 1473 4059 ἐστιν,
1514 3995 1712 4049 ἔστιδὲ
1733 3998 1825 4050 ἐπὶ

241 4071 460 4126 πάντων
489 4074 620 4138 Θεὸς
648 4076 744 4130 καὶ
795 4079 825 4130 ὁ
874 4080 1083 4151 Πατὴρ,
1109 4083 1333 4153 γενητὸς
1374 4083 1525 4137 ἔσται
1571 4086 1689 4138 κατ’
1729 4087 1826 4139 αὐ-

240 4162 389 4233 τοὺς,
414 4165 551 4237 ὅπερ
580 4167 773 4232 ἀσεϐὲς
796 4170 1014 4225 ὲννοετν.

943 4374 1146 4430 ΛΛΛΟ.

316 4477 384 4533 Ei
418 4480 584 4550 μηδὲν
606 4482 717 4535 τῶν
742 4484 1051 4555 γενομένων
1100 4487 1168 4541 τὰ
1210 4487 1348 4541 αὐτὰ
1396 4489 1623 4545 δύναται
1656 4494 1829 4547 ποιεῖν

1917 3319 2187 3392 quomodo
2274 3318 2427 3372 aiunt
2490 3316 2708 3370 Patrem
2790 3310 2944 3381 prius
3012 3302 3310 3366 exstitisse,
3377 3312 3505 3353 cum

1922 3387 1975 3464 id
2049 3405 2193 3476 quod
2267 3406 2418 3474 prius
2499 3412 2716 3459 exstare
2797 3396 3067 3467 signiﬁcet
3102 3433 3117 3459 ,
3185 3406 3297 3447 non
3357 3387 3507 3443 inve-

1924 3498 2106 3555 niam?

1929 3795 2303 3851 universorum
2334 3789 2497 3852 Deus,
2555 3786 2722 3843 Filius
2757 3793 2939 3840 autem
2967 3777 3305 3839 estomnium
3332 3774 3509 3829 Deus:

1929 3904 2036 3944 non
2099 3895 2183 3941 est
2244 3883 2409 3955 igitur
2464 3895 2532 3936 ex
2584 3881 2650 3935 iis
2709 3891 2829 3948 quae
2893 3875 3032 3930 facta
3091 3879 3236 3928 sunt.
3267 3867 3325 3922 Si
3376 3879 3508 3921 vero

1928 3977 2098 4033 Filius
2161 3991 2285 4031 cum
2335 3976 2408 4030 sit
2458 3972 2701 4028 omnium
2760 3967 2926 4033 Deus,
2978 3964 3152 4021 factus
3191 3960 3355 4015 etiam
3401 3964 3506 4021 est,

1929 4066 2095 4121 Pater
2170 4074 2350 4120 autem
2426 4063 2589 4119 etiam
2655 4059 2898 4114 omnium
2964 4053 3107 4108 Deus
3161 4060 3239 4107 est
3298 4066 3312 4104 :
3364 4054 3515 4102 certe

1929 4158 2035 4215 erit
2064 4157 2258 4223 l'actus,
2279 4154 2574 4212 secundum
2606 4150 2750 4212 illos,
2793 4149 2939 4217 quod
2990 4144 3214 4215 impium
3274 4138 3515 4211 cogitatu

1930 4261 2033 4307 εει.

2610 4356 2769 4413 ALlU
2782 4356 2840 4410 D.

2008 4483 2065 4537 Si
2097 4480 2226 4535 nihil
2260 4491 2446 4533 eorum
2478 4488 2597 4542 qua:
2630 4471 2770 4526 facta
2802 4477 2925 4525 sunt
2951 4469 3140 4523 eadem
3175 4472 3355 4534 potest
3380 4477 3519 4533 pra-

248 4566 326 4637 τῷ
352 4568 491 4639 Θεῷ,
505 4571 682 4625 πάντα
706 4572 761 4626 δὲ
783 4573 820 4627 ἃ
842 4577 991 4629 ποιεῖ
1010 4579 1038 4630 ὁ
1058 4578 1269 4652 Πατὴρ,
1286 4582 1485 4652 ὁμοίως
1510 4584 1600 4636 καὶ
1629 4586 1656 4637 ὁ
1679 4583 1814 4648 Υἱὸς

1936 4585 2083 4632 stare
2112 4586 2232 4641 qua:
2258 4570 2416 4633 Deus,
2468 4568 2649 4621 omnia
2713 4577 2844 4617 vero
2910 4575 3029 4629 quae
3085 4566 3306 4629 prastat
3330 4555 3513 4622 Pater,

249 4658 349 4711 οὐκ
382 4658 487 4728 ἄρα
505 4660 615 4715 τῶν
641 4664 950 4733 γενομένων
972 4666 1141 4721 ἐστίν.

938 4777 1141 4832 ΔΛΛΟ.

319 4881 391 4935 El.
415 4882 590 4937 πάντα
619 4884 686 4937 τὰ
716 4888 920 4957 γενητὰ
964 4888 1022 4955 es
1050 4890 1237 4961 ἑτέρου
1271 4893 1330 4944 τὸ
1360 4888 1497 4946 εἶναι
1539 4894 1671 4964 ἔχει,
1705 4894 1828 4945 πολ-

252 4971 330 5041 λῷ
368 4974 565 5043 μᾶλλον
587 4977 649 5029 τὸ
680 4978 935 5046 λέγεσθαι
988 4982 1183 5046 αὐτοὺς
1221 4984 1396 5047 θεούς.
1447 4986 1509 5037 Εἰ
1539 4982 1596 5038 δὲ
1633 4988 1832 5057 μετοχῇ

254 5064 438 5133 ἔχουσι
469 5067 529 5120 τὸ
558 5064 695 5121 εἶναι
726 5068 840 5122 θεοὶ
872 5069 965 5141 (οὐ
1003 5072 1159 5141 φύσει
1189 5074 1429 5146 δηλονότι
1450 5076 1558 5128 Osci.
1586 5076 1653 5129 τὰ
1679 5094 1839 5146 γενη-

253 5153 358 5219 τὰ)
386 5193 401 5217 ,
452 5159 563 5219 τοῖς
609 5157 648 5209 δ’
688 5160 749 5212 οὐ
793 5160 950 5227 φύσει
988 5160 1129 5224 θεοῖς
1167 5165 1492 5231 προσκυνεῖν
1525 5165 1835 5233 ἀπαγορευ-

255 5247 400 5298 τέον.
438 5248 498 5299 Εἰ
528 5249 585 5302 δὲ
616 5251 824 5315 τούτοις
856 5252 957 5323 μὲν
981 5252 1406 5322 ἀπαγορευτέον,
1434 5256 1615 5308 οὐκέτι
1644 5257 1700 5309 δὲ
1743 5256 1834 5308 καὶ

256 5337 337 5405 τῷ
364 5337 511 5407 Υίῷ,
552 5343 650 5412 οὐχ
680 5341 754 5405 ὡς
799 5343 874 5414 μὴ
930 5343 1087 5412 φύσει
1130 5346 1236 5417 ἄρα
1287 5346 1405 5415 Θεῴ
1454 5344 1741 5417 ὅπερέστὶ
1767 5346 1834 5399 τὰ

259 5434 511 5501 γεννητά.

946 5552 1147 5605 ΑΛΛΟ.

336 5654 397 5707 Εἰ
426 5654 516 5709 τὸν
550 5656 615 5709 ἐκ
642 5655 716 5726 μὴ
745 5659 912 5714 ὄντων
968 5662 1275 5732 ὐφιστῶντα
1332 5665 1515 5728 οὐσίας
1567 5665 1837 5737 ἐνεδέχετο

331 5812 381 5844 ’⁸
406 5814 426 5869 ι
454 5814 599 5871 Petr.
646 5830 705 5883 ιι,
734 5816 823 5869 22.

1936 4676 2162 4739 praestat
2184 4674 2238 4719 et
2269 4662 2439 4716 Filius
2468 4675 2482 4714 :
2517 4674 2622 4715 non
2651 4666 2736 4711 est
2760 4656 2925 4724 igitur
2950 4652 3145 4707 factus.

2612 4766 2847 4823 ALIUD.
2948 4756 2985 4794 ’⁸

2013 4892 2067 4944 Si
2096 4901 2432 4959 quacunque
2460 4884 2603 4940 facta
2647 4891 2771 4939 sunt
2825 4882 2892 4934 ab
2945 4877 3051 4933 alio
3080 4891 3199 4931 esse
3229 4888 3384 4929 suum
3424 4873 3519 4925 hac

1938 4986 2088 5048 bent,
2128 4980 2296 5035 multo
2332 4978 2501 5047 magis
2549 4978 2771 5031 deorum
2818 4971 3255 5043 appellationem.
3284 4966 3339 5020 Si
3390 4978 3519 5019 vero

1938 5090 2033 5145 per
2067 5071 2536 5143 participationem
2560 5076 2685 5123 sunt
2711 5066 3005 5134 dii(neque
3061 5061 3205 5115 enim
3254 5065 3519 5113 creatura:

1925 5175 2130 5224 .natura
2199 5172 2323 5219 sunt
2358 5162 2473 5229 dii),
2512 5168 2565 5215 et
2603 5160 2693 5229 qui
2743 5166 2933 5212 natura
2975 5156 3045 5208 dii
3083 5168 3187 5207 non
3230 5159 3375 5215 sunt,
3421 5150 3519 5202 ad-

1936 5257 2080 5312 orari
2109 5256 2493 5326 prohibentur,
2517 5251 2681 5305 Filius
2715 5260 2893 5303 autem
2920 5244 3135 5300 adorari
3162 5241 3405 5311 jubetur,
3436 5248 3524 5291 ul-

1941 5359 2065 5418 pote
2089 5358 2281 5403 natura
2310 5354 2473 5411 Deus,
2500 5345 2639 5415 quod
2679 5352 2946 5397 creaturae
3005 5354 3111 5394 non
3146 5334 3272 5393 Sunt
3304 5353 3318 5392 :
3378 5331 3522 5388 aliud

1942 5440 2106 5509 igitur
2138 5447 2216 5494 est
2240 5452 2400 5507 quam
2428 5444 2697 5491 creatura.

2614 5542 2848 5600 ALIUD.

2020 5664 2075 5721 Si
2110 5661 2361 5735 possibile
2385 5670 2550 5730 esset,
2585 5668 2643 5717 ut
2682 5662 2726 5716 is
2762 5658 2852 5729 qui
2879 5675 2946 5717 ex
2980 5654 3149 5712 nibilo
3196 5650 3529 5711 substantias
