3994 6324
506 431 610 491 503

1482 411 1538 467 S.
1578 406 1850 465 CYRILLI
1888 403 2354 462 ALEXANDRINI
2394 402 2715 458 ARCIIIEP.

3632 385 3741 446 303

508 556 628 612 qua:
657 540 794 595 facta
832 541 975 589 sunt.
1006 528 1165 598 Atqui
1206 527 1249 581 si
1308 525 1528 581 ridicula
1569 525 1666 578 fuit
1708 526 1853 593 prior
1880 532 2060 576 nostra

2185 523 2206 571 Γ
2229 521 2384 593 ἡμῶν
2413 520 2811 587 καταγέλαστος
2843 518 2870 567 6
2923 513 3184 585 πρότερος
3227 509 3359 579 βίος,
3401 507 3482 559 ὅτι
3514 505 3591 576 μὴ
3617 499 3741 558 οὖσι

511 610 640 693 tita,
690 625 830 695 quod
876 622 978 675 diis
1014 618 1102 687 qui
1144 624 1335 669 natura
1389 630 1492 667 non
1539 621 1773 677 exstant,
1817 610 2067 665 servieri—

509 734 658 783 mus;
711 726 856 769 certe
894 724 1034 766 nunc
1061 707 1230 762 multo
1269 705 1573 759 miseriores
1609 702 1820 757 censeri
1844 702 2067 755 debere-

510 825 645 874 mus,
678 807 817 875 quod
846 817 967 857 eum
994 799 1086 869 qui
1131 807 1318 852 natura
1363 797 1495 849 deus
1518 808 1621 849 non
1650 794 1738 857 sit,
1778 792 2018 848 colamus
2049 811 2059 844 :

508 900 649 970 quod
683 895 972 951 absurdum
1000 899 1097 945 est.

1168 1001 1391 1056 ALIUD.

579 1128 633 1180 Si
663 1123 799 1187 quod
830 1120 1024 1173 factum
1063 1128 1164 1177 est,
1202 1115 1471 1168 diversum
1505 1123 1587 1168 est
1618 1110 1837 1165 omnino
1871 1118 2063 1162 natura

507 1219 573 1273 ab
609 1232 673 1271 eo
701 1214 840 1282 quod
886 1209 1084 1263 factum
1136 1222 1238 1259 non
1284 1215 1384 1268 est,
1434 1220 1537 1257 non
1570 1212 1744 1273 potest
1789 1199 2067 1270 mqualiler

507 1308 648 1361 illius
672 1303 851 1372 gloria:
893 1299 1162 1367 particeps
1192 1311 1330 1349 esse.
1373 1316 1388 1344 ‹
1421 1293 1658 1348 Gloriam
1696 1292 1834 1345 enim
1869 1306 2063 1355 meam,

507 1371 700 1465 inquit,
734 1392 884 1445 alteri
928 1403 1030 1442 non
1074 1387 1210 1441 dabo
1232 1387 1298 1438 ”.
1333 1404 1351 1435 ι
1390 1386 1444 1438 Si
1477 1399 1599 1438 vero
1642 1382 1915 1451 mqualiter
1947 1371 2067 1449 par-

509 1488 678 1554 ticeps
712 1493 792 1537 est
823 1480 988 1534 Filius
1021 1477 1242 1531 veniens
1270 1476 1323 1529 in
1358 1476 1526 1544 gloria
1574 1473 1751 1527 Patris
1782 1491 1794 1527 :
1830 1487 1933 1525 non
1984 1480 2069 1525 est

507 1579 662 1647 igitur
690 1583 959 1634 creatura,
986 1572 1075 1640 qui
1108 1568 1330 1623 increati
1365 1567 1589 1635 gloriam
1624 1565 1840 1620 indutus
1878 1572 1977 1617 est.

1073 1680 1234 1749 130
1274 1676 1500 1732 ALIUD.

579 1798 759 1852 Sacra:
814 1794 1107 1862 Scriptura!
1142 1790 1333 1844 Filium
1383 1802 1563 1841 verum
1614 1786 1776 1838 Deum
1826 1795 2064 1839 vocant:

2168 615 2328 683 φύσει
2368 615 2509 677 θεοῖς
2538 609 2949 677 ἐδουλεύσαμεν,
2979 604 3159 673 πολλῷ
3214 600 3412 671 μᾶλλον
3446 596 3541 651 νῦν
3571 599 3743 665 ἐσμεν

2167 704 2504 774 ἀθλιώτεροι,
2532 699 2609 769 τῷ
2640 699 2715 769 μὴ
2742 696 2897 764 φύσει
2948 694 3054 762 θεῷ
3104 691 3466 762 προσάγοντες
3514 685 3613 754 τὴν
3646 684 3744 736 λα-

2168 797 2371 869 τρείαν·
2411 794 2573 865 φεῦγε
2607 793 2664 845 τὸ
2693 792 2906 845 ἄτοπον.

2845 994 3045 1046 ΑΛΛΟ.

2238 1116 2299 1167 EI
2324 1115 2428 1165 πᾶν
2457 1114 2517 1164 τὸ
2537 1111 2761 1180 γενητὸν
2790 1109 2975 1178 ἕτερόν
3006 1107 3119 1157 ἐστι
3152 1104 3328 1172 πάντη
3350 1100 3443 1154 τοῦ
3470 1099 3742 1167 ἀγενήτου

2167 1207 2306 1261 κατά
2330 1207 2427 1275 τὴν
2462 1204 2642 1273 φύσιν,
2672 1204 2732 1255 οὐ
2754 1202 2976 1254 δύναται
3000 1196 3096 1266 τῆς
3130 1195 3340 1248 ἐκείνου
3366 1192 3523 1261 δόξης
3554 1190 3741 1259 ἰσομέ-

2166 1315 2307 1368 τρως
2342 1299 2635 1349 κοινωνεῖν.
2671 1314 2687 1343 ι
2718 1293 2824 1361 Τὴν
2854 1292 2960 1359 γάρ
2989 1289 3143 1351 δόξαν
3191 1304 3313 1357 μου,
3352 1285 3513 1353 φησιν
3542 1282 3741 1347 όΘεὸς,

2168 1388 2336 1456 ἑτέρῳ
2364 1386 2424 1438 οὐ
2456 1383 2629 1438 δώσω.
2663 1404 2679 1434 ι
2726 1384 2787 1434 EI
2817 1382 2873 1434 δὲ
2927 1381 3170 1431 κοινωνεῖ
3200 1380 3228 1429 6
3263 1376 3389 1437 Υἱὸς
3446 1373 3744 1443 ἐρχόμενος

2168 1477 2225 1527 ὲν
2253 1478 2317 1546 τῇ
2358 1473 2482 1543 δόξῃ
2510 1472 2603 1524 τοῦ
2636 1470 2865 1542 Πατρὸς,
2902 1469 3000 1520 οὐκ
3030 1468 3137 1537 ἄρα
3171 1465 3376 1535 κτίσμα
3420 1466 3568 1516 ἐστὶν
3593 1465 3621 1514 6
3648 1462 3745 1529 τὴν

2167 1566 2257 1620 τοῦ
2290 1566 2545 1619 ἀκτίστον
2567 1563 2724 1625 δόξαν
2747 1558 3139 1630 ἠμφιεσμένος.

2856 1674 3057 1725 ΑΛΛΟ.

2239 1790 2368 1843 Θεὸν
2390 1788 2641 1859 ἀληθινὸν
2687 1784 3053 1839 ἀποκαλοῦσιν
3102 1783 3156 1836 αἱ
3208 1780 3347 1833 θεῖαι
3398 1774 3615 1848 Γραφαὶ
3658 1775 3745 1827 τὸν

512 1901 673 1959 atque
721 1888 792 1941 ita
842 1886 1132 1939 credimus.
1180 1881 1233 1934 Si
1270 1895 1394 1934 vero
1425 1879 1679 1947 quidquid
1724 1877 1919 1931 factum
1962 1886 2064 1942 est,

2185 1881 2319 1946 Γὶὸν,
2347 1882 2439 1932 και
2469 1880 2608 1932 οὕτω
2643 1877 2989 1945 πιστεύομεν.
3018 1876 3076 1926 Εἰ
3109 1873 3165 1925 δὲ
3197 1873 3303 1924 πᾶν
3348 1870 3409 1921 τὸ
3446 1868 3744 1934 γενόμενον

508 1994 694 2035 recens
720 1987 797 2032 est
830 1984 1074 2045 respectu
1101 1972 1322 2027 increati
1346 1987 1358 2033 ;
1389 1984 1562 2037 neque
1589 1984 1682 2037 par
1710 1979 1791 2022 est
1822 1980 1878 2021 ut
1904 1969 2067 2021 Deum

508 2079 782 2127 recentem
833 2082 895 2123 ac
954 2080 1147 2119 novum
1185 2062 1465 2115 colamus:
1500 2075 1602 2113 non
1658 2068 1740 2113 est
1782 2060 1943 2125 igitur
1983 2058 2071 2110 Fi-

507 2163 612 2217 lius
646 2162 784 2215 Deus
815 2172 1020 2223 recens,
1070 2154 1272 2223 quippe
1305 2150 1396 2220 qui
1440 2158 1520 2205 est
1564 2151 1613 2205 id
1655 2150 1794 2219 quod
1829 2158 2067 2205 creatum

508 2268 613 2309 non
646 2263 749 2308 εει.

1176 2354 1403 2410 ALIUD.

580 2476 637 2533 Si
668 2474 808 2545 quod
846 2481 1085 2529 creatum
1130 2478 1235 2534 est,
1268 2469 1538 2523 diversum
1568 2466 1723 2535 plane
1768 2476 1851 2520 est
1882 2468 1947 2521 ab
1991 2467 2069 2521 in-

506 2573 710 2626 creato,
754 2561 967 2616 adorari
1026 2574 1131 2614 non
1178 2558 1359 2613 debet.
1411 2556 1600 2615 Divino
1634 2556 1775 2609 enim
1804 2566 2068 2625 praecepto

509 2659 610 2711 huc
638 2654 863 2709 vetitum
910 2661 1011 2705 est.
1061 2650 1117 2704 Si
1158 2663 1283 2704 vero
1312 2647 1505 2702 Filium
1531 2646 1780 2715 jubemur
1818 2649 2065 2711 adorare,

510 2760 615 2799 non
649 2753 825 2797 autem
862 2742 1023 2795 alium
1064 2741 1240 2803 deum,
1274 2738 1365 2808 qui
1398 2737 1466 2791 sit
1497 2747 1710 2793 creatus
1747 2756 1758 2791 :
1796 2737 2068 2794 increatus

509 2836 672 2906 igitur
698 2846 780 2891 εει
803 2833 989 2888 Filius.

1170 2939 1399 2997 ALIUD.

578 3056 635 3111 Si
665 3053 922 3124 quidquid
952 3052 1153 3107 factum
1198 3059 1299 3117 est,
1352 3064 1563 3106 servum
1610 3062 1691 3106 est
1724 3052 1862 3120 ejus,
1895 3067 1921 3104 a
1966 3066 2070 3122 quo

507 3148 712 3204 factum
746 3155 828 3201 est
856 3162 870 3201 :
898 3143 1230 3212 impossibile
1261 3143 1423 3212 igitur
1458 3142 1529 3197 illi
1558 3152 1638 3197 est
1664 3143 1965 3197 libertatem
1992 3143 2067 3197 al-

510 3239 609 3295 teri
639 3234 886 3292 conl‘erre
917 3248 1075 3304 quam
1112 3247 1216 3287 non
1257 3232 1437 3287 habet.
1472 3232 1528 3287 Si
1563 3243 1739 3287 autem
1780 3248 1895 3287 eam
1936 3250 2065 3289 con-

514 3330 614 3385 fert
637 3328 828 3389 Filius,
856 3338 1041 3380 servus
1068 3324 1250 3391 itaque
1284 3338 1391 3378 non
1424 3332 1526 3389 est,
1561 3325 1653 3377 sed
1682 3324 1858 3392 potius
1889 3324 2071 3378 Domi-

514 3435 615 3474 nus
640 3431 691 3474 et
721 3420 877 3471 Deus.

1174 3526 1395 3581 ALIUD.

580 3641 637 3697 Si
669 3641 844 3695 omnis
876 3647 1123 3694 creatura
1173 3637 1274 3692 sub
1312 3645 1502 3690 natura
1530 3637 1832 3691 consistens
1867 3646 2071 3691 natura

509 3731 608 3799 illi,
638 3732 738 3786 sub
766 3744 869 3798 qua
904 3742 987 3783 est
1033 3738 1087 3783 et
1120 3727 1258 3783 facta
1297 3735 1403 3793 est,
1436 3728 1624 3790 servit,
1678 3729 1849 3783 deitas
1890 3739 2067 3784 autem

511 3823 677 3878 libera
717 3828 817 3884 est,
856 3820 1110 3887 omnique
1142 3818 1373 3873 naturali
1422 3819 1746 3874 necessitate
1781 3820 2065 3888 superior:

512 3910 853 3965 manifestum
907 3918 991 3963 est
1042 3909 1208 3963 Deum
1247 3923 1350 3963 non
1400 3909 1601 3963 seryire
1657 3919 1880 3964 naturae.
1935 3909 2068 3964 Cum

508 4015 635 4057 vero
665 4000 832 4056 Filius
878 4001 948 4054 sit
992 4002 1155 4064 Deus,
1208 4010 1353 4053 certe
1402 4007 1605 4052 natura:
1644 3999 1915 4068 subjectus
1962 4015 2070 4055 non

505 4088 630 4155 erit,
672 4088 813 4158 quod
860 4089 1129 4142 creaturis
1170 4086 1442 4155 proprium
1488 4095 1589 4140 est.
1636 4089 1703 4140 At
1737 4088 1827 4156 qui
1872 4102 2069 4159 cogna-

506 4178 653 4233 tione
680 4177 910 4232 naturali
956 4191 984 4229 a
1020 4184 1271 4231 creatura
1316 4172 1513 4239 diﬂ‘ert,
1543 4188 1647 4243 quo
1679 4183 1833 4243 pacto
1863 4190 1969 4231 non
1999 4176 2070 4231 sit

508 4266 735 4322 diversa:
767 4265 832 4318 ab
868 4278 929 4318 ea
964 4264 1205 4319 naturae?

1167 4391 1393 4450 ALIUD.

582 4508 639 4563 Si
673 4506 814 4562 nulla
849 4513 1098 4560 creatura
1139 4505 1458 4561 naturaliter
1487 4504 1837 4575 perfecteque
1864 4503 1975 4560 Deo
2006 4519 2070 4560 ac

509 4598 658 4653 Patri
694 4596 884 4650 similis
911 4606 1016 4659 est,
1052 4597 1245 4651 similis
1276 4605 1453 4651 autem
1485 4604 1569 4652 est
1596 4595 1788 4662 Filius,
1836 4599 1969 4652 adeo
2012 4608 2070 4657 ut

508 4688 601 4755 qui
656 4702 776 4739 eum
826 4684 1025 4748 videat,
1078 4684 1293 4738 Patrem
1351 4685 1576 4740 videat:
1619 4699 1726 4739 non
1772 4696 1856 4741 est
1910 4687 2072 4757 igitur

508 4784 778 4839 creatura,
814 4776 904 4842 qui
947 4775 1239 4843 perfectam
1274 4775 1680 4845 absolutamque
1714 4775 1887 4832 Patris
1919 4778 2070 4832 simi-

512 4865 787 4922 Iitudinem
817 4874 1008 4935 gestat.

1170 4977 1401 5034 ALIUD.

578 5096 638 5154 Si
686 5108 871 5151 omnes
913 5100 1173 5147 creaturae
1234 5089 1342 5145 Deo
1394 5090 1669 5157 serviunt,
1724 5107 1830 5149 non
1884 5103 2063 5148 autem

506 5196 636 5246 sunt
672 5187 899 5243 dominae
942 5184 1143 5256 gloriae,
1192 5180 1358 5238 Filius
1388 5198 1514 5239 vero
1536 5197 1640 5238 non
1681 5184 1774 5250 ita,
1814 5186 1907 5241 sed
1957 5186 2062 5240 Do-

503 5280 685 5336 minus
711 5278 894 5349 gloriae
914 5277 993 5331 ’δι
1027 5291 1133 5331 non
1169 5284 1251 5331 est
1289 5276 1449 5347 igitur
1485 5285 1754 5333 creatura.

1164 5384 1393 5443 ALIUD.

571 5499 912 5574 Siquidquid
937 5515 1003 5556 ex
1030 5500 1196 5555 nihilo
1228 5500 1293 5554 ad
1327 5513 1446 5557 esse
1481 5503 1784 5558 traductum
1816 5513 1916 5572 est,
1946 5506 2060 5560 ﬁeri

503 5599 679 5667 potest
710 5603 769 5647 ut
797 5593 989 5647 iterum
1024 5593 1079 5647 in
1106 5593 1331 5648 nihilum
1364 5593 1659 5665 redigatur,
1714 5597 1822 5655 hoc
1848 5613 1977 5657 vero
2008 5601 2061 5658 in

573 5771 620 5805 ⁸³
648 5768 753 5827 In.
780 5784 909 5839 xm,
943 5772 994 5829 8.
1069 5772 1118 5807 “
1158 5771 1322 5830 ICor.
1353 5787 1413 5839 ιι,
1440 5772 1494 5828 8.

2173 1972 2481 2043 πρόσφατόν
2513 1973 2659 2023 ἐστιν
2688 1970 2760 2031 ὡς
2782 1969 2917 2037 πρὸς
2975 1967 3034 2019 τὸ
3064 1966 3346 2034 ἀγένητον*
3381 1961 3477 2029 οὐχ
3508 1960 3655 2011 ὅσιον
3686 1954 3743 2007 δὲ

2170 2060 2306 2117 εἶναι
2339 2062 2472 2116 Θεὸν
2494 2062 2805 2133 πρόσφατον
2836 2062 2891 2112 ὲν
2916 2059 3067 2128 ἡμῖν,
3114 2057 3214 2109 οὐκ
3259 2054 3412 2109 ἔσται
3452 2051 3561 2119 ἄρα
3610 2046 3740 2108 Θεδς

2170 2154 2476 2227 πρόσφατος
2510 2154 2537 2204 6
2560 2151 2703 2218 Υἱὸς,
2734 2152 2870 2219 ὅπερ
2900 2149 3013 2200 ἐστι
3050 2146 3109 2198 τὸ
3152 2143 3430 2213 ἀγένητον.

2850 2354 3052 2407 ΑΔΛΟ.

2239 2470 2301 2523 El
2324 2469 2384 2523 τὸ
2423 2468 2645 2537 γενητὸν
2680 2465 2905 2520 καθόλου
2940 2461 3125 2531 ἕτερόν
3155 2460 3268 2511 ἐστι
3318 2454 3409 2509 τοῦ
3436 2456 3698 2524 ἀγενήτου
3723 2492 3740 2515 ,

2168 2561 2229 2614 οὐ
2266 2558 2521 2629 δεῖαύτῷ
2551 2557 2895 2628 προσκυνεῖν.
2945 2552 3313 2623 Ἀπηγόρευσε
3354 2547 3461 2617 γὰρ
3501 2544 3659 2599 τοῦτο
3685 2545 3744 2597 τὸ

2169 2654 2310 2708 θεῖον
2344 2652 2541 2719 λόγιον.
2588 2651 2649 2702 Εἰ
2682 2649 2738 2701 δὲ
2790 2647 2868 2717 τῷ
2916 2645 3028 2714 ra;
3081 2639 3537 2714 προστασσόμεθα
3578 2652 3741 2705 προσ-

2169 2742 2371 2805 κυνεῖν,
2400 2740 2499 2792 οὺκ
2527 2736 2606 2791 ἔτι
2633 2736 2688 2790 δὲ
2720 2736 2814 2788 καὶ
2846 2738 3016 2805 ἑτέρῳ
3047 2732 3183 2803 Θεῷ,
3241 2732 3378 2800 ὅπερ
3410 2728 3526 2781 ἐστὶ
3562 2727 3622 2780 τὸ
3649 2741 3742 2794 γε-

2169 2830 2343 2902 νητόν·
2369 2830 2426 2883 οὐ
2456 2828 2679 2898 γενητὸς
2703 2826 2810 2896 ἄρα
2838 2829 2866 2879 6
2892 2826 3037 2887 Υἱός.

2852 2938 3055 2991 ΑΛΛΟ.

2239 3061 2301 3114 Εἰ
2333 3061 2440 3112 πᾶν
2464 3058 2524 3111 τὸ
2546 3032 2835 3126 γενόμενον
2861 3052 3046 3107 δοῦλόν
3077 3052 3189 3103 ἐστι
3226 3048 3320 3101 τοῦ
3352 3047 3742 3115 πεποιηκότος,

2172 3154 2446 3213 ἀδυνάτως
2474 3150 2578 3220 ἄρα
2622 3148 2731 3217 ἔχει
2771 3146 2941 3214 ἑτέρῳ
2992 3143 3091 3212 τὴν
3145 3139 3455 3211 ἐλευθερίαν
3497 3138 3743 3209 ὀρέγειν,

2170 3236 2236 3311 ἦς
2265 3242 2398 3293 αὐτὸ
2435 3240 2533 3293 οὐκ
2562 3237 2768 3307 ἔτυχεν.
2828 3237 2891 3288 Εἰ
2916 3234 2972 3287 δὲ
3026 3232 3255 3303 παρέχει
3284 3235 3310 3285 6
3344 3231 3489 3296 Υἱὸς,
3513 3231 3614 3301 οὐχ
3669 3228 3741 3291 ὡς

2171 3332 2351 3394 δοῦλος
2378 3330 2636 3401 δηλονότι,
2661 3329 2863 3398 Κύριος
2886 3327 2941 3378 δὲ
2968 3325 3165 3395 μᾶλλον
3197 3324 3291 3378 καὶ
3323 3323 3473 3385 Θεός.

2870 3522 3073 3575 AAAO.

2240 3641 2478 3695 Εῑπᾶσα
2504 3642 2538 3710 ἡ
2574 3637 2748 3699 κτίσις
2803 3636 2906 3689 ὑπὸ
2960 3636 3121 3704 φύσιν
3149 3628 3283 3687 οὖσα
3321 3638 3387 3705 τῇ
3424 3634 3582 3703 φύσει
3622 3637 3743 3690 δου-

2168 3734 2314 3789 λεύει
2352 3732 2441 3800 ὑφ’
2476 3731 2543 3801 ἢν
2567 3730 2658 3783 καὶ
2687 3728 2997 3797 πεποίηται.
3058 3725 3343 3797 ἐλεύθερον
3380 3727 3437 3779 δὲ
3470 3727 3647 3797 πάντη
3685 3728 3747 3781 τὸ

2169 3823 2310 3877 θεῖον
2340 3821 2434 3873 καὶ
2466 3820 2708 3889 κρεῖττον
2734 3815 2979 3884 ἀνάγκης
3032 3816 3290 3883 φυσικῆς,
3352 3813 3507 3883 δῆλον
3559 3814 3635 3880 ὡς
3683 3817 3747 3869 οὐ

2169 3910 2487 3964 δεδούλωται
2520 3906 2675 3975 φύσει
2711 3905 2863 3965 Θεός.
2907 3904 3059 3956 Ἐπεὶ
3110 3903 3166 3955 δὲ
3218 3903 3351 3965 Θεὸς
3392 3904 3419 3955 6
3462 3903 3611 3971 Υἱὸς,
3648 3906 3748 3959 οὐκ

2172 3998 2326 4053 ἔσται
2351 3998 2457 4069 ἀρα
2477 3997 2581 4050 ὑπὸ
2609 3997 2793 4066 φύσιν.
2823 3995 2959 4066 ὅπερ
2986 3994 3096 4047 τῶν
3139 3994 3441 4063 γεγονότων
3476 3994 3625 4047 ἐστιν
3670 3998 3747 4049 ol-

2170 4092 2338 4146 κεῖον.
2383 4091 2440 4143 Ὀ
2468 4089 2525 4143 δὲ
2545 4090 2641 4160 τῆς
2662 4087 2797 4158 πρὸς
2820 4087 2917 4157 τὴν
2954 4086 3127 4139 κτίσιν
3158 4086 3474 4157 όμογενείας
3500 4087 3743 4156 φυσικῶς

2168 4179 2574 4250 ἀπῳκισμένος,
2621 4176 2737 4240 πῶς
2770 4176 2871 4230 οὐκ
2917 4175 2984 4228 ἂν
3048 4175 3134 4247 εἴη
3170 4176 3301 4247 παρ’
3331 4176 3501 4247 αὐτὴν
3554 4178 3744 4249 ἑτερο-

2170 4272 2311 4341 qaut};
2331 4287 2390 4324 τε
2416 4270 2509 4325 καὶ
2539 4267 2684 4335 ξένος
2709 4285 2723 4334 ;

2853 4403 3059 4457 ΑΛΛΟ.

2213 4514 2305 4599 ,Εἰ
2329 4515 2495 4586 μηδὲν
2520 4514 2630 4569 τῶν
2662 4516 2719 4570 ὲν
2756 4517 2821 4587 τῇ
2856 4516 3030 4568 κτίσει
3071 4514 3316 4583 φυσικῶς
3354 4517 3738 4588 ἀπηκρίϐωται

2172 4607 2309 4679 πρὸς
2341 4607 2437 4680 τὴν
2462 4608 2551 4663 τοῦ
2576 4608 2711 4664 Θεοῦ
2746 4609 2839 4662 καὶ
2862 4608 3075 4679 Πατρὸς
3113 4607 3431 4678 ὁμοιότητα,
3477 4612 3660 4679 ὅμοιος
3686 4613 3743 4663 δὲ

2171 4704 2199 4755 6
2230 4701 2378 4765 Υἱὸς,
2407 4700 2483 4764 ὡς
2510 4701 2601 4755 τὸν
2632 4701 2843 4771 ὁρῶντα
2872 4698 3054 4764 αὑτὸν,
3083 4698 3174 4751 τὸν
3214 4698 3431 4769 Πατέρα
3460 4702 3611 4770 όρᾷν,
3642 4702 3741 4755 οὐκ

2170 4793 2276 4864 ἄρα
2306 4791 2514 4862 κτίσμα
2554 4792 2583 4843 6
2635 4791 2731 4862 τὴν
2778 4790 2985 4843 ἐκείνου
3048 4789 3527 4861 ἀπηκριϐωμένως
3560 4792 3741 4865 φέρων

2168 4877 2475 4955 ὁμοιότητα.

2854 4993 3056 5047 ΑΛΛΟ.

2238 5106 2302 5159 EI
2332 5105 2508 5160 πάντα
2535 5103 2600 5158 τὰ
2622 5103 2892 5175 κτίσματα
2918 5104 3079 5157 δοῦλα
3099 5100 3193 5157 τοῦ
3224 5104 3382 5170 Θεοῦ,
3419 5105 3533 5159 ἀλλ’
3550 5106 3610 5160 οὑ
3640 5107 3741 5161 κύ·

2172 5216 2260 5268 ρια
2289 5198 2387 5268 τῆς
2411 5197 2585 5268 δόξης,
2618 5198 2798 5251 οὐκέτι
2826 5198 2881 5250 δὲ
2908 5199 2935 5251 ό
2969 5198 3111 5260 Υἱός·
3151 5201 3250 5271 τῆς
3287 5200 3395 5270 γὰρ
3426 5198 3584 5271 δόξης
3627 5200 3740 5255 K6-

2168 5303 2299 5357 ριος·
2334 5287 2436 5340 οὐκ
2466 5287 2575 5358 ἀρα
2604 5287 2802 5357 κτίσμα
2832 5287 3109 5357 τυγχάνει.

2844 5399 3046 5451 ΑΛΛΟ.

2238 5512 2299 5565 Εἰ
2333 5512 2441 5565 πᾶν
2468 5509 2528 5563 τὸ
2549 5512 2610 5563 ὲκ
2632 5510 2722 5564 τοῦ
2747 5510 2822 5584 μὴ
2850 5511 3001 5575 δντος
3027 5513 3105 5575 εἰς
3125 5511 3187 5565 τὸ
3215 5506 3352 5567 εἷναι
3383 5514 3739 5586 παρενεχθὲν,

2166 5596 2320 5667 αὖθις
2344 5601 2612 5673 ἐνδέχεται
2647 5605 2741 5659 καὶ
2767 5604 2845 5669 εἰς
2867 5603 2927 5658 τὸ
2955 5604 3029 5677 μὴ
3078 5602 3138 5659 ὃν
3165 5605 3434 5677 χωρῆσαι,
3481 5606 3582 5661 οὐκ
3622 5606 3739 5663 εστι
