3994 6324
235 442 336 501 305

1608 434 2049 494 THESAURUS.

3383 414 3489 473 500

232 560 285 613 δὲ
311 559 465 615 τοῦτο
492 558 839 629 ἐνδεχόμενον
897 555 990 609 ἐπὶ
1033 553 1127 608 τοῦ
1190 550 1343 614 Υἱοῦ,
1385 551 1544 621 εἴπερ
1600 549 1814 618 ἀληθῶς

1954 545 2112 601 'ilium
2148 544 2343 598 cadere
2378 554 2484 595 non
2516 544 2713 607 potest,
2748 533 3015 604 siquidem
3046 543 3175 585 vere
3203 536 3286 583 est
3309 524 3487 581 Deus:

234 652 343 703 ἔστι
377 651 533 714 Θεὸς,
566 651 665 702 οὐκ
694 648 800 719 ἄρα
828 651 891 701 ὲκ
931 646 1024 699 τοῦ
1058 645 1131 716 μὴ
1156 645 1306 707 (mo;
1354 646 1383 697 6
1426 643 1573 708 Υἱὸς,
1608 641 1720 695 ἀλλ’
1744 643 1805 693 ὲκ

233 741 321 796 τοῦ
358 742 529 804 ὄντως
553 740 765 809 Πατρὸς
788 738 1030 809 γενητός.

910 849 1113 901 AAAO.

301 964 363 1019 EI
399 965 713 1035 κτισμάτων
737 963 864 1017 [διον
897 962 959 1016 τὸ
987 960 1245 1015 δύνασθαι
1301 956 1659 1029 ἁμαρτάνειν,
1712 955 1811 1007 οὐκ

233 1057 309 1109 ἔτι
339 1055 395 1108 δὲ
425 1058 517 1109 καὶ
541 1055 635 1108 τοῦ
669 1053 826 1118 Υξοῦ,
853 1054 953 1107 οὐκ
985 1052 1091 1124 ἄρα
1120 1053 1328 1121 κτίσμα
1355 1048 1634 1118 τυγχάνει.

919 1164 1123 1217 ΔΛΛΟ.

300 1277 364 1329 El
390 1275 557 1347 μηδὲν
612 1276 721 1329 τῶν
766 1275 1067 1344 γεγονότων
1126 1275 1407 1346 ἀνεδείχθη
1452 1275 1582 1328 ποτὲ
1639 1276 1702 1327 ὲκ
1741 1271 1815 1343 μὴ

231 1365 401 1419 ὄντων
434 1364 623 1420 ποιοῦν
648 1365 861 1429 οὐσίας,
898 1368 1043 1419 ποιεῖ
1085 1365 1142 1419 δὲ
1181 1367 1209 1419 6
1245 1364 1390 1429 Υἱὸς,
1424 1364 1541 1428 πῶς
1569 1364 1677 1418 τῶν
1724 1379 1815 1430 γε·

234 1457 469 1525 γονάτων
504 1457 684 1522 tactv;

940 1568 1144 1624 AAAO.

304 1680 370 1733 El
405 1682 515 1734 πᾶν
546 1681 607 1735 τὸ
629 1682 855 1751 γενητὸν
878 1682 1063 1752 ὅμοιον
1089 1681 1166 1744 ὼς
1198 1680 1337 1749 πρὸς
1372 1679 1532 1733 ἑαυτὸ
1561 1677 1702 1731 κατὰ
1728 1678 1818 1730 τὸν

238 1771 330 1826 τοῦ
370 1772 703 1842 πεποιῆσθαι
735 1772 911 1842 λόγον,
964 1773 1059 1827 καὶ
1114 1771 1268 1825 οὐδὲν
1310 1771 1523 1834 οὐδενὸς
1570 1770 1818 1839 διαφέρει

240 1862 374 1917 καθὸ
406 1864 627 1932 γὲγονεν
654 1865 904 1919 ἕκαστον·
939 1865 1054 1919 ἔστι
1091 1864 1147 1917 δὲ
1195 1863 1421 1934 γενητὸς
1450 1863 1544 1916 καὶ
1584 1864 1611 1915 6
1655 1862 1815 1925 Υἱὸς,

240 1954 449 2016 οὐδενὸς
474 1955 583 2026 ἄρα
606 1956 757 2009 ἔσται
788 1957 1064 2028 διαφέρων
1158 1956 1253 2009 καὶ
1287 1933 1449 2017 αὐτὸς
1481 1952 1722 2021 γέγονεν.
1757 1953 1817 2004 Et
1852 1933 1891 1962 υ
1923 1933 1973 1986 in
2003 1947 2072 1985 9“

239 2047 294 2100 δὲ
333 2047 556 2101 πάντων
576 2048 690 2101 τῶν
722 2048 967 2119 γενητῶν
996 2048 1139 2102 κατὰ
1169 2049 1346 2101 πάντα
1373 2045 1641 2117 διαφέρει,
1663 2045 1820 2113 δῆλον

240 2138 318 2192 ὅτι
343 2138 440 2192 καὶ
470 2138 611 2192 κατὰ
639 2138 730 2191 τὸν
756 2139 855 2209 τῆς
878 2140 1148 2207 γενέσεως
1173 2138 1375 2209 τρόπον
1394 2177 1407 2201 ,
1438 2138 1573 2205 ὅπερ
1610 2134 1726 2187 ἐστὶ
1762 2134 1823 2186 τὸ

243 2228 316 2298 μὴ
336 2228 613 2295 γενέσθαι.
642 2229 798 2282 Οὕτω
830 2228 939 2298 γὰρ
967 2227 1156 2281 διοίσει
1178 2227 1284 2281 τῶν
1322 2227 1638 2296 γεγονότων.
1676 2227 1738 2278 Ei
1766 2224 1822 2277 δὲ

240 2315 416 2383 τοῦτο,
449 2318 564 2381 πῶς
601 2319 660 2372 οὐ
694 2318 867 2383 Θεός;

931 2412 1136 2465 ΔΛΛΟ.

310 2516 376 2571 Ei
408 2519 557 2572 πᾶσα
585 2519 617 2589 ἠ
642 2521 821 2583 κτίσις
846 2522 903 2575 ὲν
923 2520 1250 2592 διαστήματι
1298 2522 1417 2592 ἢτοι
1466 2521 1641 2591 χρόνῳ
1668 2519 1826 2587 γέγο-

240 2626 351 2673 νεν,
379 2610 531 2665 οὐδὲν
558 2610 616 2668 δὲ
646 2610 852 2665 τούτων
886 2612 1259 2683 προλαμϐάνει
1284 2611 1526 2683 τὴνΥἱοῦ
1548 2612 1822 2681 γέννησιν,

240 2703 339 2758 οὐκ
368 2703 474 2773 ἄρα
503 2704 725 2772 γέγονεν
746 2704 930 2768 αὐτός.
954 2706 1018 2758 El
1044 2705 1099 2759 δὲ
1141 2704 1584 2775 προλαμϐάνεται
1602 2704 1823 2770 διαστή-

244 2812 374 2865 ματι
408 2795 645 2866 χρονικῷ
671 2814 730 2849 τε
772 2800 867 2850 καὶ
898 2797 1131 2869 γενητῷ,
1163 2798 1282 2862 πῶς
1331 2800 1549 2852 πάντων
1584 2798 1699 2849 ἐστι
1729 2798 1826 2867 δη-

245 2887 527 2957 μιουργὸς,
557 2887 889 2958 διαστήματι
935 2889 1453 2960 προλαμϐανόμενος
1492 2889 1737 2958 γενητῷς
1764 2888 1826 2940 Εἰ

242 2975 286 3029 δ’
318 2977 584 3047 ἀγένητον
610 2979 692 3049 εῐη
722 2978 881 3033 τοῦτο
910 2980 971 3033 τὸ
1001 2980 1295 3051 διάστημα,
1327 2980 1651 3050 συνάμιλλον
1674 2979 1828 3049 εὑρή-

245 3082 329 3122 σει
368 3068 500 3155 Θερς
527 3068 628 3139 τῆς
655 3071 849 3124 ἑαυτοῦ
871 3073 1166 3143 ἀγενησίας
1220 3074 1283 3125 τὸ
1338 3073 1633 3143 διάστημα.
1676 3072 1739 3124 El
1770 3071 1826 3123 δὲ

246 3159 387 3230 μήτε
424 3160 589 3230 ῥοπὴ.
648 3162 784 3232 μήτε
813 3162 1106 3234 διάστημα,
1159 3164 1296 3234 μήτε
1334 3162 1462 3217 ἄλλο
1484 3162 1538 3216 τί
1571 3165 1687 3215 ἐστι
1723 3163 1828 3232 πρὸ

1914 652 2022 690 non
2056 635 2219 705 igitur
2255 646 2322 687 ex
2355 629 2524 685 nihilo
2551 628 2731 683 factus
2777 638 2863 679 est
2911 621 3101 683 Filius,
3132 617 3226 673 sed
3258 630 3327 670 ex
3360 627 3492 669 vero

1913 729 2073 783 Patre
2102 725 2338 797 genitus.

2583 830 2809 889 ALIUD.

1984 950 2041 1006 Si
2082 949 2359 1019 proprium
2407 943 2672 1001 creaturis
2724 950 2807 997 est
2846 952 3097 1010 peccare,
3140 932 3263 990 Filii
3312 939 3493 988 autem

1916 1056 2262 1115 nequaquam
2283 1039 2329 1071 "
2356 1055 2371 1093 :
2417 1053 2523 1093 non
2548 1037 2710 1107 igitur
2728 1043 2810 1089 est
2838 1040 3110 1087 creatura.

2592 1147 2821 1203 ALIUD.

1991 1250 2049 1305 Si
2082 1247 2216 1304 nihil
2246 1260 2311 1301 ex
2344 1245 2411 1300 iis
2438 1257 2560 1313 qua:
2586 1146 2907 1302 salsam,
2946 1233 3105 1305 181
3135 1226 3498 1287 substantiam

1918 1358 1981 1399 ex
2027 1340 2195 1395 nihilo
2246 1350 2435 1393 creare
2471 1334 2661 1404 possit,
2710 1337 2891 1401 potest
2933 1336 3113 1381 autem
3142 1322 3357 1377 Filius:
3391 1332 3501 1389 quo

1921 1441 2079 1502 pacto
2110 1444 2174 1485 ex
2205 1441 2392 1483 eorum
2430 1436 2655 1479 numero
2689 1422 2819 1485 erit,
2846 1432 2967 1489 qua:
2999 1416 3139 1471 facta
3164 1411 3333 1470 sunt?

2596 1529 2754 1587 ALIU
2766 1529 2826 1585 D.

1993 1656 2051 1711 Si
2092 1654 2274 1711 omnia
2330 1658 2515 1707 creata
2572 1647 2769 1702 similia
2826 1642 2929 1699 sibi
2979 1648 3106 1695 sunt
3158 1636 3211 1691 in
3270 1648 3335 1689 eo
3359 1629 3504 1701 quod

1922 1757 2103 1803 creata
2138 1752 2287 1807 sunt,
2313 1741 2566 1809 nullaque
2596 1743 2844 1792 creatura
2878 1731 2947 1785 ab
2977 1728 3081 1783 alia
3115 1722 3380 1781 dilfertea
3412 1733 3503 1773 ra-

1931 1840 2081 1894 tione
2098 1851 2203 1905 qua
2232 1834 2385 1890 factae
2415 1839 2561 1895 sunt,
2605 1828 2780 1882 factus
2831 1831 3012 1879 autem
3070 1827 3157 1875 est
3185 1824 3240 1872 et
3281 1811 3453 1868 Filius
3486 1826 3503 1863 :

2080 1901 2145 1982 lla
2178 1929 2359 1996 itaque
2397 1938 2456 1978 re
2486 1921 2719 1984 dilieret,
2752 1917 2877 1987 quia
2910 1923 2965 1971 et
2987 1914 3103 1982 ipse
3131 1909 3309 1964 factus
3324 1913 3430 1960 est.
3444 1901 3505 1957 Si

1923 2038 2051 2078 vero
2070 2020 2138 2076 ab
2153 1994 2404 2075 omnibus
2425 2013 2620 2070 creatis
2636 2026 2729 2081 per
2745 2007 2925 2064 omnia
2943 2004 3121 2060 diﬂ‘ert
3140 2018 3153 2056 :
3170 2006 3319 2057 certe
3338 1994 3500 2051 etiam

1921 2111 2287 2182 generationis
2312 2106 2490 2170 modo,
2521 2105 2776 2158 nimirum
2811 2098 2955 2169 quod
3016 2093 3191 2149 lactus
3255 2103 3363 2144 non
3410 2084 3505 2139 sit.

1922 2174 2002 2259 Ita
2035 2202 2179 2257 enim
2201 2198 2409 2255 dill‘eret
2431 2212 2460 2250 τι
2484 2194 2700 2252 creatis.
2725 2191 2879 2257 Quod
2908 2189 2953 2245 si
2978 2188 3050 2242 ita
3075 2192 3158 2241 est
3187 2200 3199 2236 :
3229 2174 3504 2251 quomodo

1923 2312 2031 2352 non
2057 2296 2131 2351 sit
2156 2292 2337 2350 Deus?

2599 2378 2831 2435 ALIUD.

1999 2504 2055 2561 Si
2102 2504 2283 2559 omnis
2316 2510 2569 2557 creatura
2600 2497 2650 2549 in
2708 2493 2885 2564 spatio
2922 2489 3039 2546 sive
3066 2493 3308 2553 tempore
3366 2476 3510 2531 facta

1926 2607 2029 2662 est,
2069 2595 2203 2650 nihil
2230 2606 2357 2647 vero
2376 2592 2567 2645 horum
2599 2587 2720 2642 Filii
2751 2578 3160 2654 generationem
3194 2566 3509 2642 praecessit:

1928 2689 2102 2744 factus
2136 2688 2316 2754 itaque
2364 2697 2469 2737 non
2525 2687 2630 2734 est.
2696 2676 2752 2730 Si
2792 2687 2921 2729 vero
2970 2669 3122 2724 illum
3154 2662 3388 2735 spatium
3414 2656 3516 2711 ali-

1928 2781 2069 2851 quod
2096 2748 2482 2845 temporarium
2507 2770 2589 2823 vel
2640 2769 2841 2822 factum
2899 2757 3201 2832 praecessit,
3241 2748 3516 2822 quomodo

1928 2876 2013 2924 est
2037 2866 2278 2921 omnium
2300 2870 2535 2924 creator,
2559 2872 2717 2927 quem
2750 2854 2982 2923 spatium
3006 2858 3248 2905 creatum
3278 2851 3517 2913 praeces-

1929 2957 2129 3014 sit?At
2158 2956 2202 3011 si
2230 2956 2465 3023 spatium
2528 2950 2655 3004 illud
2716 2948 2830 3003 sive
2884 2941 3367 3000 duratioincreata
3421 2930 3517 2994 sit,

1929 3052 2031 3107 erit
2054 3047 2268 3118 aliquod
2308 3044 2543 3115 Spatium
2575 3042 2689 3097 sive
2707 3039 2923 3094 duratio
2975 3034 3171 3089 divina:
3224 3023 3517 3083 aeternitati

1930 3159 2047 3214 par.
2086 3142 2142 3197 Si
2175 3156 2303 3195 vero
2336 3139 2540 3193 nullum
2576 3142 2908 3191 momentum
2962 3127 3049 3183 vel
3086 3123 3321 3194 spatiqu
3378 3128 3519 3174 tem-

245 3249 341 3302 τοῦ
370 3249 523 3315 Υιοῦ,
560 3208 723 3306 τωθξᾷ
757 3208 1132 3326 προῦπάέἆείν
1159 3208 1385 3323 Ι’ὶζέιγουσι
1442 3254 1535 3307 τὸν
1570 3208 1825 3325 Πατέρ-ά,

1954 3236 2102 3301 mris,
2148 3248 2323 3302 neque
2371 3230 2516 3284 aliud
2600 3227 2895 3296 quidquam
2966 3218 3162 3274 Filium
3221 3208 3522 3282 praccessit,

244 3342 405 3398 τοῦτο
442 3346 821 3417 προϋπάρχειν
868 3348 1229 3419 σημαίνοντος
1276 3348 1374 3419 οὐχ
1401 3346 1828 3418 εὑρισκομένου;

933 3614 1136 3669 AAAO.
1546 3550 1555 3597 τ

320 3721 387 3774 EI.
423 3720 588 3793 μηδὲν
643 3722 753 3776 τῶν
795 3725 1105 3795 γενομένων
1160 3724 1408 3780 λέλεκταί
1445 3744 1503 3779 τε
1566 3727 1660 3781 καὶ
1684 3727 1833 3780 ἔστιν

254 3811 350 3867 ἰπὶ
381 3812 597 3867 πάντων
626 3813 779 3878 Θεὸς,
814 3814 932 3869 ἐστι
956 3815 1012 3868 δὲ
1038 3817 1132 3869 ἐπὶ
1187 3817 1404 3871 πάντων
1448 3817 1579 3882 Θεὸς
1604 3820 1633 3870 6
1670 3818 1797 3881 Υἱὸς
1819 3858 1834 3884 ,

252 3902 357 3956 οὐκ
386 3902 495 3974 ἄρα
521 3905 631 3958 τῶν
658 3907 968 3977 γενομένων
992 3908 1160 3962 ἐστίν.
1214 3909 1277 3962 Ei
1300 3910 1357 3963 δὲ
1395 3909 1528 3973 Θεὸς
1561 3910 1655 3963 ὲπὶ
1704 3910 1840 3964 πάν-

254 4011 365 4049 των
398 3996 659 4066 ὑπάρχων
682 3998 711 4049 6
739 3998 887 4063 Υἱὸς,
921 4002 1014 4053 καὶ
1046 4000 1273 4071 γενητός
1323 4003 1492 4065 ἐστιν,
1533 4002 1730 4055 ἔστιδὲ
1752 4003 1845 4056 ἐπὶ

259 4080 478 4188 πάντων
506 4082 639 4188 Θεὸς
666 4084 761 4188 και
892 4087 1101 4158 Πατὴρ,
1128 4090 1353 4160 γενητὸς
1392 4089 1544 4143 ἔσται
1590 4092 1709 4144 κατ’
1749 4092 1845 4146 αὐ-

258 4174 407 4241 τοὺς,
432 4174 570 4245 ὅπερ
599 4174 791 4239 ἀσεϐὲς
815 4177 1033 4233 ἐννοεῖν.

963 4382 1165 4437 AAAO.

337 4485 401 4542 Ei
436 4488 603 4559 μηδὲν
626 4490 737 4543 τῶν
760 4491 1071 4563 γενομένων
1119 4494 1187 4549 τὰ
1229 4494 1367 4549 αὐτὰ
1415 4496 1642 4551 δύναται
1675 4500 1849 4552 ποιεῖν

1935 3305 2204 3397 quomodo
2292 3322 2445 3375 aiunt
2507 3320 2725 3373 Patrem
2806 3314 2961 3384 prius
3029 3305 3328 3368 exstitisse,
3394 3313 3521 3355 cum

1939 3415 1992 3469 id
2066 3410 2211 3481 quod
2285 3410 2435 3479 prius
2516 3415 2734 3463 exstare
2814 3400 3133 3471 signiticet,

1942 3504 2124 3561 niam?

2617 3585 2831 3644 ALIUD

2022 3710 2078 3765 Si
2106 3706 2240 3767 nihil
2290 3718 2478 3762 eorum
2514 3715 2635 3773 quas
2676 3700 2818 3754 facta
2874 3704 3024 3761 sunt,
3064 3691 3267 3746 dicitur
3296 3696 3390 3742 aut
3442 3692 3530 3739 est

1947 3800 2321 3856 universorum
2352 3793 2515 3857 Deus,
2573 3789 2740 3847 Filius
2775 3797 2957 3844 autem
2985 3779 3323 3841 estomnium
3350 3776 3527 3831 Deus:

1948 3909 2054 3949 non
2117 3900 2201 3946 est
2263 3888 2427 3959 igitur
2483 3899 2551 3940 ex
2602 3884 2669 3938 iis
2727 3894 2848 3951 quae
2911 3878 3051 3933 facta
3109 3882 3254 3930 sunt.
3285 3869 3343 3925 Si
3394 3880 3526 3923 vero

1947 3982 2117 4037 Filius
2180 3995 2303 4035 cum
2353 3980 2426 4035 sit
2477 3975 2720 4032 omnium
2778 3971 2944 4036 Deus,
2996 3968 3171 4023 factus
3209 3962 3374 4017 etiam
3420 3966 3525 4023 est,

1948 4071 2113 4127 Pater
2188 4079 2368 4125 autem
2445 4067 2608 4124 etiam
2674 4062 2916 4117 omnium
2983 4057 3125 4111 Deus
3180 4062 3258 4109 est
3317 4068 3331 4106 ε
3382 4056 3533 4105 certe

1948 4164 2053 4221 erit
2082 4162 2277 4228 factus,
2298 4158 2593 4217 secundum
2625 4154 2769 4215 illos,
2812 4152 2958 4221 quod
3008 4146 3233 4218 impium
3292 4140 3534 4213 cogitatu

1949 4266 2052 4313 est.

2629 4359 2860 4416 ALIUD.

2028 4488 2085 4543 Si
2117 4484 2246 4540 nihil
2280 4495 2466 4538 eorum
2498 4491 2617 4546 quae
2650 4475 2790 4530 facta
2821 4480 2945 4528 sunt
2971 4471 3159 4526 eadem
3195 4474 3375 4537 potest
3400 4479 3538 4535 pra:-

269 4575 347 4647 τῷ
371 4557 701 4648 πάντα
725 4557 781 4633 δὲ
802 4581 840 4635 ἃ.
862 4557 1011 4637 ποιεῖ
1030 4586 1057 4638 ὁ
1077 4585 1289 4659 Πατὴρ,
1306 4589 1505 4659 ὁμοίως
1529 4589 1621 4643 καὶ
1648 4592 1676 4642 6
1699 4589 1827 4654 Υἱὸς

1955 4590 2103 4637 stare
2133 4590 2252 4647 qua:
2278 4575 2435 4637 Deus,
2488 4571 2668 4624 omnia
2732 4580 2863 4620 vero
2930 4578 3048 4632 quae
3106 4568 3325 4631 prazstat
3349 4557 3533 4623 Pater,

272 4666 369 4720 οὐκ
400 4668 507 4738 ἄρα
525 4668 635 4723 τῶν
662 4671 970 4741 γενομένων
991 4674 1161 4728 ἐστίν.

958 4784 1161 4839 ΔΛΔΟ.

342 4891 408 4945 EI
433 4891 610 4946 πάντα
638 4893 706 4946 τὰ
736 4896 940 4964 γενητὰ
985 4895 1042 4962 ἐξ
1071 4897 1258 4967 ἑτέρου
1291 4899 1351 4951 τὸ
1380 4895 1517 4952 εἶναι
1559 4899 1691 4970 ἔχει,
1726 4900 1849 4951 πολ-

1957 4680 2181 4745 praestat
2204 4678 2257 4723 et
2288 4667 2458 4721 Filius
2488 4678 2501 4717 :
2537 4678 2641 4718 non
2670 4669 2756 4715 est
2781 4659 2945 4727 igitur
2970 4654 3165 4710 lactus.

2632 4770 2868 4826 ALIUD.
2968 4759 3005 4796 ε

2034 4898 2088 4949 Si
2117 4905 2452 4964 quascunque
2481 4888 2622 4944 facta
2667 4894 2792 4941 sunt
2845 4885 2912 4937 ab
2965 4880 3071 4935 alio
3100 4893 3220 4933 esse
3249 4890 3405 4931 suum
3444 4875 3539 4927 hac

274 4980 352 5050 λῷ
387 4982 585 5052 μᾶλλον
607 4986 669 5037 τὸ
701 4986 956 5054 λέγεσθαι
1009 4989 1204 5053 αὐτοὺς
1242 4991 1417 5054 Θεούς.
1468 4993 1529 5044 Εἰ
1559 4968 1619 5044 δὲ.
1654 4995 1830 5063 μετοχῆ

1960 4990 2109 5053 bent,
2149 4985 2315 5039 multo
2353 4981 2521 5051 magis
2570 4982 2792 5035 deorum
2839 4973 3276 5045 appellationem.
3304 4968 3361 5022 Si
3411 4980 3539 5021 vero

276 5074 457 5143 ἔχουσι
489 5076 549 5129 τὸ
578 5073 715 5129 εἶναι
748 5077 861 5130 Θεοὶ
893 5076 985 5149 (οὐ
1024 5079 1180 5148 φύσει
1211 5082 1449 5153 δηλονότι
1470 5082 1579 5135 Geo!
1607 5082 1674 5135 τὰ
1700 5099 1859 5152 γενη-

275 5162 378 5228 τὰ)
402 5204 418 5228 ,
472 5168 583 5228 τοῖς
628 5165 669 5217 δ’
708 5168 769 5220 οὐ
814 5168 972 5235 φύσει
1008 5167 1150 5231 θεοῖς
1188 5172 1513 5238 προσκυνεῖν
1547 5171 1857 5239 ἀπαγορευ-

278 5256 417 5307 τέον.
456 5257 517 5309 Εἰ
548 5258 605 5311 δὲ
637 5258 845 5323 τούτοις
878 5260 978 5331 μὲν
1003 5260 1427 5330 ἀπαγορευτέον,
1454 5263 1637 5314 οὐκέτι
1666 5263 1721 5315 δὲ
1764 5262 1855 5314 καὶ

1958 5096 2054 5151 per
2088 5076 2557 5148 participationem
2580 5080 2707 5127 sunt
2731 5069 3025 5137 dii(neque
3081 5064 3226 5118 enim
3274 5067 3540 5115 creatum

1947 5180 2151 5228 .natura
2220 5177 2344 5223 sunt
2379 5166 2494 5233 dii),
2532 5172 2586 5218 et
2624 5164 2713 5233 qui
2764 5169 2954 5215 natura
2996 5158 3066 5211 dii
3104 5170 3208 5210 non
3251 5160 3397 5217 sunt,
3442 5151 3540 5204 ad-

1957 5262 2101 5318 orari
2131 5261 2515 5331 prohibentur,
2538 5255 2702 5309 Filius
2736 5264 2914 5306 autem
2941 5246 3156 5303 adorari
3183 5244 3426 5313 jnbetur,
3457 5250 3546 5294 ut-

279 5346 357 5414 τῷ
384 5346 531 5417 Υἱῷ,
573 5350 671 5419 οὐχ
701 5350 775 5413 ὡς
820 5351 896 5421 μὴ
953 5351 1109 5420 φύσει
1152 5354 1257 5424 ἄρα
1309 5353 1427 5422 Θεῷ
1476 5350 1762 5423 ὅπερ’ὲστὶ
1788 5370 1830 5405 τὲ

1962 5365 2086 5423 pote
2110 5364 2303 5408 natura
2333 5358 2494 5415 Deus,
2521 5349 2660 5418 quod
2701 5354 2967 5401 creatura:
3026 5356 3132 5397 non
3166 5335 3293 5396 Sunt
3325 5356 3339 5394 :
3398 5333 3543 5390 aliud

282 5442 532 5510 γεννητά.

968 5560 1169 5612 ΑΛΛο.

355 5664 415 5716 Εἰ
446 5663 537 5716 τὸν
573 5665 636 5717 ἐκ
664 5664 738 5735 μὴ
766 5666 934 5720 ὄντων
990 5670 1297 5739 ὑφιστῶντα
1354 5670 1537 5735 οὐσίας
1589 5671 1860 5743 ἐνεδέχετο

349 5823 399 5854 ’⁸
426 5823 446 5878 ι
474 5823 620 5879 Pctr.
667 5838 727 5892 ιι,
756 5824 845 5877 2‘2.

1964 5445 2128 5515 igitur
2160 5452 2238 5498 est
2262 5456 2421 5511 quam
2450 5448 2718 5494 creatura.

2636 5546 2869 5604 ALIUD.

2042 5669 2097 5725 Si
2132 5666 2384 5740 possibile
2407 5673 2572 5733 esset,
2607 5671 2665 5721 ut
2704 5665 2748 5720 is
2784 5662 2873 5734 qui
2901 5677 2967 5720 ex
3001 5658 3171 5715 nihilo
3218 5652 3551 5713 substantias
