3994 6324
492 399 597 456 507

1490 394 1548 447 S.
1590 390 1864 447 CYRILLI
1903 389 2365 446 ALEXANDRINI
2409 391 2725 449 ARCIIIEI’.

3601 395 3709 454 308

491 514 736 588 producit
753 509 1374 582 atqueconstituit,ﬁeret
1392 510 1505 565 sive
1528 522 1802 564 crearetur
1832 508 1899 562 ah
1924 507 2048 571 alio,

2159 512 2243 581 ὑφ’
2274 512 2461 587 ἑτέρου
2487 511 2755 582 γενέσθαι,
2782 513 2924 565 ποιεῖ
2948 512 3002 566 δὲ
3029 513 3090 564 ἐκ
3118 512 3193 582 μὴ
3232 511 3400 564 ὄντων
3424 511 3453 563 ὁ
3488 510 3704 581 Πατὴρ,

493 607 651 661 Pater
675 618 801 660 vero
826 619 890 659 ex
917 603 1085 658 nihilo
1106 612 1285 657 creat:
1317 601 1430 657 ﬁeri
1454 603 1629 669 itaque
1646 610 1846 671 potest,
1867 615 1932 653 ex
1972 601 2039 653 il-

493 698 662 751 lorum
701 694 986 760 sententia,
1017 703 1075 747 ut
1101 705 1154 748 et
1181 694 1337 751 Pater
1372 711 1437 749 ex
1461 693 1625 747 nihilo
1648 693 1759 747 ﬁat.
1789 692 1856 746 At
1876 693 1919 746 si
1942 691 2042 745 hoc

496 790 895 854 inconveniens,
936 798 1094 858 atque
1118 790 1252 843 adeo
1310 787 1639 857 impossibile
1682 796 1785 851 est,
1841 796 1899 840 ut
1950 786 2041 857 qui

492 881 628 934 alias
656 889 878 935 naturas
915 889 1083 945 creat,
1118 880 1275 949 182
1318 880 1384 933 ab
1445 866 1547 932 alia
1583 888 1772 931 natura
1831 887 2041 932 creatus

492 972 562 1024 sit
598 987 611 1023 :
648 971 802 1041 longe
837 970 1075 1039 proiecto
1113 970 1399 1025 absurdius
1442 978 1545 1034 est,
1586 970 1849 1023 universas
1887 976 2043 1022 natu-

494 1074 565 1113 rae
588 1059 829 1125 opiﬁcem
872 1061 937 1114 ab
962 1061 1064 1113 alia
1097 1069 1286 1114 natura
1315 1068 1551 1114 creatum
1566 1074 1685 1114 esse
1708 1060 2041 1114 existimare.

492 1148 626 1201 Nam
656 1148 795 1216 quod
834 1158 980 1203 creat
998 1159 1235 1204 creatum
1254 1158 1415 1213 esset,
1454 1159 1505 1203 et
1532 1148 1674 1217 quod
1703 1156 1941 1202 creatum
1962 1147 2045 1201 ést

490 1251 721 1305 crearet,
767 1242 811 1296 si
845 1240 1009 1297 Filius
1038 1256 1159 1296 cum
1186 1241 1255 1295 sit
1283 1240 1479 1305 factus,
1502 1250 1558 1294 ut
1599 1241 1696 1309 ipsi
1728 1240 2039 1308 opinantur,

490 1328 726 1393 faceret,
777 1331 917 1398 quod
971 1339 1053 1384 est
1107 1331 1593 1385 absurdissimum:
1629 1330 1893 1399 siquidem
1941 1329 2040 1384 soli

489 1427 694 1473 natura;
728 1420 918 1474 divinae
961 1420 1242 1476 tribuenda
1270 1429 1324 1475 et
1357 1419 1705 1489 relinquenda
1728 1428 1872 1482 sunt,
1924 1433 2042 1486 qua:

489 1505 657 1578 ipsius
687 1515 814 1564 sunt
840 1507 1048 1580 propria
1077 1517 1129 1562 et
1164 1494 1473 1577 peculiaria,
1528 1522 1754 1576 quorum
1792 1521 1952 1561 unum
1980 1520 2043 1561 ac

491 1597 817 1664 praecipuum
844 1606 946 1665 est,
980 1612 1045 1653 ex
1078 1598 1246 1655 nihilo
1272 1614 1457 1654 creare
1488 1614 1664 1669 posse.

756 1723 1320 1815 ASSERTIO
1391 1726 1759 1816 XVIII.

2148 603 2420 673 ἐνδέχεται
2453 604 2559 674 ἄρα
2582 603 2761 669 αὐτὸν,
2791 604 2908 655 κατ’
2936 603 3151 665 αὐτοὺς,
3172 604 3235 655 ὲκ
3260 602 3333 672 μὴ
3357 601 3523 653 ὄντων
3549 618 3705 668 γεγο-

2148 691 2314 745 νέναι.
2348 692 2409 743 Ei
2441 691 2496 744 δλ
2547 690 2786 759 ἀπρεπὲς
2830 692 2924 744 καὶ
2964 690 3222 743 ἀδύνατον
3261 691 3463 760 ἑτέρων
3492 688 3710 757 φύσεων

2148 782 2475 852 δημιουργὸν
2522 783 2720 834 ἐννοεῖν
2775 782 2866 849 ὑφ’
2910 781 3102 851 ἑτέρας
3161 781 3407 833 ἐκτίσθαι
3468 779 3709 848 φύσεως,

2150 870 2491 942 ἀτοπώτερον
2515 871 2639 941 ἄρα,
2676 870 2766 923 τὸν
2799 872 3015 941 ἁπάσης
3051 871 3265 939 φύσεως
3295 868 3590 938 αὐτουργὸν
3618 869 3710 936 ὑφ’

2149 963 2335 1034 ἑτέρας
2386 962 2828 1033 δημιουργεῖσθαι
2875 962 3089 1032 φύσεως
3150 961 3569 1031 ὑπολαμϐάνειν.
3597 962 3713 1013 Καὶ

2149 1053 2255 1124 γάρ
2282 1054 2347 1108 ἂν
2368 1054 2427 1105 τὺ
2459 1053 2643 1106 ποιοῦν
2676 1052 2880 1120 ἐγίνετο
2939 1053 3033 1106 καὶ
3090 1053 3152 1105 τὸ
3179 1052 3460 1122 γινόμενον
3498 1051 3670 1103 ἐποίει
3693 1089 3710 1115 ,

2149 1144 2305 1212 εῐπερ
2335 1144 2364 1195 6
2388 1143 2514 1206 Υἱὸς
2564 1141 2843 1212 γινόμενος
2882 1143 3074 1208 ἐποίει,
3110 1142 3229 1195 κατ’
3273 1142 3534 1203 ἐκείνους,
3572 1141 3713 1211 ὅπερ

2152 1233 2299 1286 ἐστὶν
2325 1231 2701 1286 ἀτοπώτατον·
2750 1232 2803 1285 εῐ
2830 1249 2893 1299 γε
2937 1232 3072 1303 μόνῃ
3122 1233 3386 1302 προσήκει
3426 1230 3712 1302 τηρεῖσθαι

2151 1326 2217 1393 τῇ
2252 1322 2371 1393 θείᾳ
2407 1322 2565 1389 φύσει
2600 1322 2668 1375 τὰ
2698 1323 2865 1391 αὐτῆς
2892 1322 3165 1391 ἐξαίρετα,
3194 1314 3269 1375 ὧν
3318 1321 3376 1374 ἓν
3421 1321 3514 1373 καὶ
3560 1319 3715 1389 πρῶ-

2150 1432 2239 1467 τον
2268 1415 2500 1485 ὑπάρχει
2532 1414 2591 1467 τὸ
2625 1416 2688 1467 ὲκ
2731 1413 2804 1484 μὴ
2826 1414 2993 1469 ὄντων
3025 1413 3283 1467 δύνασθαι
3334 1414 3713 1484 δημιουργεῖν.

2617 1711 2976 1796 ΛΟΓΟΣ
3050 1700 3188 1792 III'
3204 1773 3222 1791 .

494 1866 645 1932 Quod
676 1883 777 1919 non
806 1868 1031 1943 sit_idem
1062 1881 1302 1943 creatura
1334 1881 1380 1925 et
1411 1872 1553 1943 ﬁlius
1586 1889 1603 1925 :
1638 1888 1796 1943 neque
1816 1874 1869 1943 in
1918 1873 2021 1926 Deo

2159 1871 2278 1922 "Ott
2305 1866 2393 1943 μὴ
2444 1863 2664 1943 ταρτὸν
2708 1866 2928 1943 κτίσμα
2965 1861 3406 1943 καὶαπέννςημα,
3440 1858 3594 1943 μῃιξὲ
3633 1855 3717 1937 ιεῷ

561 1952 739 1989 creare
763 1946 815 2011 et
838 1938 1047 2011 gignere
1076 1955 1093 1992 :
1122 1940 1335 2011 aliaque
1362 1938 1740 2011 conclusionem
1768 1942 2044 2011 inferentia

561 2021 651 2066 per
683 2006 1029 2060 reduetionem
1063 2008 1130 2059 ad
1160 2006 1493 2074 impossibile.

702 2160 940 2229 Defensio
972 2161 1189 2230 simplex
1216 2177 1278 2214 ex
1313 2161 1463 2214 nudis
1498 2165 1829 2230 argumentis.

564 2271 619 2323 Si
654 2271 871 2340 gignere
901 2279 955 2324 et
978 2284 1162 2325 creare
1179 2270 1317 2325 idem
1348 2280 1491 2324 esset
1523 2271 1573 2323 in
1596 2270 1720 2335 Deo,
1776 2285 1879 2324 non
1910 2270 2044 2325 fuis-

492 2370 578 2417 set
599 2360 703 2413 lata
728 2361 779 2414 in
807 2358 1146 2429 Uknigenitum
1176 2373 1274 2413 vos
1306 2359 1415 2423 illa,
1435 2377 1452 2411 ι
1480 2358 1575 2414 llic
1605 2369 1687 2415 est
1711 2359 1876 2415 Filius
1895 2377 2044 2417 meus

493 2453 718 2508 dilectus
748 2452 834 2506 ης
868 2470 886 2502 ι
920 2466 1041 2505 cum
1064 2450 1225 2505 etiam
1252 2465 1313 2505 ea
1345 2465 1464 2519 quae
1514 2460 1703 2503 natura
1743 2451 2040 2505 inanimata

494 2553 639 2606 sunt,
672 2544 764 2598 ﬁlii
790 2541 882 2597 Dei
936 2541 1065 2605 sint,
1122 2540 1168 2595 si
1200 2541 1337 2596 idem
1386 2549 1470 2594 est
1516 2550 1763 2595 creatura
1810 2550 1864 2595 et
1898 2542 2045 2611 geni-

496 2648 642 2689 men.

1158 2742 1386 2799 ALIUD.

565 2855 643 2921 Si,
682 2854 1129 2925 quemadmodum
1173 2864 1417 2910 creatura
1481 2856 1695 2925 proprie
1738 2855 1933 2911 dicitur
1984 2858 2051 2911 de

495 2949 668 3013 nobis,
701 2949 771 3002 ita
802 2948 963 3002 etiam
988 2948 1264 3018 genimen,‘
1283 2963 1345 3002 ac
1374 2948 1595 3018 perinde
1626 2952 1690 3001 de
1720 2947 1850 3003 Filio
1876 2968 1889 3003 :
1920 2949 2051 3003 nihil

496 3039 725 3107 amplius
754 3052 912 3107 quam
936 3053 1032 3093 nos
1058 3038 1291 3102 habebit,
1319 3052 1441 3094 cum
1472 3039 1543 3093 sit
1562 3038 1775 3108 proprie
1803 3048 2046 3094 creatura

472 3137 548 3180 .et
585 3127 849 3195 genitnen.

1163 3234 1386 3289 ALIUD.

573 3350 629 3403 Si
652 3349 900 3421 genimen
930 3358 979 3403 et
1001 3356 1243 3403 creatura
1274 3358 1401 3404 sunt
1428 3349 1585 3414 idem,
1620 3360 1700 3405 est
1736 3364 1860 3407 vero
1888 3352 2051 3406 etiam

503 3440 735 3509 Spiritus
777 3447 1009 3504 sanctus,
1037 3446 1096 3491 ut
1125 3438 1213 3493 isti
1261 3438 1465 3503 volunt,
1489 3447 1770 3494 creatura:
1805 3451 1950 3495 certe
1999 3448 2056 3494 et

502 3533 769 3603 genimen.
792 3531 848 3585 Si
874 3542 1049 3586 autem
1069 3539 1121 3587 et
1148 3530 1381 3602 Spiritus
1404 3538 1623 3589 sanctus
1654 3542 1738 3588 est
1780 3534 2050 3601 genimen,

502 3634 553 3679 et
584 3622 747 3678 Filius
775 3622 870 3677 Dei
917 3629 999 3677 est
1028 3621 1293 3692 genimen,
1351 3627 1639 3693 omniaque
1696 3632 1827 3678 sunt
1903 3623 2055 3694 geni-

504 3714 687 3766 mina:
733 3713 998 3781 quomodo
1031 3713 1340 3785 unigenitus
1373 3714 1573 3771 dicitur
1598 3714 1768 3771 Filius
1790 3716 1841 3770 in
1875 3713 2055 3768 multis

503 3804 760 3858 fratribus
790 3804 873 3856 '7?

1165 3914 1395 3971 ALIUD.

576 4008 632 4063 Si
665 4009 919 4078 quidquid
968 4017 1217 4063 creatura
1269 4006 1359 4060 Dei
1408 4015 1513 4072 est,
1550 4006 1797 4076 genimen
1848 4021 2059 4076 quoque

505 4108 629 4153 est:
667 4098 796 4152 nihil
825 4113 1007 4152 eorum
1026 4112 1143 4166 qua:
1174 4095 1312 4149 facta
1369 4106 1511 4161 sunt,
1568 4098 1633 4150 ab
1671 4096 1952 4165 adoptione
2005 4099 2058 4150 in

506 4188 643 4243 ﬁlios
672 4196 756 4243 est
797 4188 1049 4242 alienum.
1104 4187 1253 4253 Quod
1280 4188 1322 4242 si
1353 4202 1537 4241 verum
1557 4195 1658 4252 est,
1702 4187 1899 4241 frustra
1958 4201 2055 4240 no-

506 4281 587 4333 bis
622 4278 959 4348 adoptionem
992 4278 1272 4331 annuntiat
1318 4277 1477 4342 Deus,
1528 4293 1646 4331 cum
1692 4287 1746 4331 et
1772 4278 2061 4330 inanimata

507 4369 826 4422 naturaliter
903 4383 1021 4421 eam
1099 4368 1829 4436 consequanturzsiquidem
1911 4367 2063 4434 quid-

887 4457 1131 4525 senimen
1201 4470 1412 4525 quoque
1477 4457 1587 4511 sive
1652 4457 1788 4510 ﬁlius
1848 4457 2134 4526 proprieD

507 4456 637 4525 quid
690 4465 771 4510 est
796 4496 811 4522 ,

504 4556 605 4602 εει.
1331 4576 1338 4583 -

1169 4637 1396 4694 ALIUD.
1448 4682 1451 4683 ,

578 4752 632 4805 Si
667 4752 908 4823 genimen
933 4763 986 4807 et
1018 4761 1267 4807 creatura
1300 4752 1438 4805 idem
1465 4760 1608 4814 sunt,
1636 4752 1774 4820 quod
1814 4766 1943 4807 vero
1973 4766 2063 4821 ge-

508 4847 678 4899 nitum
724 4858 753 4896 a
810 4844 918 4897 Deo
971 4853 1072 4908 est,
1129 4851 1376 4897 creatura
1425 4842 1743 4897 naturaliter
1767 4853 1849 4896 est
1887 4860 1901 4896 :
1933 4858 2061 4913 ergo

508 4944 753 4990 creatura
781 4934 873 4989 Dei
907 4943 961 4988 et
982 4934 1225 4988 naturale
1252 4933 1495 5003 genimen
1530 4933 1618 4988 Dei
1668 4934 1803 4987 idem
1836 4942 1977 4987 sunt.
2006 4932 2059 4986 Si

509 5041 635 5081 vero
659 5026 710 5081 id
735 5027 873 5095 quod
901 5036 1114 5091 natura,
1142 5040 1245 5079 non
1276 5033 1457 5079 autem
1486 5025 1624 5093 quod
1648 5026 1933 5094 adoptione
1969 5040 2063 5094 ge-

512 5118 678 5170 nitum
725 5124 822 5181 est.
883 5115 1335 5171 consubstantiale
1405 5115 1513 5168 Deo
1564 5125 1689 5169 est:
1726 5129 1885 5169 omne
1923 5117 2062 5184 quod

516 5207 672 5277 183
702 5205 899 5263 factum
937 5219 1040 5273 est,
1075 5216 1263 5261 natura
1298 5205 1401 5261 tale
1426 5206 1722 5261 invenietur
1754 5220 1769 5258 :
1803 5205 2062 5274 siquidem

513 5307 755 5352 creatura
784 5299 1028 5369 genimen
1051 5312 1264 5368 quoque
1290 5308 1477 5354 natura
1509 5306 1607 5363 est,
1633 5308 1685 5352 et
1715 5313 1817 5352 non
1857 5298 2068 5366 partici-

513 5389 743 5457 paﬁone.

1176 5475 1403 5529 ALIUD.

585 5587 642 5639 Si
706 5596 945 5642 creatura
992 5588 1152 5641 etiam
1217 5589 1463 5656 genimcn
1522 5587 1734 5654 proprie
1797 5594 1897 5652 est,
1924 5598 2069 5643 certe

587 5746 632 5778 "
661 5742 844 5800 Matth.
880 5761 956 5811 nt,
993 5744 1089 5812 i7;
1122 5760 1251 5809 xvn,
1287 5744 1337 5799 5.
1417 5747 1457 5775 ³⁷
1490 5743 1642 5799 Rom.
1678 5759 1792 5813 vm,
1828 5742 1914 5799 ‘2‘).

2220 1926 2430 1996 κτίῖὶὶν
2466 1936 2530 1987 τὸ
2572 1935 2793 2003 γεννᾷν
2826 1926 3124 2003 ἕπὶίΘεοῦί
3159 1930 3255 1984 καὶ
3476 1928 3572 1981 διὰ
3606 1926 3716 2003 τῆς

2215 1995 2332 2071 eici
2378 1995 2603 2058 ᾶτοποᾶο
2676 1995 2993 2072 ἀπαγωγῆς
3060 2003 3277 2069 ἔχοντα
3351 2000 3417 2053 τὸ
3487 1995 3717 2066 συμπέ-

2208 2090 2431 2144 patum.

2596 2168 2906 2236 Ἀπολογία
2942 2162 3273 2226 αὑτολεξεί.

2218 2290 2277 2341 El
2307 2290 2367 2341 τὸ
2403 2288 2646 2357 γέννημα
2667 2285 2744 2355 τῷ
2770 2284 3023 2352 κτίσματι
3071 2277 3263 2331 ταυτὸν
3290 2271 3357 2345 ἦν
3397 2271 3547 2357 παρὰ
3569 2268 3716 2338 Θεῷ⁹

2148 2381 2247 2433 οὐκ
2278 2379 2342 2433 ἂν
2364 2379 2456 2432 ἐπὶ
2476 2356 2567 2431 τὸν
2587 2374 2865 2443 Μονογενῆ
2887 2374 3109 2443 ἐφέρετο
3130 2367 3303 2437 φωνή·
3338 2385 3355 2414 ι
3380 2356 3546 2425 Οῦτός
3566 2363 3718 2414 ἐστιν

2150 2473 2176 2523 6
2203 2470 2328 2531 Υἱός
2367 2486 2465 2536 μου
2503 2468 2531 2519 6
2582 2465 2879 2535 ἀγαπητός·
2919 2482 2936 2513 t
2982 2462 3077 2514 ἅτε
3128 2459 3193 2528 δὴ
3241 2456 3463 2512 καὶτῶν
3492 2452 3718 2520 ἀψύχων

2151 2559 2289 2613 κατὰ
2317 2558 2478 2628 φύσιν
2504 2556 2634 2609 υίῶν
2662 2554 2831 2607 ὄντων
2861 2549 3017 2616 Θεοῦ,
3051 2550 3206 2619 εἴπερ
3248 2546 3309 2599 τὸ
3356 2544 3557 2612 κτίσμα
3585 2556 3718 2594 ταυ-

2150 2649 2237 2701 τδν
2264 2647 2339 2716 τῷ
2360 2648 2653 2717 γεννήματι
2688 2643 2959 2712 τυγχάνει.

2831 2755 3033 2806 ΑΛΛΟ.

2223 2871 2497 2939 Εἰῶσπερ
2520 2868 2580 2921 τὸ
2632 2868 2834 2937 κτίσμα
2881 2864 3081 2935 κυρίως
3134 2862 3349 2929 λέγεται
3404 2859 3489 2928 ἐφ’
3526 2856 3717 2927 ἡμῶν,

2153 2964 2323 3025 οὓτως
2346 2962 2516 3015 καὶτὸ
2545 2961 2811 3029 γέννημα,
2835 2956 3094 3018 ὡσαύτως
3121 2955 3178 3008 δὲ
3210 2954 3302 3007 καὶ
3330 2953 3422 3005 ἐπὶ
3444 2951 3537 3003 τοῦ
3565 2948 3717 3012 Υίοῦ,

2152 3052 2301 3105 οὐδὲν
2329 3049 2483 3120 ἡμῶν
2532 3048 2643 3112 ἕξει
2687 3046 2850 3101 πλέον
2909 3047 2987 3108 είς
3043 3041 3316 3111 ὑπεροχὴν
3389 3038 3592 3107 κτίσμα
3624 3036 3722 3088 καὶ

2078 3146 2122 3205 C.
2154 3145 2395 3212 γέννημα
2438 3140 2641 3212 κυρίως
2687 3138 2780 3193 ῶν.

2821 3252 3025 3306 ΔΛΛΟ.

2224 3370 2286 3421 Εἰ
2314 3368 2373 3421 τὸ
2398 3368 2642 3438 γέννημα
2675 3366 2769 3420 καὶ
2816 3364 2877 3418 τὸ
2929 3363 3130 3431 κτίσμα
3173 3359 3369 3415 ταυτὸν
3432 3356 3719 3433 τυγχάνει,

2156 3460 2344 3513 ἔστιδὲ
2382 3458 2582 3529 κτίσμα
2604 3458 2698 3512 καὶ
2735 3456 2795 3510 τὸ
2826 3455 3048 3524 Πνεῦμα
3073 3452 3135 3505 τὸ
3155 3452 3331 3519 ἅγιον,
3362 3449 3480 3503 κατ’
3501 3450 3718 3512 αὐτοὺς,

2154 3553 2312 3623 δῆλον
2341 3552 2421 3605 ὅτι
2450 3550 2543 3603 καὶ
2569 3550 2833 3617 γέννημα.
2882 3546 2944 3598 Εἰ
2981 3544 3038 3597 δὲ
3086 3544 3179 3595 καὶ
3214 3541 3274 3594 τὸ
3330 3539 3554 3608 Πνεῦμα
3595 3538 3718 3605 γέν-

2157 3659 2327 3711 νημα,
2349 3641 2441 3694 καὶ
2463 3642 2491 3692 6
2524 3638 2651 3701 Υἱὸς
2678 3636 2772 3690 τοῦ
2802 3633 2934 3689 Θεοῦ
2959 3634 3225 3703 γέννημα,
3283 3630 3379 3683 καὶ
3420 3627 3487 3682 τὰ
3545 3628 3722 3681 πάντα

2158 3733 2467 3803 γεννήματα
2490 3770 2505 3795 ,
2556 3730 2667 3791 πῶς
2722 3725 3010 3798 μονογενὴς
3044 3726 3072 3777 6
3094 3723 3235 3786 Υἱὸς
3258 3722 3287 3775 6
3340 3718 3475 3790 μετὰ
3512 3716 3722 3772 πολλῶν

2159 3824 2400 3893 ἀδελφῶν
2431 3821 2779 3891 εἰσαγόμενος
2802 3835 2815 3881 ;

2836 3932 3036 3984 AAAU.

2229 4032 2311 4094 EI,
2341 4030 2473 4082 εἴτι
2504 4028 2707 4097 κτίσμα
2728 4024 2884 4083 Θεοῦ,
2938 4022 3094 4073 τοῦτο
3141 4016 3235 4071 καὶ
3269 4016 3526 4083 γέννημα,
3572 4006 3723 4065 οὐδὲν

2158 4122 2264 4175 τῶν
2292 4120 2589 4188 γεγονότων
2618 4116 2861 4169 λείπεται
2894 4113 2993 4183 τῆς
3040 4108 3328 4171 υἱοθεσίας.
3368 4105 3430 4160 Εἰ
3451 4105 3507 4157 δὲ
3530 4103 3683 4157 τοῦτο
3702 4142 3717 4167 ,

2164 4215 2340 4284 μάτην
2375 4214 2504 4281 ἡμῖν
2532 4208 2798 4262 υἱοθεσίαν
2847 4202 3207 4275 ἐπηγγείλατο
3234 4202 3263 4252 6
3316 4196 3466 4260 Θεὸς,
3508 4195 3605 4249 ἆτε
3659 4193 3721 4263 δὴ

2162 4304 2255 4356 καὶ
2282 4302 2387 4355 τῶν
2421 4298 2640 4369 άψύχως
2684 4296 2914 4367 ἐχόντων
2945 4293 3101 4345 τοῦτο
3144 4289 3284 4343 κατὰ
3336 4288 3514 4356 φύσιν,
3547 4286 3718 4353 εἰπερ,

2164 4393 2214 4444 εἴ
2238 4410 2286 4445 τι
2312 4390 2532 4460 κτίσμα,
2564 4387 2721 4441 τοῦτο
2750 4385 2843 4438 καὶ
2870 4384 3112 4452 γέννημα
3144 4378 3345 4447 κυρίως
3370 4373 3536 4428 ἐστίν.

2855 4646 3054 4700 ΑΛΔΟ.

2234 4770 2294 4820 Ei
2326 4768 2384 4820 τὸ
2420 4765 2664 4836 γέννημα
2686 4761 2780 4816 καὶ
2806 4761 2867 4814 τὸ
2888 4758 3089 4827 κτίσμα
3107 4755 3303 4810 ταυτόν
3332 4755 3495 4815 ἐστιν,
3537 4748 3725 4802 ἔστιδὲ

2162 4860 2222 4912 τὸ
2252 4858 2538 4929 γενόμενον
2567 4854 2697 4909 Θεοῦ
2728 4853 2928 4924 κτίσμα
2947 4850 3123 4919 φύσει,
3155 4846 3357 4915 κτίσμα
3383 4841 3515 4895 Θεοῦ
3547 4840 3725 4929 δηλον-

2168 4953 2248 5003 ότι
2298 4928 2390 5002 καῖ
2434 4947 2592 5015 φύσει
2628 4945 2867 5014 γέννημα
2907 4940 3037 4994 Θεοῦ
3073 4938 3133 4991 τὸ
3160 4935 3312 4989 αὐτό.
3350 4934 3411 4986 Et
3439 4932 3496 4985 δὲ
3529 4931 3591 4983 τδ
3631 4928 3725 4998 φύ-

2172 5060 2271 5103 σει,
2288 5040 2398 5093 ἀλλ’
2425 5039 2485 5091 οὐ
2515 5038 2659 5090 θέσει
2681 5035 3035 5105 γεννώμενον,
3058 5028 3337 5100 ὁμοούσιον
3365 5024 3440 5094 τῷ
3463 5021 3603 5092 Θεῷ,
3628 5020 3725 5073 πᾶν

2170 5133 2228 5185 τὸ
2254 5133 2539 5200 γενόμενον
2592 5129 2939 5199 εὑρεθήσεται
2980 5124 3155 5193 φύσει,
3212 5119 3367 5189 εἴπερ
3424 5115 3485 5168 τὸ
3527 5114 3726 5182 κτίσμα

2172 5222 2325 5291 φύσει
2358 5222 2448 5275 καὶ
2468 5220 2707 5290 γέννημα
2728 5217 2999 5285 τυγχάνει,
3026 5213 3117 5267 καὶ
3142 5212 3202 5264 οὐ
3233 5210 3450 5280 μετοχῇ.

2852 5470 3054 5522 AAAU.

2241 5587 2301 5637 Εἰ
2330 5584 2386 5636 τὸ
2415 5583 2612 5655 κτίσμα
2634 5584 2787 5637 τοῦτο
2822 5584 2910 5637 καὶ
2940 5582 3185 5649 γέννημα
3215 5575 3415 5646 κυρίως
3436 5569 3523 5642 ἦν,
3560 5564 3725 5637 πολλῷ
