3994 6324
252 394 357 449 suo

1626 375 2070 435 THESAURUS.

3411 371 3517 427 5N)

251 508 452 576 μᾶλλον
483 507 623 576 ὑπὲρ
642 504 711 557 τὰ
750 500 886 558 ἄλλα
913 498 1053 573 ἦσαν
1094 502 1143 554 οἱ
1191 500 1411 568 ἄγγελοι
1462 497 1663 569 κυρίως
1699 496 1823 548 uici.

1963 492 2100 548 multo
2132 492 2301 563 magis
2327 490 2542 561 proprie
2587 504 2698 561 pre
2731 488 2953 558 reliquis
2991 488 3169 557 angeli
3210 496 3369 543 erunt
3400 486 3519 542 lilii.

251 601 316 653 Ei
344 598 402 652 ἃ
427 599 495 651 τὰ
520 596 703 667 πολλῷ
756 594 1040 663 κρείττονα
1087 592 1268 662 μέτρῳ
1305 588 1507 661 κυρίως
1555 587 1655 641 οὐκ
1693 585 1830 638 είσὶν

251 690 360 742 υἱοὶ
392 688 412 758 (
437 687 613 742 οὐδενὶ
640 687 749 758 γάρ
784 702 914 739 ποτε
955 684 1064 737 τῶν
1087 682 1335 750 ἀγγέλων
1365 675 1540 733 εἶπεν·
1576 676 1703 739 Υιός
1728 692 1828 745 μου

251 773 301 829 εἷ
327 778 392 829 σὺ
416 777 471 845 ),
500 776 603 829 οὐκ
626 775 780 829 ἔσται
807 776 915 845 ἄρα
937 772 1000 825 16
1042 770 1243 841 κτίσμα
1276 769 1435 823 τοῦτο
1462 767 1555 821 καὶ
1584 765 1830 836 γέννημα

252 864 475 936 κυρίως.

942 969 1148 1025 ΔΛΛΟ.

320 1090 387 1143 Ei
438 1087 644 1158 κτίσμα
705 1085 799 1140 καὶ
853 1086 1100 1155 γέννημα
1135 1082 1327 1136 ταυτόν
1365 1080 1535 1144 ἐστιν,
1573 1081 1601 1133 6
1634 1077 1833 1142 κτίζων

251 1181 405 1234 ἔσται
440 1178 533 1232 καὶ
568 1178 779 1247 Πατήρ.
811 1177 952 1230 Είδὶ
986 1174 1157 1241 κτίζει
1198 1176 1227 1228 6
1260 1176 1409 1238 Υίὸς,
1446 1174 1596 1226 ἔσται
1620 1173 1649 1224 6
1672 1170 1833 1234 αὐτὸς

252 1269 350 1322 καὶ
378 1269 591 1337 Πατήρ.
647 1269 711 1321 Ei
774 1267 832 1320 δὲ
892 1266 1065 1333 τοῦτο,
1114 1266 1266 1319 ἔσται
1322 1264 1531 1336 [ἰατρὸς
1582 1261 1772 1331 Πατὴρ
1805 1263 1833 1314 6

248 1358 535 1427 ἀγένητος,
561 1357 711 1411 οὐδὲν
734 1358 897 1411 πλέον
921 1358 1059 1429 ἒχων
1092 1356 1189 1426 τῆς
1217 1355 1340 1412 καθ’
1372 1356 1519 1426 ἡμᾶς
1569 1370 1831 1425 πραγμα-

250 1452 403 1515 τείας
432 1452 491 1503 ὲν
519 1452 586 1519 τῇ
612 1450 808 1505 ἑαυτοῦ
832 1450 1101 1521 θεογονίᾳ,
1128 1451 1288 1521 εῐπερ
1314 1449 1375 1503 16
1404 1447 1652 1517 γέννημα
1676 1444 1834 1499 τοῦτο

248 1542 278 1594 ὃ
302 1543 399 1596 καὶ
439 1540 645 1611 κτίσμα
672 1540 951 1611 τυγχάνει.

937 1655 1142 1708 ΔΛΑΟ.

318 1770 384 1824 Ei
406 1769 470 1823 τὸ
490 1768 696 1839 κτίσμα
720 1769 867 1821 ἐστὶν
896 1768 1111 1838 ἀληθῶς
1139 1768 1233 1822 καὶ
1268 1768 1532 1839 γέννημα,
1582 1767 1834 1839 καθάπερ

247 1863 277 1913 6
308 1858 461 1923 Υίδς,
484 1823 636 1912 ἐσταί
657 1857 764 1911 τῶν
790 1823 1009 1912 πάντων
1038 1823 1321 1925 ἀέελφὸςιό
1340 1823 1565 1920 Υῑὲξ,όῡ
1595 1857 1701 1927 μὴν
1723 1823 1836 1909 Κύι-
1870 1823 1914 1882 Β

251 1968 367 2024 ριος
397 1953 427 2005 6
463 1951 617 2014 Θεός.
674 1952 737 2004 Ei
762 1951 819 2004 δὲ
861 1950 973 2003 ἐστι
1032 1949 1236 2020 Κύριος
1277 1950 1372 2004 καὶ
1405 1949 1558 2013 Θεὸς,
1599 1949 1701 2002 οὐκ
1729 1950 1838 2020 ἄρα

249 2042 500 2112 ἀδελφός.
556 2043 621 2096 Ei
668 2043 847 2096 τοίνυν
901 2040 979 2112 τῷ
1039 2041 1153 2111 Υίῷ
1202 2041 1316 2094 ὄντι
1364 2044 1641 2112 μονογενεῖ
1684 2040 1837 2095 οὐδὲν

250 2132 358 2185 τῶν
386 2132 559 2186 ὅντων
604 2132 752 2184 ἐστὶν
802 2130 1052 2199 ἀδελφὸν,
1108 2129 1229 2183 οὐδὲ
1279 2130 1599 2201 γεννήματα
1630 2130 1837 2199 κυρίως

251 2222 360 2274 εἰσὶ
391 2221 460 2274 τὰ
478 2220 661 2283 λοιπὰ,
697 2221 804 2273 εἰσὶ
849 2220 906 2273 δὲ
950 2220 1223 2290 κτίσματα
1277 2221 1480 2292 κυρίως
1504 2238 1515 2250 ·
1549 2221 1666 2285 πῶς
1726 2222 1835 2291 ἄρα

252 2310 446 2364 ταυτὸν
476 2310 681 2381 κτίσμα
707 2312 801 2364 καὶ
826 2312 1070 2381 γέννημα
1096 2328 1111 2376 ;

944 2516 1148 2570 ΔΑΜ).

322 2632 390 2686 Ei
405 2633 469 2687 τὸ
490 2632 703 2703 ποίημα
721 2630 871 2684 ἔσται
905 2630 999 2683 καὶ
1024 2630 1293 2700 γέννημα,
1315 2630 1344 2682 6
1378 2628 1549 2683 ποιῶν
1572 2628 1726 2684 ἔσται
1745 2630 1840 2682 καὶ

254 2726 557 2795 γεννήτωρ.
593 2722 703 2776 Καὶ
756 2722 1014 2793 προάγων
1060 2721 1159 2791 μὲν
1194 2720 1257 2773 16
1306 2722 1415 2775 πᾶν
1458 2721 1518 2785 ἔξ
1540 2720 1732 2775 ἑαυτοῦ
1763 2722 1839 2784 ὡς

255 2817 555 2886 γεννήτωρ,
579 2814 778 2882 ἔξωθεν
798 2812 856 2866 δὲ
883 2813 944 2867 16
1000 2813 1131 2867 αὐτὸ
1166 2812 1333 2867 ποιῶν
1379 2813 1455 2876 ὡς
1484 2813 1837 2883 δημιουργός.

255 2906 318 2959 Ei
338 2904 396 2959 δὲ
421 2902 620 2969 ἔξωθεν
659 2903 816 2957 τοῦτο
844 2906 988 2956 ποιεῖ
1024 2901 1052 2956 6
1079 2903 1174 2955 καὶ
1207 2903 1409 2957 τίκτειν
1440 2901 1500 2967 ἐξ
1524 2902 1719 2957 ἑαυτοῦ
1748 2902 1842 2955 δύο

254 3012 434 3059 ναται,
464 2994 581 3057 ἑνὸς
608 2993 762 3056 ὄντος
810 2991 910 3063 ήδη
939 2988 1035 3044 τοῦ
1070 2990 1158 3044 ἐπ’
1194 2992 1395 3061 ἀμφοῖν
1443 2992 1667 3062 τρόπου,
1724 2992 1843 3055 πῶς

254 3086 316 3137 16
338 3087 396 3137 ὲν
423 3085 504 3138 ἑνὶ
561 3085 848 3155 πράγματι
898 3078 1185 3151 συναχἯὲν.
1246 3080 1340 3134 δύο
1396 3083 1739 3153 πραγμάτων
1774 3081 1840 3135 ἂν

1934 582 1993 637 Si
2012 598 2139 638 vero
2190 598 2309 653 quae
2338 582 2715 651 praestantiora
2751 580 2919 635 multo
2941 587 3085 642 sunt,
3117 593 3221 631 non
3239 586 3365 631 sunt
3420 576 3517 631 ﬁlii

1935 674 2157 745 (nemini
2183 675 2327 729 enim
2359 689 2597 744 unquam
2647 672 2961 742 angelorum
3018 668 3159 725 dixit
3196 666 3339 724 Deus
3377 687 3390 722 :
3426 667 3519 724 Fi-

1936 764 2036 819 lius
2060 780 2215 821 meus
2242 780 2303 820 es
2364 766 2443 836 tu)
2470 782 2483 817 :
2513 781 2619 821 non
2648 765 2756 820 erit
2786 763 2972 833 itaque
3016 768 3267 817 creatura
3297 760 3519 860 prop-r're

1934 870 2204 926 genimen.

2608 968 2838 1024 ALIUD.

2010 1084 2067 1138 Si
2096 1092 2345 1140 creatura
2372 1093 2425 1139 et
2457 1083 2707 1152 genimen
2756 1083 3073 1147 suntidem,
3102 1084 3194 1153 qui
3224 1087 3379 1137 creat
3417 1079 3525 1136 erit

1935 1175 2113 1230 Pater.
2148 1176 2203 1228 Si
2238 1184 2418 1230 autem
2450 1186 2599 1230 creat
2633 1174 2823 1239 Filius,
2856 1176 2963 1231 erit
2992 1176 3106 1245 ipse
3148 1174 3316 1230 etiam
3336 1173 3521 1229 Pater.

1935 1268 2087 1334 Quod
2113 1268 2157 1322 si
2196 1282 2380 1321 verum
2400 1276 2504 1333 est,
2537 1268 2642 1321 erit
2666 1265 2846 1322 Patris
2870 1266 3031 1321 Pater
3068 1266 3365 1335 ingenitus,
3390 1264 3525 1319 nihil

1937 1361 2167 1428 amplius
2200 1360 2403 1415 habens
2435 1374 2596 1429 quam
2636 1374 2736 1414 nos
2771 1360 2824 1414 in
2853 1374 2950 1414 sua
2995 1358 3179 1413 divina
3212 1356 3524 1428 generatio-

1938 1466 2029 1516 ne,
2058 1451 2326 1520 siquidem
2356 1451 2605 1521 genimen
2635 1460 2690 1506 et
2718 1460 2970 1506 creatura
3004 1451 3144 1506 idem
3170 1458 3275 1506 est.

2614 1646 2849 1707 ALIUD.

2015 1760 2071 1816 Si
2104 1770 2352 1816 creatura
2384 1775 2510 1817 vere
2557 1761 2725 1814 etiam
2787 1768 2873 1816 est
2924 1759 3200 1828 genimen,
3255 1758 3395 1813 sicut
3432 1757 3528 1812 Fi-

1946 1851 2047 1906 lius
2081 1866 2095 1909 ε
2162 1851 2268 1905 erit
2300 1862 2450 1905 certe
2472 1849 2643 1904 Filius
2665 1850 2909 1904 omnium
2962 1848 3154 1914 frater,
3195 1863 3300 1901 non
3346 1856 3527 1902 autem

1947 1943 2205 1997 Dominus
2239 1942 2399 1996 Deus.
2433 1941 2487 1996 Si
2521 1958 2652 1997 vero
2683 1952 2766 1997 est
2812 1940 3071 1997 Dominus
3105 1950 3161 1994 et
3194 1939 3357 2005 Deus,
3422 1953 3529 1994 non

1946 2034 2109 2102 igitur
2134 2032 2320 2087 frater.
2359 2032 2416 2087 Si
2441 2049 2571 2103 ergo
2612 2032 2774 2095 Filio,
2805 2047 2927 2088 cum
2982 2032 3054 2087 sit
3090 2029 3531 2102 onigenit‘us,ni-

1946 2126 2018 2179 hil
2046 2140 2110 2179 ex
2154 2124 2219 2179 iis
2254 2138 2375 2193 quae
2412 2125 2684 2180 exsistunt
2725 2122 2899 2193 possit
2956 2122 3066 2176 dici
3114 2120 3304 2183 frater,
3344 2118 3531 2189 profe-

1945 2230 2034 2273 cto
2066 2220 2286 2289 reliqua.
2310 2221 2579 2289 genimina
2608 2220 2823 2290 praprie
2843 2233 2951 2272 non
2977 2225 3159 2278 erunt.
3184 2218 3281 2272 sed
3309 2214 3531 2286 proprie

1945 2317 2227 2364 creatum.
2263 2308 2548 2375 Quomodo
2571 2324 2703 2379 ergo
2736 2308 2875 2364 idem
2916 2308 3028 2364 sint
3072 2315 3323 2362 creatura
3354 2312 3409 2359 et
3440 2317 3533 2373 ge-

1946 2400 2162 2456 ttimen?

2611 2507 2769 2565 ALIU
2780 2506 2843 2564 D.

2017 2627 2074 2683 Si
2113 2642 2247 2697 opus
2277 2634 2331 2680 et
2358 2625 2611 2698 genimen
2667 2632 2796 2680 sunt
2839 2622 3006 2686 idem,
3063 2619 3245 2690 opifex
3290 2620 3453 2676 etiam
3483 2626 3539 2674 et

1946 2722 2159 2793 genitor
2192 2720 2333 2775 idem
2361 2725 2543 2773 erunt.
2574 2716 2642 2771 Et
2670 2716 2980 2785 producens
3010 2714 3233 2784 quidem
3258 2713 3444 2768 omnia
3469 2725 3536 2767 ex

1946 2827 2005 2867 se
2042 2818 2101 2865 ut
2134 2812 2383 2881 genitor,
2419 2808 2758 2864 extrinsecus
2784 2817 2914 2861 vero
2943 2805 3046 2860 hoc
3068 2803 3275 2859 faciens
3308 2813 3538 2859 utcrea-

1948 2912 2051 2957 tor.
2079 2902 2295 2957 Si't‘vero
2331 2901 2672 2957 extrinsecus
2699 2898 2841 2953 idem
2872 2897 3024 2960 facit,
3063 2899 3206 2966 quod
3233 2903 3288 2951 et
3315 2897 3539 2967 gignere

1947 3008 2014 3049 ex
2042 3008 2101 3048 se
2118 3002 2315 3064 potest,
2342 3008 2464 3048 cum
2501 3006 2606 3046 una
2642 2990 2942 3059 eademque
2968 2990 3041 3043 sit
3068 2989 3121 3042 in
3179 2998 3412 3057 utroque
3458 3002 3540 3042 ra-

1950 3086 2047 3149 tio,
2077 3084 2350 3154 quomodo
2379 3083 2522 3153 quod
2556 3084 2610 3137 in
2642 3095 2805 3136 unam
2836 3095 2949 3134 rem
2976 3079 3235 3135 collatum
3269 3088 3374 3143 est,
3410 3080 3539 3133 dua.

257 3176 373 3245 ἔχοι
402 3175 793 3245 προσηγορίας,
830 3174 878 3226 εί
931 3173 1005 3245 μὴ
1030 3173 1139 3246 ἄρα
1170 3172 1375 3241 θατέρα
1426 3172 1718 3243 αὐτῶνεῐη
1761 3173 1841 3225 δι-

1963 3191 2067 3231 rum
2097 3191 2277 3231 rerum
2309 3175 2727 3245 appellationem
2786 3172 3006 3240 habeat,
3042 3172 3147 3227 nisi
3209 3170 3539 3227 alterutrum

257 3264 568 3336 ιψευσμένη
590 3281 605 3329 ς

954 3378 1157 3431 ΔΛΛΟ.

331 3490 398 3542 Εί
420 3489 481 3540 16
525 3488 730 3557 κτίσμα
774 3487 933 3541 τοῦτο
984 3489 1075 3541 καὶ
1112 3488 1378 3560 γέννημα,
1423 3489 1629 3561 κτίσμα
1652 3492 1730 3554 δὲ,
1770 3490 1847 3555 ὥς

262 3595 421 3650 φασι,
463 3579 525 3633 16
576 3578 818 3649 Πνεῦμα,
842 3578 998 3650 δῆλον
1026 3580 1109 3632 ὅτι
1172 3582 1264 3634 καὶ
1317 3581 1588 3651 γέννημα.
1629 3582 1768 3635 Ἀλλ’
1800 3584 1850 3636 εί

266 3668 368 3737 μὲν
419 3667 631 3739 Ila-:96;
653 3707 667 3727 ,
725 3667 909 3721 οὐκέτι
942 3668 1235 3740 μονογενὴς
1274 3671 1302 3723 6
1333 3669 1478 3733 Υἱός.
1504 3670 1566 3725 Ei
1586 3670 1644 3724 δὲ
1675 3670 1808 3726 Υίοῦ
1832 3710 1848 3737 ,

264 3755 418 3807 ἔσται
462 3753 589 3819 Υἱὸς
610 3753 765 3820 Υίοῦ,
795 3756 949 3825 εῖπερ
970 3756 1031 3809 16
1061 3757 1262 3828 κτίσμα
1312 3758 1470 3813 τοῦτο
1490 3759 1585 3814 καὶ
1606 3760 1855 3832 γέννημα

262 3845 542 3916 τυγχάνει.

276 4068 401 4123 Ὀτι
423 4065 511 4137 μὴ
544 4067 622 4130 τῷ
659 4067 876 4126 κτίζειν
908 4068 1245 4194 τὸΘγεζνᾷν
1281 4073 1502 4126 tua:th
1540 4072 1713 4127 ἐστιν
1742 4071 1844 4125 ἐπὶ

1024 4156 1150 4193 εσυ.

1024 4156 1150 4193 εσυ.

341 4249 405 4303 Ei
431 4250 490 4303 16
514 4253 707 4322 γεννᾷν
735 4251 828 4305 καὶ
848 4251 906 4305 16
934 4255 1107 4305 ποιεῖν
1146 4255 1343 4307 ταυτόν
1362 4256 1478 4308 ἐστι
1520 4257 1671 4327 παρὰ
1702 4256 1847 4326 Θεῷ,

1957 3283 2141 3323 eorum
2169 3269 2241 3323 sit
2278 3266 2506 3323 falsum?

2622 3378 2784 3435 ALlU
2797 3379 2859 3432 ί).

2027 3496 2084 3550 Si
2114 3504 2364 3551 creatura
2390 3502 2445 3548 et
2470 3492 2723 3565 genimen
2755 3492 2898 3546 idem
2932 3499 3082 3558 sunt,
3131 3498 3385 3547 creatura
3438 3505 3539 3556 su—

1956 3597 2061 3642 tem
2097 3596 2203 3653 est,
2226 3598 2287 3642 ut
2317 3587 2468 3641 aiunt
2495 3586 2595 3651 illi,
2632 3582 2871 3653 Spiritus
2898 3591 3146 3649 sanctus,
3181 3592 3332 3639 certe
3361 3592 3416 3639 et
3442 3598 3541 3653 ge-

1953 3681 2136 3735 nimen
2170 3680 2299 3734 erit.
2328 3679 2490 3748 Atqui
2534 3677 2578 3732 si
2606 3677 2787 3733 Patris
2821 3677 3075 3746 genimen
3126 3683 3230 3742 est,
3261 3674 3371 3742 iam
3434 3690 3541 3730 non

1951 3768 2056 3824 erit
2116 3769 2421 3839 unigenitus
2490 3767 2661 3823 Filius
2720 3783 2735 3820 :
2780 3767 2828 3822 si
2876 3781 3007 3823 vero
3055 3766 3221 3830 Filii,
3274 3765 3381 3821 erit
3458 3762 3546 3820 Fi-

1952 3860 2058 3915 lius
2130 3860 2275 3926 Filii,
2332 3860 2603 3932 siquidem
2654 3868 2906 3935 creatura
2962 3866 3019 3916 et
3098 3858 3349 3929 genimen
3398 3856 3539 3913 idem

1953 3959 2099 4005 sunt.

2062 4084 2215 4151 Quod
2239 4101 2417 4139 creare
2437 4096 2485 4140 ει
2508 4086 2718 4156 gignere
2734 4103 2841 4141 non
2874 4095 2999 4140 sunt
3022 4086 3165 4142 idem
3213 4086 3271 4140 in
3294 4085 3432 4141 Deo.

2025 4261 2082 4315 Si
2115 4261 2335 4331 gignere
2359 4269 2415 4315 et
2448 4275 2635 4315 creare
2658 4261 2800 4316 idem
2830 4270 2910 4316 est
2940 4262 2993 4316 in
3023 4260 3156 4328 Deo,
3185 4270 3416 4332 generat
3443 4277 3542 4327 au-

266 4342 437 4412 γεννᾷ
460 4340 517 4395 δὲ
548 4342 637 4394 τὸν
665 4341 791 4395 Υἱὸν
821 4343 1208 4412 ἀμεσιτεύτως,
1252 4344 1412 4414 δῆλον
1435 4346 1516 4397 ὅτι
1547 4346 1639 4398 καὶ
1669 4347 1841 4399 πάντα

1963 4359 2061 4405 lem
2090 4350 2285 4406 Filium
2334 4352 2650 4408 immediate
2702 4367 2799 4421 per
2828 4368 2888 4408 se
2915 4370 2930 4408 :
2962 4363 3113 4408 certe
3142 4352 3305 4408 etiam
3358 4354 3542 4409 omnia

265 4433 439 4503 γεννᾷ
471 4431 502 4500 ἢ
530 4434 675 4485 ποιεῖ
698 4432 1086 4497 ἀμεσιτεύτως.
1125 4433 1185 4487 Εἰ
1206 4434 1261 4487 δὲ
1311 4437 1474 4505 γεννᾷ
1516 4435 1614 4505 μὲν
1649 4437 1712 4489 οὐ
1761 4437 1841 4490 διά

1963 4441 2271 4496 immediate
2290 4455 2386 4510 per
2412 4455 2470 4495 se
2501 4450 2727 4511 generat
2753 4440 2835 4495 vel
2869 4440 3019 4495 facit.
3069 4439 3127 4496 Si
3160 4452 3343 4496 autem
3375 4458 3541 4512 gene-

265 4540 437 4585 τινος,
486 4522 668 4576 οὐκέτι
722 4522 777 4575 δὲ
817 4524 910 4576 καὶ
949 4524 1020 4577 τὰ
1072 4525 1248 4578 πάντα
1285 4529 1428 4578 ποιεί
1450 4527 1841 4595 ἀμεσιτεύτως,

1963 4540 2043 4583 rat
2075 4548 2179 4585 non
2212 4531 2592 4601 per‘aliquem,
2626 4541 2680 4585 at
2711 4547 2818 4586 non
2844 4532 3026 4593 omnia
3054 4524 3187 4586 facit
3232 4532 3545 4589 immediate

268 4612 388 4675 πῶς
415 4612 478 4667 16
502 4614 695 4683 γεννᾷν
728 4614 921 4667 ταυτόν
981 4616 1095 4668 ἐστι
1146 4614 1226 4685 τῷ
1269 4617 1440 4669 ποιεῖν
1491 4618 1641 4688 παρὰ
1694 4618 1850 4689 Θεῷ;

266 4703 501 4759 Ποιεῖδὲ
528 4706 768 4774 σεισμὸν,
817 4704 1022 4775 λοιμὸν,
1056 4707 1458 4776 κατακλυσμὸν,
1496 4710 1667 4764 ταῦτα
1698 4710 1851 4764 ἔσται

266 4793 479 4862 γεννῶν
506 4794 723 4860 ἃποιεῖ,
760 4797 917 4867 εἰπερ
967 4798 1045 4868 τῷ
1074 4801 1247 4852 ποιεῖν
1290 4799 1349 4852 τὸ
1403 4802 1599 4872 γεννᾷν
1649 4805 1848 4856 ταυτόν

265 4887 388 4939 ἐστι
415 4885 547 4958 παρ’
574 4886 741 4957 αὐτῷ.

965 4999 1165 5052 ΑΛΛΟ.

342 5111 406 5164 Εί
440 5110 562 5164 ὅθεν
602 5113 765 5182 γεννᾷ
814 5111 982 5176 Θεὸς,
1040 5113 1248 5166 ἐκεῖθεν
1302 5116 1392 5167 καὶ
1436 5115 1642 5183 κτίζει,
1698 5119 1851 5173 οὐδὲν

269 5202 511 5273 ὰράχνου
531 5202 740 5267 διοίσει,
773 5204 891 5257 κατ’
918 5205 1131 5269 αὐτοῦς,
1159 5206 1252 5260 τοῦ
1280 5208 1340 5260 16
1370 5208 1573 5271 κτίζειν
1614 5212 1763 5281 παρὰ
1792 5214 1852 5266 16

272 5294 468 5363 γεννᾷν
497 5293 597 5347 οὐκ
622 5294 796 5359 ἄλλως
822 5295 1053 5366 ἔχοντος.
1089 5297 1229 5349 Ἀλλ’
1253 5290 1408 5362 οὗτος
1450 5301 1549 5369 μὲν
1573 5302 1722 5374 νόμῳ
1752 5304 1853 5373 φύ-

270 5401 410 5446 σεως
439 5384 727 5453 ἀγόμενος,
756 5386 878 5440 ὅθεν
907 5388 1087 5457 γεννᾷ.
1120 5390 1327 5442 ἐκεῖθεν
1368 5392 1461 5445 καὶ
1496 5392 1689 5457 κτίζει.
1716 5394 1852 5458 Θεὸς

264 5472 347 5538 δὲ,
366 5473 463 5527 οὐκ
482 5472 557 5526 ὢν
580 5474 686 5526 ὑπὸ
710 5475 889 5542 φύσιν,
914 5476 989 5540 ὡς
1018 5477 1229 5549 ἀνάγκη
1252 5478 1465 5547 φύσεως
1494 5484 1852 5554 ὑποκείμενος

276 5565 404 5634 παρ’
426 5564 609 5620 αὐτῶν
640 5566 984 5636 ἁτιμάζεται.

959 5681 1163 5735 AAAO.

337 5788 400 5845 Ei
428 5789 557 5844 ἐπεὶ
585 5789 876 5847 ἀσύνθετον
910 5793 965 5846 τὸ
995 5794 1169 5861 Θεῖον,
1198 5796 1452 5863 ὡσαύτω,
1486 5797 1597 5865 ἔχει
1624 5798 1702 5865 τῷ
1727 5816 1849 5865 γεν-

1956 4636 2050 4691 per
2086 4636 2165 4684 se,
2223 4623 2493 4689 quomodo
2536 4623 2677 4677 idem
2714 4624 2816 4676 erit
2855 4637 3119 4690 generare
3158 4632 3213 4677 et
3264 4622 3447 4677 facere
3489 4625 3543 4678 in

1959 4712 2110 4766 Deo?
2136 4712 2290 4766 Facit
2318 4727 2449 4767 vero
2483 4720 2644 4768 terra:
2697 4722 2927 4777 motum,
2961 4721 3193 4783 pestem,
3225 4712 3490 4767 diluvium
3526 4731 3541 4767 :

1958 4818 2088 4870 ergo
2115 4813 2170 4858 et
2200 4812 2429 4874 generat
2462 4818 2580 4873 qua:
2604 4802 2753 4869 facit,
2785 4805 2832 4858 si
2870 4806 3030 4860 modo
3053 4820 3317 4875 generare
3373 4813 3429 4860 et
3461 4804 3542 4860 fa-

1959 4908 2081 4949 cere
2114 4895 2256 4951 idem
2288 4897 2341 4949 in
2370 4895 2487 4966 ipso
2507 4904 2611 4950 est.

2521 5007 2683 5080 134
2738 5005 2970 5064 suun.

2028 5122 2081 5175 Si
2113 5122 2498 5190 undegenerat
2542 5124 2707 5187 Deus,
2741 5123 2864 5177 inde
2891 5122 3054 5177 etiam
3076 5130 3251 5187 creat,
3287 5123 3421 5177 nihil
3476 5124 3546 5179 ab

1961 5225 2159 5264 araneo
2185 5210 2417 5277 differet,
2442 5212 2599 5281 juxta
2634 5212 2772 5276 illos,
2805 5212 2894 5280 qui
2932 5227 3037 5266 non
3063 5211 3168 5265 alia
3202 5214 3415 5267 ratione
3446 5227 3544 5280 ge-

1960 5310 2137 5367 nerat,
2158 5317 2318 5371 quam
2348 5301 2495 5356 facit.
2530 5304 2633 5357 Sed
2663 5303 2751 5357 hic
2783 5303 3001 5371 quidem
3030 5302 3146 5372 lege
3170 5314 3375 5357 natura!
3436 5305 3541 5357 du-

1961 5400 2101 5455 ctus,
2129 5392 2267 5446 unde
2298 5400 2543 5461 generat,
2570 5392 2694 5446 inde
2721 5402 2774 5446 et
2793 5402 2961 5447 creat.
3019 5392 3162 5448 Deus
3212 5404 3393 5447 autem
3420 5406 3546 5446 eum

1964 5497 2068 5536 non
2101 5483 2172 5538 sit
2207 5494 2417 5536 natura:
2448 5482 2743 5550 subjectus,
2787 5493 3045 5553 tanquam
3096 5492 3303 5539 natura:
3337 5482 3548 5553 legibus

1957 5574 2202 5629 subditus
2233 5571 2301 5627 ab
2328 5574 2456 5645 ipsis
2484 5575 2869 5629 contemnitur.

2638 5685 2870 5742 ALIUD.

2039 5796 2095 5851 Si
2125 5798 2379 5867 quoniam
2426 5799 2691 5858 Divinitas
2735 5800 3036 5867 composita
3082 5816 3190 5859 non
3222 5811 3325 5867 est,
3355 5803 3544 5858 eadem
