3994 6324
482 404 576 462 511

1500 413 1558 470 3.
1600 412 1877 470 CYRILLI
1913 408 2379 468 ALEXANDle
2402 412 2729 469 VABCHIEP.

3599 409 3703 469 5i?-

486 518 695 575 ratione
724 526 961 591 generat,
1016 535 1122 592 qua
1177 527 1584 582 crest:eadcm
1622 528 1787 583 etiam
1834 527 2036 583 ratione

2143 528 2238 597 νᾷν
2259 528 2319 581 τδ
2357 528 2527 580 ποιεῖν
2551 567 2565 589 ,
2611 525 2868 589 ὡσαύτως
2924 526 3034 591 ἕξει
3079 527 3171 581 καὶ
3208 526 3267 580 τὸ
3305 523 3703 597 προγινώσκειν

484 621 916 682 praenoscet,qua
949 611 1136 681 faciet,
1164 623 1222 669 ut
1242 616 1493 672 nimirum
1515 617 1676 673 etiam
1702 618 1803 673 hac
1830 618 2037 672 ratione

482 698 677 754 sitnon
708 701 1025 770 composita.
1052 701 1202 771 Quod
1218 704 1264 759 si
1289 705 1363 760 ita
1389 714 1490 773 est,
1518 709 1615 762 erit
1632 708 1853 763 o'mnino
1874 706 2038 762 etiam

486 788 689 843 faciens
748 790 887 846 mala
936 806 1057 860 qua
1111 796 1416 863 praenoscit,
1444 797 1488 850 si
1532 798 1690 853 modo
1719 797 1859 852 idem
1912 806 2040 853 sunt

485 877 600 932 hac
647 879 701 933 in
740 880 875 948 ipso,
924 882 1064 951 quod
1102 884 1314 951 quidem
1356 892 1440 939 est
1468 900 1570 940 non
1608 899 1728 942 esse
1775 885 2038 957 composi-

486 978 622 1022 tum.

1143 1081 1375 1140 ALIUD.

556 1184 614 1241 Si
639 1185 779 1244 Deus
801 1190 986 1246 eadem
1015 1192 1222 1249 ratione
1236 1202 1458 1264 generat
1478 1205 1532 1250 et
1560 1204 1727 1263 creat,
1756 1196 1879 1265 quia
1898 1209 2041 1252 com-

484 1274 691 1345 positus
718 1290 825 1332 nou
857 1288 938 1334 est
966 1299 981 1335 :
1034 1281 1217 1337 videre
1240 1291 1293 1338 et
1319 1298 1574 1353 generare
1602 1284 1742 1341 idem
1788 1284 1951 1340 etiam
1985 1284 2040 1339 in

486 1368 603 1436 ipso
632 1367 815 1438 fuerit,
848 1380 907 1426 ut
932 1372 988 1427 in
1007 1373 1312 1431 universum
1345 1392 1449 1431 non
1473 1377 1543 1432 sit
1593 1378 1945 1448 compositus.
1981 1375 2038 1432 Si

484 1470 613 1514 vero
676 1460 791 1517 haec
855 1476 960 1519 non
1010 1474 1137 1521 sunt
1189 1467 1244 1522 in
1292 1482 1357 1524 eo
1403 1466 1757 1524 indidereutia
1787 1509 1804 1532 ,
1881 1478 2043 1539 atque

483 1548 672 1603 eadem
719 1549 912 1622 (neque
950 1553 1093 1609 enim
1155 1558 1296 1626 quod
1330 1558 1523 1623 ‘videt,
1567 1558 1671 1614 hoc
1719 1568 1775 1614 et
1799 1558 2040 1629 generat)

485 1636 801 1707 simplicitas
846 1640 962 1710 ejus
1020 1657 1125 1699 non
1181 1644 1392 1701 laeditur
1427 1664 1439 1699 :
1476 1662 1544 1703 ne
1571 1647 1623 1703 id
1656 1646 1869 1716 quidem
1901 1649 2041 1717 quod

486 1727 643 1783 aliter
690 1741 931 1800 generet,
978 1734 1136 1791 aliter
1188 1746 1353 1804 creet,
1405 1736 1598 1793 elliciet
1652 1748 1708 1793 ut
1765 1739 1835 1794 sit
1883 1752 2038 1797 com-

482 1819 709 1888 positus.

1144 1936 1374 1997 ALIUD.

555 2043 613 2099 Si
637 2046 690 2100 in
714 2048 908 2116 quibus
935 2065 1197 2120 generare
1224 2064 1279 2109 et
1325 2068 1512 2110 creare
1570 2053 1781 2110 diversa
1805 2064 1952 2123 sunt,
2005 2057 2043 2112 ii

481 2149 743 2205 generant
767 2155 834 2195 ex
865 2141 1078 2212 seipsis,
1130 2154 1315 2211 creant
1368 2161 1495 2202 vero
1543 2148 1922 2204 extrinsecus:
1989 2149 2042 2205 in

477 2227 677 2295 quibus
700 2243 824 2284 vero
847 2245 1106 2300 generare
1132 2240 1187 2288 et
1206 2248 1395 2290 creare
1424 2233 1565 2290 idem
1587 2245 1690 2301 est,
1714 2238 1767 2291 in
1792 2238 1858 2293 iis
1887 2254 2011 2294 crea
2027 2268 2043 2280 -

480 2333 542 2375 re
570 2319 906 2376 extrinsecus
936 2336 1043 2377 non
1088 2325 1322 2390 exsistit,
1366 2328 1816 2395 quemadmodum
1870 2334 2076 2398 neque‘

476 2422 547 2462 ex
581 2422 703 2464 sese
734 2424 1014 2477 generare.
1047 2413 1106 2468 Si
1166 2430 1296 2471 vero
1354 2417 1687 2474 extrinsecus
1723 2427 1927 2474 tantum
1964 2420 2038 2474 illi

475 2498 801 2566 concedunt,
825 2503 966 2570 quod
997 2504 1212 2573 quidem
1244 2516 1329 2561 est
1348 2505 1547 2572 facere,
1593 2522 1858 2577 generare
1915 2523 2043 2564 vero

479 2598 583 2639 non
614 2585 739 2641 item
775 2605 788 2640 :
816 2589 1098 2659 adoptione
1130 2592 1235 2647 erit
1263 2601 1435 2662 pater.
1466 2595 1557 2662 qui
1592 2596 1858 2652 naturalis
1881 2611 2037 2653 crea-

479 2684 565 2729 ιον
591 2685 692 2733 BSt.

1140 2794 1370 2852 ALIUD.

549 2899 607 2953 Si
639 2914 897 2970 generare
951 2911 1007 2958 et
1056 2918 1243 2961 creare
1288 2907 1340 2961 in
1398 2907 1528 2972 Deo,
1558 2908 1684 2979 quia
1710 2911 2039 2981 compositus

477 3002 587 3042 non
611 3000 714 3054 est,
754 2991 893 3045 idem
923 3003 1071 3059 sunt,
1097 3010 1203 3050 non
1233 3004 1410 3051 autem
1433 2997 1595 3052 etiam
1624 2999 1678 3053 in
1713 3000 1888 3066 nobis,
1913 3000 2041 3070 quia

480 3080 613 3136 tales
638 3097 743 3137 non
767 3096 952 3139 sumus
986 3100 999 3135 :
1036 3085 1175 3141 idem
1193 3088 1297 3143 erit
1324 3088 1377 3142 in
1398 3086 1488 3141 illo
1506 3103 1842 3157 praenoscere
1869 3101 1923 3146 et
1948 3104 2039 3160 ge-

2138 616 2217 687 τῷ
2252 622 2455 699 ποιεῖν,
2470 620 2555 671 ῖνα
2581 620 2866 691 καὶταύτῃ
2970 618 3275 673 ἀσύνθετον.
3320 620 3382 671 Εί
3431 618 3487 670 δὲ
3512 618 3699 682 τοῦτο,

2141 706 2292 759 ἕσται
2322 707 2485 762 ποιῶν
2502 706 2538 761 ἃ
2572 708 2929 779 προγινώσκει
2952 707 3116 771 κακὰ,
3139 709 3297 778 εῖπερ
3320 707 3510 761 ταυτὸν
3527 705 3704 759 ταῦτα.

2141 801 2271 869 παρ’
2304 798 2469 871 αὐτῷ,
2501 801 2581 854 ὅτι
2607 801 2670 872 δὴ
2698 803 2790 854 καὶ
2816 800 3122 856 ἀσύνθετον.

2817 1083 3020 1137 MAO.

2212 1191 2274 1245 Εί
2306 1192 2365 1246 τὸ
2397 1195 2586 1262 γεννᾷν
2623 1192 2720 1249 καὶ
2761 1194 2827 1248 τὸ
2854 1194 3055 1257 κτίζειν
3098 1192 3359 1256 ὡσαύτως
3394 1191 3508 1263 ἔχει
3533 1192 3704 1257 Θεὸς,

2142 1283 2327 1354 ἐπειδὴ
2351 1284 2659 1347 ἀσύνθετος,
2686 1284 2777 1338 καὶ
2800 1286 2860 1338 τὸ
2880 1287 3012 1356 ὁρᾷν
3067 1283 3143 1355 τῷ
3175 1286 3370 1356 γεννᾷν
3401 1284 3595 1338 ταυτὸν
3636 1284 3703 1339 ἂν

2142 1374 2224 1446 εῐη
2253 1378 2381 1447 παρ’
2409 1376 2581 1447 αύτῷ,
2632 1377 2717 1429 ῖνα
2766 1377 2941 1448 πάντη
2966 1378 3022 1431 ὲν
3059 1376 3289 1448 αύτῷτδ
3316 1376 3608 1431 ἀσύνθετον

2142 1468 2205 1522 Εί
2238 1468 2295 1522 δὶ
2321 1468 2393 1540 μὴ
2420 1468 2548 1522 ὂντα
2576 1470 2703 1539 παρ’
2736 1468 2883 1539 αὐτῷ
2947 1468 3117 1523 ταῦτα
3162 1469 3431 1541 ἀδιάφορα
3471 1468 3553 1539 (οὐ
3595 1469 3705 1540 γὰρ

2141 1560 2276 1630 ὅπερ
2304 1562 2423 1631 ὁρᾷ,
2453 1562 2611 1614 τοῦτο
2639 1562 2854 1625 πάντως
2879 1562 2973 1615 καὶ
3000 1560 3296 1632 τίκτει),τδ
3324 1561 3525 1616 ἁπλοῦν
3544 1559 3705 1615 αὑτοῦ

2142 1650 2201 1703 ού
2241 1650 2715 1723 λυμαίνεται,ούδὲ
2740 1653 2800 1707 τὸ
2818 1654 3011 1724 γεννᾷν
3040 1652 3279 1723 δηλονότι
3314 1651 3474 1705 αὑτὸν
3503 1652 3708 1723 ἑτέρως

2142 1744 2235 1797 καὶ
2286 1744 2486 1809 κτίζειν
2539 1743 2731 1811 ἄλλως,
2789 1744 3041 1816 στέρησιν
3086 1742 3231 1813 αὐτῷ
3268 1742 3362 1797 τοῦ
3412 1742 3707 1819 amomo

2067 1851 2116 1911 Β
2143 1834 2450 1904 ἐργάζεται.

2821 1944 3027 1998 ΔΛΛΟ.

2214 2059 2275 2113 Εί
2310 2059 2436 2129 παρ’
2470 2052 2551 2121 οἷς
2600 2057 2695 2110 τοῦ
2746 2057 2937 2127 γεννᾷν
2975 2056 3037 2109 τὸ
3094 2054 3297 2118 κτίζειν
3325 2053 3531 2123 ἕτερον,
3561 2053 3711 2123 παρά

2142 2150 2348 2212 τούτοις
2371 2148 2434 2202 τὸ
2460 2146 2519 2213 ἐξ
2548 2145 2754 2201 ἑαυτῶν
2772 2147 2987 2217 γεννᾷν,
3014 2144 3211 2209 ῑξωθεν
3230 2142 3286 2197 δὲ
3317 2142 3520 2208 κτίζειν
3541 2142 3713 2213 ὑπάρ-

2143 2256 2248 2309 χει,
2274 2238 2401 2309 mp’
2433 2230 2477 2306 ᾧ
2504 2237 2560 2290 δὲ
2590 2236 2651 2290 τὸ
2668 2238 2861 2307 γεννᾷν
2881 2236 2960 2305 τῷ
2993 2234 3195 2299 κτίζειν
3232 2234 3448 2298 ταυτὸν,
3477 2234 3538 2286 τδ
3578 2232 3714 2299 ἔξω·

2143 2328 2234 2381 θεν
2266 2327 2468 2392 κτίζειν
2488 2329 2585 2396 οὐχ
2608 2327 2862 2396 ὑπάρχει,
2914 2324 2989 2389 ὡς
3016 2324 3137 2378 οὐδὲ
3165 2324 3228 2378 τὸ
3247 2322 3458 2376 οἴκοθεν
3492 2323 3711 2392 γεννᾷν.

2142 2420 2204 2472 El
2234 2420 2290 2471 δὲ
2315 2419 2375 2472 τὸ
2408 2418 2606 2481 ἔξωθεν
2630 2418 2786 2486 μόνον
2818 2417 2966 2487 αὐτῷ
2993 2414 3383 2487 συγχωροῦσιν,
3413 2415 3441 2468 ὅ
3471 2416 3583 2467 ἐστι
3611 2413 3716 2485 μὲν

2143 2513 2335 2576 ποιεῖν,
2370 2511 2563 2580 γεννᾷν
2594 2509 2650 2561 δὲ
2682 2510 2740 2561 οὐ
2768 2508 3004 2574 Θέλουσι,
3062 2508 3208 2561 Θέσει
3251 2507 3403 2560 ἔσται
3452 2505 3635 2576 πατὴρ
3681 2505 3716 2558 ὁ

2144 2601 2284 2655 κατὰ
2307 2601 2465 2669 φύσιν
2496 2598 2844 2669 δημιουργός.

2804 2794 3006 2847 ΑΛΛΟ.

2211 2910 2273 2961 El
2327 2908 2385 2961 τὸ
2426 2907 2617 2976 γεννᾷν
2669 2905 2763 2958 καὶ
2796 2904 2858 2956 τὸ
2903 2900 3107 2966 κτίζειν
3148 2901 3297 2970 παρὰ
3329 2899 3469 2970 Θεῷ,
3523 2896 3713 2969 ἐπειδὴ

2144 2998 2454 3063 ἀσύνθετος,
2478 2996 2669 3050 ταυτόν
2700 2996 2867 3058 ἐστιν,
2897 2994 3081 3068 οὐκέτι
3132 2991 3188 3046 δὲ
3240 2993 3334 3046 καὶ
3366 2992 3496 3062 παρ’
3542 2992 3711 3061 ἡμῖν,

2142 3092 2264 3147 ἐπεὶ
2300 3090 2373 3161 μὴ
2398 3088 2648 3152 τοιοῦτοι,
2671 3087 2823 3140 εσται
2842 3086 3035 3139 ταυτὸν
3071 3086 3196 3154 παρ’
3214 3083 3361 3154 αὐτῷ
3378 3084 3438 3137 τὸ
3466 3084 3743 3158 προνοεῖν-

479 3185 691 3227 nerare.
709 3171 826 3227 Non
847 3173 991 3228 enim
1017 3174 1120 3230 hoc
1155 3176 1208 3230 in
1233 3176 1387 3231 nobis
1411 3177 1552 3232 idem
1583 3188 1687 3245 est,
1720 3180 1846 3250 quia
1885 3193 2036 3241 coma

2143 3184 2217 3255 τῷ
2245 3184 2455 3253 γεννᾷν.
2472 3182 2552 3234 Ob
2576 3180 2684 3252 γὰρ
2701 3178 2869 3233 ταυτὸ
2897 3176 3055 3231 τοῦτο
3079 3178 3206 3247 παρ’
3228 3177 3381 3247 ἡμῖν,
3411 3175 3494 3229 ὅτι
3525 3173 3716 3227 σύνθε-

479 3259 639 3327 positi
662 3273 867 3314 sumus.
892 3258 949 3315 Si
984 3276 1113 3316 vero
1133 3264 1359 3331 simplex
1389 3265 1533 3319 illius
1560 3275 1752 3320 natura
1791 3274 1844 3320 et
1890 3279 2035 3320 com-

480 3348 761 3415 positionis
786 3364 998 3420 expers,
1056 3365 1177 3406 eam
1229 3367 1348 3422 qua:
1374 3354 1426 3408 in
1453 3354 1608 3409 nobis
1640 3362 1743 3423 est,
1782 3352 2037 3409 diﬂ‘eren-

481 3440 631 3506 tiam,
667 3454 772 3495 non
806 3429 1074 3495 diversam
1107 3442 1174 3496 ab
1206 3457 1271 3497 eo
1317 3457 1435 3498 esse
1458 3445 1671 3512 coegit:
1700 3458 1767 3499 ne
1794 3444 1894 3499 hoc
1928 3445 2039 3513 qui-

479 3528 600 3583 dem
626 3528 770 3597 quod
796 3530 955 3586 aliter
982 3537 1223 3598 generet,
1262 3531 1422 3588 aliter
1446 3544 1614 3600 creet,
1652 3532 1845 3589 efﬁciet
1876 3542 1934 3587 ut
1965 3533 2038 3588 sit

478 3621 827 3691 compositus.

1149 3731 1368 3792 ALIUD.

551 3844 606 3897 Si
652 3859 906 3913 generare
943 3846 1081 3901 idem
1115 3857 1197 3901 est
1220 3850 1364 3917 quod
1389 3861 1597 3915 creare,
1644 3864 1910 3918 generans
1936 3854 2037 3907 erit

478 3948 667 3989 creatis
693 3934 743 3988 id
802 3936 941 4005 quod
998 3946 1315 4005 generatum
1378 3948 1480 4010 est,
1545 3949 1599 3993 et
1656 3950 1923 4008 generatis
1985 3943 2037 3997 id

477 4026 619 4094 quod
642 4035 880 4081 creatum
910 4036 1010 4083 est.
1034 4029 1105 4082 At
1136 4042 1263 4082 vero
1320 4017 1497 4082 facere
1549 4030 1661 4084 sive
1704 4045 1893 4087 creare
1950 4042 2035 4088 est

479 4117 826 4183 operationis,
884 4133 1145 4187 generare
1172 4134 1299 4175 vero
1327 4128 1548 4175 naturae.
1581 4120 1783 4175 Natura
1854 4132 2032 4179 autem

477 4216 534 4260 et
561 4208 797 4276 Operatio
817 4223 921 4263 non
944 4218 1067 4266 sunt
1095 4210 1234 4266 idem
1260 4225 1276 4266 :
1301 4226 1558 4281 generare
1581 4212 1745 4283 igitur
1764 4223 1815 4269 et
1840 4229 2036 4287 creare

479 4310 581 4351 non
612 4306 733 4352 sunt
768 4298 927 4354 idem.

1136 4408 1362 4470 ALIUD.

2144 3294 2243 3331 τοι·
2266 3277 2315 3329 εἰ
2346 3276 2403 3328 δὲ
2426 3275 2486 3327 τὸ
2519 3272 2723 3326 ἁπλοῦν
2765 3270 2929 3324 αὐτοῦ
2972 3269 3065 3321 κού⁵
3102 3268 3391 3321 ἀσύνθετον
3445 3266 3545 3338 τὴν
3581 3263 3716 3335 παρ’

2146 3368 2276 3437 ἡμῖν
2296 3364 2555 3435 διαφορὰν
2578 3364 2677 3416 οὐκ
2711 3362 2930 3415 ἀλλοίαν
2963 3355 3100 3413 εἶναι
3138 3359 3269 3428 παρ’
3303 3355 3453 3427 αύτῷ
3498 3355 3715 3423 ἐξεβιά-

2149 3475 2297 3521 σατο,
2312 3458 2430 3510 οὐδὲ
2456 3457 2518 3510 τὸ
2540 3456 2735 3525 γεννᾷν
2759 3452 2918 3507 αὑτὸν
2937 3451 3129 3515 άλλως,
3149 3452 3242 3503 καὶ
3262 3449 3466 3514 κτίζειν
3488 3448 3711 3519 ἑτέρως,

2147 3546 2397 3617 στέρησιν
2428 3544 2573 3615 αύτῷ
2603 3543 2696 3597 τοῦ
2728 3540 3019 3595 ἀσυνθέτου
3048 3537 3359 3609 ἐργάζεται.

2828 3740 3031 3795 ΑΛΛΟ.

2216 3856 2277 3910 Ei
2302 3856 2376 3927 τῷ
2395 3856 2584 3924 γεννᾷν
2612 3854 2805 3907 ταυτόν
2838 3854 2953 3905 ἔστι
2979 3851 3038 3903 τὸ
3063 3850 3253 3911 ποιεῖν,
3276 3851 3303 3901 ὁ
3327 3846 3527 3915 γεννῶν
3557 3845 3711 3901 ἔσται

2145 3947 2311 4002 ποιῶν
2358 3947 2416 4001 τὸ
2466 3944 2827 4015 γεννώμενον,
2878 3942 2971 3995 καὶ
3013 3940 3214 4010 γεννῶν
3253 3938 3313 3992 τὸ
3363 3936 3709 4007 ποιούμενον.

2156 4038 2312 4092 Ἀλλά
2344 4039 2405 4090 τὸ
2428 4038 2528 4103 μὲν
2554 4040 2749 4099 ποιεῖν,
2784 4033 3063 4104 ἐνεργείας
3114 4033 3249 4098 ἐστὶ,
3304 4030 3518 4101 φύσεως
3568 4030 3623 4082 δὲ
3650 4028 3709 4081 τὸ

2142 4132 2355 4201 γεννᾷν.
2387 4129 2551 4190 Φύσις
2576 4128 2633 4181 δὲ
2675 4126 2768 4179 καὶ
2830 4124 3078 4195 ἐνέργεια
3120 4124 3181 4176 οὐ
3234 4123 3445 4176 ταυτόψ
3476 4121 3577 4175 οὐκ
3600 4120 3707 4191 ἄρα

2140 4220 2218 4273 τῶ
2248 4221 2438 4289 γεννᾷν
2482 4219 2543 4272 τὸ
2581 4219 2753 4270 ποιεῖν
2784 4216 2975 4297 ταυτὸν
3005 4213 3175 4267 ἔσται.

2826 4419 3029 4472 AAAO.

549 4520 604 4573 Si
656 4519 744 4589 qui
769 4519 968 4589 aliquid
1003 4522 1133 4576 facit
1167 4523 1343 4590 opifex
1373 4536 1474 4588 est,
1508 4528 1598 4593 qui
1653 4542 1776 4580 vero
1817 4538 2036 4597 generat

2207 4534 2268 4585 Εἰ
2290 4532 2367 4603 τῷ
2396 4534 2566 4585 ποιεῖν
2594 4530 2923 4599 δημιουργός
2944 4530 3025 4591 τίς
3046 4529 3180 4591 ἐστι,
3205 4526 3282 4595 τῷ
3299 4526 3356 4578 δὲ
3385 4526 3572 4594 γεννᾷν
3603 4539 3702 4577 πα-

476 4617 648 4677 pater,
673 4618 815 4663 certe
843 4625 946 4664 non
970 4619 1094 4664 sunt
1117 4611 1256 4666 idem
1314 4612 1490 4668 facere
1532 4625 1587 4669 et
1617 4631 1810 4684 genera
1827 4632 1882 4671 re
1912 4636 1925 4672 :
1955 4620 2028 4670 si-

474 4699 688 4768 quidem
729 4698 871 4753 aliud
910 4700 1067 4774 185
1114 4703 1325 4770 quidem
1369 4714 1452 4759 est
1490 4720 1660 4775 pater,
1702 4716 1757 4763 et
1798 4710 2031 4764 vicissim

475 4790 650 4859 opifex
683 4790 844 4847 aliud.
870 4790 925 4844 Si
958 4807 1082 4846 vero
1106 4792 1281 4849 facere
1299 4797 1437 4850 idem
1470 4806 1551 4852 est
1582 4798 1723 4867 quod
1744 4814 2024 4868 generare,

473 4881 647 4951 opifex
697 4883 797 4938 erit
861 4893 915 4938 et
983 4894 1154 4953 pater.
1203 4887 1257 4940 Si
1314 4896 1489 4943 autem
1544 4890 1681 4947 filius
1727 4902 1809 4947 est
1859 4892 2032 4947 factor

472 4988 577 5026 una
627 4989 746 5027 cum
810 4985 980 5041 patre,
1041 4979 1129 5045 qui
1174 4994 1303 5033 vero
1358 4980 1529 5035 iactor
1590 4995 1691 5047 est,
1726 4992 1807 5037 est
1868 4986 2027 5037 etiam

474 5070 624 5129 pater
658 5078 671 5114 :
706 5060 845 5115 filius
893 5065 1052 5117 etiam
1092 5065 1204 5135 ipse
1247 5068 1351 5121 erit
1379 5080 1548 5138 pater,
1570 5073 1705 5140 quod
1737 5067 2027 5127 absurdum

474 5161 578 5205 est.

1137 5266 1365 5325 ALIUD.

546 5395 601 5448 Si
631 5397 768 5451 idem
799 5409 923 5453 sunt
944 5408 1098 5469 pater
1118 5411 1170 5454 et
1203 5412 1434 5469 creator,
1471 5404 1732 5473 siquidem
1769 5424 2028 5478 generare

473 5496 527 5537 et
550 5485 725 5541 facere
752 5488 890 5542 idem
910 5498 1053 5557 sunt,
1078 5499 1131 5544 et
1157 5501 1368 5546 creator
1396 5506 1479 5547 est
1516 5511 1711 5551 nomen
1760 5500 2025 5566 operatio-

472 5575 559 5628 nis
588 5591 599 5623 :
638 5586 788 5641 pater
813 5593 1023 5647 quoque
1047 5582 1235 5634 merito
1256 5584 1608 5650 operationis,
1660 5602 1761 5641 non
1815 5589 2026 5643 relatio-

474 5666 559 5723 nis
584 5682 776 5721 nomen
810 5667 987 5724 fuerit.
1024 5670 1077 5725 Si
1116 5686 1239 5726 vero
1267 5682 1318 5727 ct
1372 5675 1470 5728 hoc
1503 5685 1555 5729 et
1588 5677 1712 5729 illud
1759 5682 2026 5746 operatio-

472 5759 557 5815 nis
580 5772 769 5815 nomen
817 5772 939 5816 est:
984 5771 1127 5819 certe
1179 5780 1282 5819 uno
1328 5776 1483 5832 atque
1545 5768 1730 5823 eodem
1789 5780 2024 5837 tempore

2138 4626 2262 4695 τὴρ,
2311 4624 2411 4676 οὐκ
2454 4623 2518 4676 ἂν
2550 4625 2632 4691 εἴη
2666 4621 2857 4674 ταυτὸν
2884 4620 2943 4673 τὸ
2970 4622 3142 4672 ποιεῖν
3192 4618 3267 4687 τῷ
3300 4619 3513 4687 γεννᾷν,
3546 4615 3706 4685 εἴπερ

2138 4716 2319 4785 ἓτερον
2348 4714 2444 4783 μὲν
2475 4714 2588 4765 ἔστι
2618 4714 2819 4783 πατὴρ,
2844 4710 3167 4781 δημιουργὸς
3194 4710 3247 4761 δὲ
3276 4709 3474 4777 ὁμοίως
3497 4708 3701 4777 ἕτερον.

2137 4807 2200 4858 Εἰ
2230 4806 2285 4857 δὲ
2305 4804 2383 4874 τῷ
2406 4806 2575 4856 ποιεῖν
2613 4804 2805 4855 ταυτόν
2834 4803 2947 4855 ὲστι
2984 4801 3042 4853 τὸ
3066 4802 3278 4869 γεννᾷν,
3304 4802 3331 4852 ὁ
3360 4800 3526 4851 ποιῶν
3550 4798 3703 4850 ἔσται

2139 4897 2230 4952 καὶ
2260 4899 2459 4965 πατὴρ.
2490 4897 2551 4949 Εἰ
2598 4895 2653 4947 δὲ
2706 4895 2818 4947 ἐστι
2851 4892 3077 4963 ποιητὴς
3116 4893 3143 4944 ὁ
3175 4891 3288 4952 υἱὸς
3334 4889 3450 4957 ἅμα
3483 4888 3559 4958 τῷ
3598 4905 3705 4941 πα·-

2136 4991 2242 5062 τρὶ,
2278 4993 2304 5041 ὁ
2340 4989 2394 5040 δὲ
2461 4988 2627 5039 ποιῶν
2674 4984 2915 5037 ἐστικαὶ
2971 4982 3169 5051 πατὴρ,
3215 4980 3364 5034 ἕσται
3397 4979 3487 5032 καὶ
3542 4976 3702 5041 αὐτὸς

2137 5081 2335 5151 πατὴρ,
2366 5073 2497 5146 ὅπερ
2529 5079 2743 5131 ἄτοπον.

2812 5271 3010 5323 ΑΛΛΟ.

2206 5409 2481 5462 Εῒτσιυτόν
2509 5410 2621 5459 ἐστι
2658 5407 2838 5476 πατὴρ
2864 5408 2954 5459 καὶ
2984 5406 3334 5475 δημιουργὸς,
3354 5404 3474 5457 επεὶ
3505 5406 3597 5458 καὶ
3618 5403 3699 5475 τῷ

2135 5502 2325 5570 γεννᾷν
2355 5500 2413 5550 τὸ
2448 5501 2615 5549 ποιεῖν
2652 5499 2842 5549 ταυτὸν
2870 5538 2882 5557 ,
2918 5497 3031 5548 ἐστι
3065 5496 3121 5547 δὲ
3165 5497 3441 5567 ἐνεργείας
3471 5496 3639 5565 ὄνομα
3667 5499 3699 5551 ὁ

2133 5590 2479 5660 δημιουργὸς,
2517 5590 2607 5639 καὶ
2636 5587 2692 5639 τὸ
2722 5588 2898 5656 πατὴρ
2924 5589 3143 5651 εἰκότως
3175 5590 3467 5659 ἐνεργείας,
3500 5589 3611 5641 ἀλλ’
3633 5589 3695 5642 οὐ

2137 5682 2373 5749 σχέσεως
2414 5679 2477 5731 ἂν
2505 5678 2622 5746 εἴη’
2656 5682 2702 5727 εξ
2741 5680 2795 5730 δὲ
2828 5681 2916 5731 καὶ
2963 5683 3118 5733 τοῦτο
3163 5682 3380 5733 κάκεῖνο
3413 5682 3695 5751 ὲνεργεὶας

2136 5772 2267 5834 ἐστὶε
2306 5770 2443 5823 κατᾶ
2474 5770 2560 5822 τὶν
2589 5768 2745 5822 αὐτὸν
2775 5772 2961 5838 γρόνον
2991 5772 3137 5825 ἔσται
3169 5772 3367 5841 γεννῶν
3401 5774 3491 5827 καὶ
3523 5771 3698 5826 ποιῶν
