3994 6324
274 409 374 470 313

1648 409 2091 470 THBSAURUS.

3424 406 3537 463 3M

276 532 301 583 δ
323 528 474 594 Θεὸς,
523 529 623 598 τῆς
658 528 937 600 δνεργείας
974 530 1066 585 καὶ
1092 530 1149 584 ἐν
1178 528 1254 599 τῷ
1300 532 1493 602 γεννᾷν
1540 530 1632 583 καὶ
1666 533 1724 585 ἐν
1766 530 1825 601 τι]

1945 532 2206 587 eritDeus
2259 540 2313 587 et
2347 544 2634 603 generans,
2664 537 2719 586 et
2748 542 2972 599 creans;
3002 539 3123 581 cum
3181 524 3423 595 operatio
3476 534 3535 579 et

276 620 473 684 κτίζειν
488 622 593 675 οὐκ
619 620 794 685 ἄλλως
818 621 1067 695 ἐχούσης.

727 824 1090 911 ΛΟΓΟΣ
1163 823 1285 914 ΙΘ
1311 885 1330 900 .

270 976 423 1050 Πρός
460 979 604 1046 τοὺς
631 980 943 1050 λέγοντας,
974 981 1061 1034 ὅτι
1083 981 1117 1035 ό
1144 980 1273 1046 Υἱὸς
1302 981 1413 1035 οὐκ
1441 980 1611 1035 ἐστιν
1633 982 1844 1048 ἀληθι-

336 1048 445 1120 νός
479 1052 671 1120 Λόγος
698 1048 805 1103 τοῦ
842 1050 1090 1120 Πατρός,
1119 1050 1260 1120 (tu?
1297 1050 1499 1118 ἕτερός
1537 1052 1671 1105 ἐστι
1706 1052 1843 1120 παρ’

336 1119 530 1171 αὐτὸν
548 1116 620 1187 τῇ
636 1121 820 1188 φύσει
849 1121 947 1173 καὶ
960 1116 1164 1185 ξένος,
1199 1119 1265 1172 τὸ
1297 1120 1365 1173 δὲ
1384 1116 1667 1174 ἐντεῦθεν
1696 1116 1846 1175 συκ-

336 1188 653 1259 αγόμενον,
680 1188 767 1242 ὅτι
798 1190 895 1243 καὶ
924 1190 1243 1259 όμοούσιος
1264 1188 1343 1255 τῷ
1372 1191 1575 1259 Πατρι,
1599 1191 1697 1243 καὶ
1731 1194 1846 1247 οὐκ

332 1256 581 1322 ἔξωθεν,
613 1259 751 1313 ἀλλ’
776 1260 845 1312 ἐκ
884 1256 995 1328 τῆς·
1024 1259 1241 1325 οὐσίας
1273 1259 1447 1313 ἐστὶν
1483 1256 1698 1315 αὐτοῦ.

523 1368 843 1435 ’Λντίθεσις
881 1369 962 1435 ὡς
1000 1370 1068 1424 ἐκ
1110 1370 1229 1426 τῶν
1256 1372 1583 1443 Εὐνομίου.

329 1480 394 1533 El
418 1480 611 1549 Λόγος,
645 1482 829 1550 φησὶν,
857 1482 885 1534 6
916 1483 1043 1546 Υἱός
1072 1484 1239 1551 ἔστιν,
1282 1484 1568 1555 όμοούσιον
1595 1487 1650 1540 δὲ
1700 1482 1843 1539 εἶναί

261 1585 395 1638 φατε
416 1568 497 1639 τῷ
524 1570 720 1640 Πατρὶ,
758 1571 832 1640 μὴ
880 1572 1241 1628 διαλλαττέτω
1292 1576 1431 1629 κατά
1481 1594 1531 1629 τι
1583 1576 1715 1646 γοῦν
1766 1578 1842 1640 ὡς

259 1660 393 1729 πρὸς
428 1660 593 1714 αὐτόν
620 1676 634 1692 ·
682 1659 827 1713 οὕτω
869 1662 977 1733 γὰρ
1005 1662 1071 1716 ἂν
1094 1663 1178 1735 ετη
1209 1664 1304 1718 καὶ
1338 1664 1642 1735 όμουύσιος.
1690 1666 1754 1719 Ei
1784 1665 1841 1719 δὲ

256 1750 437 1812 τοῦτο,
470 1750 738 1805 καλείσθω
765 1752 857 1806 καὶ
888 1752 1028 1806 ἔστω
1064 1753 1238 1822 Λόγος
1266 1756 1361 1809 καὶ
1391 1755 1418 1807 ό
1459 1754 1671 1827 Πατήρ.
1694 1754 1839 1808 Ἀλλ’

1953 623 2002 675 in
2020 622 2275 690 creando,
2299 629 2352 677 ct
2388 622 2439 676 in
2494 621 2803 690 generando
2828 618 3021 674 eodem
3060 618 3219 672 modo
3255 614 3376 671 sese
3418 615 3531 669 ἰηι-

1951 713 2095 767 beat.

2278 838 2851 931 ASSERTIO
2932 838 3199 929 XIX.

1950 988 2210 1043 Aduersus
2234 988 2487 1052 dicentes,
2518 987 2659 1057 quod
2684 985 2727 1039 F
2731 986 2854 1040 ilius
2881 1003 2983 1040 non
3010 988 3077 1040 sit
3103 1002 3277 1041 verunt
3296 984 3531 1057 _i’erbttns

2024 1057 2205 1112 Patris
2235 1075 2252 1113 :
2292 1059 2382 1111 sed
2407 1050 2640 1111 dirersus
2671 1058 2735 1110 ab
2784 1058 2917 1121 ipso,
2952 1067 2998 1110 et
3020 1050 3346 1111 extraneas“:
3373 1066 3529 1123 atque

2022 1130 2142 1181 hinc
2170 1128 2521 1191 concluditur,
2553 1126 2691 1194 quod
2715 1127 3180 1179 consubstantiatis
3196 1126 3262 1180 sit
3288 1123 3462 1191 Patri,
3482 1133 3533 1178 et

2024 1214 2127 1251 non
2159 1196 2502 1259 extrinsecus,
2533 1198 2622 1250 sed
2640 1212 2703 1249 ea:
2720 1196 2884 1263 ipsius
2918 1198 3165 1249 essentia.

2488 1368 2731 1440 Objectio
2788 1366 3061 1425 Eunomit.

2016 1486 2071 1542 Si
2112 1486 2311 1547 Filius.
2367 1485 2564 1553 inquit,
2614 1492 2701 1537 est
2757 1480 3018 1544 Verbum,
3069 1478 3534 1536 consubstantialo

1946 1594 2073 1633 vero
2106 1578 2157 1632 id
2190 1592 2311 1632 esse
2342 1576 2520 1631 dicitis
2549 1573 2697 1628 Patri
2729 1588 2742 1624 :
2780 1572 2929 1627 nulla
2970 1572 3136 1642 igitur
3163 1571 3215 1625 in
3274 1583 3428 1640 parte
3462 1571 3533 1627 ab

1943 1686 2007 1727 eo
2040 1668 2279 1726 differat:
2318 1672 2388 1723 ita
2414 1667 2558 1721 enim
2620 1663 3101 1721 consubstantialis
3150 1661 3331 1718 fuerit.
3376 1662 3532 1729 Quod

1943 1765 1985 1818 si
2020 1765 2090 1817 ita
2120 1770 2227 1825 est,
2263 1769 2487 1814 vocetur
2516 1767 2571 1812 et
2619 1758 2690 1811 sit
2718 1756 2953 1811 Verbum
2985 1756 3148 1810 etiam
3191 1753 3371 1808 Pater.
3421 1752 3532 1808 Sed

254 1842 312 1894 οὐ
347 1843 709 1913 παραδέξεται
752 1844 910 1898 τοῦτο
946 1844 1046 1915 τῆς
1091 1845 1243 1909 θείας
1273 1847 1498 1918 Γραφῆς
1545 1849 1574 1901 ό
1606 1848 1825 1916 σκοπὸς¹

1941 1856 2132 1911 divinae
2168 1853 2464 1923 Scriptura:
2503 1863 2721 1918 scopus,
2765 1857 2819 1901 et
2871 1857 3185 1902 sanctorum
3241 1845 3530 1915 apostolo-

252 1934 343 1986 καὶ
363 1935 474 1987 τῶν
507 1934 674 2003 ἁγίων
700 1934 1014 1989 ἀποστόλων
1043 1937 1103 1989 τὸ
1139 1938 1419 2009 κήρυγμα.
1475 1939 1701 2010 Πατέρα
1724 1941 1833 2012 γὰρ

248 2020 354 2078 οἵδε
383 2026 480 2079 τὸν
525 2026 743 2097 Πατέρα
773 2026 868 2079 καὶ
900 2028 996 2097 οὐχ
1019 2028 1147 2081 Υίόν
1164 2044 1177 2058 ⁵
1204 2030 1298 2081 καὶ
1328 2030 1489 2083 πάλιν
1513 2031 1602 2084 τὸν
1628 2031 1754 2085 Υίὸν
1776 2034 1834 2086 ἑν

250 2117 388 2190 μόνῃ
421 2120 489 2190 τῇ
514 2117 606 2171 τοῦ
642 2117 772 2172 Υίοῦ
801 2120 1143 2192 προσηγορίᾳ
1173 2124 1365 2191 τηρεῖ,
1410 2124 1511 2176 οὐκ
1550 2122 1697 2177 ἐῶσα
1727 2142 1833 2177 κα-

244 2208 459 2285 λεῖσθαι
488 2207 607 2262 οὐδὲ
638 2206 776 2262 εἶναι
806 2208 1027 2280 Πατέρα
1050 2226 1063 2240 '
1095 2211 1282 2281 ἔτερος
1332 2212 1441 2283 ἄρα
1490 2214 1619 2283 παρ’
1670 2215 1834 2268 αὐτόν

244 2302 363 2352 ἐστι
393 2301 490 2353 καὶ
530 2299 827 2371 διεστηκὼς
876 2300 1017 2354 κατὰ
1046 2301 1147 2372 τὴν
1179 2302 1389 2357 οὐσίαν.
1444 2304 1656 2357 Οὐκοῦν
1711 2304 1833 2358 οὐδὲ

243 2392 420 2459 Λόγος
442 2391 716 2463 ἀληθινὸς,
748 2391 867 2445 οὐδὲ
899 2391 958 2457 ἐξ
977 2392 1141 2447 αὑτοῦ
1173 2394 1451 2464 προελθὼν
1479 2397 1508 2448 6
1541 2395 1702 2464 φύσει
1736 2413 1835 2466 με-

247 2485 602 2556 μερισμένος.

746 2598 900 2666 Πρὸς
931 2597 1106 2653 τοῦτο
1130 2600 1333 2665 λύσις.

311 2710 423 2763 Καὶ
461 2708 562 2763 ποῦ
590 2709 681 2763 τὸν
724 2708 995 2781 Ἰωάννην,
1030 2704 1075 2763 ὦ
1108 2710 1372 2781 βέλτιστε,
1416 2711 1623 2781 θήσεις,
1655 2712 1831 2779 Λόγον

239 2800 619 2863 ἀποκαλοῦντα
651 2801 743 2853 τὸν
766 2802 914 2866 Υῐὸν,
946 2803 1039 2854 καὶ
1060 2801 1265 2871 ταύτην
1294 2801 1442 2871 αὑτῷ
1486 2803 1831 2872 κυριωτάτην

237 2893 563 2947 ἀνατιθέντα
589 2893 689 2964 τὴν
709 2894 1026 2963 ἐπωνυμίαν
1052 2895 1145 2947 καὶ
1174 2894 1274 2963 τῆς
1295 2894 1486 2957 οὐσίας
1525 2894 1693 2947 αὐτοϋ
1722 2897 1829 2963 μά-

237 2984 399 3038 λιστα
465 2986 843 3055 σημαντικήνς
885 2985 1088 3038 Φάσκει
1146 2985 1289 3054 γάρ’
1326 3005 1345 3037 ι
1392 2987 1480 3038 Ἐν
1515 2988 1657 3055 ἀρχῇ
1706 2981 1827 3055 ἦνό

235 3074 438 3143 Λόγος,
471 3074 567 3128 καὶ
592 3077 621 3129 6
648 3074 821 3143 Λόγος
850 3070 917 3145 ἦν
947 3075 1086 3146 πρὸς
1111 3073 1202 3128 τὸν
1225 3074 1380 3139 Θεὸν,
1419 3076 1512 3127 καὶ
1540 3075 1675 3139 Θεὸς
1704 3073 1770 3146 ἦν
1800 3077 1827 3128 6

234 3164 433 3233 Λόγος.
467 3182 484 3215 s
513 3165 675 3236 Ὁρᾷς
713 3166 863 3229 ὅπως
886 3166 986 3236 τῆς
1013 3166 1204 3229 οὐσίας
1235 3166 1329 3219 τοῦ
1369 3168 1498 3220 Υίοῦ
1540 3185 1823 3237 παραστα-

234 3256 390 3309 τικόν
433 3256 549 3308 ἔστι
580 3254 856 3326 τοῦνομα,
898 3257 994 3309 καὶ
1031 3256 1092 3309 τὸ
1122 3257 1406 3311 καλεῖσθαι
1444 3258 1638 3325 Λόγον,
1684 3259 1823 3331 ὅπερ

234 3346 359 3399 ιστὶ
390 3346 531 3399 κατὰ
554 3346 714 3415 φύσιν
751 3348 1025 3418 σημαίνει.
1055 3348 1189 3411 Θεὸς
1222 3348 1333 3419 γὰρ
1356 3345 1424 3418 ἦν
1449 3352 1476 3402 ό
1503 3350 1697 3417 Λόγος,
1722 3366 1825 3420 φη-

235 3435 343 3489 σίν.
376 3436 445 3490 Εί
478 3436 534 3489 δὲ
573 3437 647 3506 μὴ
688 3436 904 3505 φύσεως
934 3439 1019 3508 εἵη
1056 3438 1273 3508 καὶτῆς
1297 3440 1485 3503 οὐσίας
1526 3439 1822 3511 δηλωτικὸν

237 3526 331 3581 ἐπὶ
365 3523 463 3578 τοῦ
494 3524 627 3577 Υίοῦ
666 3525 727 3578 τὸ
756 3526 947 3595 Λόγος
977 3526 1167 3598 ὄνομα,
1215 3528 1470 3597 σημαίνει
1501 3545 1553 3581 τι
1604 3530 1820 3596 πάντως

230 3614 445 3687 ἓτερον.
469 3616 579 3669 Καὶ
612 3616 721 3685 γὰρ
750 3615 936 3687 ζητεῖν
957 3618 1275 3687 ἀναγκαῖον,
1300 3618 1351 3671 τί
1382 3619 1525 3673 κατὰ
1555 3620 1717 3689 φύσιν
1746 3621 1822 3676 ὢν

233 3706 265 3760 ὸ
292 3707 444 3770 Υἱὸς,
471 3706 673 3778 ἐκλήθη
697 3707 889 3776 Λόγος,
913 3709 960 3761 εί
990 3708 1065 3779 μὴ
1094 3708 1193 3779 τὴν
1212 3708 1403 3763 ούσίαν
1428 3709 1593 3763 αὑτοῦ
1624 3714 1823 3782 σημαί-

233 3796 594 3866 νειτοῦνομα.
631 3793 755 3851 υἷον
792 3799 1022 3853 τέκτονά
1056 3817 1141 3864 τις
1171 3801 1342 3853 εἰπὼν
1362 3840 1376 3864 ,
1413 3802 1446 3873 ἢ
1476 3801 1718 3866 λιθοξόον
1738 3843 1753 3867 ,
1785 3805 1818 3875 ἢ

231 3888 608 3957 ταχυγράφον,
633 3888 692 3941 οὐ
716 3889 767 3941 τί
788 3890 904 3943 ἑστι
925 3890 1068 3943 κατὰ
1095 3890 1257 3961 φύσιν
1278 3894 1677 3964 σημαινόμενον
1703 3894 1820 3965 ὁρί-

233 3976 409 4041 ζεται,
440 3975 556 4028 ἀλλ’
587 3970 699 4029 οἷον
727 3975 840 4047 ἔχει
872 3976 931 4029 τὸ
960 3979 1299 4049 ἐπιτήδευμα
1318 3978 1533 4049 μηνύει.
1552 3979 1613 4033 Ei
1640 3979 1819 4033 τοίνυν

229 4067 293 4120 οὐ
320 4070 423 4138 τὴν
452 4066 641 4119 οὐσίαν
668 4066 763 4120 τοῦ
796 4068 928 4121 Υἱοῦ
955 4070 1208 4139 σημαίνει
1233 4068 1494 4139 τοῦνομα,
1522 4070 1615 4123 καὶ
1629 4070 1689 4123 τὸ
1716 4087 1817 4122 καο

230 4156 447 4209 λεϊσθαι
483 4155 678 4223 Λόγον,
709 4157 770 4209 οὐ
799 4156 850 4209 τί
896 4156 1044 4210 ἐστιν
1089 4158 1231 4211 κατὰ
1288 4157 1449 4225 φύσιν
1488 4160 1818 4229 παρίστησιν

231 4248 419 4312 αὑτὸν,
444 4247 581 4301 ἀλλὰ
614 4247 747 4317 φέρε
781 4248 956 4301 εἰπεῖν
988 4243 1102 4301 οἷον
1122 4249 1235 4319 ἔχει
1268 4250 1327 4301 τὸ
1366 4249 1725 4321 ἐπιτήδευμα,
1767 4250 1818 4302 τί

233 4340 415 4408 μάτην
446 4337 538 4390 τὸν
565 4338 958 4408 εὐαγγελιστὴν
981 4338 1367 4410 θαυμάξομενς
1402 4340 1527 4401 Πῶς
1554 4340 1610 4392 δὲ
1642 4341 1670 4392 6
1705 4340 1819 4402 υἱὸς

230 4430 439 4501 ἐκλήθη
468 4429 698 4500 βροντῆς
726 4430 801 4493 ὼς
831 4430 973 4500 μέγα
996 4448 1050 4483 τι
1075 4430 1318 4502 λαλήσας
1348 4431 1445 4483 καὶ
1477 4431 1815 4501 ὐπέρογκον;

1939 1961 2054 2000 rum
2084 1942 2397 2015 praedicatio
2432 1941 2485 1996 id
2514 1954 2618 1994 non
2646 1938 2853 1993 ferunt.
2892 1934 3107 1990 Patrem
3164 1934 3311 1989 enim
3352 1934 3532 1989 sciunt

1935 2048 2054 2089 esse
2079 2034 2291 2087 Patrem
2324 2042 2379 2086 et
2406 2046 2513 2091 non
2540 2028 2734 2084 Filium
2767 2044 2781 2082 :
2813 2038 2869 2081 et
2895 2027 3132 2081 vicissim
3174 2023 3334 2083 .Filio
3359 2024 3528 2079 solam

1936 2127 2057 2182 Filii
2092 2124 2505 2196 appellationem
2536 2122 2800 2185 tribuunt,
2836 2136 2939 2174 non
3004 2108 3181 2173 autem
3208 2119 3530 2188 permittunt

1935 2226 1995 2271 ut
2023 2226 2249 2271 vocetur
2284 2222 2376 2267 aut
2399 2212 2468 2266 sit
2496 2210 2699 2264 Pater:
2734 2208 2873 2262 alius
2921 2208 3103 2276 itaque
3140 2209 3208 2261 ab
3270 2209 3386 2277 ipso
3417 2217 3523 2273 est,

1934 2319 1987 2364 et
2012 2306 2333 2363 substantiee
2356 2302 2564 2357 ratione
2592 2300 2861 2354 diversus.
2892 2298 3157 2365 Quocirca
3190 2311 3366 2366 neque
3394 2294 3528 2350 Ver-

1932 2400 2058 2455 bum
2086 2411 2234 2462 vere,
2269 2404 2446 2465 neq‘ue
2470 2410 2537 2450 ex
2569 2394 2688 2463 ipso
2721 2390 2988 2462 procedit,
3050 2405 3173 2444 cum
3227 2390 3297 2445 sit
3333 2396 3525 2444 natura

1934 2488 2030 2557 disj
2040 2498 2251 2544 unctus.

2454 2595 2678 2652 .Solutio
2710 2595 3044 2665 objectionis.

2002 2715 2071 2766 At
2095 2714 2244 2784 quid,
2290 2714 2539 2776 obsecro,
2570 2711 2637 2765 de
2668 2707 2877 2789 {omne
2934 2716 3167 2774 statues,
3200 2706 3292 2777 qui
3323 2704 3521 2760 Filium

1932 2815 2088 2859 vocat
2120 2803 2384 2869 Verbum,
2419 2814 2581 2873 atque
2604 2803 2747 2856 hanc
2777 2801 3011 2855 maxime
3040 2800 3314 2869 propriam
3346 2797 3525 2868 appel-

1932 2890 2187 2944 lationem
2216 2893 2263 2943 ei
2316 2890 2765 2957 tribuit,qu:rque
2793 2887 3089 2941 essentiam
3145 2886 3314 2950 ipsius
3346 2884 3522 2953 signi-

1934 2981 2247 3035 ﬁcatissime
2269 2979 2582 3046 exprimat?
2609 2980 2699 3032 Ait
2729 2980 2871 3033 enim
2904 2996 2918 3032 :
2962 2996 2981 3030 ι
3019 2978 3075 3031 1η
3104 2978 3369 3047 principio
3400 2984 3523 3030 erat

1932 3072 2190 3137 Verbum,
2217 3080 2271 3125 et
2300 3070 2532 3125 Verbum
2567 3080 2685 3123 erat
2726 3071 2869 3139 apud
2913 3071 3102 3133 Deum,
3126 3080 3179 3123 et
3236 3070 3375 3123 Deus
3402 3077 3522 3122 erat

1935 3162 2165 3218 Verbum
2199 3162 2266 3215 ³⁸.
2304 3180 2322 3212 ›
2359 3161 2522 3217 Vides
2550 3160 2825 3231 quomodo
2855 3160 3026 3229 ipsam
3059 3159 3178 3213 Filii
3214 3160 3519 3213 essentiam

1928 3254 2041 3308 haec
2064 3266 2164 3305 vox
2194 3250 2517 3319 explicet,et
2542 3264 2661 3303 cum
2691 3256 2913 3302 vocetur
2931 3245 3367 3319 Verbum,186
3393 3246 3524 3316 quid

1927 3341 2668 3411 naturalitersitsignillcet?
2714 3342 2853 3395 Deus
2914 3340 3085 3404 enim,
3148 3340 3343 3409 inquit,
3393 3347 3515 3394 erat

1927 3433 2183 3489 Verbum.
2218 3431 2274 3488 Si
2307 3447 2433 3487 vero
2455 3447 2557 3486 vox
2603 3431 2739 3493 haec,
2780 3429 3028 3495 Verbum,
3068 3446 3174 3485 non
3218 3430 3523 3499 explicaret

1925 3525 2096 3594 ipsam
2133 3535 2382 3578 naturam
2434 3532 2598 3593 atque
2625 3523 2919 3577 essentiam
2947 3521 3104 3588 Filii,
3142 3522 3286 3575 aliud
3314 3518 3521 3591 aliquid

1925 3614 2168 3685 profecto
2212 3613 2508 3682 signiﬁcat.
2566 3612 2928 3678 Quaerendum
2990 3624 3155 3680 porro
3190 3612 3350 3665 nobis
3401 3617 3510 3674 est,

1925 3707 2183 3775 quidnam
2215 3716 2405 3758 natura
2437 3702 2891 3760 exsistensFilius
2949 3712 3181 3758 vocatus
3246 3703 3318 3757 sit
3384 3699 3523 3757 Ver-

1924 3797 2075 3861 bum,
2097 3796 2197 3851 nisi
2214 3811 2312 3850 vox
2336 3797 2450 3850 haec
2467 3795 2759 3851 essentiam
2788 3794 2959 3863 ipsius
2980 3795 3275 3864 signiﬁcat.
3311 3795 3518 3860 Quem-

1924 3888 2211 3942 admodum
2250 3887 2293 3941 si
2327 3887 2449 3955 quis
2494 3885 2704 3940 fabrum
2742 3895 2837 3939 aut
2872 3886 3191 3939 statuarium
3219 3928 3233 3950 ,
3286 3896 3377 3940 aut
3415 3901 3518 3941 no—

1924 3980 2119 4033 tarium
2151 3978 2318 4042 dicat,
2354 3992 2461 4031 non
2506 3977 2635 4046 quid
2702 3977 3031 4034 naturaliter
3101 3977 3195 4040 sit,
3226 3977 3322 4031 sed
3350 3977 3513 4047 quale

1923 4074 2047 4125 vita:
2076 4070 2380 4124 institutum
2416 4078 2676 4133 sectetur,
2706 4068 2961 4136 explicat.
3004 4067 3061 4122 Si
3088 4084 3219 4139 ergo
3255 4084 3356 4123 vox
3380 4071 3515 4137 haec,

1934 4160 2182 4227 Verbum,
2213 4162 2501 4217 essentiam
2536 4160 2663 4214 Filii
2697 4177 2799 4215 non
2818 4160 3109 4229 signiﬁcat,
3147 4176 3321 4231 neque
3346 4162 3518 4231 ipsius

1922 4264 2167 4307 naturam
2197 4252 2459 4316 declarat,
2495 4252 2589 4305 sed
2625 4251 2751 4305 vitae
2792 4252 2961 4320 ipsius
3006 4252 3344 4317 institutum,
3415 4268 3516 4309 cur

1921 4342 2123 4397 frustra
2168 4341 2554 4411 evangelistam
2594 4341 2969 4396 admiramur?
3015 4340 3121 4395 Aut
3162 4357 3259 4397 cur
3286 4359 3407 4397 eum
3452 4346 3519 4399 ll-

1921 4431 2049 4484 lium
2091 4432 2312 4485 tonitrui
2347 4446 2625 4497 vocamus,
2682 4433 2836 4501 quasi
2890 4447 3146 4501 magnum
3208 4434 3410 4504 aliquid
3460 4443 3519 4491 et

230 4521 429 4575 Καίτοι
485 4522 700 4585 πολλοῖς
745 4522 956 4593 ἑτέροις
992 4522 1253 4591 ὀνόμασιν
1296 4522 1680 4593 ἀποκαλούσης
1726 4524 1818 4577 τὸν

1938 4522 2153 4577 sublime
2184 4522 2412 4576 dixerit?
2446 4522 2605 4591 Atqui
2639 4538 2761 4576 cum
2803 4522 2986 4577 multis
3033 4524 3154 4578 aliis
3196 4527 3514 4581 nominibus

232 4612 359 4665 Υἱὸν
382 4612 480 4682 τῆς
514 4612 665 4676 θείας
696 4614 936 4685 Γραφῆς,
966 4613 1102 4667 ἀλλὰ
1126 4614 1298 4683 Λόγον
1328 4614 1566 4685 εἰρηκὼς
1588 4654 1603 4679 ,
1635 4616 1813 4688 παρά-

230 4701 383 4767 δοξόν
412 4720 463 4755 τι
490 4704 581 4756 καὶ
610 4705 886 4774 ὑπερφυὲς
926 4704 1229 4773 ἐφθέγξατο
1248 4723 1262 4737 ·
1305 4706 1401 4759 καὶ
1447 4706 1600 4759 οὐδὲν
1630 4709 1817 4779 ἕτερον

230 4793 321 4843 ἐπ’
349 4792 498 4862 αὐτῷ
528 4794 931 4863 προστέθεικεν,
949 4788 1060 4849 οἷον
1082 4796 1173 4849 ἐπὶ
1192 4797 1283 4850 τοῦ
1306 4797 1517 4850 Παύλου
1541 4799 1811 4866 φαίνεται,

228 4884 315 4945 τὸ,
347 4902 365 4934 ι
395 4883 605 4947 Παῦλος
641 4885 962 4951 ἀπόστολος.
1000 4908 1020 4938 ›
1065 4887 1341 4957 Ἦρκέσθη
1396 4888 1452 4941 δὲ
1499 4889 1575 4959 τῷ
1615 4891 1812 4955 εἰπεῖν,

229 4976 430 5044 Λόγον,
464 4980 542 5041 είς
570 4977 631 5029 τὸ
661 4980 1011 5049 παραστῆσαι
1040 4979 1129 5032 τοῦ
1166 4980 1296 5038 Υίοῦ
1329 4981 1425 5051 τὴν
1467 4982 1673 5035 οὐσίαν.
1706 4984 1815 5036 Λύ-

228 5069 323 5131 16;
359 5070 463 5139 ἄρα
498 5070 648 5122 ἐστὶν
677 5074 705 5123 6
730 5069 980 5140 ἀληθινὸς
1008 5073 1179 5139 Λόγος
1216 5071 1309 5124 τοῦ
1343 5072 1578 5141 Πατρὸς,
1608 5074 1702 5127 καὶ
1718 5075 1813 5144 οὐχ

228 5160 420 5230 ’ἐτερός
448 5178 529 5225 τις
565 5164 696 5232 παρ’
726 5164 952 5216 ἐκεῖνον.

923 5278 1124 5330 ΛΛΛΟ.

305 5390 365 5441 Εἰ
387 5389 695 5456 διὰταύτην
720 5390 1050 5460 ὑπειλήφασι
1093 5390 1189 5460 τὴν
1220 5393 1397 5445 αἰτίαν
1431 5396 1477 5446 οἱ
1518 5396 1813 5464 χριστομὰο

228 5499 317 5552 χοι
351 5483 424 5552 μὴ
454 5478 593 5533 εἶναι
624 5482 713 5533 τὸν
738 5482 864 5534 Υἰὸν
893 5484 1177 5550 όμοούσιον
1201 5484 1277 5553 τῷ
1311 5487 1502 5554 Πατρῇ
1524 5487 1645 5537 ἐπεὶ
1676 5488 1813 5556 μήτε

227 5574 261 5625 6
288 5574 472 5645 Πατὴρ
501 5572 676 5640 Λόγος
712 5571 848 5632 ἐστὶ,
886 5575 1022 5641 μήτε
1057 5576 1084 5624 ὁ
1120 5574 1289 5639 Λόγος
1324 5576 1509 5644 Πατὴρ
1534 5617 1548 5640 ,
1588 5576 1682 5627 καὶ
1716 5577 1814 5646 τὴν

228 5666 456 5737 ἑνότητα
478 5665 582 5733 τῆς
615 5663 828 5732 φᾶσεως
860 5664 936 5734 τῷ
970 5665 1210 5737 διαφόρῳ
1245 5667 1349 5719 τῶν
1392 5670 1669 5739 ὀνομάτων
1700 5670 1811 5723 δίαν

290 5829 335 5862 ⁸⁵
364 5825 528 5883 Joan.
567 5842 604 5889 ι,
637 5826 683 5876 l.
766 5826 810 5857 ²⁹
844 5824 883 5878 ΙΙ
916 5824 1041 5882 Cor.
1078 5838 1119 5891 l,
1161 5826 1182 5878 l
1221 5836 1270 5881 ct
1308 5826 1449 5880 alibi.

1925 4628 2079 4668 sacra
2105 4612 2385 4681 Scriptura
2412 4612 2602 4666 Filium
2636 4612 2888 4681 appellet,
2926 4628 3048 4666 cum
3115 4612 3349 4667 Verbum
3412 4629 3515 4671 vo-

1924 4714 2032 4766 cat,
2061 4704 2433 4757 admirandum
2471 4704 2856 4773 aliquidatque
2904 4705 3163 4757 eximium
3236 4706 3405 4773 dixit;
3438 4706 3515 4760 ni-

1926 4796 2109 4864 hilque
2132 4796 2275 4848 aliud
2303 4797 2367 4847 ad
2400 4798 2535 4847 hanc
2572 4809 2759 4848 vocem
2788 4794 3005 4861 adjecit,
3035 4803 3091 4847 nt
3134 4795 3185 4846 in
3234 4794 3400 4849 Paulo
3432 4796 3517 4849 vi-

1923 4889 2080 4942 detur
2106 4887 2253 4952 illud,
2283 4906 2301 4937 ι
2338 4887 2532 4941 Paulus
2569 4886 2845 4964 apostolus
2872 4887 2936 4938 υ.
2972 4904 2989 4937 s
3028 4884 3253 4939 Suﬂ‘ecit
3280 4886 3424 4940 enim
3460 4888 3513 4942 ei

1920 4981 2139 5043 dixisse,
2176 4977 2434 5042 Verbum,
2470 4982 2536 5033 ad
2561 4979 2854 5033 essentiam
2924 4978 3047 5031 Filii
3100 4977 3508 5033 declarandam.

1919 5072 2034 5141 Ipse
2062 5074 2241 5139 itaque
2270 5081 2351 5125 est
2380 5086 2569 5124 verum
2628 5069 2866 5125 Verbum
2924 5070 3120 5133 Patris,
3162 5084 3267 5123 non
3328 5076 3509 5124 autem

1917 5162 2113 5231 aliquis
2148 5161 2283 5215 alius
2311 5170 2503 5230 praeter
2531 5161 2727 5229 ipsum.

2599 5269 2827 5325 ALIUD.

1989 5387 2041 5441 Si
2072 5402 2188 5441 eam
2220 5385 2289 5441 ob
2316 5400 2530 5439 causam
2566 5384 2883 5438 existimant
2931 5382 3119 5437 hostes
3180 5378 3380 5433 Christi
3430 5376 3511 5433 Fi-

1918 5478 2047 5532 lium
2082 5494 2185 5531 non
2212 5490 2331 5530 esse
2366 5472 2885 5530 consubstantialem
2946 5469 3118 5532 Patri,
3154 5470 3279 5537 quia
3336 5482 3511 5534 neque

1919 5570 2078 5624 Pater
2108 5579 2190 5623 est
2223 5568 2477 5629 Verbum,
2514 5580 2686 5634 neque
2718 5562 2951 5616 Verbum
2985 5561 3165 5623 Pater,
3218 5567 3272 5611 et
3328 5559 3503 5609 unita-

1919 5675 2025 5720 tem
2058 5673 2264 5719 naturac
2293 5664 2359 5719 ob
2388 5660 2743 5719 dill'ercntiam
2776 5657 3052 5712 nominum
3089 5650 3317 5709 convelli
3352 5666 3508 5719 posse
