3994 6324
484 399 588 455 315

1494 394 1553 449 S.
1593 386 1871 449 CYRILLI
1906 378 2372 439 ALEXANDle
2408 379 2726 438 ARCHIEP.

3602 378 3710 436 3’6

476 515 830 570 crediderunt
862 530 877 569 :
904 514 1090 571 dicant
1118 515 1271 571 nobis
1304 515 1571 584 quomodo
1608 513 1821 584 primus
1848 517 2040 579 parent

2147 503 2362 574 τέμνειν
2380 502 2639 557 δύνασθαι
2669 498 3084 563 πεπιστεύκασι,
3103 496 3406 588 λεγέτωσαν
3428 496 3563 588 ἡμῖν

481 602 1135 661 Adam‘consubstautialis
1161 604 1275 659 erit.
1294 603 1368 657 illi
1403 602 1493 672 qui
1515 617 1581 657 ex
1612 615 1673 655 se
1698 599 1909 669 genitus
1934 607 2040 661 est,

481 707 601 746 cum
636 708 807 763 neque
831 694 944 763 ipse
978 695 1146 764 possit
1174 709 1296 750 esse
1333 694 1485 759 Abel,
1522 705 1696 763 neque
1757 689 1889 745 Abel
1944 704 2044 742 un-

482 796 642 851 quam
671 782 885 839 futurus
912 785 982 839 sit
998 784 1212 839 Adam?
1237 784 1396 854 Atqui
1427 783 1707 840 nominum
1738 780 2041 837 diﬁcrentia

483 874 800 929 substantia:
825 874 1156 930 identita'tem
1180 889 1285 931 non
1311 874 1466 930 tollit.
1496 875 1675 945 Atque
1695 874 1798 929 hoc
1823 872 2040 941 quidem

486 959 538 1013 in
561 960 697 1016 facta
736 973 788 1019 et
817 974 995 1018 creata
1022 972 1231 1017 natura.
1264 963 1543 1029 Quomodo
1588 964 1751 1032 igitur
1799 977 1904 1017 non
1938 962 2045 1017 iuo-

486 1051 556 1104 rit
578 1050 795 1121 impium
832 1053 882 1106 in
914 1062 1103 1107 natura
1126 1054 1384 1116 increata,
1416 1067 1535 1122 qua
1562 1054 1819 1109 omnibus
1839 1054 2040 1108 creatis

484 1140 637 1211 longe
662 1142 1094 1208 antecellit,illud
1122 1143 1397 1198 statuere?
1447 1143 1907 1211 Quemadmodum
1941 1142 2041 1211 igi-

484 1238 570 1282 tur
595 1230 639 1285 si
667 1239 811 1300 esset
838 1231 1062 1288 diversa
1080 1234 1350 1298 essetuiac,
1383 1248 1488 1289 non
1521 1243 1665 1288 esset
1688 1247 1871 1287 verum
1901 1233 2039 1289 Ver-

484 1320 718 1384 bum,ita
753 1336 873 1377 cum
903 1322 974 1377 sit
993 1322 1688 1391 consubstantialis,vcrum
1721 1324 1883 1377 etiam
1910 1322 2047 1377 Ver-

483 1410 606 1464 liunt
627 1418 729 1467 est.

1142 1502 1369 1561 ALIUD.

551 1591 777 1648 Nomina
804 1609 924 1665 qua
953 1596 1309 1652 substantiam
1342 1611 1521 1651 rerum
1540 1596 1815 1654 declarant
1867 1598 2042 1667 prima

485 1683 825 1753 maximeque
848 1686 1061 1756 propria
1088 1698 1214 1741 sunt
1249 1705 1264 1742 :
1295 1689 1519 1742 multam
1554 1697 1734 1742 tamen
1765 1688 1817 1743 in
1846 1688 1913 1743 iis
1936 1686 2039 1744 dif-

484 1772 761 1829 l‘crentiam
801 1775 980 1832 videre
1006 1776 1153 1832 licet.
1174 1779 1292 1833 Alia
1328 1780 1469 1833 enim
1533 1779 1893 1855 universalius
1956 1794 2042 1835 res

484 1865 628 1932 ipsas
652 1866 985 1935 signiﬁcant,
1010 1877 1062 1923 et
1088 1870 1413 1940 generaliter
1440 1869 1740 1938 explicant;
1785 1870 1891 1925 alia
1916 1885 2045 1927 vero

483 1953 805 2010 universalia
846 1956 898 2009 in
917 1957 1212 2027 singularia
1249 1968 1458 2022 secant,
1487 1960 1788 2030 multasque
1825 1975 1914 2017 res
1957 1976 2046 2031 ap-

482 2056 670 2110 parere
688 2043 913 2103 faciunt.
940 2046 1182 2118 Exempli
1214 2049 1404 2118 gratia,
1439 2050 1671 2106 hominis
1697 2065 1888 2106 nomen
1912 2051 2045 2106 sim-

483 2132 693 2201 pliciter
720 2143 881 2203 atquc
904 2136 1148 2192 absolute
1174 2139 1396 2205 dictum,
1424 2142 1734 2197 universum
1757 2156 1927 2213 genus
1948 2142 2044 2196 bo-

483 2219 686 2280 minum
717 2222 1002 2293 signiﬁcat,
1049 2235 1140 2279 aut
1186 2227 1537 2283 substantiam
1591 2230 1759 2299 ipsam
1795 2248 1808 2284 :
1846 2230 2039 2285 Paulus

481 2324 610 2366 vero
639 2312 957 2380 autPetrus,
996 2315 1154 2385 187
1182 2326 1273 2371 aut
1300 2316 1552 2393 Jacobus,
1592 2330 1683 2375 aut
1704 2321 1921 2390 Cephas
1948 2323 2044 2377 liu-

481 2401 792 2457 manitatem
823 2403 875 2458 in
906 2405 1194 2476 singularia
1228 2409 1481 2477 partitur,
1515 2411 1817 2482 multosque
1873 2413 2043 2468 homi-

479 2505 576 2546 nes
601 2494 897 2549 constituit.
927 2494 1210 2553 Nominum
1238 2498 1421 2570 itaque
1442 2499 1742 2557 diﬂerentia
1774 2504 2043 2572 accipitur

360 2592 361 2595 ‘
479 2579 695 2647 quidem
724 2580 777 2635 in
814 2582 878 2638 iis
909 2585 999 2654 qui
1020 2583 1259 2653 ejusdem
1304 2590 1627 2644 substantia!
1682 2600 1829 2654 sunt,
1868 2606 2044 2662 neque

479 2667 618 2723 tollit
664 2683 849 2725 eorum
883 2686 1001 2742 qua
1034 2674 1271 2744 ejusdem
1319 2678 1515 2746 speciei
1561 2688 1705 2738 sunt.
1738 2680 2040 2752 naturalem

479 2756 619 2812 inter
645 2774 702 2815 se
724 2761 1153 2818 similitudinem.
1188 2765 1318 2820 Cum
1389 2766 1550 2837 igitur
1640 2768 1800 2823 Pater
1834 2769 2043 2825 dicatur

480 2846 662 2915 Pater,
687 2850 859 2907 Filius
881 2868 1008 2910 vero
1040 2855 1293 2925 Verbum,
1319 2873 1426 2915 non
1454 2860 1560 2916 erit
1598 2861 1682 2917 vel
1711 2862 1800 2919 hic
1838 2862 1935 2930 illi,
1961 2864 2045 2919 vel

481 2940 571 2995 ille
595 2940 719 2996 huic
747 2944 1021 3002 dissimilis
1056 2960 1268 3015 natura,
1299 2965 1420 3005 cum
1444 2951 1573 3007 solis
1598 2953 1906 3011 nominibus
1929 2955 2043 3011 dis-

480 3031 813 3100 tinguantur.
866 3035 1153 3093 Ostensum
1208 3049 1388 3097 autem
1430 3050 1537 3107 est,
1584 3043 1863 3100 nominum
1896 3044 2045 3100 αισθ-

2142 594 2171 645 ό
2197 594 2497 665 προπάτωρ
2535 592 2705 662 Ἀδὰμ
2732 589 3017 661 όμοούσιος
3045 584 3198 642 {aiat
3230 588 3369 660 πρὸς
3400 588 3491 641 τὸν
3515 584 3575 653 ἒξ
3604 584 3708 638 αὐ-

2143 683 2237 737 τοῦ
2259 685 2537 753 γεγονότα,
2570 681 2694 737 οὔτε
2719 681 2883 745 αὐτὸς
2902 680 3068 734 ’Δσελ
3095 674 3231 732 εῖναι
3251 677 3565 749 δυνάμενος,
3583 672 3706 728 οὔτε

2147 775 2254 844 μὴν
2275 773 2369 826 τοῦ
2406 772 2570 825 ’Λσελ
2607 770 2864 842 ἐσομένου
2890 770 3023 824 ποτὶ
3060 770 3250 839 Ἀδάμ.
3314 768 3452 822 ‘AD.’
3479 766 3579 821 οὐκ
3613 765 3708 819 ἐκ·

2144 864 2329 918 ϐάλλει
2376 865 2472 935 τῆς
2522 863 2709 927 οὐσίας
2736 863 2836 933 τὴν
2864 863 3185 932 ταυτότητα,
3218 863 3252 932 ή
3292 860 3402 913 τῶν
3428 858 3708 930 ὀνομάτων

2142 956 2391 1027 διαφορά.
2424 955 2535 1010 Kal.
2560 937 2716 1009 acii-ro
2745 955 2837 1008 ἐπὶ
2858 954 3094 1024 γενητῆς
3116 954 3209 1007 καὶ
3238 952 3464 1022 κτιστῆς
3495 950 3706 1011 οὐσίας.

2143 1047 2265 1111 Πῶς
2284 1041 2377 1099 οὖν
2398 1047 2497 1099 οὐκ
2523 1043 2714 1108 ἀσεϐὲς
2733 1044 2826 1097 ἐπὶ
2855 1043 2954 1114 τῆς
2992 1043 3257 1113 ἀγενήτου
3291 1039 3505 1110 φύσεως
3532 1039 3711 1091 statvo

2142 1138 2405 1204 δοξάζειν,
2434 1137 2613 1190 πάντα
2657 1134 3057 1205 ὑπερκειμένης
3080 1133 3159 1204 ,τὰ
3197 1132 3435 1202 γενητὰς
3495 1130 3584 1193 Ὠς
3612 1123 3711 1183 οὖν

2142 1229 2299 1299 ιτπερ
2318 1224 2387 1298 ἦν
2409 1225 2763 1298 ἑτεροούσιος,
2796 1225 2897 1278 οὐκ
2924 1225 2991 1279 ἂν
3019 1221 3087 1296 ἦν
3114 1223 3287 1292 Λόγος
3314 1220 3588 1293 ἀληθινὸς,
3613 1218 3713 1273 οὓ·-

2140 1336 2251 1383 τως
2281 1318 2575 1390 ιπευδήπερ
2606 1317 2908 1389 όμοούσιος,
2937 1315 3189 1385 ἀληθινὸς
3225 1314 3292 1369 ἂν
3321 1312 3411 1385 atq
3440 1312 3633 1380 Λόγος.

2970 1496 3030 1548 Ο.

2970 1496 3030 1548 0.

2214 1584 2531 1657 Σημαντικὰ
2580 1585 2679 1656 μὲν
2720 1584 2790 1638 τὰ
2815 1495 3057 1655 mea
3103 1582 3215 1637 τῶν
3248 1584 3445 1637 οὐσιῶν
3476 1584 3614 1646 ἔστι,
3642 1582 3717 1636 τὰ

2144 1679 2331 1750 πρῶτα
2366 1677 2429 1749 δὴ
2470 1678 2705 1749 μάλιστα
2745 1679 2843 1731 καὶ
2870 1678 2940 1731 τὰ
2968 1676 3279 1749 κυριώτατα
3302 1694 3318 1709 °
3347 1675 3484 1730 ἀλλά
3512 1672 3718 1744 πολλὴν

2145 1768 2210 1823 ἄν
2234 1786 2318 1832 τις
2342 1770 2400 1821 ὲν
2430 1771 2643 1834 τούτοις
2664 1769 2761 1823 tam
2783 1769 2880 1840 τὴν
2908 1768 3194 1842 διαφοράν.
3224 1768 3307 1821 Τὰ
3346 1768 3443 1836 μὲν
3472 1766 3583 1837 γὰρ
3612 1781 3721 1819 κα·-

2075 1838 2122 1894 B
2148 1860 2503 1934 θολικὼτερον
2524 1861 2592 1915 τὰ
2612 1863 2740 1915 ὄντα
2784 1838 3189 1932 σήμαίνειίκαὶ
3233 1858 3453 1929 γενικὴν
3480 1859 3717 1911 ποιεῖται

2144 1952 2244 2023 τὴν
2271 1952 2502 2023 δήὶωσιν
2522 1968 2535 1982 ·
2562 1951 2630 2005 τὰ
2655 1952 2711 2005 δὲ
2735 1953 2816 2015 εἰς
2840 1951 2904 2005 τὸ
2933 1950 3056 2005 καθ’
3078 1950 3135 2003 ἓν
3162 1949 3234 2004 τὰ
3260 1948 3488 2004 καθόλου
3517 1964 3719 2019 σημαι-

2146 2044 2347 2115 νόμενα
2370 2044 2746 2115 διατέμνοντα,
2774 2041 2946 2096 πολλὰ
2980 2042 3049 2096 τὰ
3081 2042 3209 2095 ὄντα
3235 2038 3518 2111 φαίνεσθαι
3546 2042 3723 2121 ποιεῖ.¹

2146 2129 2270 2187 Οἷον
2305 2136 2437 2204 φέρε
2468 2135 2659 2199 εἰπεῖν,
2694 2132 2756 2185 τὸ
2792 2132 3079 2209 ἄνδρωπος
3116 2130 3290 2202 όνομα
3323 2130 3509 2194 ἁπλῶς
3536 2146 3594 2183 τε
3618 2128 3720 2184 καὶ

2145 2222 2375 2276 ἀπολελυ
2385 2222 2561 2293 μένως
2581 2223 2890 2293 λεγόμενον,
2911 2221 3132 2293 σύμπαν
3154 2222 3410 2291 σημαίνει
3431 2220 3489 2274 τὸ
3505 2220 3720 2290 avom-

2147 2329 2296 2366 πειον
2327 2313 2505 2381 γένος,
2555 2313 2589 2384 ἢ
2616 2313 2712 2383 τὴν
2754 2312 2941 2367 οὐσίαν
2968 2313 3171 2383 αὐτήν
3205 2313 3265 2366 τὸ
3302 2312 3358 2366 δὲ
3390 2310 3599 2375 Παῦλος
3622 2326 3721 2363 ru-

2144 2407 2295 2478 χὺνῆ
2345 2407 2580 2476 Πέτρος,
2628 2405 2880 2469 Ἰάκωϐος
2910 2404 2943 2475 ἢ
2985 2406 3182 2476 Κηφᾶς
3205 2445 3221 2469 ,
3261 2405 3341 2468 εἰς
3372 2403 3435 2456 τὸ
3469 2401 3591 2455 καθ’
3619 2401 3719 2455 ενα

2148 2498 2328 2570 σχιζον
2350 2498 2448 2569 τὴν
2478 2497 2895 2570 ἀνθρωπότητα,
2923 2497 3151 2561 πολλοὺς
3179 2492 3317 2551 εἶναι
3345 2496 3471 2559 τοὺς
3498 2493 3712 2565 ἀνθρὼ-

2148 2606 2281 2652 πους
2307 2591 2466 2641 ποιεῖ.
2492 2587 2700 2643 Οὐκοῦν
2724 2590 2756 2659 ἡ
2782 2588 2889 2639 τῶν
2924 2586 3205 2658 ὀνομάτων
3235 2584 3463 2656 διαφορὰ
3504 2583 3715 2653 λαμϐά-

2148 2695 2295 2733 νεται
2327 2681 2423 2748 μὲν
2448 2679 2541 2731 ἐπὶ
2572 2677 2681 2732 τῶν
2725 2678 3057 2749 όμοουσίων,
3086 2677 3147 2729 οὐ
3193 2676 3300 2747 μὴν
3341 2673 3590 2728 ἐκϐάλλει
3615 2675 3718 2745 τῆς

2148 2771 2281 2843 πρὸς
2304 2770 2508 2841 ἄλληλα
2533 2770 2769 2840 φυσικῆς
2791 2772 2814 2823 ὲ
2823 2769 3087 2841 μφερειας
3122 2768 3194 2821 τὰ
3216 2770 3330 2830 τοῖς
3369 2768 3553 2829 αὐτοῖς
3579 2765 3719 2819 εῖδε-

2149 2880 2233 2916 σιν
2261 2862 2653 2916 ὑποπίπτοντα.
2706 2863 2875 2915 Ὅταν
2905 2855 2999 2914 οὖν
3042 2862 3071 2913 ό
3118 2859 3218 2930 μιν
3258 2860 3447 2928 Πατὴρ
3485 2856 3720 2926 λέγηται

2149 2955 2356 3026 Πατὴρ,
2392 2956 2420 3008 ό
2442 2954 2498 3007 δὲ
2518 2954 2646 3017 Υῐδς
2673 2952 2863 3021 Λόγος,
2895 2953 2995 3005 οὐκ
3019 2951 3171 3026 ἔσται
3190 2951 3287 3021 τὴν
3314 2948 3475 3020 φύσιν
3506 2948 3540 3018 ἢ
3562 2943 3716 3010 οὗτος

2149 3043 2284 3114 πρὸς
2308 3046 2532 3105 ἐκεῖνον,
2564 3042 2597 3113 ἢ
2628 3045 2835 3105 ἐκεῖνος
2854 3043 2930 3106 ὼς
2958 3044 3095 3112 πρὸς
3120 3040 3310 3096 τοῦτον
3351 3041 3623 3110 ἀνόμοιος,
3654 3040 3714 3093 ιν

481 3122 706 3201 rcntiam
726 3125 1025 3181 naturalem
1048 3128 1188 3184 inter
1206 3144 1266 3185 se
1291 3130 1692 3187 similitudinem
1714 3148 1901 3190 eorum
1922 3150 2040 3205 quae

2149 3134 2330 3205 μόνοις
2343 3134 2598 3203 ὀνόμασιν
2621 3133 2837 3216 ἔχοντες
2859 3133 2955 3204 τὴν
2978 3133 3278 3203 διαστολὴν.
3301 3132 3580 3186 Δέδεικται
3604 3131 3716 3204 γὰρ

479 3214 956 3271 consubstantialia
987 3228 1116 3273 sunt
1154 3234 1494 3291 nequaquam
1519 3223 1853 3280 subvertere.
1897 3225 2043 3281 Nihil

482 3301 663 3372 itaque
685 3305 862 3359 obstat
891 3308 1179 3375 quominus
1216 3310 1383 3367 Filius
1449 3315 1927 3372 consubstantialis
1972 3317 2044 3372 sit

480 3390 648 3458 Patri,
675 3396 884 3451 tametsi
909 3406 1126 3452 vocetur
1154 3398 1343 3466 Filius,
1370 3411 1424 3457 et
1445 3418 1550 3458 non
1610 3404 1679 3459 sit
1733 3404 1893 3460 Pater
1922 3409 2039 3477 ipse

478 3494 665 3536 verum
700 3484 866 3552 ipsius
906 3486 1163 3544 Verbum.
1185 3490 1316 3544 Cum
1341 3491 1494 3546 enim
1515 3492 1586 3547 sit
1606 3494 1835 3563 simplex
1864 3493 2042 3551 Patris

479 3574 731 3639 essentia,
756 3576 958 3631 nullum
981 3579 1122 3635 aliud
1148 3581 1525 3639 intermedium
1556 3587 1788 3657 excipiet
1820 3601 2042 3659 genera-

478 3664 677 3720 tionem
715 3666 871 3722 Verbi
905 3672 1220 3728 naturaliter
1240 3688 1309 3730 ex
1338 3675 1453 3747 ipso
1479 3678 1840 3749 procedentis.
1860 3680 2043 3748 Quod-

480 3772 586 3825 que
623 3773 784 3812 unum
814 3775 1001 3817 revera
1042 3779 1162 3819 cum
1188 3765 1303 3833 ipso
1328 3777 1431 3833 est,
1470 3779 1737 3839 quatenus
1780 3772 2041 3829 naturali-

480 3858 564 3903 ter
591 3851 750 3905 etiam
777 3853 891 3922 ipse
922 3863 1007 3910 est
1042 3855 1203 3923 Deus,
1244 3869 1297 3914 et
1330 3862 1516 3917 virens
1544 3878 1575 3917 e
1609 3864 1729 3919 vivo
1769 3864 1924 3921 Patre
1965 3865 2044 3920 ei-

482 3937 647 3995 I’ulsit.
1436 3944 1444 3949 ’

890 4055 978 4112 Eat
1017 4059 1307 4129 objections
1340 4062 1614 4121 Eunomii.

551 4142 611 4196 In
657 4142 982 4215 Evangeliis,
1024 4150 1119 4213 ait,
1154 4149 1323 4207 Filius
1366 4156 1433 4209 ad
1478 4155 1695 4213 Patrem
1741 4160 1813 4215 ita
1862 4163 2039 4219 dicit:

482 4250 503 4283 ε
534 4231 711 4300 Pater,
748 4236 987 4305 gloriﬁca
1014 4239 1209 4295 Filium
1240 4252 1421 4312 tuum;
1456 4264 1475 4298 ι
1517 4247 1686 4303 Filius
1716 4262 1907 4305 contra
1944 4269 2042 4307 au-

479 4325 598 4381 dit:
642 4345 661 4378 ι
712 4328 777 4382 Et
820 4330 1139 4398 gloriﬁcavi,
1187 4330 1242 4388 et
1306 4352 1494 4393 rursus
1541 4340 1856 4408 gloriﬁcabo
1896 4345 1963 4400 ³⁸.
2018 4366 2038 4399 ι

478 4415 545 4468 At
573 4430 677 4483 quo
700 4429 856 4486 pacto
883 4421 1053 4490 possit
1079 4422 1249 4487 Filius
1271 4440 1397 4480 vcre
1426 4442 1546 4482 esse
1576 4430 1808 4487 Verbum
1838 4434 2036 4501 Patris,

2146 3224 2222 3289 ὡς
2265 3227 2362 3279 οὐκ
2405 3225 2698 3297 ἀνατρέψει
2740 3225 2850 3278 τῶν
2896 3224 3151 3295 ὁμοφυῶν
3196 3226 3294 3295 τὴν
3328 3224 3462 3295 πρὸς
3509 3224 3721 3295 ἄλληλα

2150 3317 2383 3387 φυσικὴν
2420 3318 2712 3387 ὁμοιότητα
2737 3314 2847 3368 τῶν
2872 3316 3152 3386 ὀνομάτων
3192 3317 3226 3387 ὴ
3254 3315 3503 3385 διαφορά.
3549 3315 3723 3370 Οὐδὲν

2146 3407 2255 3479 ἄρα
2284 3408 2479 3462 κωλύει
2507 3408 2599 3462 τὸν
2630 3408 2761 3462 Υῑδν
2793 3407 3077 3478 όμοούσιον
3109 3404 3247 3461 εἶναι
3274 3406 3352 3477 τῷ
3382 3409 3578 3477 Πατρὶ,
3611 3409 3720 3462 κᾶν

2146 3498 2272 3563 Υἱὸς
2300 3498 2543 3552 καλεῖται
2570 3499 2664 3552 καὶ
2694 3498 2769 3570 μὴ
2797 3499 2986 3571 Πατὴρ
3015 3497 3177 3561 αὐτός
3222 3499 3370 3550 ἐστιν
3408 3499 3437 3549 ὁ
3464 3497 3723 3567 ἀληθινὸς

2146 3590 2307 3644 αὑτοῦ
2341 3590 2534 3658 Λόγος.
2570 3590 2743 3661 ’Λπλῆ
2768 3589 2877 3661 γὰρ
2906 3586 3091 3659 οὗσαή
3144 3588 3237 3641 τοῦ
3274 3587 3487 3658 Πατρδς
3532 3587 3718 3652 οὐσία,

2144 3680 2296 3735 οὐδὲν
2322 3681 2506 3751 ἕτερον
2533 3680 2837 3748 amatam.
2865 3678 3199 3751 μεσολαδοῦν
3220 3678 3319 3750 τὴν
3338 3679 3593 3748 γέννησιν
3620 3677 3721 3732 τοῦ

2148 3773 2205 3837 ιε
2232 3772 2397 3827 αὐτοῦ
2427 3771 2673 3843 φυσικῶς
2696 3772 3053 3843 προελθόντος
3082 3772 3279 3839 Λόγου,
3312 3771 3405 3825 καὶ
3435 3769 3510 3834 ὡς
3537 3769 3596 3823 ἓν
3626 3770 3718 3824 ὗν-

2146 3880 2253 3925 τως
2284 3863 2418 3935 πρὸς
2441 3862 2625 3929 αὐτὸν,
2655 3862 2790 3916 καθό
2822 3863 2978 3931 φύσει
3002 3862 3098 3916 καὶ⁵
3131 3861 3295 3926 αὐτὸς
3321 3860 3451 3921 Θεὸς
3481 3860 3576 3913 καὶ
3606 3860 3719 3924 ζῶν

2146 3953 2210 4005 ὲκ
2229 3952 2429 4017 ζῶντος
2462 3953 2774 4025 ὲξελάμφθη
2799 3954 3029 4023 Πατρός.

2424 4065 2756 4132 Ἀντίθεσις
2777 4065 2858 4132 ὡς
2881 4066 2950 4119 ἐκ
2979 4063 3096 4119 τῶν
3117 4065 3439 4134 Εὐνομίου.

2228 4159 2317 4211 Ἐν
2344 4160 2455 4221 τοῖς
2481 4157 2854 4226 Εὐαγγελίοις,
2886 4158 3075 4229 φησιν,
3121 4157 3450 4228 εὑρίσκομεν
3484 4157 3711 4227 λέγοντα

2145 4248 2235 4300 τὸν
2264 4248 2390 4301 Υῑὸν
2412 4249 2488 4312 ὡς
2513 4248 2647 4320 πρὸς
2667 4248 2758 4301 τὸν
2789 4249 3006 4318 Πατέρα
3028 4265 3041 4278 ·
3076 4268 3094 4300 ι
3135 4250 3337 4320 Πάτερ,
3362 4249 3583 4313 δόξασόν
3614 4265 3715 4303 σου

2143 4338 2233 4391 τὸν
2262 4339 2408 4401 Υῑὸν,
2444 4358 2461 4389 ι
2501 4338 2868 4393 ἀντακούοντα
2896 4338 2951 4391 δὲ
2990 4341 3123 4409 παρ’
3153 4339 3319 4394 αὐτοῦ
3340 4357 3354 4370 ο
3388 4360 3408 4391 ι
3448 4340 3559 4393 Καὶ
3589 4339 3713 4394 ἐδό-

2148 4429 2305 4493 ξασα,
2340 4431 2433 4483 καὶ
2457 4430 2617 4483 πάλιν
2637 4429 2866 4496 δοξάσω.
2911 4448 2930 4480 ι
2965 4430 3075 4482 Kal.
3099 4431 3214 4493 πῶς
3239 4430 3304 4484 ἂν
3325 4428 3463 4483 εῖναι
3491 4430 3714 4483 δύναιτο

478 4520 599 4560 cum
640 4506 797 4563 Pater
836 4511 1006 4579 ipsum
1043 4514 1394 4585 ailoquatur?
1423 4520 1676 4577 allocutio
1707 4534 1887 4580 autem
1913 4497 2037 4583 abs;

2146 4522 2315 4590 Λόγος
2342 4522 2437 4575 τοῦ
2468 4523 2679 4593 Πατρός
2704 4520 2845 4575 κατὰ
2877 4521 3130 4591 ἀλήθειαν
3162 4524 3191 4575 ό
3223 4521 3372 4585 Υἱὸς,
3398 4523 3531 4575 ὅπου
3577 4522 3710 4591 φαι-

476 4608 581 4663 que
614 4600 780 4653 verbo
833 4600 947 4656 fieri
984 4618 1088 4657 non
1121 4615 1319 4673 potest.
1349 4608 1456 4661 Aut
1496 4611 1660 4679 igitur
1692 4614 1921 4683 ipsemet
1948 4631 2037 4672 se-

2144 4631 2287 4668 νεται
2318 4615 2451 4683 πρὸς
2480 4613 2641 4667 αὑτὸν
2660 4612 3039 4681 διαλεγόμενος
3068 4615 3096 4665 ό
3136 4614 3360 4683 Πατήρ;
3391 4612 3625 4680 διάλεξις
3650 4613 3713 4668 δι

476 4701 597 4741 cum
631 4690 887 4760 loquitur,
921 4706 1013 4749 aut
1045 4698 1087 4752 si
1114 4696 1277 4753 Pater
1332 4717 1520 4757 revera
1565 4703 1759 4759 Filium
1806 4707 2036 4778 alloqui-

2144 4707 2295 4775 λόγου
2320 4705 2487 4777 χωρὶς
2516 4705 2616 4758 οὐκ
2646 4705 2713 4758 ἂν
2762 4704 2969 4773 γένοιτό
3014 4720 3165 4759 ποτε.
3219 4705 3289 4757 Ἦ
3324 4705 3503 4757 τοίνυν
3545 4706 3712 4770 αὐτὸς

477 4787 584 4838 tur,
616 4779 752 4835 alius
778 4783 1018 4850 profecto
1047 4788 1151 4841 erit
1181 4804 1210 4842 a
1240 4790 1416 4847 Verbo
1433 4795 1573 4863 quod
1609 4796 1830 4851 insitum
1867 4809 2031 4868 atque

2144 4796 2317 4868 ἑαυτῷ
2371 4797 2521 4849 ἔσται
2574 4795 2975 4865 διαλεγόμενος,
3004 4796 3036 4866 ἦ
3067 4795 3225 4864 εἴπερ
3256 4793 3425 4855 ὅντως
3463 4792 3612 4859 λέγει
3653 4811 3709 4846 τι

476 4868 800 4927 inessistens
836 4873 941 4929 Deo
963 4880 1255 4934 secundum
1286 4891 1533 4939 naturam
1556 4898 1657 4954 est,
1686 4890 1829 4959 quod
1859 4891 2030 4961 ipsum

2144 4891 2275 4961 πρὸς
2313 4888 2473 4944 αὑτὸν
2499 4891 2526 4942 ό
2561 4888 2768 4957 Πατὴρ,
2800 4888 2984 4959 ἕτερός
3018 4890 3133 4940 sm
3164 4886 3314 4956 παρὰ
3350 4886 3441 4938 τὸν
3468 4885 3708 4939 ἐνδιάθε-

476 4956 786 5028 alloquitur,
810 4962 962 5032 juxta
990 4969 1316 5026 voluntatem
1353 4973 1551 5033 Patris.
1702 4956 1719 4959 ν
1879 4956 1894 4961 Ψ

2144 4956 2227 5031 τόν
2259 4980 2351 5031 καὶ
2394 4956 2763 5048 ἐνυπάρχοντα
2799 4956 3033 5047 “seu;
3068 4976 3204 5030 κατὰ
3241 4976 3401 5044 φύσιν
3422 4976 3613 5043 Λόγον,
3648 4976 3708 5041 ὃς

2137 5070 2287 5123 λαλεῖ
2325 5069 2458 5139 πρὸς
2488 5068 2667 5130 αὑτὸν,
2702 5067 2842 5121 κατὰ
2873 5068 3122 5139 βούλησιν
3138 5066 3229 5131 τοῦ
3263 5066 3492 5139 Πατρός.

2620 5161 2774 5228 Πρὸς
2804 5161 2989 5214 ταῦτα
3013 5160 3213 5224 λύσις.

2210 5256 2282 5307 Οὐ
2306 5253 2490 5326 παύσῃ
2517 5253 2864 5321 συκοφαντῶν
2883 5252 2977 5324 τὴν
3000 5253 3289 5322 ἀσώματον
3314 5252 3521 5315 οὐσίαν,
3548 5250 3707 5320 λόγον

2139 5348 2195 5413 ἐξ
2222 5346 2389 5415 αὐτῆς
2424 5344 2801 5398 ἀποτελεῖσθαι
2830 5342 3098 5396 πιστεύων
3144 5341 3402 5405 τοιοῦτον,
3434 5344 3615 5406 ὁποῖος
3638 5342 3708 5397 ἂν

2139 5439 2220 5505 εἴη
2250 5438 2341 5490 καὶ
2367 5439 2395 5490 ό
2422 5435 2778 5506 ἀνθρώπινος,
2802 5434 2890 5487 διὰ
2916 5434 3139 5505 χειλέων
3170 5434 3263 5485 καὶ
3289 5432 3537 5503 γλώττης
3566 5434 3707 5488 ἀπο·

2138 5526 2344 5579 κτυπού
2355 5543 2512 5595 μενος
2532 5542 2548 5559 ο
2568 5526 2659 5577 καὶ
2678 5526 2775 5593 τὴν
2795 5526 2887 5577 τοῦ
2908 5524 3077 5587 πέλας
3098 5524 3493 5594 προσαράσσων
3510 5523 3706 5594 ἀκοὴν,

2141 5620 2226 5673 ἵνα
2251 5618 2313 5690 δὴ
2338 5619 2429 5674 καὶ
2458 5617 2667 5685 γένοιτο
2691 5617 2868 5687 σαφὴς
2911 5616 3005 5670 τοῦ
3044 5614 3329 5679 λαλοῦντος
3358 5617 3390 5686 ἡ
3427 5613 3701 5685 βούλησις.

964 5144 1173 5200 Salutio
1205 5151 1537 5219 objectionis.

544 5226 659 5281 Non
692 5231 900 5286 desinet
934 5235 1032 5289 iste
1082 5238 1454 5309 incorporeum
1490 5250 1785 5305 essentiam
1826 5257 2030 5311 calum-

474 5318 635 5378 niari.
669 5323 997 5386 persuadens
1024 5327 1123 5381 sibi
1157 5345 1459 5389 sermonem
1500 5353 1563 5391 ex
1599 5356 1659 5393 ea
1693 5343 1922 5409 proferri
1951 5357 2017 5400 ta-

475 5409 598 5469 lem,
630 5412 803 5476 qualis
842 5424 926 5468 est
976 5417 1261 5488 humanus,
1292 5426 1381 5493 qui
1430 5428 1692 5486 labiorum
1740 5444 1794 5488 et
1838 5436 2031 5506 liugum

475 5500 800 5556 adminiculo
828 5512 1224 5578 pronuntietur,
1257 5524 1419 5585 atque
1452 5518 1539 5573 illa
1572 5500 2030 5582 adstantium'an-

476 5587 645 5641 ditum
674 5589 847 5657 feriat,
884 5604 942 5649 ut
978 5598 1048 5652 ita
1086 5600 1353 5671 loquentis
1388 5609 1627 5667 voluntas
1654 5613 1877 5687 intelligi
1912 5633 2031 5687 pos-

544 5741 589 5774 “
616 5742 766 5799 Joan.
802 5763 896 5817 xu,
935 5749 1024 5809 28.
