3994 6324
229 400 333 459 517

1614 390 1881 446 TIlESAlJ
1895 390 2048 447 RUS.

3398 396 3508 453 M3

231 522 291 574 Ei
334 520 443 592 γάρ
470 518 761 589 ἐθελήσαις
787 518 1091 583 ἀποσώζειν
1130 517 1193 586 τῇ
1230 514 1504 585 ἀσωμάτῳ
1544 512 1702 581 φύσει
1724 511 1815 564 τὸν

1937 514 2011 566 iit.
2048 511 2182 568 Nam
2228 516 2274 570 si
2306 514 2441 570 velis
2484 529 2709 571 servare
2742 514 3077 587 incorporea:
3112 525 3319 569 natura
3367 531 3503 570 con-

230 612 367 680 αύτῇ
406 608 743 679 κατάλληλον
767 608 922 677 λόγον
945 607 1043 676 (ί),
1071 606 1133 659 ού
1157 604 1412 675 τοιαύτην
1438 600 1579 655 εἶναι
1606 604 1812 672 νομιεῖς

230 699 326 753 τοῦ
352 699 569 768 [ἰατρὸς
592 699 694 769 τὴν
719 700 922 769 φωνὴν,
946 697 1021 760 ὡς
1049 698 1129 758 είς
1150 695 1320 765 ἀκοὴν
1346 693 1604 763 φέρεσθαι
1632 709 1815 761 σωμα-

230 789 421 852 τικῶς.
441 789 517 842 Ού
548 789 657 861 γάρ
682 791 839 860 μόνος
864 790 892 841 6
915 787 1117 859 Κύριος
1142 786 1451 859 ἠκροάσατο
1481 785 1573 838 τοῦ
1601 782 1816 855 Πατρὸς

232 880 516 946 λέγοντος·
555 899 574 932 ι
604 881 715 933 Καὶ
753 878 1000 943 ἐδόξασα,
1030 878 1127 931 καὶ
1162 877 1323 931 πάλιν
1346 875 1555 942 δοξάσω
1578 891 1593 905 ο
1624 892 1641 924 ι
1682 872 1817 926 ἀλλὰ

233 970 342 1039 γάρ
373 971 469 1022 καὶ
496 970 546 1023 oi
572 970 819 1031 συνόντες
834 967 1002 1037 αὐτῷ.
1030 969 1311 1022 Διδάσκων
1338 966 1395 1019 δὲ
1431 966 1619 1033 σαφῶς
1638 966 1664 1017 6
1682 964 1818 1036 Χρι-

237 1060 382 1123 στὸς,
414 1061 497 1113 ὅτι
519 1060 724 1129 κυρίως
756 1060 849 1112 καὶ
874 1058 1119 1128 φυσικῶς
1148 1058 1249 1110 οὑκ
1277 1055 1457 1126 ἐκείνη
1482 1054 1575 1107 τοῦ
1603 1054 1817 1126 Πατρδς

233 1147 301 1221 ἦν
340 1154 373 1221 ἡ
404 1150 577 1220 φωνὴ.
612 1150 750 1203 ἀλλά
773 1167 854 1213 τις
888 1149 1093 1213 κτύπος
1119 1151 1267 1219 φωνῇ
1292 1145 1627 1218 προσεοικὼς
1660 1148 1817 1217 ἐξήγ.

234 1243 393 1311 γελλε
428 1242 526 1294 τοῦ
552 1240 763 1312 Πατρδς
783 1241 880 1311 τὴν
910 1243 997 1310 ἐφ’
1029 1241 1144 1311 Υίῷ
1187 1239 1462 1310 βούλησιν.
1489 1240 1598 1291 Καὶ
1624 1240 1816 1310 ὅτιπερ

234 1333 319 1402 εἴη
358 1334 543 1403 τίμιος
578 1334 706 1404 παρ’
724 1333 891 1403 αὐτῷ,
921 1333 1071 1400 λέγει
1101 1331 1236 1403 πρὸς
1262 1332 1387 1393 τοὺς
1410 1330 1814 1401 ἀκροωμένους·

240 1443 258 1474 ι
285 1423 362 1476 Οὐ
394 1422 461 1476 δι’
487 1424 587 1494 ἐμὲ
617 1425 649 1492 ἡ
684 1424 833 1493 φωνὴ
858 1422 998 1493 αὕτη
1034 1423 1282 1490 γέγονεν,
1327 1421 1462 1474 άλλά
1488 1422 1554 1473 δι’
1591 1422 1754 1491 ὑμᾶς.
1792 1439 1812 1474 ι

234 1514 481 1585 Πρόσχες
508 1516 615 1585 γὰρ
636 1514 879 1585 άκριδῶς
896 1514 970 1577 ὡς
992 1514 1091 1566 οὐκ
1116 1512 1335 1583 ἔφησεν,
1354 1514 1428 1567 Ού
1451 1513 1518 1566 δι’
1540 1514 1564 1565 ἐ
1574 1514 1640 1581 μέ
1662 1511 1819 1565 λελά-

232 1607 401 1675 ληκεν
444 1609 473 1659 6
511 1607 719 1677 Πατὴρ,
779 1605 812 1676 ἢ
865 1606 1179 1678 ἐδόησεν,ἢ
1232 1606 1421 1678 ἐτερόν
1465 1622 1518 1658 τι
1552 1604 1814 1667 τοιοῦτον,

235 1700 350 1751 ἀλλ’
379 1700 463 1751 ὅτι
491 1718 510 1750 ι
534 1700 609 1751 Οὐ
634 1698 703 1751 δι’
738 1698 838 1769 ἐμὲ
856 1698 1080 1767 γέγονεν
1097 1699 1130 1767 ἡ
1159 1698 1331 1767 φωνὴ,
1355 1696 1492 1751 άλλά
1511 1696 1577 1749 δι’
1603 1698 1769 1765 ὑμᾶς.
1794 1714 1811 1747 ι

238 1790 298 1842 Et
328 1789 509 1855 τοίνυν
541 1790 631 1843 διά
658 1806 805 1852 τινος
833 1789 983 1852 θείας
1006 1788 1290 1859 ἐνεργείας
1314 1789 1537 1855 γέγονεν
1571 1790 1603 1856 ἠ
1641 1787 1816 1856 φωνὴ,

241 1881 301 1933 οὗ
328 1860 420 1933 δίά
451 1880 706 1951 Χριστὸν,
738 1880 815 1943 ὡς
835 1880 998 1942 αὐτός
1033 1895 1218 1949 φησιν,
1257 1879 1391 1932 ἀλλὰ
1420 1878 1508 1931 διὰ
1532 1879 1659 1941 τοὺς
1691 1895 1818 1931 συν-
1854 1863 1895 1921 Β

240 1972 399 2034 όντας
446 1968 615 2040 αὐτῷ,
644 1971 930 2041 ἀμήχανον
959 1970 1016 2023 δέ
1049 1966 1115 2040 ἦν
1156 1968 1479 2040 ἀνθρώπους
1508 1968 1669 2031 ὄντας
1700 1967 1820 2020 ἐτέ-

245 2082 348 2133 ρως
369 2062 633 2116 δύνασθαι
667 2062 861 2132 μαθεῖν
888 2061 981 2115 τοῦ
1003 2062 1215 2132 Πατρὺς
1235 2061 1335 2131 τὴν
1360 2059 1637 2131 βούλησιν,
1672 2062 1721 2113 εί
1746 2060 1821 2131 μὴ

235 2153 559 2224 ἀνθρωπεία
589 2152 725 2221 πρὸς
758 2152 955 2215 αὐτοὺς
986 2152 1207 2219 ἐγένετο
1237 2153 1389 2222 φωνή
1413 2168 1427 2181 ·
1458 2152 1512 2204 τί
1545 2152 1725 2221 μάτην
1755 2152 1823 2204 τά

235 2246 597 2315 οἰκονομικῶς
626 2244 885 2313 γεγονότα
920 2244 1015 2297 καὶ
1066 2243 1425 2314 ἀνθρωπίνως
1472 2242 1824 2313 διοικούμενα

236 2336 302 2389 δι’
321 2337 471 2405 ἡμᾶς
502 2335 665 2389 πάλιν
689 2334 981 2406 ἀναφέρεις
1020 2335 1114 2388 ἐπὶ
1151 2336 1255 2406 τὴν
1290 2334 1582 2405 ἀσώματον
1610 2334 1821 2399 οὐσίαν,

242 2425 635 2495 ῥιψοκινδύνως
660 2424 730 2477 τὰ
756 2427 823 2495 τῇ
850 2426 1053 2494 γενητῇ
1089 2425 1371 2495 πρέποντα
1415 2424 1577 2493 φύσει
1604 2426 1699 2478 καὶ
1732 2423 1825 2477 ἐπὶ

238 2520 336 2591 τὴν
360 2520 627 2590 ἀγένητον
650 2516 955 2584 ἀνατιθείς;

925 2800 1131 2854 ΔΛΛΟ.

537 2892 856 2958 Ἀντιθεσις
879 2892 959 2959 ὠς
986 2890 1055 2945 ἐκ
1081 2888 1201 2944 τῶν
1221 2889 1539 2959 Εὐνομίαν.

312 2987 564 3041 Φαίνεταί
614 3003 715 3040 που
764 2984 960 3052 λέγων,
1020 2984 1208 3052 φασιν,
1260 2984 1287 3035 6
1319 2982 1509 3052 Πατὴρ
1556 2979 1693 3051 πρὸς
1736 2979 1827 3033 τὸν

248 3077 401 3133 Υίόν·
434 3096 453 3127 ι
491 3077 815 3145 Ποιήσωμεν
842 3073 1149 3143 ἄνθρωπον.
1186 3092 1204 3124 ι
1236 3071 1346 3124 Καὶ
1378 3071 1537 3134 αὐτὸς
1568 3070 1633 3141 δὴ
1664 3070 1830 3124 πάλιν

244 3171 272 3223 6
300 3169 493 3239 Σωτὴρ
532 3168 669 3238 πρὸς
712 3166 997 3228 Ἰουδαίους
1020 3165 1402 3235 διαλεγόμενος
1435 3164 1587 3231 λέγει
1613 3178 1627 3193 ⁶
1660 3182 1677 3214 ι
1700 3158 1831 3215 Ἀπ’

245 3260 487 3334 ἐμαυτοῦ
519 3260 580 3313 ού
602 3258 770 3323 λαλῶ,
794 3257 912 3311 ἀλλ’
932 3258 1034 3311 ὅσα
1059 3257 1265 3327 ἤκουσα
1296 3254 1447 3325 παρὰ
1473 3254 1565 3307 τοῦ
1594 3253 1829 3323 Πατρὸς,

245 3352 418 3407 ταῦτα
449 3349 780 3419 ἀπαγγέλλω
810 3350 960 3420 ὑμῖν.
989 3367 1007 3399 ι
1040 3342 1167 3416 'Ap‘
1186 3340 1281 3399 οὖν
1304 3345 1457 3409 εῐτις
1486 3346 1630 3414 ὑμᾶς
1651 3344 1832 3415 ἐροιτο

251 3444 376 3507 τοὺς
398 3444 491 3495 ἐπὶ
523 3442 813 3512 δογμάτων
850 3438 1105 3510 ὀρθότητι
1130 3435 1702 3508 μεγαλαυχουμένους,
1730 3435 1833 3487 πό-

244 3535 405 3605 τερόν
438 3550 568 3586 ποτε
602 3532 678 3594 ὡς
711 3532 847 3602 πρὸς
881 3530 1059 3583 εἰδότα
1106 3529 1197 3581 τὸν
1233 3528 1357 3581 Υῐὸν
1404 3529 1431 3579 6
1477 3525 1669 3597 Πατὴρ
1694 3526 1833 3596 ὅπερ

248 3625 471 3696 ἔμελλεν
500 3625 646 3695 ἐρεῖν
682 3621 1024 3690 διαλέγεται,
1068 3620 1101 3691 ἢ
1136 3622 1211 3684 ὠς
1238 3620 1375 3692 πρὸς
1422 3618 1499 3690 μὴ
1539 3618 1740 3681 εἰδότα,
1778 3618 1832 3671 τί

247 3718 311 3772 ἀν
337 3714 727 3787 άποκρίνοισθε
752 3731 768 3781 ;
818 3714 881 3766 Ei
916 3712 1015 3783 μέν
1040 3707 1133 3766 οὖν
1156 3713 1257 3765 οὐκ
1288 3708 1418 3774 οἶδε,
1478 3708 1743 3780 μανθάνει
1774 3710 1835 3763 δὲ

246 3811 367 3863 τότε
400 3804 690 3861 ὃτανότοῦ
726 3805 941 3877 Πατρός
990 3804 1148 3873 λόγος
1205 3804 1343 3874 πρὸς
1388 3803 1549 3855 αὑτὸν
1602 3803 1832 3872 γένηται

249 3899 378 3971 περί
411 3916 583 3964 τινος,
603 3898 787 3968 ἕτερός
811 3899 927 3949 ἐστι
958 3896 1108 3966 παρὰ
1145 3895 1235 3949 τὸν
1266 3894 1395 3947 ὄντα
1437 3895 1599 3961 φύσει
1623 3910 1637 3924 ο
1692 3896 1741 3946 εί
1776 3893 1834 3946 δὲ

250 3985 378 4052 οἶδε,
408 3986 523 4049 πῶς
555 3987 655 4038 οὐκ
693 3983 911 4055 ἀμαθὲς
946 3985 1039 4035 καὶ
1093 3982 1319 4051 ἀνόητον
1359 3980 1423 4033 τὸ
1468 3980 1604 4049 πρὸς
1655 3978 1832 4031 εἰδότα

250 4082 430 4148 λέγειν
467 4078 656 4147 ὥσπερ
700 4077 799 4130 οὑκ
840 4076 1059 4139 είδότα;
1112 4073 1222 4127 Καὶ
1256 4072 1342 4125 ἐπ’
1389 4070 1694 4143 ἀνθρώπων
1725 4070 1835 4140 γὰρ

249 4174 349 4225 οὐκ
396 4171 501 4234 ἔξω
544 4169 704 4238 λόγου
736 4168 803 4221 τὸ
846 4167 1089 4221 τοιοῦτον
1119 4168 1379 4221 κείσεται.
1436 4165 1501 4217 Εἰ
1542 4164 1599 4218 δὲ
1631 4164 1834 4217 ἄτοπον

252 4260 482 4331 τοιούτῳ
510 4262 618 4313 τινὶ
654 4258 1008 4330 περιπίπτειν
1048 4259 1215 4327 φάναι
1250 4257 1340 4310 τὸν
1370 4256 1525 4320 Θεὸν,
1562 4255 1719 4325 δῆλον
1752 4257 1833 4308 ὅτι

252 4355 327 4417 ὡς
354 4354 493 4425 πρὸς
534 4354 635 4406 οὒκ
667 4351 844 4404 εἰδότα
884 4351 1055 4419 λέγει.
1105 4348 1243 4403 Οὔτε
1285 4343 1377 4401 οὗν
1418 4348 1581 4411 αὑτός
1614 4348 1762 4399 ἐστιν
1808 4348 1836 4398 6

252 4437 556 4504 ἐνδιάθετος
614 4440 807 4508 Λόγος,
842 4439 967 4493 οὔτε
1018 4438 1124 4509 μὴν
1163 4433 1303 4491 οἶδεν
1356 4436 1500 4507 άπερ
1534 4435 1781 4506 βούλεται
1808 4436 1835 4487 6

1922 602 2230 657 venientem
2274 604 2322 657 ei
2376 605 2672 668 rationem,
2726 618 2830 658 non
2871 604 3030 659 talem
3078 618 3201 659 esse
3249 606 3504 660 censebis

1918 691 2098 747 Patris
2160 708 2369 760 vocem,
2424 704 2480 748 ιιι
2527 695 2580 748 in
2641 694 2883 749 auditum
2952 696 3310 765 corporaliter
3352 696 3502 751 fera-

1920 794 2025 838 tor.
2109 781 2295 855 Neque
2355 786 2499 840 enim
2569 785 2715 841 solus
2787 785 3043 841 Dominus
3114 785 3324 841 audivit
3395 786 3501 841 Pa-

1920 886 2056 930 trem
2116 876 2389 932 dicentem
2423 892 2437 929 :
2486 896 2505 929 ι
2549 876 2613 930 Et
2648 876 2968 946 gloriﬁcavi,
3003 885 3057 932 et
3098 878 3303 934 iterum
3335 876 3505 948 glori-

1922 968 2117 1032 ticabo,
2156 987 2176 1021 ι
2214 969 2307 1023 sed
2341 968 2507 1023 etiam
2539 968 2633 1037 qui
2684 968 2914 1023 Domino
2957 969 3209 1025 aderant.
3246 968 3506 1025 Christus

1924 1070 2107 1114 autem
2151 1059 2439 1115 manifeste
2482 1061 2684 1116 dooens
2728 1060 2871 1127 quod
2905 1060 3127 1130 proprie
3162 1074 3228 1115 ac
3276 1067 3504 1114 natura-

1927 1153 2055 1206 liter
2098 1167 2207 1207 non
2238 1162 2356 1206 erat
2409 1152 2588 1207 Patris
2638 1151 2726 1205 illa
2767 1167 2896 1216 vox,
2938 1150 3033 1207 sed
3080 1165 3248 1207 sonus
3284 1151 3506 1220 quidam

1928 1242 2043 1295 voci
2078 1240 2277 1296 similis
2322 1241 2627 1296 enuntiavit
2665 1240 2843 1297 Patris
2886 1243 2953 1296 de
2984 1239 3122 1297 Filio
3150 1240 3507 1299 voluntatem.

1936 1334 2103 1404 188
2134 1332 2287 1399 Quod
2315 1343 2497 1387 autem
2539 1348 2645 1387 non
2688 1332 2754 1387 ad
2796 1347 2857 1389 se
2897 1330 3040 1387 facta
3083 1332 3267 1398 fuerit,
3305 1333 3371 1388 ad
3414 1349 3509 1389 eos

1921 1426 2015 1494 qui
2066 1440 2189 1479 eum
2231 1440 2423 1479 sonum
2467 1424 2776 1491 audierant,
2810 1428 2883 1479 ita
2931 1426 3049 1480 ait:
3084 1443 3103 1476 ι
3138 1424 3255 1480 Non
3287 1432 3511 1496 propter

1922 1531 2007 1570 me
2046 1532 2146 1571 vox
2197 1517 2299 1573 ista
2336 1516 2479 1571 facta
2520 1527 2624 1582 est,
2659 1516 2753 1572 sed
2781 1527 3004 1586 propter
3031 1531 3130 1573 vos
3157 1516 3221 1571 ³¹.
3259 1536 3278 1570 ι
3316 1517 3509 1572 Anim-

1923 1610 2142 1663 adverte
2201 1608 2345 1663 euim
2399 1608 2707 1679 diligenter,
2759 1624 2867 1679 quo
2918 1618 3075 1677 pacto
3119 1624 3226 1663 non
3264 1609 3507 1665 dixerit:

1923 1701 2041 1755 Non
2080 1711 2304 1771 propter
2336 1716 2422 1755 me
2468 1701 2681 1757 locutus
2722 1710 2806 1756 est
2854 1698 3039 1764 Pater,
3086 1710 3178 1755 aut
3226 1700 3508 1766 clamavit,

1924 1803 2017 1847 aut
2037 1792 2239 1862 aliquid
2258 1793 2611 1863 ejuscemodi,
2643 1792 2762 1857 sed,
2793 1811 2812 1843 ι
2838 1791 2952 1846 Non
2990 1802 3213 1862 propter
3245 1807 3332 1847 me
3367 1791 3510 1848 facta

1924 1893 2006 1937 est
2039 1883 2153 1937 hare
2183 1898 2308 1949 vox,
2335 1884 2428 1937 sed
2459 1893 2683 1952 prapter
2710 1898 2826 1939 vos.
2862 1902 2879 1935 ι
2918 1883 2977 1937 Si
3007 1898 3140 1952 ergo
3171 1882 3355 1938 divina
3374 1897 3512 1952 qua-

1926 1975 2047 2027 dam
2083 1972 2323 2027 efﬁcacia
2352 1987 2457 2027 vox
2494 1972 2581 2025 illa
2624 1971 2767 2027 facta
2813 1988 2919 2027 non
2955 1980 3178 2043 propter
3204 1972 3510 2039 Christum,

1927 2074 1988 2117 ut
2037 2066 2269 2131 Ipsemet
2318 2073 2586 2129 testatur,
2628 2064 2722 2121 sed
2771 2072 2993 2134 propter
3050 2079 3146 2120 eos
3187 2063 3279 2133 qui
3322 2064 3369 2120 ei
3413 2064 3513 2119 ad-

1924 2166 2101 2220 erant,
2148 2154 2484 2227 impossibile
2525 2171 2655 2211 vero
2680 2165 2830 2220 erat,
2861 2171 2984 2211 cum
3020 2156 3271 2211 homines
3306 2169 3515 2221 essent,

1928 2258 1987 2302 ut
2024 2247 2365 2301 voluntatem
2418 2246 2599 2301 Patris
2648 2246 2759 2301 alia
2796 2246 3011 2300 ratione
3062 2244 3357 2309 discerent,
3408 2242 3514 2298 nisi

1928 2341 2167 2394 humana
2197 2352 2330 2395 voce
2354 2339 2683 2393 docerentur
2709 2355 2723 2390 :
2753 2338 2882 2407 quid
2916 2336 3121 2392 frustra
3177 2350 3299 2405 qua:
3346 2334 3519 2389 ratio-

1930 2448 1997 2487 ne
2051 2433 2447 2487 incarnationis
2500 2440 2557 2484 et
2610 2431 2850 2485 humano
2936 2444 3086 2485 more
3132 2427 3517 2483 administrata

1930 2530 2060 2577 sunt
2086 2522 2260 2577 nostri
2282 2536 2469 2587 causa,
2505 2520 2574 2575 ad
2597 2522 2979 2589 iucorpoream
3002 2524 3298 2575 essentiam
3321 2518 3518 2583 refers,

1934 2614 2221 2669 temerarie
2251 2602 2541 2668 admodum
2562 2628 2681 2685 qua:
2698 2622 2897 2669 creatae
2920 2620 3130 2668 natura:
3162 2612 3519 2678 conveniunt,

1932 2705 2191 2761 increata
2229 2705 2514 2762 tribuens?

2598 2797 2831 2856 ALIUD.

2435 2888 2675 2960 Objectio
2717 2890 2991 2945 Eunomii.

2005 2982 2287 3038 Invenitur
2322 2981 2548 3051 alicubi,
2583 2984 2859 3054 inquiunt,
2897 2983 3063 3039 Pater
3097 2984 3164 3039 ad
3199 2983 3399 3040 Filium
3433 2985 3521 3040 di-

1934 3085 2112 3127 cens:
2165 3091 2186 3124 ι
2233 3073 2523 3128 Faciamus
2579 3075 2855 3128 hominem
2882 3074 2949 3127 ".
2988 3091 3006 3125 ι
3053 3073 3119 3127 Ει
3150 3074 3265 3144 ipse
3308 3090 3525 3129 rursum

1861 3192 1904 3251 ε
1940 3161 2198 3251 Servatur
2227 3163 2443 3220 Iudaeos
2475 3165 2780 3234 alloquens,
2807 3166 2939 3219 dicit
2974 3183 2986 3218 :
3023 3184 3043 3217 ι
3083 3164 3199 3236 Ego
3230 3180 3259 3219 a
3296 3181 3381 3221 me
3409 3168 3527 3235 ipso

1938 3264 2045 3303 non
2097 3249 2311 3319 loquor,
2348 3252 2442 3306 sed
2474 3267 2594 3320 quae
2633 3252 2815 3306 audivi
2865 3269 2893 3305 a
2938 3251 3121 3319 Patre,
3174 3254 3291 3308 hac
3333 3260 3528 3311 nuntio

1938 3342 2089 3398 vobis
2110 3342 2174 3396 ³³.
2200 3361 2219 3393 ι
2260 3342 2317 3397 Si
2350 3342 2474 3413 quis
2496 3343 2669 3413 igitur
2700 3344 3001 3414 interroget
3035 3359 3151 3411 vos,
3175 3345 3267 3413 qui
3298 3346 3527 3415 dogma-

1939 3444 2050 3489 tum
2080 3436 2411 3490 rectitudine
2440 3435 2771 3505 gloriamini,
2814 3445 2996 3490 utrum
3032 3437 3098 3491 ad
3137 3437 3401 3492 scientem
3434 3437 3529 3493 Fi-

1937 3526 2067 3579 lium
2095 3524 2259 3579 Pater
2285 3526 2431 3595 quod
2456 3525 2707 3580 dicturus
2733 3535 2878 3588 erat,
2912 3541 2979 3579 an
3010 3540 3141 3580 vero
3169 3527 3238 3579 ad
3271 3527 3526 3581 nescien-

1942 3625 2048 3669 tem
2097 3617 2312 3672 locutus
2354 3617 2447 3680 sit,
2504 3616 2763 3685 quidnam
2817 3616 3233 3686 respondeatis?
3283 3616 3420 3672 Nam
3481 3619 3531 3674 si

1939 3705 2199 3773 nescivit,
2241 3721 2305 3762 ac
2366 3716 2478 3761 tum
2522 3706 2759 3777 primum
2806 3705 3014 3770 didicit,
3066 3707 3287 3777 quando
3346 3706 3531 3764 Patris

1937 3811 2119 3851 sermo
2149 3797 2427 3867 quapiam
2464 3799 2531 3853 de
2566 3814 2625 3853 re
2654 3799 2719 3852 ad
2755 3798 2903 3851 illum
2938 3797 3156 3853 habitus
3184 3809 3289 3864 est,
3352 3799 3531 3854 diver-

1938 3904 2032 3945 sus
2076 3890 2183 3944 erit
2238 3890 2307 3944 ab
2338 3904 2405 3944 eo
2446 3890 2536 3959 qui
2584 3899 2775 3944 natura
2806 3890 3065 3945 exsistit:
3094 3890 3140 3945 si
3178 3906 3310 3947 vero
3348 3891 3529 3959 scivit,

1946 3982 2221 4052 quomodo
2254 3997 2361 4037 non
2397 3982 2563 4037 fuerit
2606 3983 2898 4037 absurdum
2938 3984 3005 4037 ad
3048 3984 3313 4040 scientem
3354 3984 3528 4054 loqui,

1948 4084 2208 4146 tanquam
2241 4091 2348 4130 non
2381 4076 2682 4130 scientem?
2708 4076 2869 4144 Atqui
2903 4076 3066 4131 etiam
3096 4076 3241 4131 inter
3269 4077 3531 4131 homines

1938 4167 2042 4222 hoc
2080 4166 2366 4221 ridiculum
2398 4166 2583 4220 fuerit.
2609 4164 2742 4220 Cum
2774 4159 2943 4235 igitur
2981 4167 3275 4221 absurdum
3303 4168 3375 4221 sit
3408 4168 3512 4223 hoc

1941 4258 2051 4313 Deo
2100 4258 2362 4324 tribuere,
2432 4257 2775 4313 manifestum
2820 4265 2924 4324 est,
2965 4258 3031 4310 ad
3087 4272 3192 4311 non
3241 4258 3508 4312 scientem

1962 4350 2205 4405 locutum
2254 4349 2442 4404 fuisse.
2487 4348 2601 4402 Non
2636 4357 2719 4403 est
2754 4349 2917 4417 igitur
2958 4349 3075 4418 ipse
3112 4346 3342 4403 Verbum
3380 4348 3528 4403 Patri

1963 4441 2211 4505 insitum,
2256 4454 2431 4509 neque
2472 4439 2723 4495 scivisset
2753 4453 2872 4508 qua:
2904 4438 3017 4492 vult
3058 4437 3201 4493 Deus
3247 4454 3311 4493 ac
3344 4438 3525 4506 Pater,

256 4532 388 4596 Θεὸς
422 4534 515 4585 καὶ
543 4531 754 4603 Πατὴρ,
803 4532 850 4584 ei
902 4530 976 4601 μὴ
1008 4532 1221 4598 γένοιτο
1267 4528 1405 4600 πρὸς
1452 4527 1616 4581 αὐτὸν
1646 4527 1675 4579 6
1706 4526 1828 4596 παρ“

1950 4531 2054 4588 nisi
2104 4546 2285 4587 sermo
2316 4530 2495 4586 Patris
2536 4532 2602 4585 ad
2636 4532 2808 4601 ipsum
2839 4528 3055 4584 habitus
3087 4529 3299 4585 fuisset.

258 4624 422 4679 αὐτοῦ
450 4624 627 4692 λόγος.

749 4738 904 4808 Πρός
927 4738 1103 4792 τοῦτο
1138 4737 1339 4801 λύσις.

330 4854 497 4907 Οὐδὲν
520 4846 613 4907 οὖν
634 4851 819 4905 διοίσει
850 4851 1143 4921 προφητῶν
1171 4853 1199 4904 6
1226 4851 1285 4903 ἐν
1324 4849 1633 4921 προφήταις
1664 4848 1838 4901 λαλῶν

263 4942 354 4996 τοῦ
382 4941 518 4994 Θεοῦ
548 4942 739 5009 Λόγος,
769 4941 864 4993 καὶ
890 4940 961 4992 τὰ
993 4940 1224 5009 ἐσόμενα
1250 4938 1585 5009 προμηνύων
1616 4938 1800 5001 αὐτοῖς
1822 4953 1837 4969 ’

263 5034 324 5084 οὐ
354 5030 465 5101 γάρ
495 5026 640 5099 εἶχον
673 5029 731 5096 ἐξ
772 5028 981 5083 ἐαυτῶν
1014 5028 1075 5081 τὸ
1105 5028 1304 5080 εἰδέναι
1342 5028 1547 5081 ταῦτα’
1598 5028 1745 5098 μόνῳ
1784 5028 1841 5081 δὲ

2448 4734 2655 4789 Salutio
2701 4735 3025 4804 objectionis.

2013 4848 2155 4903 Nihil
2200 4848 2365 4919 igitur
2416 4848 2632 4903 differet
2674 4864 2703 4902 a
2750 4848 3029 4918 prophetis
3071 4846 3310 4903 Verbum
3345 4848 3440 4906 Dei
3480 4851 3531 4904 iu

1952 4944 2232 5014 prophetis
2271 4942 2499 5011 loquens
2544 4952 2599 4996 et
2641 4940 2821 4995 futura
2870 4941 2950 4995 eis
2981 4940 3282 5009 praedicens
3312 4958 3326 4993 :
3360 4956 3537 5011 neque

1948 5036 2092 5091 enim
2142 5051 2211 5089 ex
2259 5034 2461 5103 seipsis
2499 5034 2695 5089 horum
2757 5032 3006 5087 notitiam
3058 5031 3377 5087 habebant:
3430 5036 3533 5089 soli

267 5123 495 5194 ἁρμόζει
523 5123 644 5190 Θεῷ
678 5121 1007 5192 ἐσομένωνή
1040 5120 1363 5191 πρόγνωσις.
1396 5120 1505 5173 Καὶ
1526 5120 1575 5172 τί
1606 5122 1828 5192 ποιήσω

1953 5141 2189 5195 namque
2241 5126 2352 5180 Deo
2403 5124 2658 5179 convenit
2712 5123 3017 5177 futurorum
3070 5124 3353 5192 prmnotio.
3395 5122 3537 5189 Quid

268 5230 388 5281 μεν,
424 5214 517 5267 τοῦ
561 5214 766 5285 Κυρίου
797 5214 995 5283 -σαφῶς
1036 5212 1227 5267 ἐαυτὸν
1274 5212 1373 5283 τῆς
1423 5212 1560 5283 πρὸς
1604 5213 1843 5275 ἐκείνους

273 5305 515 5376 ίετότητος
548 5305 1022 5377 ἀποδιορίζοντος;
1072 5304 1137 5357 δι’
1167 5297 1243 5358 ὧν
1292 5302 1437 5355 οὕτω
1489 5305 1689 5373 φησίν·
1731 5323 1748 5355 ι
1780 5307 1843 5358 Ei

270 5396 508 5460 ἐκείνους
539 5393 660 5449 εἶπε
694 5396 869 5461 θεοὺς,
901 5396 1034 5466 πρὸς
1063 5395 1156 5458 οὓς
1192 5398 1219 5449 6
1248 5395 1403 5463 λόγος
1434 5394 1525 5446 τοῦ
1556 5395 1691 5449 Θεοῦ
1724 5397 1842 5465 ἐγέ-

340 5549 380 5581 ³¹
409 5549 566 5605 Joan.
603 5565 703 5613 χιι,
728 5549 815 5603 30.
891 5549 934 5581 "
959 5549 1095 5605 Gen.
1135 5565 1172 5614 ι,
1203 5548 1291 5604 26.
1370 5549 1415 5580 ³⁸
1440 5547 1592 5603 Joan.
1634 5566 1728 5608 xu.
1760 5553 1843 5606 49.

1946 5235 2074 5274 vero
2108 5218 2390 5282 faciemus,
2414 5232 2538 5273 cum
2566 5217 2827 5271 Dominus
2878 5214 3167 5271 manifeste
3214 5230 3274 5271 se
3317 5218 3387 5269 ab
3420 5216 3537 5270 illo-

1946 5327 2063 5364 rum
2112 5311 2464 5365 similitudiue
2513 5310 2754 5365 eximat?
2806 5310 2879 5365 ita
2952 5310 3180 5363 dicens:
3228 5326 3247 5359 ι
3306 5306 3363 5363 Si
3418 5309 3539 5363 illos

1950 5403 2083 5457 dixit
2118 5403 2248 5458 deos
2275 5403 2341 5457 ad
2372 5417 2507 5471 quos
2532 5417 2715 5457 sermo
2744 5401 2837 5457 Dei
2866 5401 3041 5457 factus
3067 5410 3172 5466 est,
3206 5408 3261 5455 et
3296 5414 3403 5455 non
3438 5414 3537 5467 po-

340 5728 414 5797 (I)
450 5727 541 5781 Sic
572 5727 805 5799 Colcha“,
838 5728 888 5781 in
912 5728 1144 5781 Monum.
1175 5728 1235 5781 Ε.
1270 5728 1331 5782 6.
1360 5727 1421 5790 ΙΙ,
1444 5728 1566 5783 591.
1602 5729 1741 5783 Edil.
1776 5730 1828 5781 A1

1969 5734 2056 5787 τὸν
2090 5734 2248 5787 αὐτὸν
2294 5736 2410 5785 κατ’
2440 5730 2669 5799 ἄλληλον
2699 5731 2871 5798 λόγον.
2906 5728 3042 5783 Nam
3071 5730 3112 5783 si
3141 5729 3194 5783 in
3232 5736 3419 5781 natura
3451 5725 3535 5778 in-

270 5796 521 5868 corporea
563 5798 678 5865 ﬁcri
712 5796 832 5852 velis
866 5806 1103 5851 mutuum
1144 5800 1276 5852 hunc
1314 5815 1619 5853 sermonem.
1660 5800 1813 5854 Ιίυιϊ.
