3994 6324
503 441 605 498 510

1523 436 1579 491 s.
1623 392 1887 492 CYRILL-l
1926 428 2393 487 ALEXANDRINI
2431 419 2750 491 malum).

3641 433 3750 491 330

508 569 605 615 test
646 557 778 614 solvi
826 556 1147 623 Scriptura;
1193 572 1352 630 quem
1404 557 1544 613 Deus
1591 556 1974 620 sanctiﬁcavit,
2010 571 2039 609 e

2165 570 2283 606 νετο
2307 595 2320 618 ,
2374 556 2465 609 καὶ
2497 556 2557 608 ού
2586 555 2812 609 δύναται
2854 554 3078 625 λυθῆναι
3118 555 3150 625 ή
3192 549 3409 625 Γραφὴ,
3454 554 3512 607 ὃν
3542 555 3570 605 6
3612 555 3749 618 Θεὸς

503 650 650 704 misit
695 649 747 703 in
795 650 1072 716 mundum,
1129 665 1225 706 vos
1270 652 1449 711 dicitis
1515 651 1637 719 quia
1696 649 2064 718 Blasphemas,

501 739 625 807 quia
669 738 776 792 disi
807 760 819 793 :
859 737 1027 795 Filius
1061 741 1152 795 Dei
1185 756 1303 796 sum
1333 741 1398 795 “.
1435 760 1454 793 ι
1491 740 1545 795 Si
1581 740 1726 794 enim
1760 739 2061 794 naturalem

499 840 619 878 cum
665 828 944 897 prophetis
976 828 1380 883 similitudinem
1409 828 1704 893 habuisset,
1742 844 1847 883 non
1879 829 2066 897 utique

497 916 662 970 veluti
699 931 728 971 a
764 917 923 988 189
948 915 1245 972 minoribus
1288 932 1347 972 se
1392 917 1847 986 comparationem
1898 916 2063 972 recis-

498 1016 601 1060 set.
643 1005 774 1060 Nam
810 1022 927 1060 cum
960 1007 1116 1072 dixit,
1151 1028 1169 1060 ι
1204 1006 1259 1063 Si
1295 1008 1414 1063 illos
1444 1010 1583 1064 dixit
1618 1010 1769 1076 deos,
1811 1010 1876 1064 ad
1925 1024 2064 1079 quos

498 1111 677 1152 sermo
712 1095 803 1152 Dei
856 1095 1031 1151 factus
1063 1110 1165 1164 est,
1196 1099 1483 1155 manifeste
1514 1102 1750 1155 ostendit
1797 1101 1892 1155 Dei
1943 1116 2060 1155 εει-α-

498 1199 707 1240 monem
741 1186 806 1240 ad
841 1202 899 1241 se
947 1186 1146 1241 factum
1183 1202 1286 1240 nou
1314 1201 1457 1252 esse,
1494 1189 1639 1242 sicut
1675 1188 1741 1241 ad
1776 1187 1929 1241 illos:
1965 1188 2058 1243 sed

496 1274 635 1340 quod
680 1273 795 1344 ipse
836 1278 911 1331 sit
961 1291 1141 1333 sermo
1190 1277 1364 1335 Patris
1417 1281 1482 1335 ad
1533 1282 1822 1351 prophetas
1856 1281 2052 1335 dictus.

496 1362 775 1428 Quomodo
826 1365 990 1434 igitur
1029 1368 1095 1432 is,
1124 1369 1214 1439 qui
1256 1376 1406 1423 tanto
1455 1370 1738 1425 intervallo
1767 1370 2057 1441 prophetas

492 1464 731 1523 superat,
760 1456 894 1512 nihil
920 1456 1081 1513 hahet
1104 1458 1335 1527 amplius
1366 1475 1527 1529 quam
1559 1462 1853 1531 prophetae,
1889 1470 1943 1516 ut
1976 1470 2053 1529 tu,

2169 642 2360 712 ήγίασε
2396 644 2488 697 καὶ
2517 643 2833 697 ἀπέστειλεν
2868 646 2947 707 είς
2970 642 3062 696 τὸν
3092 644 3296 711 κόσμον
3315 684 3331 709 ,
3369 643 3531 713 ὑμεῖς
3552 642 3746 713 λέγετε

2168 732 2247 784 δτι
2278 733 2645 802 Βλασφημεῖς,
2678 735 2760 787 ὅτι
2787 730 2938 788 εἷπον
2960 750 2972 765 ·
3003 733 3129 797 Υἱὸς
3152 733 3242 786 τοῦ
3274 733 3407 787 Θεοῦ
3431 734 3601 803 εἰμι.»
3628 733 3744 786 Καὶ

2166 825 2270 895 γὰρ
2304 828 2351 878 εί
2380 826 2478 897 τὴν
2510 825 2647 897 πρὸς
2674 828 2799 889 τοὺς
2831 826 3115 896 προφήτας
3150 819 3296 895 εἶχεν
3332 825 3554 894 ίσότητα
3578 840 3744 892 φυσιο

2166 914 2288 985 κήν,
2330 916 2431 968 ούκ
2480 915 2545 969 ἂν
2600 916 2675 980 ὡς
2724 917 2789 969 ἐκ
2812 915 2907 969 τοῦ
2934 916 3214 977 ἐλάττονος
3258 913 3365 966 τῶν
3390 914 3513 969 καθ’
3550 912 3744 967 ἑαυτὸν

2164 1006 2399 1058 ἐποιεῖτο
2446 1007 2545 1075 τὴν
2600 1004 2905 1075 σύγκρισιν,
2944 1003 3015 1057 τά
3058 1004 3284 1057 ἐκείνων
3325 1001 3618 1072 λαμϐάνων
3662 1003 3744 1064 είς

2164 1095 2599 1166 παραδείγματος
2633 1096 2883 1166 δύναμιν,
2929 1095 3122 1163 Λέγων
3169 1094 3297 1165 γὰρ,
3340 1115 3358 1147 ι
3394 1095 3457 1147 Et
3492 1094 3742 1158 ὲκείνους

2162 1182 2281 1239 εἷπε
2306 1187 2485 1251 θεοὺς,
2509 1186 2643 1258 πρὸς
2669 1186 2761 1251 οὓς
2792 1187 2821 1237 6
2840 1186 2996 1255 λόγος
3015 1184 3111 1239 τοῦ
3142 1185 3277 1239 Θεοῦ
3317 1185 3555 1253 ἐγένετο,
3584 1203 3604 1236 s
3638 1201 3739 1239 σα-

2161 1274 2276 1343 φῶς
2304 1274 2683 1327 ἀποδείκνυσιν
2706 1274 2765 1326 ού
2792 1273 2947 1341 λόγον
2970 1272 3301 1342 γεγενῆσθαι
3321 1272 3454 1326 Θεοῦ
3482 1272 3621 1342 πρὸς
3638 1271 3741 1323 αύ-

2158 1366 2269 1431 τὸν,
2295 1364 2485 1437 ῶσπερ
2516 1368 2609 1419 καὶ
2634 1364 2770 1436 πρὸς
2802 1364 3065 1427 ἐκείνους,
3101 1363 3217 1417 ἀλλ’
3235 1364 3425 1435 ὅτιπερ
3459 1362 3624 1425 αὐτὸς
3649 1364 3735 1432 εἴη

2158 1454 2249 1510 τοῦ
2278 1455 2487 1526 Πατρὸς
2505 1458 2533 1509 6
2555 1456 2723 1524 λόγος.
2743 1456 2771 1507 6
2800 1454 2935 1525 1:96;
2964 1455 3090 1518 τοὺς
3114 1454 3398 1523 προφήτας
3424 1452 3737 1522 λεγόμενος.

2156 1539 2281 1603 Πῶς
2307 1536 2399 1595 οῦν
2429 1543 2457 1594 6
2486 1540 2741 1594 τοσοῦτον
2773 1540 2881 1593 τῶν
2926 1540 3221 1611 προφητῶν
3245 1539 3737 1611 ἀπεσχοινισμένος

2156 1629 2252 1682 καὶ
2281 1628 2393 1683 ἄνω
2425 1647 2525 1682 που
2556 1629 2829 1700 κείμενος,
2874 1629 3030 1683 οὐδὲν
3056 1629 3165 1697 ἕξει
3193 1629 3355 1683 πλέον
3380 1628 3561 1684 αὐτῶν
3594 1630 3737 1684 κατά

2154 1717 2252 1788 τὴν
2276 1720 2396 1790 σὴν,
2420 1713 2465 1773 ὦ
2500 1719 2810 1791 βλάσφημε,
2836 1721 3042 1791 τόλμαν
3063 1737 3078 1787 ;

1148 1831 1377 1889 ALIUD.

2838 1831 3041 1886 ΔΛΛΟ.

557 1940 612 1996 Si
642 1941 865 1997 nescivit
902 1941 1073 1997 Filius
1115 1944 1441 2001 voluntatem
1483 1944 1682 2015 Patris,
1710 1947 1827 2013 sed,
1855 1963 2039 2017 quem-

2225 1943 2287 1996 Ei
2317 1943 2416 1997 ούκ
2436 1940 2575 1997 οἶδεν
2598 1944 2627 1997 6
2655 1943 2781 2008 Υἱὸς
2794 1943 2892 2027 τήν
2911 1944 3003 1999 τοῦ
3031 1940 3245 2018 Πατρὸς
3276 1946 3551 2019 βούλησιν,
3579 1949 3732 2003 6x66-

485 2037 770 2089 admodum
830 2036 1013 2091 hostes
1070 2035 1274 2097 Christi
1329 2045 1603 2101 asserunt,
1635 2052 1938 2093 sermonem
1980 2039 2039 2094 ab

2155 2050 2305 2102 χεται
2331 2033 2409 2098 δὲ,
2432 2034 2681 2103 καθάπερ
2698 2035 2747 2087 ot
2771 2035 3128 2105 χριστομάχοι
3154 2037 3455 2106 νομίζουσι,
3481 2039 3573 2091 τὸν
3597 2040 3731 2109 παρ’

486 2124 603 2193 ipso
622 2125 871 2196 suscipit,
895 2137 952 2181 ut
970 2128 1041 2181 ita
1060 2126 1251 2190 discat,
1273 2135 1326 2181 et
1344 2127 1566 2196 perinde
1581 2143 1645 2183 ac
1667 2111 2039 2198 prophetarum

2152 2122 2319 2177 αὑτοῦ
2340 2124 2515 2191 λόγον,
2552 2124 2638 2177 ἵνα
2668 2124 2730 2194 δή
2754 2140 2884 2177 ποτε
2916 2124 3012 2178 καὶ
3040 2125 3225 2194 μάθοι,
3260 2128 3353 2179 καὶ
3372 2127 3562 2197 ῶσπερ
3595 2127 3731 2197 πρός

482 2215 717 2285 aliquem
744 2216 906 2271 l’ater
925 2218 1097 2287 ipsum
1130 2214 1423 2287 alloquitur
1452 2235 1467 2273 :
1508 2219 1736 2287 aequalis
1770 2220 1933 2289 igitur
1961 2228 2039 2275 est

2149 2231 2271 2267 τινα
2303 2214 2410 2267 τῶν
2446 2214 2742 2286 προφητῶν
2768 2218 2797 2269 6
2826 2216 3015 2286 Πατὴρ
3044 2216 3349 2286 διαλέγεται
3373 2217 3509 2288 πρὸς
3540 2218 3728 2281 αὑτὸν,

480 2304 776 2374 prophetis.
812 2305 952 2372 Quid
988 2305 1156 2377 igitur
1188 2321 1401 2361 rursum
1433 2314 1671 2363 statuent
1709 2310 1775 2363 de
1811 2308 2039 2365 Psalmi-

2154 2304 2265 2367 ῐσος
2298 2305 2406 2375 ἀρα
2435 2306 2737 2376 προφήταις
2767 2306 2905 2359 ἐστι.
2942 2307 3042 2359 Ποῖ
3088 2306 3154 2378 δὴ
3198 2302 3291 2360 οῦν
3325 2308 3431 2377 ἄρα
3482 2308 3729 2379 χωρήσει

492 1543 818 1615 blaspheme,
847 1548 1311 1619 impudentissime
1333 1543 1569 1606 asseris?

478 2403 586 2456 sta,
619 2394 670 2447 in
708 2393 913 2465 Spiritu
941 2396 1153 2451 dicente
1183 2415 1198 2450 :
1235 2414 1254 2447 ι
1287 2394 1419 2463 Quis
1447 2398 1501 2452 in
1535 2399 1766 2453 nubibus
1796 2412 2043 2468 exaequa-

475 2482 624 2537 hitur
659 2484 927 2541 Domino?
966 2496 1022 2541 et
1054 2488 1177 2557 quis
1206 2489 1400 2543 similis
1437 2490 1542 2545 erit
1574 2491 1798 2547 Domino
1828 2492 1880 2545 in
1918 2490 2042 2547 ﬁliis

480 2572 752 2627 hominum
778 2575 903 2629 ιιι»
944 2576 1127 2631 Videu‘
1172 2592 1279 2647 quo
1314 2590 1474 2647 pacto
1530 2590 1716 2649 aperte
1771 2581 2041 2635 neminem

480 2663 653 2728 inquit
671 2665 723 2718 in
745 2666 1047 2735 prophetis,
1067 2684 1203 2735 quos
1229 2669 1455 2739 ﬁgurate
1478 2671 1647 2725 nubes
1671 2680 1846 2736 vocat,
1869 2685 2043 2741 neque

477 2752 528 2807 in
565 2755 652 2821 iis,
683 2759 771 2826 qui
817 2773 913 2826 per
956 2760 1185 2827 gratiam
1240 2762 1290 2814 in
1323 2761 1463 2816 ﬁlios
1492 2761 1584 2815 Dei
1621 2761 1859 2829 adoptati
1891 2769 2039 2828 sunt,

473 2845 733 2912 aequalem
780 2847 894 2902 fore
930 2848 1065 2903 Filio
1094 2849 1366 2904 naturali?
1392 2852 1665 2917 Quomodo
1704 2853 1865 2920 igitur
1898 2868 2039 2908 cen-

474 2937 675 2991 sendus
700 2946 780 2990 est
811 2953 935 2991 vere
964 2940 1107 3008 loqui
1135 2939 1328 3006 David,
1363 2942 1453 3010 qui
1488 2942 1613 2995 talia
1640 2944 1690 2996 in
1720 2943 1925 3013 Spiritu
1954 2946 2037 2999 di-

475 3026 566 3091 cit,
600 3029 645 3081 si
692 3042 870 3082 sermo
904 3028 1076 3086 Patris
1119 3033 1281 3087 etiam
1330 3034 1397 3086 ad
1443 3032 1617 3102 ipsum
1663 3035 1739 3098 ﬁt,
1787 3035 1928 3091 sicut
1972 3037 2037 3091 ad

473 3125 709 3181 sanctos,
738 3129 789 3172 et
814 3135 917 3173 non
958 3122 1105 3175 novit
1133 3122 1459 3177 voluntatem
1487 3124 1663 3179 Patris
1702 3126 1922 3194 perinde
1950 3136 2036 3182 at-

2151 2393 2315 2458 πᾲλιν
2361 2396 2493 2464 ήμῖν
2537 2398 2564 2447 6
2616 2395 2769 2461 ἅγιος
2796 2395 3099 2466 Ψαλμῳδὸς
3128 2399 3187 2449 έν
3218 2398 3497 2467 Πνεύματι
3528 2398 3727 2465 λέγων,

2149 2484 2232 2537 ὅτι
2268 2503 2287 2533 ι
2328 2484 2423 2547 Τίς
2476 2486 2534 2537 ὲν
2566 2485 2815 2553 νεφέλαις
2856 2487 3182 2557 ίσωθήσεται
3222 2487 3301 2558 τῷ
3347 2489 3579 2559 Κυρίῳ;
3631 2489 3728 2542 καὶ

2149 2575 2233 2638 τίς
2278 2575 2678 2645 ὁμοιωθήσεται
2715 2576 2794 2646 τῷ
2832 2577 3023 2649 Κυρίῳ
3053 2580 3111 2633 ιν
3142 2581 3277 2643 υἱοῖς
3308 2578 3476 2641 Θεοῦ;
3516 2598 3537 2631 s
3594 2579 3727 2634 Ἰδοὺ

2148 2666 2257 2737 γὰρ
2281 2665 2469 2720 ἐνθάδε
2495 2668 2681 2736 σαφῶς
2711 2668 2901 2721 οὐδένα
2936 2670 3098 2738 φησὶν
3124 2668 3248 2722 οὔτε
3292 2671 3351 2721 ὲν
3388 2670 3723 2740 προφήταις,

2147 2758 2240 2820 οὒς
2273 2758 2365 2809 καὶ
2393 2758 2624 2825 νεφέλας
2649 2756 3054 2830 τροπικιῖπερον
3088 2758 3272 2828 λέγει,
3323 2757 3447 2812 οὔτε
3478 2760 3585 2831 μὴν
3610 2760 3723 2823 τοῖς

2144 2848 2223 2910 είς
2258 2848 2479 2917 υιότητα
2508 2846 2642 2899 Θεοῦ
2690 2849 3182 2917 καταταττομένοις
3212 2848 3301 2902 διά
3332 2850 3431 2920 τῆς
3474 2850 3721 2921 χάριτος,

2146 2938 2259 2989 ίσον
2279 2937 2495 2991 ἔσεσθαι
2526 2939 2603 3009 τῷ
2630 2940 2773 2995 κατὰ
2799 2941 2960 3011 φύσιν
2982 2942 3116 3013 Υίῷ.
3151 2943 3286 3005 ’Πῶς
3310 2939 3403 2997 οὖν
3429 2943 3723 3014 ἀληθεύσει

2143 3026 2306 3079 Δασὶδ
2323 3028 2351 3079 6
2373 3028 2429 3081 ὲν
2446 3028 2720 3099 Πνεύματι
2739 3030 2808 3083 τά
2830 3030 3051 3085 τοιαῦτα
3072 3031 3263 3100 λέγων,
3279 3033 3396 3084 είπε
3404 3049 3435 3103 ρ
3452 3032 3546 3087 καὶ
3562 3032 3723 3100 λόγος

2142 3118 2234 3171 τοῦ
2268 3120 2476 3190 Πατρὸς
2506 3120 2639 3190 πρὸς
2672 3121 2834 3175 αὑτὸν
2864 3122 3103 3189 γίνεται,
3137 3124 3386 3194 καθάπερ
3428 3123 3565 3193 πρὸς
3591 3125 3721 3187 τοὺς

470 3222 578 3277 que
605 3208 699 3269 illi.
719 3220 773 3263 et
799 3226 893 3279 per
916 3210 1164 3267 auditum
1185 3214 1573 3269 revelationem
1606 3215 1749 3269 illius
1767 3219 2034 3287 suscipit?

2145 3208 2351 3277 ἀγῐους,
2383 3210 2477 3262 καὶ
2504 3211 2604 3263 οὐκ
2632 3205 2739 3264 οἶδε
2774 3211 2873 3284 τήν
2902 3213 2995 3265 τοῦ
3020 3213 3233 3284 Πατρὸς
3259 3211 3513 3283 βούλησιν
3543 3211 3719 3265 καθά-

473 3298 544 3351 At
578 3299 621 3352 si
660 3298 1033 3368 hlasphemum
1066 3309 1149 3357 est
1172 3304 1372 3369 dicere,
1402 3303 1667 3373 Spiritum
1702 3308 1943 3371 mentiri,
1980 3318 2037 3362 ut

2145 3314 2245 3367 1:59
2280 3300 2496 3361 ἐκεῖνοι,
2553 3299 2668 3351 ἀλλ’
2708 3300 2992 3369 ἐκδέχεται
3040 3300 3138 3372 τὴν
3170 3300 3509 3371 ἀποκάλυψιν
3547 3301 3721 3372 αὐτῆς

469 3386 693 3440 omnino
717 3397 801 3441 est
822 3388 1213 3457 hlasphemum,
1239 3406 1412 3460 neque
1441 3386 1601 3447 aliter
1629 3408 1687 3449 se
1720 3410 1807 3450 res
1840 3396 2034 3451 habet:

475 3484 622 3529 certe
662 3474 803 3530 Deus
837 3476 1242 3548 incomparabili
1276 3482 1593 3537 excellentia
1629 3486 1909 3555 prophetis
1940 3501 2031 3542 su-

473 3560 654 3629 perior
677 3564 800 3628 erit,
827 3564 1026 3636 quippe
1052 3567 1145 3635 qui
1177 3581 1335 3625 verus
1367 3584 1571 3637 sermo,
1607 3580 1662 3626 et
1699 3573 1943 3631 voluntas
1971 3588 2035 3628 ac

470 3651 733 3719 sapientia
758 3652 955 3709 Patris.

1134 3854 1366 3909 ALIUD.

540 3957 597 4013 Si
625 3957 857 4015 Verbum
879 3961 1027 4017 Patri
1053 3966 1369 4022 naturaliter
1421 3970 1745 4027 lnexsistens
1773 3975 1919 4030 aliud
1947 3986 2035 4032 est

466 4045 536 4099 ab
569 4059 634 4101 eo
660 4048 801 4116 quod
837 4063 1005 4104 sacras
1048 4051 1343 4120 Scriptura:
1387 4057 1547 4111 nobis
1586 4072 1911 4129 proponunt,
1975 4074 2034 4118 ut

470 4137 541 4190 sit
564 4138 831 4206 quoddam
861 4140 1135 4195 occultum
1162 4153 1217 4198 et
1246 4144 1418 4200 latens
1441 4148 1494 4201 in
1525 4148 1705 4218 Patre,
1761 4154 1905 4209 aliud
1940 4166 2034 4209 ve-

469 4240 530 4280 ro
580 4229 721 4295 quod
779 4230 1023 4285 enuntiat
1070 4248 1189 4301 qua;
1241 4234 1402 4291 Pater
1451 4239 1713 4309 loquitur,
1768 4259 1931 4313 quem
1976 4256 2031 4300 et

467 4314 701 4373 Joannes
736 4319 900 4373 Deum
939 4334 1061 4377 esse
1088 4324 1252 4381 dicit:
1291 4330 1560 4391 quomodo
1602 4332 1766 4399 igitur
1803 4335 2031 4402 simplex

470 4415 525 4461 et
559 4409 963 4477 compositionis
998 4426 1195 4481 expers
1222 4431 1342 4471 esse
1371 4420 1718 4475 censebitur?
1753 4422 2029 4493 Siquidem

478 4498 783 4553 necessario
814 4500 903 4567 qui
956 4501 1159 4570 aliquid
1195 4505 1467 4560 occultum
1503 4519 1557 4563 et
1600 4510 1806 4579 aliquid
1861 4527 2024 4581 appa-

478 4599 601 4640 rens
629 4584 804 4650 habet,
832 4603 936 4641 non
970 4589 1216 4659 simplex,
1257 4594 1348 4648 sed
1385 4596 1561 4664 potius
1584 4602 1915 4669 compositus
1944 4612 2027 4658 est

469 4684 524 4727 et
552 4688 618 4727 ex
647 4673 855 4730 duobus
897 4690 1173 4735 constans.
1204 4685 1361 4752 Atqui
1404 4687 1545 4742 Deus
1580 4698 1661 4742 est
1698 4702 1890 4749 natura
1929 4708 2027 4748 sua

469 4766 716 4834 simplex,
752 4769 992 4838 nihilque
1039 4773 1089 4825 in
1133 4787 1191 4827 sc
1242 4776 1403 4830 habet
1450 4782 1831 4848 compositum.
1880 4785 2029 4841 Unus

468 4855 648 4924 itaque
677 4858 728 4910 in
754 4858 868 4926 ipso
898 4870 979 4915 est
1007 4864 1268 4919 naturalis
1292 4876 1345 4921 et
1373 4868 1565 4924 insitus
1591 4871 1777 4928 Filius.

1140 5062 1365 5119 ALIUD.

541 5168 1093 5235 Si,~quemadmodum
1139 5176 1320 5232 hostes
1360 5179 1558 5235 Christi
1613 5185 1771 5256 190
1827 5192 2027 5245 audent

467 5260 665 5321 dicere,
694 5259 928 5317 Verbum
963 5266 1106 5333 quod
1166 5267 1217 5321 in
1256 5269 1546 5340 Evangelio
1577 5277 1728 5330 nobis
1762 5282 2021 5347 praedica-

470 5362 573 5416 tur,
608 5352 875 5407 diversum
919 5364 1000 5409 est
1044 5358 1110 5410 ah
1151 5373 1216 5412 eo
1249 5362 1386 5426 quod
1416 5362 1561 5418 Patri
1607 5376 1794 5423 natura
1828 5371 2023 5427 inexsi-

467 5442 580 5502 stit,
617 5457 787 5509 neque
825 5445 969 5497 novit
1010 5462 1204 5501 arcana
1242 5449 1435 5517 Patris,
1472 5457 1567 5507 sed
1608 5457 1767 5510 discit
1808 5446 2021 5527 quando

467 5544 587 5581 eum
622 5529 909 5597 alloquitur
949 5552 961 5587 :
1004 5550 1133 5605 ergo
1164 5553 1225 5591 cx
1274 5540 1574 5609 ignorantia
1626 5546 1689 5597 ad
1745 5549 2020 5605 scientiam

472 5618 791 5673 traducitur.
836 5623 994 5712 atqui
1041 5640 1143 5693 quo
1185 5640 1340 5697 pacto
1382 5648 1506 5687 vere
1556 5636 1719 5690 dicit:
1758 5658 1773 5689 ι
1820 5640 1926 5709 Ego
1968 5656 2021 5698 et

542 5766 583 5796 "‘
618 5767 769 5824 Joau.
801 5789 853 5839 Χ,
886 5774 975 5841 55,
1006 5778 1090 5832 36.
1172 5781 1212 5812 ³⁸
1244 5782 1383 5837 Psal.
1420 5802 1680 5858 Lxxxvm,
1712 5794 1761 5845 7.

2137 3387 2224 3440 διὰ
2252 3388 2351 3457 τῆς
2403 3389 2757 3459 ἀκροάσεως;
2795 3391 2857 3444 Et
2888 3392 2945 3445 δὲ
2992 3392 3275 3464 δύσφημον
3317 3392 3378 3445 τὸ
3423 3390 3719 3462 ψεύδεσθαι

2135 3477 2197 3530 τὸ
2226 3478 2452 3548 Πνεῦμα
2498 3480 2678 3548 λέγειν
2702 3520 2717 3544 ,
2754 3481 3037 3554 δύσφημον
3070 3484 3125 3536 δὲ
3162 3483 3379 3545 πάντως
3401 3523 3418 3548 ,
3476 3481 3568 3534 καὶ
3616 3481 3719 3553 οὐχ

2137 3566 2339 3636 ἑτέρως
2366 3567 2508 3636 ἔχον,
2533 3569 2787 3639 ὑπερέξει
2820 3572 3111 3642 προφητῶν
3135 3574 3164 3625 6
3202 3571 3403 3642 Κύριος
3443 3572 3715 3642 ἀσυγκρί-

2133 3673 2248 3720 τοις
2275 3658 2592 3728 ὑπεροχαῖς,
2622 3659 2783 3724 αὐτὸς
2806 3660 2883 3713 ὢν
2914 3663 2943 3713 6
2973 3662 3224 3732 ἀληθινὸς
3259 3662 3415 3730 λόγος
3443 3664 3534 3716 καὶ
3562 3664 3595 3733 ή
3618 3663 3715 3717 τοῦ

2136 3746 2348 3816 Πατρὸς
2372 3746 2628 3817 βούλησις
2662 3748 2758 3800 καὶ
2786 3749 2967 3817 σοφία.

2818 3860 3019 3914 ΔΛΛΟ.

2204 3972 2266 4025 Et
2289 3972 2473 4043 ἕτερός
2500 3975 2647 4027 ἐστιν
2674 3975 2704 4026 6
2728 3974 3048 4047 ἐνυπάρχων
3078 3972 3155 4042 τῷ
3186 3972 3361 4043 Πατρὶ
3383 3972 3526 4026 κατά
3548 3972 3712 4042 φύσιν

2130 4060 2267 4125 Θεὸς
2300 4062 2473 4131 Λόγος
2504 4064 2656 4135 παρά
2678 4065 2769 4118 τὸν
2796 4066 2853 4117 ἐν
2896 4067 3013 4126 ταῖς
3039 4063 3211 4126 θείαις
3242 4064 3485 4135 Γραφαίς
3516 4081 3713 4135 σημαι-

2131 4154 2371 4222 νόμενον,
2390 4155 2483 4207 καὶ
2498 4160 2670 4209 κεῖται
2700 4157 2798 4223 μέν
2819 4173 2902 4218 τις
2929 4156 2985 4207 ὲν
3011 4157 3184 4225 Πατρὶ
3215 4156 3598 4227 κεκρυμμένος
3617 4157 3712 4210 καὶ

2130 4246 2451 4312 ὲνδιάθετοςσ
2479 4248 2663 4320 ἔτερος
2680 4249 2737 4301 δέ
2761 4247 2843 4312 τίς
2864 4250 3009 4301 ἐστιν
3043 4248 3426 4317 ἐξαγγελτικὸς
3445 4248 3553 4302 τῶν
3578 4248 3710 4319 παρ’

2133 4338 2296 4392 αὐτοῦ
2319 4338 2684 4409 λαλουμένων,
2716 4340 2774 4392 ὃν
2807 4339 2899 4394 καὶ
2939 4339 3189 4408 Ἰωάννης
3211 4338 3345 4392 Θεὸν
3367 4340 3537 4406 Λόγον
3568 4335 3710 4393 εῐναί

2133 4445 2297 4497 φησι,
2357 4428 2473 4491 πῶς
2514 4430 2591 4483 ἔτι
2637 4430 2714 4501 τῷ
2754 4430 2872 4500 Θεῷ
2911 4431 3005 4484 καὶ
3049 4431 3223 4501 Πατρὶ
3256 4431 3318 4483 τὸ
3357 4430 3562 4484 ἁπλοῦν
3612 4432 3709 4485 καὶ

2135 4516 2426 4569 ἀσύνθετον
2457 4518 2785 4587 σωθήσεται;
2826 4518 2996 4589 Εἴπερ
3044 4517 3355 4586 ἀναγκαίως
3401 4518 3428 4569 6
3460 4536 3710 4590 κεκρυμ-

2139 4607 2295 4675 μένον
2327 4624 2379 4659 τι
2406 4607 2498 4660 καὶ
2529 4607 2769 4676 ἐμφανὲς
2792 4608 2947 4677 ἔχων,
2983 4605 3187 4669 ἁπλοῦς
3214 4607 3315 4659 ούκ
3349 4607 3415 4660 ἂν
3443 4609 3551 4678 είη,
3583 4608 3708 4661 σύνο

2132 4696 2283 4757 θετος
2312 4694 2370 4747 δὲ
2425 4695 2625 4764 μᾶλλον
2658 4695 2751 4747 καὶ
2796 4697 2857 4745 ἐκ
2910 4694 2998 4746 δύο
3034 4694 3405 4763 συγκείμενος.
3447 4696 3605 4747 Ἐστι
3650 4696 3706 4750 δὲ

2134 4784 2332 4853 ἁπλοῦς
2364 4785 2503 4837 κατὰ
2536 4786 2695 4853 φύσιν
2722 4788 2749 4837 6
2780 4784 2912 4846 Θεὸς
2938 4825 2952 4849 ,
3004 4785 3099 4837 καὶ
3130 4784 3280 4838 οὐδὲν
3309 4785 3365 4837 ὲν
3390 4785 3538 4855 αὐτῷ
3578 4786 3705 4838 σύν-

2132 4875 2301 4928 θετον.
2338 4870 2431 4937 Εἷς
2462 4874 2567 4944 ἄρα
2603 4874 2771 4941 Λόγος
2808 4876 2865 4926 ἐν
2896 4874 3043 4943 αύτῷ
3067 4875 3295 4941 φυσικός
3318 4891 3377 4926 τε
3404 4874 3499 4929 καὶ
3528 4876 3706 4930 ἐνδιά-

2132 4965 2281 5027 Οετος
2314 4968 2342 5017 6
2370 4965 2514 5027 Υἱός.

2814 5079 3017 5132 AAAO.

2204 5186 2547 5256 Εἱ,καθάπερ
2572 5189 2620 5238 οἱ
2644 5191 2995 5257 χριστομάχοι
3019 5187 3256 5257 τολμῶσι
3282 5190 3481 5257 λέγειν,
3515 5194 3701 5266 ἔτερος

2130 5280 2204 5331 ὢν
2237 5279 2382 5349 παρὰ
2422 5278 2510 5329 τὸν
2542 5279 2915 5348 ἐνυπάρχοντα
2965 5277 3123 5346 φύσει
3165 5279 3296 5332 Θεὸν
3352 5283 3521 5348 Λόγος
3553 5288 3581 5337 6
3613 5287 3698 5339 διά

2129 5370 2235 5422 τῶν
2268 5368 2617 5437 Εύαγγελὶων
2644 5372 2773 5439 ἡμῖν
2806 5371 3227 5441 κηρυττόμενος,
3259 5373 3357 5425 ούκ
3378 5370 3484 5426 οἶδε
3514 5376 3583 5427 τά
3612 5394 3701 5429 κε·-

2129 5461 2417 5530 κρυμμένα
2451 5461 2542 5513 τοῦ
2587 5461 2813 5531 Πατρὸς,
2855 5463 3110 5531 μανθάνει
3151 5462 3206 5513 δὲ
3234 5465 3321 5515 ὅτε
3356 5465 3490 5533 πρὸς
3537 5468 3699 5520 αὑτὸν

2126 5555 2466 5620 διαλέγεται·
2506 5553 2561 5618 ἐξ
2613 5553 2882 5619 ἀγνωσίας
2922 5554 3026 5624 ἄρα
3070 5556 3148 5617 εἰς
3200 5553 3397 5619 γνῶσιν
3454 5554 3696 5625 ἔρχεται,

2129 5644 2221 5694 καὶ
2252 5644 2307 5708 ἐξ
2341 5644 2521 5705 ἀνοίας
2553 5644 2624 5705 εἰς
2654 5643 2853 5711 νόησιν.
2891 5644 2997 5695 Καὶ
3037 5645 3148 5706 πῶς
3188 5644 3692 5715 ἀληθεύσειλέγων·
