3994 6324
230 429 327 488 521

1606 402 2051 461 TIIESAURUS.

3390 379 3495 436 321

239 568 258 600 ι
294 545 439 612 Ἐγὼ
462 542 555 594 καὶ
590 543 618 594 6
656 540 841 606 Πατὴρ
872 537 927 588 ἓν
961 535 1145 604 ἐσμεν.
1182 549 1197 582 ι
1232 528 1353 591 Πῶς
1396 528 1451 580 δὲ
1497 524 1813 595 ἀπαράλλα-

1942 524 2077 575 ‘ater
2115 532 2277 573 unum
2325 528 2511 571 sumus
2545 512 2626 564 ne?
2679 512 2782 563 Aut
2825 521 2931 577 quo
2969 513 3126 576 pacto
3164 502 3267 556 crit
3315 501 3492 556 omni-

235 654 361 698 κτος
398 632 564 687 εἰκὼν
593 632 747 683 ἔσται
776 627 867 680 τοῦ
906 623 1313 694 γεγεννηκότος,
1345 621 1391 671 εἰ
1436 616 1686 686 καθάπερ
1715 614 1807 667 ἀν-

236 726 454 796 θρωπος
476 722 672 790 ἀγνοίᾳ
702 721 975 790 κρατεῖται
1000 734 1013 777 ;
1036 717 1152 785 Χρὴ
1182 714 1289 781 γὰρ
1311 710 1525 769 πάντως
1550 708 1582 776 ἢ
1608 708 1701 759 καὶ
1723 705 1810 755 τὸν

237 816 459 884 Πατέρα
490 813 669 878 λέγειν
694 828 745 863 τι
782 810 889 861 τῶν
934 806 1205 874 ἐσομένων
1238 800 1528 872 ἀγνοεῖν,ἢ
1559 803 1605 851 εἰ
1638 799 1812 850 πάντα

234 908 521 973 γινώσκει,
542 906 635 957 καὶ
662 904 843 956 είκόνα
873 902 969 968 τῆς
998 900 1131 961 ιδίας
1158 897 1455 965 ὰῖδιότητος
1475 894 1549 961 (1)
1588 892 1699 960 ἔχει
1724 889 1811 940 τὸν

237 1000 386 1063 Υίὸν,
422 998 683 1051 ἀδύνατον
720 997 793 1066 μὴ
817 993 1070 1062 τοιαύτην
1099 992 1242 1061 ἔχειν
1271 988 1431 1043 αὑτὸν
1467 986 1565 1055 τὴν
1593 983 1810 1052 γνῶσιν,

232 1090 432 1141 ὁποίαν
458 1088 553 1140 καὶ
580 1088 607 1139 6
634 1088 839 1156 Πατὴρ,
877 1077 937 1137 οὗ
972 1085 1060 1137 καὶ
1086 1084 1199 1136 ἔστι
1226 1079 1506 1153 χαρακτὴρ
1534 1076 1625 1131 καὶ
1651 1073 1813 1127 είκὼν

235 1180 677 1250 ἀπαράλλακτος.

525 1288 852 1353 Ἀντίθεσις
881 1287 961 1353 ὡς
993 1287 1057 1339 ἐκ
1085 1287 1191 1339 τοῦ
1211 1287 1528 1355 Εὐνομίου.

305 1400 421 1453 Καὶ
446 1399 532 1460 τίς
561 1397 722 1462 οὕτω,
759 1398 945 1467 φησὶν,
974 1396 1189 1467 ἀμαθὴς
1232 1397 1305 1460 ὡς
1345 1396 1612 1468 τολμῆσαι
1640 1398 1818 1465 λέγειν

235 1489 303 1543 τὰ
353 1489 599 1556 ὀνόματα
638 1487 775 1540 κατά
824 1487 1166 1556 πραγμάτων
1223 1486 1476 1556 κείμενα,
1539 1488 1612 1558 μὴ
1652 1487 1816 1558 ἕτερα

235 1576 378 1635 εἶναι
424 1581 555 1652 παρ’
594 1581 759 1643 αὑτάς
804 1580 933 1632 Ἰδοὺ
977 1580 1085 1649 γὰρ
1111 1622 1124 1643 ,
1160 1582 1187 1631 6
1220 1579 1318 1648 μὲν
1374 1579 1619 1648 οὐρανὸς,
1656 1579 1816 1649 ἔργον

235 1672 381 1726 οὕτω
416 1673 560 1740 μέγα
587 1674 679 1724 καὶ
714 1672 990 1742 ἐξαίρετον
1017 1670 1154 1723 Θεοῦ
1181 1688 1193 1700 ·
1227 1671 1288 1722 τὸ
1335 1670 1390 1722 δὲ
1421 1670 1590 1740 ὄνομα
1613 1711 1627 1734 ,
1658 1670 1724 1722 δι’
1759 1664 1819 1722 οὗ

242 1761 594 1831 σημαίνεται,
622 1763 805 1829 ἕτερόν
846 1763 962 1813 ἐστι
992 1763 1124 1831 παρ’
1152 1761 1341 1812 αὐτόν·
1378 1761 1471 1812 καὶ
1501 1759 1821 1829 γνωσόμεθα

1920 612 2077 665 moda
2114 606 2411 662 similitudo
2428 602 2627 666 Patris,
2658 600 2700 654 si
2725 598 2947 668 perinde
2965 606 3123 671 atque
3151 598 3315 647 homo
3343 594 3496 660 igno-

1919 702 2091 757 rantia
2126 697 2375 753 laborat?
2406 693 2784 749 Necessarium
2830 689 2975 744 enim
3019 695 3119 750 est,
3170 694 3228 737 ut
3259 693 3351 736 aut
3393 681 3498 735 Pa-

1923 807 2055 850 trem
2106 792 2308 860 aliquid
2359 790 2660 843 futurorum
2709 785 2962 853 ignorare
2995 779 3279 832 dicamus:
3315 784 3409 827 aut
3450 774 3493 827 si

1918 890 2099 943 omnia
2153 886 2323 948 novit,
2369 889 2425 936 et
2478 877 2767 954 impginem
2804 869 3127 928 mternitatis
3178 881 3287 921 suae
3336 864 3499 919 habet

1918 979 2141 1042 Filium,
2200 975 2313 1028 ﬁeri
2361 987 2466 1027 non
2500 979 2701 1039 potest,
2733 965 2862 1035 quin
2904 962 3091 1017 eadem
3131 957 3391 1029 praeditus
3428 954 3498 1009 sit

1920 1070 2108 1125 notitia
2142 1082 2248 1136 qua
2276 1064 2461 1131 Pater,
2500 1059 2655 1129 cujus
2687 1060 2975 1115 character
3007 1062 3112 1118 est,
3148 1058 3203 1106 et
3230 1049 3498 1106 omnimo-

1918 1163 1985 1217 da
2018 1158 2317 1217 similitudo
2340 1158 2407 1211 ³⁷.

2430 1266 2669 1335 Objectio
2704 1263 2979 1317 Eunomii.

1992 1386 2158 1455 Atqui
2195 1385 2443 1453 quisnam
2482 1382 2617 1436 adeo
2646 1378 2931 1447 imperitus
2964 1375 3149 1439 fuerit,
3178 1374 3276 1436 ait,
3305 1380 3365 1425 ut
3399 1382 3498 1424 au-

1922 1480 2049 1534 deat
2081 1480 2287 1541 dicere,
2326 1476 2543 1530 nomina
2573 1488 2694 1543 quae
2726 1472 2891 1525 rebus
2924 1467 3171 1535 imposita
3202 1472 3345 1529 sunt,
3394 1477 3498 1515 non

1922 1586 2041 1627 esse
2078 1571 2293 1624 diversa
2327 1552 2361 1621 ἑ
2392 1568 2551 1621 rebus
2585 1566 2754 1635 ipsis?
2797 1562 2932 1617 Nam
2981 1562 3202 1623 caelum,
3249 1569 3501 1624 magnum

1923 1664 2052 1717 illud
2085 1673 2246 1730 atque
2277 1661 2532 1715 eximium
2570 1660 2662 1712 Dei
2694 1672 2855 1725 opus,
2888 1654 3032 1707 aliud
3081 1663 3164 1706 est
3207 1666 3237 1703 a
3288 1648 3504 1701 nomine

1924 1768 2029 1821 quo
2065 1752 2421 1820 signiﬁcatur,
2460 1750 2603 1819 quod
2647 1747 2865 1817 quidem
2920 1744 3045 1797 inde
3086 1750 3500 1811 cognoscemus.

239 1824 400 1905 τοξτο
432 1824 795 1905 ἐντεῦθενίῸ
842 1853 937 1921 μὲν
972 1824 1086 1920 γὰρ,
1113 1850 1340 1920 οὐρανὸς
1397 1824 1628 1919 πρᾶγμά
1677 1824 1822 1900 ἐστιν

1942 1842 2059 1895 Nam
2108 1841 2303 1895 cadum
2353 1855 2438 1892 res
2468 1850 2550 1892 est
2583 1837 2836 1900 visibilis,
2871 1849 3064 1887 nomen
3102 1845 3231 1885 vero
3262 1828 3334 1881 illi
3371 1824 3506 1879 indi-

237 1943 460 2012 όρατὸν,
488 1943 547 1994 τὸ
569 1942 623 1994 δὲ
654 1945 739 1994 ἐπ’
770 1918 918 2009 αὐτῷ
942 1918 1192 2010 κείμενον
1222 1942 1391 2010 όνομα
1412 1918 1470 1991 ου
1495 1943 1616 2001 ταῖς
1638 1940 1824 2007 δήνεσιν

1942 1947 2038 1985 .um
2075 1932 2127 1984 in
2159 1938 2439 1999 aspectum
2474 1942 2580 1981 non
2612 1927 2775 1989 cadit,
2798 1925 2890 1979 sed
2927 1930 3133 1975 tantum
3166 1918 3351 1971 auditu
3386 1930 3507 1984 per-

241 2036 566 2099 ὑποπίπτει,
594 2034 710 2086 ἀλλ’
749 2033 864 2086 ἔστι
893 2034 1050 2103 μόνον
1080 2032 1365 2085 ἀκουστόν.
1402 2033 1514 2083 Οὐκ
1541 2028 1632 2083 οὖν
1656 2031 1741 2082 διά
1767 2032 1826 2083 τὸ

241 2125 501 2194 λέγεσθαι
539 2126 707 2193 Λόγος
733 2127 761 2177 6
787 2125 938 2189 Υἱὸς,
980 2125 1195 2187 πάντως
1236 2124 1354 2175 ἐστι
1403 2122 1563 2174 τοῦτο
1598 2122 1624 2173 ὃ
1647 2121 1826 2173 νοοῦσί

240 2233 425 2281 τινες,
460 2216 595 2268 ἀλλά
628 2216 873 2268 καλεῖται
922 2214 1021 2285 μὲν
1052 2216 1246 2283 Λόγος.
1283 2214 1400 2267 ἐστι
1448 2214 1502 2265 δὲ
1558 2214 1744 2282 ἕτερόν
1775 2230 1827 2265 τι

252 2309 390 2361 κατὰ
412 2308 591 2376 φύσιν.

728 2415 883 2485 Πρὸς
922 2414 1111 2469 ταῦτα
1139 2415 1343 2479 λύσις.

317 2534 543 2603 Σιωπᾷν
578 2532 705 2594 ἔδει,
752 2531 845 2583 καὶ
903 2529 1067 2599 μηδὲν
1115 2526 1506 2597 ἀποκρίνεσθαι
1552 2525 1685 2594 πρὸς
1732 2522 1830 2593 τὴν

244 2626 425 2687 οὕτως
450 2624 675 2693 ἀνόητον
702 2620 795 2673 τοῦ
825 2621 984 2687 λόγου
1017 2621 1384 2688 κατασκευήν.
1426 2619 1612 2687 Ὅμως
1646 2617 1691 2669 δ’
1739 2612 1830 2668 οὖν

250 2714 555 2785 ἑρωτητέον
586 2713 711 2774 τοὺς
738 2712 851 2764 ὅσοι
877 2712 945 2763 τὰ
968 2710 1193 2762 τοιαῦτα
1224 2726 1409 2778 φασιν,
1440 2710 1485 2759 εί
1520 2708 1593 2778 μὴ
1622 2708 1690 2759 τὰ
1718 2708 1833 2759 όνὸ⁴

254 2819 403 2871 ματα
434 2801 638 2869 κυρίως
666 2799 807 2852 κατά
845 2798 1184 2869 πραγμάτων
1229 2799 1486 2867 κείμενα,
1520 2798 1617 2859 τὰς
1645 2798 1832 2861 οὐσίας

252 2893 437 2948 αὐτῶν
471 2892 749 2961 σημαίνει,
768 2891 870 2943 κᾶν
892 2890 1054 2961 ἕτερα
1080 2890 1231 2960 παρὰ
1253 2890 1425 2942 ταῦτα
1439 2892 1703 2959 τυγχάνῃ,
1726 2891 1833 2941 Καὶ

250 2985 385 3054 γοῦν
410 2984 472 3036 τὸ
501 2982 782 3051 ἄνθρωπος
805 2982 993 3050 ὄνομα,
1016 2983 1270 3051 σημαίνει
1303 2982 1401 3048 μὲν
1428 2980 1522 3033 τοῦ
1548 2982 1832 3049 ἀνθρώπου

250 3075 353 3145 τὴν
380 3072 564 3142 φύσιν,
596 3072 784 3140 ἕτερον
811 3070 865 3122 δέ
892 3072 941 3121 τί
969 3072 1087 3122 ἐστι
1116 3070 1245 3140 παρ’
1280 3070 1467 3123 αὐτόν.
1520 3071 1578 3122 'O
1604 3071 1702 3139 μὲν
1728 3070 1835 3140 γὰρ

252 3164 543 3236 ἄνθρωπος
570 3163 804 3233 πρᾶγμα
829 3161 1045 3231 ὁρατὸν,
1068 3161 1129 3213 τὸ
1160 3162 1215 3213 δὲ
1246 3161 1332 3212 ἐπ’
1360 3159 1508 3229 αὑτῷ
1538 3160 1707 3230 ὄνομα
1738 3160 1835 3229 μό⁴

254 3274 345 3310 νον
391 3255 676 3309 ἀκουστόν.
732 3252 940 3305 Οὐκοῦν
998 3252 1161 3314 εἴτις
1212 3251 1501 3321 ἄνθρωπον
1537 3252 1832 3321 ὀνομάσαι,

253 3345 449 3415 ἐπειδὴ
503 3346 576 3415 μὴ
619 3345 776 3398 τοῦτό
829 3346 944 3396 ἐστι
977 3344 1193 3405 πάντως
1233 3344 1260 3395 ὃ
1295 3344 1548 3412 σημαίνει
1578 3342 1834 3412 τοῦνομα,

255 3438 401 3491 κατά
423 3438 515 3489 τὸν
548 3437 770 3489 ἐκείνων
804 3434 1184 3503 συλλογισμὸν,
1217 3435 1402 3503 ἕτερον
1422 3452 1473 3486 τι
1501 3436 1710 3499 νοείτω,
1745 3436 1839 3487 καὶ

260 3530 340 3599 μὴ
363 3530 581 3591 πάντως
613 3526 773 3581 τοῦτο
810 3527 837 3579 6
870 3526 1123 3595 σημαίνει
1145 3524 1403 3595 τοῦνομα.
1448 3526 1509 3577 El
1552 3526 1609 3577 δὲ
1642 3526 1839 3594 μανίας

256 3619 568 3689 ἀνάμεστον
594 3618 749 3671 τοῦτό
776 3634 861 3685 γε,
890 3618 989 3669 οὐκ
1014 3616 1348 3687 ἁποὸλητέον
1385 3616 1483 3679 τὰς
1512 3617 1619 3669 τῶν
1643 3618 1841 3687 ὀνομά-

255 3724 371 3763 των
401 3709 763 3779 κυριολογίας,
786 3707 906 3761 οὐδὲ
930 3708 1117 3777 ἕτερόν
1150 3725 1202 3759 τι
1231 3707 1381 3779 παρὰ
1408 3708 1468 3759 τὸ
1506 3708 1841 3777 σημαινόμε-

257 3816 354 3853 νον
391 3800 458 3852 δι’
489 3799 667 3852 αὐτῶν
688 3798 935 3869 νοητέον·
970 3798 1201 3868 ἀργήσει
1228 3797 1337 3869 γὰρ
1365 3798 1506 3851 οὕτω
1546 3798 1652 3853 τῶν
1691 3800 1842 3867 αίρε-

256 3890 489 3960 -εικῶνή
517 3888 706 3958 μανία.
744 3888 1016 3942 Δεικνύτω
1056 3888 1113 3941 δὲ
1143 3891 1274 3959 ἡμῖν
1306 3890 1333 3940 6
1379 3890 1548 3951 δεινὸς
1584 3892 1663 3952 είς
1697 3890 1842 3957 λογι-

261 3982 438 4051 σμοὺς
461 3980 541 4031 ὅτι
572 3980 647 4049 μὴ
672 3978 863 4050 κύριον
889 3978 1063 4049 ὄνομα
1091 3979 1168 4049 τῷ
1196 3979 1312 4049 Υίῷ
1344 3978 1435 4032 τοῦ
1485 3978 1619 4032 Θεοῦ
1652 3979 1711 4031 τὸ
1741 3978 1843 4031 A6—

258 4090 380 4142 γος,
412 4073 507 4125 καὶ
536 4072 936 4125 ἁντιταττέσθω
974 4074 1091 4133 ταῖς
1125 4069 1299 4133 Θείαις
1333 4071 1576 4139 Γραφαϊς
1596 4112 1609 4133 ,
1644 4067 1739 4122 καὶ
1766 4069 1843 4137 τῷ

261 4165 524 4237 μακαρίῳ
557 4164 914 4233 εὐαγγελιστῇ
956 4162 1177 4232 Ἰωάννῃ
1197 4202 1211 4224 ,
1254 4162 1719 4231 πρεπωδεστάτην
1748 4162 1844 4214 καὶ

261 4255 625 4325 κυριαιτάτην
672 4254 831 4306 εἰδότι
887 4252 978 4306 τοῦ
1008 4252 1137 4305 Υἱοῦ
1190 4252 1288 4322 τὴν
1342 4250 1712 4323 προσηγορίαν
1756 4251 1844 4305 διὰ

260 4344 362 4397 τοῦ
391 4343 674 4397 καλεῖσθαι
698 4344 867 4411 Λόγον
889 4358 903 4373 ·
948 4362 966 4391 σ
1021 4342 1110 4396 Ἐν
1139 4344 1282 4414 ἀρχῇ
1314 4344 1422 4415 γὰρ
1449 4382 1462 4406 ,
1497 4343 1680 4412 φησιν,
1711 4337 1779 4413 ἦν
1817 4343 1845 4395 6

262 4436 465 4503 Λόγος.
505 4455 523 4487 ι

548 4566 875 4630 Ἀντίθεσις
902 4565 982 4631 ὡς
1009 4564 1077 4619 ἐκ
1104 4562 1223 4618 τῶν
1247 4564 1570 4633 Εὐνομίου.

340 4680 456 4733 Καὶ
483 4678 598 4742 πῶς
627 4679 692 4731 ἂν
724 4678 961 4739 δύναιτο.
987 4679 1142 4747 φησι,
1166 4678 1321 4745 λόγος
1346 4672 1485 4730 εἶναι
1516 4676 1607 4729 τοῦ
1637 4677 1850 4749 Πατρὸς

266 4774 367 4827 καὶ
394 4772 554 4838 σοφία
581 4774 609 4823 6
637 4771 782 4835 Υἱὸς,
812 4772 969 4843 εἴπερ
1000 4772 1033 4841 ἡ
1067 4772 1168 4841 μὲν
1195 4771 1355 4839 σοφία
1376 4771 1652 4841 ἐπιστήμη
1678 4771 1849 4836 ἐστὶν,

266 4862 299 4913 ὁ
342 4860 402 4913 δὲ
437 4860 594 4925 λόγος
647 4862 887 4929 ῥήματος
916 4858 1061 4931 ἀργὴ
1108 4860 1396 4931 «perpetui;
1437 4860 1743 4931 Ἐπιστήμη
1793 4859 1851 4912 δὲ

266 4952 375 5004 οὐκ
399 4950 761 5003 ὲνυπόστατόν
787 4950 841 5002 τί
872 4952 1041 5013 ἔστιν,
1072 4951 1187 5003 ἀλλ’
1217 4950 1339 5004 οὐδὲ
1369 4950 1506 5013 ζῶον
1566 4950 1661 5003 καὶ
1695 4950 1852 5018 λόγος

268 5040 497 5111 ὁμοίως.
528 5039 597 5092 Ὅ
625 5038 681 5091 δὲ
715 5039 839 5101 Υἱὸς
868 5039 1007 5102 ζῶόν
1036 5042 1217 5092 ἐστιν·
1254 5042 1353 5093 οὐκ
1396 5040 1505 5110 ἄρα
1548 5041 1847 5111 ἐπιστήμη,

268 5130 397 5184 οὐδὲ
439 5130 600 5197 σοφία
626 5171 640 5190 ,
671 5129 792 5185 οὐδὲ
837 5129 1013 5198 λόγος.
1045 5125 1179 5183 Εἶτα
1222 5130 1356 5201 πρὸς
1389 5131 1565 5201 τούτῳ
1592 5170 1606 5193 ,
1644 5133 1760 5195 πῶς
1790 5132 1855 5186 ἂν

271 5222 489 5292 γένοιτο
518 5221 673 5288 λόγος
707 5222 765 5275 ὲν
806 5222 974 5293 λόγῳ,
1007 5223 1264 5277 ἀδυνάτου
1312 5224 1669 5278 παντάπασιν
1702 5227 1856 5290 ὄντος

270 5312 372 5368 τοῦ
402 5312 464 5366 τὸ
493 5312 677 5382 ὅμοιον
698 5312 757 5367 ὲν
782 5313 951 5384 ὁμοίῳ
972 5314 1239 5384 γίνεσθαι;
1265 5315 1384 5369 οὐδὲ
1411 5318 1519 5388 γὰρ
1549 5317 1614 5370 ἂν
1648 5318 1858 5385 γένοιτο

271 5404 478 5480 χρῶμα
505 5406 563 5458 ἐν
599 5403 870 5476 χρώματι.
898 5402 1191 5491 Εἵπεριοῦν
1235 5402 1303 5478 ἦν
1351 5409 1380 5461 6
1427 5408 1583 5476 λόγος
1627 5409 1797 5474 δντως
1828 5414 1857 5465 6

348 5559 395 5592 ⁸⁸
430 5561 585 5620 Joan.
616 5582 673 5633 ι,
703 5566 792 5621 30.
868 5565 912 5599 "
938 5564 1101 5621 Hebr.
1129 5581 1166 5633 ι,
1196 5567 1250 5622 3.
1323 5565 1367 5600 ³⁸
1398 5566 1551 5621 Jaan.
1580 5584 1619 5635 ι,
1660 5569 1711 5626 1.

348 5742 427 5811 (1)
453 5740 598 5813 Lege
629 5740 909 5814 ἰδιότητος,
941 5751 995 5797 et
1011 5750 1202 5814 _verte,
1226 5744 1501 5814 imaginem
1538 5760 1649 5799 sua:
1678 5760 1837 5814 pecu-

276 5810 423 5868 liaris
440 5810 793 5884 proprietatis
814 5812 963 5867 habet
1003 5811 1224 5871 Filium.
1260 5810 1351 5870 Sié
1373 5814 1534 5881 infra,
1575 5832 1625 5885 ι).
1660 5813 1751 5882 60,
1780 5817 1836 5869 ιν

1872 4551 1919 4607 ι)

1925 2024 2029 2090 cipi
2062 2030 2255 2089 potest.
2291 2021 2460 2074 Filius
2489 2020 2690 2087 itaque,
2732 2032 2840 2071 non
2877 2016 3081 2070 idcirco
3108 2014 3235 2080 quia
3273 2017 3504 2063 vocatur

1930 2115 2185 2177 Verbum,
2215 2124 2298 2167 est
2335 2115 2385 2165 in
2421 2113 2734 2165 universum
2785 2108 2837 2162 id
2870 2107 3013 2175 quod
3062 2106 3283 2175 quidam
3316 2099 3507 2155 existi-

1928 2216 2097 2268 mant,
2142 2208 2235 2257 sed
2266 2214 2486 2257 vocatur
2526 2203 2746 2271 quidem
2781 2200 3039 2266 Verbum,
3078 2208 3161 2252 est
3205 2210 3335 2250 vero
3362 2192 3513 2249 aliud

1928 2294 2057 2364 quid
2085 2295 2379 2349 secundum
2410 2304 2683 2346 naturam.
2736 2360 2739 2363 γ

2426 2406 2629 2459 Solulio
2671 2404 2999 2474 objectionis.

2004 2517 2313 2572 Tacendum
2373 2526 2477 2581 est,
2522 2516 2767 2585 nihilque
2817 2521 2882 2568 ad
2933 2513 3236 2584 huiusmodi
3282 2513 3514 2583 ineptias

1933 2610 2388 2679 respondendum.
2427 2608 2670 2677 Rogandi
2714 2618 2894 2661 tamen
2943 2616 3090 2669 sunt,
3125 2608 3215 2673 qui
3244 2604 3511 2671 ejusmodi

1932 2702 2203 2767 eﬁ'utiunt,
2240 2716 2419 2754 annon
2455 2702 2669 2753 nomina
2692 2715 2811 2767 qua:
2835 2698 3051 2769 proprie
3076 2698 3237 2753 rebus
3267 2696 3514 2766 imposita

1933 2802 2079 2856 sunt,
2102 2794 2467 2847 substantiam
2494 2800 2682 2845 earnm
2704 2791 3032 2858 significent,
3057 2790 3271 2843 tametsi
3300 2790 3513 2843 diversa

1933 2889 2001 2941 ab
2029 2887 2097 2941 iis
2144 2886 2273 2939 sint.
2320 2884 2523 2938 Nomen
2567 2886 2733 2949 enim,
2763 2884 2946 2947 homo,
2981 2883 3255 2952 signiﬁcat
3281 2882 3516 2935 hominis

1936 2987 2181 3032 naturam
2215 2997 2227 3031 :
2266 2986 2347 3031 est
2391 2986 2571 3031 tamen
2610 2978 2881 3031 diversum
2928 2977 3054 3044 quid
3102 2976 3167 3032 ab
3214 2979 3349 3044 ipso.
3382 2974 3515 3031 Nam

1935 3070 2098 3124 homo
2125 3078 2209 3123 est
2247 3084 2332 3122 res
2380 3068 2636 3133 visibilis,
2694 3083 2888 3122 nomen
2933 3083 3065 3123 vero
3105 3068 3152 3121 ei
3204 3069 3517 3136 impositum

1940 3164 2123 3219 auditu
2158 3172 2364 3217 tantum
2406 3164 2608 3231 percipi
2644 3172 2841 3231 potest.
2884 3162 3155 3229 Quocirca
3188 3164 3234 3215 si
3266 3164 3389 3231 quis
3419 3164 3519 3217 bo-

1942 3256 2142 3309 minem
2176 3256 2438 3319 nominet,
2470 3254 2907 3321 quandoquidem
2953 3270 3058 3307 non
3104 3254 3335 3322 idipsum
3374 3254 3524 3322 quod

1938 3356 2022 3401 est
2057 3361 2250 3401 nomen
2280 3346 2514 3399 hominis
2537 3345 2825 3413 signiﬁcat,
2852 3354 2912 3398 ut
2943 3344 3017 3399 illi
3046 3354 3518 3414 argumentantur.

1941 3438 2086 3491 aliud
2122 3438 2286 3505 igitur
2310 3436 2509 3503 aliquid
2546 3450 2667 3489 esse
2696 3448 3012 3498 censeatur,
3049 3442 3103 3490 et
3137 3450 3243 3487 non
3278 3433 3435 3503 plane
3467 3432 3523 3487 id

1940 3528 2081 3594 quod
2122 3541 2319 3579 nomen
2352 3525 2644 3593 signiﬁcat.
2688 3523 2758 3577 At
2795 3525 2840 3578 si
2886 3525 2989 3579 hoc
3038 3524 3260 3578 insania:
3300 3524 3522 3593 plenum

1940 3628 2063 3672 est:
2090 3633 2193 3671 non
2227 3627 2353 3671 sunt
2381 3618 2545 3685 igitur
2587 3616 2904 3686 rejiciendm
2956 3617 3189 3684 propria
3242 3615 3525 3670 nominum

1942 3708 2393 3778 signiﬁcationes,
2460 3721 2639 3776 neque
2684 3705 2827 3760 aliud
2881 3706 3172 3775 quidquam
3222 3714 3419 3775 praeter
3472 3704 3524 3759 id

1942 3800 2083 3868 quod
2110 3798 2447 3869 signiﬁcatur
2488 3814 2585 3867 per
2614 3798 2729 3865 ipsa
2757 3796 3170 3865 intelligendum
3199 3807 3318 3861 est;
3362 3804 3529 3865 atque

1945 3889 2018 3943 ita
2049 3888 2432 3942 haereticorum
2475 3888 2685 3941 insania
2715 3887 3065 3956 reprimetur.
3098 3884 3363 3939 Ostendat
3400 3897 3530 3939 vero

1945 3980 2103 4034 nobis
2129 3979 2309 4049 gravis
2336 3980 2439 4034 iste
2464 3980 2790 4049 disputator,
2823 3976 3062 4032 Verbum
3108 3992 3211 4032 non
3245 3992 3367 4031 esse
3399 3992 3529 4046 pro-

1944 4073 2120 4141 prium
2167 4070 2290 4125 Filii
2324 4070 2419 4124 Dei
2469 4086 2705 4124 nomen:
2759 4080 3133 4139 repugnetque
3171 4070 3345 4128 sacris
3379 4067 3531 4127 Scri-

1944 4161 2120 4230 pturis
2138 4176 2200 4215 ac
2225 4162 2381 4215 beato
2404 4159 2599 4215 Joanni
2618 4159 2983 4230 evangelista,
3003 4160 3095 4228 qui
3128 4157 3532 4214 convenientis-

1946 4255 2139 4307 simam
2209 4252 2558 4319 maximeque
2608 4250 2883 4319 propriam
2940 4248 3063 4305 Filii
3113 4249 3531 4319 appellationem

1949 4346 2119 4410 novit,
2145 4359 2267 4397 cum
2299 4352 2454 4397 vocet
2490 4342 2765 4396 Verbum:
2806 4359 2826 4393 ί
2866 4340 2921 4395 In
2964 4341 3231 4413 principio
3252 4342 3418 4406 enim,
3450 4342 3533 4396 in-

1946 4439 2083 4506 quit,
2116 4446 2233 4490 erat
2264 4431 2496 4489 Verbum
2523 4434 2590 4486 ⁸⁸.
2634 4451 2652 4484 ι

2290 4568 2444 4637 19],
2485 4567 2607 4621 Alia
2654 4565 2876 4636 objectio
2935 4562 3198 4618 Eunomii.

2023 4682 2091 4735 At
2124 4696 2229 4751 quo
2261 4690 2441 4750 pacto,
2479 4681 2675 4749 inquit,
2714 4681 2890 4748 possit
2917 4679 3090 4735 Filius
3120 4693 3241 4733 esse
3273 4691 3455 4735 sermo
3484 4687 3537 4733 et

1952 4773 2220 4844 sapientia
2251 4772 2453 4839 Patris,
2483 4789 2603 4828 cum
2642 4772 2910 4842 sapientia
2945 4772 3015 4825 sit
3066 4770 3315 4835 scientia,
3356 4784 3537 4823 sermo

1954 4876 2132 4921 autem
2186 4865 2327 4919 nuda
2377 4866 2527 4919 verbi
2565 4863 2839 4933 prolatio?
2867 4860 3108 4918 Scientia
3140 4876 3273 4915 vero
3308 4876 3413 4918 non
3454 4870 3533 4917 est

1956 4958 2155 5027 aliquid
2192 4958 2533 5027 bypostaticc
2567 4957 2919 5023 inexsistens,
2949 4956 3043 5010 sed
3076 4969 3143 5009 ne
3175 4953 3377 5007 animal
3410 4954 3537 5024 qui-

1959 5051 2119 5114 dem;
2152 5053 2340 5104 eadem
2376 5066 2501 5105 vero
2538 5052 2676 5105 ratio
2700 5062 2784 5106 est
2820 5062 2876 5105 et
2908 5050 3199 5105 sermonis.
3234 5048 3405 5103 Filius
3443 5063 3540 5102 au-

1954 5150 2063 5195 tem
2096 5151 2179 5196 est
2210 5142 2413 5195 animal
2441 5162 2453 5197 :
2489 5158 2593 5197 non
2628 5143 2794 5213 igitur
2824 5142 3078 5205 scientia,
3106 5154 3284 5208 neque
3316 5139 3539 5209 sapien-

1955 5232 2051 5297 tia,
2096 5247 2269 5301 neque
2316 5248 2516 5289 sermo.
2568 5234 2772 5289 Deinde
2837 5232 3108 5303 quomodo
3156 5233 3229 5287 sit
3268 5246 3449 5288 sermo
3486 5230 3540 5287 in

1955 5336 2228 5388 sermone,
2269 5331 2391 5376 cum
2430 5323 2765 5390 impossibile
2795 5338 3023 5393 prorsus
3053 5323 3123 5377 sit
3164 5331 3221 5379 ut
3261 5321 3439 5377 simile
3471 5323 3541 5377 sit

1955 5412 2007 5467 in
2037 5413 2239 5469 simili?
2273 5430 2448 5485 neque
2474 5415 2620 5469 enim
2664 5414 2831 5471 fuerit
2854 5416 3006 5479 color
3036 5416 3088 5468 in
3126 5413 3329 5469 colore.
3358 5411 3416 5469 Si
3448 5426 3540 5468 er-

1943 5746 2013 5817 τγῇ
2044 5744 2149 5817 ἰδίᾳ.
2172 5744 2505 5817 ἰδιότητα-οι
2533 5744 2746 5817 dialogo
2768 5748 2963 5817 ivurde“
2988 5746 3273 5807 Trinitate.
3307 5762 3361 5814 ι).
3408 5747 3528 5814 645,

1946 5814 2083 5878 ἰδίας
2114 5814 2389 5885 ἰδιότητος.
2415 5814 2704 5872 Corum:
2739 5816 2885 5871 Eccl.
2922 5814 3016 5871 Gr.
3048 5818 3288 5874 Monum.
3329 5818 3370 5885 ι,
3407 5818 3535 5874 556.
