3994 6324
503 431 609 485 sas

1482 422 1540 478 S.
1586 420 1858 478 CYRlLLl
1897 417 2359 475 ALEXANDRINI
2399 417 2711 474 ARCIIIEP.

3625 413 3735 468 328

506 564 575 619 go
609 547 699 615 qui
735 546 898 600 Filius
953 543 1045 597 Dei
1098 550 1290 596 natura
1335 551 1438 609 est,
1475 552 1591 598 erat
1631 557 1814 598 revera
1864 556 2062 603 sermo,

2175 542 2327 610 φύσει
2357 541 2449 594 τοῦ
2486 540 2694 611 Πατρὸς
2729 538 2873 604 Υίὸς,
2913 538 3025 601 πῶς
3058 538 3123 592 ἂν
3158 536 3292 607 πρὸς
3324 536 3488 589 αὑτὸν
3517 535 3740 603 ἐγένετο

506 638 769 707 quomodo
814 635 987 688 factus
1031 641 1113 688 est
1165 635 1229 685 ad
1284 632 1431 685 illum
1475 647 1685 696 sermo,
1736 647 1859 686 cum
1929 633 2062 686 dixit

2175 633 2354 698 λόγος,
2402 633 2533 703 φέρε
2584 632 2786 694 εἰπεῖν,
2837 631 2895 682 ὲν
2934 628 3046 699 τῷ,
3099 646 3117 678 ι
3163 629 3485 697 Ποιήσωμεν
3523 626 3737 697 ἀνθρω⁴

507 729 667 792 Deus,
700 742 720 775 ι
750 724 1033 779 Faciamus
1064 722 1337 777 hominem
1367 716 1449 775 ὀἳ
1478 741 1497 774 ι

994 854 1201 909 Salutio
1253 856 1578 924 objectionis.

579 969 788 1023 Rursus
831 968 1078 1035 impingis
1106 1007 1118 1030 ,
1172 982 1273 1021 non
1310 966 1559 1021 attollens
1596 974 1648 1021 te
1686 966 1827 1019 ultra
1880 964 2069 1018 buma-

510 1075 610 1115 nas
642 1059 1021 1129 cogitationes,
1064 1074 1128 1111 ac
1161 1057 1325 1111 veluti
1368 1056 1569 1111 oblitus
1609 1056 1748 1125 quod
1792 1055 1858 1109 de
1890 1055 2067 1108 divina

509 1151 739 1205 essentia
786 1161 1094 1201 sermonem
1140 1146 1360 1213 habeas,
1399 1161 1464 1199 ex
1514 1146 1579 1201 iis
1609 1160 1729 1214 quae
1766 1144 1921 1199 nobis
1949 1159 2069 1213 pro-

510 1242 625 1311 pria
675 1248 838 1305 sunt,
886 1239 1031 1293 illam
1078 1239 1308 1293 metiris.
1348 1239 1425 1291 An
1467 1238 1682 1308 ignoras
1724 1236 2068 1290 Divinitatem

511 1331 821 1387 nominibus
881 1332 1037 1386 nobis
1094 1332 1309 1387 usitatis
1371 1330 1663 1400 appellari,
1717 1330 1897 1384 omnia
1943 1342 2070 1382 vero

510 1422 663 1488 longe
688 1420 844 1474 aliter
864 1435 1024 1489 quam
1050 1429 1230 1474 nostra
1263 1434 1320 1475 se
1359 1420 1594 1474 habere?
1627 1417 1741 1473 Non
1776 1418 1917 1472 enim
1946 1417 2068 1487 quia

508 1511 729 1569 verbum
760 1510 875 1564 sive
916 1524 1096 1564 sermo
1131 1510 1366 1567 hominis
1398 1510 1730 1579 hypostatice
1754 1522 1857 1561 non
1898 1508 2071 1561 subsi-

508 1602 626 1669 stit,
653 1610 706 1655 et
746 1600 955 1655 sonitus
978 1600 1193 1669 quidam
1241 1600 1431 1670 lingua:
1476 1610 1559 1655 est
1594 1600 1644 1652 in
1691 1613 1868 1652 aerem
1910 1598 2073 1651 emis-

509 1706 634 1746 sus:
676 1691 797 1744 idco
830 1691 1043 1745 divinus
1077 1691 1241 1745 etiam
1283 1704 1459 1743 sermo
1508 1691 1576 1743 ita
1639 1703 1697 1743 se
1740 1689 1935 1754 habet;
1980 1688 2071 1741 sed

509 1780 693 1835 vivens
724 1796 787 1834 ex
816 1780 959 1843 vivo,
994 1789 1155 1849 atque
1186 1780 1521 1849 hypostatice
1568 1778 1832 1833 exsistens
1880 1785 1944 1831 ex
1977 1776 2073 1845 hy-

2166 739 2304 788 πον;
2353 742 2372 775 ι

2651 853 2808 923 Πρὸς
2838 854 3013 908 τοῦτο
3042 854 3247 917 λύσις.

2238 965 2573 1041 Σκανδαλίζῃ
2602 967 2763 1020 πάλιν
2795 967 2894 1020 οὐκ
2922 964 3227 1020 ἀναϐαίνων
3256 964 3327 1018 τά
3374 964 3693 1036 ἀνθρώπινα
3716 974 3734 993 ⁸

2170 1058 2282 1111 ἀλλ’
2314 1058 2502 1129 ὥσπερ
2529 1058 2949 1129 ἐπιλελησμένος
2969 1060 3050 1111 ὃτι
3077 1075 3159 1111 σοι
3180 1057 3309 1127 περὶ
3336 1054 3436 1125 τῆς
3464 1056 3617 1119 θείας
3638 1056 3737 1107 οὑ-

2172 1148 2291 1211 σίας
2320 1150 2349 1200 6
2378 1149 2533 1215 λόγος
2560 1149 2727 1213 ἐστὶν,
2746 1151 2809 1201 ὲκ
2833 1147 2939 1200 τῶν
2970 1140 3089 1200 κεῖθ’
3113 1149 3257 1217 ἡμᾶς
3276 1146 3432 1217 ὁρίζῃ
3461 1145 3531 1199 τὰ
3550 1146 3740 1215 ἐκείνῃ

2172 1239 2459 1309 προσόντα.
2497 1240 2567 1291 Ἦ
2601 1240 2701 1292 οὐκ
2731 1234 2885 1291 οἶσθα
2912 1238 2993 1291 ὅτι
3025 1240 3135 1299 τοῖς
3169 1238 3289 1290 καθ’
3328 1238 3475 1307 ἡμᾶς
3501 1236 3741 1305 ὀνόμασι

2170 1329 2230 1381 τὸ
2249 1329 2403 1382 Θεῖον
2429 1330 2804 1392 ἀποκαλεῖται,
2832 1330 3006 1383 πάντα
3029 1330 3084 1381 δὲ
3111 1329 3312 1398 ἑτέρως
3337 1328 3482 1381 ἐστὶν
3510 1328 3543 1397 ἢ
3572 1327 3743 1381 καθά-

2173 1437 2277 1489 περ
2310 1421 2501 1489 ήμεῖς;
2528 1420 2603 1473 Οὐ
2627 1421 2735 1490 γὰρ
2765 1420 3062 1490 ἐπειδήπερ
3088 1421 3116 1473 6
3142 1419 3239 1490 μὲν
3260 1418 3545 1489 ἀνθρώπω
3579 1418 3743 1485 λόγος

2173 1511 2538 1572 ἀνυπόστατος
2555 1510 2648 1563 καὶ
2666 1509 2910 1581 γλώττης
2936 1511 3101 1580 ὲξὴχη
3112 1527 3189 1580 μα
3209 1510 3345 1580 πρὸς
3367 1510 3505 1580 ἀέρα
3523 1526 3589 1561 πε
3600 1509 3744 1578 μπό-

2176 1620 2355 1673 μενον,
2400 1601 2489 1654 διά
2535 1600 2692 1654 τοῦτο
2725 1602 2819 1654 καὶ
2850 1604 2878 1654 6
2907 1601 3048 1667 θεῖος
3096 1600 3356 1665 ὡσαύτως
3397 1601 3507 1666 ἔξει
3555 1601 3739 1667 λόγος,

2174 1692 2305 1744 ἀλλά
2334 1691 2441 1754 ςῶν
2467 1694 2529 1744 ὲκ
2554 1691 2774 1755 ζῶντος,
2805 1691 2900 1744 καὶ
2926 1688 3247 1761 ὑφεστηκὼς
3275 1689 3335 1752 ἐξ
3367 1689 3744 1758 ὐφεστηκότος

2173 1783 2309 1833 ὲστί.
2348 1784 2455 1835 Καὶ
2481 1783 2660 1845 πάλιν,
2696 1784 2794 1835 οὐκ
2821 1782 3118 1852 ἐπειδήπερ
3143 1783 3175 1851 ή
3201 1783 3258 1833 ὲν
3288 1783 3417 1851 ἡμῖν
3448 1783 3608 1850 σοφία
3645 1781 3743 1833 καὶ

514 1873 781 1940 postatice
810 1873 1107 1941 exsistqnte
1130 1872 1387 1941 procedit.
1428 1869 1655 1933 Rursus,
1687 1885 1791 1924 non
1834 1869 1956 1937 quia
1988 1884 2073 1923 sa-

2176 1874 2451 1944 ὲπιστήμη
2489 1876 2587 1927 οὐκ
2626 1875 2683 1926 ὲν
2710 1874 3002 1927 ὑποστάσει
3033 1876 3207 1925 κεῖται
3249 1871 3369 1925 καθ’
3395 1870 3617 1939 ἑαυτὴν,
3653 1869 3744 1922 διὰ

508 1960 705 2030 pientis
735 1969 787 2015 et
828 1960 1058 2015 scientia
1091 1976 1212 2029 quae
1259 1960 1311 2014 in
1355 1959 1507 2015 nobis
1537 1969 1641 2024 est,
1680 1958 2070 2031 bypostaticam

510 2064 606 2119 per
640 2066 699 2105 se
744 2052 1117 2106 exsistentiam
1176 2066 1281 2106 non
1320 2051 1525 2105 habet:
1566 2050 1766 2104 idcirco
1808 2050 2071 2118 sapientia

510 2156 630 2212 qua:
663 2143 715 2196 in
749 2141 861 2196 Deo
886 2150 970 2195 est
1003 2157 1106 2196 non
1138 2142 1243 2195 erit
1270 2141 1621 2210 hypostatica.
1655 2140 1722 2193 At
1753 2154 1884 2193 vero
1916 2141 1959 2193 si
1995 2138 2075 2192 fa-

512 2231 642 2287 teris
670 2232 835 2284 Deum
873 2244 977 2284 non
1010 2244 1131 2284 esse
1169 2228 1323 2283 nobis
1347 2228 1603 2290 similem,
1634 2227 1889 2283 fateberis
1912 2229 2071 2282 etiam

511 2319 698 2373 omnia
736 2319 903 2386 ipsius
928 2334 1031 2374 non
1056 2333 1178 2373 esse
1204 2326 1408 2383 nostra,
1449 2319 1539 2371 sed
1570 2326 1719 2371 tanto
1746 2332 1865 2372 esse
1896 2318 2074 2373 excel-

509 2408 737 2465 lentiora
770 2410 991 2473 nostris,
1021 2418 1225 2479 quanto
1258 2410 1372 2477 ipse
1398 2408 1561 2463 etiam
1585 2409 1833 2464 essentia:
1861 2411 2071 2466 ratione

505 2507 590 2555 est
620 2502 978 2571 praestantior.

1034 2608 1259 2675 ALIUD,
1298 2610 1353 2664 in
1388 2610 1547 2665 idem.

578 2744 691 2800 Non
716 2741 1407 2811 animatlvertitprteclarus
1430 2741 1529 2796 iste
1553 2749 1985 2811 argumentatur,
2013 2741 2067 2795 in

505 2850 666 2906 quam
694 2834 972 2903 ingentem
1004 2831 1394 2901 blasphemiam
1423 2840 1582 2892 ruat:
1613 2832 1896 2886 Dominum
1928 2833 2070 2886 enim

504 2923 738 2993 appellat
782 2921 1000 2986 animal,
1041 2936 1148 2973 non
1193 2920 1495 2987 intelligens
1527 2919 1671 2973 aliud
1715 2934 1835 2973 esse
1872 2920 2071 2973 animal

507 3030 667 3084 quam
702 3014 885 3076 vitam,
908 3009 1356 3080 quemadmodum
1386 3009 1610 3062 scientia
1641 3009 1782 3061 aliud
1807 3018 1889 3062 est
1912 3024 2069 3077 quam

508 3104 708 3159 sciens.
731 3101 861 3156 Nam
890 3104 932 3157 si
958 3101 1080 3170 quis
1108 3101 1251 3155 dicat
1276 3100 1460 3164 vitam,
1490 3100 1761 3169 signiﬁcat
1786 3114 1898 3153 rem
1927 3100 2069 3153 illam

2174 1961 2330 2015 τοῦτο
2368 1964 2462 2016 καὶ
2506 1965 2538 2031 η
2569 1963 2949 2033 ἐνυπάρχουσα
2990 1962 3066 2033 τῷ
3108 1961 3226 2032 Θεῷ
3254 1960 3417 2030 σοφία
3446 1960 3507 2013 τὸ
3546 1959 3743 2012 ένυπό-

2175 2069 2366 2115 στατος
2394 2048 2529 2105 εἶναι
2559 2053 2679 2105 καθ’
2706 2053 2902 2123 ἑαυτὴν
2936 2050 3366 2122 ζημιωθήσεται.
3407 2049 3551 2102 Ἀλλ’
3580 2049 3743 2119 είπερ

2171 2145 2451 2214 ὁμολογεῖς
2482 2145 2558 2214 μὴ
2585 2144 2703 2197 καθ’
2746 2145 2894 2215 ἡμᾶς
2938 2140 3075 2197 εἶναι
3125 2143 3215 2196 τὸν
3257 2142 3409 2205 Θεὸν,
3457 2141 3746 2211 ὁμολογεῖς

2172 2235 2411 2305 δηλονότι
2445 2236 2537 2288 καί
2570 2252 2686 2298 πως
2716 2236 2786 2288 τά
2810 2235 2977 2289 αὐτοῦ
3005 2234 3080 2305 μὴ
3113 2229 3248 2286 εἶναι
3274 2232 3383 2284 τῶν
3410 2231 3534 2286 καθ’
3565 2232 3738 2301 ἡμᾶς,

2172 2327 2287 2381 ἀλλ’
2325 2330 2463 2399 ὑπὲρ
2492 2330 2641 2398 ἡμᾶς
2666 2328 2939 2393 τοσοῦτον,
2962 2328 3085 2381 ὅσον
3114 2326 3207 2381 καὶ
3234 2325 3376 2379 κατά
3401 2325 3493 2378 τὸν
3520 2323 3624 2393 τῆς
3651 2321 3741 2375 ού-

2173 2418 2295 2481 σίας
2324 2419 2478 2487 λόγον
2506 2419 2804 2490 διέστηκεν.

2624 2613 2824 2678 ΑΛΛΟ,
2852 2614 2999 2681 πρὸς
3032 2613 3097 2667 τὸ
3130 2615 3295 2667 αὐτό.

2257 2742 2549 2812 Ἠγνόησεν
2568 2741 2595 2793 6
2618 2743 2798 2809 σοφὸς,
2824 2744 2899 2805 ὡς
2927 2742 3116 2807 οίεται,
3140 2744 3235 2796 καὶ
3265 2742 3389 2807 ὀξὺς
3418 2745 3498 2806 εἰς
3519 2745 3579 2796 τὸ
3598 2746 3741 2797 νοεῖν

2173 2828 2396 2900 ἀμέτρῳ
2430 2828 2741 2898 περιπεσὼν
2784 2830 3095 2901 δυσφημίᾳ’
3148 2830 3285 2895 ζῶον
3330 2833 3436 2901 γὰρ
3481 2835 3741 2903 ὀνομάζει

2172 2921 2261 2973 τὸν
2289 2918 2510 2990 Κύριον,
2537 2922 2636 2972 οὐκ
2669 2917 2820 2982 εἰδὼς
2850 2920 2931 2973 ὅτι
2960 2921 3021 2974 τὸ
3049 2921 3184 2986 ζῶον
3215 2922 3399 2991 ἕτερὸν
3436 2927 3552 2975 ἐστι
3587 2924 3741 2995 παρά

2173 3010 2270 3079 τὴν
2301 3010 2465 3080 ζωήν,
2496 3007 2683 3078 ὥσπερ
2711 3010 2743 3078 ή
2774 3009 3045 3079 ἐπιστήμη
3078 3008 3227 3078 παρὰ
3260 3009 3348 3061 τὸν
3376 3011 3568 3078 ὲπιστή
3579 3026 3737 3078 μονα.

2177 3101 2330 3170 Ζωὴν
2359 3105 2458 3170 μὲν
2487 3099 2595 3169 γὰρ
2616 3099 2667 3151 εί
2695 3115 2776 3161 τις
2797 3098 2964 3165 λέγοι,
2983 3098 3115 3152 αὐτὸ
3144 3100 3399 3169 σημαίνει
3422 3101 3485 3152 τὸ
3507 3101 3742 3171 πρᾶγμα

507 3209 626 3263 qua:
658 3194 701 3247 si
731 3192 891 3247 alicui
928 3192 1073 3258 insit,
1105 3192 1283 3244 vivum
1315 3198 1372 3242 ut
1393 3188 1680 3243 siteﬂicit:
1713 3189 1911 3242 animal
1937 3203 2068 3243 vero

2175 3190 2234 3242 τὸ
2268 3190 2324 3241 ἐν
2351 3208 2459 3243 τισι
2499 3194 2780 3259 γινόμενον
2823 3190 2916 3244 καὶ
2962 3190 3257 3254 ζωοποιοῦν
3287 3192 3454 3245 αὐτά·
3502 3191 3637 3255 ζῶον
3682 3192 3740 3244 δὲ

507 3295 589 3341 est
636 3283 688 3338 id
733 3283 873 3352 quod
903 3282 1021 3351 ejus
1061 3282 1138 3336 rei
1183 3294 1302 3350 qua:
1344 3280 1605 3343 viviﬁcat,
1648 3279 1919 3348 particeps
1966 3292 2066 3334 est.

509 3375 673 3443 Atqui
712 3373 971 3428 Dominus
1012 3387 1116 3426 non
1163 3371 1234 3423 ita
1281 3370 1515 3438 seipsum
1548 3380 1721 3433 vocat,
1752 3372 1846 3423 sed
1893 3371 2073 3438 potius

508 3466 693 3521 vitam.
716 3464 770 3520 Si
796 3478 944 3529 vero,
967 3477 1086 3517 cum
1121 3461 1191 3515 sit
1219 3462 1348 3524 vita,
1380 3470 1460 3513 est
1490 3460 1653 3513 etiam
1684 3459 2071 3527 animal,juxta

508 3556 648 3611 illius
693 3556 954 3610 insaniam
981 3592 994 3618 ,
1037 3554 1247 3607 dicatur
1284 3552 1447 3603 etiam
1496 3549 1653 3604 Pater
1690 3565 1807 3605 esse
1854 3551 2071 3615 animal,

506 3660 628 3701 cum
656 3645 768 3714 ipse
797 3646 862 3699 de
886 3660 944 3699 se
964 3644 1146 3697 dicat:
1180 3660 1197 3694 ι
1230 3642 1365 3697 Vivo
1386 3656 1503 3711 ego,
1535 3642 1660 3695 dicit
1687 3640 2020 3696 Dominus“.
2046 3660 2065 3693 ι

510 3736 615 3790 Sed
649 3735 828 3788 valere
851 3734 1018 3802 jussis
1050 3733 1244 3801 perditi
1274 3732 1514 3785 hominis
1553 3733 1733 3800 nugis,
1766 3740 1819 3785 et
1858 3742 2071 3800 aposto-

510 3827 670 3882 licum
719 3825 851 3879 illud
881 3826 929 3879 ei
958 3825 1198 3879 dicentes
1229 3843 1242 3877 :
1282 3841 1301 3873 ι
1338 3822 1703 3890 Cogitationes
1734 3823 1842 3875 sint
1890 3824 1985 3875 tibi
2018 3825 2069 3876 in

510 3918 863 3986 perditionem
898 3915 963 3981 “,
1002 3934 1020 3967 ›
1064 3917 1128 3968 ad
1168 3914 1325 3983 192
1361 3913 1640 3968 veritatem
1682 3914 1936 3967 doctrina:
1978 3928 2073 3966 nos

509 4006 876 4069 conferamus,
914 4014 968 4058 et
1000 4004 1287 4059 Dominum
1341 4019 1445 4057 non
1471 3994 1702 4067 animal,
1746 4013 1801 4056 ut
1846 4003 1942 4067 illi,
1979 4003 2072 4056 sed

512 4095 677 4149 vitam
708 4095 877 4163 ipsam
921 4109 1041 4148 esse
1072 4094 1335 4156 dicamus,
1373 4109 1490 4161 qua:
1531 4097 1707 4149 omnia
1743 4095 1978 4148 viviﬁcat
2002 4096 2068 4159 ι’,

510 4184 706 4254 quippe
728 4198 846 4253 quae
878 4184 929 4237 in
957 4184 1091 4252 ipso,
1119 4183 1268 4250 juxta
1300 4182 1452 4237 Pauli
1481 4185 1821 4250 sententiam,
1869 4193 1923 4239 et
1954 4199 2069 4239 mo-

510 4283 758 4340 veantur,
787 4283 841 4331 et
880 4276 988 4331 sint
1025 4276 1092 4329 ".

821 4406 1048 4475 ALIUD,
1082 4408 1137 4461 in
1161 4411 1395 4463 eamdem
1425 4412 1755 4466 sententiam.

2178 3279 2368 3347 λέγων,
2399 3280 2458 3332 τὸ
2482 3282 2705 3350 μετέχον
2724 3281 2816 3334 τοῦ
2846 3274 3231 3345 ζωοποιοῦντός
3260 3300 3443 3353 φησιν.
3482 3283 3620 3335 Ἀλλ’
3640 3283 3741 3353 οὐχ

2177 3368 2346 3431 οὕτως
2375 3371 2561 3421 ἑαυτὸν
2589 3373 2616 3423 6
2650 3370 2847 3441 Κύριος
2881 3372 3457 3441 ἐνομάζωνρφαίνεται,
3505 3373 3649 3445 ζωὴν
3682 3374 3740 3426 δὲ

2183 3458 2381 3526 μᾶλλον
2414 3458 2695 3514 ἀποκαλεῖ.
2733 3461 2796 3512 El
2830 3460 2886 3512 δὲ
2918 3459 3029 3530 ζωὴ
3058 3462 3313 3531 ὑπάρχων
3338 3465 3432 3516 καὶ
3463 3463 3600 3527 ζῶόν
3622 3466 3740 3516 ἐστι

2180 3548 2320 3601 κατά
2352 3550 2449 3619 τὴν
2479 3551 2685 3603 ἐκείνου
2718 3551 3159 3619 φρενοϐλάϐειαν,
3184 3551 3426 3619 λεγέσθω
3454 3556 3545 3605 καὶ
3572 3557 3600 3606 6
3626 3556 3742 3607 Πα-

2177 3639 2279 3709 τὴρ
2311 3638 2468 3705 ζῶον,
2500 3641 2796 3711 ἐπειδήπερ
2826 3641 3075 3709 φαίνεται
3104 3642 3295 3710 λέγων·
3333 3663 3350 3695 ι
3377 3645 3461 3697 Ζῶ
3488 3645 3617 3711 ἐγὼ,
3649 3646 3740 3697 λέο

2176 3747 2261 3795 γει
2285 3730 2507 3799 Κύριος.
2536 3750 2553 3782 ι
2575 3732 2737 3784 Ἀλλά
2765 3734 2885 3795 ταῖς
2914 3732 3118 3785 ἐκείνου
3155 3734 3443 3803 φλυαρίαις
3466 3736 3742 3804 ἐρρῶσθαι

2178 3821 2483 3891 φράσαντες
2507 3861 2519 3883 ,
2551 3823 2645 3874 καὶ
2681 3822 2742 3875 τὸ
2775 3822 3127 3875 ἀποστολικὺν
3160 3824 3335 3877 ὲκεῖνο
3378 3825 3737 3895 προσθέντες·

2186 3929 2203 3959 ι
2237 3912 2316 3963 Τὰ
2345 3912 2592 3981 νοήματά
2624 3930 2715 3965 σου
2749 3915 2845 3967 σὺν
2891 3915 2971 3966 σοὶ
3015 3918 3101 3985 εῐη
3136 3917 3215 3978 εἰς
3249 3915 3552 3982 ἀπώλειαν,
3590 3937 3607 3969 ι
3645 3919 3742 3970 ἐπὶ

2178 4002 2271 4071 τὴν
2288 4002 2551 4073 ὀρθότητα
2576 4004 2683 4056 τῶν
2707 4006 2989 4075 δογμάτων
3004 4006 3379 4076 δραμούμεθα,
3401 4009 3493 4061 καὶ
3516 4009 3574 4061 οὐ
3600 4009 3740 4073 ζῶον

2178 4094 2296 4145 κατ’
2332 4095 2595 4158 ἐκείνους,
2621 4096 2755 4148 ἀλλά
2790 4096 2935 4167 ζωὴν
2968 4098 3199 4168 ἐροῦμεν
3228 4100 3317 4151 τὸν
3348 4099 3571 4169 Κύριον,
3605 4099 3740 4164 ζωο-

2175 4179 2438 4249 γονοῦσαν
2464 4183 2532 4235 τά
2566 4184 2742 4237 πάντα
2784 4186 2859 4247 ὼς
2896 4187 2952 4238 ἐν
2985 4185 3131 4256 αὑτῷ
3160 4188 3421 4241 κινεῖσθαι
3451 4190 3542 4242 καὶ
3572 4187 3736 4258 εἶναι,

2178 4272 2319 4327 κατά
2341 4273 2439 4358 ἰἰὴν
2464 4274 2677 4327 Παύλου
2706 4278 2906 4347 φωνήν.

2670 4410 2872 4476 ΑΛΛΟ,
2896 4412 2981 4477 εἰς
3005 4412 3068 4464 τὸ
3091 4414 3257 4466 αὐτό.

578 4536 799 4594 Sacram
857 4541 1189 4610 Scripturam
1236 4542 1429 4596 Filium
1478 4558 1671 4598 vocare
1722 4542 1954 4598 Verbum
1994 4544 2074 4617 ⁸⁸,

2252 4540 2419 4607 Λόγον
2446 4542 2479 4610 ἡ
2517 4540 2637 4593 Θεία
2654 4542 2843 4611 Γραφὴ
2871 4544 2963 4596 τὸν
2997 4544 3123 4597 Υίὸν
3157 4545 3463 4616 ὀνομάζειν,
3487 4550 3579 4601 καὶ
3613 4568 3738 4621 προ-

508 4626 610 4684 hoc
653 4638 759 4696 est,
816 4630 1174 4699 prolationem
1238 4634 1503 4702 ejusmodi
1569 4634 1853 4687 verborum
1900 4635 2075 4703 qualia

509 4727 638 4773 sunt
662 4720 913 4785 humana,
958 4726 1282 4789 temerarius
1325 4724 1425 4777 iste
1462 4738 1523 4778 ac
1549 4724 1839 4794 prmelarus
1873 4726 2079 4780 scilicet

509 4825 827 4865 arcanorum
874 4810 969 4867 Dei
1015 4814 1286 4883 interpres
1335 4814 1693 4885 imaginatur:
1738 4832 1843 4869 non
1884 4817 2079 4870 intelli-

510 4914 639 4969 gens
678 4902 819 4970 quod
852 4916 1018 4957 sacra:
1042 4902 1262 4959 Litterae
1286 4905 1435 4959 illum
1479 4908 1548 4960 ita
1596 4922 1661 4960 ex
1705 4916 1888 4961 nostro
1925 4922 2075 4961 more

509 4991 796 5059 appellent.
834 4991 1093 5061 Loquitur
1120 4996 1264 5049 enim
1299 4996 1460 5051 Pater
1490 5013 1686 5052 arcane
1731 5008 1892 5067 atque
1937 4998 2071 5051 incf-

510 5078 738 5135 fabiiiter
764 5081 830 5135 ad
876 5082 1096 5148 Filium,
1144 5086 1228 5138 cui
1280 5088 1595 5141 naturaliter
1622 5088 1875 5141 voluntas
1902 5086 2076 5141 Patris

508 5170 717 5236 cognita
746 5178 849 5234 est,
878 5185 1053 5238 neque
1079 5181 1356 5240 exspectat
1403 5189 1729 5239 sermonem,
1760 5176 1850 5243 qui
1899 5175 2074 5228 occul-

507 5266 615 5311 tam
671 5258 810 5313 illius
857 5260 1183 5316 voluntatem
1231 5264 1483 5333 explicet.
1518 5265 1741 5332 Quando
1788 5267 1953 5334 igitur
2001 5268 2068 5320 de

507 5346 617 5402 Deo
641 5349 838 5405 dicitur
863 5353 979 5407 sive
1015 5355 1339 5422 praedicatur
1365 5356 1563 5424 aliquid
1594 5354 1933 5427 eorum‘qute
1976 5358 2070 5412 ho-

506 5432 738 5488 minibus
768 5438 946 5504 potius
980 5442 1328 5505 conveniunt,
1368 5444 1577 5498 auditor
1602 5444 1740 5498 ultra
1772 5447 2071 5504 humanum

508 5536 709 5575 morem
754 5527 1129 5593 cogitationem
1174 5546 1327 5585 suam
1373 5534 1566 5602 erigat,
1607 5545 1661 5590 et
1708 5536 1772 5591 ad
1814 5538 2067 5606 spiritua-

575 5696 620 5783 ις
642 5694 775 5783 Gen.
806 5716 844 5766 1,
869 5702 955 5759 eo.
1034 5707 1077 5738 ιο
1114 5707 1306 5763 Ezech.
1346 5725 1540 5778 xxxnt,
1581 5714 1662 5769 ll.
1744 5716 1783 5747 "
1819 5716 1937 5771 Act.
1977 5731 2091 5783 νιιι,
2122 5715 2211 5771 ‘20-

532 5782 566 5830 ι,
604 5767 621 5819 l
656 5782 804 5837 seqq.

2178 4630 2349 4701 φορὰν
2384 4633 2640 4700 ῥημάτων
2676 4632 2928 4687 τοιούτων
2965 4636 3124 4687 ὁποῖά
3152 4636 3267 4688 ἐστι
3296 4637 3362 4689 τά
3398 4639 3735 4710 ἀνθρώπινα,

2176 4718 2507 4785 φαντάζεται
2533 4720 2694 4774 πάλιν
2716 4723 2743 4774 6
2764 4722 2963 4792 γοργὸς
2989 4724 3067 4785 εἰς
3089 4722 3344 4778 ἀϐουλίαν
3375 4728 3465 4781 καὶ
3491 4733 3737 4796 νεανικὸς

2175 4813 2255 4872 εἰς
2286 4811 2346 4863 τὸ
2388 4811 2463 4881 μὴ
2491 4815 2629 4864 νοεῖν
2672 4813 2844 4881 ὀρθῶς
2870 4812 3085 4867 τά’θεία
3117 4817 3419 4887 μυστήρια·
3454 4820 3554 4873 οὐκ
3579 4822 3734 4887 εἰδὼς

2176 4903 2258 4953 ὃτι
2294 4902 2432 4954 κατά
2465 4903 2564 4972 μὲν
2594 4905 2690 4974 τὴν
2719 4906 2994 4974 ἡμετέραν
3039 4907 3324 4978 συνήθειαν
3367 4909 3538 4974 οὕτως
3572 4914 3735 4967 αὑτὸν

2174 4993 2230 5044 αἱ
2269 4992 2409 5045 Θεῖαι
2446 4994 2768 5063 κηρύττουσι
2797 4995 2836 5046 Γ
2843 4997 3027 5065 ραφαί.
3058 4997 3367 5067 Διαλέγεται
3396 5001 3453 5053 δὲ
3479 5003 3736 5075 ἀρρήτως

2177 5084 2364 5153 Πατὴρ
2392 5085 2525 5154 πρὸς
2550 5086 2693 5150 Υἱὸν,
2724 5086 2936 5156 ἔχοντος
2959 5088 3119 5140 αὐτοῦ
3146 5091 3390 5157 φυσικῶς
3414 5094 3507 5145 τοῦ
3536 5096 3733 5165 εδίδέναι

2174 5174 2266 5227 τοῦ
2297 5175 2545 5238 τεκόντος
2572 5177 2670 5245 τὴν
2701 5177 2973 5248 βούλησιν,
3005 5179 3064 5231 οὐ
3094 5179 3248 5247 λόγον
3270 5181 3545 5250 ἐκφαίνειν
3572 5184 3732 5238 δυνά-

2178 5284 2338 5336 μενον
2370 5266 2438 5321 τὰ
2476 5269 2831 5338 κεκρυμμένα
2858 5272 3239 5341 περιμένοντος
3261 5315 3275 5338 ,
3307 5274 3427 5326 ἐπεὶ
3456 5275 3547 5327 καὶ
3572 5279 3734 5343 αὐτὰ

2177 5362 2382 5414 ἐστ-ινδ
2413 5362 2602 5429 Λόγος.
2633 5363 2757 5415 Ὅτε
2793 5364 2966 5418 τοίνυν
3011 5366 3103 5417 ἐπὶ
3138 5366 3272 5419 Θεοῦ
3301 5385 3351 5421 τι
3376 5368 3594 5437 λέγεται
3626 5372 3735 5424 τῶν

2171 5453 2271 5505 ὅσα
2320 5452 2520 5522 μᾶλλον
2548 5452 2852 5522 ἀνθρώποις
2883 5454 3000 5507 ἐστὶ⁷
3036 5458 3475 5527 πρεπωδέστερα,
3504 5458 3733 5513 ἀναϐαι-

2172 5544 2305 5595 νέτω
2357 5544 2424 5596 τὰ
2467 5542 2588 5596 καθ’
2648 5532 2793 5613 ἡμᾶς
2836 5548 2863 5597 6
2912 5548 3293 5619 ἀκροώμενος,
3350 5553 3438 5603 καὶ
3497 5552 3590 5604 επὶ
3633 5552 3732 5620 τὴν

2326 5720 2367 5751 δ’
2402 5718 2417 5773 l
2450 5718 2586 5773 Tim.
2618 5736 2691 5786 τι,
2734 5722 2815 5776 15.
2892 5724 2937 5757 ⁸³
2977 5728 3093 5783 Act.
3122 5742 3251 5795 xvn,
3291 5728 3380 5785 ‘28.
3460 5729 3505 5763 “
3532 5728 3687 5786 Joan.
