3994 6324
236 434 341 493 325

1626 427 2070 485 THESAURUS.

3416 429 3521 485 528

240 551 633 624 πνευματικὴν
685 551 778 606 καὶ
823 550 920 623 τὴν
964 550 1022 604 ιν
1073 548 1255 624 νοήσει
1301 551 1369 622 τῇ
1420 547 1541 620 θείᾳ
1590 548 1828 620 τρεχέτω

1940 551 2066 616 lem,
2098 546 2300 620 quique
2343 548 2394 603 in
2436 547 2621 603 divino
2660 548 2935 605 intellectu
2978 524 3249 617 consistit,
3297 564 3520 607 sensum

239 642 577 714 κατάληψιν.

523 754 850 821 nrt/08mg
874 753 955 821 ὡς
992 754 1061 808 ἐκ
1094 752 1211 809 τῶν
1233 753 1555 825 Εὐνομίαν.

320 888 464 943 Ἀλλ’
511 889 620 943 οὐκ
666 888 906 962 ἐξαρκεῖ,
955 890 1141 960 φησὶν,
1188 891 1268 953 είς
1318 890 1449 945 Υίοῦ
1490 891 1721 964 δήλωσιν
1770 894 1833 947 τὸ

239 978 410 1050 Λόγος
437 979 642 1051 δνομα,
688 980 799 1035 οὐδ’
831 980 897 1034 ἂν
927 978 1139 1049 γένοιτο
1188 980 1366 1054 σαφὴς
1399 983 1434 1053 ἡ
1462 983 1619 1047 οὐσία
1662 983 1829 1038 αὐτοῦ

238 1072 323 1125 διὰ
372 1072 481 1144 τῆς
525 1072 748 1127 τοιᾶσδε
803 1071 1212 1143 προσηγορίας·
1270 1071 1497 1143 φέρεται
1562 1074 1670 1146 γὰρ
1734 1077 1832 1131 καλ⁸

239 1163 383 1217 κατὰ
413 1162 641 1219 πολλῶν
663 1162 866 1234 ἑτέρων
896 1158 1159 1235 ῥημάτων
1198 1164 1384 1236 ἀργῶν
1408 1182 1468 1219 τε
1499 1168 1594 1221 καὶ
1627 1168 1831 1221 ἀνυπο-

241 1254 474 1309 στάτων.

733 1366 889 1438 Πρὸς
913 1366 1100 1423 ταῦτα
1124 1368 1332 1435 λύσις.

306 1500 528 1555 Οὐκοῦν
576 1501 829 1571 άτονήσει
885 1500 1024 1574 πρὸς
1060 1503 1121 1555 τὸ
1164 1502 1519 1575 παραστῆσαι
1563 1503 1658 1557 ¹τοῦ
1694 1504 1829 1559 Θεοῦ

238 1592 337 1665 τὴν
367 1593 567 1647 οὐσίαν
616 1591 676 1645 τὸ
720 1591 853 1656 Θεὸς
879 1591 1071 1662 ὄνομα.
1123 1580 1502 1665 Φέρεται,γὰρ
1548 1596 1641 1647 καὶ
1689 1593 1833 1647 κατὰ

239 1683 348 1738 τῶν
379 1685 461 1756 μὴ
487 1685 650 1753 φύσει
671 1682 828 1748 θεῶν⁹
854 1685 994 1738 κατὰ
1018 1683 1100 1748 τὸ,
1121 1702 1141 1734 ι
1166 1682 1308 1753 Ἐγὼ
1332 1679 1479 1738 εῐπα·
1498 1684 1621 1737 Θεοί
1646 1688 1791 1739 ἐστε.
1808 1705 1825 1736 ι

242 1775 306 1828 τί
340 1774 399 1829 δὲ
430 1774 673 1828 κωλύσει
703 1777 927 1828 κάκεῖνο
953 1774 1156 1843 λέγειν,
1178 1774 1253 1838 ὡς
1280 1775 1512 1846 ἐπείπερ
1537 1776 1601 1828 τὸ
1624 1775 1832 1839 δίκαιος

1939 640 2293 699 conscendat.

2359 751 2446 808 Ex
2484 753 2777 823 objections
2821 750 3092 807 Eunomii.

1985 887 2170 972 ’AIqui
2207 902 2315 943 non
2351 886 2570 954 sumcit,
2598 890 2797 960 inquit,
2830 890 2991 945 Verbi
3027 905 3221 947 nomen
3252 890 3320 945 ad
3350 890 3521 960 signi-

1938 966 2251 1037 ﬁéatibnetn
2310 982 2456 1050 Filii,
2500 996 2677 1051 neque
2706 997 2771 1038 ex
2804 980 3110 1050 hujusmodi
3164 982 3524 1055 appellatione

1932 1073 2171 1129 essentia
2228 1072 2349 1143 ejus
2387 1074 2741 1144 explicatur:
2779 1073 3016 1129 refertur
3045 1075 3191 1129 enim
3243 1075 3405 1130 etiam
3453 1074 3523 1130 ad

1932 1163 2038 1219 alia
2068 1164 2236 1220 multa
2265 1165 2431 1221 verba
2455 1181 2576 1237 quae
2612 1166 2958 1237 hypostatice
2981 1181 3089 1223 non
3120 1166 3414 1223 exsistunt.

2424 1363 2634 1419 Salutio
2668 1362 3005 1435 objectionia.

2004 1496 2147 1568 Ergo
2180 1511 2248 1553 ne
2270 1497 2366 1554 Dei
2391 1498 2609 1568 quidem
2661 1511 2857 1553 nomen
2897 1498 3094 1553 suﬁicit
3129 1498 3197 1551 ad
3226 1496 3522 1553 essentiam

1945 1584 2039 1641 Dei
2089 1587 2494 1657 explicandam.
2529 1573 2790 1643 Refertur
2823 1587 2968 1644 enim
3007 1589 3172 1643 etiam
3211 1586 3401 1643 ad‘eos
3432 1588 3523 1657 qui

1936 1687 2128 1732 natura
2162 1676 2261 1741 dii
2292 1691 2398 1732 non
2434 1676 2773 1749 sunt,‘.juxta
2810 1678 2944 1733 illud
2976 1696 2990 1732 :
3034 1698 3053 1731 ι
3100 1678 3213 1747 Ego
3249 1679 3361 1735 dixi
3389 1697 3404 1733 :
3438 1678 3523 1733 Dii

1934 1767 2069 1822 estis
2100 1765 2167 1819 “.
2205 1784 2224 1817 ι
2258 1765 2398 1836 Quid
2434 1781 2566 1822 vero
2602 1766 2881 1839 obstiterit
2909 1768 3201 1837 quominus
3244 1770 3409 1823 etiam
3460 1768 3528 1823 il-

239 1866 433 1937 όνομα,
474 1866 573 1920 καὶ
604 1866 663 1919 τὸ
694 1866 918 1935 ἀγαθὸς,
950 1866 1045 1919 καὶ
1071 1865 1132 1919 τὸ
1166 1865 1340 1935 ἅγιος,
1368 1865 1465 1919 καὶ
1505 1868 1590 1919 ἐπ’
1623 1864 1828 1938 ἀνθρώ-

1940 1858 2025 1912 lud
2062 1858 2344 1913 dicamus:
2382 1873 2506 1913 eum
2535 1872 2734 1912 nomen
2758 1855 2965 1926 justus,
3000 1866 3055 1912 et
3082 1860 3275 1923 bonus,
3313 1866 3367 1913 et
3396 1872 3527 1914 san-

241 1974 359 2014 πων
404 1957 666 2011 τάττεται
715 1956 943 2029 (πολλοὶ
987 1955 1097 2028 γάρ
1128 1955 1361 2010 τοιοῦτοι
1409 1957 1551 2010 κατὰ
1596 1958 1828 2030 μετοχὴν

1940 1962 2060 2005 ctus
2093 1951 2258 2006 etiam
2304 1951 2372 2005 de
2408 1949 2725 2005 hominibus
2754 1950 2969 2004 dicatur
2996 1948 3169 2022 (multi
3215 1950 3359 2005 enim
3394 1959 3527 2004 sunt

238 2048 331 2103 τοῦ
379 2050 511 2103 κατ’
541 2048 803 2121 ἀλήθειαν
847 2050 944 2103 καὶ
982 2048 1152 2112 ὅντως
1199 2044 1405 2117 ἀγαθοῦ
1478 2050 1574 2102 καὶ
1616 2049 1829 2103 δικαίου

238 2141 666 2213 τυγχάνοντος),
715 2141 779 2195 οὐ
820 2140 1026 2213 κυρίως
1065 2140 1159 2194 ἐπὶ
1207 2138 1347 2192 Θεοῦ
1388 2138 1672 2204 τετάξεται
1719 2130 1831 2192 τῶν

240 2231 558 2312 εἰρημένων
584 2232 839 2309 ικαστον;
874 2232 936 2285 Εί
955 2231 1014 2285 δὲ
1046 2230 1204 2285 κοινὰ
1232 2231 1331 2301 μὲν
1355 2232 1487 2301 ἡμῖν
1514 2230 1651 2303 πρὸς
1669 2229 1829 2283 αὑτὸν

237 2322 304 2376 τὰ
329 2306 603 2394 όνόματα,
638 2306 788 2394 αὐτῷ
827 2322 884 2376 δὲ
928 2323 1075 2393 μόνῳ
1117 2322 1261 2377 κατὰ
1294 2322 1455 2391 φύσιν
1499 2322 1561 2376 τὸ
1595 2324 1830 2393 πρᾶγμα

238 2413 667 2485 ιπαληθεύεται,
704 2413 858 2467 οὐδὲν
884 2412 1122 2468 κωλύσει
1155 2413 1251 2468 καὶ
1280 2414 1453 2483 Λόγον
1487 2412 1695 2486 κυρίως
1732 2430 1826 2467 κε-

238 2499 480 2572 κλῆσθαι
506 2502 599 2556 τὸν
622 2502 771 2568 Υίδν,
802 2502 1220 2574 παραστατικήν
1237 2519 1298 2555 τε
1324 2502 1425 2571 τῆς
1450 2487 1637 2565 οὐσίας
1662 2500 1828 2555 αὑτοῦ

236 2592 447 2663 ταύτην
477 2594 625 2663 ἔχειν
664 2593 765 2663 τὴν
808 2594 1161 2664 ἐπωνυμίαν,
1216 2595 1265 2646 εί
1318 2593 1411 2646 καὶ
1455 2592 1633 2664 ἕτεροι
1679 2592 1827 2661 λόγοι

240 2684 425 2739 πολλοί
471 2702 619 2748 τινες
649 2681 760 2738 εἷεν
789 2685 1244 2756 καταχρηστικῶς
1276 2685 1371 2738 καὶ
1410 2683 1548 2755 πρὸς
1593 2683 1826 2755 μίμησιν

239 2776 333 2827 τοῦ
364 2777 491 2829 κατ’
540 2774 800 2847 ἀλήθειαν
833 2776 1195 2847 κεκλημένου.
1229 2776 1331 2829 Διὰ
1358 2775 1468 2847 γὰρ
1493 2776 1697 2847 ταύτην
1727 2778 1826 2845 τὴν

240 2867 421 2920 αἰτίαν
450 2868 580 2937 περὶ
601 2866 795 2922 ἑαυτοῦ
826 2884 993 2939 φησιν
1017 2870 1045 2920 ό
1086 2867 1215 2931 Υἱός
1234 2884 1246 2897 ·
1274 2886 1292 2919 ι
1317 2867 1463 2935 Ἑγὼ
1492 2869 1608 2938 είμι
1637 2870 1668 2939 ἡ
1695 2869 1826 2941 ἀλή-

242 2956 379 3011 θεια.
410 2956 609 3009 »Ὥστε
638 2958 775 3028 ὅπερ
796 2956 865 3011 ἄν
880 2973 965 3020 τις
992 2955 1137 3009 sinet
1165 2957 1293 3028 περ)⁸
1317 2955 1483 3009 αὑτοῦ
1516 2956 1825 3028 θεοπρεπές

240 3065 302 3101 τε
332 3050 431 3103 καὶ
456 3048 607 3113 ἄξιον
629 3049 727 3119 τῆς
756 3047 907 3111 θείας
931 3048 1258 3118 γεννήσεως,
1280 3048 1397 3119 ipsi
1426 3048 1525 3118 μὲν
1551 3047 1637 3099 ἐπ’
1658 3045 1823 3099 αὑτοῦ

242 3137 471 3209 κυρίως,
493 3137 587 3189 επὶ
607 3135 665 3190 δὲ
690 3135 799 3189 τῶν
828 3136 1032 3206 ἑτέρων
1052 3134 1258 3195 οὐκέτι,
1286 3133 1745 3207 καταχρηστικῶς
1768 3133 1824 3187 δὲ

244 3226 469 3300 μᾶλλον,
508 3226 762 3298 καθάπερ
788 3227 1022 3298 είρηται.

526 3362 848 3450 iantes-mc
870 3362 950 3429 ὡς
978 3361 1049 3415 ἐκ
1084 3361 1203 3416 τῶν
1225 3362 1548 3432 Εὐνομίου.

310 3498 488 3569 Λόγος
517 3498 736 3570 εἴρηται
758 3538 772 3564 ,
809 3498 978 3568 φησὶ,
1010 3496 1163 3568 παρὰ
1192 3499 1314 3561 ταῖς
1346 3496 1521 3559 θείαις
1548 3495 1824 3567 Γραφαῖς,

241 3590 339 3662 οὐχ
366 3592 445 3657 ὠς
471 3592 537 3643 ὲκ
572 3592 789 3663 [ἰατρὸς
820 3591 965 3646 κατὰ
993 3592 1157 3661 φύσιν
1186 3592 1469 3662 ὑπάρχων,
1502 3589 1536 3660 ἢ
1561 3590 1723 3652 αὐτὸς
1751 3588 1829 3642 ὢν

241 3686 271 3738 ό
316 3684 626 3748 ἐνδιάθετος
674 3685 831 3753 λόγος
856 3723 872 3749 ,
931 3682 1045 3738 ἀλλ’
1119 3685 1201 3737 ὅτι
1258 3684 1351 3739 τὸν
1404 3683 1620 3753 Πατρὸς
1674 3681 1829 3751 λόγον

243 3774 486 3840 ἀκούσας
544 3777 639 3828 καὶ
706 3777 837 3846 ἡμῖν
911 3774 1261 3843 ἐξαγγέλλει·
1326 3772 1515 3844 ὥσπερ
1577 3769 1669 3828 οὖν
1736 3773 1829 3826 καὶ

244 3866 519 3939 ἁγιασμὸς
546 3868 765 3941 εἴρηται
788 3908 803 3932 ,
832 3868 915 3920 ὅτι
940 3866 1193 3935 ἁγιάζει,
1230 3866 1324 3920 καὶ
1356 3864 1672 3936 δικαιοσύνη
1692 3904 1706 3931 ,
1747 3865 1827 3919 ὅτι

241 3956 465 4013 δικαιοί.

755 4069 915 4138 Πρὸς
944 4069 1122 4124 τοῦτο
1146 4071 1350 4137 λύσις.

312 4208 377 4261 Εί
411 4206 584 4276 Λόγος
612 4204 812 4277 ἐκλήθη
840 4245 854 4270 ,
883 4204 1028 4259 κατὰ
1059 4205 1158 4276 τὴν
1186 4205 1304 4277 σὴν,
1331 4199 1377 4259 ὧ
1404 4204 1671 4275 βέλτιστε,
1701 4204 1827 4257 δυσ-

246 4295 479 4368 φημίαν,
511 4295 608 4364 οὐχ
634 4294 716 4347 ὅτι
763 4296 904 4347 κατὰ
942 4293 1105 4363 φύσιν
1138 4294 1298 4348 τοῦτό
1330 4280 1487 4349 ’ἐστιν
1519 4296 1585 4348 ὲκ
1615 4293 1830 4365 Πατρός

244 4385 527 4459 προελθὼν
551 4424 566 4449 ,
593 4387 689 4439 καὶ
718 4385 819 4455 τῆς
846 4384 940 4438 τοῦ
980 4385 1231 4450 τεκόντος
1264 4384 1451 4450 οὐσίας
1480 4386 1827 4454 ὲκφαντικὸς,

245 4474 356 4527 ἀλλ’
382 4474 468 4527 ὅτι
495 4472 587 4527 τὸν
608 4473 756 4544 παρὰ
784 4472 999 4544 [ἰατρὸς
1022 4474 1261 4539 ἀκούσας
1308 4475 1486 4543 λόγον,
1514 4463 1829 4545 ἐξαγγέλλει

245 4563 439 4616 τοῦτον
471 4564 552 4626 είς
587 4563 734 4633 ἡμᾶς
753 4577 768 4590 ·
802 4563 962 4632 τήρει
1002 4563 1098 4617 καὶ
1130 4564 1189 4615 ὲν
1218 4566 1333 4628 τοϊς
1371 4565 1550 4627 ἄλλοις
1578 4566 1677 4635 τὴν
1705 4566 1828 4635 ίσην

1940 2042 2079 2098 tales
2124 2056 2230 2113 per~
2274 2041 2752 2113 participationem
2798 2039 2913 2110 ejus
2939 2041 3035 2112 qui
3068 2054 3196 2097 vere
3231 2050 3397 2110 atque
3430 2055 3525 2095 re-

1938 2131 2054 2204 ipsa
2078 2132 2254 2189 bonus
2291 2132 2545 2201 etjustus
2571 2132 2697 2203 est),
2737 2148 2844 2188 non
2885 2134 3107 2204 proprie
3150 2133 3363 2205 singula
3407 2134 3527 2190 haec

1937 2239 2059 2294 qua
2104 2224 2345 2280 diximus
2386 2225 2455 2279 de
2504 2224 2616 2280 Deo
2658 2224 2986 2295 praedicari?
3013 2227 3085 2281 At
3126 2226 3174 2281 si
3215 2228 3524 2283 communia

1936 2310 2156 2381 quidem
2209 2309 2368 2366 nobis
2412 2321 2693 2371 suntcum
2744 2312 2837 2368 illo
2865 2314 3107 2380 nomina,
3155 2315 3251 2372 sed
3294 2318 3361 2372 de
3407 2316 3529 2388 ipso

1939 2410 2147 2456 tantum
2184 2416 2313 2462 vere
2339 2404 2637 2458 secundum
2665 2413 2919 2459 naturam
2953 2405 3228 2472 dicuntur,
3260 2407 3397 2462 nihil
3424 2408 3527 2463 im-

1937 2490 2087 2560 pedit
2114 2491 2411 2560 quominus
2445 2490 2616 2548 Filius
2650 2494 2869 2563 proprie
2893 2494 3113 2550 dicatur
3142 2495 3405 2563 Verbum,
3432 2510 3527 2551 ea-

1938 2596 2044 2651 que
2068 2583 2358 2653 appellatio
2388 2586 2686 2639 essentiam
2728 2586 2849 2657 ejus
2880 2587 3137 2657 explicet,
3168 2589 3390 2644 tametsi
3418 2590 3524 2645 alia

1934 2688 2151 2744 quoque
2179 2674 2347 2729 multa
2370 2677 2479 2731 sint
2510 2676 2673 2733 verba
2702 2678 2930 2735 abusive
2982 2690 3037 2736 et
3067 2680 3136 2755 ad
3162 2682 3525 2739 imitationem

1936 2766 2081 2822 illius
2116 2768 2262 2837 quod
2297 2783 2425 2824 vere
2462 2769 2535 2824 ita
2571 2780 2820 2826 vocatur.
2847 2770 2982 2828 Eam
3011 2774 3156 2829 enim
3199 2775 3269 2830 ob
3299 2791 3523 2833 causam

1932 2856 2106 2914 Filius
2123 2859 2189 2913 de
2206 2860 2390 2930 seipse
2423 2860 2600 2930 inquit
2625 2881 2637 2916 :
2664 2880 2683 2914 ι
2711 2862 2823 2934 Ego
2850 2878 2971 2920 sum
2998 2866 3203 2921 veritas
3234 2867 3304 2922 δ’.
3341 2888 3359 2921 ι
3381 2871 3527 2935 Quo—

1932 2949 2078 3005 circa
2114 2952 2376 3022 quidquid
2425 2955 2493 3009 de
2549 2970 2615 3011 eo
2649 2956 2856 3011 dixeris
2901 2957 3172 3014 divinitati
3217 2960 3525 3033 divinaeque

1931 3039 2051 3109 ejus
2083 3042 2422 3111 generationi
2459 3045 2793 3101 conveniens
2817 3055 2873 3101 et
2898 3062 3020 3118 par,
3048 3049 3270 3120 proprie
3301 3051 3523 3121 quidem

1931 3132 1998 3187 de
2030 3133 2150 3201 ipso
2181 3135 2365 3200 dices;
2404 3136 2469 3191 de
2509 3137 2633 3192 aliis
2662 3152 2792 3193 vero
2851 3153 2959 3193 non
3000 3139 3157 3211 item,
3202 3143 3299 3198 sed
3345 3144 3525 3213 potius

1932 3223 2178 3291 abusive,
2216 3236 2278 3280 ut
2301 3230 2507 3282 dictum
2539 3238 2643 3283 est.

2328 3359 2487 3433 193
2523 3360 2767 3431 Objectio
2819 3361 3097 3424 Eunomii.

2002 3492 2271 3555 Verbum.
2288 3492 2485 3564 inquit,
2506 3495 2711 3550 dictum
2729 3504 2812 3552 est
2835 3497 2888 3552 in
2910 3513 3064 3556 saera
3090 3496 3395 3571 Scriptura,
3413 3517 3525 3559 non

1933 3585 2061 3655 quia
2095 3600 2160 3641 ex
2194 3585 2359 3640 Patre
2387 3588 2686 3661 secundum
2710 3599 2959 3644 naturam
2981 3592 3233 3657 exsistat,
3262 3604 3356 3647 aut
3383 3595 3526 3664 quod

1930 3679 2003 3733 sit
2034 3679 2388 3735 intrinsecum
2422 3680 2537 3736 sive
2568 3680 2791 3736 insitum
2816 3681 2963 3737 Patri
2997 3684 3244 3753 verbum,
3272 3687 3365 3741 sed
3395 3687 3527 3756 quia

1930 3770 2107 3825 Patris
2135 3772 2361 3826 verbum
2401 3763 2650 3838 audiens,
2682 3774 2734 3828 id
2765 3775 2921 3830 nobis
2952 3778 3236 3833 annuntiat
3264 3796 3278 3832 :
3304 3781 3445 3834 sicut
3471 3789 3528 3835 et

1932 3861 2295 3917 sanctificatio
2324 3844 2503 3918 dictus
2536 3871 2642 3929 est,
2668 3864 2794 3933 quia
2842 3866 3171 3934 sanctiﬁcat,
3209 3876 3264 3922 et
3289 3867 3525 3937 justitia,

1928 3953 2055 4025 quia
2073 3954 2362 4022 justiﬁcat.

2450 4068 2657 4125 Salutio
2688 4071 3017 4141 objectianis.

2003 4200 2084 4268 Si,
2103 4203 2259 4274 juxta
2298 4212 2444 4259 tuam
2475 4205 2895 4275 blasphemiam,
2917 4207 3154 4262 Verbum
3187 4208 3389 4264 dictum
3417 4218 3524 4273 est,

1932 4308 2037 4350 non
2070 4296 2214 4365 quod
2245 4296 2572 4351 naturaliter
2603 4298 2707 4353 hoc
2730 4299 2802 4354 sit
2829 4314 2894 4355 ex
2932 4297 3094 4353 Patre
3124 4300 3442 4369 procedens,
3469 4310 3525 4355 et

1932 4386 2200 4454 genitoris
2227 4388 2309 4442 sui
2347 4388 2643 4443 essentiam
2671 4389 2983 4455 declarans,
3021 4391 3115 4447 sed
3148 4394 3293 4461 quod
3340 4392 3523 4448 Patris

1933 4478 2156 4531 verbum
2189 4479 2438 4543 audiens,
2475 4480 2633 4536 nobis
2666 4480 2717 4536 id
2750 4482 3058 4548 annuntiet,
3089 4483 3317 4538 observa
3359 4485 3522 4539 etiam

1935 4568 1988 4623 in
2019 4569 2142 4625 aliis
2175 4571 2421 4626 eamdem
2458 4573 2721 4628 rationem
2746 4582 2800 4629 et
2817 4575 3284 4644 consequentiam,
3311 4584 3370 4629 ut
3400 4591 3524 4645 gra-

246 4651 592 4715 ἀκολουθίαν,
634 4651 721 4705 ἵνα
746 4651 841 4705 καὶ
877 4652 1139 4722 μειζόνως
1173 4654 1580 4725 ἀσχημονήσῃς.
1618 4656 1681 4707 Et
1718 4656 1826 4726 γὰρ

1940 4659 2055 4713 vius
2116 4665 2463 4731 apertiusque
2508 4664 2813 4733 delinquas.
2860 4661 2997 4717 Nam
3052 4665 3098 4719 si
3153 4665 3387 4721 Verbum
3438 4674 3524 4722 est

244 4745 422 4815 Λόγος
454 4745 602 4797 ἐστὶν
622 4783 639 4810 ,
684 4744 768 4797 ὅτι
813 4743 972 4813 λόγον
1022 4744 1278 4815 ἀκήκοεν,
1329 4748 1624 4816 ἀναγκαῖον
1662 4749 1828 4800 εἰπεῖν

1940 4754 2064 4823 quia
2098 4754 2322 4808 verbum
2366 4753 2592 4819 audivit,
2635 4756 3001 4811 necessarium
3037 4765 3120 4811 est
3143 4758 3308 4813 etiam
3348 4759 3523 4829 ipsum

244 4834 325 4891 ὅτι
358 4836 457 4890 καὶ
483 4830 799 4905 δικαιοσῦνη
844 4836 939 4888 καὶ⁵
976 4835 1250 4907 ἁγιασμὸς
1291 4839 1463 4901 ἐστιν,
1512 4837 1587 4902 ὼς
1621 4838 1831 4892 δικαιο-

1935 4861 2060 4902 esse
2097 4847 2365 4915 justitiam
2407 4855 2460 4902 et
2518 4847 3007 4903 sanctiﬁcatiouem
3045 4850 3171 4920 quia
3205 4851 3429 4921 justitia:
3467 4862 3526 4907 et

247 4925 419 4997 σύνης
464 4926 561 4979 καὶ
608 4925 884 4995 ἁγιασμοῦ
934 4927 1185 4997 μέτοχος,
1234 4930 1327 4983 καὶ
1370 4930 1432 4984 οὐ
1480 4930 1625 4983 κατὰ
1669 4930 1828 5001 φύσιν

1940 4937 2387 4993 sanctiﬁcationis
2411 4945 2495 4993 est
2526 4940 2823 5009 particeps,
2854 4955 2959 4993 non
2988 4950 3168 4995 autem
3205 4941 3535 4999 naturaliter

245 5015 419 5071 ταῦτα
446 5015 725 5085 ὑπάρχων.
756 5016 839 5068 Τὰ
879 5016 936 5069 δὲ
965 5018 1042 5088 μὴ
1075 5018 1217 5071 κατὰ
1256 5018 1419 5087 φύσιν
1454 5020 1729 5090 προσόντα
1758 5038 1832 5074 τι·

247 5110 356 5177 σὶν,
386 5109 503 5164 ἀλλ’
535 5108 734 5176 ἔξωθεν
772 5110 1126 5179 ὲπιγεγονότα
1146 5153 1160 5177 ,
1215 5112 1410 5185 ῥαδίως
1443 5116 1832 5185 ἀποσυμϐήσε-

246 5219 358 5257 ται.
400 5202 510 5256 Καί
557 5218 689 5255 ποτε
733 5200 1083 5274 δικαιοσύνης
1122 5206 1217 5257 καὶ
1275 5206 1551 5273 ἀγιασμοῦ
1593 5208 1831 5280 ἔρημος,

1933 5029 1984 5083 id
2014 5044 2157 5085 esse.
2193 5029 2325 5095 Quae
2351 5043 2481 5083 vero
2512 5043 2617 5083 non
2650 5030 2971 5086 naturaliter
2996 5030 3157 5086 alicui
3194 5032 3399 5096 insunt,
3428 5032 3522 5087 sed

1929 5119 2267 5174 extrinsecus
2292 5119 2573 5185 accidunt,
2600 5119 2761 5176 facile
2785 5124 2948 5176 etiam
2977 5132 3202 5191 possunt
3237 5137 3345 5177 non
3376 5124 3523 5177 acci-

1927 5209 2076 5264 dere.
2102 5210 2277 5280 Atque
2294 5210 2367 5264 ita
2403 5210 2716 5281 aliquando,
2738 5210 2897 5282 juxta
2922 5223 3159 5268 vestram
3183 5215 3520 5283 Opinionem,

245 5291 369 5347 καθ’
404 5292 573 5362 ὑμᾶς,
596 5293 627 5346 ό
655 5290 752 5345 τοῦ
778 5291 915 5345 Θεοῦ
948 5293 1121 5361 Λόγος
1158 5298 1427 5363 φανεῖται,
1459 5299 1488 5349 ὁ
1515 5296 1709 5365 λέγων·
1730 5316 1747 5349 ι
1772 5298 1828 5351 ’0

1940 5301 2136 5367 iustitia
2158 5311 2214 5356 et
2237 5300 2668 5357 sanctiﬁcatione
2717 5314 2952 5358 vacuum
2987 5305 3094 5359 erit
3121 5305 3213 5359 Dei
3248 5303 3514 5371 Verbum,

246 5380 509 5454 ἑωρακὼς
554 5380 697 5453 ipse,
741 5380 956 5454 ἑώρακε
1016 5383 1110 5438 τὸν
1161 5385 1403 5469 ῌατέρα.
1440 5405 1459 5438 ι
1510 5389 1827 5458 Φθανούσης

245 5472 538 5545 τοιγαροῦν
604 5475 701 5527 καὶ
755 5476 834 5539 είς
890 5475 1054 5529 αὑτὸν
1118 5476 1217 5548 ήδη
1274 5477 1367 5531 τὸν
1438 5480 1661 5551 Πατέρα
1727 5485 1826 5551 τῆς

245 5565 560 5637 δυσφημίας
579 5605 594 5632 ,
632 5567 999 5637 παραιτητέον
1035 5566 1144 5621 τῶν
1187 5570 1575 5641 χριστομάχων
1604 5572 1703 5642 τὴν
1729 5591 1824 5627 κα-

247 5656 481 5712 κόνοιαν.

1932 5392 2075 5460 quod
2100 5392 2167 5448 de
2190 5408 2249 5449 se
2270 5394 2431 5449 dicit:
2460 5412 2479 5445 ι
2508 5393 2608 5459 Qui
2636 5388 2775 5449 vidit'
2796 5409 2902 5459 me,
2927 5395 3131 5451 viditet
3159 5395 3377 5451 Patrem
3402 5396 3466 5451 ".
3498 5417 3518 5450 ι

1931 5480 2066 5535 Cum
2103 5482 2266 5553 igitur
2290 5483 2359 5538 ad
2387 5482 2609 5540 Patrem
2641 5485 2816 5555 ipsum
2843 5485 2959 5542 haec
2987 5487 3320 5556 blasphemia
3349 5488 3525 5558 perti-

1932 5583 2078 5638 neat,
2112 5574 2427 5629 detestanda
2469 5576 2664 5634 merito
2695 5584 2779 5644 est
2824 5576 2941 5633 hac
2996 5577 3249 5633 immanis
3285 5579 3523 5636 hostium

1929 5665 2005 5720 Cb
2016 5666 2129 5721 risti
2152 5670 2499 5737 perversitas.

281 5835 325 5869 “
356 5835 498 5893 Psal.
539 5850 731 5903 Lxxxl,
765 5834 828 5903 6;
860 5834 1014 5891 Joan.
1048 5850 1101 5905 'x,
1134 5837 1221 5892 54.
1302 5839 1347 5870 ⁸⁸
1376 5837 1531 5894 Joan.
1566 5857 1672 5907 xiv,
1705 5842 1757 5899 6.
1837 5843 1879 5875 ⁸⁷
1909 5841 2062 5898 Jnan.
2098 5859 2205 5909 xiv,
2237 5847 2290 5901 9.
