3994 6324
529 443 628 501 327

1174 546 1417 602 ALIUD.

590 671 669 726 Ne
698 668 870 723 sacris
907 663 1203 733 Scripturis
1257 660 1425 729 legem
1476 657 1739 724 imponas,
1776 649 2029 705 heretice
2071 666 2082 698 :

523 776 678 817 nemo
712 775 839 814 vero
874 760 942 811 ita
990 761 1181 809 emota:
1214 751 1408 805 mentis
1446 747 1665 809 eritgxm
1702 757 1821 797 cum
1860 738 2089 808 Spiritus

522 861 744 908 sanctus
795 849 896 903 alia
945 844 1197 917 praadicet
1241 840 1307 894 de
1356 836 1525 900 Filio,
1582 833 1689 886 tuis
1743 827 2090 884 cavillatoriis

520 915 1146 1011 expositionibuspotius
1175 941 1333 998 quam
1367 925 1440 979 illi
1474 924 1629 977 ﬁdem
1658 919 1925 974 adhibeat.
1962 915 2087 983 Spi-

522 1008 660 1087 ritus
710 1032 873 1100 igitur
916 1032 1134 1079 sanctus
1171 1016 1401 1089 appellat
1447 1014 1643 1070 Filium
1694 1008 1922 1064 Verbum
1971 1024 1985 1059 :
2034 1015 2085 1058 tu

520 1137 652 1178 vero
686 1097 787 1174 non
833 1118 1084 1178 Verbum,
1118 1113 1209 1166 sed
1238 1107 1396 1162 Verbi
1430 1104 1743 1174 participem
1776 1114 1897 1153 eum
1933 1097 2084 1149 facis.

520 1213 653 1267 Nam
702 1212 744 1265 si
791 1209 991 1263 idcirco
1019 1206 1189 1277 ipsum
1225 1198 1359 1254 dicis
1390 1204 1638 1249 vocatum
1674 1190 1931 1254 Verbum,
1962 1188 2084 1255 quia

520 1307 572 1359 id
605 1304 745 1373 quod
801 1300 948 1354 audit
988 1313 1015 1350 a
1064 1295 1242 1358 Patre,
1286 1289 1441 1343 nobis
1486 1284 1789 1346 annuntiat,
1822 1279 2087 1348 quomodo

520 1412 624 1450 non
649 1394 881 1447 delirare
910 1383 1221 1444 censearis?
1247 1381 1345 1447 Qui
1378 1378 1521 1431 enim
1552 1376 1670 1429 talis
1703 1381 1803 1435 est,
1840 1385 1942 1426 non
1970 1384 2086 1421 am-

517 1486 656 1555 plius
688 1482 944 1544 Verbum,
976 1478 1068 1532 sed
1105 1474 1260 1529 Verbi
1287 1471 1553 1540 particeps
1588 1476 1669 1519 est
1696 1483 1708 1516 :
1751 1478 1920 1531 neque
1942 1460 2085 1514 enim

521 1553 661 1629 idem
690 1588 785 1643 per
814 1586 872 1624 se
898 1570 1058 1628 fuerit
1084 1565 1351 1635 particeps
1379 1570 1431 1616 et
1462 1558 1859 1627 participatum.
1896 1553 2088 1605 Exem-

518 1666 590 1735 pli
642 1664 836 1734 gratia,
894 1660 1039 1714 aliud
1088 1670 1171 1712 est
1214 1653 1497 1723 sapientia,
1550 1648 1692 1703 aliud
1736 1646 1951 1713 sapiens
1997 1643 2086 1710 qui

518 1733 795 1827 sapientia:
843 1752 1111 1823 particeps
1160 1757 1271 1811 est;
1328 1743 1475 1797 aliud
1529 1738 1904 1810 grammatica,
1944 1733 2087 1789 aliud

518 1845 904 1915 grammaticus
936 1857 950 1894 :
1001 1841 1229 1895 alterum
1266 1840 1408 1890 enim
1441 1844 1525 1887 cst
1558 1846 1641 1885 res
1679 1832 1814 1897 ipsa,
1859 1829 2085 1882 alterum

516 1937 606 2006 qui
649 1936 723 1989 rei
766 1934 905 1987 illius
939 1932 1214 2001 particeps
1250 1936 1352 1981 est.
1386 1921 1760 1978 Necessarium
1796 1918 1957 1987 igitur
1985 1924 2087 1979 est,

517 2037 611 2081 aut
635 2026 870 2079 Verbum
918 2036 1045 2076 esse
1092 2020 1272 2080 fateri,
1304 2026 1359 2070 et
1405 2030 1509 2069 non
1547 2012 1704 2067 Vethi
1732 2010 2043 2079 participem
2076 2026 2088 2060 :

519 2127 614 2170 aut
640 2118 684 2170 si
715 2114 984 2183 particeps
1011 2122 1091 2167 est
1128 2110 1310 2170 Verbi,
1342 2122 1446 2163 non
1480 2106 1581 2172 iam
1618 2103 1847 2157 Verbum
1878 2112 2088 2153 vocare.

520 2206 651 2260 Nam
683 2214 970 2271 utrumque
1015 2201 1175 2255 simul
1218 2206 1460 2265 reSpectu
1505 2192 1586 2248 sui
1633 2193 1805 2260 ipsius
1830 2203 1949 2243 esse
1986 2203 2089 2241 non

518 2306 714 2367 potest.
774 2296 1041 2361 Planeque
1097 2304 1314 2344 necesse
1375 2296 1477 2348 est,
1538 2294 1592 2337 ut
1639 2282 1805 2335 Filius
1863 2282 2089 2333 alterum

518 2391 709 2444 horum
744 2387 814 2440 sit
860 2403 875 2437 :
904 2390 1193 2450 utrumque
1225 2394 1352 2433 vero
1394 2388 1753 2443 nequaquam.
1797 2370 1931 2424 Cdm
1965 2382 2091 2422 vero

516 2479 701 2532 divina
743 2476 1023 2542 Scriptura
1062 2474 1230 2541 ipsum
1284 2466 1513 2539 appellet
1560 2464 1830 2527 Verbum,
1876 2458 2089 2513 valeant

522 2569 604 2623 illi
646 2569 734 2635 qui
774 2567 945 2636 ipsum
990 2577 1094 2616 non
1138 2560 1397 2621 Verbum,
1430 2556 1522 2611 sed
1573 2553 1729 2608 Verbi
1777 2552 2089 2621 participem

515 2675 643 2715 esse
680 2658 885 2713 volunt.

872 2726 1449 2879 ASSEnTto
1521 2775 1734 2861 xx.

524 2932 683 3005 19‘
725 2932 817 3005 In_
834 2930 973 3005 illud
1000 2945 1025 3005 :_
1057 2946 1075 2979 ι
1103 2924 1363 3005 Sustinuit
1397 2916 1923 3005 crueent‘ig'trominiq
1952 2931 2090 3005 1:0th:

590 2985 779 3071 't'e-u'tpta
807 3000 877 3063 ”,
924 2999 1116 3071 idcirco
1141 3006 1188 3049 et
1215 2994 1355 3048 Deut
1381 2989 1624 3044 exultavit
1658 2987 1829 3071 illum,
1870 2995 1916 3037 et
1947 2985 2089 3039 dedit

671 3054 878 3132 nomen,
910 3066 1047 3138 quod
1074 3075 1148 3119 est
1172 3078 1327 3131 super
1354 3075 1502 3114 omne
1525 3072 1708 3112 nomen
1737 3054 1801 3106 δ’.
1837 3072 1855 3105 ι

976 3175 1205 3245 Objectio
1251 3170 1630 3226 hereticorum.

591 3292 866 3361 Scriptum
900 3297 1001 3355 est,
1038 3287 1293 3355 inquiunt
1322 3300 1335 3335 :
1375 3299 1395 3333 ι
1423 3280 1664 3349 Cogitate
1690 3277 1793 3333 hoc
1821 3276 2010 3345 singuli
2036 3275 2087 3329 in

523 3380 695 3443 vobis,
728 3378 940 3442 fratres,
960 3374 1098 3443 quod
1115 3382 1168 3427 et
1198 3372 1251 3425 in
1282 3369 1499 3425 Christo
1520 3366 1662 3431 Jesu,
1687 3367 1775 3435 qui
1800 3381 1919 3419 cum
1950 3373 2091 3419 esset

527 3470 581 3525 in
616 3469 785 3523 forma
824 3466 936 3529 Dei,
976 3479 1079 3517 non
1122 3462 1361 3530 rapinam
1410 3460 1707 3515 arbitratus
1752 3466 1835 3510 est
1869 3470 1929 3509 se
1969 3469 2092 3509 esse

526 3559 782 3629 aqualem
812 3556 955 3619 Deo;
994 3574 1010 3605 ι
1044 3566 1213 3619 usque
1242 3566 1307 3605 eo
1333 3565 1347 3603 :
1384 3568 1401 3600 ‹
1432 3548 1555 3603 Ideo
1581 3556 1637 3602 et
1672 3548 1809 3601 Deus
1837 3544 2094 3601 exaltavit

525 3651 697 3713 illum,
726 3659 779 3702 et
808 3647 953 3701 dedit
992 3645 1040 3699 ei
1086 3644 1281 3697 nomen
1321 3639 1463 3709 quod
1495 3649 1579 3693 est
1612 3653 1771 3707 super
1808 3651 1966 3692 omne
1996 3649 2093 3689 noo

526 3759 647 3799 men
666 3742 735 3795 ".
758 3758 775 3793 ι
794 3740 857 3795 Si
886 3752 1013 3808 ergo
1036 3736 1301 3793 exaltatus
1324 3740 1410 3787 est
1437 3747 1467 3785 a
1502 3729 1631 3794 Deo,
1660 3737 1713 3784 et
1738 3728 2089 3798 gloriﬁcatus,

526 3848 591 3888 ac
618 3830 778 3886 veluti
833 3844 926 3897 per
969 3827 1196 3897 gratiam
1246 3823 1449 3891 accepit
1482 3834 1672 3874 nomen
1723 3832 1886 3887 super
1927 3830 2092 3872 omne

526 3936 747 3984 nomen,
777 3919 900 3987 quia
947 3916 1247 3971 ltumiliavit
1273 3914 1506 3981 seipsum
1529 3924 1698 3978 usque
1733 3910 1798 3963 ad
1834 3916 2090 3961 mortem:

525 4025 655 4081 ergo
685 4011 943 4062 honorem
971 4006 1111 4059 hunc
1130 4014 1184 4059 et
1207 4018 1398 4057 nomen
1418 4015 1575 4069 super
1591 3999 1770 4054 omnia
1794 3997 2092 4051 mercedem

528 4116 641 4157 sua:
670 4098 993 4153 humilitatis
1020 4096 1247 4164 accepit,
1283 4108 1388 4147 non
1423 4103 1615 4145 natura
1660 4090 1927 4143 exsistens
1955 4087 2095 4141 Deus

528 4199 620 4245 aut
650 4188 837 4253 Filius,
883 4186 977 4241 sed
1024 4183 1335 4240 accessione
1364 4182 1597 4252 quadam
1646 4180 1695 4233 id
1742 4177 1982 4232 effectus.
2038 4177 2093 4230 id

526 4296 659 4338 vero
684 4280 827 4349 quod
855 4278 1154 4346 adiectione
1184 4276 1363 4345 aliqua
1395 4281 1534 4342 eget,
1578 4268 1953 4339 imperfectum
1990 4278 2093 4332 est,

528 4384 704 4441 neque
735 4371 787 4423 in
822 4382 918 4423 sua
948 4377 1140 4420 natura
1173 4366 1472 4421 absolutum
1502 4373 1667 4432 atque
1704 4362 2010 4429 integrum;
2042 4370 2096 4416 et

530 4460 675 4532 quod
701 4467 997 4513 exaltatum
1034 4457 1321 4523 aliquando
1355 4454 1473 4518 fuit,
1503 4467 1723 4507 necesse
1747 4462 1832 4507 est
1858 4466 1922 4505 ex
1956 4452 2092 4505 infe-

1538 425 1599 478 S.
1644 418 1919 477 CVRILLI
1955 409 2416 470 ALEXANDBINI
2460 407 2773 464 ARClllEP.

3643 400 3755 457 328

2862 522 3062 575 ΑΛΛΟ.

2259 646 2371 699 Οὐκ
2398 639 2893 711 ἐπινομοθετήσεις,
2943 628 2988 688 ὦ
3035 631 3387 704 χριστομάχε,
3425 631 3538 692 ταῖς
3578 627 3756 692 θείαις

2194 738 2433 808 Γραφαϊς
2454 750 2467 765 ·
2517 732 2625 786 οὐδ’
2655 732 2720 784 ἂν
2747 727 2955 797 γένοιτό
2994 742 3077 787 τις
3108 724 3326 794 ἔκφρων
3364 719 3638 782 τοσοῦτον.
3678 720 3759 782 ὡς

2188 830 2353 898 ἕτερα
2385 827 2633 894 λέγοντος
2661 822 2754 875 τοῦ
2786 820 2930 876 θείου
2968 816 3278 887 Πνεῦματος
3311 812 3438 883 περὶ
3469 810 3564 865 τοῦ
3597 810 3758 872 Υἱοῦ,

2188 921 2299 981 τοῖς
2333 920 2441 981 σοῖς
2485 914 2763 968 πείθεσθαι
2792 911 2963 974 νόθοις
2989 909 3284 977 σοφίσμασι
3312 904 3530 975 μᾶλλον,
3550 902 3647 955 καὶ
3679 900 3761 972 μὴ

2188 1010 2379 1079 ἑκείνῳ
2427 1006 2738 1078 προσέχειν.
2802 1003 2972 1069 Λόγον
3017 996 3304 1068 τοιγαροῦν
3359 994 3611 1063 ὀνομάζει
3661 993 3759 1045 τὸν

2189 1098 2317 1152 Υίὸν
2350 1098 2409 1150 τὸ
2440 1097 2663 1165 Πνεῦμα
2687 1094 2747 1147 τὸ
2771 1093 2923 1161 ἅγιον
2944 1106 2957 1119 ·
3002 1088 3160 1151 αὐτὸς
3191 1088 3246 1140 δὲ
3279 1087 3339 1138 οὐ
3365 1085 3534 1152 Λόγον
3565 1082 3758 1151 εἰσφέ-

2189 1207 2325 1259 ρεις,
2354 1188 2490 1241 ἀλλὰ
2528 1188 2701 1253 Λόγου
2737 1184 2980 1253 μέτοχον.
3010 1181 3073 1233 Et
3104 1178 3211 1248 γὰρ
3242 1177 3329 1231 διὰ
3354 1175 3512 1229 τοῦτο
3556 1173 3763 1242 κεκλῆ-

2190 1280 2311 1332 σθαι
2361 1279 2463 1346 φὴς
2514 1277 2674 1329 αὐτὸν
2723 1275 2914 1341 Λόγον,
2970 1271 3265 1339 ἐπειδήπερ
3313 1268 3471 1333 λόγον
3513 1264 3762 1325 ἀκούσας

2188 1366 2338 1437 παρὰ
2370 1364 2461 1419 τοῦ
2494 1365 2725 1435 Πατρὸς,
2761 1364 2946 1416 τοῦτον
2988 1363 3066 1424 εἰς
3096 1361 3243 1430 ἡμᾶς
3285 1356 3588 1428 ἐξήγγειλε,
3636 1353 3759 1415 πῶς

2184 1460 2287 1528 οὐχ
2313 1456 2585 1528 εὑρεθήσῃ
2616 1454 2795 1524 ληρῶν
2817 1473 2830 1519 ;
2849 1455 2908 1507 '0
2928 1453 3037 1523 γὰρ
3067 1451 3308 1512 τοιοῦτος
3356 1448 3539 1502 οὐκέτι
3580 1444 3761 1511 Λόγος

2188 1552 2357 1613 ἐστὶν,
2406 1548 2543 1602 ἀλλὰ
2584 1547 2757 1613 Λόγου
2808 1546 3058 1616 μέτοχος-
3100 1542 3160 1593 οὑ
3201 1539 3309 1610 γὰρ
3343 1539 3408 1593 ἂν
3441 1538 3526 1608 εἴη
3557 1532 3761 1589 ταυτὸν

2186 1641 2263 1705 ὡς
2295 1642 2429 1711 πρὸς
2463 1639 2618 1694 ἑαυτὸ
2650 1639 2712 1691 τὸ
2765 1637 2986 1707 μέτοχόν
3032 1651 3176 1696 τινος
3226 1633 3320 1687 καὶ
3374 1630 3757 1701 μετεχόμενον.

2190 1733 2313 1789 Οίον
2362 1735 2493 1805 φέρε
2525 1735 2719 1797 εἰπεῖν,
2768 1731 2800 1800 ἡ
2836 1728 2998 1797 σοφία
3033 1727 3169 1797 πρὸς
3197 1726 3286 1778 τὸν
3318 1724 3478 1791 σοῳὸν
3506 1722 3597 1774 τὸν
3630 1735 3762 1789 μετ-

2190 1827 2380 1895 έχοντα
2424 1823 2591 1891 αὑτῆς
2615 1862 2629 1885 ,
2665 1820 2783 1873 οὐδὲ
2812 1822 2844 1889 ἡ
2884 1816 3241 1889 γραμματικὴ
3277 1813 3413 1883 πρὸς
3451 1810 3542 1864 τὸν
3571 1826 3761 1879 γραμ-

2197 1915 2421 1987 ματικὸν
2453 1915 2541 1981 τὸν
2568 1912 2863 1983 μετέχοντα
2888 1907 3309 1978 αὑτῆς.Ἒτερον
3326 1904 3430 1971 γάρ
3456 1920 3507 1954 τι
3529 1903 3763 1970 πρᾶγμα

2194 2008 2285 2059 καὶ
2314 2006 2498 2075 ἕτερόν
2530 2005 2695 2055 ἐστιν.
2737 2001 2972 2069 Ἀνάγκη
3001 1998 3178 2056 τοίνυν
3207 1996 3238 2065 ἢ
3271 1995 3440 2060 Λόγον
3476 1990 3762 2061 ὁμολογεῖν

2194 2097 2285 2149 καὶ
2314 2098 2374 2148 οὐ
2403 2096 2574 2163 Λόγου
2617 2092 2839 2164 μέτοχον
2860 2108 2871 2119 ·
2908 2091 2939 2160 ἦ
2975 2091 3022 2142 εί
3062 2088 3277 2160 μετέχει
3311 2086 3482 2152 Λόγου
3504 2124 3519 2147 ,
3562 2081 3763 2151 μηκέτι

2194 2190 2363 2255 Λόγον
2406 2184 2712 2254 ὀνομάζειν.
2770 2182 3005 2250 ’Λναιρεῖ
3044 2179 3153 2249 γὰρ
3199 2177 3353 2229 τοῦτο
3399 2177 3593 2227 έκεῖνο.
3651 2170 3766 2223 Καὶ

2182 2278 2380 2344 ἐκείνῳ
2410 2275 2567 2328 τοῦτο
2602 2274 2854 2344 μάχεται,
2907 2272 2998 2324 καὶ
3024 2269 3102 2320 δεῖ
3133 2268 3344 2327 πάντως
3378 2264 3435 2316 ἓν
3461 2280 3512 2315 τι
3545 2261 3655 2313 τῶν
3686 2262 3767 2310 εἰ·

2197 2368 2444 2439 ρημένων
2490 2367 2755 2434 ὑπάρχειν
2782 2363 2873 2415 τὸν
2902 2360 3028 2415 Υίόν
3052 2377 3063 2388 ·
3092 2357 3375 2427 ἀμφότερα
3404 2354 3459 2405 δὲ
3484 2351 3761 2421 οὐδαμῶς.

2193 2458 2364 2524 Λόγον
2394 2456 2449 2508 δὲ
2482 2452 2642 2508 αὐτὸν
2670 2451 3042 2524 ὀνομαζούσης
3072 2451 3168 2517 τῆς
3204 2447 3350 2509 θείας
3386 2444 3635 2515 Γραφῆς,
3667 2444 3763 2511 ιρ-

2192 2546 2397 2615 ρὧθαι
2424 2545 2721 2615 φράσωμεν
2746 2542 2966 2605 εἰκότως
2995 2542 3105 2602 τοῖς
3135 2539 3478 2608 εἰσφέρουσιν
3514 2534 3676 2589 αὑτὸν
3699 2533 3761 2584 οὐ

2191 2640 2385 2707 Λόγον,
2418 2636 2554 2691 ἀλλὰ
2579 2637 2749 2706 Λόγου
2780 2635 3025 2706 μέτοχον.

2697 2756 3060 2843 ΛΟΓΟΣ
3135 2752 3255 2838 K'.

2191 2914 2293 2977 Εἰς
2326 2913 2413 2984 τὸ,
2445 2932 2463 2965 ι
2507 2912 2801 2984 Ὑπέμεινε
2830 2912 3094 2982 σταυρὸν
3130 2911 3428 2984 αἰσχύνης
3464 2920 3763 2984 καταφροτ

2261 2974 2490 3048 “Mode,
2533 2974 2763 3037 6td'xai
2798 2986 2829 3036 ὀ
2863 2974 3004 3048 ego;
3031 2982 3215 3035 αὑτὸν
3237 2974 3629 3048 ὖπερύψωᾳε,
3664 2974 3764 3026 καὶ

2263 3045 2581 3121 ἐχαρίσατο
2602 3053 2761 3118 αὐτῷ
2785 3053 2852 3106 τὸ
2881 3045 3065 3120 ὄνομα
3095 3052 3158 3104 τὸ
3186 3050 3336 3116 ὑπὲρ
3361 3045 3493 3100 πᾶν
3515 3046 3723 3113 ὄνομα.
3739 3062 3757 3094 ι

2434 3165 2750 3230 Ἀντίθεσις
2778 3165 2857 3230 ὠς
2876 3164 2944 3218 ἐκ
2976 3162 3093 3218 τῶν
3116 3163 3190 3217 δι’
3225 3160 3523 3225 ἐναντίας.

2268 3274 2600 3345 Γέγραπται,
2654 3274 2844 3342 φασίν·
2884 3275 3181 3327 (Ἕκαστοι
3214 3270 3370 3324 τοῦτο
3419 3267 3663 3339 φρονεῖτε
3704 3264 3765 3317 ὲν

2199 3367 2346 3436 ὑμῖν,
2387 3367 2415 3418 ὃ
2450 3368 2542 3419 καὶ
2586 3370 2642 3421 ὲν
2673 3366 2894 3439 Χριστῷ
2951 3364 3156 3435 Ἰησοῦ,
3203 3363 3259 3427 ὃς
3300 3364 3358 3414 ὲν
3412 3361 3591 3430 μορφῇ
3622 3355 3763 3409 Θεοῦ

2199 3457 2479 3528 ὑπάρχων,
2507 3459 2602 3527 οὐχ
2633 3458 2924 3529 ἁρπαγμὸν
2957 3457 3198 3527 ἡγήσατο
3218 3454 3277 3505 τὸ
3306 3450 3443 3505 εἶναι
3473 3452 3561 3503 ίσα
3584 3447 3760 3517 Θεῷοι

2198 3548 2301 3611 ἕως
2353 3548 2468 3612 τοῦ,
2525 3567 2545 3601 ι
2574 3550 2664 3604 Διὸ
2697 3550 2791 3602 καὶ
2834 3552 2863 3601 ὁ
2904 3547 3033 3610 Θεὸς
3064 3546 3225 3600 αὑτὸν
3261 3541 3621 3613 ὑπερύψωσε,
3667 3539 3765 3590 καὶ

2198 3639 2486 3709 ἐχαρίσατο
2540 3639 2688 3710 αὑτῷ
2738 3640 2908 3710 ὅνομα
2959 3637 3020 3690 τὸ
3065 3638 3204 3706 ὑπὲρ
3255 3636 3363 3688 πᾶν
3405 3632 3593 3703 ὄνομα.
3631 3650 3649 3681 ι
3699 3630 3765 3681 Εἰ

2197 3733 2374 3791 τοίνυν
2401 3731 2588 3803 ὑψώθη
2622 3730 2773 3803 παρὰ
2792 3730 2885 3785 τοῦ
2913 3728 3070 3791 Θεοῦ,
3102 3730 3196 3782 καὶ
3227 3723 3487 3793 ἐδοξάσθη
3509 3764 3524 3789 ,
3557 3722 3651 3775 καὶ
3689 3721 3767 3783 ὡς

2200 3824 2258 3876 ὲν
2308 3823 2645 3894 χαρίσματος
2685 3822 2839 3893 μέρει
2884 3821 3009 3891 ἔσχε
3059 3819 3119 3872 τὸ
3163 3819 3334 3887 ὄνομα
3369 3814 3430 3867 τὸ
3470 3812 3610 3883 ὑπὲρ
3651 3811 3767 3864 πᾶν

2200 3912 2388 3981 ὖνομα,
2435 3914 2517 3965 ὅτι
2562 3912 2922 3967 ἐταπείνωσεν
2954 3910 3146 3965 ἑαυτὸν
3182 3909 3341 3979 μέχρι
3370 3904 3600 3959 θανάτου
3622 3941 3636 3965 ,
3677 3920 3768 3972 μι-

2201 4003 2324 4056 σθὸν
2350 4002 2461 4073 ἔχει
2494 4002 2594 4072 τῆς
2620 4002 2997 4063 ταπεινώσεως
3036 3999 3135 4068 τὴν
3171 3996 3336 4067 τιμὴν
3373 3994 3468 4048 καὶ
3503 3993 3563 4046 τὸ
3592 3993 3765 4062 ὄνομα

2197 4093 2257 4145 τὸ
2303 4093 2443 4163 ὑπὲρ
2484 4094 2694 4148 πάντα·
2735 4093 2795 4145 οὐ
2825 4092 2984 4159 φύσει
3031 4089 3162 4151 Θεὸς
3190 4087 3265 4141 ὣν
3303 4088 3335 4157 ἢ
3377 4085 3525 4148 Υἱὸς,
3553 4082 3668 4137 ἀλλ’
3700 4084 3765 4134 ὲκ

2197 4182 2516 4253 προσθήκης
2544 4181 2716 4235 ταῦτα
2748 4181 3060 4250 γενόμενος.
3106 4178 3179 4231 Τὸ
3212 4178 3268 4231 δὲ
3304 4175 3617 4248 προσθήκης
3644 4174 3763 4226 δεό-

2202 4288 2379 4341 μενον,
2414 4271 2602 4334 ἀτελὲς
2631 4271 2697 4325 ἂν
2730 4270 2815 4341 εἴη
2864 4271 2956 4323 καὶ
3000 4268 3215 4333 ἐλλιπὲς
3261 4268 3383 4320 ὅσον
3423 4267 3501 4327 είς
3549 4266 3654 4335 τὴν
3682 4266 3764 4318 ol-

2198 4363 2352 4418 κείαν
2375 4362 2553 4431 φύσιν.
2577 4365 2689 4417 Καὶ
2708 4365 2768 4417 τὸ
2798 4362 3098 4434 ὑψούμενόν
3128 4377 3252 4425 που,
3274 4358 3518 4413 κάτωθεν
3545 4358 3764 4426 ἀνάγκη

2199 4452 2335 4523 πρὸς
2368 4452 2523 4505 τοῦτο
2557 4452 2879 4523 ἐπαίρεσθαι
2899 4467 2911 4479 ⁸
2945 4450 3122 4504 καὶτὸ
3152 4450 3310 4520 χάριν
3338 4448 3625 4517 δεχόμενον
3656 4446 3766 4500 δεῖ·

530 4551 675 4605 riore
702 4558 842 4603 statu
873 4562 938 4601 eo
963 4546 1233 4601 sublatum
1262 4558 1377 4599 esse
1411 4562 1425 4597 :
1458 4552 1511 4597 et
1536 4544 1675 4612 quod
1699 4542 1925 4611 gratiam
1954 4543 2090 4596 acci-

2206 4542 2325 4595 σθαι
2352 4541 2457 4613 χρὴ
2488 4542 2705 4606 πάντως
2736 4536 2796 4595 οὗ
2836 4542 3081 4611 δέχεταιο
3131 4540 3225 4593 καὶ
3276 4538 3336 4590 τὸ
3375 4535 3637 4606 τιμᾶσθαι
3669 4535 3766 4605 ζη-

529 4642 632 4715 pit,
676 4654 738 4694 ea
791 4639 1010 4691 omnino
1058 4637 1297 4706 indigeat
1344 4651 1359 4689 :
1406 4644 1459 4687 et
1492 4635 1582 4701 qui
1631 4634 1883 4686 honorari
1932 4634 2097 4702 cupit,

528 4740 742 4801 oportet
778 4738 837 4783 ut
882 4729 1005 4781 talis
1047 4742 1156 4780 non
1192 4726 1372 4789 luerit,
1419 4725 1591 4793 quali;
1618 4739 1735 4778 esse
1760 4724 1997 4794 optabat.
2042 4723 2100 4776 Si

532 4835 663 4889 ergo
694 4821 873 4874 datum
909 4827 992 4872 est
1020 4817 1094 4871 illi
1124 4831 1316 4871 nomen
1347 4830 1507 4884 super
1528 4830 1688 4869 omne
1713 4829 1924 4877 nomen,
1953 4823 2099 4867 certe

532 4927 597 4966 ex
631 4919 819 4966 natura
846 4924 940 4962 sua
972 4908 1073 4961 hoc
1108 4923 1211 4961 non
1237 4916 1375 4971 erat,
1421 4907 1512 4961 sed
1542 4905 1822 4975 postmodo
1848 4919 1943 4971 per
1976 4918 2098 4971 gra-

535 5003 663 5058 tiam
690 5001 794 5054 boe
828 4998 1003 5053 factus
1034 5008 1135 5053 est.
1180 4998 1333 5063 Quod
1375 5012 1499 5050 vero
1534 4998 1606 5049 ita
1647 5010 1706 5051 se
1740 4995 1918 5060 habet,
1953 4992 2094 5048 Deus

534 5106 655 5147 esse
688 5106 791 5145 non
832 5098 1043 5159 potest:
1080 5104 1268 5144 recens
1294 5088 1436 5142 enim
1466 5096 1571 5141 est.

840 5198 1016 5253 Brevis
1047 5198 1200 5267 hujus
1239 5196 1544 5266 objectionis
1577 5195 1786 5249 solutio.

604 5309 915 5376 Qualisnam
958 5324 1082 5364 vero
1116 5309 1353 5364 accessio
1394 5309 1615 5363 honoris
1652 5308 1705 5362 in
1736 5321 1801 5362 eo
1841 5306 1979 5362 facta
2014 5316 2097 5363 est

536 5402 626 5472 qui
658 5416 776 5455 cum
801 5411 943 5454 esset
976 5402 1026 5453 in
1061 5400 1230 5453 forma
1274 5400 1384 5463 Dei,
1428 5401 1568 5453 servi
1607 5399 1831 5453 formam
1880 5398 2095 5455 induit?

538 5496 606 5548 At
633 5494 903 5561 quomodo
932 5507 1036 5546 non
1056 5492 1235 5559 potius
1255 5491 1556 5545 imminutio
1583 5490 1806 5545 dicenda
1834 5499 1935 5555 est,
1972 5505 2094 5545 cum

539 5581 724 5636 relicto
778 5580 998 5649 majore,
1055 5579 1105 5633 id
1158 5581 1297 5649 quod
1347 5580 1523 5634 minus
1576 5589 1660 5635 est
1706 5581 2095 5649 assumpserit?

546 5802 549 5805 .
610 5753 653 5785 ⁸⁸
684 5751 844 5808 Hebr.
879 5768 973 5824 xu,
1000 5754 1053 5810 2.
1129 5754 1172 5787 "
1206 5754 1433 5824 Philipp.
1466 5770 1523 5816 ιι,
1564 5752 1616 5807 9.
1694 5753 1737 5785 '°
1762 5752 1892 5809 lbid.
1925 5753 2039 5808 5-9.

2201 4633 2344 4699 τοῦν,
2369 4636 2467 4708 οὐκ
2492 4630 2632 4689 εἶναι
2670 4633 2909 4688 τοιοῦτον
2938 4634 3148 4701 ἀνάγκη
3177 4631 3374 4697 λέγειν,
3401 4630 3536 4699 ὅπερ
3563 4626 3627 4697 δὴ
3669 4627 3765 4679 καὶ

2200 4724 2449 4792 γενέσθαι
2498 4724 2762 4793 βούλεται.
2802 4723 2863 4775 Εἰ
2890 4717 2981 4775 οὖν
3014 4720 3276 4792 ἐχαρίσθη
3306 4716 3454 4787 αὑτῷ
3496 4717 3557 4769 τὸ
3594 4716 3766 4783 ὄνομα

2202 4815 2262 4866 τὸ
2288 4815 2427 4884 ὑπὲρ
2458 4816 2565 4867 πᾶν
2592 4814 2787 4883 ὄνομα,
2826 4811 2984 4882 φύσει
3013 4811 3112 4882 μὲν
3139 4809 3298 4864 τοῦτο
3322 4809 3421 4861 οὐκ
3448 4803 3535 4877 ἦν,
3569 4806 3765 4873 γέγονε

2201 4904 2257 4958 δὲ
2292 4906 2518 4976 ὕστερον
2548 4905 2687 4957 κατὰ
2738 4903 2895 4973 χάριν
2921 4919 2936 4933 ο
2969 4902 3031 4954 τὸ
3072 4901 3127 4954 δὲ
3165 4899 3338 4964 οὕτως
3370 4898 3512 4968 ἔχον,
3553 4897 3651 4950 οὐκ
3696 4896 3765 4949 ἂν

2200 4995 2287 5066 εἴη
2313 4995 2443 5059 Θεὸς
2462 5033 2475 5059 ,
2504 4994 2814 5065 πρόσφατον
2846 4994 2973 5064 γάρ.

2308 5195 2463 5265 Πρὸς
2504 5196 2686 5250 ταῦτα
2714 5196 2895 5261 λύσις
2931 5190 3151 5263 ἐφεξῆς
3182 5191 3261 5257 ὡς
3288 5191 3356 5243 ἐν
3387 5185 3657 5256 ἐπιτομῇ.

2271 5310 2382 5372 Καὶ,
2413 5308 2539 5361 ποία
2564 5308 2752 5378 γέγονε
2778 5306 3064 5378 προσθήκη
3089 5304 3252 5375 τιμῆς
3285 5301 3361 5372 τῷ
3383 5302 3439 5353 ὲν
3461 5302 3642 5371 μορφῇ
3669 5300 3769 5370 μὲν

2203 5397 2499 5468 ὑπάρχοντι
2525 5398 2681 5461 Θεοῦ,
2710 5396 3052 5466 ὲνδυσαμένῳ
3078 5394 3133 5447 δὲ
3167 5394 3264 5463 τὴν
3292 5391 3384 5444 τοῦ
3417 5389 3607 5442 δούλου
3636 5404 3770 5457 μορ-

2202 5488 2341 5558 φήνς
2371 5488 2493 5552 Πῶς
2521 5488 2578 5541 δὲ
2604 5488 2801 5558 μᾶλλον
2829 5488 2927 5539 οὐκ
2949 5483 3289 5556 ὴλαττῶσθαι
3318 5481 3516 5548 δόξειεν
3540 5480 3629 5541 ἂν,
3648 5478 3677 5521 ἀ
3706 5477 3771 5529 τὺ

2205 5579 2385 5647 μεῖζον
2436 5580 2596 5648 ἀφεὶς
2629 5578 2723 5633 καὶ
2770 5578 2830 5631 τὸ
2881 5576 3099 5631 ἔλαττον
3133 5571 3443 5639 ἁναλαὸών;
3484 5568 3616 5634 Θεὸς
3664 5569 3770 5622 ὑπ-
