3994 6324
216 380 315 438 329

1598 378 2038 439 THESAUBUS.

217 500 394 570 άρχων
420 498 658 567 γέγονεν
681 496 987 566 ἄνθρωπος,
1018 496 1106 549 ῐνα
1127 498 1277 549 ποῖον
1306 495 1446 569 εὕρῃ
1471 496 1698 567 μισθόν;
1726 497 1792 549 ’Π

1905 497 2043 550 Deus
2064 496 2331 550 essistens
2360 494 2537 550 iactus
2555 504 2639 550 est
2666 496 2848 559 homo,
2867 492 3155 562 qualemne
3184 492 3491 548 mercedem

215 588 324 653 ὠς
346 586 619 657 ἐδοξάσθη
646 589 675 641 6
704 587 809 640 ἀπὸ
823 586 981 657 δόξης
1006 589 1086 650 είς
1111 587 1341 657 ἀτιμίαν
1364 586 1793 657 καταϐεϐηκώςς

214 678 332 742 Πῶς
364 679 423 733 δὲ
455 680 687 746 γέγονεν
731 676 932 749 ὑψηλὸς
983 678 1012 730 6
1054 677 1155 747 τῆς
1197 675 1453 747 θεότητος
1483 677 1545 729 τὸ
1578 676 1793 747 ἀξίωμα

216 768 514 841 ὑπεριδὼν,
551 769 646 821 καὶ
683 769 763 832 εἰς
795 767 1194 838 ἀνθρωτυότητα
1235 768 1547 834 κατελθών;
1597 769 1721 833 Πῶς
1766 772 1797 824 6

213 859 510 925 κατελθὼν,
545 860 769 928 γέγονεν
812 858 959 923 dvo);
1007 858 1175 913 Ποίαν
1206 859 1318 929 εχει
1362 859 1643 930 βελτίωσιν
1676 862 1705 914 6
1738 862 1795 913 ἑν

211 950 458 1004 ἐλάττοσι
493 949 738 1019 γεγονὼς
764 948 823 1013 ἐξ
850 949 1183 1019 ἀμεινόνων;
1218 951 1281 1003 Εἰ
1308 950 1441 1013 Θεὸς
1465 950 1541 1003 ῶν
1573 950 1795 1020 ὕψιστος

212 1042 297 1095 καὶ
326 1043 385 1094 ὲν
424 1042 658 1111 ὑψηλοῖς
704 1041 978 1093 κατοικῶν
1029 1039 1294 1109 ὑψοῦσθαι
1336 1041 1577 1110 λέγεται,
1612 1044 1706 1095 ποτ
1739 1041 1795 1095 δὲ

210 1132 286 1187 ιτι
316 1132 462 1203 μετὰ
491 1130 593 1202 τὴν
622 1128 716 1184 τοῦ
741 1129 877 1185 Θεοῦ
903 1128 1067 1199 φύσιν
1102 1129 1437 1199 ἀναϐήσεται
1462 1131 1524 1185 τὸ
1556 1130 1795 1201 ὑψούμε-

210 1207 339 1288 νον
367 1223 497 1287 Πῶς
526 1223 586 1276 δὲ
613 1218 680 1298 ᾖν
708 1224 968 1287 ταπεινὸς
994 1223 1022 1275 6
1044 1224 1104 1278 ἂν
1131 1224 1354 1288 κόλποις
1374 1223 1449 1277 ὢν
1471 1222 1567 1278 τοῦ
1596 1223 1796 1296 ὑψηλο-

208 1317 365 1371 τάτου
399 1315 658 1387 Πατρός;
687 1314 852 1379 Ποίας
879 1315 1199 1386 προσθήκης
1220 1314 1389 1369 εδεῐτο
1419 1316 1582 1381 Θεός;
1616 1317 1680 1372 Ei
1705 1315 1793 1370 διὰ

209 1405 363 1460 τοῦτο
388 1404 797 1477 καταϐέϐηκεν,
818 1406 905 1460 ῐνα
925 1405 1020 1459 καὶ
1038 1407 1247 1478 wn,
1265 1408 1349 1471 τίς
1372 1402 1440 1479 ἦν
1464 1408 1499 1478 ἡ
1520 1407 1677 1479 χρεία
1693 1408 1792 1479 τῆς

208 1496 603 1563 καταϐάσεως;
639 1496 703 1550 Ei
732 1496 824 1549 διὰ
856 1496 1020 1552 τοῦτο
1048 1497 1416 1552 ἰταπείνωσεν
1449 1497 1663 1563 ἑαυτὸν,
1706 1499 1793 1551 ῐνα

208 1590 299 1643 καὶ
326 1588 594 1660 δοξασθῇ,
628 1588 711 1651 τίς
738 1585 868 1660 ἦνηὴ
901 1589 1060 1660 χρεία
1085 1588 1185 1659 τῆς
1218 1589 1634 1658 ταπεινώσεως;
1667 1590 1793 1655 Πῶς

206 1682 270 1735 6?
287 1681 388 1735 οὐκ
415 1682 624 1752 ἀσοφος
650 1683 680 1735 6
712 1682 852 1752 μετὰ
878 1683 1042 1735 πόνου
1068 1682 1268 1753 ζητῶν,
1298 1682 1327 1736 6
1352 1684 1445 1737 xci.
1459 1682 1585 1753 δίχα
1614 1684 1792 1737 πόνων

206 1772 348 1843 ιχειν
382 1770 647 1836 ὲδύνατος
691 1770 817 1834 Πῶς
860 1770 1021 1824 ἔλαϐε
1070 1770 1133 1824 τὸ
1179 1772 1351 1845 ϐνομα
1393 1774 1457 1826 τὸ
1500 1773 1639 1846 ὑπὲρ
1677 1773 1792 1827 πᾶν

205 1863 373 1933 ὸνομα
402 1863 433 1915 6
465 1862 761 1927 διαπαντὸς
792 1865 848 1916 ἐν
872 1864 1023 1935 αὑτῷ
1052 1864 1563 1935 προσκυνούμενος;

1906 586 2267 655 accepturus?
2316 586 2422 638 Aut
2473 586 2745 655 quomodo
2792 584 3126 655 gloriﬁcatus
3171 593 3257 637 est
3318 585 3410 653 qui
3461 601 3494 639 ε

1904 680 2075 747 gloria
2118 676 2185 730 ad
2240 678 2704 746 contemptibilem
2757 685 2957 731 statum
3017 674 3341 729 descendit?
3385 676 3497 731 Ant

1902 768 2175 845 quomodo
2214 767 2512 832 exaltatus,
2567 768 2658 836 qui
2719 781 2749 821 ε
2816 766 3114 822 divinitatis
3164 765 3380 837 fastigio
3428 769 3494 822 ad

1905 858 2299 913 humanitatem
2345 874 2403 913 se
2447 859 2703 913 demisit?
2732 857 3013 925 Quomodo
3043 869 3222 913 autem
3252 859 3349 927 qui
3393 857 3493 912 de-

1902 951 2132 1012 scendit.
2181 960 2399 1004 evectus
2447 950 2572 1005 est?
2619 953 2729 1005 Aut
2771 966 2878 1019 quo
2908 962 3073 1021 pacto
3128 951 3319 1004 melior
3350 950 3495 1004 illim

1902 1042 2141 1095 conditio
2170 1050 2254 1095 est
2277 1026 2489 1104 effecta,
2526 1040 2618 1110 qui
2655 1040 2821 1094 veluti
2857 1055 2887 1095 e
2923 1038 3221 1108 majoribus
3253 1049 3310 1094 et
3361 1055 3490 1108 pras~

1901 1130 2262 1187 stantloribus
2304 1132 2370 1186 ad
2407 1132 2618 1186 minora
2657 1130 2923 1186 devenit?
2956 1128 3012 1185 Si
3067 1130 3211 1185 Dens
3245 1145 3367 1184 cum
3425 1133 3491 1183 sit

1901 1220 2221 1289 altissimus,
2251 1230 2309 1278 et
2335 1220 2387 1275 in
2434 1219 2667 1277 excelsis
2695 1219 2970 1285 habitans,
3012 1219 3242 1275 exaltari
3273 1218 3493 1277 dicitur.

1900 1324 2135 1379 quonam
2172 1312 2311 1365 ultra
2349 1309 2442 1365 Dei
2486 1318 2734 1365 naturam
2785 1310 2837 1365 id
2872 1311 3015 1379 quod
3053 1311 3325 1363 exaltatur
3358 1322 3494 1363 eon-

1901 1405 2166 1461 scendet?
2192 1405 2299 1460 Aut
2326 1406 2595 1475 quomodo
2628 1404 2845 1459 humilis
2876 1412 3017 1467 erat,
3062 1404 3116 1458 iu
3150 1404 3272 1459 sinu
3314 1400 3495 1458 excel-

1900 1496 2101 1553 sissimi
2138 1495 2317 1552 Patris
2361 1497 2675 1552 exsistens?
2705 1497 2813 1550 Aut
2859 1512 2966 1567 qua
3015 1495 3332 1551 accessione
3377 1496 3494 1549 sive

1902 1588 2241 1643 incremento
2275 1589 2553 1659 indigebat
2582 1588 2766 1667 Deus?
2800 1587 2856 1643 Si
2889 1587 3094 1642 idcirco
3124 1584 3408 1641 descendit
3436 1596 3495 1640 ut

1899 1681 2254 1745 exaltaretur,
2293 1683 2422 1752 quid
2451 1691 2569 1736 erat
2613 1696 2750 1749 opus
2786 1680 3095 1736 descensu?
3148 1678 3203 1733 Si
3244 1679 3365 1735 ideo
3403 1692 3494 1733 se-

1900 1773 2078 1842 ipsqu
2126 1772 2450 1837 humiliavit,
2489 1782 2548 1826 nt
2579 1771 2999 1841 gloriﬁcaretur,
3032 1769 3191 1841 195
3213 1770 3340 1840 quid
3374 1778 3496 1825 erat

1818 1864 1860 1919 Β
1888 1879 2024 1933 opus
2054 1864 2471 1920 lmmiliatione?
2496 1875 2588 1919 aut
2622 1866 2896 1933 quomodo
2933 1880 3037 1919 non
3088 1865 3161 1918 sit
3188 1861 3494 1917 censendus

207 1957 472 2031 insipiens
502 1960 592 2030 qui
636 1960 690 2014 id
720 1975 912 2027 magno
948 1975 1071 2016 cum
1114 1960 1299 2016 labore
1332 1961 1548 2031 quaerit,
1587 1960 1729 2031 quod
1770 1962 1902 2015 citra
1944 1960 2180 2015 laborem
2222 1961 2424 2016 habere
2484 1960 2703 2030 potest?
2737 1960 2807 2016 At
2839 1962 3109 2031 quomodo
3148 1959 3356 2028 accepit
3392 1973 3491 2011 no-

207 2068 325 2109 men
366 2057 516 2124 quod
550 2064 634 2109 est
666 2068 830 2123 super
863 2067 1026 2109 omne
1048 2069 1267 2120 nomen,
1304 2056 1396 2123 qui
1424 2069 1640 2126 semper
1666 2056 1720 2110 in
1746 2056 1862 2125 ipso
1886 2065 1970 2110 est
2007 2055 2304 2111 adoratus?

631 2168 827 2237 Ῥητὰ,
859 2167 950 2222 ὅτι
979 2170 1124 2236 Θεὸς
1153 2173 1187 2224 ό
1231 2170 1385 2238 Υίός.

281 2297 301 2331 ι
334 2279 398 2333 Ὀ
428 2277 566 2341 Θεὸς
592 2280 649 2332 ἐν
668 2277 748 2349 τῷ
769 2276 996 2347 ὀνόματί
1020 2282 1297 2337 σουσῶσόν
1317 2297 1438 2352 μεί
1464 2280 1577 2343 καὶ,
1597 2280 1793 2350 εΠροσ-

206 2371 609 2442 ωνησάτωσαν
648 2369 727 2441 τῷ
758 2371 982 2441 ὀνόματί
1014 2386 1130 2437 σου,
1170 2371 1374 2442 Κύριε,
1421 2371 1500 2441 τῷ
1547 2373 1788 2444 μεγάλῳ.

206 2460 318 2531 Πρὸ
348 2460 446 2513 τοῦ
481 2459 636 2530 ἡλίου
666 2459 911 2529 διαμένοι
948 2459 1012 2513 τὸ
1040 2460 1213 2531 ὄνομα
1250 2458 1439 2513 αὐτοῦ.
1472 2460 1601 2513 Δότε
1632 2461 1792 2527 δόξαν

205 2552 436 2621 ὀνόματι
470 2551 659 2604 αὑτοῦ.
683 2546 841 2605 Οὗτοι
870 2552 928 2603 ιν
961 2551 1171 2621 ἅρμασι
1202 2551 1294 2603 καὶ
1316 2546 1461 2605 οὗτοι
1494 2553 1552 2604 ἐν
1579 2552 1789 2617 ἴπποις,

206 2645 365 2713 ἡμεῖς
424 2642 486 2697 δὲ
539 2644 598 2696 ὲν
662 2642 889 2713 ὀνόματι
946 2642 1155 2712 Κυρίου
1216 2640 1351 2695 Θεοῦ
1407 2643 1565 2712 ἡμῶν
1617 2660 1790 2715 μεγα-

206 2734 615 2805 λυνθησόμεθα.
651 2752 670 2784 t
735 2732 861 2797 Πῶς
915 2728 1009 2787 οῦν
1052 2731 1278 2797 ἐλαϐεν,
1326 2734 1465 2804 ὅπερ
1512 2734 1651 2805 ἔχων
1704 2735 1791 2789 ἀεὶ

206 2829 465 2898 φαίνεται
486 2844 504 2895 ;

790 2942 979 3009 Λύσις
1014 2942 1205 3011 ἑτέρα.

278 3082 343 3135 El
375 3099 394 3132 ι
426 3082 485 3135 ὲν
518 3079 659 3151 ἀρχῇ
686 3072 755 3150 ἦν
781 3080 811 3131 6
833 3078 1026 3147 Λόγος,
1060 3079 1156 3131 καὶ
1178 3078 1310 3141 Θεὸς
1336 3073 1404 3148 ἦν
1428 3080 1457 3131 6
1484 3079 1679 3147 Λόγος,
1698 3080 1792 3133 κα)⁸

207 3168 273 3243 ἦν
318 3175 381 3225 ὲν
431 3171 573 3242 ἀρχῇ
611 3169 747 3239 πρὸς
786 3168 877 3221 τὸν
912 3168 1067 3232 Θεὸν,
1103 3186 1122 3220 ι
1177 3165 1405 3238 ὕστερον
1453 3167 1509 3219 δὲ
1552 3167 1643 3221 διὰ
1691 3167 1793 3238 τὴν

209 3262 487 3333 ἡμετέραν
511 3260 786 3331 σωτηρίαν
805 3259 1171 3312 ἐταπείνωσεν
1200 3258 1413 3320 ἑαυτὸν,
1435 3258 1526 3311 ὄιὰ
1553 3276 1612 3311 τε
1633 3258 1793 3311 τοῦτο

210 3350 484 3421 ὑψοῦσθαι
515 3350 773 3418 λέγεται,
807 3350 925 3413 πῶς
967 3350 1067 3402 οὐκ
1100 3348 1252 3402 ἔσται
1284 3349 1447 3401 παντί
1475 3366 1553 3419 τῳ
1596 3349 1787 3416 σαφὲς,

2172 2172 2532 2227 Auctoritates
2566 2174 2705 2243 quod
2744 2170 2922 2227 Filius
2958 2172 3027 2227 sit
3065 2172 3229 2228 Deus.

1978 2298 1997 2331 ε
2024 2279 2184 2347 Deus,
2207 2281 2260 2337 in
2285 2283 2501 2337 nomine
2524 2292 2616 2338 tuo
2631 2283 2839 2338 salvum
2860 2298 2946 2339 me
2960 2283 3045 2339 [ac
3063 2286 3105 2317 "
3125 2303 3140 2351 ;
3164 2305 3183 2337 ι
3205 2293 3281 2349 ει,
3306 2305 3325 2337 ε
3346 2286 3489 2339 Allo-

1903 2382 2025 2426 rent
2066 2388 2261 2426 nomen
2281 2382 2455 2438 tuum,
2482 2374 2733 2439 Domine,
2764 2390 3024 2445 magnum
3050 2378 3119 2433 ".
3143 2378 3287 2433 Ante
3318 2378 3491 2433 solens

1900 2474 2179 2532 permanet
2199 2478 2393 2520 nomen
2414 2465 2533 2535 ejus
2556 2466 2624 2520 ⁸³.
2654 2465 2785 2521 Date
2800 2466 3026 2539 gloriam
3046 2470 3250 2524 nomini
3278 2468 3399 2538 ejus
3421 2469 3490 2524 “.

1902 2552 1963 2608 Hi
2001 2554 2055 2607 in
2082 2558 2335 2612 curribus
2366 2567 2423 2611 et
2451 2558 2505 2612 hi
2538 2559 2592 2612 in
2617 2558 2796 2628 equis,
2838 2574 2939 2615 nos
2969 2568 3149 2615 autem
3190 2561 3242 2615 in
3274 2563 3495 2619 nomine

1900 2643 2112 2701 Domini
2149 2647 2242 2703 Dei
2294 2649 2463 2703 nostri
2519 2650 2989 2720 magniﬁcabimur
3020 2653 3089 2707 ".
3135 2674 3154 2704 ι
3204 2654 3493 2722 Quomodo

1900 2735 2065 2807 igitur
2092 2740 2301 2811 accepit
2336 2741 2479 2811 quod
2512 2757 2732 2813 semper
2772 2742 3029 2802 habuisse
3063 2747 3351 2804 cernitur?

2502 2942 2626 2997 Alia
2669 2944 2885 3000 solutio.

1971 3076 2028 3132 Si
2052 3095 2072 3129 t
2096 3076 2330 3133 Verbum
2354 3088 2469 3133 erat
2485 3080 2539 3135 in
2559 3081 2850 3152 principio,
2865 3091 2920 3138 ει
2934 3082 3075 3140 Deus
3096 3097 3215 3141 erat
3232 3087 3491 3159 Verbum,

1899 3179 1954 3224 et
1980 3180 2094 3224 erat
2148 3171 2201 3225 in
2252 3172 2519 3242 principio
2566 3176 2707 3243 apud
2750 3175 2918 3230 Deum
2943 3178 3051 3239 ³⁸.»
3108 3182 3313 3238 ultimis
3362 3200 3495 3243 vero

1902 3262 2235 3331 temporibus
2261 3274 2485 3332 propter
2514 3274 2755 3319 nostram
2788 3267 3017 3323 salutem
3048 3268 3359 3327 humiliavit
3400 3290 3493 3331 se-

1902 3353 2077 3421 ipsum
2103 3352 2175 3419 ",
2201 3364 2363 3422 atque
2385 3354 2593 3410 idcirco
2612 3356 2934 3415 humiliatus
2964 3374 3083 3416 esse
3104 3361 3304 3418 dicitur
3336 3385 3351 3419 :
3382 3381 3496 3437 quo

210 3444 405 3512 ᾶτιπερ
443 3442 506 3495 οὐ
543 3441 673 3511 περὶ
705 3440 803 3512 τὴν
833 3440 927 3493 τοῦ
954 3440 1129 3506 Λόγου
1159 3439 1321 3507 φύσιν
1352 3438 1511 3491 τοῦτο
1543 3438 1787 3506 γίνεσθαι

1905 3454 2054 3516 pacto
2089 3460 2196 3503 non
2227 3444 2583 3505 fueritcuivis
2613 3448 2986 3518 manifestum,
3020 3470 3127 3509 non
3150 3456 3293 3511 circa
3329 3432 3493 3515 Verbi

212 3536 529 3607 συμϐαίνει,
554 3536 672 3589 ἀλλ’
706 3537 783 3599 εἰς
812 3535 875 3587 τὸ
904 3538 1005 3607 τῆς
1024 3533 1441 3607 ἁνθρωπότητος
1472 3535 1791 3604 μυστήριον;

210 3624 280 3701 Ὅ
302 3629 415 3699 γὰρ
437 3628 671 3698 ἁρμόσει
699 3626 762 3679 τὸ
796 3627 1078 3691 ταπεινὸν,
1113 3626 1287 3697 τούτῳ
1321 3624 1495 3680 καὶτὸ
1530 3624 1794 3695 ὑψοῦσθαι

210 3720 448 3792 πρέπειν
487 3716 789 3771 ἀκολουθεῖ.
827 3716 1095 3770 Ταπεινὸν
1122 3714 1178 3770 δὲ
1205 3718 1395 3788 χρῆμα
1440 3718 1475 3785 ὴ
1513 3714 1795 3785 ἅνθρωπό-

208 3830 306 3882 της
327 3850 343 3873 ,
380 3809 511 3881 περὶ
540 3808 713 3879 αὐτὴν
762 3807 870 3878 ἄρα
904 3807 1000 3862 καὶ
1044 3808 1104 3861 τὸ
1137 3806 1404 3877 ὑψοῦσθαι
1448 3806 1791 3877 νοηθήσεται.

210 3904 284 3956 Οὐ
318 3900 590 3970 πρότερον
620 3899 678 3951 δὲ
710 3899 837 3969 περὶ
868 3899 962 3953 τοῦ
988 3898 1123 3953 Θεοῦ
1151 3900 1327 3968 Λόγου
1356 3897 1598 3951 τοιοῦτόν
1626 3915 1679 3950 τι
1707 3898 1796 3951 λέ-

207 4011 417 4061 γουσαν
435 3992 741 4063 εὑρήσομεν
758 3992 857 4063 τὴν
884 3991 1131 4063 Γραφὴν,
1153 3994 1203 4045 εί
1235 3991 1333 4063 μὴ,
1363 4010 1381 4043 ι
1405 3990 1549 4062 Σάρξ
1577 3990 1793 4059 γέγονε,

212 4089 306 4140 καὶ
344 4087 664 4156 ἐσκήνωσεν
700 4087 758 4138 ἐν
793 4086 944 4155 ἡμῖν.
991 4103 1008 4135 ι
1038 4085 1101 4137 Et
1130 4080 1312 4137 τὸίνυν
1344 4085 1472 4155 περὶ
1496 4083 1594 4156 τὴν
1620 4086 1792 4155 πρόσ-

211 4176 375 4245 ληψιν
399 4174 503 4243 τῆς
532 4173 731 4244 σαρκὸς
758 4175 790 4243 ἠ
827 4174 1156 4236 ταπείνωσις
1182 4172 1511 4244 γεγενῆσθαι
1539 4173 1793 4241 λέγεται,

209 4265 273 4318 δι’
301 4264 478 4333 αὐτὴν
517 4262 670 4315 ἔσται
705 4263 798 4315 καὶ
836 4262 965 4333 περὶ
987 4264 1156 4334 αὐτὴν
1178 4265 1212 4333 ἡ
1246 4262 1471 4333 ῦψωσις.

711 4394 917 4455 ΑΛΛΟ,
953 4397 1042 4461 εἰς
1074 4396 1139 4448 τὸ
1167 4397 1332 4451 αὐτό.

293 4529 356 4583 Ὀ
373 4528 586 4591 Παῦλος
612 4529 939 4583 ἐπιστέλλων
958 4532 1145 4602 φησὶν,
1168 4534 1249 4585 ὅτι
1270 4551 1287 4582 ι
1314 4532 1629 4603 Πρόδρομος
1655 4532 1795 4603 ὑπὲρ

211 4622 373 4693 ἡμῶν
401 4619 653 4691 εἰσῆλθεν
693 4621 1043 4691 Ἰησοῦς,-οὺκ
1070 4624 1148 4685 εἰς
1173 4624 1441 4677 ἀντίτυπα
1474 4623 1582 4676 τῶν
1608 4623 1795 4694 ἀληθι-

1898 3547 2172 3606 naturam,
2196 3541 2291 3595 sed
2326 3542 2472 3597 circa
2498 3542 2855 3599 humanitatis
2894 3548 3212 3616 mysterium
3262 3550 3363 3605 hoc
3395 3566 3490 3605 ac-

1896 3632 2131 3687 cidisse?
2200 3632 2335 3688 Nam
2397 3636 2483 3689 cui
2553 3635 2831 3694 humilitas
2881 3640 3154 3710 congruit,
3211 3640 3262 3695 ei
3323 3644 3489 3698 etiam

1894 3722 2125 3779 exaltari
2171 3726 2460 3782 conveniet
2508 3745 2523 3782 :
2570 3730 2722 3799 atqui
2775 3731 3087 3787 humanitas
3133 3732 3354 3789 humilis
3401 3751 3490 3791 res

1894 3824 2015 3870 est:
2038 3816 2164 3871 huic
2188 3817 2352 3887 igitur
2377 3820 2637 3875 exaltatio
2669 3820 2957 3877 tribuenda
2985 3830 3089 3879 est.
3123 3820 3310 3894 Neque
3342 3827 3489 3881 enim

1896 3918 2109 3959 sacram
2154 3904 2492 3976 Scripturam
2538 3910 2691 3979 prius
2740 3911 2847 3967 tale
2881 3913 3159 3982 quidpiam
3204 3917 3272 3970 de
3315 3916 3493 3975 Verbo

1895 3996 2099 4052 dixisse
2116 3999 2609 4069 comperies,qoam
2627 4010 2920 4071 quatenus,
2941 4021 2961 4055 ι
2983 4004 3124 4060 Caro
3147 4004 3353 4062 factum
3379 4020 3488 4074 est,

1894 4097 1948 4143 et
1978 4087 2246 4143 habitavit
2280 4090 2331 4143 in
2363 4090 2519 4146 nobis
2540 4092 2606 4145 ".
2640 4112 2659 4143 ι
2682 4093 2739 4147 Si
2776 4108 2904 4164 ergo
2936 4097 3235 4153 secundum
3270 4114 3487 4155 assum-

1897 4182 2134 4251 ptionem
2149 4182 2334 4237 carnis
2362 4183 2667 4240 humiliatio
2694 4183 2836 4241 facta
2861 4201 2983 4243 esse
3009 4189 3233 4255 dicitur,
3264 4205 3489 4263 propter

1897 4276 2035 4333 hanc
2060 4287 2115 4332 et
2136 4278 2279 4333 circa
2314 4280 2458 4335 hanc
2486 4282 2653 4335 etiam
2685 4281 2946 4337 exultatio
2970 4282 3111 4337 facta
3147 4286 3331 4342 fuerit.

2427 4413 2662 4480 ALIUD,
2705 4417 2758 4469 in
2796 4418 2953 4474 idem.

1969 4546 2163 4602 Paulus
2194 4549 2261 4602 ad
2291 4548 2548 4605 Hebraeos
2574 4551 2840 4616 scribens,
2868 4553 2941 4607 ita
2976 4555 3053 4608 ait
3082 4573 3094 4609 :
3131 4574 3150 4606 ε
3180 4556 3490 4615 Ρι-ιεςιιιεεοι·

1896 4655 1991 4709 pro
2016 4641 2176 4696 nobis
2205 4642 2449 4696 introivit
2504 4641 2684 4709 .lcsns,
2721 4659 2825 4697 non
2875 4645 2925 4698 in
2970 4647 3298 4717 exemplaria
3336 4666 3489 4705 vern-

219 4714 320 4766 vtiw
341 4756 356 4777 ,
401 4712 518 4763 ἀλλ’
550 4712 629 4775 είς
668 4712 829 4764 αὐτὸν
856 4713 945 4767 τὸν
974 4713 1235 4783 οὐρανὸν,
1266 4715 1361 4766 νῦν
1395 4713 1792 4785 ἐμφανισθῆναι

1905 4748 2043 4797 rum,
2070 4736 2165 4789 sed
2197 4735 2249 4788 in
2282 4736 2455 4804 ipsum
2495 4736 2716 4800 cmltnn,
2754 4745 2809 4789 ut
2846 4750 3107 4806 appareat
3139 4757 3280 4796 nunc
3317 4745 3487 4797 vultui

215 4804 289 4873 τῷ
320 4803 603 4875 προσώπῳ
636 4802 731 4855 τοῦ
760 4801 894 4855 Θεοῦ
929 4803 1068 4873 ὑπὲρ
1100 4804 1276 4874 ἡμῶν.
1314 4823 1332 4854 ι
1362 4804 1573 4876 Ὠσπερ
1614 4800 1707 4858 οὖν
1737 4807 1792 4859 ὲν

1905 4822 1994 4875 Dei
2026 4792 2122 4890 pro
2159 4792 2315 4877 nobis
2344 4825 2409 4876 ”.
2451 4844 2471 4875 ι
2505 4792 2967 4891 Quemadmodum
2996 4832 3153 4899 igitur
3186 4792 3489 4902 εέιῖιιιέιίιζ

213 4899 321 4957 τοῖς
359 4896 615 4965 οὐρανοῖς
646 4894 740 4946 καὶ
777 4897 834 4946 ὲν
864 4894 1142 4966 προσώπῳ
1167 4896 1261 4949 τοῦ
1294 4896 1505 4967 Πατρὸς
1533 4897 1794 4967 ὑπάρχων

213 4989 318 5050 ἀεὶ,
344 4984 443 5038 νῦν
481 4986 624 5055 ὑπὲρ
653 4983 811 5054 ἡμῶν
842 4986 1149 5056 εἰσέρχεται
1182 4987 1282 5056 μὲν
1314 4989 1397 5051 είς
1422 4988 1511 5041 τὸν
1540 4988 1792 5059 οὐρανὸν,

213 5076 578 5146 ἐμφανίζεται
608 5076 664 5129 δὲ
688 5075 767 5146 τῷ
796 5076 989 5149 Πατρίο
1019 5077 1161 5131 οὕτω
1195 5078 1357 5133 πάλιν
1398 5081 1491 5133 καὶ
1519 5080 1614 5135 νῦν
1654 5082 1794 5152 ὑπὲρ

215 5168 375 5236 ἡμῶν
393 5165 624 5235 ὑψοῦται
646 5167 741 5220 καὶ
759 5166 1063 5237 δοξάζεται,
1089 5171 1181 5222 καὶ
1195 5170 1465 5241 λαμϐάνει
1491 5191 1509 5224 ι
1540 5173 1601 5225 τὸ
1621 5173 1793 5244 ὄνομα

212 5256 273 5307 τὸ
301 5255 446 5325 ὑπὲρ
483 5258 593 5310 πᾶν
632 5256 821 5329 ὄνομα·
849 5277 868 5310 s
905 5258 971 5311 ἵν’
999 5258 1273 5333 ὥσπερεὲν
1303 5256 1450 5333 αὐτῷ
1477 5265 1570 5318 καὶ
1594 5266 1674 5327 είς
1702 5266 1791 5320 τὸν

213 5345 447 5417 οὐρανὸν
496 5348 855 5418 εἰσερχόμεθα
902 5352 996 5405 καὶ
1034 5353 1446 5425 ιμφανιζόμεθα
1475 5356 1551 5427 τῷ
1595 5359 1793 5430 Πατρὶ,

211 5436 359 5491 οὕτω
386 5438 549 5491 πάλιν
568 5442 626 5492 ὲν
655 5441 805 5513 αὑτῷ
826 5442 1194 5516 δοξαζόμενοι,
1227 5449 1323 5500 καὶ
1353 5448 1670 5519 ὑψούμενοι,
1699 5454 1794 5505 καὶ

212 5530 332 5585 υίοὺ
362 5528 498 5584 Θεοῦ
527 5536 975 5605 χρηματίζωμεν.

284 5711 505 5791 ’ί-Ρεει-ΙΫ
542 5735 660 5791 μη,
694 5721 749 5777 3.
824 5724 869 5755 "
905 5720 1045 5776 Psal.
1091 5735 1284 5791 cum,
1313 5720 1403 5776 2i.
1480 5722 1526 5754 ⁸³
1558 5722 1699 5779 Psal.
1731 5743 1855 5791 ur,
1889 5726 1942 5781 ἓ.

244 5784 297 5847 i,
325 5782 377 5842 2.
458 5788 507 5819 ⁸⁷
539 5788 773 5862 Philipp.
796 5808 859 5855 ιι,
890 5791 940 5845 7.
1022 5790 1067 5822 ³⁸
1106 5789 1261 5845 Joatt.
1297 5807 1337 5858 t,
1375 5793 1456 5846 M.
1535 5794 1578 5825 "
1620 5792 1784 5852 ilebr.

1925 5799 2014 5851 2i.
2092 5800 2137 5829 “
2170 5782 2496 5871 Philipp—ibt,
2661 5782 3161 5871 οιίἾὶὶυἶιῗῖιίἰ.

496 5882 769 5945 Pauca.
802 5884 917 5944 Gn.
955 5885 1054 5945 LX
1071 5887 1121 5948 Χ
1138 5883 1202 5945 ι’.

1898 4917 2072 4979 caelis,
2119 4928 2173 4971 et
2216 4934 2398 4973 catam
2446 4920 2584 4975 facie
2632 4921 2809 4977 Patris
2854 4928 3148 4991 exsistens,
3198 4945 3342 4981 nunc
3392 4945 3491 4997 pm

1900 5008 2054 5061 nobis
2092 5010 2408 5077 ingreditur,
2461 5022 2518 5065 et
2570 5024 2791 5082 apparet
2825 5032 3009 5069 coram
3052 5016 3213 5075 Patre
3254 5036 3267 5071 :
3302 5020 3373 5073 ita
3412 5022 3490 5073 vi-

1898 5100 2080 5153 cissim
2116 5117 2257 5155 nunc
2282 5102 2553 5156 exaltatur
2581 5120 2676 5173 pro
2704 5105 2858 5159 nobis
2881 5116 2933 5159 et
2956 5109 3311 5177 gloriﬁcatur,
3343 5112 3489 5165 aet-i-

1902 5191 2084 5260 pitque
2119 5211 2137 5243 (
2166 5208 2359 5247 nomen
2388 5196 2531 5263 quod
2563 5205 2646 5250 est
2667 5208 2829 5264 super
2850 5213 3009 5254 omne
3042 5216 3235 5255 nomen
3261 5202 3342 5257 “z
3379 5222 3397 5253 ι
3432 5214 3488 5257 ιιι

1897 5286 2353 5352 quemadmodum
2385 5287 2441 5341 in
2472 5288 2592 5357 ipso
2613 5293 2777 5344 etiam
2812 5291 2864 5345 in
2900 5293 3093 5347 (mlum
3134 5297 3488 5364 ingredimur,

1898 5384 1952 5428 et
1976 5390 2297 5443 apparentus
2320 5393 2501 5433 coram
2528 5378 2713 5445 Patre,
2752 5383 2822 5436 ita
2856 5384 3018 5437 etiam
3052 5384 3102 5437 in
3138 5386 3251 5453 ipso
3280 5386 3488 5457 gloriti-

1899 5469 2004 5522 cati
2032 5479 2086 5522 et
2114 5470 2356 5533 exaltati,
2392 5471 2484 5526 lilii
2518 5473 2612 5528 Dei
2652 5490 2869 5544 quoque
2902 5491 3052 5532 vocet
3098 5494 3159 5531 ur
3184 5479 3249 5528 δ’.

2024 5728 2068 5759 ⁸⁵
2096 5728 2249 5804 _i_‘s_:_tl.
2289 5747 2436 5804 tam,
2472 5733 2557 5786 l7.
2638 5736 2683 5767 "
2720 5734 2861 5790 Psal.
2890 5752 3003 5799 xu,
3043 5739 3097 5794 8.
3176 5740 3221 5771 “
3256 5737 3331 5793 Jo:
3357 5759 3410 5795 ιι.
3444 5756 3485 5804 t,

3067 5900 3127 5963 21
