3994 6324
525 415 624 474 3‘5!

1196 522 1429 579 ALIUD.

596 640 908 699 Servatoris
950 637 1117 695 nostri
1156 638 1208 691 in
1244 638 1442 693 calum
1490 632 1912 702 assumptionem
1960 629 2109 686 Psal-

527 733 683 787 mista
714 729 999 799 declarans
1017 742 1113 799 per
1137 726 1421 797 Spiritum,
1459 724 1529 779 ita
1558 724 1633 777 ait
1662 739 1678 779 :
1713 742 1731 774 ι
1762 720 1957 776 Tollite
1992 733 2109 789 por-

527 818 940 892 las,prlncipes,
959 826 1188 882 vestras,
1210 823 1263 871 et
1282 813 1587 877 clevamini,
1613 822 1783 882 porta.-
1800 811 2104 877 aeternales,

524 924 579 968 et
605 912 851 968 introibit
878 926 971 965 rex
1015 908 1199 980 gloria:
1226 908 1290 960 ".
1326 924 1343 956 ι
1388 903 1489 959 Hic
1519 905 1665 959 enim
1702 904 1905 958 sanctis
1936 901 2104 957 θεειο-

527 1019 646 1056 rum
698 1001 987 1056 virtutibus
1041 998 1277 1068 Spiritus
1339 996 1607 1063 imperat,
1660 1002 1721 1048 nt
1783 992 2105 1063 ingredienti

523 1094 737 1149 Christo
770 1100 954 1161 portas
987 1089 1253 1160 aperiant.
1300 1084 1460 1155 Atqui
1490 1086 1607 1139 erat
1636 1084 1798 1140 etiam
1844 1094 1969 1138 ante
2015 1098 2104 1138 as-

525 1183 889 1251 sumptiouem
952 1180 1095 1261 intra
1149 1189 1357 1250 portas,
1413 1186 1467 1233 et
1511 1176 1563 1231 in
1614 1176 1803 1241 caelis,
1850 1174 2103 1231 utDens.

530 1275 693 1347 198
722 1274 861 1341 Quid
892 1273 1059 1343 igitur
1077 1286 1215 1342 opus
1247 1271 1345 1326 fuit
1374 1268 1639 1339 ejusmodi
1689 1267 1942 1323 mandato
1980 1265 2103 1337 Spi-

527 1366 705 1421 ritus?
732 1366 839 1419 Aut
861 1364 1130 1435 quomodo
1160 1362 1252 1434 qui
1292 1362 1437 1417 intus
1481 1369 1584 1425 est,
1621 1358 1843 1414 introire
1866 1355 2106 1412 dicitur?

526 1454 990 1522 Quemadmodum
1046 1453 1213 1524 igitur
1253 1466 1358 1507 non
1392 1459 1658 1520 quatenus
1685 1456 1766 1503 est
1808 1448 1969 1511 Deus,
2008 1446 2102 1502 sed

522 1555 790 1611 quatenus
824 1544 1006 1607 homo,
1059 1550 1281 1610 prapter
1321 1554 1419 1593 nos
1467 1549 1522 1593 et
1571 1551 1670 1607 pro
1715 1538 1871 1593 nobis
1915 1546 2104 1606 portas

523 1632 780 1688 cmlorum
815 1632 1133 1702 ingreditur,
1168 1646 1266 1684 nos
1302 1630 1353 1683 in
1383 1643 1477 1684 eas
1510 1642 1605 1698 per
1633 1643 1691 1684 se
1729 1628 2099 1692 introducens,

520 1738 750 1792 eamque
792 1730 1011 1793 propter
1057 1736 1154 1776 nos
1199 1722 1340 1776 viam
1388 1720 1713 1775 instauravit
1763 1740 1774 1775 :
1814 1720 1885 1774 ita
1934 1720 2099 1775 etiam

522 1829 641 1868 cum
671 1814 746 1868 sit
778 1813 1095 1877 altissimus,
1129 1813 1401 1866 exaltatur
1423 1821 1645 1883 propter
1674 1825 1794 1877 nos,
1828 1820 1885 1865 ut
1917 1812 2098 1876 homo,

521 1913 580 1960 ut
628 1919 725 1960 nos
770 1904 1071 1971 exaltemur
1123 1905 1176 1959 in
1224 1905 1341 1975 ipso
1395 1911 1639 1975 gestante
1687 1901 2099 1959 similitudinem

522 1997 721 2064 nostri,
759 2006 922 2067 utque
975 1997 1049 2053 ita
1110 1996 1429 2053 reformaret
1488 2009 1587 2050 nos
1634 1994 1688 2050 in
1737 1996 1976 2065 seipsum
2026 1993 2099 2049 ad

520 2084 811 2160 imaginem
828 2089 1125 2155 Creatoris,
1147 2089 1452 2144 instaurans
1469 2086 2102 2157 naturam,-pristinoque

518 2182 679 2234 statui
712 2181 1027 2236 restituens.

518 2378 897 2448 Annotationga
931 2378 1129 2448 aliquot
1175 2378 1241 2448 de
1288 2379 1661 2433 incarnatione
1706 2379 1890 2433 eodem
1915 2380 2099 2448 ρετιό-

587 2459 785 2504 ιιειιιει.
830 2447 895 2503 In
936 2447 1092 2517 illud,
1126 2466 1147 2501 ι
1179 2447 1336 2503 Dedit
1374 2450 1477 2517 illi,
1514 2468 1534 2503 ι
1572 2459 1703 2511 etc..
1744 2458 1791 2503 ct
1848 2465 1867 2500 ι
1902 2447 2097 2517 Super—

582 2518 830 2590 mltooit
854 2518 1048 2590 ipsum,
1082 2536 1102 2572 ι
1136 2518 1344 2589 aliaque
1372 2516 1631 2590 ejusmodi
1656 2535 1771 2590 qui:
1800 2518 1863 2573 de
1886 2516 2097 2573 Christo

587 2588 834 2641 dicuntur
863 2587 931 2642 “.

598 2696 957 2755 VerbumDei
975 2709 1290 2771 semperest
1314 2700 1637 2756 altissimum
1666 2710 1724 2756 ut
1756 2699 1919 2769 Deus;
1946 2701 2097 2791 exal-

516 2798 662 2845 tatur
697 2800 875 2845 autem
906 2799 967 2843 ut
996 2790 1157 2845 homo
1186 2808 1204 2845 :
1241 2804 1473 2861 cumque
1506 2790 1577 2845 sit
1623 2789 1822 2845 nullius
1859 2789 2094 2859 indigus,

516 2893 575 2936 ut
616 2880 779 2949 Deus,
835 2880 1036 2937 dicitur
1084 2882 1356 2951 accipere,
1406 2891 1467 2935 ut
1520 2884 1716 2948 homo;
1769 2881 2095 2935 adorabatur

513 2986 750 3042 semper,
784 2980 840 3026 ut
882 2970 1027 3026 Deus
1070 2990 1091 3026 γε
1139 2986 1285 3033 nunc
1334 2972 1705 3026 adorationem
1754 2972 1998 3041 suscipit,
2034 2980 2095 3024 ut

516 3065 697 3127 homo.
740 3060 799 3116 Si
840 3070 899 3116 ut
942 3061 1103 3117 homo
1135 3071 1382 3116 mortuus
1420 3070 1525 3126 est,
1586 3059 1689 3115 hoc
1741 3071 1918 3115 tamen
1960 3059 2092 3115 nihil

1510 406 1569 462 S.
1610 404 1888 462 CYRILLI
1930 400 2396 458 ALEXANDRIM
2437 403 2756 460 ARCIllEP.

3676 399 3787 453 552

2889 520 3098 573 MAO.

2280 630 2386 683 Τοῦ
2424 630 2672 701 Σωτῆρος
2719 629 2875 702 ἡμῶν
2906 628 3004 699 τὴν
3044 630 3122 694 είς
3165 630 3426 701 οὐρανοὺς
3453 630 3716 701 ἀνάληψιν
3752 632 3790 686 ὁ

2208 722 2513 793 Ψαλμῳδὸς
2557 721 2921 793 ἐξηγούμενος
2963 720 3049 775 διὰ
3092 720 3188 775 τοῦ
3235 722 3552 793 Πνεύματος
3597 721 3783 791 λέγει’

2216 835 2233 868 ι
2260 817 2464 887 ’Δρατε
2498 816 2693 881 πύλας,
2728 819 2776 870 oi
2807 817 3098 888 ἄρχοντες,
3130 815 3304 886 ὑμῶν,
3340 814 3435 871 καὶ
3472 814 3783 885 ὲπάρθητε,

2208 908 2375 961 πύλαι
2392 908 2619 973 αίώνιοι,
2635 908 2727 961 καὶ
2750 908 3113 961 εἰσελεύσεται
3130 909 3157 961 ὁ
3174 905 3436 971 Βασιλεὺς
3449 905 3551 977 τῆς
3564 905 3738 974 δόξης.
3758 923 3781 957 ι

2220 1000 2485 1055 Ἐνταῦθα
2514 1001 2621 1071 γὰρ
2650 1002 2768 1063 ταῖς
2782 991 2853 1052 ’ὲν
2881 1000 2993 1062 τοῖς
3014 999 3263 1069 οὐρανοῖς
3285 996 3469 1065 ἁγίαις
3487 994 3790 1066 δυνάμεσιν

2205 1091 2485 1143 ἐπιτάττει
2508 1090 2567 1143 τὸ
2584 1091 2804 1161 Πνεῦμα
2832 1089 2929 1153 τὰς
2946 1088 3119 1153 πύλας
3148 1088 3385 1157 ἀνοίγειν
3414 1087 3790 1157 είσιρχομένῳ

2204 1183 2446 1254 Χριστῷ.
2465 1183 2603 1236 Ἀλλ’
2620 1178 2687 1256 ἦν
2710 1183 2803 1237 καὶ
2832 1184 2938 1255 πρὸ
2956 1182 3055 1253 τῆς
3082 1181 3402 1252 ἀναλήψεως
3429 1181 3558 1233 είσω
3581 1196 3640 1232 τε
3671 1180 3789 1231 τῶν

2206 1275 2387 1330 πυλῶν
2408 1276 2507 1329 καὶ
2529 1276 2585 1327 ιν
2618 1278 2729 1337 τοῖς
2758 1276 3010 1346 οὐρανοῖς
3037 1275 3112 1338 ὡς
3135 1274 3287 1337 Θεός.
3319 1271 3383 1326 Τί
3408 1268 3501 1325 οὖν
3533 1272 3640 1326 ἔδει
3668 1271 3791 1325 τῶν

2201 1367 2458 1421 τοιούτων
2486 1363 2580 1420 τοῦ
2631 1365 2951 1438 Πνεύματος
2998 1364 3465 1436 προσταγμάτων;
3496 1364 3568 1418 Ἦ
3597 1364 3715 1429 πῶς
3755 1365 3792 1417 ἀ

2204 1458 2349 1512 ἔνδον
2378 1456 2453 1511 ὣν
2500 1456 2845 1528 είσέρχισθαι
2889 1456 3136 1525 Mys-un;
3173 1447 3381 1527 Ὠσπερ
3414 1450 3507 1510 οῦν
3543 1455 3604 1508 οὐ
3644 1454 3793 1510 καθὸ

2203 1549 2333 1613 Θεός
2363 1550 2530 1615 ἐστιν,
2567 1548 2704 1602 ἀλλά
2739 1548 2874 1603 καθὸ
2902 1547 3207 1627 ἄνθρωπος,
3242 1546 3309 1601 δι’
3341 1548 3489 1618 ἡμᾶς
3518 1547 3613 1601 καὶ
3638 1547 3789 1619 ὑπὲρ

2200 1638 2359 1708 ἡμῶν
2394 1639 2493 1700 τὰς
2532 1636 2915 1708 τῶντύρανῶν
2938 1636 3256 1706 ϊίσὲρχεται
3287 1632 3461 1697 πύλας
3481 1675 3497 1701 ,
3536 1633 3687 1703 ἡμᾶς
3720 1634 3790 1685 ἐν

2199 1730 2393 1793 αὐταῖς
2440 1728 2677 1798 εἰσάγων
2727 1727 2797 1781 δι’
2842 1726 3059 1791 ἑαυτοῦ,
3120 1726 3212 1779 καὶ
3260 1723 3467 1794 ταύτην
3516 1721 3583 1777 δι’
3631 1724 3790 1793 ἡμᾶς

2202 1819 2505 1875 ἔνεκαίνισε
2544 1820 2643 1891 τὴν
2678 1818 2831 1873 ὀδόν
2864 1817 3009 1872 οὕτω
3057 1816 3150 1870 καὶ
3204 1813 3429 1883 ὕψιστος
3470 1813 3788 1883 τυγχάνων,

2204 1911 2435 1982 ὑψοῦται
2459 1913 2531 1966 δι’
2557 1913 2724 1983 ἡμᾶς,
2742 1908 2819 1976 ὡς
2843 1910 3156 1981 ἄνθρωπος,
3186 1908 3253 1961 ἶν’
3284 1908 3448 1979 ἡμεῖς
3471 1904 3789 1975 ύψωθῶμεν

2202 2004 2261 2056 ὲν
2310 2003 2461 2074 αύτῷ
2509 2002 2762 2075 φοροῦντι
2808 2002 2917 2074 τὴν
2967 2001 3105 2074 πρὸς
3146 2001 3296 2072 ἡμᾶς
3336 1999 3618 2069 ὁμοίωσιν,
3684 1998 3791 2051 καὶ

2200 2091 2371 2156 οὕτως
2400 2090 2775 2163 ἀναμορφώσῃ
2821 2090 2959 2164 πρὸς
2996 2090 3198 2144 ’ἑαυτὸν
3233 2090 3313 2153 είς
3343 2088 3403 2142 τὸ
3443 2088 3563 2141 κατ’
3592 2088 3790 2141 εἰκόνα

2190 2185 2295 2239 ’τοῦ
2337 2184 2656 2251 κτίσαντος,
2686 2183 3063 2249 ἀνακαινίςων
3086 2183 3186 2253 τὴν
3218 2182 3378 2252 φύσιν
3405 2180 3598 2252 ὥσπερ
3617 2175 3687 2251 ἦν
3720 2180 3789 2246 ιξ

2194 2280 2395 2350 ἀρχῆς·

2198 2388 2443 2459 nam,
2468 2390 2598 2457 περὶ
2616 2387 2988 2457 υσαρκώσεως
3015 2387 3119 2440 τὸν
3138 2387 3326 2459 αὑτὸν
3350 2385 3579 2459 ἔχοντα
3592 2383 3783 2459 χοῦν.

2267 2455 2371 2525 Εἰς
2398 2458 2506 2525 τὸ,
2539 2455 2582 2509 ’.ι
2635 2455 2995 2527 Ἐχιιρίσατο
3034 2456 3274 2527 abuius
3327 2456 3447 2527 καί,
3502 2472 3519 2505 ι
3566 2455 3786 2527 Ὑπερ-

2265 2523 2515 2598 ύψλωσεί·
2569 2523 2789 2598 αὐτόν·ι
2832 2546 2853 2579 ι
2904 2526 3004 2580 καί
3064 2526 3183 2582 ὅσα
3232 2523 3487 2581 τοιαῦτα
3537 2523 3783 2593 λέγεται

2268 2597 2401 2667 περὶ
2431 2597 2711 2667 Χριστοῦ.

2270 2712 2532 2784 ’Υψιστος
2558 2714 2586 2765 ὸ
2614 2711 2707 2764 τοῦ
2735 2710 2872 2765 Θεοῦ
2900 2711 3074 2780 Λόγος
3098 2711 3206 2775 ἀεὶ,
3242 2708 3379 2765 καθὸ
3407 2710 3569 2774 Θεὸς⁸
3609 2709 3783 2779 ὑψοῦ-

2195 2822 2284 2860 ται
2315 2806 2370 2859 δὲ
2414 2804 2490 2867 ὠς
2516 2805 2833 2876 ἄνθρωπος·
2864 2803 3120 2876 ἀνενδεὴς
3150 2802 3226 2857 ὢν
3255 2803 3331 2867 ὡς
3358 2803 3508 2868 Θεὸς,
3557 2802 3773 2876 λαμϐά-

2195 2911 2306 2949 νειν
2340 2894 2416 2957 ὡς
2450 2873 2736 2965 ἄνθρωπος
2755 2893 3003 2960 λέγεται·
3036 2873 3428 2965 προσεκυνεῖτο
3456 2873 3784 2966 παρὰπαν-

2195 3001 2302 3037 των
2350 2984 2427 3045 ὡς
2468 2983 2601 3047 Θεὸς
2622 3024 2636 3048 ,
2668 2983 2881 3055 δέχεται
2911 2983 3007 3039 νῦν
3035 2984 3131 3056 τὴν
3162 2984 3535 3057 προσκύνησιν
3578 2985 3657 3048 ὡς
3683 2985 3782 3040 ἀν-

2195 3075 2431 3148 θρωπος.
2463 3073 2526 3129 Et
2560 3076 2637 3139 ὡς
2658 3075 2944 3148 ἄνθρωπος
2967 3076 3229 3144 ἀπέθανε,
3263 3078 3357 3131 κα)⁵
3379 3077 3548 3148 ψόγον
3582 3078 3780 3132 οὐδένα

512 3154 761 3224 dignilati
807 3154 901 3212 Dei
936 3152 1097 3209 Verbi
1152 3154 1428 3221 detrahit;
1475 3155 1545 3207 ita
1596 3153 1761 3207 etiam
1817 3152 1960 3206 nulla
2007 3162 2091 3207 est

2209 3167 2271 3238 τῷ
2314 3166 2435 3238 Θεῷ
2464 3166 2622 3237 Λόγῳ
2653 3166 2813 3221 τοῦτο
2856 3168 3267 3240 προστρίϐεται,
3321 3169 3474 3223 οὐδὲν
3518 3170 3778 3241 ἀδικήσει

510 3244 861 3309 contumelia,
893 3246 940 3299 si
973 3244 1186 3301 dicatur
1216 3244 1489 3315 accepisse
1532 3244 1731 3313 aliquid
1773 3263 1788 3299 :
1829 3245 2089 3314 quemad-

513 3334 731 3389 modum
780 3334 923 3389 enim
970 3333 1101 3391 iliud
1152 3335 1473 3388 humanitati
1522 3334 1745 3398 accidit,
1804 3334 1874 3387 ita
1925 3336 2089 3389 etiam

512 3426 647 3478 hac.
687 3419 743 3479 Si
779 3438 901 3478 cum
931 3423 1250 3479 immortalis
1275 3423 1369 3489 sit,
1404 3434 1465 3478 ut
1494 3422 1658 3486 Deus,
1702 3432 1946 3476 mortuus
1969 3436 2090 3477 esse

514 3514 713 3570 dicitur
740 3524 798 3569 ut
828 3515 1021 3581 homo,
1051 3514 1344 3570 altissimus
1369 3530 1491 3570 cum
1518 3515 1620 3579 sit,
1647 3524 1707 3568 ut
1728 3512 1878 3570 Deus
1898 3552 1913 3579 ,
1939 3512 2085 3570 enl-

520 3615 665 3662 tatus
688 3606 909 3674 dicitur,
938 3615 997 3663 ιιι
1027 3608 1205 3663 homo.

626 3719 903 3786 Quomodo
929 3719 1362 3777 erChriuao
1386 3720 1452 3775 sit
1485 3721 1541 3775 in
1569 3719 1741 3792 gloria
1774 3716 1976 3774 Patris.

581 3832 717 3901 Quia
745 3836 853 3903 per
873 3833 1227 3891 humanitatis
1270 3834 1694 3904 assumptionem
1726 3834 1869 3903 quod
1904 3831 2087 3903 perdi-

513 3932 625 3978 tum
656 3932 773 3979 crat
818 3935 1192 3993 recuperatum
1223 3935 1337 3991 est,
1369 3928 1511 3998 quod
1551 3926 1843 3981 contritum
1879 3925 2085 3987 instau-

513 4022 691 4068 ratum
718 4023 821 4079 est,
850 4015 993 4084 quod
1035 4017 1255 4071 errabat
1295 4005 1616 4072 conversum
1648 4030 1711 4071 ac
1750 4016 2027 4071 reductum
2067 4034 2081 4070 :

510 4116 634 4173 qua:
652 4104 834 4161 omnia
866 4112 1113 4175 spectant
1140 4108 1207 4160 ad
1234 4105 1460 4177 gloriam
1499 4105 1593 4163 Dei
1620 4119 1685 4162 ac
1703 4105 1901 4161 Patris.

1176 4217 1408 4274 ALIUD.

582 4324 662 4394 Si,
688 4327 832 4384 Deus
857 4343 978 4383 cum
1009 4340 1177 4394 esset,
1204 4330 1364 4386 homo
1388 4330 1563 4387 iactus
1589 4344 1694 4397 est,
1716 4342 1877 4403 atque
1904 4335 2007 4389 hoc
2026 4350 2084 4390 re

509 4417 626 4488 ipsa
662 4419 847 4475 suhire
874 4420 1063 4485 voluit,
1091 4437 1249 4475 nemo
1285 4423 1588 4477 odendatur
1622 4424 1666 4477 si
1690 4439 1814 4494 quae
1835 4425 2083 4479 humani-

2192 3258 2287 3313 καὶ
2312 3258 2373 3311 τὸ
2404 3256 2661 3327 λέγεσθαι
2685 3257 2902 3311 λαϐεῖν·
2936 3257 3129 3330 ὥσπερ
3159 3258 3267 3330 γὰρ
3298 3260 3479 3313 ἐκεῖνο
3507 3261 3636 3332 περὶ
3670 3260 3777 3330 τὴν

2191 3349 2588 3421 ἀνθρωπότητα
2650 3348 2893 3417 γέγονεν,
2939 3348 3083 3404 οὕτω
3111 3351 3206 3403 καὶ
3244 3349 3413 3404 ταῦτα
3445 3352 3672 3420 ὁμοίως.
3705 3351 3777 3407 Et

2188 3440 2458 3503 ἀθάνατος
2500 3440 2577 3493 ὢν
2622 3440 2778 3505 Θεὸς,
2812 3440 3027 3508 λέγεται
3067 3441 3319 3494 τεθνάναι
3349 3441 3425 3503 ὡς
3457 3439 3772 3512 ἀνθρωπκ.

2192 3530 2453 3600 ’Υψιστος
2500 3528 2577 3583 ὢν
2628 3530 2704 3593 ὼς
2753 3529 2906 3595 Θεὸς,
2948 3528 3210 3599 eoos-aea.
3258 3529 3495 3597 λέγεται,
3547 3530 3624 3592 ὡς
3674 3529 3760 3583 ἄν.

2179 3620 2423 3693 Optimos.

2224 3734 2358 3803 Πῶς
2391 3734 2635 3803 Ἰησοῦς
2662 3734 2919 3805 Χριστὸς
2948 3736 3037 3802 είς
3066 3733 3257 3801 δόξαν
3291 3734 3439 3789 Θεοῦ
3472 3736 3730 3805 Πατρός.

2260 3850 2379 3901 ’Ότι
2422 3848 2511 3903 διὰ
2561 3848 2663 3920 τῆς
2705 3848 3169 3920 ἑνανθρωπήσεως
3220 3848 3280 3901 τὸ
3338 3849 3615 3914 ἀπολωλὸς
3663 3851 3763 3904 ἀν-

2182 3940 2363 4012 εσώθη
2387 3957 2399 3971 ’
2430 3939 2493 3993 τὸ
2523 3940 2978 4014 συντετριμμένον
2999 3936 3425 4013 κατεδεσμεύθη,
3455 3941 3517 3994 τὸ
3546 3941 3769 3997 πλανώο

2186 4049 2348 4103 μενον
2398 4031 2748 4103 ἐπεστράφη·
2790 4032 3054 4087 συντείνει
3089 4031 3145 4085 δὲ
3169 4032 3340 4087 ταῦτα
3373 4034 3452 4096 είς
3479 4032 3636 4099 δόξαν
3663 4035 3764 4088 τοῦ

2172 4123 2318 4177 -Θεοῦ
2354 4124 2445 4177 καὶ
2461 4122 2700 4193 Πατρός.

2862 4238 2994 4290 ΑΛΛ
3002 4240 3062 4290 0.

2246 4347 2313 4401 Et
2342 4347 2475 4412 Θεὸς
2496 4347 2574 4401 ὢν
2599 4349 2821 4418 γέγονεν
2842 4350 3147 4421 ἄνθρωπος,
3174 4354 3269 4405 καὶ
3292 4352 3437 4424 ἔργῳ
3465 4354 3622 4408 τοῦτο
3651 4376 3759 4411 παν

2181 4435 2294 4490 θεῖν
2326 4437 2588 4509 ὑπέμεινε
2611 4481 2626 4506 ,
2660 4439 3097 4504 σκανδαλιζέσθω
3128 4442 3317 4514 μηδεὶς
3336 4483 3353 4509 ,
3383 4445 3431 4497 εί
3476 4446 3544 4499 τὰ
3566 4449 3632 4518 τῇ
3662 4450 3767 4502 ἀν-

510 4511 609 4565 tati
654 4520 709 4566 et
744 4512 927 4567 servili
978 4512 1276 4568 conditioni
1315 4516 1660 4584 conveniunt,
1712 4516 1872 4572 etiam
1926 4516 1978 4573 in
2020 4533 2079 4574 se

2209 4528 2494 4601 ιρωπότητι
2536 4519 2816 4602 πρέποντα
2867 4532 2962 4586 καὶ
3001 4532 3078 4603 τῷ
3117 4511 3355 4605 σχήματι
3394 4533 3471 4605 τῷ
3499 4511 3758 4609 οἰκετικῷ

506 4604 775 4674 gestavit;
818 4620 963 4673 nam,
996 4613 1055 4660 ut
1091 4606 1276 4670 homo,
1306 4616 1359 4661 et
1385 4606 1631 4677 accipere
1659 4617 1712 4664 et
1743 4610 1968 4665 exaltari
1994 4609 2077 4665 di-

2183 4622 2406 4692 φέρεται
2438 4623 2533 4676 καὶ
2563 4624 2650 4676 ἐπ’
2677 4622 2840 4677 αὐτοῦ
2862 4642 2875 4653 ·
2911 4624 3129 4695 ὼςιγάρ
3162 4625 3447 4696 ἄνθρωπος
3490 4629 3585 4682 καὶ
3613 4629 3757 4700 λαμ-

504 4697 665 4749 citur.
698 4694 798 4761 Qui
848 4710 976 4751 vero
1018 4696 1406 4752 humanitatem
1457 4698 1625 4765 ipsam
1688 4700 1871 4763 subiit,
1928 4710 2077 4758 certe

2209 4712 2366 4767 ἱάνειν
2394 4712 2489 4767 καὶ
2508 4712 2779 4781 ὑψοῦσθαι
2807 4714 3043 4782 λέγεται.
3145 4694 3328 4788 sui»:
3360 4694 3758 4790 ἀνθρωπότητα

508 4787 827 4857 reprehendi
856 4802 963 4841 non
997 4790 1188 4857 possit,
1224 4790 1269 4844 si
1310 4790 1472 4844 etiam
1504 4805 1566 4846 ea
1600 4806 1720 4860 quae
1748 4792 2071 4850 humanitati

2209 4804 2350 4874 ιύτὴν
2382 4805 2683 4874 ὑπομείνας
2706 4843 2722 4868 ,
2752 4804 2852 4859 οὐκ
2895 4805 2962 4860 ἂν
3002 4806 3239 4875 εὐλόγως
3263 4787 3504 4879 ψέγοιτο,
3550 4812 3645 4865 καὶ
3670 4787 3758 4867 ’τὰ

505 4878 720 4947 propria
758 4885 884 4933 sunt
916 4881 1100 4935 subire
1130 4895 1234 4933 non
1274 4890 1483 4936 recuset
1516 4900 1533 4937 :
1579 4884 1851 4953 proprium
1892 4894 2069 4939 autem

2209 4890 2278 4961 ἧς
2303 4892 2721 4963 ἀνθρωπότητος
2754 4893 2867 4947 ἴδια
2913 4896 3140 4967 φορέσαι
3186 4897 3262 4969 μὴ
3292 4900 3751 4972 παραιτούμενος,

506 4970 752 5025 humana
790 4979 999 5026 natura:
1035 4980 1117 5027 est
1154 4987 1183 5025 a
1212 4970 1322 5027 Deo
1348 4973 1611 5041 accipere,
1640 4974 1790 5045 juxta
1830 4975 1957 5030 illud
1989 4977 2071 5031 di-

2185 4982 2342 5037 Ἷδιον
2367 4983 2423 5037 δὲ
2451 4983 2739 5055 ἀνθρώπου
2772 4986 2990 5055 φύσεως
3010 4988 3071 5042 τὸ
3093 4988 3392 5059 λαμϐάνειν
3417 4992 3567 5063 παρά
3586 4982 3750 5062 Θεοῦ,

504 5069 649 5115 etum
681 5078 696 5115 :
738 5078 760 5113 ι
788 5060 926 5129 Quid
966 5066 1108 5118 enim
1144 5064 1309 5119 habes
1336 5067 1479 5133 quod
1509 5080 1614 5119 non
1652 5070 1902 5138 accepisti
1939 5068 1985 5099 “
2002 5069 2066 5139 1,»

2209 5073 2317 5127 ατὰ
2350 5075 2409 5128 τδ
2438 5074 2600 5145 ῥητὸν
2628 5076 2688 5128 τδ
2716 5075 2889 5144 λέγον’
2926 5076 3048 5131 (Ti
3088 5078 3196 5149 γὰρ
3239 5080 3382 5151 εχεις
3422 5081 3452 5135 δ
3482 5060 3582 5135 δικ
3626 5060 3754 5136 na;

504 5153 726 5223 Accepit
761 5154 927 5222 igitur
955 5163 1015 5208 ut
1052 5156 1211 5211 homo
1256 5171 1351 5225 per
1384 5157 1635 5224 gratiam,
1671 5174 1789 5229 qua
1830 5169 1889 5216 ut
1930 5161 2070 5217 Deus

2210 5183 2299 5232 ες;
2336 5186 2355 5219 ι
2394 5166 2631 5237 Είληφεν
2669 5168 2777 5240 ἄρα
2803 5170 2880 5234 ὼς
2902 5169 3188 5241 ἄνθρωπος
3214 5172 3355 5227 κατά
3377 5175 3539 5246 χάριν
3556 5216 3572 5243 ,
3602 5176 3752 5249 ἅπερ

503 5243 691 5301 habuit
711 5246 1051 5302 naturaliter.

1174 5359 1398 5417 ALIUD.

570 5468 629 5525 Si
657 5467 819 5525 Pater
846 5470 1025 5527 omnia
1050 5483 1305 5541 operatur
1322 5488 1417 5543 per
1450 5472 1644 5529 Filium
1663 5475 1753 5543 ω,
1783 5485 1839 5532 et
1864 5477 2066 5549 absque

2173 5254 2319 5330 εἶχεν
2340 5260 2415 5323 ὡς
2440 5258 2573 5323 Θεὸς
2598 5262 2863 5329 φυσικῶς.

2849 5376 3053 5430 ΔΛΛΟ.

2241 5483 2304 5537 Et
2348 5484 2527 5539 πάντα
2572 5485 2638 5538 δι’
2668 5484 2800 5538 Υίοῦ
2841 5487 2870 5539 ὁ
2908 5485 3096 5557 Πατὴρ
3125 5487 3420 5558 ἐργάζεται
3443 5532 3459 5559 ,
3488 5493 3657 5564 χωρίς
3675 5496 3747 5552 τε

503 5566 620 5637 ipso
650 5566 845 5620 factum
892 5574 974 5621 est
1010 5566 1146 5622 nihil
1190 5566 1260 5631 ⁸⁸,
1296 5569 1601 5624 necessario
1649 5568 1934 5625 dicendum
1980 5580 2063 5630 est

2210 5574 2335 5629 ὺτοῦ
2366 5574 2594 5645 γέγονεν
2617 5576 2791 5639 οὐδὲν,
2818 5578 3113 5645 ἀναγκαῖον
3145 5580 3338 5649 είπείν,
3367 5583 3557 5657 ὅτιπερ
3580 5585 3748 5653 αὐτὸς

502 5660 674 5730 ipsum
697 5658 798 5714 sibi
829 5658 932 5728 ipsi
956 5659 1337 5714 exaltationem
1372 5660 1606 5729 dedisse,
1641 5664 1981 5735 gratiamque
2032 5682 2061 5721 a

2209 5684 2237 5719 ν
2283 5666 2460 5737 ἑαυτῷ
2507 5668 2599 5721 καὶ
2640 5668 2701 5721 τὸ
2746 5666 3010 5738 ὑψοῦσθαι
3056 5669 3252 5741 διδοὺς,
3307 5674 3403 5729 καὶ
3444 5674 3545 5751 τὴν
3593 5678 3749 5751 τωρὰ

569 5814 613 5846 ⁸⁸
640 5810 781 5869 Psal.
807 5828 965 5879 ιιιιι,
994 5814 1043 5867 7.
1122 5815 1166 5847 ⁸⁸
1191 5812 1420 5884 Philipp.
1459 5830 1517 5883 ιι,
1548 5816 1602 5872 9.
1680 5817 1723 5850 “
1764 5816 1782 5873 l
1820 5818 1947 5877 Cor.
1990 5836 2063 5887 Iv,

2216 5821 2285 5855 "‘
2323 5822 2481 5879 Joan.
2520 5840 2571 5890 ν,
2607 5824 2693 5878 l7.
2772 5826 2817 5859 "
2854 5825 3011 5883 Joan.
3042 5842 3084 5893 ι,
3123 5829 3178 5885 5.
