3994 6324
452 454 556 511 555

1441 435 1502 491 S.
1540 427 1815 489 CYlllLLl
1853 419 2326 482 ALEXANDRINI
2363 406 2682 477 A’RCHIEP.

3602 386 3710 451 $36

451 574 593 648 quod
618 576 835 642 promer
866 577 965 619 nos
999 559 1051 615 in
1078 556 1295 613 Christo
1326 551 1600 625 impletur,
1626 557 1812 606 ιιι-ποι
1836 547 1890 603 in
1915 544 2031 615 ipso

2158 541 2198 594 ξι*
2230 540 2381 611 ἡμᾶς
2404 539 2462 592 ὲν
2480 532 2702 607 Χριστῷ
2725 527 3124 601 πληρούμενον,
3146 523 3235 579 ῖνα
3254 517 3413 594 ἡμεῖς
3436 516 3504 584 ἀγ
3514 512 3713 569 ιασθὼο

451 666 873 726 sanctificemur.

1122 763 1348 825 ALIUD.

838 909 917 964 Ea;
944 905 1228 975 Objection
1256 894 1641 953 haereticorum.

528 1050 798 1118 Scriptum
833 1052 936 1109 est,
967 1038 1274 1111 inquiunt‘:
1308 1052 1328 1086 ι
1363 1026 1607 1086 Dilexisti
1646 1022 1939 1094 justitiam,
1975 1028 2033 1075 et

461 1143 621 1201 odisti
653 1111 1042 1208 iniquitatem,
1092 1128 1296 1185 idcirco
1338 1119 1506 1192 unxit
1552 1128 1605 1172 te
1658 1115 1839 1179 Deus,
1892 1111 2032 1165 Deus

462 1247 581 1291 tuus
611 1233 723 1305 ⁷⁸.)
759 1203 872 1284 Non
904 1226 1067 1297 igitur
1100 1223 1153 1277 in
1177 1219 1491 1274 universum
1518 1217 1742 1265 unctum
1765 1218 1889 1260 esse
1918 1203 2031 1258 Do-

460 1328 663 1381 minum
688 1294 958 1381 dabimus,
991 1314 1094 1370 nisi
1125 1309 1400 1368 dilexisset
1443 1301 1709 1375 justitiam
1749 1306 1805 1353 et
1832 1294 2033 1351 odisset

457 1415 819 1486 iniquitatem.
857 1408 972 1464 Vox
1007 1407 1153 1463 enim
1210 1398 1591 1466 haec,idcirco,
1648 1404 1769 1462 quae
1812 1399 2031 1443 causam

455 1479 742 1580 signiﬁcat,
795 1505 1025 1572 adjecta,
1071 1495 1377 1553 unctionem
1423 1499 1678 1556 tanquam
1732 1479 2032 1537 mercedem

453 1570 670 1657 virtutis
700 1612 821 1652 esse
846 1570 1105 1657 ostendit.
1136 1588 1193 1643 Si
1222 1599 1349 1641 vero
1380 1580 1584 1637 idcirco
1624 1575 1863 1647 ungitur,
1905 1570 2032 1642 quia

452 1693 719 1762 justitiam
753 1685 938 1742 dilexit
965 1692 1021 1737 et
1062 1679 1178 1735 odit
1220 1672 1586 1745 iniquitatem,
1624 1679 1753 1733 ergo
1792 1659 2035 1718 sanctiﬁ-

458 1751 726 1839 bationem
758 1779 900 1832 dono
944 1771 1161 1841 accipit.
1193 1765 1295 1834 Qui
1333 1776 1464 1819 vero
1514 1756 1819 1830 adjectione
1856 1751 2035 1821 aliqua

456 1883 598 1945 eget,
636 1867 984 1941 imperfectus
1019 1863 1090 1919 sit
1116 1864 1353 1930 oportet,
1392 1866 1567 1924 neque
1611 1850 1757 1905 Patri
1792 1844 2035 1917 perfecto

457 1968 672 2024 similis.

971 2086 1177 2146 Salutio
1204 2081 1529 2153 objectionis.

537 2235 732 2303 Surge,
757 2228 847 2298 qui
875 2224 1101 2287 dormis,
1121 2230 1172 2275 et
1198 2217 1464 2274 suscitare
1494 2227 1527 2269 e
1547 2208 1776 2267 mortuis
1796 2207 2043 2276 “,atque

459 2329 585 2385 andi
627 2298 891 2385 vicissim,
927 2315 1198 2373 hmretice.
1233 2311 1367 2378 Quia
1414 2306 1620 2376 inquit,
1674 2320 1693 2355 ι
1723 2299 1895 2358 Odisti
1939 2298 2043 2354 ini-

461 2423 745 2493 quitatem,
800 2424 854 2469 et
904 2408 1140 2465 dilexisti
1185 2403 1478 2475 justitiam,
1530 2399 1733 2454 idcirco
1784 2394 1937 2449 unxit
1991 2400 2043 2448 te

462 2484 641 2570 Deus:
679 2527 698 2561 ι
734 2521 838 2561 non
871 2513 927 2559 ut
949 2500 1214 2571 quispiam
1258 2495 1403 2550 illam
1435 2492 1742 2547 unctionem
1772 2484 2041 2541 mercedis

461 2606 580 2661 loco
614 2598 888 2667 accepisse
913 2592 1236 2661 suspicetur,
1275 2585 1369 2640 sed
1413 2592 1475 2637 ut
1513 2581 1617 2636 hoc
1654 2587 1816 2650 pacto
1837 2576 2042 2630 dictum

462 2664 847 2759 intelligamus.
874 2684 1090 2739 Primus
1114 2686 1296 2731 noster
1329 2686 1525 2744 parens
1556 2669 1723 2724 Adam
1764 2664 2044 2721 mutabilis

463 2786 565 2842 fuit
593 2792 819 2841 natura},
842 2776 1042 2845 quique
1064 2768 1336 2825 interdum
1360 2766 1574 2835 quidem
1596 2760 1864 2832 justitiam
1898 2769 2046 2810 ama-

464 2886 567 2940 ret,
613 2885 666 2929 et
698 2868 1036 2938 iniquitatem
1073 2863 1276 2918 odisset
1309 2876 1322 2912 :
1364 2854 1637 2911 interdum
1665 2866 1795 2905 vero
1829 2850 1881 2904 in
1910 2862 2045 2903 con-

465 2967 692 3024 trarium
718 2961 960 3017 habitum
986 2952 1302 3009 transiliret.
1322 2948 1457 3005 Cum
1484 2946 1626 3000 enim
1651 2943 1751 2998 hoc
1768 2940 2047 3011 proprium

467 3061 537 3116 sit
571 3064 777 3111 natura:
812 3045 1090 3111 mutabili,
1132 3042 1386 3097 seductus
1426 3036 1530 3091 luit
1566 3050 1595 3089 a
1639 3031 1867 3089 diabolo.
1912 3027 2045 3083 Cum

468 3162 598 3204 vero
621 3145 686 3199 ad
713 3140 1011 3197 curandum
1044 3136 1187 3190 hunc
1219 3130 1465 3187 morbum
1501 3126 1866 3181 necessarium
1904 3128 2050 3175 esset

472 3252 530 3297 nt
573 3232 909 3296 immutabile
958 3229 1051 3285 Dei
1088 3227 1320 3281 Verbum
1350 3222 1587 3291 seipsum
1621 3230 1720 3287 pro
1751 3214 1904 3269 nobis
1933 3210 2049 3266 dia-

470 3330 593 3387 bolo
620 3330 939 3396 opponeret,
970 3328 1049 3385 ut,
1078 3312 1530 3388 quemadmodum
1562 3324 1657 3380 per
1686 3308 1829 3363 illius
1867 3314 2046 3359 muta-

473 3412 732 3477 bilitatem
786 3414 911 3469 victi
964 3423 1213 3473 eramus,
1279 3406 1352 3461 ita
1402 3418 1499 3473 per
1562 3397 2050 3456 immutabilitatem

474 3508 635 3564 Verbi
674 3507 977 3587 gincamus.
1017 3500 1222 3555 Idcirco
1258 3495 1497 3563 ungitur,
1532 3500 1715 3561 utpote
1760 3485 1972 3557 semper
1999 3496 2055 3542 et

476 3580 883 3656 immutabiliter
948 3590 1215 3663 justitiam
1281 3586 1539 3654 diligens,
1604 3593 1660 3639 et
1714 3580 2052 3650 iniquitatem

476 3706 692 3749 exesam
725 3687 950 3749 habens,
995 3682 1198 3754 quique
1224 3678 1419 3733 mutari
1449 3682 1701 3745 nequeat.
1730 3671 1864 3727 Cum
1893 3670 2056 3741 igitur

478 3784 609 3841 dicit
652 3799 665 3835 :
716 3799 734 3832 ι
770 3776 1011 3833 Dilexisti
1062 3772 1328 3844 justitiam
1376 3776 1431 3823 et
1476 3766 1635 3821 odisti
1689 3763 2055 3834 iniquitatem,

480 3876 681 3932 idcirco
714 3871 869 3927 unxit
893 3879 943 3923 te
976 3868 1135 3933 Deus,
1176 3882 1195 3915 ι
1233 3864 1306 3917 ita
1347 3859 1621 3929 intellige:
1661 3856 1795 3912 Cum
1837 3870 1903 3909 ex
1942 3867 2059 3907 om-

483 3967 643 4023 nibus
683 3964 883 4019 creatis
917 3956 1232 4013 mutabilem
1278 3962 1523 4007 naturam
1567 3946 1892 4003 habentibus
1928 3942 2059 3998 nihil

484 4057 698 4115 diabolo
749 4053 1015 4109 obsistere
1073 4052 1287 4116 posset;
1340 4052 1394 4096 tu
1444 4054 1573 4095 vero
1619 4053 1684 4094 ex
1735 4033 2059 4091 immutabili

488 4150 646 4205 Patre
676 4141 1024 4202 immutabilis
1050 4138 1346 4198 exsistens,
1380 4138 1519 4187 Deus
1557 4129 1810 4194 Verbum,
1845 4138 2062 4196 semper

484 4240 746 4313 justitiam
791 4233 989 4303 diligis,
1039 4241 1093 4284 et
1140 4227 1481 4295 iniquitatem
1547 4219 1754 4285 odisti,
1810 4218 1962 4272 unxit
2011 4226 2063 4272 te

493 4307 655 4395 Deus,
686 4328 816 4383 utin
844 4334 914 4388 te,
943 4333 996 4377 et
1016 4321 1231 4392 quidem
1254 4316 1451 4385 primo,
1479 4311 1719 4367 hominis
1752 4319 1939 4364 natura
1968 4307 2062 4361 ad-

492 4437 679 4479 versus
700 4435 820 4483 eum
848 4416 1037 4475 victrix,
1062 4412 1334 4467 evaderet.

706 4628 933 4695 ALIUD,
982 4642 1046 4681 ea
1073 4624 1251 4679 eodem
1289 4619 1591 4691 syllogismo
1622 4617 1845 4671 illatum.

568 4765 736 4823 Multa
756 4755 1119 4832 hujuscemodi
1139 4755 1190 4807 in
1208 4768 1356 4807 sacra
1376 4750 1655 4817 Scriptura
1678 4747 1743 4801 de
1766 4746 1874 4802 Deo
1892 4759 1952 4798 ac
1965 4744 2067 4797 Pa-

507 4872 593 4917 tre
606 4840 874 4917 dicuntur,
892 4847 1033 4920 quod
1061 4844 1221 4918 199
1241 4862 1261 4895 ι
1279 4843 1463 4898 Justus
1487 4842 1741 4897 Dominus
1760 4849 1812 4894 et
1830 4837 2070 4907 justitias

506 4950 697 5008 dilexit
735 4947 800 5000 τ’.
836 4964 853 4997 ι
887 4942 952 4997 Et
995 4953 1187 4996 rursus
1230 4954 1244 4990 :
1290 4955 1309 4987 ι
1341 4933 1513 4990 Odisti
1552 4946 1741 4988 omnes
1785 4937 2071 5001 operantes

502 5038 835 5111 iniquitatem
862 5033 930 5088 ".
956 5049 974 5083 ι
1006 5028 1137 5085 ltem
1166 5044 1179 5081 :
1214 5045 1233 5079 ι
1262 5022 1652 5093 Εεοιῡοωίηιιε
1672 5022 1761 5091 qui
1792 5020 1957 5088 diligo
1981 5019 2071 5087 ju-

500 5110 727 5192 stitiam,
758 5132 810 5178 et
854 5121 942 5176 odi
988 5117 1208 5188 rapinas
1233 5128 1301 5169 ex
1346 5111 1630 5182 iniquitate
1662 5110 1729 5163 ⁷⁵.
1761 5128 1781 5162 ι
1816 5111 1979 5179 Atqui
2023 5110 2069 5163 si

502 5222 625 5293 quis
658 5219 801 5274 dicat
832 5232 847 5268 :
877 5212 1100 5282 Magnus
1127 5209 1385 5263 Dominus
1421 5211 1623 5267 noster,
1653 5201 2070 5272 quia‘just’itiam

515 5314 688 5384 diligit
732 5318 784 5365 et
809 5306 920 5362 odit
946 5302 1283 5373 iniquitatem
1310 5318 1325 5355 :
1357 5314 1425 5352 an
1465 5296 1655 5352 titulus
1687 5297 1793 5360 hic,
1825 5311 2067 5365 magnus,

513 5407 619 5464 crit
649 5403 759 5456 Deo
786 5415 847 5453 ac
874 5397 1018 5452 Patri
1050 5405 1259 5449 merces
1284 5390 1521 5457 virtutis,
1552 5389 1696 5458 quod
1722 5390 1834 5443 hzec
1859 5387 2075 5458 quidem

508 5506 671 5560 amet,
693 5494 778 5546 illa
802 5504 929 5545 vero
942 5486 1115 5542 oderit
1131 5482 1155 5538 ?
1169 5484 1328 5540 Certe
1348 5484 1756 5551 nemojunquam
1778 5479 1911 5533 adeo
1929 5478 2076 5532 insa-

511 5589 691 5643 nierit.
741 5579 1199 5649 Quemadmodum
1241 5575 1404 5643 igitur
1456 5572 1763 5642 bujusmodi
1819 5580 1966 5626 recte
2012 5584 2076 5625 ac

512 5681 595 5750 pie
621 5680 687 5733 de
719 5674 875 5730 Patre
905 5672 1157 5727 dicuntur
1193 5686 1206 5722 :
1245 5667 1320 5722 ita
1354 5668 1518 5722 etlam
1550 5672 1697 5721 recte
1718 5663 1783 5719 de
1826 5662 1962 5717 Filio
1994 5662 2078 5715 in-

582 5852 631 5890 "
656 5852 803 5910 Psal.
829 5866 969 5920 μιν,
999 5851 1050 5906 8.
1130 5848 1168 5880 -"
1207 5847 1402 5918 Ephes.
1428 5862 1480 5913 v,
1514 5845 1598 5900 li.
1677 5845 1721 5878 τ’
1750 5842 1892 5900 Ρῦιιὶ.
1934 5858 1983 5896 ι.
2019 5841 2073 5895 8.

2132 647 2232 702 μιν
2264 633 2321 683 ὲν
2353 627 2518 697 αὓτῷ.

2829 735 3031 789 ΑΛΛΟ.

2462 874 2555 939 Ὠς
2575 871 2644 936 ἐξ
2679 868 3038 933 ἀντιθέσεως
3068 860 3399 932 αἱρετικῶν.

2202 1011 2539 1081 Γέγραπται,
2576 1003 2760 1074 φασίνο
2795 1019 2815 1053 ι
2869 999 3193 1068 Ἦγάπησας
3232 990 3603 1059 δικαιοσύνην,
3626 988 3728 1041 καὶ

2132 1080 2402 1175 ἐμίσησας
2424 1097 2683 1175 ἀνομίαν,
2707 1094 2795 1149 διὰ
2814 1092 2973 1146 τοῦτο
2997 1087 3182 1161 ἐχρισέ
3216 1104 3276 1140 σε
3301 1088 3331 1139 6
3358 1084 3511 1147 Θεὸς,
3540 1083 3570 1133 6
3588 1080 3728 1140 Θεός

2136 1170 2251 1248 σου.
2286 1170 2305 1243 ὲ
2339 1190 2453 1265 Ούκ
2475 1189 2543 1242 ἀν
2568 1174 2663 1241 οὖν
2689 1186 2827 1249 ὅλως
2850 1179 3137 1254 κεχρίοθαι
3179 1177 3273 1232 τὸν
3324 1174 3528 1247 Κύριον
3551 1170 3726 1223 δώσο-

2139 1302 2259 1356 μεν,
2286 1282 2335 1335 ει
2365 1264 2439 1352 μὴ
2468 1276 2817 1348 δικαιοσύνην
2841 1274 3120 1345 ἠγάπησε,
3160 1269 3258 1323 καὶ
3298 1266 3562 1338 ἐμίσησεν
3605 1261 3727 1314 ἀδι-

2136 1352 2280 1428 κίαν.
2298 1372 2356 1427 '0
2384 1370 2495 1442 γὰρ
2522 1368 2820 1437 σύνδεσμος
2848 1367 2876 1419 6
2902 1360 3289 1430 αίτιολογικὸς,
3322 1356 3596 1419 τουτέστι,
3618 1352 3732 1406 διὰ

2137 1464 2333 1529 τοῦτο,
2359 1460 2564 1533 μεταξὺ
2625 1458 2897 1528 κείμενος,
2942 1452 3134 1524 μισθὸν
3188 1449 3381 1521 ὥσπερ
3429 1444 3631 1516 ἀρετῆς
3662 1443 3733 1497 τὸ

2134 1556 2347 1628 ,χρίσμα
2395 1551 2649 1607 δεικνύει.
2704 1550 2767 1602 Εί
2797 1548 2855 1603 δὲ
2904 1546 2996 1609 διὰ
3037 1543 3198 1598 τοῦτο
3241 1541 3478 1615 χρίεται,
3523 1540 3607 1593 ὅτι
3644 1536 3723 1589 διο

2138 1645 2432 1717 καιοσύνην
2455 1644 2668 1714 ἀγαπᾷ,
2704 1640 2799 1694 καὶ
2831 1637 3046 1693 ἀδικίαν
3083 1637 3252 1707 μισεῖ,
3290 1634 3461 1704 δῶρον
3490 1630 3604 1701 εχει
3629 1628 3734 1681 τὸν

2139 1736 2430 1807 ἁγιασμόν.
2471 1735 2529 1788 '0
2556 1733 2613 1787 δὲ
2649 1730 2969 1805 προσθήκης
2993 1726 3138 1791 τινὸς
3160 1725 3398 1797 δεηθεὶς,
3432 1722 3629 1793 ἀτελὴς
3658 1719 3734 1775 ἂν

2141 1831 2249 1899 εῖη,
2284 1829 2378 1883 καὶ
2404 1827 2502 1897 οὑχ
2535 1827 2719 1896 ὅμοιος
2758 1822 2835 1893 τῷ
2874 1819 3063 1891 τελείῳ
3097 1817 3296 1889 Πατρί.

2632 2044 2790 2113 Πρὸς
2814 2040 2992 2096 τοῦτο
3028 2039 3230 2105 λύσις.

2210 2173 2465 2256 Ἐγειραι
2497 2184 2525 2236 6
2559 2178 2865 2241 καθεύδων,
2893 2176 2989 2229 καὶ
3024 2172 3232 2227 ἀνάστα
3257 2172 3323 2224 ἐκ
3356 2168 3465 2223 τῶν
3493 2166 3739 2240 νεκρῶν,

2140 2281 2236 2335 καὶ
2271 2276 2479 2347 ἀκούσῃ
2502 2273 2682 2338 πάλιν,
2712 2268 2985 2341 αἱρετικέ.
3031 2263 3272 2335 Ἐπειδὴ,
3326 2262 3515 2334 φησὶν,
3548 2280 3566 2312 ι
3605 2260 3741 2330 ἐμί-

2143 2388 2314 2444 σησας
2339 2367 2577 2433 ἀδικίαν,
2607 2364 2705 2418 καὶ
2722 2361 3018 2433 1ἠγάπησας
3037 2356 3411 2426 δικαιοσύνην,
3447 2355 3536 2408 διὰ
3564 2351 3735 2406 τοῦτο

2141 2463 2327 2537 Εχρισέ
2356 2477 2421 2514 σε
2441 2462 2470 2514 6
2493 2458 2627 2520 Θεὸς
2643 2496 2660 2524 ,
2701 2475 2719 2507 ι
2748 2456 2849 2525 οὐχ
2872 2454 2963 2508 ἵνα
2984 2448 3178 2523 μισθὸν
3200 2449 3402 2520 ἀρετῆς
3434 2446 3496 2499 τὸ
3517 2446 3737 2517 χρίσμα

2140 2553 2388 2611 δεδόσθαι
2408 2568 2490 2615 τις
2509 2546 2773 2617 ὑπολάᾶῃ,
2809 2543 2920 2599 ἀλλ’
2962 2542 3051 2596 ῖνα
3081 2538 3309 2594 τοιῶσδε
3347 2539 3627 2608 νοήσωμεν
3666 2537 3742 2589 τὸ

2143 2650 2453 2719 λεγόμενον.
2506 2642 2759 2715 Τρεπτῆς
2809 2639 3070 2709 ὑπάρχων
3102 2634 3321 2705 φύσεως
3357 2634 3396 2685 ό
3424 2630 3742 2703 προπάτωρ

2157 2741 2346 2812 ’Δδάμ,
2378 2739 2471 2792 καὶ
2499 2733 2759 2805 πεφυκὼς
2782 2730 2999 2785 ἐσθ’ὄτε
3030 2728 3161 2782 ποτὲ
3192 2726 3292 2798 μὲν
3326 2724 3427 2795 τὴν
3456 2721 3743 2778 δικαιοσύο

2144 2850 2243 2904 νην
2276 2832 2497 2902 ἀγαπᾷν
2532 2829 2626 2882 καὶ
2659 2828 2839 2899 μισεῖν
2884 2824 2985 2895 τὴν
3041 2820 3279 2883 ἀδικίαν,
3330 2819 3462 2871 ποτὲ
3488 2816 3546 2870 δὲ
3568 2815 3743 2870 πάλιν

2145 2924 2350 2997 είςτὴν
2366 2922 2616 2977 ὶναντίαν
2642 2920 2754 2986 εξιν
2778 2915 3113 2990 μεταπηδᾷν,
3147 2914 3241 2967 καὶ
3270 2913 3490 2983 ἀγαπᾷν
3517 2910 3613 2981 μὲν
3634 2908 3745 2980 τὴν

2147 3010 2385 3080 ἀδικίαν,
2439 3014 2619 3086 μισεῖν
2653 3004 3219 3082 δὲτὴν-δικαιοσύνην
3264 3004 3458 3075 (τοῦτο
3488 3004 3596 3073 γὰρ
3625 3001 3745 3056 τῶν

2146 3105 2495 3180 τρεπομένην
2558 3102 2791 3174 ὲχόντων
2830 3100 2930 3173 τὴν
2981 3097 3145 3168 φύσιν
3188 3095 3378 3165 ῖδιον),
3412 3090 3745 3165 παρηνέχθη

2152 3197 2303 3271 παρά
2328 3194 2423 3251 τοῦ
2444 3193 2717 3250 διαδόλου.
2761 3190 2978 3262 Ἐπειδὴ
3003 3190 3062 3244 δὲ
3086 3188 3227 3261 πρὸς
3249 3188 3349 3257 τὴν
3377 3184 3472 3240 τοῦ
3493 3183 3746 3239 τοιούτω

2148 3292 2455 3361 νοσήματος
2487 3288 2639 3342 λύσιν
2666 3286 2773 3339 ἔδει
2809 3285 2900 3338 τὸν
2945 3284 3215 3355 ἄτρεπτον
3264 3279 3359 3333 τοῦ
3384 3276 3521 3333 Θεοῦ
3566 3277 3749 3345 Λόγον

2153 3385 2344 3438 ἑαυτὸν
2386 3380 2527 3452 ὑπὲρ
2545 3378 2706 3451 ἡμῶν
2738 3376 3034 3432 ἀντιθεῖναι
3064 3374 3142 3445 τῷ
3175 3372 3419 3444 πονηρῷ,
3461 3361 3748 3441 ἶν’ῶσπερ

2152 3476 2240 3530 διὰ
2257 3476 2358 3545 τῆς
2387 3472 2598 3527 ἐκείνου
2659 3471 2869 3542 τροπῆς
2901 3466 3275 3538 ὲνικήθημεν,
3333 3464 3478 3518 οὕτω
3523 3463 3611 3517 διά
3641 3464 3751 3533 τῆς

2154 3565 2414 3638 ἀτρεψίας
2452 3561 2549 3616 τοῦ
2580 3560 2755 3630 Λόγου
2786 3561 3152 3631 κρατήσωμεν
3171 3575 3185 3589 ·
3220 3556 3310 3610 διὰ
3339 3556 3500 3609 τοῦτο
3527 3555 3751 3625 χρίεται

2154 3656 2231 3721 ὡς
2258 3655 2346 3710 ἀεὶ
2371 3654 2467 3708 καὶ
2485 3650 2971 3725 [ἀ]παραλλάκτως
3012 3646 3360 3718 δικαιοσύνην
3380 3645 3630 3715 ἀγαπῶν,
3648 3647 3753 3700 καὶ

2160 3746 2332 3819 μισῶν
2364 3744 2601 3809 ἀδικίαν,
2650 3743 2743 3796 καὶ
2793 3741 3069 3813 τραπῆναι
3112 3739 3187 3810 μὴ
3225 3738 3543 3809 δυνάμενος.
3573 3737 3749 3789 Ὂταν

2158 3836 2250 3895 οὖν
2282 3839 2438 3909 λέγῃ,
2478 3837 2843 3905 ιἨγάπησας
2892 3831 3273 3902 δικαιοσύνην,
3327 3830 3425 3885 καὶ
3476 3829 3754 3901 ἐμίσησας

2159 3931 2392 3994 ἀδικίαν,
2417 3928 2502 3982 διὰ
2528 3927 2689 3980 τοῦτο
2717 3925 2901 3997 ἔχρισέ
2932 3942 2991 3978 σε
3014 3926 3043 3977 6
3083 3922 3246 3987 Θεὸς,
3286 3941 3304 3974 ι
3336 3920 3589 3991 τοιαύτην
3622 3919 3750 3975 τινὰ

2160 4024 2317 4094 δέχου
2350 4020 2586 4075 διάνοιαν
2604 4038 2617 4049 ·
2652 4016 2875 4088 Ἐπειδὴ
2896 4015 3115 4069 πάντων
3138 4014 3249 4068 τῶν
3278 4014 3522 4085 γενητῶν
3544 4029 3753 4083 τρεπο-

2165 4116 2333 4188 μένην
2359 4113 2591 4184 ὲχόντων
2617 4111 2717 4183 τὴν
2742 4109 2904 4181 φύσιν
2936 4107 3086 4160 οὐδὲν
3114 4105 3346 4177 ἠδύνατο
3368 4105 3642 4177 μάχεσθαι
3668 4104 3755 4175 τῷ

2161 4205 2411 4275 διαϐόλῳ,
2462 4205 2526 4257 σὺ
2551 4203 2609 4257 δὲ
2668 4202 2729 4268 ἐξ
2758 4199 3029 4272 ἀτρέπτου
3083 4196 3299 4268 ιΙατρὸς
3346 4196 3616 4268 ἄτρεπτος
3648 4194 3749 4259 ὢν,

2163 4298 2295 4362 Θεὸς
2318 4297 2509 4365 Λόγος,
2540 4295 2629 4348 ἀεὶ
2655 4292 3000 4363 δικαιοσύνην
3030 4291 3276 4361 ἀγαπᾷς,
3312 4294 3410 4360 τήν
3452 4306 3512 4342 τε
3533 4290 3754 4345 ἀδικίαν
3804 4310 3809 4313 ν

2169 4391 2364 4461 μισεῖς,
2388 4386 2574 4457 ἐχρισέ
2598 4403 2657 4439 σε
2688 4388 2716 4438 6
2743 4385 2897 4448 Θεὸς,
2948 4384 3034 4437 ἴνα
3064 4383 3122 4435 ὲν
3151 4383 3237 4436 σοὶ
3288 4382 3379 4435 καὶ
3415 4380 3620 4454 πρώτῳ
3651 4382 3756 4454 τὴν

2165 4479 2454 4553 ἀνθρώπου
2492 4477 2654 4548 φύσιν
2682 4477 2813 4549 παρ’
2843 4474 2982 4531 αὐτὰ
3015 4474 3255 4531 νικῶσαν
3287 4473 3573 4546 θεάσηται.

2101 4622 2143 4675 D
2241 4615 2448 4677 ΑΛΔΟ,
2465 4614 2532 4667 ἐκ
2559 4612 2665 4667 τοῦ
2684 4611 2872 4667 αὐτοῦ
2900 4610 3211 4681 συναχθὲν
3233 4610 3682 4681 συλλογισμοῦ.

2239 4750 2568 4823 Εὑρίσκεται
2591 4746 2742 4818 παρὰ
2768 4749 2834 4817 τῇ
2860 4746 2981 4817 θείᾳ
3001 4746 3192 4817 Γραφῇ
3224 4744 3353 4817 περὶ
3374 4744 3466 4799 τοῦ
3499 4744 3637 4799 Θεοῦ
3660 4746 3759 4800 καὶ

2169 4841 2383 4912 Πατρὸς
2420 4840 2649 4908 κείμενα
2694 4835 2920 4890 τοιαῦτα
2962 4834 3155 4901 πολλὰ,
3188 4835 3272 4888 ὅτι
3306 4854 3324 4886 ι
3376 4834 3597 4898 Δίκαιος
3644 4833 3761 4888 Κύ-

2174 4950 2288 5005 ριος
2322 4931 2414 4986 καὶ
2442 4927 2790 4991 δικαιοσύνας
2810 4928 3085 4999 ἠγάπησε.
3115 4946 3134 4978 ι
3171 4926 3282 4980 Καὶ
3306 4925 3489 4979 πάλιν·
3529 4942 3549 4975 ι
3597 4920 3757 4995 Ἔμίο

2175 5040 2347 5097 σησας
2381 5022 2588 5083 πάντας
2612 5022 2739 5084 τοὺς
2776 5021 3174 5092 ἐργαζομένους
3206 5018 3304 5090 τὴν
3329 5017 3578 5088 ἀνομίαν.
3608 5037 3630 5070 ι
3650 5019 3763 5073 Καὶ

2179 5117 2361 5171 πάλινο
2397 5134 2415 5165 ι
2455 5114 2596 5183 Ἐγώ
2615 5115 2730 5184 είμι
2778 5113 2983 5185 Κύριος
3036 5114 3064 5165 6
3111 5110 3343 5181 ἀγαπῶν
3374 5110 3760 5183 δικαιοσύνην,

2181 5214 2276 5261 καὶ
2302 5206 2473 5278 μισῶν
2506 5208 2845 5277 ἁρπάγματα
2890 5205 2949 5272 ἐξ
2990 5204 3227 5268 ἀδικίας.
3272 5222 3292 5255 ι
3333 5198 3445 5274 ’Δρ
3478 5196 3572 5255 οὖν
3592 5202 3645 5257 ετ
3678 5219 3765 5266 τις

2182 5302 2279 5353 καὶ
2300 5298 2388 5352 διὰ
2414 5297 2585 5352 ταῦτα
2613 5296 2779 5367 λιγοι·
2802 5297 2999 5366 -Μέγας
3029 5296 3057 5347 6
3109 5293 3313 5366 Κύριος
3352 5292 3530 5365 ἡμῶν,
3563 5294 3645 5346 ὅτι
3664 5294 3767 5363 τὴν

2183 5389 2529 5461 δικαιοσύνην
2574 5390 2781 5461 ἀγαπᾷ,
2836 5391 2983 5459 μισεῖ
3036 5387 3093 5441 δὲ
3146 5387 3247 5458 τὴν
3290 5386 3523 5451 ἀδικίαν,
3574 5386 3768 5456 μισθὸς

2181 5482 2334 5536 ἔσται
2354 5480 2434 5551 τῷ
2463 5479 2583 5551 Θεῷ
2622 5482 2714 5534 καὶ
2739 5482 2916 5550 Πατρὶ
2944 5480 3005 5534 τὸ
3032 5479 3223 5549 μέγας
3248 5479 3343 5531 καὶ
3397 5478 3601 5547 ἀρετῆς
3638 5480 3767 5549 ἀντ-

2184 5572 2475 5638 απόδοσις,
2524 5572 2605 5625 ὅτι
2662 5572 2786 5625 τάδε
2850 5572 2950 5643 μὲν
2982 5572 3205 5643 ἀγαπᾷ,
3240 5573 3387 5642 μισεῖ
3434 5571 3490 5623 δὲ
3541 5572 3766 5635 ὲκεῖνας

2199 5661 2337 5714 Ἀλλ’
2366 5662 2466 5714 οὐκ
2505 5661 2570 5714 ἀν
2598 5678 2683 5724 τις
2712 5660 2855 5715 οὕτω
2900 5662 3093 5732 μανείη
3122 5662 3276 5715 ποτέ.
3310 5661 3522 5723 Ὠσπερ
3551 5655 3645 5715 οὖν
3673 5663 3771 5725 6rd.

2148 5841 2192 5873 ⁷³
2221 5840 2361 5896 Psal.
2395 5856 2445 5909 ν,
2483 5840 2533 5894 7.
2617 5840 2663 5873 ⁷⁵
2692 5839 2794 5897 lsa.
2834 5856 2945 5907 ut,
2979 5840 3032 5896 8.
