3994 6324
196 439 293 496 337

1592 426 2039 489 'l‘llESAjURUS.

3381 412 3487 470 338

197 548 282 605 τοῦ
311 546 526 619 Πατρδς
554 544 798 610 εὐσεϐῶς
842 546 1046 600 νοεῖται
1078 542 1149 597 τὰ
1203 540 1427 596 τοιῶσδε
1478 540 1749 611 λεγόμενα
1770 579 1784 604 ,

1917 539 2061 613 elligi
2105 546 2352 608 possunt.
2390 536 2527 591 Nam
2572 535 2754 605 imago
2782 534 3163 603 archetypum,
3197 534 3253 582 et
3290 524 3486 581 arche-

199 638 452 704 οὕτωςᾶν
472 636 718 707 εὐλόγοις
741 637 1041 709 ἑκληφθείη
1073 635 1168 690 καὶ
1209 634 1295 704 ἐφ’
1324 634 1476 687 Υίοῦ.
1504 633 1649 705 Πρὸς
1679 632 1789 703 γὰρ

200 732 254 788 τὸ
274 729 589 802 ἀρχέτυπον
615 732 658 801 ἠ
690 730 878 799 εἰκὼν,
902 728 998 783 καὶ
1025 727 1160 798 πρὸς
1188 726 1288 797 τὴν
1322 725 1511 781 είκόνα
1544 722 1604 778 τὸ
1633 722 1791 794 ἀρχέ-

198 842 373 881 sum.

200 942 298 1008 Εὶς
334 942 402 996 τὸ
423 942 620 1012 ῥητὸν·
648 939 754 1012 τοῦ
789 938 1157 1012 ᾏποστὸλου
1190 936 1256 1012 τό
1283 935 1468 1012 λόγον
1488 952 1518 1012 ’Δ
1545 954 1567 1012 t_
1587 933 1793 1012 excto-

264 1003 395 1067 ἱσεν
423 1003 508 1067 Ἇνί
534 1010 706 1078 δεξιᾷ
741 1009 855 1078 τῆς
907 1003 1461 1079 gemmis».
1489 1003 1756 1079 ὑψηλοῖς
1775 1043 1789 1068 ι

264 1084 540 1149 τοσούτῳ
566 1074 849 1149 κρείττὼ
872 1074 1194 1149 γενόμενος
1217 1076 1337 1130 τῶν
1363 1074 1654 1147 ἀγγέλων.
1698 1092 1717 1127 ι

266 1196 328 1248 Ui
360 1196 465 1267 τῆς
486 1196 673 1258 οὐσίας
696 1194 792 1247 τοῦ
814 1192 952 1248 Θεοῦ
979 1192 1154 1261 Λόγου
1205 1189 1516 1262 τολμῶντες
1560 1204 1796 1258 κατηγο-

204 1287 331 1357 ρεῖν.
362 1288 463 1340 καὶ
495 1286 587 1340 τὸν
622 1286 753 1340 Υίδν
786 1287 899 1349 τοῖς
931 1286 1182 1355 γενητοῖς
1214 1282 1529 1336 συντάττειν
1564 1280 1795 1334 σπουδά-

203 1376 381 1443 ζοντὲς
408 1396 568 1447 φασι.
611 1377 960 1449 σοφιζόμενοι
983 1376 1083 1447 τὴν
1112 1372 1397 1446 ἀλήθειανο
1436 1373 1500 1427 Ei
1529 1372 1797 1444 κρείττων

202 1470 387 1537 γέγονε
420 1470 533 1523 τῶν
558 1469 809 1539 ἀγγέλων
854 1470 883 1523 6
943 1468 1086 1532 Υίὸς.
1119 1466 1230 1520 ἀπὸ
1288 1464 1499 1537 τροπῆς
1547 1464 1657 1533 ἀρα
1683 1464 1797 1534 ἔχει

201 1557 353 1612 τοῦτο
380 1563 487 1632 τῆς
520 1560 612 1613 ἐπὶ
645 1560 707 1613 τὸ
733 1558 979 1631 ἄμεινον·
1007 1555 1036 1609 6
1076 1555 1187 1626 γὰρ
1223 1554 1325 1610 οὐκ
1356 1550 1425 1625 ἦν
1450 1553 1691 1623 ἐγένετο.
1725 1551 1806 1609 ΤὺΔ

202 1649 333 1715 ὅλως
366 1651 793 1720 μεταποιεῖσθαι
825 1649 1145 1720 δυνάμενον,
1210 1647 1303 1701 καὶ
1361 1647 1469 1701 ἀπό
1519 1664 1665 1709 τινος
1718 1646 1799 1708 είς

202 1741 383 1812 ἔτερόν
436 1760 493 1797 τι
544 1741 986 1815 παραφέρεσθαι,
1032 1739 1276 1812 τρεπτῆς
1317 1732 1386 1801 ἂν
1436 1741 1521 1809 εἴη
1560 1739 1797 1809 φύσεως.

203 1832 263 1887 El
291 1834 347 1889 δὲ
371 1836 641 1907 τρεπτῆς,
669 1835 833 1907 δῆλον
885 1836 969 1889 ότι
1019 1833 1114 1888 καὶ
1143 1834 1379 1904 γενητῆς
1404 1875 1419 1900 ,
1476 1828 1545 1907 ἧς
1589 1832 1719 1889 ἴδιον
1761 1834 1794 1904 ἠ

202 1928 397 1998 «eam

689 2040 846 2109 Πρὸς
893 2040 1071 2094 τοῦτο
1110 2039 1315 2106 λύσις.

272 2152 502 2223 Πρῶτον
534 2153 633 2223 μὲν
662 2146 756 2206 οὖν
784 2153 1052 2224 προσήκει
1108 2152 1199 2205 τὸν
1256 2155 1337 2217 εἰς
1395 2151 1626 2225 ἔρευναν
1690 2151 1800 2207 τῶν

206 2246 358 2300 θείων
408 2244 759 2299 είσὸαίνοντα
810 2243 850 2296 Γ
855 2244 1067 2315 ραφῶν,
1117 2243 1209 2298 τὸν
1267 2245 1460 2316 καιρὸν
1514 2245 1800 2316 ἐπιτηρεῖν

205 2337 320 2390 καθ’
347 2338 406 2390 ὃν
436 2337 660 2404 λέγεται
704 2335 768 2388 τὸ
794 2335 1151 2407 δηλούμενον,
1215 2337 1311 2390 καὶ
1347 2336 1641 2406 πρόσωπον
1667 2338 1800 2407 παρ’

204 2424 281 2493 οὗ,
312 2429 344 2499 ἢ
379 2428 448 2482 δι’
489 2420 573 2491 οῦ,
608 2428 641 2498 ἢ
672 2427 801 2496 περὶ
841 2421 902 2483 οὗ
945 2427 1183 2493 λέγεταν
1213 2426 1356 2481 οὕτω
1388 2429 1498 2499 γὰρ
1528 2426 1595 2481 ἂν
1624 2426 1801 2481 ἀπλα-

205 2520 297 2591 νὴς
330 2523 361 2590 ἡ
393 2519 609 2573 διάνοια
636 2518 936 2590 φυλαχθείη
972 2522 1085 2583 τοῖς
1115 2518 1293 2591 ὀρθῶς
1332 2518 1579 2572 ἐθέλουσι
1631 2520 1797 2574 νοεῖν.

205 2609 536 2681 Γνωσόμεθα
568 2611 669 2681 μὲν
701 2605 796 2663 οὖν
837 2609 897 2664 τδ
936 2610 1044 2664 ἀπὸ
1090 2608 1185 2664 τοῦ
1239 2609 1435 2681 καιροῦ
1484 2612 1758 2682 χρήσιμον
1782 2650 1800 2678 ,

205 2702 309 2755 τῶν
335 2704 512 2771 ἁγίων
532 2703 852 2757 ἀποστόλων
900 2701 1192 2767 ἀκούοντες
1235 2702 1507 2772 λεγόντων
1539 2702 1765 2775 Χριστῷ
1784 2721 1799 2737 ο

212 2812 230 2847 ι
264 2796 401 2849 Πότε
423 2794 602 2849 ταῦτα
632 2794 806 2857 ἔσται,
839 2794 935 2848 καὶ
963 2792 1107 2847 τίτδ
1127 2796 1355 2866 σημεῖον
1394 2796 1491 2865 τῆς
1518 2794 1617 2863 σῆς
1654 2812 1804 2867 παρ-

206 2886 421 2954 ουσίας;
464 2908 486 2939 ο
531 2887 627 2939 Ἐκ
650 2886 707 2940 δὲ
737 2885 930 2957 τοῦμὴ
951 2885 1151 2939 ειδέναι
1172 2885 1387 2957 καιρὸν,
1412 2885 1803 2958 ἐζημιώθησαν

206 2980 256 3033 oi
286 2982 419 3050 περὶ
450 2978 745 3049 Ὑμέναιον
779 2980 873 3033 καὶ
925 2978 1293 3049 Ἀλέξανδρον,
1319 2978 1640 3044 νομίσαντες
1669 2978 1805 3033 ἀνά-

210 3082 396 3122 στασιν
426 3069 531 3139 ἢδη
571 3067 878 3138 γεγονέναι,
928 3070 1020 3123 καὶ
1068 3068 1227 3123 τοῦτο
1268 3068 1522 3138 λέγοντες
1596 3070 1718 3123 Ὀτι
1747 3069 1806 3124 δὲ

209 3159 315 3212 τῶν
337 3159 654 3231 προσώπων
709 3160 984 3228 ἀναγκαία
1027 3162 1121 3214 καὶ
1172 3160 1524 3232 ὲπωφελὴςή
1565 3160 1804 3228 γνῶσις,

1894 644 2051 706 typus
2086 634 2376 705 imaginem
2419 631 2610 688 refert.

1898 922 1975 978 In
2002 923 2204 977 dictum
2239 920 2375 974 illud
2420 917 2577 973 Pauli
2604 935 2622 973 :
2653 936 2670 969 ι
2702 915 2855 972 Sedet
2891 914 2945 968 in
2976 914 3193 966 dextera
3225 907 3489 974 magnitu-

1985 994 2126 1047 dinis
2152 992 2207 1046 in
2231 990 2477 1056 excelsis,
2505 997 2655 1043 tanta
2678 988 2865 1042 melior
2886 984 3061 1054 [actus
3078 980 3299 1052 _angelis
3322 978 3393 1035 ".
3426 996 3445 1030 ι

1969 1170 2072 1238 Qui
2101 1170 2396 1226 essentiam
2431 1166 2595 1224 Verbi
2646 1166 2747 1222 Dei
2798 1161 3127 1220 calumniari
3179 1158 3408 1223 audent,
3438 1165 3496 1211 et

1896 1261 2093 1317 Filium
2126 1263 2270 1316 inter
2292 1266 2580 1317 creaturas
2603 1257 2852 1327 redigere
2877 1264 3171 1319 conantur,
3203 1249 3494 1305 veritatem

1899 1354 2270 1409 adulterantes
2302 1353 2376 1408 ita
2411 1353 2607 1408 aiunt:
2640 1351 2696 1406 Si
2734 1348 2908 1405 Filius
2949 1347 3131 1402 factus
3173 1351 3261 1400 est
3304 1340 3497 1396 melior

1900 1445 2149 1516 angelis;
2176 1461 2309 1519 ergo
2343 1457 2411 1501 ex
2449 1443 2754 1500 mutatione
2786 1442 2841 1498 in
2872 1439 3067 1496 melius
3124 1438 3174 1491 id
3226 1446 3495 1489 consecu-

1901 1546 1988 1593 ttts
2016 1547 2101 1592 est
2132 1553 2145 1590 :
2178 1536 2353 1592 factus
2380 1536 2526 1591 enim
2559 1544 2664 1604 est,
2696 1533 2843 1605 quod
2873 1547 2979 1588 non
3010 1538 3150 1585 erat.
3185 1525 3340 1593 Quod
3368 1538 3497 1579 vero

1902 1629 1955 1684 in
2002 1628 2319 1684 universum
2366 1627 2563 1681 mutari
2617 1633 2799 1696 potest
2852 1630 2908 1678 et
2966 1636 3031 1676 ex
3083 1633 3192 1672 uno
3249 1616 3303 1670 in
3348 1613 3499 1668 aliud

1903 1717 2210 1783 transferri,
2246 1718 2523 1774 mutabilia
2548 1726 2755 1779 natura:
2781 1714 2874 1779 sit,
2911 1725 3137 1767 necesse
3166 1719 3273 1763 eat.
3309 1705 3366 1761 Si
3401 1718 3497 1760 ve-

1902 1827 1964 1867 ro
2017 1811 2292 1867 mutabilis
2336 1821 2545 1867 natura:
2601 1817 2705 1874 est,
2756 1806 2862 1864 erit
2920 1809 3083 1862 etiam
3131 1810 3352 1867 creatae,
3409 1798 3498 1855 cui

1828 1917 1875 1972 ιι
1901 1904 2118 1975 propria
2154 1912 2241 1964 est
2268 1906 2521 1960 mutatio.

2423 2012 2632 2071 Salutio
2658 2010 2992 2082 objectiom‘a.

1974 2141 2215 2197 Primum
2243 2132 2464 2207 quidem
2503 2135 2721 2200 oportet
2772 2128 2897 2183 eum
2949 2124 3040 2195 qui
3095 2122 3163 2178 ad
3202 2117 3501 2191 investiga-

1905 2234 2105 2291 tionem
2137 2240 2416 2286 sacrarum
2469 2222 2883 2292 Scripturarum
2927 2214 3166 2281 accedit,
3201 2213 3501 2269 observare

1906 2335 2119 2395 tempus
2170 2335 2277 2391 quo
2305 2316 2511 2388 aliquid
2567 2314 2792 2380 dicitur,
2849 2321 2904 2367 et
2955 2322 3247 2381 personam
3278 2322 3307 2359 a
3344 2320 3453 2376 qua
3482 2345 3501 2371 ,

1904 2431 2125 2493 propter
2156 2417 2308 2489 quid,
2342 2422 2399 2471 et
2431 2414 2499 2468 de
2528 2426 2637 2481 quo
2674 2410 2875 2465 dicitur
2899 2423 2916 2462 :
2943 2407 3016 2461 ita
3050 2405 3197 2459 enim
3228 2400 3322 2471 qui
3352 2406 3502 2453 recte

1905 2491 2114 2568 sentire
2164 2509 2369 2574 velint,
2412 2507 2553 2561 citra
2607 2499 2773 2557 ullum
2830 2512 3075 2556 errorem
3125 2510 3245 2567 quae
3297 2491 3501 2561 scripta

1905 2613 2033 2661 sunt
2067 2601 2395 2671 intelligent.
2433 2596 2722 2667 Temporis
2752 2594 2939 2664 itaque
2973 2591 3265 2646 utilitatem
3302 2598 3505 2655 cogno-

1905 2709 2144 2758 scemus,
2175 2708 2299 2748 cum
2343 2691 2628 2746 audiemus
2673 2697 2899 2745 sanctos
2945 2682 3221 2756 apostolos
3248 2680 3315 2734 ad
3342 2676 3506 2733 Chri-

1905 2795 2049 2841 stum
2098 2783 2342 2837 dicentes
2383 2795 2398 2833 :
2434 2798 2453 2832 ι
2503 2778 2732 2845 Quando
2766 2776 2882 2831 hac
2933 2782 3117 2838 erunt,
3163 2780 3220 2825 et
3251 2768 3395 2840 quod
3422 2766 3509 2841 5i-

1906 2892 2073 2947 gnum
2099 2884 2185 2931 est
2233 2874 2311 2929 tui
2351 2874 2623 2929 adventus
2663 2870 2757 2925 "?
2797 2888 2816 2922 ι
2874 2866 3200 2940 Hymenaeus
3251 2862 3417 2917 etiam
3452 2869 3509 2914 et

1906 2968 2216 3025 Alexander
2248 2975 2471 3038 propter
2513 2962 2889 3033 ignorantiam
2926 2958 3189 3029 temporis
3227 2963 3507 3017 errarunt,

1908 3071 2219 3121 asserentes
2245 3060 2707 3117 resurrectionem
2734 3057 2847 3126 jam
2880 3055 3083 3111 factam
3120 3068 3245 3109 esse
3264 3051 3332 3107 ".
3353 3048 3508 3118 Quod

1907 3173 2041 3214 vero
2102 3170 2463 3227 personarum
2501 3154 2691 3210 notitia
2734 3150 3048 3207 necessaria
3103 3147 3367 3215 utilisque
3412 3144 3509 3205 sit,

210 3251 469 3321 εἰσόμεθα
491 3251 677 3315 πάλιν,
696 3253 824 3307 ὅταν
845 3252 873 3303 6
887 3251 1154 3322 Εὐνοῦχος
1178 3252 1313 3324 λέγῃ
1332 3252 1471 3325 πρὸς
1497 3252 1764 3306 Φίλιππον
1784 3269 1798 3282 ο

1917 3267 1969 3308 ex
2022 3265 2089 3305 eo
2133 3249 2525 3317 intelligemus,
2586 3260 2708 3301 cum
2746 3244 3033 3300 eunuchus
3078 3240 3145 3295 ad
3196 3239 3509 3306 Philippum

217 3342 472 3414 ιςΔέομαί
506 3360 621 3407 σου,
647 3343 779 3415 περὶ
800 3344 941 3409 τίνος
962 3346 991 3395 6
1012 3346 1297 3416 προφήτης
1326 3344 1497 3415 λέγει,
1523 3345 1650 3415 περὶ
1674 3346 1802 3399 ἐαυ-

210 3434 360 3507 τοῦῆ
413 3435 551 3507 περὶ⁸
587 3435 775 3508 ἑτέρου
823 3437 1006 3503 τινός;
1049 3456 1069 3490 ι
1106 3437 1244 3508 ἢὼς
1297 3438 1425 3491 ὅταν
1470 3438 1500 3491 6
1535 3440 1807 3510 μακάριος

211 3525 442 3592 Παῦλος.
469 3526 571 3580 τοῦ
598 3528 851 3600 Σωτῆρος
876 3528 937 3582 τὸ
968 3529 1258 3599 πρόσωπον
1297 3530 1647 3602 εἰσφέρεσθαι
1682 3529 1808 3602 βου-

212 3617 453 3688 λόμενος,
493 3619 651 3691 λέγῃ·
689 3640 708 3672 ι
756 3619 874 3689 Ἐφ’
902 3620 961 3673 ὃν
987 3620 1093 3694 γὰρ
1144 3621 1361 3690 λέγεται
1404 3622 1599 3687 ταῦτα,
1635 3623 1809 3695 φυλῆς

214 3710 407 3783 ἑτέρας
430 3712 765 3782 μετέσχηκε.
810 3712 1084 3786 Πρόδηλον
1111 3712 1241 3783 γὰρ,
1270 3714 1352 3767 ὅτι
1377 3713 1437 3779 ἐξ
1478 3714 1649 3767 ’ἰούδα
1673 3715 1809 3768 dva-

213 3802 473 3856 τέταλκεν
514 3803 542 3854 6
574 3802 796 3873 Κύριος.
832 3822 851 3855 ι
912 3803 1035 3856 ’Ότι
1080 3802 1139 3856 δὲ
1181 3806 1274 3859 καὶ
1330 3804 1392 3859 τὸ
1439 3806 1673 3876 πρᾶγμα
1733 3805 1808 3875 μὴ

214 3895 428 3964 ἀγνοεῖν
466 3897 793 3962 ἀναγκαῖον,
815 3894 1065 3949 ἐντεῦθεν
1094 3895 1247 3951 ἔσται
1279 3897 1612 3966 καταφανές.
1640 3897 1810 3952 Ὅταν

214 3985 320 4058 γὰρ
355 3988 406 4039 οἱ
433 3986 717 4056 προφῆται
738 3986 807 4040 τὰ
822 3987 951 4058 περὶ
972 3985 1065 4040 τοῦ
1087 3987 1341 4059 Σωτῆρος
1367 4006 1544 4060 προκη
1554 3988 1809 4059 ρύττωσι,

216 4080 307 4131 καὶ
340 4080 368 4132 6
401 4079 509 4149 μὲν
535 4078 691 4149 λέγῃ·
719 4096 737 4130 ι
783 4078 915 4132 Ἰδοὺ
950 4079 984 4150 ἡ
1028 4079 1300 4151 παρθένος
1328 4082 1386 4135 ὲν
1410 4081 1611 4153 γαστρί⁵
1634 4080 1805 4145 ἕξει-ι

216 4169 444 4241 ιτιρωθι
467 4170 527 4222 δὲ
568 4170 750 4233 πάλιν,
790 4188 809 4221 ι
832 4169 919 4232 Ὧς
944 4169 1215 4240 πρόϐατον
1238 4171 1332 4224 ἐπὶ
1362 4170 1578 4242 σφαγὴν
1608 4171 1805 4242 ήχθηη

218 4262 310 4315 καὶ
343 4260 420 4333 μὴ
448 4261 661 4330 κυρίως
684 4260 755 4315 τὰ
782 4261 1007 4317 τοιαῦτα
1034 4264 1221 4334 νοῆται
1250 4264 1379 4334 περὶ
1410 4263 1682 4335 Χριστοῦ,
1715 4281 1814 4336 μα-

218 4352 356 4423 κράν
396 4369 504 4406 που
561 4352 666 4423 τῆς
700 4352 959 4425 ἀληθείας
994 4354 1023 4406 6
1073 4353 1198 4417 νοῦς
1225 4355 1528 4426 οίχήσεται,
1572 4356 1666 4409 καὶ
1704 4356 1813 4409 τῶν

217 4443 460 4497 εὐσεόῶν
488 4442 1282 4515 ὲκπετασθήσεταινοημάτων.
1316 4444 1616 4513 Ἀναγκαία
1637 4445 1814 4500 τοίνυν

217 4531 322 4585 τῶν
350 4533 667 4604 είρημένων
692 4532 726 4603 ἡ
752 4533 1101 4604 ἔπιτήνρησις.
1142 4532 1616 4605 Ἐπιτηρηθέντων
1637 4534 1816 4589 τοίνυν

1912 3343 2027 3396 ait:
2062 3358 2082 3393 ‹
2108 3339 2219 3395 Oro
2253 3348 2327 3405 te,
2363 3338 2430 3392 de
2456 3349 2566 3407 quo
2596 3335 2841 3406 loquitur
2871 3334 3141 3404 propheta
3171 3330 3196 3384 ?
3228 3331 3294 3383 de
3328 3328 3511 3399 seipso

1913 3443 2009 3489 aut
2039 3434 2107 3489 de
2127 3432 2235 3488 alio
2262 3430 2445 3502 aliquo
2473 3429 2564 3484 ⁷δῖ
2602 3446 2622 3481 ι
2654 3429 2761 3484 Αυι
2792 3427 3016 3497 quando
3058 3424 3261 3479 Paulus
3307 3422 3511 3477 Serva-

1917 3525 2050 3581 toris
2066 3538 2355 3594 personam
2381 3521 2607 3592 intelligi
2640 3520 2849 3584 volens,
2869 3518 3042 3574 dicit:
3075 3536 3094 3569 ι
3131 3514 3207 3570 De
3230 3530 3339 3585 quo
3363 3515 3510 3568 enim

1915 3616 2034 3672 haec
2077 3616 2361 3680 dicuntur,
2409 3613 2456 3668 is
2491 3614 2559 3669 de
2600 3612 2706 3667 alia
2751 3611 2894 3666 tribu
2929 3618 3030 3665 est.
3060 3606 3406 3663 Manifestum
3429 3616 3515 3661 est

1916 3710 2058 3780 quod
2100 3725 2166 3764 ex
2196 3708 2332 3763 Juda
2364 3714 2521 3763 ortus
2556 3714 2637 3762 est
2678 3704 2941 3760 Dominus
2971 3704 3042 3759 ".
3081 3722 3100 3754 ι
3136 3700 3291 3769 Quod
3329 3708 3515 3753 autem

1917 3816 2140 3856 necesse
2178 3801 2251 3856 sit
2284 3816 2399 3854 rem
2433 3799 2607 3870 ipsam
2634 3813 2740 3854 non
2775 3797 3053 3869 ignorare,
3104 3796 3231 3849 inde
3273 3800 3514 3849 constat.

1918 3893 2147 3960 Quando
2182 3892 2328 3947 enim
2384 3891 2665 3962 prophetae
2693 3929 2710 3956 ,
2746 3903 2869 3959 qua:
2903 3887 2970 3941 ad
3008 3886 3288 3941 Christum
3344 3883 3517 3953 perti-

1921 3994 2071 4049 nent,
2134 3984 2460 4054 pradieunt,
2501 3992 2669 4054 atque
2707 3982 2797 4037 hic
2836 3980 3056 4051 quidem
3099 3978 3235 4032 dicit
3274 3992 3288 4029 :
3324 3994 3342 4028 ι
3376 3975 3519 4031 Ecce

1923 4077 2087 4148 200
2133 4076 2290 4145 virgo
2335 4074 2391 4130 in
2438 4085 2597 4129 utero
2648 4071 2927 4141 concipiet
2969 4069 3051 4135 “;
3105 4087 3124 4121 ι
3154 4067 3283 4122 alibi
3324 4081 3454 4121 vero
3502 4084 3517 4121 :

1927 4186 1945 4219 ι
1978 4167 2131 4223 Sicut
2156 4165 2275 4221 ovis
2326 4163 2521 4219 ductus
2559 4163 2626 4218 ad
2653 4161 2990 4217 occisionem
3023 4158 3092 4223 ⁸³,
3117 4176 3137 4209 ι
3168 4155 3272 4211 nisi
3300 4155 3522 4226 proprie

1920 4258 2039 4314 haec
2075 4257 2142 4313 de
2169 4256 2393 4312 Christo
2427 4254 2826 4324 intelligantur,
2883 4265 3082 4306 sensus
3141 4248 3300 4318 longe
3347 4260 3378 4299 a
3422 4260 3520 4300 ve-

1924 4351 2087 4406 ritate
2107 4349 2411 4415 aberrabit,
2462 4357 2517 4401 et
2556 4360 2585 4400 a
2620 4345 2723 4416 piis
2770 4338 3210 4414 cogitationibus
3244 4336 3518 4394 deﬂectet.

1922 4443 2243 4501 Necessaria
2274 4442 2441 4511 igitur
2469 4446 2765 4495 esteorum
2808 4449 2929 4506 quae
2969 4432 3229 4489 dicuntur
3269 4428 3521 4486 conside-

1925 4538 2086 4593 ratio.
2122 4534 2179 4591 Si
2204 4536 2329 4605 quis
2362 4547 2493 4603 ergo
2530 4541 2782 4587 accurate
2826 4528 3232 4585 animadvertat
3279 4534 3517 4594 tempus,

218 4626 471 4699 ἀκριϐῶς
501 4624 722 4697 καιροῦ,
782 4626 878 4679 καὶ
920 4625 1216 4698 προσώπου
1243 4668 1256 4691 ,
1308 4628 1405 4684 xui
1456 4627 1806 4698 πράγματος1

1922 4641 2237 4699 personam,
2268 4634 2325 4680 et
2355 4639 2493 4690 rem,
2551 4623 2653 4678 hoc
2682 4637 2713 4676 a
2748 4621 2919 4677 Paulo
2964 4620 3174 4675 dictum
3210 4632 3338 4673 esse
3365 4632 3519 4673 com—

218 4718 582 4790 εὑρεθήσεται
629 4716 800 4769 ταῦτα
842 4716 1019 4785 λέγων
1063 4719 1092 4771 6
1143 4718 1373 4784 Παῦλος,
1420 4720 1500 4773 ὃτι
1562 4718 1629 4773 δι’
1670 4722 1818 4792 ἡμᾶς

220 4810 651 4883 ὲνηνθρώπησεν
674 4809 703 4860 6
728 4808 822 4864 τοῦ
854 4809 988 4863 Θεοῦ
1034 4811 1226 4879 Λόγος.
1258 4798 1347 4865 δὴ
1387 4812 1495 4865 τῶν
1532 4814 1819 4886 ἁμαρτιῶν

220 4900 375 4970 ἡμῶν
406 4897 757 4969 καθαρισμὸν
780 4898 1144 4969 ποιησάμενος
1175 4900 1430 4954 ἐκάθισεν
1455 4904 1512 4955 έν
1541 4901 1689 4973 δεξιᾷ
1718 4905 1819 4975 τῆς

223 4991 625 5063 μεγαλωσύνης
651 4993 721 5043 ἐν·
769 4990 1013 5062 ὑψηλοῖς,
1044 4994 1163 5046 τότε
1188 4994 1452 5063 κρείττων
1481 4995 1674 5063 γέγονε
1710 4997 1818 5049 τῶν

220 5084 494 5153 ἀγγέλων·
524 5084 588 5137 οὐ
615 5083 714 5153 τὴν
742 5082 903 5153 φύσιν
937 5084 1017 5148 είς
1068 5084 1255 5157 ἕτερόν
1294 5104 1345 5140 τι
1400 5088 1745 5159 μεταϐαλὼν,
1784 5090 1817 5161 ἢ

221 5175 360 5249 ὅπερ
381 5177 486 5231 οὐκ
508 5175 587 5229 ὢν
614 5175 865 5244 φαίνεται
897 5177 1184 5248 πρότερον,
1214 5178 1440 5251 ὕστερον
1475 5181 1738 5250 γεγονώς·
1757 5182 1819 5235 οὐ

222 5266 331 5336 γὰρ
356 5268 491 5339 περὶ
517 5267 618 5337 τῆς
649 5266 868 5336 φύσεως
886 5269 982 5322 τοῦ
1018 5268 1149 5322 Υίοῦ
1182 5270 1279 5325 νῦν
1294 5274 1333 5325 '6
1373 5272 1532 5341 λόγος
1574 5276 1691 5327 ἐστὶ
1742 5275 1822 5345 τῷ

225 5360 447 5430 Παύλῳ,
480 5359 622 5412 ἀλλὰ
656 5361 785 5431 περὶ
830 5361 1157 5432 πράγματος
1191 5366 1485 5436 γενομένου
1539 5368 1596 5420 ἐν
1643 5368 1824 5441 καιρῷ

226 5452 322 5523 τῆς
355 5450 854 5523 ὲνανθρωπήσεως.
897 5454 1107 5507 Οὐκοῦν
1146 5456 1207 5508 οὐ
1264 5460 1330 5529 τῇ
1377 5458 1536 5526 φύσει
1589 5461 1699 5514 τῶν
1728 5461 1827 5530 ἀγ-

226 5543 401 5611 γέλων
426 5543 532 5614 τὴν
551 5541 647 5595 τοῦ
676 5541 806 5596 Υίοῦ
845 5544 1001 5614 φύσιν
1022 5547 1407 5618 συγκρίνεσθαι
1432 5550 1621 5618 θέλων,
1644 5552 1827 5623 κρείτ-

229 5651 354 5688 τονα
401 5633 517 5687 τῶν
572 5632 827 5701 ἀγγέλων
884 5635 1046 5689 αὑτὸν
1079 5637 1407 5707 γεγενῆσθαί
1441 5659 1630 5713 φησιν,
1690 5642 1826 5698 ἀλλὰ

315 5794 360 5871 _"
393 5793 563 5848 llebr.
593 5809 648 5871 _t,_
669 5791 727 5856 5,
841 5860 856 5871 _
894 5793 941 5824 ⁷⁸
970 5792 1160 5871 Mattlt_.
1192 5812 1338 5871 xxiv,
1369 5800 1422 5858 3.

234 5869 276 5899 so
306 5863 414 5921 ιςδ,
449 5877 553 5930 vn,
587 5862 679 5918 Η.
759 5862 801 5894 ⁸³
839 5860 941 5919 isa.
974 5880 1092 5933 LIII,
1128 5865 1179 5920 7.

1514 5804 1553 5833 77
1584 5801 1625 5857 ΙΙ
1658 5803 1797 5858 Tim.
1833 5818 1896 5872 tt,
1941 5803 2027 5869 Π,
2065 5804 2148 5859 l8.

1924 4722 2120 4793 pariet,
2146 4719 2387 4776 Verbum
2443 4717 2537 4773 Dei
2572 4726 2795 4787 propter
2849 4730 2949 4770 nos
2988 4715 3335 4768 incarnatum
3373 4726 3519 4775 esse.

1929 4813 2147 4884 quando
2190 4810 2436 4882 purgatis
2476 4808 2717 4880 peccatis
2763 4807 2967 4863 nostris
3017 4805 3161 4861 sedit
3202 4805 3254 4858 in
3297 4805 3523 4859 dextera

1927 4902 2232 4976 maiestatis
2263 4904 2315 4957 in
2343 4903 2617 4969 excelsis;
2670 4910 2801 4956 tune
2842 4899 3035 4954 melior
3085 4897 3295 4969 angelis
3338 4896 3518 4952 factus

1926 5006 2010 5053 est
2043 5017 2058 5052 :
2096 5012 2205 5052 non
2246 5006 2443 5051 natura
2486 4996 2657 5065 ipsius
2685 4995 2739 5049 in
2780 4994 2925 5048 aliud
2953 4991 3237 5062 quidpiam
3286 5000 3532 5058 mutata,

1929 5100 2022 5150 aut
2050 5089 2195 5159 quod
2236 5098 2399 5143 antea
2437 5104 2545 5143 non
2576 5096 2735 5155 erat,
2781 5095 2969 5156 postea
3017 5084 3287 5150 effectus;
3338 5098 3518 5153 neque

1928 5185 2071 5239 enim
2097 5182 2300 5239 Paulus
2336 5197 2480 5237 nunc
2514 5182 2579 5236 de
2604 5190 2798 5234 natura
2835 5177 2961 5233 Filii
3009 5178 3274 5249 loquitur,
3331 5176 3428 5231 sed
3468 5180 3534 5233 tle

1932 5290 1989 5332 re
2020 5290 2139 5346 qua":
2166 5275 2309 5330 facta
2338 5283 2424 5329 est
2457 5282 2705 5343 tempore
2751 5270 3171 5326 incarnationis.
3200 5269 3316 5324 Non
3357 5268 3525 5339 igitur

1932 5376 2184 5422 naturam
2214 5366 2339 5421 Filii
2400 5380 2521 5421 cum
2582 5374 2776 5420 natura
2825 5360 3141 5434 angelorum
3202 5373 3529 5430 comparare

1936 5458 2141 5524 volens,
2169 5459 2609 5529 praestantiorem
2652 5458 2827 5527 ipsum
2850 5455 3061 5525 angelis
3107 5453 3365 5508 eliectum
3410 5467 3532 5507 esse

1936 5552 2033 5618 ait,
2067 5553 2161 5607 sed
2194 5566 2282 5607 res
2314 5561 2475 5622 atque
2528 5549 2775 5603 actiones
2826 5548 2969 5601 inter
2999 5560 3059 5600 se
3092 5553 3397 5612 comparat,
3441 5555 3529 5599 at-

1933 5660 2039 5713 que
2071 5646 2172 5699 hac
2204 5644 2411 5699 ratione
2444 5641 2883 5711 praestantiorem
2922 5637 3124 5692 factum
3156 5651 3279 5692 esse
3332 5635 3528 5691 Filium

2253 5803 2298 5835 ⁷⁸
2326 5804 2445 5859 Act.
2486 5816 2601 5865 vm,
2634 5800 2724 5855 3i.
2813 5797 2859 5828 "
2898 5794 3063 5853 Hebr.
3114 5811 3208 5863 vn,
3264 5798 3323 5854 l5
3450 5795 3531 5855 Η,
