3994 6324
481 417 581 476 559

1503 406 1560 461 S.
1600 403 1876 460 CYRILLI
1917 400 2389 461 ALEXANDRINI
2431 394 2732 455 ARCHIEP

3623 387 3737 446 340

481 535 732 592 ostendit.
770 531 863 586 Est
895 544 1023 585 vero
1053 528 1142 583 hic
1196 524 1327 579 dicti
1376 537 1568 579 sensus
1627 541 1640 577 :
1691 520 1884 576 Paulus
1923 533 2045 573 cum

2169 515 2496 587 ιραγμάτων
2559 514 2794 568 ποιεῖται
2853 509 3180 581 σύγκρισιν·
3231 509 3329 562 καὶ
3377 506 3522 562 κατὰ
3569 505 3738 560 τοῦτο

481 625 718 680 Hebraeis
738 625 1029 684 disserens,
1049 631 1355 687 magnaque
1386 614 1637 668 libertate
1665 614 2044 664 demonstrare

481 715 668 770 volens
723 711 1082 766 ministerium
1129 706 1330 762 Christi
1363 689 1723 772 praestantius
1757 699 1940 756 J’uisse
1992 704 2047 751 et

481 807 864 876 prophetarum
895 800 1152 855 missione
1195 805 1251 851 et
1275 791 1746 850 administratione
1788 789 1920 858 legis
1949 804 2047 857 per

481 899 701 969 angelos
749 898 911 956 facta,
951 908 1014 948 ex
1055 890 1312 959 dignitate
1359 899 1718 954 personarum
1758 894 2044 951 compara-

484 992 682 1047 tionem
715 987 865 1051 facit,
893 993 946 1040 et
975 982 1186 1053 inquit:
1225 999 1243 1030 ι
1279 978 1418 1035 Olim
1453 976 1594 1030 Deus
1620 975 1846 1044 loquens
1880 971 2044 1042 patri-

483 1083 584 1137 bus
624 1082 678 1136 in
735 1077 1037 1150 prophetis,
1081 1072 1395 1127 novissimis
1442 1070 1562 1124 istis
1609 1067 1798 1121 diebus
1839 1064 2049 1118 locutus

484 1183 566 1232 est
595 1174 750 1229 nobis
779 1173 830 1226 in
881 1169 1037 1232 Filio,
1064 1181 1221 1237 quem
1270 1162 1553 1219 constituit
1607 1157 1876 1215 haeredem
1926 1155 2048 1209 uni-

483 1273 783 1328 versorum,
822 1279 918 1334 per
951 1276 1108 1332 quem
1149 1258 1278 1314 fecit
1303 1266 1358 1312 et
1400 1255 1621 1311 saecula.
1678 1251 1780 1317 Qui
1821 1264 1943 1303 cum
1975 1248 2050 1302 sit

485 1358 737 1428 splendor
787 1355 1012 1424 gloriae,
1067 1362 1124 1407 et
1168 1351 1454 1404 character
1511 1341 1835 1399 substantia:
1883 1338 2001 1409 ejus
2029 1375 2046 1399 ,

484 1459 813 1521 portatusque
844 1445 1025 1500 omnia
1052 1441 1230 1498 Verbo
1261 1438 1477 1493 virtutis
1500 1449 1630 1500 sum,
1666 1432 2044 1503 purgationem

485 1520 826 1610 peccatorum
865 1522 1088 1599 faciens,
1116 1531 1268 1588 sedet
1310 1530 1378 1584 ad
1414 1527 1694 1582 dexteram
1747 1520 2050 1593 majestatis

487 1635 540 1686 in
569 1631 796 1687 excelsis
826 1629 894 1683 ⁸’.
951 1645 970 1680 ›
1018 1626 1153 1682 Cum
1201 1624 1364 1693 igitur
1409 1630 1610 1676 tantam
1651 1616 1874 1686 gloriam
1915 1613 2053 1668 Filio

487 1722 744 1786 ascribit,
775 1730 830 1774 et
876 1733 996 1788 qum
1033 1723 1243 1771 natura!
1293 1711 1479 1769 Patris
1510 1708 1727 1780 propria
1780 1715 1906 1761 sunt
1952 1703 2051 1774 ipsi

488 1810 859 1866 accommodat
901 1825 916 1860 :
952 1818 1077 1861 tunc
1111 1803 1262 1859 illum
1294 1809 1445 1856 tanto
1477 1799 1913 1870 praestantiorem
1955 1811 2053 1848 an-

2146 607 2431 677 κρείττονα
2471 603 2564 658 τὸν
2611 600 2739 655 Υίὺν
2794 599 3046 669 γενέσθαι
3104 596 3287 667 φησίν.
3320 596 3514 650 Ἔσται
3546 593 3604 648 δὲ
3631 590 3736 645 τοῦ

2145 699 2438 769 λεγομένου
2462 694 2700 757 τοιοῦτος
2725 695 2755 747 ό
2787 693 2929 757 νοῦς⁶
2966 693 3025 746 Ὀ
3055 690 3266 753 Παῦλος
3305 686 3578 758 Ἑϐραίοις
3613 685 3738 738 δια-

2147 789 2436 859 λεγόμενος
2482 789 2574 842 καὶ
2628 784 2766 855 μετὰ
2817 784 3019 854 πολλῆς
3071 779 3393 855 παρρησίας
3447 775 3738 841 ἀποδεῖξαι

2150 879 2454 951 βουληθεὶς,
2503 879 2584 931 ὅτι
2635 875 2900 947 κρείττων
2920 874 3069 928 ἐστὶν
3126 875 3160 944 ἡ
3213 868 3453 944 Χριστοῦ
3484 867 3740 923 διακονία

2149 970 2244 1024 καὶ
2275 970 2373 1040 τῆς
2405 967 2516 1023 τῶν
2538 965 2837 1038 προφητῶν
2886 964 3193 1034 ἀποστολῆς
3221 963 3316 1017 καὶ
3349 960 3443 1017 τοῦ
3475 961 3742 1029 διακονη-

2151 1061 2334 1122 Θέντος
2353 1060 2421 1114 δι’
2445 1057 2692 1128 ἀγγέλων
2751 1057 2942 1128 νόμου,
2996 1055 3105 1111 ἀπὸ
3146 1055 3245 1125 τῆς
3281 1054 3393 1108 τῶν
3421 1045 3742 1124 προσώπων

2150 1153 2302 1219 ἀξίας
2333 1153 2566 1206 ποιεῖται
2593 1149 2694 1221 τὴν
2721 1149 3030 1221 σύγκρισιν,
3063 1146 3157 1202 καί
3188 1163 3344 1218 φησι·
3379 1163 3397 1195 ι
3427 1143 3606 1199 Πάλαι
3633 1141 3743 1197 λα-

2151 1243 2320 1315 λήσας
2358 1242 2387 1295 ό
2433 1241 2566 1304 Θεὸς
2613 1242 2727 1302 τοῖς
2763 1239 3037 1311 πατράσιν
3077 1236 3234 1309 ἡμῶν
3283 1237 3346 1289 ὲν
3381 1236 3491 1298 τοῖς
3515 1236 3740 1304 προφή-

2151 1350 2290 1398 ταις,
2340 1332 2427 1386 ἐπ’
2482 1331 2714 1402 ἐσχάτου
2765 1328 2874 1384 τῶν
2939 1328 3163 1400 ἡμερῶν
3228 1329 3435 1382 τούτων
3468 1324 3743 1395 ἐλάλησεν

2152 1429 2282 1500 ἡμῖν
2312 1427 2369 1479 ὲν
2400 1423 2534 1496 Υίῷ,
2565 1424 2624 1478 δν
2681 1423 2846 1494 ἔθηκε
2895 1417 3232 1493 κληρονόμον
3285 1419 3525 1484 πάντων,
3577 1417 3646 1470 δι’
3673 1410 3744 1471 οὗ

2153 1518 2246 1572 καὶ
2284 1518 2508 1586 εποίησε
2540 1515 2668 1579 τοὺς
2723 1513 2944 1578 αἰῶνας.
2994 1514 3090 1575 Ὃς
3129 1510 3205 1564 ὣν
3258 1509 3603 1578 ἀπαύγασμα
3636 1508 3744 1579 τῆς

2151 1610 2310 1682 δόξης
2336 1611 2430 1663 καὶ
2451 1607 2739 1680 χαρακτὴρ
2763 1607 2864 1677 τῆς
2882 1604 3231 1668 ὑποστάσεως
3254 1602 3442 1669 αὐτοῦ,
3469 1604 3653 1672 φέρων
3677 1617 3744 1654 τε

2152 1703 2222 1756 τὰ
2248 1700 2424 1755 πάντα
2468 1698 2546 1770 τῷ
2604 1699 2809 1770 ῥήματι
2852 1697 2952 1769 τῆς
3007 1696 3294 1766 δυνάμεως
3339 1693 3530 1758 anteit;
3564 1693 3743 1747 καθα-

2159 1793 2350 1864 ρισμὸν
2369 1790 2478 1844 τῶν
2505 1789 2792 1861 ἁμαρτιῶν
2813 1788 3200 1859 ποιησάμενος,
3219 1785 3473 1840 ἐκάθισεν
3503 1785 3563 1838 ἐν
3589 1784 3747 1855 δεξιᾷ

488 1903 620 1973 gelis
647 1901 847 1956 factum
871 1914 988 1955 esse
1015 1901 1111 1964 ait,
1131 1905 1332 1968 quanto
1355 1895 1518 1950 etiam
1555 1889 1903 1961 praestantius
1931 1902 2042 1958 pra:

2169 1884 2243 1938 τοῦ
2270 1884 2459 1955 Θρόνου
2490 1882 2591 1952 τῆς
2623 1877 3013 1952 μεγαλωσύνης
3034 1880 3092 1932 ἐν
3125 1877 3371 1948 ὑψηλοῖς.
3399 1896 3423 1928 ι
3451 1874 3745 1946 Τοσαύτην

490 1996 599 2052 illis
628 2009 822 2049 nomen
853 2001 936 2048 est
964 1991 1210 2060 adeptus,
1245 1994 1438 2057 utpote
1465 1983 1656 2048 Filius,
1692 1989 1748 2036 et
1771 1982 1966 2045 haeres,
1998 1987 2053 2033 et

487 2086 760 2157 splendor,
791 2093 846 2138 et
879 2083 1184 2144 character,
1224 2088 1280 2134 et
1304 2078 1502 2149 imago,
1526 2084 1582 2131 et
1608 2075 1660 2129 in
1691 2074 1885 2129 eodem
1912 2068 2050 2126 solio

488 2181 702 2242 sedens,
733 2185 789 2231 et
827 2184 1059 2230 creator.
1091 2171 1257 2242 Atqui
1279 2170 1322 2225 si
1354 2182 1452 2238 per
1497 2167 1615 2222 haec
1657 2163 1829 2219 multo
1875 2159 2054 2216 excel-

488 2268 687 2322 lentior
709 2264 913 2333 angelis
961 2271 1236 2328 censetur,
1281 2254 1633 2312 excellentior
1680 2254 1846 2309 etiam
1886 2250 2055 2320 ipsius

490 2361 596 2412 erit
631 2355 1025 2413 administratio
1059 2366 1217 2423 quam
1243 2350 1476 2405 illorum.
1522 2345 1656 2403 Cum
1689 2359 1817 2400 vero
1855 2343 2050 2396 dicitur

492 2448 664 2503 factus
692 2461 834 2508 esse,
861 2461 967 2501 non
1002 2443 1145 2514 quod
1179 2456 1243 2497 ex
1289 2439 1458 2495 nihilo
1504 2436 1569 2491 ad
1610 2449 1730 2490 esse
1774 2432 2058 2487 traductus

491 2539 564 2593 sit
601 2537 938 2608 significatur
965 2536 1122 2607 (erat
1149 2532 1293 2588 enim
1331 2526 1565 2583 Verbum
1588 2526 1641 2580 in
1665 2521 1930 2592 principio
1963 2520 2057 2590 ⁸³),

494 2644 669 2699 neque
720 2629 862 2697 quod
897 2644 926 2682 a
968 2626 1175 2680 minore
1205 2623 1260 2678 in
1304 2622 1479 2691 majus
1512 2623 1750 2674 mutatus
1790 2616 1862 2670 sit
1914 2612 2060 2684 (per-

493 2723 669 2775 fectus
725 2721 869 2775 enim
904 2727 985 2772 est
1036 2715 1209 2771 Filius
1249 2728 1315 2768 ex
1359 2712 1602 2783 perfecto
1672 2703 1922 2775 Patre),
1965 2701 2060 2756 sed

493 2810 636 2877 ηυοά
662 2809 826 2863 veluti
848 2823 913 2862 ex
934 2801 1338 2875 comparatione
1361 2801 1545 2870 gloria
1573 2805 1628 2853 et
1645 2792 1927 2864 dignitatis
1949 2805 2062 2844 ma-

490 2903 579 2968 ius
601 2901 830 2976 61201
859 2901 1034 2956 minus
1055 2905 1332 2968 appareat.
1377 2888 1844 2960 Quemadmodum
1873 2885 1917 2940 si
1938 2881 2062 2953 quis

496 2975 768 3048 hominem
807 3005 947 3061 equo
980 2989 1244 3054 conferat,
1269 2987 1426 3048 dicat
1455 2983 1524 3038 ah
1548 2996 1614 3038 eo
1660 2980 1752 3049 qui
1779 2975 2063 3032 aestimarit

496 3085 769 3140 hominem
799 3082 1230 3153 praestantiorem
1271 3078 1494 3140 factum,
1549 3073 1677 3143 quia
1725 3072 1795 3125 sit
1836 3066 2064 3124 rationis

496 3179 784 3248 particeps.
834 3174 969 3235 Nam
1001 3170 1144 3242 quod
1174 3171 1276 3224 hoc
1303 3166 1524 3222 verbum
1550 3165 1667 3232 ﬁeri
1719 3176 1822 3216 non
1850 3163 2064 3225 semper

502 3226 783 3248 r"'""r"
1012 3226 1036 3242 τ
1550 3226 1561 3232 ,

502 3281 712 3325 naturae
757 3266 1109 3322 mutationem
1168 3258 1459 3328 significet,
1505 3253 1851 3310 manifestum
1905 3226 2133 3302 fueritc

499 3381 565 3418 ex
603 3362 803 3416 Davide
832 3359 1044 3414 dicente
1074 3354 1140 3409 ad
1175 3353 1341 3408 Deum
1373 3368 1387 3406 :
1417 3368 1435 3399 ι
1469 3347 1594 3404 Fias
1623 3346 1751 3400 mihi
1804 3345 1856 3397 in
1903 3342 2066 3395 Deum

499 3463 866 3526 protectorem
895 3451 979 3517 “;
1010 3467 1028 3501 ι
1053 3457 1108 3502 et
1147 3459 1362 3500 rursum
1387 3456 1403 3496 :
1442 3460 1461 3494 ι
1485 3439 1779 3495 Factuscst
1808 3435 1937 3489 mihi
1962 3433 2067 3488 Do-

500 3523 679 3601 minus
705 3545 755 3598 in
779 3543 1009 3597 salutem
1034 3540 1115 3603 '5;
1153 3556 1172 3590 ι
1202 3545 1255 3590 et
1285 3552 1301 3589 :
1341 3552 1359 3585 t
1384 3532 1582 3587 Factus
1606 3538 1690 3585 est
1721 3527 1848 3582 mihi
1884 3523 2066 3580 Domi-

501 3654 602 3693 nus
637 3638 689 3690 in
742 3634 1006 3702 refugium
1049 3631 1117 3684 ⁸⁸.
1168 3649 1185 3682 ι
1240 3621 1746 3681 Administrationis
1791 3620 1958 3690 igitur
2009 3626 2064 3671 et

501 3728 706 3798 gloriae,
743 3741 848 3779 non
874 3734 1082 3782 natura:
1123 3723 1175 3777 in
1217 3719 1355 3774 Filio
1410 3716 1475 3773 ad
1518 3712 1743 3786 angelos
1784 3723 2065 3782 compara-

502 3821 576 3874 tio
602 3820 679 3873 fit.
1326 3811 1328 3813 ’

506 4020 760 4088 Exempla
794 4018 979 4088 quibus
1011 4014 1312 4088 declaratur
1345 4024 1516 4088 uocent
1545 4009 1701 4068 hanc,
1740 4002 2010 4088 t'meliof,‘
2045 4018 2064 4050 ι

574 4071 818 4145 Macri;
849 4085 1123 4154 Scriptura
1152 4085 1312 4136 etiam
1345 4082 1408 4133 de
1436 4080 1500 4132 iis
1531 4091 1650 4147 quae
1669 4074 1897 4154 multum
1934 4071 2070 4123 inter

575 4142 629 4214 se
661 4159 878 4219 distant,
915 4142 1003 4208 aut
1029 4155 1231 4206 ratione
1266 4161 1490 4211 natura,
1519 4142 1611 4198 a'ut
1646 4142 1947 4219 dignitatis,
1978 4150 2067 4192 aut

575 4216 1190 4283 secundum‘mensuram
1214 4219 1399 4292 gratia
1441 4216 1709 4285 usurpari.

575 4345 843 4411 Quantum
881 4341 947 4396 ad
978 4337 1204 4410 gmtiam
1243 4351 1257 4386 :
1302 4351 1321 4386 ι
1359 4331 1545 4386 Melior
1588 4337 1670 4382 est
1714 4327 1829 4380 dies
1883 4337 1985 4375 una
2019 4322 2069 4373 in

507 4437 663 4490 atriis
690 4435 798 4489 tuis
823 4446 984 4501 super
1012 4427 1158 4484 mille
1180 4426 1259 4490 ⁸⁷;
1286 4444 1304 4478 ι
1345 4425 1476 4492 quid
1503 4420 1644 4476 enim
1683 4415 1889 4486 aequale
1920 4414 2074 4468 atriis

507 4529 819 4586 coelestibus
853 4525 1081 4581 inveniri
1111 4519 1334 4592 potest?
1364 4516 1632 4589 Quantum
1685 4510 1748 4564 ad
1795 4508 2074 4564 dissimili-

508 4622 744 4676 tudinem
777 4627 985 4674 naturte
1014 4635 1027 4672 ε
1067 4634 1084 4668 t
1121 4611 1367 4681 Accipite
1397 4605 1696 4663 doctrinam
1723 4642 1736 4666 ,
1765 4611 1818 4656 et
1843 4616 1945 4654 non
1984 4614 2073 4654 aro

505 4721 758 4783 gentum;
791 4709 982 4763 melior
1030 4707 1172 4762 enim
1225 4711 1309 4758 est
1353 4697 1613 4769 sapientia
1663 4709 1824 4765 quam
1869 4691 2074 4760 lapides

506 4782 658 4856 electi
691 4800 756 4852 ³⁸.
804 4817 823 4851 ι
863 4796 1033 4850 lsaias
1083 4795 1148 4848 de
1195 4790 1459 4847 eunuchis
1485 4788 1651 4845 Deum
1691 4790 1957 4842 dicentem
1994 4782 2075 4834 in-

506 4894 698 4958 ducit;
735 4911 752 4943 ι
793 4889 937 4945 Daho
974 4889 1054 4942 eis
1089 4901 1286 4940 nomen
1327 4893 1610 4949 :eternum,
1646 4882 1786 4952 quod
1831 4885 1914 4932 est
1968 4889 2079 4927 me-

507 4987 611 5039 lius
641 4999 802 5052 quam
836 4980 929 5035 lilii
973 4989 1029 5035 et
1072 4979 1196 5033 filiae
1230 4977 1299 5030 ⁸⁹.
1333 4995 1351 5028 ι
1389 4974 1579 5030 Melius
1614 4975 1816 5041 itaque,
1867 4984 1973 5022 non
2010 4966 2075 5049 de

508 5046 698 5145 quavis
729 5071 1053 5136 differentia,
1087 5069 1182 5125 sed
1225 5069 1291 5124 de
1328 5082 1522 5137 magna
1560 5074 1615 5120 et
1665 5046 2071 5131 incomparabili

511 5180 879 5238 smpenumero
913 5162 1225 5219 excellentia
1259 5161 1478 5216 dicitur.

815 5278 1050 5345 ALIUD,
1076 5267 1132 5333 in
1163 5278 1400 5332 eamdem
1423 5275 1757 5330 sententiam.

581 5397 779 5451 Beatus
833 5393 1034 5449 Paulus
1082 5407 1237 5446 suum
1299 5389 1468 5460 ipsius
1518 5390 1721 5444 dictum
1778 5385 2074 5456 explicans,

512 5486 1054 5555 manifestissimeque
1075 5483 1367 5539 ostendens
1390 5482 1642 5550 quidnam
1662 5481 1735 5536 sit
1756 5477 1882 5543 hoc,
1915 5498 1932 5530 ‹
1967 5477 2077 5532 Me-

514 5579 615 5632 lior
653 5579 827 5630 factus
879 5575 1081 5646 angelis
1107 5575 1192 5639 9°,
1247 5591 1263 5623 ι
1306 5573 1371 5627 ad
1415 5586 1475 5626 ea
1528 5585 1646 5640 quae
1689 5569 1828 5625 dixit
1863 5570 2026 5623 infert
2063 5588 2073 5621 :

1551 5748 1595 5776 ’“
1617 5745 1758 5802 Psal.
1793 5763 1917 5802 xxx.
1955 5748 2007 5800 5.

1370 5820 1412 5849 ¹¹⁹
1450 5819 1551 5874 lsa.
1583 5833 1684 5884 Lt't,
1720 5819 1771 5870 εἰ.

583 5757 627 5784 λ’
653 5753 813 5807 Ilehr.
846 5770 883 5818 ι,
912 5751 1023 5804 1-5.
1101 5751 1145 5779 ⁸³
1173 5749 1326 5801 Joan.
1352 5765 1386 5801 ι.
1427 5752 1471 5799 l.

515 5826 603 5886 ll.
677 5825 720 5854 ⁸⁸
753 5823 909 5881 l’t‘uv.
939 5835 1054 5883 \‘lll,
1090 5820 1170 5883 l0,
1214 5819 1290 5874 ll.

2087 5744 2493 5806 ⁸³1³ςίι1.ς;ςγ11,
2521 5749 2612 5802 9.8.

1851 5820 1894 5848 “9
1931 5818 2088 5870 I'Icltr.
2122 5834 2158 5878 ι,
2204 5817 2244 5869 l.

2152 1975 2333 2030 τοίνυν
2351 1974 2595 2046 περιθεὶς
2717 1971 2832 2043 Υίῷ
2852 1971 2951 2042 τὴν
2969 1971 3152 2036 δόξαν,
3183 1971 3278 2025 καὶ
3309 1970 3379 2024 τά
3404 1970 3503 2040 τῆς
3522 1967 3747 2037 φύσεως

2155 2065 2248 2120 τοῦ
2281 2066 2494 2136 Πατρός
2528 2064 2637 2118 ίδια
2672 2061 2960 2134 προσάψας
2996 2059 3169 2131 αὐτῷ,
3213 2061 3336 2114 τότε
3381 2061 3515 2130 φησι
3557 2058 3746 2130 κρείτ-

2155 2173 2283 2212 τονα
2302 2155 2554 2223 γενέσθαι
2576 2154 2684 2208 τῶν
2712 2154 2984 2225 ἀγγέλων,
3005 2154 3115 2224 ὅσῳ
3136 2151 3231 2205 καὶ
3259 2150 3445 2223 μεῖζον
3469 2150 3582 2220 ἔχει
3609 2150 3745 2220 παρ’

2156 2250 2402 2314 ἐκείνους
2449 2248 2512 2303 τὸ
2560 2248 2754 2318 δνομα,
2815 2247 2890 2311 ὡς
2939 2246 3071 2309 Υἱὸς
3108 2245 3200 2299 καὶ
3258 2243 3618 2315 κληρονόμος,
3650 2240 3748 2295 καὶ

2159 2343 2522 2414 ἀπαύγασμα,
2544 2342 2636 2395 καὶ
2657 2340 2964 2412 χαρακτὴρ,
2990 2340 3086 2393 καὶ
3106 2337 3289 2403 εἰκὼν,
3310 2337 3404 2390 καῖ⁵
3422 2335 3744 2406 ὀμόθρονος,

2158 2437 2252 2491 καὶ
2283 2435 2532 2506 ποιητής.
2563 2435 2628 2487 El
2657 2433 2715 2487 δὲ
2744 2433 2879 2486 πολὺ
2909 2430 3178 2502 κρείττων
3217 2429 3312 2482 καὶ
3338 2425 3747 2497 διαφορώτερος

2159 2525 2267 2580 τῶν
2295 2525 2543 2595 ἀγγέλων
2573 2523 2662 2578 διὰ
2679 2522 2853 2578 ταῦτα
2897 2524 3120 2588 νοεῖται,
3154 2519 3420 2591 κρείττων
3444 2518 3555 2587 ἄρα
3584 2517 3680 2571 καὶ
3713 2516 3748 2587 ὴ

2159 2617 2324 2673 αὐτοῦ
2357 2618 2455 2688 τῆς
2484 2617 2708 2671 ἐκείνων
2737 2615 3036 2680 διακονίας.
3067 2613 3333 2685 Σημαίνοι
3361 2612 3405 2665 δ’
3432 2611 3498 2664 ἂν
3519 2611 3749 2672 εἰκότως

2161 2710 2349 2765 ἐνθάδε
2374 2710 2437 2763 τὸ
2469 2727 2488 2762 t
2515 2708 2758 2778 γέγονεν,
2787 2727 2804 2760 ι
2834 2708 2901 2762 οὐ-
2923 2709 3021 2779 τὴν
3059 2710 3124 2760 ὲκ
3155 2705 3249 2759 τοῦ
3277 2704 3351 2776 μὴ
3375 2705 3528 2766 δντος
3570 2704 3652 2766 είς
3690 2701 3752 2756 τὺ

2162 2797 2303 2856 εἶναι
2335 2801 2676 2873 παραγωγὴν
2704 2796 2804 2873 (ἦν
2828 2800 2938 2870 γάρ
2968 2801 2997 2853 ό
3026 2799 3198 2867 Λόγος
3253 2799 3309 2851 ἐν
3354 2795 3530 2868 ἀρχῇ)
3557 2833 3572 2857 ,
3626 2793 3749 2846 οὐδὲ

2159 2893 2261 2964 τὴν
2282 2892 2342 2958 ἐξ
2363 2893 2642 2957 ἐλάττονος
2666 2892 2745 2957 είς
2768 2911 2822 2946 τι
2850 2893 3033 2964 μεῖζον
3053 2889 3351 2962 μεταϐολὴν
3378 2887 3616 2955 (τέλειος
3638 2885 3752 2956 γὰρ

2164 2986 2229 3039 ὲκ
2258 2985 2465 3040 τελείου
2495 2986 2708 3056 Πατρὺς
2739 2984 2986 3055 ὑπῆρχεν
3011 2986 3040 3037 ό
3069 2983 3220 3054 Υἱὸς)
3245 3022 3260 3046 ,
3317 2980 3434 3034 ἀλλ’
3467 2978 3660 3046 ὥσπερ
3691 2977 3751 3028 ὲν

2167 3073 2449 3149 συγκρίσει
2473 3077 2632 3147 δόξης
2660 3077 2755 3130 καὶ
2802 3075 3114 3146 ἀξιώματος
3133 3074 3194 3128 τὸ
3231 3071 3415 3144 μεῖζον
3439 3070 3535 3124 καὶ
3567 3069 3754 3139 κρεῖτ-

2165 3187 2255 3222 τον
2287 3169 2473 3237 όφθέν.
2498 3168 2706 3238 Ὥσπερ
2734 3167 2800 3221 ἂν
2822 3166 2875 3220 εἴ
2900 3185 2984 3230 τις
3017 3166 3299 3239 ἄνθρωπος
3327 3163 3481 3234 ἵππῳ
3519 3158 3752 3230 συγκρί-

2169 3274 2331 3321 νοιτο,
2365 3258 2458 3310 καὶ
2483 3256 2694 3324 λέγοιτο
2743 3257 3006 3327 κρείττων
3049 3254 3216 3309 αὑτοῦ
3235 3251 3563 3322 γεγενῆσθαι
3597 3249 3755 3318 παρά

2169 3353 2282 3412 τοῖς
2303 3347 2657 3419 δοκιμάζουσι
2710 3347 2798 3401 διὰ
2824 3348 2884 3401 τὸ
2934 3345 3073 3401 εἶναι
3122 3346 3361 3414 λογικόν.
3389 3344 3511 3396 Ὅτι
3537 3342 3652 3411 γὰρ
3691 3340 3756 3394 τὸ

2168 3443 2449 3513 γενέσθαι
2479 3442 2540 3495 ού
2564 3443 2781 3505 πάντως
2829 3442 3048 3509 φύσεως
3099 3436 3356 3510 σημαίνει
3412 3432 3752 3506 μεταϐολὴν,

2171 3531 2438 3602 πρόδηλον
2467 3531 2619 3584 ἔσται
2647 3530 2736 3584 διὰ
2756 3529 2851 3584 τοῦ
2879 3529 3126 3600 λέγοντος
3156 3527 3292 3598 πρὸς
3330 3525 3486 3587 Θεόν,
3532 3542 3550 3574 t
3585 3522 3754 3575 Γενοῦ

2172 3642 2261 3695 μοι
2291 3625 2370 3686 εἰς
2396 3623 2529 3676 Θεὸν
2555 3623 2990 3694 ὑπερασπιστήν·
3022 3638 3042 3672 ι
3075 3619 3171 3673 καὶ
3213 3617 3397 3673 πάλιν·
3435 3635 3452 3666 t
3503 3612 3758 3681 Ἐγένετό

2173 3731 2263 3784 μοι
2291 3713 2494 3784 Κύριος
2558 3716 2638 3776 εἰς
2673 3710 3018 3780 καταφυγήνο
3052 3727 3072 3760 ι
3131 3705 3247 3772 καὶ,
3298 3726 3317 3759 t
3363 3703 3610 3773 Ἐγένετό
3661 3718 3756 3773 μοι

2170 3803 2374 3876 Κύριος
2402 3805 2482 3858 είς
2532 3803 2825 3875 σωτηρίαν.
2862 3822 2883 3856 ι
2935 3802 3220 3864 Διακονίας
3266 3800 3374 3871 ἄρα
3416 3799 3511 3852 καὶ
3551 3795 3712 3867 δόξης
3737 3836 3754 3862 ,

2173 3896 2266 3949 καὶ
2293 3897 2354 3949 οὐ
2377 3895 2609 3965 φύσεως,
2638 3896 2715 3966 τῷ
2744 3894 2858 3965 Υίῷ
2885 3893 3022 3964 πρὸς
3058 3891 3323 3961 ἀγγέλους
3355 3892 3388 3960 ἡ
3417 3890 3730 3958 σύγκρισις.

2172 4006 2506 4074 Παράθεσις
2520 4004 2722 4073 ῥητῶν
2740 4005 3129 4074 σημαίνουσα
3157 4002 3245 4058 ὅτι
3271 4002 3387 4074 τᾲς
3408 4002 3716 4074 κρείττων,
3731 4018 3748 4052 ι

2241 4072 2279 4144 ἦ
2316 4078 2445 4132 θεία
2478 4072 2710 4146 Γραφὴῇ
2728 4072 2834 4129 καί
2855 4073 3094 4128 ἐπὶτῶν
3122 4074 3282 4127 πολὺ
3308 4072 3749 4146 διεστηκότων,

2245 4140 2282 4213 ἦ
2311 4147 2460 4201 κατὰ
2498 4140 2754 4211 ’ἑὸν-’τῆς
2810 4148 3052 4214 φύσεως
3110 4147 3317 4214 λόγον,
3372 4141 3413 4214 ἦ
3435 4141 3585 4214 κατξι
3638 4140 3750 4207 τὴν

2246 4211 2428 4281 ἀξίαν
2450 4218 2711 4284 τίθησιν,
2740 4215 2776 4284 ἢ
2810 4211 2960 4270 κατὰ
2989 4216 3054 4268 τὸ
3093 4211 3313 4284 μέτρον
3340 4211 3450 4281 τῆς
3487 4211 3749 4282 χάριτος.

2249 4334 2410 4386 Ὅσον
2468 4333 2548 4396 εἰς
2577 4332 2674 4404 τὴν
2720 4333 2908 4404 χάριν·
2945 4350 2962 4382 t
3001 4332 3289 4403 Κρείσσων
3322 4330 3509 4402 ἡμέρα
3561 4328 3660 4400 μία
3695 4330 3752 4381 ὲν

2175 4427 2294 4488 ταῖς
2326 4425 2516 4487 αὐλαῖς
2540 4441 2633 4476 σου
2675 4425 2814 4494 ὑπὲρ
2845 4423 3110 4493 χιλιάδας·
3138 4442 3156 4475 ι
3211 4422 3264 4476 τί
3298 4424 3409 4493 γὰρ
3464 4420 3577 4475 ίσον
3606 4421 3757 4474 ἔσται

2177 4517 2284 4568 τῶν
2312 4515 2486 4570 αὐλῶν
2516 4517 2622 4568 τῶν
2654 4515 2828 4568 οὐσῶν
2852 4517 2910 4567 ὲν
2931 4518 3045 4578 τοῖς
3066 4515 3344 4584 ούρανοῖς;
3373 4513 3468 4575 Εἰς
3505 4511 3760 4581 ἀνομοιόο

2178 4625 2316 4678 τητα
2345 4606 2578 4675 φύσεως·
2621 4625 2638 4655 ι
2677 4605 2883 4659 Λάϐετε
2919 4606 3156 4668 παιδίαν,
3185 4604 3278 4657 καὶ
3331 4603 3406 4673 μὴ
3457 4603 3758 4673 ἀργύριον

2177 4699 2446 4770 κρείσσων
2468 4697 2576 4768 γὰρ
2605 4697 2767 4765 σοφία
2789 4697 2956 4750 λίθων
2986 4696 3278 4749 ἐκλεκτῶν.
3322 4715 3341 4747 ›
3378 4695 3608 4756 Ἡσαΐας
3633 4695 3764 4764 περὶ

2177 4791 2284 4843 τῶν
2340 4788 2610 4861 εὐνούχων
2673 4789 2917 4860 εἰστέρει
2955 4788 3182 4856 λέγοντα
3245 4787 3397 4840 Θεόν’
3436 4805 3454 4838 t
3488 4787 3763 4856 Κρεῐσσον

2178 4881 2311 4935 υἱῶν
2335 4883 2427 4935 καὶ
2475 4879 2790 4950 θυγατέρων
2839 4881 3010 4950 ὄνομα
3054 4878 3274 4932 αἰώνιον
3314 4877 3472 4932 δώσω
3498 4879 3704 4942 αὐτοῖς.
3739 4898 3756 4930 ι

2181 4975 2389 5028 Οὐκοῦν
2426 4974 2484 5027 τὸ
2524 4976 2797 5045 κρεῖσσον,
2847 4974 2945 5026 ούκ
2986 4974 3078 5026 ἐπὶ
3130 4973 3226 5043 τῆς
3268 4971 3538 5042 τυχούσης
3577 4975 3764 5042 διαφο-

2185 5068 2302 5135 ρᾶς,
2336 5066 2472 5119 ἀλλὰ
2495 5066 2590 5118 καὶ
2619 5066 2710 5118 ἐπὶ
2736 5066 2978 5136 μεγάλης
3013 5066 3106 5118 καὶ
3142 5065 3474 5134 ἀσυγκρίτου
3502 5065 3763 5130 πολλάκις

2185 5158 2455 5228 ὑπεροχῆς
2483 5158 2752 5210 τάττεται.

2667 5271 2870 5332 ΑΛΛΟ,
2894 5272 2974 5336 εἰς
3005 5271 3071 5323 τὸ
3097 5272 3264 5324 αὐτό.

2282 5381 2732 5452 Επεξηγούμενος
2786 5383 2882 5455 τὴν
2945 5383 3154 5438 οἰκείαν
3193 5383 3375 5456 φωνὴν
3425 5387 3451 5437 ό
3493 5388 3767 5456 μακάριος

2180 5474 2411 5536 Παῦλος,
2432 5475 2524 5528 καὶ
2557 5476 2866 5545 σαφέστατα
2889 5474 3239 5542 δεικνύων,τί
3261 5476 3482 5540 ἔστιτὸ,
3519 5497 3537 5528 t
3569 5478 3766 5548 Κρείτ-

2183 5585 2288 5620 των
2321 5567 2613 5634 γενόμενος
2640 5567 2747 5620 τῶν
2784 5568 3053 5636 ἀγγέλων,
3088 5587 3105 5618 ι
3157 5569 3410 5640 ἐπιφέρει
3474 5573 3587 5633 τοῖς
3620 5572 3769 5642 sior;-

2692 5748 2733 5778 “
2757 5746 2897 5801 Psal.
2929 5748 3190 5814 acunila.
3269 5750 3312 5782 ⁸⁷
3347 5749 3492 5804 Psal.
3525 5764 3765 5818 suam,
