  <div class='ocr_page' id='page_1' title='image "/cluster/home/n/w/nwhite01/storage/ocr_20150623/75/pst.000005712748/186.png"; bbox 0 0 3994 6324; ppageno 0'>
   <div class='ocr_carea' id='block_1_1' title="bbox 207 428 294 480">
    <p class='ocr_par' dir='ltr' id='par_1_1' title="bbox 207 428 294 480">
     <span class='ocr_line' id='line_1_1' title="bbox 207 428 294 480; baseline -0.023 0"><span class='ocrx_word' id='word_1_1' title='bbox 207 428 294 480; x_wconf 72' lang='grc' dir='ltr'><strong>δη</strong></span> 
     </span>
    </p>
   </div>
   <div class='ocr_carea' id='block_1_2' title="bbox 1623 415 2060 477">
    <p class='ocr_par' dir='ltr' id='par_1_2' title="bbox 1623 415 2060 477">
     <span class='ocr_line' id='line_1_2' title="bbox 1623 415 2060 477; baseline -0.018 0"><span class='ocrx_word' id='word_1_2' title='bbox 1623 415 2060 477; x_wconf 78' lang='lat' dir='ltr'><strong>THESAURUS.</strong></span> 
     </span>
    </p>
   </div>
   <div class='ocr_carea' id='block_1_3' title="bbox 3380 397 3486 450">
    <p class='ocr_par' dir='ltr' id='par_1_3' title="bbox 3380 397 3486 450">
     <span class='ocr_line' id='line_1_3' title="bbox 3380 397 3486 450; baseline 0 0"><span class='ocrx_word' id='word_1_3' title='bbox 3380 397 3486 450; x_wconf 64' lang='grc'><strong>542</strong></span> 
     </span>
    </p>
   </div>
   <div class='ocr_carea' id='block_1_4' title="bbox 212 511 1817 610">
    <p class='ocr_par' dir='ltr' id='par_1_4' title="bbox 212 535 1817 610">
     <span class='ocr_line' id='line_1_4' title="bbox 212 535 1817 610; baseline -0.003 -18"><span class='ocrx_word' id='word_1_4' title='bbox 212 542 403 610; x_wconf 56' lang='grc' dir='ltr'>μένοις</span> <span class='ocrx_word' id='word_1_5' title='bbox 435 559 452 590; x_wconf 79' lang='grc' dir='ltr'><strong>ι</strong></span> <span class='ocrx_word' id='word_1_6' title='bbox 496 538 616 592; x_wconf 82' lang='grc' dir='ltr'>Τίνι</span> <span class='ocrx_word' id='word_1_7' title='bbox 650 539 758 610; x_wconf 75' lang='grc' dir='ltr'>γὰρ</span> <span class='ocrx_word' id='word_1_8' title='bbox 801 535 921 592; x_wconf 72' lang='grc' dir='ltr'>εἶπέ</span> <span class='ocrx_word' id='word_1_9' title='bbox 964 556 1091 592; x_wconf 87' lang='grc' dir='ltr'>ποτε</span> <span class='ocrx_word' id='word_1_10' title='bbox 1119 539 1228 591; x_wconf 90' lang='grc' dir='ltr'><strong>τῶν</strong></span> <span class='ocrx_word' id='word_1_11' title='bbox 1277 538 1543 606; x_wconf 82' lang='grc' dir='ltr'>ἀγγέλων·</span> <span class='ocrx_word' id='word_1_12' title='bbox 1599 535 1817 590; x_wconf 47' lang='grc' dir='ltr'>Κάθουη</span> 
     </span>
    </p>
   </div>
   <div class='ocr_carea' id='block_1_5' title="bbox 1929 511 3488 610">
    <p class='ocr_par' dir='ltr' id='par_1_5' title="bbox 1954 511 3488 592">
     <span class='ocr_line' id='line_1_5' title="bbox 1954 511 3488 592; baseline -0.015 -8"><span class='ocrx_word' id='word_1_13' title='bbox 1954 529 2052 584; x_wconf 90' lang='lat' dir='ltr'><strong>Cui</strong></span> <span class='ocrx_word' id='word_1_14' title='bbox 2092 525 2236 580; x_wconf 87' lang='lat' dir='ltr'><strong>enim</strong></span> <span class='ocrx_word' id='word_1_15' title='bbox 2283 538 2521 592; x_wconf 82' lang='lat' dir='ltr'><strong>unquam</strong></span> <span class='ocrx_word' id='word_1_16' title='bbox 2547 520 2864 592; x_wconf 79' lang='lat' dir='ltr'><strong>angelorum</strong></span> <span class='ocrx_word' id='word_1_17' title='bbox 2898 515 3035 571; x_wconf 81' lang='lat' dir='ltr'><strong>dixit</strong></span> <span class='ocrx_word' id='word_1_18' title='bbox 3072 532 3085 567; x_wconf 88' lang='lat'><strong>:</strong></span> <span class='ocrx_word' id='word_1_19' title='bbox 3119 511 3260 567; x_wconf 88' lang='lat' dir='ltr'><strong>Sede</strong></span> <span class='ocrx_word' id='word_1_20' title='bbox 3289 525 3318 563; x_wconf 90' lang='lat' dir='ltr'><strong>a</strong></span> <span class='ocrx_word' id='word_1_21' title='bbox 3354 511 3488 564; x_wconf 78' lang='lat' dir='ltr'><strong>dex-</strong></span> 
     </span>
    </p>
   </div>
   <div class='ocr_carea' id='block_1_6' title="bbox 209 628 1786 702">
    <p class='ocr_par' dir='ltr' id='par_1_6' title="bbox 209 628 1786 702">
     <span class='ocr_line' id='line_1_6' title="bbox 209 628 1786 702; baseline -0.005 -15"><span class='ocrx_word' id='word_1_22' title='bbox 209 637 269 687; x_wconf 70' lang='lat' dir='ltr'><strong>ix</strong></span> <span class='ocrx_word' id='word_1_23' title='bbox 297 630 489 696; x_wconf 77' lang='grc' dir='ltr'>δεξιῶν</span> <span class='ocrx_word' id='word_1_24' title='bbox 519 649 660 702; x_wconf 83' lang='grc' dir='ltr'>μου;</span> <span class='ocrx_word' id='word_1_25' title='bbox 702 651 722 684; x_wconf 71' lang='grc' dir='ltr'><strong>ι</strong></span> <span class='ocrx_word' id='word_1_26' title='bbox 760 636 853 686; x_wconf 76' lang='grc' dir='ltr'>καὶ</span> <span class='ocrx_word' id='word_1_27' title='bbox 885 633 965 686; x_wconf 83' lang='grc' dir='ltr'>ὅτι</span> <span class='ocrx_word' id='word_1_28' title='bbox 1014 633 1142 702; x_wconf 74' lang='grc' dir='ltr'>περὶ</span> <span class='ocrx_word' id='word_1_29' title='bbox 1162 630 1255 684; x_wconf 81' lang='grc' dir='ltr'>τοῦ</span> <span class='ocrx_word' id='word_1_30' title='bbox 1292 629 1422 684; x_wconf 79' lang='grc' dir='ltr'><strong>Υἱοῦ</strong></span> <span class='ocrx_word' id='word_1_31' title='bbox 1451 628 1786 699; x_wconf 77' lang='grc' dir='ltr'>γέγραπται·</span> 
     </span>
    </p>
   </div>
   <div class='ocr_carea' id='block_1_7' title="bbox 217 719 1786 794">
    <p class='ocr_par' dir='ltr' id='par_1_7' title="bbox 217 719 1786 794">
     <span class='ocr_line' id='line_1_7' title="bbox 217 719 1786 794; baseline -0.002 -21"><span class='ocrx_word' id='word_1_32' title='bbox 217 742 231 772; x_wconf 81' lang='grc' dir='ltr'><strong>ι</strong></span> <span class='ocrx_word' id='word_1_33' title='bbox 258 723 362 775; x_wconf 74' lang='grc' dir='ltr'>Καὶ</span> <span class='ocrx_word' id='word_1_34' title='bbox 391 722 931 794; x_wconf 77' lang='grc' dir='ltr'><strong>προσκυνησάτωσαν</strong></span> <span class='ocrx_word' id='word_1_35' title='bbox 959 722 1105 792; x_wconf 85' lang='grc' dir='ltr'><strong>αὐτῷ</strong></span> <span class='ocrx_word' id='word_1_36' title='bbox 1131 722 1328 784; x_wconf 81' lang='grc' dir='ltr'>πάντες</span> <span class='ocrx_word' id='word_1_37' title='bbox 1349 721 1569 789; x_wconf 77' lang='grc' dir='ltr'>ἄγγελοι</span> <span class='ocrx_word' id='word_1_38' title='bbox 1594 719 1752 774; x_wconf 83' lang='grc' dir='ltr'>Θεοῦ.</span> <span class='ocrx_word' id='word_1_39' title='bbox 1769 738 1786 770; x_wconf 74' lang='grc' dir='ltr'><strong>ι</strong></span> 
     </span>
    </p>
   </div>
   <div class='ocr_carea' id='block_1_8' title="bbox 213 811 1793 886">
    <p class='ocr_par' dir='ltr' id='par_1_8' title="bbox 213 811 1793 886">
     <span class='ocr_line' id='line_1_8' title="bbox 213 811 1793 886; baseline -0.001 -21"><span class='ocrx_word' id='word_1_40' title='bbox 213 813 265 865; x_wconf 80' lang='lat' dir='ltr'><strong>El</strong></span> <span class='ocrx_word' id='word_1_41' title='bbox 304 813 359 866; x_wconf 79' lang='grc' dir='ltr'>δὲ</span> <span class='ocrx_word' id='word_1_42' title='bbox 384 816 414 868; x_wconf 87' lang='grc' dir='ltr'><strong>ό</strong></span> <span class='ocrx_word' id='word_1_43' title='bbox 438 815 544 883; x_wconf 90' lang='grc' dir='ltr'><strong>τῆς</strong></span> <span class='ocrx_word' id='word_1_44' title='bbox 583 815 926 886; x_wconf 79' lang='grc' dir='ltr'><strong>συγκρίσεως</strong></span> <span class='ocrx_word' id='word_1_45' title='bbox 955 814 1111 880; x_wconf 85' lang='grc' dir='ltr'>λόγος</span> <span class='ocrx_word' id='word_1_46' title='bbox 1133 856 1146 877; x_wconf 86' lang='grc'><strong>,</strong></span> <span class='ocrx_word' id='word_1_47' title='bbox 1188 813 1249 866; x_wconf 83' lang='grc' dir='ltr'><strong>τδ</strong></span> <span class='ocrx_word' id='word_1_48' title='bbox 1304 813 1402 882; x_wconf 82' lang='grc' dir='ltr'><strong>μὲν</strong></span> <span class='ocrx_word' id='word_1_49' title='bbox 1439 813 1515 876; x_wconf 85' lang='grc' dir='ltr'>ὼς</span> <span class='ocrx_word' id='word_1_50' title='bbox 1560 811 1793 880; x_wconf 86' lang='grc' dir='ltr'>συγκαθ-</span> 
     </span>
    </p>
   </div>
   <div class='ocr_carea' id='block_1_9' title="bbox 211 903 1793 976">
    <p class='ocr_par' dir='ltr' id='par_1_9' title="bbox 211 903 1793 976">
     <span class='ocr_line' id='line_1_9' title="bbox 211 903 1793 976; baseline 0 -20"><span class='ocrx_word' id='word_1_51' title='bbox 211 904 462 974; x_wconf 73' lang='grc' dir='ltr'>εζόμενον</span> <span class='ocrx_word' id='word_1_52' title='bbox 482 905 564 976; x_wconf 81' lang='grc' dir='ltr'>τῷ</span> <span class='ocrx_word' id='word_1_53' title='bbox 577 907 751 976; x_wconf 77' lang='grc' dir='ltr'>Πατρὶ</span> <span class='ocrx_word' id='word_1_54' title='bbox 774 907 866 959; x_wconf 69' lang='grc' dir='ltr'>καὶ</span> <span class='ocrx_word' id='word_1_55' title='bbox 887 904 1359 976; x_wconf 72' lang='grc' dir='ltr'><strong>προσκυνούμενον</strong></span> <span class='ocrx_word' id='word_1_56' title='bbox 1380 903 1646 974; x_wconf 75' lang='grc' dir='ltr'><strong>εἰσφέρει,</strong></span> <span class='ocrx_word' id='word_1_57' title='bbox 1666 905 1793 966; x_wconf 80' lang='grc' dir='ltr'>τοὺς</span> 
     </span>
    </p>
   </div>
   <div class='ocr_carea' id='block_1_10' title="bbox 209 994 1793 1068">
    <p class='ocr_par' dir='ltr' id='par_1_10' title="bbox 209 994 1793 1068">
     <span class='ocr_line' id='line_1_10' title="bbox 209 994 1793 1068; baseline 0 -21"><span class='ocrx_word' id='word_1_58' title='bbox 209 994 260 1047; x_wconf 75' lang='grc' dir='ltr'>δὲ</span> <span class='ocrx_word' id='word_1_59' title='bbox 289 995 360 1059; x_wconf 87' lang='grc' dir='ltr'>ὡς</span> <span class='ocrx_word' id='word_1_60' title='bbox 391 997 816 1068; x_wconf 85' lang='grc' dir='ltr'>παρεστηκότας</span> <span class='ocrx_word' id='word_1_61' title='bbox 861 1013 918 1048; x_wconf 87' lang='grc' dir='ltr'><strong>τε</strong></span> <span class='ocrx_word' id='word_1_62' title='bbox 952 997 1043 1048; x_wconf 73' lang='grc' dir='ltr'>καὶ</span> <span class='ocrx_word' id='word_1_63' title='bbox 1079 998 1399 1066; x_wconf 81' lang='grc' dir='ltr'>προσκυνεῖν</span> <span class='ocrx_word' id='word_1_64' title='bbox 1431 995 1793 1064; x_wconf 73' lang='grc' dir='ltr'>ἐπιτεταγμέ-</span> 
     </span>
    </p>
   </div>
   <div class='ocr_carea' id='block_1_11' title="bbox 212 1085 1794 1157">
    <p class='ocr_par' dir='ltr' id='par_1_11' title="bbox 212 1085 1794 1157">
     <span class='ocr_line' id='line_1_11' title="bbox 212 1085 1794 1157; baseline -0.003 -18"><span class='ocrx_word' id='word_1_65' title='bbox 212 1087 476 1153; x_wconf 76' lang='grc' dir='ltr'>νους,ὀὺκ</span> <span class='ocrx_word' id='word_1_66' title='bbox 503 1088 597 1139; x_wconf 76' lang='grc' dir='ltr'>ἐπὶ</span> <span class='ocrx_word' id='word_1_67' title='bbox 624 1089 719 1157; x_wconf 81' lang='grc' dir='ltr'><strong>τῆς</strong></span> <span class='ocrx_word' id='word_1_68' title='bbox 747 1087 934 1141; x_wconf 75' lang='grc' dir='ltr'>οὐσίας</span> <span class='ocrx_word' id='word_1_69' title='bbox 984 1087 1135 1140; x_wconf 82' lang='grc' dir='ltr'>ἕσται</span> <span class='ocrx_word' id='word_1_70' title='bbox 1178 1088 1391 1150; x_wconf 84' lang='grc' dir='ltr'>πάντως</span> <span class='ocrx_word' id='word_1_71' title='bbox 1436 1087 1518 1147; x_wconf 82' lang='grc' dir='ltr'><strong>τὸ,</strong></span> <span class='ocrx_word' id='word_1_72' title='bbox 1560 1107 1576 1136; x_wconf 78' lang='grc' dir='ltr'><strong>ι</strong></span> <span class='ocrx_word' id='word_1_73' title='bbox 1613 1085 1794 1156; x_wconf 86' lang='grc' dir='ltr'>κρείτ-</span> 
     </span>
    </p>
   </div>
   <div class='ocr_carea' id='block_1_12' title="bbox 214 1176 1794 1250">
    <p class='ocr_par' dir='ltr' id='par_1_12' title="bbox 214 1176 1794 1250">
     <span class='ocr_line' id='line_1_12' title="bbox 214 1176 1794 1250; baseline -0.001 -21"><span class='ocrx_word' id='word_1_74' title='bbox 214 1195 332 1230; x_wconf 79' lang='grc' dir='ltr'>των·</span> <span class='ocrx_word' id='word_1_75' title='bbox 374 1197 392 1229; x_wconf 77' lang='grc' dir='ltr'><strong>ι</strong></span> <span class='ocrx_word' id='word_1_76' title='bbox 436 1178 557 1230; x_wconf 78' lang='grc' dir='ltr'>ἀλλ’</span> <span class='ocrx_word' id='word_1_77' title='bbox 604 1180 660 1229; x_wconf 68' lang='grc' dir='ltr'><strong>ιν</strong></span> <span class='ocrx_word' id='word_1_78' title='bbox 689 1181 797 1240; x_wconf 77' lang='grc' dir='ltr'>τοῖς</span> <span class='ocrx_word' id='word_1_79' title='bbox 837 1180 965 1248; x_wconf 75' lang='grc' dir='ltr'>περὶ</span> <span class='ocrx_word' id='word_1_80' title='bbox 1003 1177 1099 1250; x_wconf 82' lang='grc' dir='ltr'>τὴν</span> <span class='ocrx_word' id='word_1_81' title='bbox 1141 1179 1330 1230; x_wconf 78' lang='grc' dir='ltr'>οὐσίαν</span> <span class='ocrx_word' id='word_1_82' title='bbox 1373 1176 1650 1246; x_wconf 76' lang='grc' dir='ltr'><strong>ἀξιώμασι</strong></span> <span class='ocrx_word' id='word_1_83' title='bbox 1700 1177 1794 1228; x_wconf 70' lang='grc' dir='ltr'><strong>καὶ</strong></span> 
     </span>
    </p>
   </div>
   <div class='ocr_carea' id='block_1_13' title="bbox 215 1265 1794 1338">
    <p class='ocr_par' dir='ltr' id='par_1_13' title="bbox 215 1265 1794 1338">
     <span class='ocr_line' id='line_1_13' title="bbox 215 1265 1794 1338; baseline -0.001 -19"><span class='ocrx_word' id='word_1_84' title='bbox 215 1272 328 1330; x_wconf 85' lang='grc' dir='ltr'>ταῖς</span> <span class='ocrx_word' id='word_1_85' title='bbox 353 1269 558 1333; x_wconf 77' lang='grc' dir='ltr'>ἔξωθεν</span> <span class='ocrx_word' id='word_1_86' title='bbox 608 1270 708 1338; x_wconf 85' lang='grc' dir='ltr'><strong>τῆς</strong></span> <span class='ocrx_word' id='word_1_87' title='bbox 743 1269 959 1338; x_wconf 78' lang='grc' dir='ltr'>φύσεως</span> <span class='ocrx_word' id='word_1_88' title='bbox 992 1271 1200 1338; x_wconf 78' lang='grc' dir='ltr'><strong>τιμαῖς.</strong></span> <span class='ocrx_word' id='word_1_89' title='bbox 1254 1267 1463 1320; x_wconf 72' lang='grc' dir='ltr'>Οὐκοῦν</span> <span class='ocrx_word' id='word_1_90' title='bbox 1507 1267 1605 1336; x_wconf 81' lang='grc' dir='ltr'>οὐχ</span> <span class='ocrx_word' id='word_1_91' title='bbox 1652 1265 1710 1318; x_wconf 79' lang='grc' dir='ltr'>ἓν</span> <span class='ocrx_word' id='word_1_92' title='bbox 1742 1283 1794 1318; x_wconf 87' lang='grc' dir='ltr'><strong>τι</strong></span> 
     </span>
    </p>
   </div>
   <div class='ocr_carea' id='block_1_14' title="bbox 216 1360 1798 1432">
    <p class='ocr_par' dir='ltr' id='par_1_14' title="bbox 216 1360 1798 1432">
     <span class='ocr_line' id='line_1_14' title="bbox 216 1360 1798 1432; baseline 0 -20"><span class='ocrx_word' id='word_1_93' title='bbox 216 1361 316 1412; x_wconf 84' lang='grc' dir='ltr'><strong>τῶν</strong></span> <span class='ocrx_word' id='word_1_94' title='bbox 335 1362 586 1430; x_wconf 75' lang='grc' dir='ltr'>γενητῶν</span> <span class='ocrx_word' id='word_1_95' title='bbox 610 1364 638 1414; x_wconf 87' lang='grc' dir='ltr'>ὁ</span> <span class='ocrx_word' id='word_1_96' title='bbox 672 1362 821 1425; x_wconf 79' lang='grc' dir='ltr'>Υἱὸς,</span> <span class='ocrx_word' id='word_1_97' title='bbox 855 1362 970 1414; x_wconf 76' lang='grc' dir='ltr'>ἀλλ’</span> <span class='ocrx_word' id='word_1_98' title='bbox 999 1361 1186 1432; x_wconf 72' lang='grc' dir='ltr'>ἕτερόν</span> <span class='ocrx_word' id='word_1_99' title='bbox 1211 1380 1260 1414; x_wconf 90' lang='grc' dir='ltr'><strong>τι</strong></span> <span class='ocrx_word' id='word_1_100' title='bbox 1289 1361 1437 1430; x_wconf 73' lang='grc' dir='ltr'>παρὰ</span> <span class='ocrx_word' id='word_1_101' title='bbox 1457 1360 1652 1422; x_wconf 83' lang='grc' dir='ltr'>ταῦτα,</span> <span class='ocrx_word' id='word_1_102' title='bbox 1674 1377 1798 1412; x_wconf 89' lang='grc' dir='ltr'>του-</span> 
     </span>
    </p>
   </div>
   <div class='ocr_carea' id='block_1_15' title="bbox 218 1450 1139 1522">
    <p class='ocr_par' dir='ltr' id='par_1_15' title="bbox 218 1450 1139 1522">
     <span class='ocr_line' id='line_1_15' title="bbox 218 1450 1139 1522; baseline 0 -19"><span class='ocrx_word' id='word_1_103' title='bbox 218 1452 378 1517; x_wconf 82' lang='grc' dir='ltr'>τέστι,</span> <span class='ocrx_word' id='word_1_104' title='bbox 412 1453 585 1519; x_wconf 80' lang='grc' dir='ltr'><strong>Λόγος</strong></span> <span class='ocrx_word' id='word_1_105' title='bbox 623 1451 752 1514; x_wconf 72' lang='grc' dir='ltr'>ἴδιος</span> <span class='ocrx_word' id='word_1_106' title='bbox 781 1450 876 1503; x_wconf 81' lang='grc' dir='ltr'>τοῦ</span> <span class='ocrx_word' id='word_1_107' title='bbox 907 1451 1139 1522; x_wconf 77' lang='grc' dir='ltr'>Πατρός.</span> 
     </span>
    </p>
   </div>
   <div class='ocr_carea' id='block_1_16' title="bbox 711 1563 1300 1629">
    <p class='ocr_par' dir='ltr' id='par_1_16' title="bbox 711 1563 1300 1629">
     <span class='ocr_line' id='line_1_16' title="bbox 711 1563 1300 1629; baseline 0 -15"><span class='ocrx_word' id='word_1_108' title='bbox 711 1563 916 1627; x_wconf 76' lang='lat' dir='ltr'><strong>AAAO,</strong></span> <span class='ocrx_word' id='word_1_109' title='bbox 937 1564 1024 1629; x_wconf 85' lang='grc' dir='ltr'>εὶς</span> <span class='ocrx_word' id='word_1_110' title='bbox 1049 1563 1111 1616; x_wconf 81' lang='grc' dir='ltr'>τὸ</span> <span class='ocrx_word' id='word_1_111' title='bbox 1137 1563 1300 1615; x_wconf 76' lang='grc' dir='ltr'>αὑτό.</span> 
     </span>
    </p>
   </div>
   <div class='ocr_carea' id='block_1_17' title="bbox 284 1676 1798 1748">
    <p class='ocr_par' dir='ltr' id='par_1_17' title="bbox 284 1676 1798 1748">
     <span class='ocr_line' id='line_1_17' title="bbox 284 1676 1798 1748; baseline -0.001 -17"><span class='ocrx_word' id='word_1_112' title='bbox 284 1676 357 1731; x_wconf 83' lang='grc' dir='ltr'><strong>Τὸ</strong></span> <span class='ocrx_word' id='word_1_113' title='bbox 395 1697 412 1730; x_wconf 80' lang='grc' dir='ltr'><strong>ι</strong></span> <span class='ocrx_word' id='word_1_114' title='bbox 459 1680 704 1748; x_wconf 81' lang='grc' dir='ltr'>γέγονεν,</span> <span class='ocrx_word' id='word_1_115' title='bbox 727 1699 744 1730; x_wconf 72' lang='grc' dir='ltr'><strong>ι</strong></span> <span class='ocrx_word' id='word_1_116' title='bbox 788 1680 876 1732; x_wconf 84' lang='grc' dir='ltr'>ὅτε</span> <span class='ocrx_word' id='word_1_117' title='bbox 906 1681 1064 1748; x_wconf 88' lang='grc' dir='ltr'>μόνον</span> <span class='ocrx_word' id='word_1_118' title='bbox 1092 1679 1185 1731; x_wconf 73' lang='grc' dir='ltr'>καὶ</span> <span class='ocrx_word' id='word_1_119' title='bbox 1216 1678 1336 1731; x_wconf 87' lang='grc' dir='ltr'>καθ’</span> <span class='ocrx_word' id='word_1_120' title='bbox 1371 1679 1533 1731; x_wconf 73' lang='grc' dir='ltr'>ἑαυτὸ</span> <span class='ocrx_word' id='word_1_121' title='bbox 1559 1678 1798 1746; x_wconf 84' lang='grc' dir='ltr'>λέγεται,</span> 
     </span>
    </p>
   </div>
   <div class='ocr_carea' id='block_1_18' title="bbox 220 1769 1802 1841">
    <p class='ocr_par' dir='ltr' id='par_1_18' title="bbox 220 1769 1802 1841">
     <span class='ocr_line' id='line_1_18' title="bbox 220 1769 1802 1841; baseline -0.001 -19"><span class='ocrx_word' id='word_1_122' title='bbox 220 1769 475 1841; x_wconf 75' lang='grc' dir='ltr'>σημαίνει</span> <span class='ocrx_word' id='word_1_123' title='bbox 504 1771 688 1825; x_wconf 81' lang='grc' dir='ltr'>πολλά·</span> <span class='ocrx_word' id='word_1_124' title='bbox 718 1772 813 1825; x_wconf 74' lang='grc' dir='ltr'>καὶ</span> <span class='ocrx_word' id='word_1_125' title='bbox 844 1773 906 1824; x_wconf 78' lang='grc' dir='ltr'><strong>οὐ</strong></span> <span class='ocrx_word' id='word_1_126' title='bbox 938 1773 1156 1834; x_wconf 74' lang='grc' dir='ltr'>πάντως</span> <span class='ocrx_word' id='word_1_127' title='bbox 1187 1769 1543 1833; x_wconf 75' lang='grc' dir='ltr'>ὑποστάσεως</span> <span class='ocrx_word' id='word_1_128' title='bbox 1566 1772 1682 1822; x_wconf 85' lang='grc' dir='ltr'>ὲστι</span> <span class='ocrx_word' id='word_1_129' title='bbox 1710 1769 1802 1839; x_wconf 89' lang='grc' dir='ltr'>δη-</span> 
     </span>
    </p>
   </div>
   <div class='ocr_carea' id='block_1_19' title="bbox 1902 599 3490 683">
    <p class='ocr_par' dir='ltr' id='par_1_19' title="bbox 1902 599 3490 683">
     <span class='ocr_line' id='line_1_19' title="bbox 1902 599 3490 683; baseline -0.013 -9"><span class='ocrx_word' id='word_1_130' title='bbox 1902 622 2002 675; x_wconf 85' lang='lat' dir='ltr'><strong>tris</strong></span> <span class='ocrx_word' id='word_1_131' title='bbox 2039 620 2172 673; x_wconf 81' lang='lat' dir='ltr'><strong>meis</strong></span> <span class='ocrx_word' id='word_1_132' title='bbox 2197 617 2284 671; x_wconf 78' lang='lat'><strong>°‘?</strong></span> <span class='ocrx_word' id='word_1_133' title='bbox 2317 636 2334 668; x_wconf 77' lang='grc' dir='ltr'><strong>ι</strong></span> <span class='ocrx_word' id='word_1_134' title='bbox 2371 625 2424 670; x_wconf 91' lang='lat' dir='ltr'><strong>et</strong></span> <span class='ocrx_word' id='word_1_135' title='bbox 2454 614 2598 683; x_wconf 89' lang='lat' dir='ltr'><strong>quod</strong></span> <span class='ocrx_word' id='word_1_136' title='bbox 2632 615 2697 667; x_wconf 88' lang='lat' dir='ltr'><strong>de</strong></span> <span class='ocrx_word' id='word_1_137' title='bbox 2743 610 2882 665; x_wconf 82' lang='lat' dir='ltr'><strong>Filio</strong></span> <span class='ocrx_word' id='word_1_138' title='bbox 2922 607 3183 676; x_wconf 82' lang='lat' dir='ltr'><strong>scriptum</strong></span> <span class='ocrx_word' id='word_1_139' title='bbox 3223 613 3309 658; x_wconf 89' lang='lat' dir='ltr'><strong>est</strong></span> <span class='ocrx_word' id='word_1_140' title='bbox 3336 619 3351 655; x_wconf 76' lang='grc' dir='ltr'><strong>ε</strong></span> <span class='ocrx_word' id='word_1_141' title='bbox 3382 617 3401 652; x_wconf 79' lang='grc' dir='ltr'><strong>ι</strong></span> <span class='ocrx_word' id='word_1_142' title='bbox 3423 599 3490 655; x_wconf 79' lang='lat' dir='ltr'><strong>Et</strong></span> 
     </span>
    </p>
   </div>
   <div class='ocr_carea' id='block_1_20' title="bbox 1901 697 3488 773">
    <p class='ocr_par' dir='ltr' id='par_1_20' title="bbox 1901 697 3488 773">
     <span class='ocr_line' id='line_1_20' title="bbox 1901 697 3488 773; baseline -0.013 -7"><span class='ocrx_word' id='word_1_143' title='bbox 1901 714 2129 768; x_wconf 89' lang='lat' dir='ltr'><strong>adorent</strong></span> <span class='ocrx_word' id='word_1_144' title='bbox 2156 726 2278 765; x_wconf 91' lang='lat' dir='ltr'><strong>eum</strong></span> <span class='ocrx_word' id='word_1_145' title='bbox 2312 723 2503 763; x_wconf 82' lang='lat' dir='ltr'><strong>omnes</strong></span> <span class='ocrx_word' id='word_1_146' title='bbox 2534 704 2712 773; x_wconf 79' lang='lat' dir='ltr'><strong>angeli</strong></span> <span class='ocrx_word' id='word_1_147' title='bbox 2747 704 2840 758; x_wconf 89' lang='lat' dir='ltr'><strong>Dei</strong></span> <span class='ocrx_word' id='word_1_148' title='bbox 2863 701 2931 753; x_wconf 80' lang='lat'><strong>&quot;.</strong></span> <span class='ocrx_word' id='word_1_149' title='bbox 2985 719 3005 752; x_wconf 71' lang='grc' dir='ltr'><strong>ι</strong></span> <span class='ocrx_word' id='word_1_150' title='bbox 3056 697 3116 753; x_wconf 88' lang='lat' dir='ltr'><strong>Si</strong></span> <span class='ocrx_word' id='word_1_151' title='bbox 3160 709 3290 749; x_wconf 80' lang='lat' dir='ltr'><strong>vero</strong></span> <span class='ocrx_word' id='word_1_152' title='bbox 3335 706 3488 748; x_wconf 63' lang='lat' dir='ltr'><strong>como</strong></span> 
     </span>
    </p>
   </div>
   <div class='ocr_carea' id='block_1_21' title="bbox 1900 783 3490 876">
    <p class='ocr_par' dir='ltr' id='par_1_21' title="bbox 1900 783 3490 876">
     <span class='ocr_line' id='line_1_21' title="bbox 1900 783 3490 876; baseline -0.014 -17"><span class='ocrx_word' id='word_1_153' title='bbox 1900 804 2203 876; x_wconf 83' lang='lat' dir='ltr'><strong>parationis</strong></span> <span class='ocrx_word' id='word_1_154' title='bbox 2231 801 2372 856; x_wconf 92' lang='lat' dir='ltr'><strong>ratio</strong></span> <span class='ocrx_word' id='word_1_155' title='bbox 2413 801 2528 854; x_wconf 68' lang='lat' dir='ltr'><strong>haec</strong></span> <span class='ocrx_word' id='word_1_156' title='bbox 2554 804 2744 862; x_wconf 86' lang='lat' dir='ltr'><strong>est,ut</strong></span> <span class='ocrx_word' id='word_1_157' title='bbox 2785 795 2932 848; x_wconf 89' lang='lat' dir='ltr'><strong>hunc</strong></span> <span class='ocrx_word' id='word_1_158' title='bbox 2975 791 3194 860; x_wconf 81' lang='lat' dir='ltr'><strong>quidem</strong></span> <span class='ocrx_word' id='word_1_159' title='bbox 3243 783 3490 839; x_wconf 88' lang='lat' dir='ltr'><strong>assiden—</strong></span> 
     </span>
    </p>
   </div>
   <div class='ocr_carea' id='block_1_22' title="bbox 1903 879 3492 954">
    <p class='ocr_par' dir='ltr' id='par_1_22' title="bbox 1903 879 3492 954">
     <span class='ocr_line' id='line_1_22' title="bbox 1903 879 3492 954; baseline -0.015 -2"><span class='ocrx_word' id='word_1_160' title='bbox 1903 909 2008 954; x_wconf 91' lang='lat' dir='ltr'><strong>tem</strong></span> <span class='ocrx_word' id='word_1_161' title='bbox 2042 897 2189 952; x_wconf 92' lang='lat' dir='ltr'><strong>Patri</strong></span> <span class='ocrx_word' id='word_1_162' title='bbox 2214 904 2267 950; x_wconf 90' lang='lat' dir='ltr'><strong>et</strong></span> <span class='ocrx_word' id='word_1_163' title='bbox 2304 894 2592 947; x_wconf 84' lang='lat' dir='ltr'><strong>adoratum</strong></span> <span class='ocrx_word' id='word_1_164' title='bbox 2619 889 2866 951; x_wconf 83' lang='lat' dir='ltr'><strong>inducat,</strong></span> <span class='ocrx_word' id='word_1_165' title='bbox 2905 885 3028 939; x_wconf 89' lang='lat' dir='ltr'><strong>illos</strong></span> <span class='ocrx_word' id='word_1_166' title='bbox 3074 895 3205 936; x_wconf 89' lang='lat' dir='ltr'><strong>vero</strong></span> <span class='ocrx_word' id='word_1_167' title='bbox 3251 879 3492 933; x_wconf 84' lang='lat' dir='ltr'><strong>circum-</strong></span> 
     </span>
    </p>
   </div>
   <div class='ocr_carea' id='block_1_23' title="bbox 1902 970 3489 1051">
    <p class='ocr_par' dir='ltr' id='par_1_23' title="bbox 1902 970 3489 1051">
     <span class='ocr_line' id='line_1_23' title="bbox 1902 970 3489 1051; baseline -0.018 -4"><span class='ocrx_word' id='word_1_168' title='bbox 1902 1000 2108 1047; x_wconf 85' lang='lat' dir='ltr'><strong>stantes</strong></span> <span class='ocrx_word' id='word_1_169' title='bbox 2133 997 2187 1044; x_wconf 91' lang='lat' dir='ltr'><strong>et</strong></span> <span class='ocrx_word' id='word_1_170' title='bbox 2215 988 2448 1042; x_wconf 88' lang='lat' dir='ltr'><strong>adorare</strong></span> <span class='ocrx_word' id='word_1_171' title='bbox 2479 983 2666 1051; x_wconf 75' lang='lat' dir='ltr'><strong>iussos</strong></span> <span class='ocrx_word' id='word_1_172' title='bbox 2697 999 2709 1034; x_wconf 92' lang='lat'>:</span> <span class='ocrx_word' id='word_1_173' title='bbox 2738 987 2887 1034; x_wconf 89' lang='lat' dir='ltr'><strong>certe</strong></span> <span class='ocrx_word' id='word_1_174' title='bbox 2917 975 3073 1038; x_wconf 88' lang='lat' dir='ltr'><strong>illud,</strong></span> <span class='ocrx_word' id='word_1_175' title='bbox 3129 991 3149 1025; x_wconf 77' lang='grc' dir='ltr'><strong>ι</strong></span> <span class='ocrx_word' id='word_1_176' title='bbox 3187 970 3382 1025; x_wconf 83' lang='lat' dir='ltr'><strong>melior</strong></span> <span class='ocrx_word' id='word_1_177' title='bbox 3407 1009 3422 1034; x_wconf 90' lang='lat'><strong>,</strong></span> <span class='ocrx_word' id='word_1_178' title='bbox 3470 984 3489 1018; x_wconf 77' lang='grc' dir='ltr'><strong>ι</strong></span> 
     </span>
    </p>
   </div>
   <div class='ocr_carea' id='block_1_24' title="bbox 1903 1061 3496 1135">
    <p class='ocr_par' dir='ltr' id='par_1_24' title="bbox 1903 1061 3496 1135">
     <span class='ocr_line' id='line_1_24' title="bbox 1903 1061 3496 1135; baseline -0.014 0"><span class='ocrx_word' id='word_1_179' title='bbox 1903 1096 2011 1135; x_wconf 92' lang='lat' dir='ltr'><strong>non</strong></span> <span class='ocrx_word' id='word_1_180' title='bbox 2054 1080 2119 1134; x_wconf 90' lang='lat' dir='ltr'><strong>dc</strong></span> <span class='ocrx_word' id='word_1_181' title='bbox 2145 1076 2390 1133; x_wconf 82' lang='lat' dir='ltr'><strong>essentia</strong></span> <span class='ocrx_word' id='word_1_182' title='bbox 2420 1074 2636 1128; x_wconf 87' lang='lat' dir='ltr'><strong>dicetur</strong></span> <span class='ocrx_word' id='word_1_183' title='bbox 2663 1109 2678 1134; x_wconf 94' lang='lat'><strong>,</strong></span> <span class='ocrx_word' id='word_1_184' title='bbox 2731 1066 2826 1124; x_wconf 87' lang='lat' dir='ltr'><strong>sed</strong></span> <span class='ocrx_word' id='word_1_185' title='bbox 2871 1066 2936 1120; x_wconf 90' lang='lat' dir='ltr'><strong>de</strong></span> <span class='ocrx_word' id='word_1_186' title='bbox 2983 1061 3339 1131; x_wconf 70' lang='lat' dir='ltr'><strong>dignitatibus</strong></span> <span class='ocrx_word' id='word_1_187' title='bbox 3374 1072 3496 1126; x_wconf 75' lang='lat' dir='ltr'><strong>qua:</strong></span> 
     </span>
    </p>
   </div>
   <div class='ocr_carea' id='block_1_25' title="bbox 1903 1152 3493 1232">
    <p class='ocr_par' dir='ltr' id='par_1_25' title="bbox 1903 1152 3493 1232">
     <span class='ocr_line' id='line_1_25' title="bbox 1903 1152 3493 1232; baseline -0.016 -3"><span class='ocrx_word' id='word_1_188' title='bbox 1903 1172 2222 1229; x_wconf 65' lang='lat' dir='ltr'><strong>substantiae</strong></span> <span class='ocrx_word' id='word_1_189' title='bbox 2258 1168 2534 1230; x_wconf 87' lang='lat' dir='ltr'><strong>accidunt,</strong></span> <span class='ocrx_word' id='word_1_190' title='bbox 2586 1166 2760 1232; x_wconf 89' lang='lat' dir='ltr'><strong>deque</strong></span> <span class='ocrx_word' id='word_1_191' title='bbox 2795 1158 3125 1215; x_wconf 76' lang='lat' dir='ltr'><strong>extrinsecis</strong></span> <span class='ocrx_word' id='word_1_192' title='bbox 3158 1164 3367 1208; x_wconf 69' lang='lat' dir='ltr'><strong>natura</strong></span> <span class='ocrx_word' id='word_1_193' title='bbox 3392 1152 3493 1206; x_wconf 87' lang='lat' dir='ltr'><strong>ho-</strong></span> 
     </span>
    </p>
   </div>
   <div class='ocr_carea' id='block_1_26' title="bbox 1905 1244 3496 1328">
    <p class='ocr_par' dir='ltr' id='par_1_26' title="bbox 1905 1244 3496 1328">
     <span class='ocr_line' id='line_1_26' title="bbox 1905 1244 3496 1328; baseline -0.014 -9"><span class='ocrx_word' id='word_1_194' title='bbox 1905 1265 2151 1319; x_wconf 89' lang='lat' dir='ltr'><strong>noribus.</strong></span> <span class='ocrx_word' id='word_1_195' title='bbox 2185 1259 2306 1315; x_wconf 83' lang='lat' dir='ltr'><strong>Non</strong></span> <span class='ocrx_word' id='word_1_196' title='bbox 2331 1269 2414 1314; x_wconf 90' lang='lat' dir='ltr'><strong>est</strong></span> <span class='ocrx_word' id='word_1_197' title='bbox 2443 1258 2610 1328; x_wconf 81' lang='lat' dir='ltr'><strong>igitur</strong></span> <span class='ocrx_word' id='word_1_198' title='bbox 2661 1267 2803 1308; x_wconf 87' lang='lat' dir='ltr'><strong>unus</strong></span> <span class='ocrx_word' id='word_1_199' title='bbox 2838 1267 2908 1306; x_wconf 79' lang='lat' dir='ltr'><strong>ex</strong></span> <span class='ocrx_word' id='word_1_200' title='bbox 2933 1248 3138 1304; x_wconf 87' lang='lat' dir='ltr'><strong>creatis</strong></span> <span class='ocrx_word' id='word_1_201' title='bbox 3165 1244 3360 1311; x_wconf 85' lang='lat' dir='ltr'><strong>Filius,</strong></span> <span class='ocrx_word' id='word_1_202' title='bbox 3401 1245 3496 1297; x_wconf 90' lang='lat' dir='ltr'><strong>sed</strong></span> 
     </span>
    </p>
   </div>
   <div class='ocr_carea' id='block_1_27' title="bbox 1905 1333 3496 1421">
    <p class='ocr_par' dir='ltr' id='par_1_27' title="bbox 1905 1333 3496 1421">
     <span class='ocr_line' id='line_1_27' title="bbox 1905 1333 3496 1421; baseline -0.015 -13"><span class='ocrx_word' id='word_1_203' title='bbox 1905 1355 2181 1408; x_wconf 86' lang='lat' dir='ltr'><strong>diversum</strong></span> <span class='ocrx_word' id='word_1_204' title='bbox 2204 1350 2482 1421; x_wconf 85' lang='lat' dir='ltr'><strong>quidpiam</strong></span> <span class='ocrx_word' id='word_1_205' title='bbox 2507 1347 2574 1405; x_wconf 85' lang='lat' dir='ltr'><strong>ab</strong></span> <span class='ocrx_word' id='word_1_206' title='bbox 2598 1345 2685 1409; x_wconf 84' lang='lat' dir='ltr'><strong>iis,</strong></span> <span class='ocrx_word' id='word_1_207' title='bbox 2717 1344 2820 1402; x_wconf 90' lang='lat' dir='ltr'><strong>hoc</strong></span> <span class='ocrx_word' id='word_1_208' title='bbox 2840 1338 3231 1410; x_wconf 85' lang='lat' dir='ltr'><strong>est,proprium</strong></span> <span class='ocrx_word' id='word_1_209' title='bbox 3260 1333 3496 1390; x_wconf 85' lang='lat' dir='ltr'><strong>Verbum</strong></span> 
     </span>
    </p>
   </div>
   <div class='ocr_carea' id='block_1_28' title="bbox 1905 1445 2105 1501">
    <p class='ocr_par' dir='ltr' id='par_1_28' title="bbox 1905 1445 2105 1501">
     <span class='ocr_line' id='line_1_28' title="bbox 1905 1445 2105 1501; baseline -0.01 0"><span class='ocrx_word' id='word_1_210' title='bbox 1905 1445 2105 1501; x_wconf 88' lang='lat' dir='ltr'><strong>Patris.</strong></span> 
     </span>
    </p>
   </div>
   <div class='ocr_carea' id='block_1_29' title="bbox 2440 1549 2955 1618">
    <p class='ocr_par' dir='ltr' id='par_1_29' title="bbox 2440 1549 2955 1618">
     <span class='ocr_line' id='line_1_29' title="bbox 2440 1549 2955 1618; baseline -0.016 -7"><span class='ocrx_word' id='word_1_211' title='bbox 2440 1552 2676 1618; x_wconf 86' lang='lat' dir='ltr'><strong>ALIUD,</strong></span> <span class='ocrx_word' id='word_1_212' title='bbox 2707 1551 2765 1606; x_wconf 73' lang='lat' dir='ltr'><strong>in</strong></span> <span class='ocrx_word' id='word_1_213' title='bbox 2791 1549 2955 1603; x_wconf 75' lang='lat' dir='ltr'><strong>idem.</strong></span> 
     </span>
    </p>
   </div>
   <div class='ocr_carea' id='block_1_30' title="bbox 1985 1652 3497 1735">
    <p class='ocr_par' dir='ltr' id='par_1_30' title="bbox 1985 1652 3497 1735">
     <span class='ocr_line' id='line_1_30' title="bbox 1985 1652 3497 1735; baseline -0.013 -13"><span class='ocrx_word' id='word_1_214' title='bbox 1985 1689 2003 1722; x_wconf 77' lang='grc' dir='ltr'><strong>ι</strong></span> <span class='ocrx_word' id='word_1_215' title='bbox 2028 1669 2229 1724; x_wconf 85' lang='lat' dir='ltr'><strong>Factus</strong></span> <span class='ocrx_word' id='word_1_216' title='bbox 2262 1676 2349 1723; x_wconf 90' lang='lat' dir='ltr'><strong>est</strong></span> <span class='ocrx_word' id='word_1_217' title='bbox 2374 1710 2389 1733; x_wconf 89' lang='lat'><strong>,</strong></span> <span class='ocrx_word' id='word_1_218' title='bbox 2437 1683 2457 1718; x_wconf 73' lang='grc' dir='ltr'><strong>ι</strong></span> <span class='ocrx_word' id='word_1_219' title='bbox 2487 1666 2706 1735; x_wconf 88' lang='lat' dir='ltr'><strong>quando</strong></span> <span class='ocrx_word' id='word_1_220' title='bbox 2728 1662 2926 1726; x_wconf 89' lang='lat' dir='ltr'><strong>solum,</strong></span> <span class='ocrx_word' id='word_1_221' title='bbox 2952 1673 3017 1712; x_wconf 89' lang='lat' dir='ltr'><strong>ac</strong></span> <span class='ocrx_word' id='word_1_222' title='bbox 3051 1672 3147 1727; x_wconf 89' lang='lat' dir='ltr'><strong>per</strong></span> <span class='ocrx_word' id='word_1_223' title='bbox 3179 1669 3240 1710; x_wconf 91' lang='lat' dir='ltr'><strong>se</strong></span> <span class='ocrx_word' id='word_1_224' title='bbox 3270 1652 3497 1714; x_wconf 86' lang='lat' dir='ltr'><strong>dicitur,</strong></span> 
     </span>
    </p>
   </div>
   <div class='ocr_carea' id='block_1_31' title="bbox 1911 1745 3501 1834">
    <p class='ocr_par' dir='ltr' id='par_1_31' title="bbox 1911 1745 3501 1834">
     <span class='ocr_line' id='line_1_31' title="bbox 1911 1745 3501 1834; baseline -0.014 -15"><span class='ocrx_word' id='word_1_225' title='bbox 1911 1766 2080 1820; x_wconf 88' lang='lat' dir='ltr'><strong>multa</strong></span> <span class='ocrx_word' id='word_1_226' title='bbox 2125 1762 2438 1834; x_wconf 84' lang='lat' dir='ltr'><strong>significat;</strong></span> <span class='ocrx_word' id='word_1_227' title='bbox 2485 1775 2664 1830; x_wconf 87' lang='lat' dir='ltr'><strong>neque</strong></span> <span class='ocrx_word' id='word_1_228' title='bbox 2705 1759 2757 1812; x_wconf 92' lang='lat' dir='ltr'><strong>in</strong></span> <span class='ocrx_word' id='word_1_229' title='bbox 2806 1756 3128 1809; x_wconf 87' lang='lat' dir='ltr'><strong>universum</strong></span> <span class='ocrx_word' id='word_1_230' title='bbox 3164 1745 3501 1820; x_wconf 75' lang='lat' dir='ltr'><strong>liypostasim</strong></span> 
     </span>
    </p>
   </div>
   <div class='ocr_carea' id='block_1_32' title="bbox 219 1843 1817 1948">
    <p class='ocr_par' dir='ltr' id='par_1_32' title="bbox 219 1860 1802 1932">
     <span class='ocr_line' id='line_1_32' title="bbox 219 1860 1802 1932; baseline -0.001 -18"><span class='ocrx_word' id='word_1_231' title='bbox 219 1863 463 1928; x_wconf 81' lang='grc' dir='ltr'>λωτικὺν,</span> <span class='ocrx_word' id='word_1_232' title='bbox 521 1863 635 1917; x_wconf 78' lang='grc' dir='ltr'>ἀλλ’</span> <span class='ocrx_word' id='word_1_233' title='bbox 664 1865 790 1916; x_wconf 80' lang='grc' dir='ltr'>ὅταν</span> <span class='ocrx_word' id='word_1_234' title='bbox 820 1863 969 1932; x_wconf 78' lang='grc' dir='ltr'>αὐτῷ</span> <span class='ocrx_word' id='word_1_235' title='bbox 1006 1879 1066 1914; x_wconf 59' lang='grc' dir='ltr'>’τι</span> <span class='ocrx_word' id='word_1_236' title='bbox 1100 1861 1460 1931; x_wconf 83' lang='grc' dir='ltr'>συνάπτηται.</span> <span class='ocrx_word' id='word_1_237' title='bbox 1506 1860 1627 1913; x_wconf 83' lang='grc' dir='ltr'>τότε</span> <span class='ocrx_word' id='word_1_238' title='bbox 1665 1877 1802 1928; x_wconf 70' lang='grc' dir='ltr'>γνωσ</span> 
     </span>
    </p>
   </div>
   <div class='ocr_carea' id='block_1_33' title="bbox 1929 1843 3501 1948">
    <p class='ocr_par' dir='ltr' id='par_1_33' title="bbox 1929 1843 3501 1922">
     <span class='ocr_line' id='line_1_33' title="bbox 1929 1843 3501 1922; baseline -0.015 -9"><span class='ocrx_word' id='word_1_239' title='bbox 1929 1861 2136 1914; x_wconf 86' lang='lat' dir='ltr'><strong>lenotat</strong></span> <span class='ocrx_word' id='word_1_240' title='bbox 2191 1856 2333 1910; x_wconf 84' lang='lat' dir='ltr'><strong>:sed</strong></span> <span class='ocrx_word' id='word_1_241' title='bbox 2381 1869 2505 1915; x_wconf 91' lang='lat' dir='ltr'><strong>cum</strong></span> <span class='ocrx_word' id='word_1_242' title='bbox 2553 1853 2628 1907; x_wconf 92' lang='lat' dir='ltr'><strong>illi</strong></span> <span class='ocrx_word' id='word_1_243' title='bbox 2678 1847 2885 1922; x_wconf 86' lang='lat' dir='ltr'><strong>aliquid</strong></span> <span class='ocrx_word' id='word_1_244' title='bbox 2932 1843 3329 1915; x_wconf 69' lang='lat' dir='ltr'><strong>coniungitur,</strong></span> <span class='ocrx_word' id='word_1_245' title='bbox 3387 1847 3501 1891; x_wconf 90' lang='lat' dir='ltr'><strong>tum</strong></span> 
     </span>
    </p>
   </div>
   <div class='ocr_carea' id='block_1_34' title="bbox 224 1945 1799 2026">
    <p class='ocr_par' dir='ltr' id='par_1_34' title="bbox 224 1945 1799 2026">
     <span class='ocr_line' id='line_1_34' title="bbox 224 1945 1799 2026; baseline -0.001 -21"><span class='ocrx_word' id='word_1_246' title='bbox 224 1955 324 2021; x_wconf 84' lang='grc' dir='ltr'>ριεῖ</span> <span class='ocrx_word' id='word_1_247' title='bbox 350 1955 453 2025; x_wconf 77' lang='grc' dir='ltr'>τὴν</span> <span class='ocrx_word' id='word_1_248' title='bbox 481 1954 599 2008; x_wconf 84' lang='grc' dir='ltr'>καθ’</span> <span class='ocrx_word' id='word_1_249' title='bbox 620 1949 681 2008; x_wconf 71' lang='grc' dir='ltr'>οὗ</span> <span class='ocrx_word' id='word_1_250' title='bbox 706 1957 1093 2026; x_wconf 81' lang='grc' dir='ltr'>κατηγορεῖται</span> <span class='ocrx_word' id='word_1_251' title='bbox 1121 1952 1372 2022; x_wconf 75' lang='grc' dir='ltr'>δύναμινσ</span> <span class='ocrx_word' id='word_1_252' title='bbox 1403 1945 1539 2016; x_wconf 74' lang='grc' dir='ltr'>οἷον,</span> <span class='ocrx_word' id='word_1_253' title='bbox 1560 1952 1693 2022; x_wconf 81' lang='grc' dir='ltr'>φέρε</span> <span class='ocrx_word' id='word_1_254' title='bbox 1718 1951 1799 2004; x_wconf 86' lang='grc' dir='ltr'>εί-</span> 
     </span>
    </p>
   </div>
   <div class='ocr_carea' id='block_1_35' title="bbox 222 2043 1803 2115">
    <p class='ocr_par' dir='ltr' id='par_1_35' title="bbox 222 2043 1803 2115">
     <span class='ocr_line' id='line_1_35' title="bbox 222 2043 1803 2115; baseline 0 -19"><span class='ocrx_word' id='word_1_255' title='bbox 222 2046 360 2109; x_wconf 84' lang='grc' dir='ltr'>πεῖν,</span> <span class='ocrx_word' id='word_1_256' title='bbox 397 2044 594 2112; x_wconf 83' lang='grc' dir='ltr'>γέγονέ</span> <span class='ocrx_word' id='word_1_257' title='bbox 629 2061 711 2108; x_wconf 87' lang='grc' dir='ltr'><strong>τις</strong></span> <span class='ocrx_word' id='word_1_258' title='bbox 737 2043 944 2110; x_wconf 75' lang='grc' dir='ltr'>τέκτων</span> <span class='ocrx_word' id='word_1_259' title='bbox 977 2044 1009 2115; x_wconf 77' lang='grc' dir='ltr'>ἢ</span> <span class='ocrx_word' id='word_1_260' title='bbox 1052 2043 1310 2108; x_wconf 79' lang='grc' dir='ltr'><strong>λιθοξόος,</strong></span> <span class='ocrx_word' id='word_1_261' title='bbox 1356 2043 1415 2095; x_wconf 85' lang='grc' dir='ltr'>οὐ</span> <span class='ocrx_word' id='word_1_262' title='bbox 1463 2043 1681 2106; x_wconf 84' lang='grc' dir='ltr'>πάντως</span> <span class='ocrx_word' id='word_1_263' title='bbox 1711 2043 1803 2098; x_wconf 77' lang='grc' dir='ltr'><strong>ἄν·</strong></span> 
     </span>
    </p>
   </div>
   <div class='ocr_carea' id='block_1_36' title="bbox 220 2134 1800 2207">
    <p class='ocr_par' dir='ltr' id='par_1_36' title="bbox 220 2134 1800 2207">
     <span class='ocr_line' id='line_1_36' title="bbox 220 2134 1800 2207; baseline -0.003 -17"><span class='ocrx_word' id='word_1_264' title='bbox 220 2137 444 2207; x_wconf 79' lang='grc' dir='ltr'>θρωπος</span> <span class='ocrx_word' id='word_1_265' title='bbox 481 2138 567 2192; x_wconf 79' lang='grc' dir='ltr'><strong>ἵνα</strong></span> <span class='ocrx_word' id='word_1_266' title='bbox 608 2137 700 2190; x_wconf 73' lang='grc' dir='ltr'><strong>καὶ</strong></span> <span class='ocrx_word' id='word_1_267' title='bbox 735 2137 961 2190; x_wconf 79' lang='grc' dir='ltr'>τέκτων·</span> <span class='ocrx_word' id='word_1_268' title='bbox 1000 2134 1116 2190; x_wconf 84' lang='grc' dir='ltr'>ἀλλ’</span> <span class='ocrx_word' id='word_1_269' title='bbox 1152 2135 1452 2206; x_wconf 78' lang='grc' dir='ltr'>ἐπειδήπερ</span> <span class='ocrx_word' id='word_1_270' title='bbox 1492 2135 1800 2205; x_wconf 82' lang='grc' dir='ltr'>ἄνθρωπος,</span> 
     </span>
    </p>
   </div>
   <div class='ocr_carea' id='block_1_37' title="bbox 1904 1931 3502 2022">
    <p class='ocr_par' dir='ltr' id='par_1_37' title="bbox 1904 1931 3502 2022">
     <span class='ocr_line' id='line_1_37' title="bbox 1904 1931 3502 2022; baseline -0.014 -14"><span class='ocrx_word' id='word_1_271' title='bbox 1904 1954 2022 2022; x_wconf 88' lang='lat' dir='ltr'><strong>ejus</strong></span> <span class='ocrx_word' id='word_1_272' title='bbox 2046 1953 2113 2007; x_wconf 89' lang='lat' dir='ltr'><strong>de</strong></span> <span class='ocrx_word' id='word_1_273' title='bbox 2143 1966 2251 2020; x_wconf 91' lang='lat' dir='ltr'><strong>quo</strong></span> <span class='ocrx_word' id='word_1_274' title='bbox 2291 1950 2623 2019; x_wconf 72' lang='lat' dir='ltr'><strong>[medicatur</strong></span> <span class='ocrx_word' id='word_1_275' title='bbox 2651 1947 2758 2000; x_wconf 86' lang='lat' dir='ltr'><strong>vim</strong></span> <span class='ocrx_word' id='word_1_276' title='bbox 2792 1953 2961 2012; x_wconf 89' lang='lat' dir='ltr'><strong>atque</strong></span> <span class='ocrx_word' id='word_1_277' title='bbox 3013 1940 3277 1995; x_wconf 85' lang='lat' dir='ltr'><strong>virtutem</strong></span> <span class='ocrx_word' id='word_1_278' title='bbox 3320 1931 3502 1988; x_wconf 88' lang='lat' dir='ltr'><strong>decla-</strong></span> 
     </span>
    </p>
   </div>
   <div class='ocr_carea' id='block_1_38' title="bbox 1905 2021 3504 2111">
    <p class='ocr_par' dir='ltr' id='par_1_38' title="bbox 1905 2021 3504 2111">
     <span class='ocr_line' id='line_1_38' title="bbox 1905 2021 3504 2111; baseline -0.016 -10"><span class='ocrx_word' id='word_1_279' title='bbox 1905 2021 1988 2101; x_wconf 87' lang='lat' dir='ltr'><strong>rat</strong></span> <span class='ocrx_word' id='word_1_280' title='bbox 2020 2064 2033 2100; x_wconf 88' lang='lat'><strong>:</strong></span> <span class='ocrx_word' id='word_1_281' title='bbox 2067 2055 2145 2109; x_wconf 87' lang='lat' dir='ltr'><strong>ut,</strong></span> <span class='ocrx_word' id='word_1_282' title='bbox 2174 2041 2408 2111; x_wconf 77' lang='lat' dir='ltr'><strong>exempli</strong></span> <span class='ocrx_word' id='word_1_283' title='bbox 2445 2039 2644 2111; x_wconf 75' lang='lat' dir='ltr'><strong>gratia,</strong></span> <span class='ocrx_word' id='word_1_284' title='bbox 2667 2037 2842 2091; x_wconf 82' lang='lat' dir='ltr'><strong>factus</strong></span> <span class='ocrx_word' id='word_1_285' title='bbox 2874 2042 2960 2089; x_wconf 85' lang='lat' dir='ltr'><strong>est</strong></span> <span class='ocrx_word' id='word_1_286' title='bbox 2986 2030 3182 2098; x_wconf 86' lang='lat' dir='ltr'><strong>aliquis</strong></span> <span class='ocrx_word' id='word_1_287' title='bbox 3210 2027 3382 2089; x_wconf 80' lang='lat' dir='ltr'><strong>faber,</strong></span> <span class='ocrx_word' id='word_1_288' title='bbox 3419 2021 3504 2077; x_wconf 88' lang='lat' dir='ltr'><strong>vel</strong></span> 
     </span>
    </p>
   </div>
   <div class='ocr_carea' id='block_1_39' title="bbox 1905 2116 3504 2193">
    <p class='ocr_par' dir='ltr' id='par_1_39' title="bbox 1905 2116 3504 2193">
     <span class='ocr_line' id='line_1_39' title="bbox 1905 2116 3504 2193; baseline -0.013 -1"><span class='ocrx_word' id='word_1_289' title='bbox 1905 2139 2235 2193; x_wconf 83' lang='lat' dir='ltr'><strong>statuarius:</strong></span> <span class='ocrx_word' id='word_1_290' title='bbox 2268 2149 2375 2187; x_wconf 91' lang='lat' dir='ltr'><strong>non</strong></span> <span class='ocrx_word' id='word_1_291' title='bbox 2412 2133 2463 2187; x_wconf 93' lang='lat' dir='ltr'><strong>in</strong></span> <span class='ocrx_word' id='word_1_292' title='bbox 2490 2131 2802 2184; x_wconf 87' lang='lat' dir='ltr'><strong>universum</strong></span> <span class='ocrx_word' id='word_1_293' title='bbox 2833 2127 2994 2181; x_wconf 86' lang='lat' dir='ltr'><strong>homo</strong></span> <span class='ocrx_word' id='word_1_294' title='bbox 3031 2129 3167 2177; x_wconf 87' lang='lat' dir='ltr'><strong>utet</strong></span> <span class='ocrx_word' id='word_1_295' title='bbox 3197 2118 3384 2184; x_wconf 81' lang='lat' dir='ltr'><strong>faber;</strong></span> <span class='ocrx_word' id='word_1_296' title='bbox 3409 2116 3504 2173; x_wconf 88' lang='lat' dir='ltr'><strong>sed</strong></span> 
     </span>
    </p>
   </div>
   <div class='ocr_carea' id='block_1_40' title="bbox 223 2212 1817 2300">
    <p class='ocr_par' dir='ltr' id='par_1_40' title="bbox 223 2227 1805 2300">
     <span class='ocr_line' id='line_1_40' title="bbox 223 2227 1805 2300; baseline 0.001 -20"><span class='ocrx_word' id='word_1_297' title='bbox 223 2229 412 2296; x_wconf 80' lang='grc' dir='ltr'>γέγονε</span> <span class='ocrx_word' id='word_1_298' title='bbox 444 2228 678 2288; x_wconf 85' lang='grc' dir='ltr'>τέκτων.</span> <span class='ocrx_word' id='word_1_299' title='bbox 733 2231 833 2300; x_wconf 85' lang='grc' dir='ltr'><strong>τῆς</strong></span> <span class='ocrx_word' id='word_1_300' title='bbox 876 2228 1070 2298; x_wconf 81' lang='grc' dir='ltr'>τέχνης</span> <span class='ocrx_word' id='word_1_301' title='bbox 1091 2227 1166 2281; x_wconf 82' lang='grc' dir='ltr'>ὢν</span> <span class='ocrx_word' id='word_1_302' title='bbox 1196 2227 1464 2292; x_wconf 73' lang='grc' dir='ltr'>δεκτικὸς,</span> <span class='ocrx_word' id='word_1_303' title='bbox 1520 2231 1612 2281; x_wconf 74' lang='grc' dir='ltr'><strong>καὶ</strong></span> <span class='ocrx_word' id='word_1_304' title='bbox 1663 2228 1805 2283; x_wconf 74' lang='grc' dir='ltr'>κατὰ</span> 
     </span>
    </p>
   </div>
   <div class='ocr_carea' id='block_1_41' title="bbox 1929 2212 3502 2300">
    <p class='ocr_par' dir='ltr' id='par_1_41' title="bbox 1929 2212 3502 2299">
     <span class='ocr_line' id='line_1_41' title="bbox 1929 2212 3502 2299; baseline -0.013 -16"><span class='ocrx_word' id='word_1_305' title='bbox 1929 2230 2122 2299; x_wconf 74' lang='lat' dir='ltr'><strong>[nando</strong></span> <span class='ocrx_word' id='word_1_306' title='bbox 2146 2231 2305 2282; x_wconf 84' lang='lat' dir='ltr'><strong>homo</strong></span> <span class='ocrx_word' id='word_1_307' title='bbox 2336 2225 2509 2280; x_wconf 84' lang='lat' dir='ltr'><strong>factus</strong></span> <span class='ocrx_word' id='word_1_308' title='bbox 2534 2231 2617 2278; x_wconf 89' lang='lat' dir='ltr'><strong>est</strong></span> <span class='ocrx_word' id='word_1_309' title='bbox 2642 2220 2816 2284; x_wconf 85' lang='lat' dir='ltr'><strong>faber,</strong></span> <span class='ocrx_word' id='word_1_310' title='bbox 2840 2220 2973 2272; x_wconf 89' lang='lat' dir='ltr'><strong>artis</strong></span> <span class='ocrx_word' id='word_1_311' title='bbox 3000 2229 3170 2284; x_wconf 80' lang='lat' dir='ltr'><strong>capax</strong></span> <span class='ocrx_word' id='word_1_312' title='bbox 3203 2212 3502 2275; x_wconf 81' lang='lat' dir='ltr'><strong>exsistens,</strong></span> 
     </span>
    </p>
   </div>
   <div class='ocr_carea' id='block_1_42' title="bbox 227 2318 1800 2390">
    <p class='ocr_par' dir='ltr' id='par_1_42' title="bbox 227 2318 1800 2390">
     <span class='ocr_line' id='line_1_42' title="bbox 227 2318 1800 2390; baseline -0.001 -19"><span class='ocrx_word' id='word_1_313' title='bbox 227 2318 388 2388; x_wconf 84' lang='grc' dir='ltr'>μόνης</span> <span class='ocrx_word' id='word_1_314' title='bbox 411 2318 602 2372; x_wconf 75' lang='grc' dir='ltr'>ἐνθάδε</span> <span class='ocrx_word' id='word_1_315' title='bbox 627 2320 726 2389; x_wconf 87' lang='grc' dir='ltr'><strong>τῆς</strong></span> <span class='ocrx_word' id='word_1_316' title='bbox 755 2321 1065 2390; x_wconf 79' lang='grc' dir='ltr'>ἐπιστήμης</span> <span class='ocrx_word' id='word_1_317' title='bbox 1098 2320 1339 2390; x_wconf 86' lang='grc' dir='ltr'>χωρήσει</span> <span class='ocrx_word' id='word_1_318' title='bbox 1367 2319 1428 2372; x_wconf 80' lang='grc' dir='ltr'><strong>τὸ</strong></span> <span class='ocrx_word' id='word_1_319' title='bbox 1465 2337 1484 2370; x_wconf 72' lang='grc' dir='ltr'><strong>ι</strong></span> <span class='ocrx_word' id='word_1_320' title='bbox 1523 2320 1800 2388; x_wconf 73' lang='grc' dir='ltr'>γέγονεν,›</span> 
     </span>
    </p>
   </div>
   <div class='ocr_carea' id='block_1_43' title="bbox 223 2408 1807 2480">
    <p class='ocr_par' dir='ltr' id='par_1_43' title="bbox 223 2408 1807 2480">
     <span class='ocr_line' id='line_1_43' title="bbox 223 2408 1807 2480; baseline 0.002 -21"><span class='ocrx_word' id='word_1_321' title='bbox 223 2410 282 2461; x_wconf 76' lang='grc' dir='ltr'>οὐ</span> <span class='ocrx_word' id='word_1_322' title='bbox 315 2410 538 2473; x_wconf 80' lang='grc' dir='ltr'>πάντως</span> <span class='ocrx_word' id='word_1_323' title='bbox 566 2409 707 2463; x_wconf 77' lang='grc' dir='ltr'>κατὰ</span> <span class='ocrx_word' id='word_1_324' title='bbox 732 2411 831 2479; x_wconf 86' lang='grc' dir='ltr'><strong>τῆς</strong></span> <span class='ocrx_word' id='word_1_325' title='bbox 861 2409 1210 2473; x_wconf 80' lang='grc' dir='ltr'>ὑποστάσεως</span> <span class='ocrx_word' id='word_1_326' title='bbox 1245 2409 1278 2480; x_wconf 80' lang='grc' dir='ltr'><strong>ἢ</strong></span> <span class='ocrx_word' id='word_1_327' title='bbox 1333 2410 1434 2480; x_wconf 83' lang='grc' dir='ltr'><strong>τῆς</strong></span> <span class='ocrx_word' id='word_1_328' title='bbox 1459 2413 1538 2474; x_wconf 86' lang='grc' dir='ltr'><strong>είς</strong></span> <span class='ocrx_word' id='word_1_329' title='bbox 1571 2411 1631 2462; x_wconf 83' lang='grc' dir='ltr'><strong>τὸ</strong></span> <span class='ocrx_word' id='word_1_330' title='bbox 1671 2408 1807 2462; x_wconf 75' lang='grc' dir='ltr'>εἶναι</span> 
     </span>
    </p>
   </div>
   <div class='ocr_carea' id='block_1_44' title="bbox 227 2500 1810 2574">
    <p class='ocr_par' dir='ltr' id='par_1_44' title="bbox 227 2500 1810 2574">
     <span class='ocr_line' id='line_1_44' title="bbox 227 2500 1810 2574; baseline 0.003 -22"><span class='ocrx_word' id='word_1_331' title='bbox 227 2503 586 2572; x_wconf 77' lang='grc' dir='ltr'>παραγωγῆς.</span> <span class='ocrx_word' id='word_1_332' title='bbox 638 2502 848 2555; x_wconf 74' lang='grc' dir='ltr'>Οὐκοῦν</span> <span class='ocrx_word' id='word_1_333' title='bbox 896 2504 944 2555; x_wconf 82' lang='grc' dir='ltr'><strong>εί</strong></span> <span class='ocrx_word' id='word_1_334' title='bbox 979 2500 1192 2569; x_wconf 81' lang='grc' dir='ltr'>λέγοιτο</span> <span class='ocrx_word' id='word_1_335' title='bbox 1252 2503 1487 2572; x_wconf 85' lang='grc' dir='ltr'>Χριστὸς</span> <span class='ocrx_word' id='word_1_336' title='bbox 1547 2503 1810 2574; x_wconf 79' lang='grc' dir='ltr'>κρείττων</span> 
     </span>
    </p>
   </div>
   <div class='ocr_carea' id='block_1_45' title="bbox 225 2591 1810 2662">
    <p class='ocr_par' dir='ltr' id='par_1_45' title="bbox 225 2591 1810 2662">
     <span class='ocr_line' id='line_1_45' title="bbox 225 2591 1810 2662; baseline 0.001 -19"><span class='ocrx_word' id='word_1_337' title='bbox 225 2591 553 2661; x_wconf 85' lang='grc' dir='ltr'>γεγενῆσθαι</span> <span class='ocrx_word' id='word_1_338' title='bbox 604 2591 713 2644; x_wconf 87' lang='grc' dir='ltr'><strong>τῶν</strong></span> <span class='ocrx_word' id='word_1_339' title='bbox 753 2592 1021 2660; x_wconf 81' lang='grc' dir='ltr'>ἀγγέλων,</span> <span class='ocrx_word' id='word_1_340' title='bbox 1064 2593 1126 2645; x_wconf 82' lang='grc' dir='ltr'><strong>οὐ</strong></span> <span class='ocrx_word' id='word_1_341' title='bbox 1180 2594 1309 2661; x_wconf 80' lang='grc' dir='ltr'>περὶ</span> <span class='ocrx_word' id='word_1_342' title='bbox 1336 2592 1428 2645; x_wconf 82' lang='grc' dir='ltr'><strong>τὸν</strong></span> <span class='ocrx_word' id='word_1_343' title='bbox 1466 2592 1563 2662; x_wconf 90' lang='grc' dir='ltr'><strong>τῆς</strong></span> <span class='ocrx_word' id='word_1_344' title='bbox 1596 2591 1810 2662; x_wconf 76' lang='grc' dir='ltr'>φύσεως</span> 
     </span>
    </p>
   </div>
   <div class='ocr_carea' id='block_1_46' title="bbox 226 2679 1814 2755">
    <p class='ocr_par' dir='ltr' id='par_1_46' title="bbox 226 2679 1814 2755">
     <span class='ocr_line' id='line_1_46' title="bbox 226 2679 1814 2755; baseline 0.003 -23"><span class='ocrx_word' id='word_1_345' title='bbox 226 2679 380 2748; x_wconf 89' lang='grc' dir='ltr'>λόγον</span> <span class='ocrx_word' id='word_1_346' title='bbox 443 2681 556 2751; x_wconf 77' lang='grc' dir='ltr'>ἔχει</span> <span class='ocrx_word' id='word_1_347' title='bbox 603 2682 703 2752; x_wconf 82' lang='grc' dir='ltr'>τὴν</span> <span class='ocrx_word' id='word_1_348' title='bbox 758 2681 1080 2755; x_wconf 79' lang='grc' dir='ltr'>σύγκρισιν,</span> <span class='ocrx_word' id='word_1_349' title='bbox 1129 2681 1266 2736; x_wconf 79' lang='grc' dir='ltr'>ἀλλὰ</span> <span class='ocrx_word' id='word_1_350' title='bbox 1319 2687 1448 2754; x_wconf 77' lang='grc' dir='ltr'>περὶ</span> <span class='ocrx_word' id='word_1_351' title='bbox 1517 2684 1684 2754; x_wconf 74' lang='grc' dir='ltr'>τιμὴν</span> <span class='ocrx_word' id='word_1_352' title='bbox 1718 2685 1814 2737; x_wconf 79' lang='grc' dir='ltr'>καὶ</span> 
     </span>
    </p>
   </div>
   <div class='ocr_carea' id='block_1_47' title="bbox 227 2771 464 2843">
    <p class='ocr_par' dir='ltr' id='par_1_47' title="bbox 227 2771 464 2843">
     <span class='ocr_line' id='line_1_47' title="bbox 227 2771 464 2843; baseline 0.008 -19"><span class='ocrx_word' id='word_1_353' title='bbox 227 2771 464 2843; x_wconf 79' lang='grc' dir='ltr'>ἀξίωμα.</span> 
     </span>
    </p>
   </div>
   <div class='ocr_carea' id='block_1_48' title="bbox 688 2865 1353 2932">
    <p class='ocr_par' dir='ltr' id='par_1_48' title="bbox 688 2865 1353 2932">
     <span class='ocr_line' id='line_1_48' title="bbox 688 2865 1353 2932; baseline 0.003 -13"><span class='ocrx_word' id='word_1_354' title='bbox 688 2865 894 2929; x_wconf 85' lang='lat' dir='ltr'><strong>AAAO,</strong></span> <span class='ocrx_word' id='word_1_355' title='bbox 943 2868 1030 2932; x_wconf 75' lang='grc' dir='ltr'>εἰς</span> <span class='ocrx_word' id='word_1_356' title='bbox 1075 2867 1141 2920; x_wconf 83' lang='grc' dir='ltr'>τὸ</span> <span class='ocrx_word' id='word_1_357' title='bbox 1188 2868 1353 2921; x_wconf 81' lang='grc' dir='ltr'>αὐτό.</span> 
     </span>
    </p>
   </div>
   <div class='ocr_carea' id='block_1_49' title="bbox 303 2977 1819 3048">
    <p class='ocr_par' dir='ltr' id='par_1_49' title="bbox 303 2977 1819 3048">
     <span class='ocr_line' id='line_1_49' title="bbox 303 2977 1819 3048; baseline 0.001 -19"><span class='ocrx_word' id='word_1_358' title='bbox 303 2997 321 3028; x_wconf 78' lang='grc' dir='ltr'><strong>ι</strong></span> <span class='ocrx_word' id='word_1_359' title='bbox 353 2977 610 3047; x_wconf 77' lang='grc' dir='ltr'>Τοσούτῳ</span> <span class='ocrx_word' id='word_1_360' title='bbox 632 2978 896 3048; x_wconf 86' lang='grc' dir='ltr'>κρείττων</span> <span class='ocrx_word' id='word_1_361' title='bbox 917 2978 1209 3048; x_wconf 84' lang='grc' dir='ltr'>γενόμενος</span> <span class='ocrx_word' id='word_1_362' title='bbox 1231 2978 1340 3030; x_wconf 90' lang='grc' dir='ltr'><strong>τῶν</strong></span> <span class='ocrx_word' id='word_1_363' title='bbox 1368 2978 1636 3046; x_wconf 79' lang='grc' dir='ltr'>ἀγγέλων.</span> <span class='ocrx_word' id='word_1_364' title='bbox 1679 2997 1697 3029; x_wconf 77' lang='grc' dir='ltr'><strong>ι</strong></span> <span class='ocrx_word' id='word_1_365' title='bbox 1745 2978 1819 3031; x_wconf 83' lang='grc' dir='ltr'><strong>Τὸ</strong></span> 
     </span>
    </p>
   </div>
   <div class='ocr_carea' id='block_1_50' title="bbox 236 3069 1818 3141">
    <p class='ocr_par' dir='ltr' id='par_1_50' title="bbox 236 3069 1818 3141">
     <span class='ocr_line' id='line_1_50' title="bbox 236 3069 1818 3141; baseline 0.001 -20"><span class='ocrx_word' id='word_1_366' title='bbox 236 3087 255 3120; x_wconf 80' lang='grc' dir='ltr'><strong>ι</strong></span> <span class='ocrx_word' id='word_1_367' title='bbox 287 3069 512 3138; x_wconf 78' lang='grc' dir='ltr'>γέγονεν</span> <span class='ocrx_word' id='word_1_368' title='bbox 550 3090 568 3122; x_wconf 74' lang='grc' dir='ltr'><strong>ι</strong></span> <span class='ocrx_word' id='word_1_369' title='bbox 616 3073 664 3124; x_wconf 86' lang='grc' dir='ltr'>εἰ</span> <span class='ocrx_word' id='word_1_370' title='bbox 709 3073 802 3123; x_wconf 74' lang='grc' dir='ltr'><strong>καὶ</strong></span> <span class='ocrx_word' id='word_1_371' title='bbox 849 3072 990 3125; x_wconf 80' lang='grc' dir='ltr'>κατὰ</span> <span class='ocrx_word' id='word_1_372' title='bbox 1049 3070 1149 3141; x_wconf 88' lang='grc' dir='ltr'><strong>τῆς</strong></span> <span class='ocrx_word' id='word_1_373' title='bbox 1207 3072 1392 3134; x_wconf 84' lang='grc' dir='ltr'>οὐσίας</span> <span class='ocrx_word' id='word_1_374' title='bbox 1437 3071 1682 3124; x_wconf 78' lang='grc' dir='ltr'>τάττοι-ιο</span> <span class='ocrx_word' id='word_1_375' title='bbox 1724 3069 1818 3123; x_wconf 75' lang='grc' dir='ltr'>τοῦ</span> 
     </span>
    </p>
   </div>
   <div class='ocr_carea' id='block_1_51' title="bbox 232 3160 1819 3232">
    <p class='ocr_par' dir='ltr' id='par_1_51' title="bbox 232 3160 1819 3232">
     <span class='ocr_line' id='line_1_51' title="bbox 232 3160 1819 3232; baseline 0 -19"><span class='ocrx_word' id='word_1_376' title='bbox 232 3160 383 3223; x_wconf 80' lang='grc' dir='ltr'>Υίοῦ,</span> <span class='ocrx_word' id='word_1_377' title='bbox 417 3161 574 3215; x_wconf 70' lang='grc' dir='ltr'>οὐδὲν</span> <span class='ocrx_word' id='word_1_378' title='bbox 600 3161 768 3232; x_wconf 81' lang='grc' dir='ltr'>αὐτὴν</span> <span class='ocrx_word' id='word_1_379' title='bbox 793 3161 1041 3231; x_wconf 81' lang='grc' dir='ltr'>ἀδικήσει</span> <span class='ocrx_word' id='word_1_380' title='bbox 1081 3162 1179 3231; x_wconf 90' lang='grc' dir='ltr'><strong>τῆς</strong></span> <span class='ocrx_word' id='word_1_381' title='bbox 1234 3161 1432 3225; x_wconf 81' lang='grc' dir='ltr'>λέξεως</span> <span class='ocrx_word' id='word_1_382' title='bbox 1471 3162 1504 3231; x_wconf 87' lang='grc' dir='ltr'><strong>ή</strong></span> <span class='ocrx_word' id='word_1_383' title='bbox 1552 3161 1780 3231; x_wconf 79' lang='grc' dir='ltr'>δύναμις</span> <span class='ocrx_word' id='word_1_384' title='bbox 1805 3202 1819 3226; x_wconf 90' lang='grc'><strong>,</strong></span> 
     </span>
    </p>
   </div>
   <div class='ocr_carea' id='block_1_52' title="bbox 1910 2305 3502 2380">
    <p class='ocr_par' dir='ltr' id='par_1_52' title="bbox 1910 2305 3502 2380">
     <span class='ocr_line' id='line_1_52' title="bbox 1910 2305 3502 2380; baseline -0.015 -4"><span class='ocrx_word' id='word_1_385' title='bbox 1910 2324 1977 2378; x_wconf 90' lang='lat' dir='ltr'><strong>de</strong></span> <span class='ocrx_word' id='word_1_386' title='bbox 2021 2321 2132 2376; x_wconf 88' lang='lat' dir='ltr'><strong>sola</strong></span> <span class='ocrx_word' id='word_1_387' title='bbox 2173 2319 2401 2374; x_wconf 89' lang='lat' dir='ltr'><strong>scientia</strong></span> <span class='ocrx_word' id='word_1_388' title='bbox 2444 2315 2645 2371; x_wconf 90' lang='lat' dir='ltr'><strong>dicitur</strong></span> <span class='ocrx_word' id='word_1_389' title='bbox 2688 2312 2841 2376; x_wconf 91' lang='lat' dir='ltr'><strong>illud,</strong></span> <span class='ocrx_word' id='word_1_390' title='bbox 2872 2309 3035 2380; x_wconf 70' lang='lat'><strong>202</strong></span> <span class='ocrx_word' id='word_1_391' title='bbox 3076 2326 3094 2358; x_wconf 77' lang='grc' dir='ltr'><strong>ι</strong></span> <span class='ocrx_word' id='word_1_392' title='bbox 3122 2305 3296 2360; x_wconf 87' lang='lat' dir='ltr'><strong>factus</strong></span> <span class='ocrx_word' id='word_1_393' title='bbox 3336 2311 3440 2366; x_wconf 89' lang='lat' dir='ltr'><strong>est,</strong></span> <span class='ocrx_word' id='word_1_394' title='bbox 3483 2320 3502 2352; x_wconf 75' lang='grc' dir='ltr'><strong>ι</strong></span> 
     </span>
    </p>
   </div>
   <div class='ocr_carea' id='block_1_53' title="bbox 1912 2395 3507 2478">
    <p class='ocr_par' dir='ltr' id='par_1_53' title="bbox 1912 2395 3507 2478">
     <span class='ocr_line' id='line_1_53' title="bbox 1912 2395 3507 2478; baseline -0.011 -12"><span class='ocrx_word' id='word_1_395' title='bbox 1912 2428 2016 2467; x_wconf 90' lang='lat' dir='ltr'><strong>non</strong></span> <span class='ocrx_word' id='word_1_396' title='bbox 2063 2420 2243 2466; x_wconf 84' lang='lat' dir='ltr'><strong>autem</strong></span> <span class='ocrx_word' id='word_1_397' title='bbox 2281 2409 2348 2464; x_wconf 89' lang='lat' dir='ltr'><strong>de</strong></span> <span class='ocrx_word' id='word_1_398' title='bbox 2395 2408 2560 2478; x_wconf 81' lang='lat' dir='ltr'><strong>ipsius</strong></span> <span class='ocrx_word' id='word_1_399' title='bbox 2609 2403 2916 2476; x_wconf 87' lang='lat' dir='ltr'><strong>hypostasi,</strong></span> <span class='ocrx_word' id='word_1_400' title='bbox 2940 2409 3034 2454; x_wconf 88' lang='lat' dir='ltr'><strong>aut</strong></span> <span class='ocrx_word' id='word_1_401' title='bbox 3067 2399 3133 2453; x_wconf 90' lang='lat' dir='ltr'><strong>de</strong></span> <span class='ocrx_word' id='word_1_402' title='bbox 3166 2395 3507 2452; x_wconf 83' lang='lat' dir='ltr'><strong>traduc&#39;ione</strong></span> 
     </span>
    </p>
   </div>
   <div class='ocr_carea' id='block_1_54' title="bbox 1912 2485 3510 2567">
    <p class='ocr_par' dir='ltr' id='par_1_54' title="bbox 1912 2485 3510 2567">
     <span class='ocr_line' id='line_1_54' title="bbox 1912 2485 3510 2567; baseline -0.013 -11"><span class='ocrx_word' id='word_1_403' title='bbox 1912 2504 1978 2556; x_wconf 92' lang='lat' dir='ltr'><strong>ad</strong></span> <span class='ocrx_word' id='word_1_404' title='bbox 2021 2518 2162 2558; x_wconf 86' lang='lat' dir='ltr'><strong>esse.</strong></span> <span class='ocrx_word' id='word_1_405' title='bbox 2209 2499 2472 2567; x_wconf 80' lang='lat' dir='ltr'><strong>Quocirca</strong></span> <span class='ocrx_word' id='word_1_406' title='bbox 2513 2496 2559 2551; x_wconf 86' lang='lat' dir='ltr'><strong>si</strong></span> <span class='ocrx_word' id='word_1_407' title='bbox 2610 2495 2822 2550; x_wconf 87' lang='lat' dir='ltr'><strong>dicatur</strong></span> <span class='ocrx_word' id='word_1_408' title='bbox 2867 2491 3120 2545; x_wconf 88' lang='lat' dir='ltr'><strong>Christus</strong></span> <span class='ocrx_word' id='word_1_409' title='bbox 3164 2485 3341 2540; x_wconf 87' lang='lat' dir='ltr'><strong>factus</strong></span> <span class='ocrx_word' id='word_1_410' title='bbox 3389 2497 3510 2538; x_wconf 87' lang='lat' dir='ltr'><strong>esse</strong></span> 
     </span>
    </p>
   </div>
   <div class='ocr_carea' id='block_1_55' title="bbox 1915 2577 3509 2661">
    <p class='ocr_par' dir='ltr' id='par_1_55' title="bbox 1915 2577 3509 2661">
     <span class='ocr_line' id='line_1_55' title="bbox 1915 2577 3509 2661; baseline -0.013 -15"><span class='ocrx_word' id='word_1_411' title='bbox 1915 2593 2105 2646; x_wconf 86' lang='lat' dir='ltr'><strong>melior</strong></span> <span class='ocrx_word' id='word_1_412' title='bbox 2133 2590 2358 2661; x_wconf 85' lang='lat' dir='ltr'><strong>angelis,</strong></span> <span class='ocrx_word' id='word_1_413' title='bbox 2381 2584 2717 2656; x_wconf 87' lang='lat' dir='ltr'><strong>comparatio</strong></span> <span class='ocrx_word' id='word_1_414' title='bbox 2748 2584 2864 2637; x_wconf 67' lang='lat' dir='ltr'><strong>haec</strong></span> <span class='ocrx_word' id='word_1_415' title='bbox 2902 2580 2968 2635; x_wconf 90' lang='lat' dir='ltr'><strong>ad</strong></span> <span class='ocrx_word' id='word_1_416' title='bbox 3001 2577 3266 2634; x_wconf 88' lang='lat' dir='ltr'><strong>rationem</strong></span> <span class='ocrx_word' id='word_1_417' title='bbox 3301 2583 3509 2627; x_wconf 67' lang='lat' dir='ltr'><strong>natura:</strong></span> 
     </span>
    </p>
   </div>
   <div class='ocr_carea' id='block_1_56' title="bbox 1918 2668 3433 2746">
    <p class='ocr_par' dir='ltr' id='par_1_56' title="bbox 1918 2668 3433 2746">
     <span class='ocr_line' id='line_1_56' title="bbox 1918 2668 3433 2746; baseline -0.013 -6"><span class='ocrx_word' id='word_1_418' title='bbox 1918 2684 2198 2740; x_wconf 87' lang='lat' dir='ltr'><strong>referenda</strong></span> <span class='ocrx_word' id='word_1_419' title='bbox 2223 2697 2330 2737; x_wconf 91' lang='lat' dir='ltr'><strong>non</strong></span> <span class='ocrx_word' id='word_1_420' title='bbox 2355 2689 2463 2746; x_wconf 89' lang='lat' dir='ltr'><strong>est,</strong></span> <span class='ocrx_word' id='word_1_421' title='bbox 2491 2678 2584 2734; x_wconf 90' lang='lat' dir='ltr'><strong>sed</strong></span> <span class='ocrx_word' id='word_1_422' title='bbox 2617 2677 2682 2732; x_wconf 78' lang='lat' dir='ltr'><strong>ad</strong></span> <span class='ocrx_word' id='word_1_423' title='bbox 2720 2676 2985 2731; x_wconf 87' lang='lat' dir='ltr'><strong>honorem</strong></span> <span class='ocrx_word' id='word_1_424' title='bbox 3011 2683 3066 2726; x_wconf 92' lang='lat' dir='ltr'><strong>et</strong></span> <span class='ocrx_word' id='word_1_425' title='bbox 3094 2668 3433 2740; x_wconf 85' lang='lat' dir='ltr'><strong>dignitatem.</strong></span> 
     </span>
    </p>
   </div>
   <div class='ocr_carea' id='block_1_57' title="bbox 2450 2833 2946 2899">
    <p class='ocr_par' dir='ltr' id='par_1_57' title="bbox 2450 2833 2946 2899">
     <span class='ocr_line' id='line_1_57' title="bbox 2450 2833 2946 2899; baseline -0.012 -8"><span class='ocrx_word' id='word_1_426' title='bbox 2450 2834 2683 2899; x_wconf 84' lang='lat' dir='ltr'><strong>ALIUD,</strong></span> <span class='ocrx_word' id='word_1_427' title='bbox 2705 2836 2762 2888; x_wconf 83' lang='lat' dir='ltr'><strong>in</strong></span> <span class='ocrx_word' id='word_1_428' title='bbox 2786 2833 2946 2887; x_wconf 79' lang='lat' dir='ltr'><strong>idem.</strong></span> 
     </span>
    </p>
   </div>
   <div class='ocr_carea' id='block_1_58' title="bbox 1996 2940 3513 3017">
    <p class='ocr_par' dir='ltr' id='par_1_58' title="bbox 1996 2940 3513 3017">
     <span class='ocr_line' id='line_1_58' title="bbox 1996 2940 3513 3017; baseline -0.011 -7"><span class='ocrx_word' id='word_1_429' title='bbox 1996 2978 2015 3010; x_wconf 79' lang='grc' dir='ltr'><strong>ι</strong></span> <span class='ocrx_word' id='word_1_430' title='bbox 2048 2955 2224 3010; x_wconf 83' lang='lat' dir='ltr'><strong>Tanto</strong></span> <span class='ocrx_word' id='word_1_431' title='bbox 2255 2953 2431 3008; x_wconf 87' lang='lat' dir='ltr'><strong>factus</strong></span> <span class='ocrx_word' id='word_1_432' title='bbox 2463 2961 2546 3008; x_wconf 87' lang='lat' dir='ltr'><strong>est</strong></span> <span class='ocrx_word' id='word_1_433' title='bbox 2583 2951 2777 3006; x_wconf 90' lang='lat' dir='ltr'><strong>melior</strong></span> <span class='ocrx_word' id='word_1_434' title='bbox 2805 2946 3039 3017; x_wconf 81' lang='lat' dir='ltr'><strong>angelis.</strong></span> <span class='ocrx_word' id='word_1_435' title='bbox 3085 2965 3103 2997; x_wconf 75' lang='grc' dir='ltr'><strong>ι</strong></span> <span class='ocrx_word' id='word_1_436' title='bbox 3135 2943 3192 2997; x_wconf 91' lang='lat' dir='ltr'><strong>ln</strong></span> <span class='ocrx_word' id='word_1_437' title='bbox 3226 2942 3331 2996; x_wconf 90' lang='lat' dir='ltr'><strong>hoc</strong></span> <span class='ocrx_word' id='word_1_438' title='bbox 3360 2940 3513 2995; x_wconf 90' lang='lat' dir='ltr'><strong>dicto</strong></span> 
     </span>
    </p>
   </div>
   <div class='ocr_carea' id='block_1_59' title="bbox 1922 3032 3516 3107">
    <p class='ocr_par' dir='ltr' id='par_1_59' title="bbox 1922 3032 3516 3107">
     <span class='ocr_line' id='line_1_59' title="bbox 1922 3032 3516 3107; baseline -0.013 -2"><span class='ocrx_word' id='word_1_439' title='bbox 1922 3050 1967 3105; x_wconf 84' lang='lat' dir='ltr'><strong>si</strong></span> <span class='ocrx_word' id='word_1_440' title='bbox 2003 3064 2106 3102; x_wconf 76' lang='lat' dir='ltr'><strong>vox</strong></span> <span class='ocrx_word' id='word_1_441' title='bbox 2144 3048 2262 3102; x_wconf 61' lang='lat' dir='ltr'><strong>hate</strong></span> <span class='ocrx_word' id='word_1_442' title='bbox 2295 3066 2314 3099; x_wconf 78' lang='grc' dir='ltr'><strong>ι</strong></span> <span class='ocrx_word' id='word_1_443' title='bbox 2353 3045 2530 3099; x_wconf 90' lang='lat' dir='ltr'><strong>factus</strong></span> <span class='ocrx_word' id='word_1_444' title='bbox 2564 3051 2690 3107; x_wconf 90' lang='lat' dir='ltr'><strong>est,</strong></span> <span class='ocrx_word' id='word_1_445' title='bbox 2755 3059 2772 3091; x_wconf 80' lang='grc'><strong><em>›</em></strong></span> <span class='ocrx_word' id='word_1_446' title='bbox 2816 3039 2882 3093; x_wconf 88' lang='lat' dir='ltr'><strong>ad</strong></span> <span class='ocrx_word' id='word_1_447' title='bbox 2930 3035 3222 3092; x_wconf 81' lang='lat' dir='ltr'><strong>essentiam</strong></span> <span class='ocrx_word' id='word_1_448' title='bbox 3259 3032 3382 3088; x_wconf 90' lang='lat' dir='ltr'><strong>Filii</strong></span> <span class='ocrx_word' id='word_1_449' title='bbox 3428 3046 3516 3085; x_wconf 84' lang='lat' dir='ltr'><strong>re-</strong></span> 
     </span>
    </p>
   </div>
   <div class='ocr_carea' id='block_1_60' title="bbox 1926 3123 3519 3203">
    <p class='ocr_par' dir='ltr' id='par_1_60' title="bbox 1926 3123 3519 3203">
     <span class='ocr_line' id='line_1_60' title="bbox 1926 3123 3519 3203; baseline -0.013 -8"><span class='ocrx_word' id='word_1_450' title='bbox 1926 3140 2135 3195; x_wconf 85' lang='lat' dir='ltr'><strong>feratur</strong></span> <span class='ocrx_word' id='word_1_451' title='bbox 2161 3179 2175 3203; x_wconf 93' lang='lat'><strong>,</strong></span> <span class='ocrx_word' id='word_1_452' title='bbox 2211 3137 2346 3191; x_wconf 86' lang='lat' dir='ltr'><strong>nihil</strong></span> <span class='ocrx_word' id='word_1_453' title='bbox 2379 3135 2455 3189; x_wconf 88' lang='lat' dir='ltr'><strong>illi</strong></span> <span class='ocrx_word' id='word_1_454' title='bbox 2491 3132 2692 3190; x_wconf 81' lang='lat' dir='ltr'><strong>olliciet</strong></span> <span class='ocrx_word' id='word_1_455' title='bbox 2730 3129 2892 3200; x_wconf 76' lang='lat' dir='ltr'><strong>hujus</strong></span> <span class='ocrx_word' id='word_1_456' title='bbox 2933 3128 3085 3182; x_wconf 86' lang='lat' dir='ltr'><strong>vocis</strong></span> <span class='ocrx_word' id='word_1_457' title='bbox 3113 3128 3216 3192; x_wconf 87' lang='lat' dir='ltr'><strong>vis,</strong></span> <span class='ocrx_word' id='word_1_458' title='bbox 3276 3138 3398 3193; x_wconf 68' lang='lat' dir='ltr'><strong>quae</strong></span> <span class='ocrx_word' id='word_1_459' title='bbox 3436 3123 3519 3176; x_wconf 86' lang='lat' dir='ltr'><strong>in-</strong></span> 
     </span>
    </p>
   </div>
   <div class='ocr_carea' id='block_1_61' title="bbox 235 3216 1817 3323">
    <p class='ocr_par' dir='ltr' id='par_1_61' title="bbox 235 3251 1817 3323">
     <span class='ocr_line' id='line_1_61' title="bbox 235 3251 1817 3323; baseline 0.001 -20"><span class='ocrx_word' id='word_1_460' title='bbox 235 3251 544 3323; x_wconf 80' lang='grc' dir='ltr'>ἁδιαφόρως</span> <span class='ocrx_word' id='word_1_461' title='bbox 570 3253 830 3322; x_wconf 80' lang='grc' dir='ltr'>κειμένης</span> <span class='ocrx_word' id='word_1_462' title='bbox 868 3253 1125 3314; x_wconf 73' lang='grc' dir='ltr'>πολλάκις</span> <span class='ocrx_word' id='word_1_463' title='bbox 1154 3254 1295 3305; x_wconf 78' lang='grc' dir='ltr'>κατὰ</span> <span class='ocrx_word' id='word_1_464' title='bbox 1317 3252 1422 3304; x_wconf 88' lang='grc' dir='ltr'><strong>τῶν</strong></span> <span class='ocrx_word' id='word_1_465' title='bbox 1444 3252 1817 3320; x_wconf 84' lang='grc' dir='ltr'>γεννωμένων.</span> 
     </span>
    </p>
   </div>
   <div class='ocr_carea' id='block_1_62' title="bbox 1929 3216 3517 3323">
    <p class='ocr_par' dir='ltr' id='par_1_62' title="bbox 1929 3216 3517 3298">
     <span class='ocr_line' id='line_1_62' title="bbox 1929 3216 3517 3298; baseline -0.013 -9"><span class='ocrx_word' id='word_1_466' title='bbox 1929 3233 2246 3289; x_wconf 70' lang='lat' dir='ltr'><strong>dilicrenter</strong></span> <span class='ocrx_word' id='word_1_467' title='bbox 2287 3241 2664 3298; x_wconf 70' lang='lat' dir='ltr'><strong>smpenumero</strong></span> <span class='ocrx_word' id='word_1_468' title='bbox 2699 3227 2764 3279; x_wconf 89' lang='lat' dir='ltr'><strong>de</strong></span> <span class='ocrx_word' id='word_1_469' title='bbox 2817 3222 3019 3292; x_wconf 79' lang='lat' dir='ltr'><strong>genitis</strong></span> <span class='ocrx_word' id='word_1_470' title='bbox 3061 3221 3302 3290; x_wconf 87' lang='lat' dir='ltr'><strong>ponitur.</strong></span> <span class='ocrx_word' id='word_1_471' title='bbox 3353 3216 3517 3284; x_wconf 88' lang='lat' dir='ltr'><strong>Atqui</strong></span> 
     </span>
    </p>
   </div>
   <div class='ocr_carea' id='block_1_63' title="bbox 246 3341 1822 3414">
    <p class='ocr_par' dir='ltr' id='par_1_63' title="bbox 246 3341 1822 3414">
     <span class='ocr_line' id='line_1_63' title="bbox 246 3341 1822 3414; baseline -0.002 -16"><span class='ocrx_word' id='word_1_472' title='bbox 246 3344 371 3398; x_wconf 77' lang='grc' dir='ltr'>Ἐπὶ</span> <span class='ocrx_word' id='word_1_473' title='bbox 391 3346 491 3414; x_wconf 85' lang='grc' dir='ltr'><strong>μὲν</strong></span> <span class='ocrx_word' id='word_1_474' title='bbox 519 3341 612 3397; x_wconf 76' lang='grc' dir='ltr'>οὖν</span> <span class='ocrx_word' id='word_1_475' title='bbox 639 3344 747 3397; x_wconf 89' lang='grc' dir='ltr'><strong>τῶν</strong></span> <span class='ocrx_word' id='word_1_476' title='bbox 775 3344 944 3408; x_wconf 71' lang='grc' dir='ltr'>ὅντως</span> <span class='ocrx_word' id='word_1_477' title='bbox 973 3345 1275 3413; x_wconf 80' lang='grc' dir='ltr'>γινομένων</span> <span class='ocrx_word' id='word_1_478' title='bbox 1321 3345 1415 3396; x_wconf 72' lang='grc' dir='ltr'><strong>καὶ</strong></span> <span class='ocrx_word' id='word_1_479' title='bbox 1448 3344 1787 3413; x_wconf 83' lang='grc' dir='ltr'>ποιουμένων</span> <span class='ocrx_word' id='word_1_480' title='bbox 1809 3387 1822 3408; x_wconf 93' lang='grc'><strong>,</strong></span> 
     </span>
    </p>
   </div>
   <div class='ocr_carea' id='block_1_64' title="bbox 235 3435 1826 3506">
    <p class='ocr_par' dir='ltr' id='par_1_64' title="bbox 235 3435 1826 3506">
     <span class='ocr_line' id='line_1_64' title="bbox 235 3435 1826 3506; baseline -0.002 -15"><span class='ocrx_word' id='word_1_481' title='bbox 235 3441 338 3491; x_wconf 81' lang='grc' dir='ltr'><strong>οὐκ</strong></span> <span class='ocrx_word' id='word_1_482' title='bbox 364 3439 431 3492; x_wconf 80' lang='grc' dir='ltr'>ἄν</span> <span class='ocrx_word' id='word_1_483' title='bbox 455 3455 538 3501; x_wconf 89' lang='grc' dir='ltr'><strong>τις</strong></span> <span class='ocrx_word' id='word_1_484' title='bbox 565 3437 831 3501; x_wconf 76' lang='grc' dir='ltr'>ἐπιδείξαι</span> <span class='ocrx_word' id='word_1_485' title='bbox 874 3437 935 3490; x_wconf 82' lang='grc' dir='ltr'><strong>τὸ</strong></span> <span class='ocrx_word' id='word_1_486' title='bbox 992 3435 1286 3504; x_wconf 83' lang='grc' dir='ltr'>γεννᾶσθαι</span> <span class='ocrx_word' id='word_1_487' title='bbox 1333 3436 1585 3505; x_wconf 81' lang='grc' dir='ltr'>κείμενον</span> <span class='ocrx_word' id='word_1_488' title='bbox 1619 3436 1826 3506; x_wconf 86' lang='grc' dir='ltr'>κυρίως</span> 
     </span>
    </p>
   </div>
   <div class='ocr_carea' id='block_1_65' title="bbox 239 3527 1828 3598">
    <p class='ocr_par' dir='ltr' id='par_1_65' title="bbox 239 3527 1828 3598">
     <span class='ocr_line' id='line_1_65' title="bbox 239 3527 1828 3598; baseline -0.003 -13"><span class='ocrx_word' id='word_1_489' title='bbox 239 3532 330 3585; x_wconf 73' lang='grc' dir='ltr'><strong>καὶ</strong></span> <span class='ocrx_word' id='word_1_490' title='bbox 366 3530 511 3584; x_wconf 75' lang='grc' dir='ltr'>κατὰ</span> <span class='ocrx_word' id='word_1_491' title='bbox 534 3529 714 3598; x_wconf 73' lang='grc' dir='ltr'>φύσιψ</span> <span class='ocrx_word' id='word_1_492' title='bbox 743 3530 824 3582; x_wconf 83' lang='grc' dir='ltr'>ὅτι</span> <span class='ocrx_word' id='word_1_493' title='bbox 857 3529 960 3582; x_wconf 78' lang='grc' dir='ltr'>κᾶν</span> <span class='ocrx_word' id='word_1_494' title='bbox 1006 3527 1343 3598; x_wconf 83' lang='grc' dir='ltr'>γεννώμενον</span> <span class='ocrx_word' id='word_1_495' title='bbox 1383 3527 1661 3598; x_wconf 80' lang='grc' dir='ltr'>φαίνηται,</span> <span class='ocrx_word' id='word_1_496' title='bbox 1714 3528 1828 3597; x_wconf 76' lang='grc' dir='ltr'>ἔχει</span> 
     </span>
    </p>
   </div>
   <div class='ocr_carea' id='block_1_66' title="bbox 240 3615 1828 3692">
    <p class='ocr_par' dir='ltr' id='par_1_66' title="bbox 240 3615 1828 3692">
     <span class='ocr_line' id='line_1_66' title="bbox 240 3615 1828 3692; baseline -0.002 -17"><span class='ocrx_word' id='word_1_497' title='bbox 240 3623 345 3692; x_wconf 72' lang='grc' dir='ltr'>πρὸ</span> <span class='ocrx_word' id='word_1_498' title='bbox 379 3620 574 3675; x_wconf 79' lang='grc' dir='ltr'>ἑαντοῦ</span> <span class='ocrx_word' id='word_1_499' title='bbox 597 3620 657 3674; x_wconf 80' lang='grc' dir='ltr'><strong>τὸ</strong></span> <span class='ocrx_word' id='word_1_500' title='bbox 684 3620 1016 3691; x_wconf 83' lang='grc' dir='ltr'>πεποιῆσθαι</span> <span class='ocrx_word' id='word_1_501' title='bbox 1062 3619 1215 3690; x_wconf 75' lang='grc' dir='ltr'>παρὰ</span> <span class='ocrx_word' id='word_1_502' title='bbox 1241 3619 1334 3672; x_wconf 77' lang='grc' dir='ltr'>τοῦ</span> <span class='ocrx_word' id='word_1_503' title='bbox 1365 3622 1674 3682; x_wconf 79' lang='grc' dir='ltr'>κτίσαντος.</span> <span class='ocrx_word' id='word_1_504' title='bbox 1702 3615 1828 3674; x_wconf 75' lang='grc' dir='ltr'>Οἷον</span> 
     </span>
    </p>
   </div>
   <div class='ocr_carea' id='block_1_67' title="bbox 240 3709 1829 3783">
    <p class='ocr_par' dir='ltr' id='par_1_67' title="bbox 240 3709 1829 3783">
     <span class='ocr_line' id='line_1_67' title="bbox 240 3709 1829 3783; baseline -0.003 -16"><span class='ocrx_word' id='word_1_505' title='bbox 240 3714 527 3783; x_wconf 78' lang='grc' dir='ltr'>ἄνθρωπος</span> <span class='ocrx_word' id='word_1_506' title='bbox 563 3713 819 3781; x_wconf 81' lang='grc' dir='ltr'>γεννᾶται</span> <span class='ocrx_word' id='word_1_507' title='bbox 860 3713 992 3782; x_wconf 85' lang='grc' dir='ltr'>μὲν,</span> <span class='ocrx_word' id='word_1_508' title='bbox 1050 3711 1344 3780; x_wconf 85' lang='grc' dir='ltr'>πεποίηται</span> <span class='ocrx_word' id='word_1_509' title='bbox 1388 3712 1468 3774; x_wconf 81' lang='grc' dir='ltr'><strong>δὲ,</strong></span> <span class='ocrx_word' id='word_1_510' title='bbox 1511 3712 1604 3764; x_wconf 71' lang='grc' dir='ltr'><strong>καὶ</strong></span> <span class='ocrx_word' id='word_1_511' title='bbox 1639 3709 1829 3781; x_wconf 83' lang='grc' dir='ltr'>κύριον</span> 
     </span>
    </p>
   </div>
   <div class='ocr_carea' id='block_1_68' title="bbox 241 3801 1831 3874">
    <p class='ocr_par' dir='ltr' id='par_1_68' title="bbox 241 3801 1831 3874">
     <span class='ocr_line' id='line_1_68' title="bbox 241 3801 1831 3874; baseline -0.003 -14"><span class='ocrx_word' id='word_1_512' title='bbox 241 3805 409 3860; x_wconf 75' lang='grc' dir='ltr'>αὑτοῦ</span> <span class='ocrx_word' id='word_1_513' title='bbox 437 3805 594 3858; x_wconf 77' lang='grc' dir='ltr'>τοῦτο</span> <span class='ocrx_word' id='word_1_514' title='bbox 627 3803 825 3873; x_wconf 79' lang='grc' dir='ltr'>μᾶλλον</span> <span class='ocrx_word' id='word_1_515' title='bbox 853 3804 886 3874; x_wconf 82' lang='grc' dir='ltr'>ἦ</span> <span class='ocrx_word' id='word_1_516' title='bbox 911 3804 972 3855; x_wconf 74' lang='grc' dir='ltr'><strong>τὸ</strong></span> <span class='ocrx_word' id='word_1_517' title='bbox 992 3801 1263 3872; x_wconf 77' lang='grc' dir='ltr'>δεύτερον.</span> <span class='ocrx_word' id='word_1_518' title='bbox 1296 3804 1358 3855; x_wconf 86' lang='grc' dir='ltr'><strong>Εἰ</strong></span> <span class='ocrx_word' id='word_1_519' title='bbox 1391 3803 1447 3854; x_wconf 82' lang='grc' dir='ltr'><strong>δὲ</strong></span> <span class='ocrx_word' id='word_1_520' title='bbox 1476 3803 1569 3854; x_wconf 71' lang='grc' dir='ltr'><strong>καὶ</strong></span> <span class='ocrx_word' id='word_1_521' title='bbox 1589 3802 1831 3869; x_wconf 84' lang='grc' dir='ltr'>λέγοιντό</span> 
     </span>
    </p>
   </div>
   <div class='ocr_carea' id='block_1_69' title="bbox 242 3886 1831 3966">
    <p class='ocr_par' dir='ltr' id='par_1_69' title="bbox 242 3886 1831 3966">
     <span class='ocr_line' id='line_1_69' title="bbox 242 3886 1831 3966; baseline -0.003 -13"><span class='ocrx_word' id='word_1_522' title='bbox 242 3917 386 3962; x_wconf 86' lang='grc' dir='ltr'>τινες</span> <span class='ocrx_word' id='word_1_523' title='bbox 419 3898 507 3950; x_wconf 83' lang='grc' dir='ltr'>διὰ</span> <span class='ocrx_word' id='word_1_524' title='bbox 535 3897 625 3950; x_wconf 77' lang='grc' dir='ltr'>τοῦ</span> <span class='ocrx_word' id='word_1_525' title='bbox 654 3896 968 3966; x_wconf 82' lang='grc' dir='ltr'>Πνεύματος</span> <span class='ocrx_word' id='word_1_526' title='bbox 997 3893 1375 3964; x_wconf 88' lang='grc' dir='ltr'>γεγεννῆσθαι,</span> <span class='ocrx_word' id='word_1_527' title='bbox 1408 3893 1545 3947; x_wconf 84' lang='grc' dir='ltr'>ἀλλὰ</span> <span class='ocrx_word' id='word_1_528' title='bbox 1567 3894 1663 3946; x_wconf 74' lang='grc' dir='ltr'><strong>καὶ</strong></span> <span class='ocrx_word' id='word_1_529' title='bbox 1684 3886 1831 3948; x_wconf 73' lang='grc' dir='ltr'>οὗτοι</span> 
     </span>
    </p>
   </div>
   <div class='ocr_carea' id='block_1_70' title="bbox 247 3984 1832 4061">
    <p class='ocr_par' dir='ltr' id='par_1_70' title="bbox 247 3984 1832 4061">
     <span class='ocr_line' id='line_1_70' title="bbox 247 3984 1832 4061; baseline -0.004 -18"><span class='ocrx_word' id='word_1_530' title='bbox 247 3989 382 4061; x_wconf 81' lang='grc' dir='ltr'>πρὸς</span> <span class='ocrx_word' id='word_1_531' title='bbox 423 3989 653 4058; x_wconf 86' lang='grc' dir='ltr'>μίμησιν</span> <span class='ocrx_word' id='word_1_532' title='bbox 703 3986 794 4040; x_wconf 74' lang='grc' dir='ltr'>τοῦ</span> <span class='ocrx_word' id='word_1_533' title='bbox 839 3985 1054 4055; x_wconf 75' lang='grc' dir='ltr'>ἀληθῶς</span> <span class='ocrx_word' id='word_1_534' title='bbox 1106 3984 1459 4054; x_wconf 79' lang='grc' dir='ltr'>γεννηθέντος</span> <span class='ocrx_word' id='word_1_535' title='bbox 1508 3986 1572 4037; x_wconf 83' lang='grc' dir='ltr'>ὲκ</span> <span class='ocrx_word' id='word_1_536' title='bbox 1616 3985 1832 4055; x_wconf 80' lang='grc' dir='ltr'>Πατρὸς</span> 
     </span>
    </p>
   </div>
   <div class='ocr_carea' id='block_1_71' title="bbox 242 4075 1832 4147">
    <p class='ocr_par' dir='ltr' id='par_1_71' title="bbox 242 4075 1832 4147">
     <span class='ocr_line' id='line_1_71' title="bbox 242 4075 1832 4147; baseline -0.004 -11"><span class='ocrx_word' id='word_1_537' title='bbox 242 4081 381 4136; x_wconf 79' lang='grc' dir='ltr'>Θεοῦ</span> <span class='ocrx_word' id='word_1_538' title='bbox 413 4081 609 4147; x_wconf 82' lang='grc' dir='ltr'>Λόγου,</span> <span class='ocrx_word' id='word_1_539' title='bbox 639 4080 734 4131; x_wconf 74' lang='grc' dir='ltr'><strong>καὶ</strong></span> <span class='ocrx_word' id='word_1_540' title='bbox 759 4078 858 4130; x_wconf 79' lang='grc' dir='ltr'><strong>οὐκ</strong></span> <span class='ocrx_word' id='word_1_541' title='bbox 893 4076 998 4140; x_wconf 79' lang='grc' dir='ltr'>ἔξω</span> <span class='ocrx_word' id='word_1_542' title='bbox 1047 4075 1141 4128; x_wconf 81' lang='grc' dir='ltr'>τοῦ</span> <span class='ocrx_word' id='word_1_543' title='bbox 1169 4075 1498 4144; x_wconf 81' lang='grc' dir='ltr'>πεποιῆσθαι</span> <span class='ocrx_word' id='word_1_544' title='bbox 1531 4078 1832 4146; x_wconf 85' lang='grc' dir='ltr'>τυγχάνου-</span> 
     </span>
    </p>
   </div>
   <div class='ocr_carea' id='block_1_72' title="bbox 247 4166 1834 4240">
    <p class='ocr_par' dir='ltr' id='par_1_72' title="bbox 247 4166 1834 4240">
     <span class='ocr_line' id='line_1_72' title="bbox 247 4166 1834 4240; baseline -0.005 -12"><span class='ocrx_word' id='word_1_545' title='bbox 247 4191 348 4228; x_wconf 87' lang='grc' dir='ltr'>σιν·</span> <span class='ocrx_word' id='word_1_546' title='bbox 375 4172 518 4226; x_wconf 83' lang='grc' dir='ltr'>ὥστε</span> <span class='ocrx_word' id='word_1_547' title='bbox 559 4171 620 4224; x_wconf 81' lang='grc' dir='ltr'><strong>τὸ</strong></span> <span class='ocrx_word' id='word_1_548' title='bbox 669 4171 767 4240; x_wconf 88' lang='grc' dir='ltr'><strong>τῆς</strong></span> <span class='ocrx_word' id='word_1_549' title='bbox 820 4170 1124 4238; x_wconf 85' lang='grc' dir='ltr'>γεννήσεως</span> <span class='ocrx_word' id='word_1_550' title='bbox 1170 4166 1342 4236; x_wconf 67' lang='grc' dir='ltr'>ὄνομα</span> <span class='ocrx_word' id='word_1_551' title='bbox 1378 4167 1834 4238; x_wconf 84' lang='grc' dir='ltr'>καταχρηστικῶς</span> 
     </span>
    </p>
   </div>
   <div class='ocr_carea' id='block_1_73' title="bbox 246 4259 1834 4335">
    <p class='ocr_par' dir='ltr' id='par_1_73' title="bbox 246 4259 1834 4335">
     <span class='ocr_line' id='line_1_73' title="bbox 246 4259 1834 4335; baseline -0.003 -17"><span class='ocrx_word' id='word_1_552' title='bbox 246 4268 309 4318; x_wconf 82' lang='grc' dir='ltr'><strong>ἂν</strong></span> <span class='ocrx_word' id='word_1_553' title='bbox 339 4265 430 4334; x_wconf 85' lang='grc' dir='ltr'><strong>εἴη</strong></span> <span class='ocrx_word' id='word_1_554' title='bbox 488 4261 750 4335; x_wconf 80' lang='grc' dir='ltr'>μᾶλλονῆ</span> <span class='ocrx_word' id='word_1_555' title='bbox 786 4259 1031 4330; x_wconf 77' lang='grc' dir='ltr'>φυσικῶς</span> <span class='ocrx_word' id='word_1_556' title='bbox 1083 4262 1140 4312; x_wconf 83' lang='grc' dir='ltr'>ὲν</span> <span class='ocrx_word' id='word_1_557' title='bbox 1189 4261 1299 4322; x_wconf 88' lang='grc' dir='ltr'>τοῖς</span> <span class='ocrx_word' id='word_1_558' title='bbox 1354 4261 1620 4329; x_wconf 78' lang='grc' dir='ltr'>γενητοῖς.</span> <span class='ocrx_word' id='word_1_559' title='bbox 1677 4260 1749 4312; x_wconf 82' lang='grc' dir='ltr'><strong>Τὸ</strong></span> <span class='ocrx_word' id='word_1_560' title='bbox 1775 4259 1834 4313; x_wconf 85' lang='grc' dir='ltr'>δὲ</span> 
     </span>
    </p>
   </div>
   <div class='ocr_carea' id='block_1_74' title="bbox 250 4351 1836 4429">
    <p class='ocr_par' dir='ltr' id='par_1_74' title="bbox 250 4351 1836 4429">
     <span class='ocr_line' id='line_1_74' title="bbox 250 4351 1836 4429; baseline -0.006 -16"><span class='ocrx_word' id='word_1_561' title='bbox 250 4357 531 4429; x_wconf 81' lang='grc' dir='ltr'>γεννηθὲν,</span> <span class='ocrx_word' id='word_1_562' title='bbox 570 4355 674 4409; x_wconf 71' lang='grc' dir='ltr'>κᾶν</span> <span class='ocrx_word' id='word_1_563' title='bbox 704 4353 958 4421; x_wconf 85' lang='grc' dir='ltr'>γενέσθαι</span> <span class='ocrx_word' id='word_1_564' title='bbox 1000 4353 1248 4423; x_wconf 80' lang='grc' dir='ltr'>λέγηται,</span> <span class='ocrx_word' id='word_1_565' title='bbox 1290 4351 1444 4403; x_wconf 74' lang='grc' dir='ltr'>οὐδὲν</span> <span class='ocrx_word' id='word_1_566' title='bbox 1487 4351 1746 4420; x_wconf 84' lang='grc' dir='ltr'>ὑπομένει</span> <span class='ocrx_word' id='word_1_567' title='bbox 1776 4351 1836 4404; x_wconf 81' lang='grc' dir='ltr'><strong>τὸ</strong></span> 
     </span>
    </p>
   </div>
   <div class='ocr_carea' id='block_1_75' title="bbox 254 4444 1832 4523">
    <p class='ocr_par' dir='ltr' id='par_1_75' title="bbox 254 4444 1832 4523">
     <span class='ocr_line' id='line_1_75' title="bbox 254 4444 1832 4523; baseline -0.031 25"><span class='ocrx_word' id='word_1_568' title='bbox 254 4452 468 4523; x_wconf 63' lang='grc' dir='ltr'><strong>βλάδοετν</strong></span> <span class='ocrx_word' id='word_1_569' title='bbox 504 4448 905 4520; x_wconf 66' lang='grc' dir='ltr'><strong>ἀδιαφορούσης</strong></span> <span class='ocrx_word' id='word_1_570' title='bbox 945 4449 1071 4518; x_wconf 59' lang='grc' dir='ltr'>περὶ</span> <span class='ocrx_word' id='word_1_571' title='bbox 1099 4444 1255 4497; x_wconf 75' lang='grc' dir='ltr'>τοῦτο</span> <span class='ocrx_word' id='word_1_572' title='bbox 1284 4446 1381 4513; x_wconf 77' lang='grc' dir='ltr'><strong>τῆς</strong></span> <span class='ocrx_word' id='word_1_573' title='bbox 1420 4444 1568 4507; x_wconf 83' lang='grc' dir='ltr'>οειας</span> <span class='ocrx_word' id='word_1_574' title='bbox 1592 4445 1832 4515; x_wconf 82' lang='grc' dir='ltr'>Γραφῆς.</span> 
     </span>
    </p>
   </div>
   <div class='ocr_carea' id='block_1_76' title="bbox 1928 3306 3521 3391">
    <p class='ocr_par' dir='ltr' id='par_1_76' title="bbox 1928 3306 3521 3391">
     <span class='ocr_line' id='line_1_76' title="bbox 1928 3306 3521 3391; baseline -0.013 -11"><span class='ocrx_word' id='word_1_575' title='bbox 1928 3327 1994 3380; x_wconf 90' lang='lat' dir='ltr'><strong>de</strong></span> <span class='ocrx_word' id='word_1_576' title='bbox 2028 3325 2093 3378; x_wconf 88' lang='lat' dir='ltr'><strong>iis</strong></span> <span class='ocrx_word' id='word_1_577' title='bbox 2118 3338 2239 3391; x_wconf 75' lang='lat' dir='ltr'><strong>qua:</strong></span> <span class='ocrx_word' id='word_1_578' title='bbox 2266 3336 2326 3376; x_wconf 88' lang='lat' dir='ltr'><strong>re</strong></span> <span class='ocrx_word' id='word_1_579' title='bbox 2357 3335 2482 3374; x_wconf 88' lang='lat' dir='ltr'><strong>vera</strong></span> <span class='ocrx_word' id='word_1_580' title='bbox 2527 3318 2668 3372; x_wconf 91' lang='lat' dir='ltr'><strong>facta</strong></span> <span class='ocrx_word' id='word_1_581' title='bbox 2717 3323 2868 3375; x_wconf 83' lang='lat' dir='ltr'><strong>sunt,</strong></span> <span class='ocrx_word' id='word_1_582' title='bbox 2906 3327 3069 3367; x_wconf 90' lang='lat' dir='ltr'><strong>nemo</strong></span> <span class='ocrx_word' id='word_1_583' title='bbox 3110 3317 3258 3364; x_wconf 84' lang='lat' dir='ltr'><strong>certe</strong></span> <span class='ocrx_word' id='word_1_584' title='bbox 3301 3306 3521 3377; x_wconf 83' lang='lat' dir='ltr'><strong>proprie</strong></span> 
     </span>
    </p>
   </div>
   <div class='ocr_carea' id='block_1_77' title="bbox 1929 3401 3523 3477">
    <p class='ocr_par' dir='ltr' id='par_1_77' title="bbox 1929 3401 3523 3477">
     <span class='ocr_line' id='line_1_77' title="bbox 1929 3401 3523 3477; baseline -0.014 -3"><span class='ocrx_word' id='word_1_585' title='bbox 1929 3435 1995 3474; x_wconf 91' lang='lat' dir='ltr'><strong>ac</strong></span> <span class='ocrx_word' id='word_1_586' title='bbox 2043 3415 2365 3472; x_wconf 89' lang='lat' dir='ltr'><strong>naturaliter</strong></span> <span class='ocrx_word' id='word_1_587' title='bbox 2406 3412 2510 3467; x_wconf 91' lang='lat' dir='ltr'><strong>dici</strong></span> <span class='ocrx_word' id='word_1_588' title='bbox 2561 3409 2812 3464; x_wconf 87' lang='lat' dir='ltr'><strong>ostendet</strong></span> <span class='ocrx_word' id='word_1_589' title='bbox 2853 3404 3143 3477; x_wconf 85' lang='lat' dir='ltr'><strong>generari;</strong></span> <span class='ocrx_word' id='word_1_590' title='bbox 3200 3401 3327 3473; x_wconf 84' lang='lat' dir='ltr'><strong>quia</strong></span> <span class='ocrx_word' id='word_1_591' title='bbox 3386 3409 3523 3454; x_wconf 52' lang='lat' dir='ltr'><strong>tam.</strong></span> 
     </span>
    </p>
   </div>
   <div class='ocr_carea' id='block_1_78' title="bbox 1927 3495 3519 3580">
    <p class='ocr_par' dir='ltr' id='par_1_78' title="bbox 1927 3495 3519 3580">
     <span class='ocr_line' id='line_1_78' title="bbox 1927 3495 3519 3580; baseline -0.014 -14"><span class='ocrx_word' id='word_1_592' title='bbox 1927 3511 2027 3566; x_wconf 88' lang='lat' dir='ltr'><strong>etsi</strong></span> <span class='ocrx_word' id='word_1_593' title='bbox 2063 3516 2379 3580; x_wconf 75' lang='lat' dir='ltr'><strong>generatum</strong></span> <span class='ocrx_word' id='word_1_594' title='bbox 2403 3509 2684 3572; x_wconf 88' lang='lat' dir='ltr'><strong>appareat,</strong></span> <span class='ocrx_word' id='word_1_595' title='bbox 2717 3499 2881 3554; x_wconf 88' lang='lat' dir='ltr'><strong>habet</strong></span> <span class='ocrx_word' id='word_1_596' title='bbox 2912 3506 3092 3552; x_wconf 89' lang='lat' dir='ltr'><strong>tamen</strong></span> <span class='ocrx_word' id='word_1_597' title='bbox 3126 3502 3250 3549; x_wconf 85' lang='lat' dir='ltr'><strong>ante</strong></span> <span class='ocrx_word' id='word_1_598' title='bbox 3281 3505 3340 3546; x_wconf 88' lang='lat' dir='ltr'><strong>se</strong></span> <span class='ocrx_word' id='word_1_599' title='bbox 3372 3495 3519 3560; x_wconf 83' lang='lat' dir='ltr'><strong>quod</strong></span> 
     </span>
    </p>
   </div>
   <div class='ocr_carea' id='block_1_79' title="bbox 1931 3586 3519 3660">
    <p class='ocr_par' dir='ltr' id='par_1_79' title="bbox 1931 3586 3519 3660">
     <span class='ocr_line' id='line_1_79' title="bbox 1931 3586 3519 3660; baseline -0.011 -5"><span class='ocrx_word' id='word_1_600' title='bbox 1931 3601 2131 3656; x_wconf 87' lang='lat' dir='ltr'><strong>factum</strong></span> <span class='ocrx_word' id='word_1_601' title='bbox 2170 3601 2238 3654; x_wconf 83' lang='lat' dir='ltr'><strong>sit</strong></span> <span class='ocrx_word' id='word_1_602' title='bbox 2274 3614 2300 3650; x_wconf 88' lang='lat' dir='ltr'><strong>a</strong></span> <span class='ocrx_word' id='word_1_603' title='bbox 2334 3597 2616 3651; x_wconf 87' lang='lat' dir='ltr'><strong>Creatore.</strong></span> <span class='ocrx_word' id='word_1_604' title='bbox 2651 3588 3128 3660; x_wconf 85' lang='lat' dir='ltr'><strong>Quemadmodum</strong></span> <span class='ocrx_word' id='word_1_605' title='bbox 3163 3586 3328 3640; x_wconf 86' lang='lat' dir='ltr'><strong>homo</strong></span> <span class='ocrx_word' id='word_1_606' title='bbox 3353 3597 3519 3653; x_wconf 85' lang='lat' dir='ltr'><strong>gene-</strong></span> 
     </span>
    </p>
   </div>
   <div class='ocr_carea' id='block_1_80' title="bbox 1933 3674 3520 3760">
    <p class='ocr_par' dir='ltr' id='par_1_80' title="bbox 1933 3674 3520 3760">
     <span class='ocr_line' id='line_1_80' title="bbox 1933 3674 3520 3760; baseline -0.014 -13"><span class='ocrx_word' id='word_1_607' title='bbox 1933 3704 2084 3749; x_wconf 88' lang='lat' dir='ltr'><strong>ratur</strong></span> <span class='ocrx_word' id='word_1_608' title='bbox 2111 3692 2350 3760; x_wconf 87' lang='lat' dir='ltr'><strong>quidem,</strong></span> <span class='ocrx_word' id='word_1_609' title='bbox 2389 3689 2564 3742; x_wconf 92' lang='lat' dir='ltr'><strong>factus</strong></span> <span class='ocrx_word' id='word_1_610' title='bbox 2595 3695 2773 3740; x_wconf 91' lang='lat' dir='ltr'><strong>tamen</strong></span> <span class='ocrx_word' id='word_1_611' title='bbox 2803 3689 2889 3735; x_wconf 89' lang='lat' dir='ltr'><strong>est</strong></span> <span class='ocrx_word' id='word_1_612' title='bbox 2921 3697 2934 3732; x_wconf 91' lang='lat'><strong>:</strong></span> <span class='ocrx_word' id='word_1_613' title='bbox 2969 3685 3135 3747; x_wconf 87' lang='lat' dir='ltr'><strong>atque</strong></span> <span class='ocrx_word' id='word_1_614' title='bbox 3165 3675 3272 3731; x_wconf 83' lang='lat' dir='ltr'><strong>hoc</strong></span> <span class='ocrx_word' id='word_1_615' title='bbox 3301 3674 3520 3744; x_wconf 88' lang='lat' dir='ltr'><strong>quidem</strong></span> 
     </span>
    </p>
   </div>
   <div class='ocr_carea' id='block_1_81' title="bbox 1931 3762 3525 3850">
    <p class='ocr_par' dir='ltr' id='par_1_81' title="bbox 1931 3762 3525 3850">
     <span class='ocr_line' id='line_1_81' title="bbox 1931 3762 3525 3850; baseline -0.014 -13"><span class='ocrx_word' id='word_1_616' title='bbox 1931 3783 2011 3838; x_wconf 89' lang='lat' dir='ltr'><strong>illi</strong></span> <span class='ocrx_word' id='word_1_617' title='bbox 2051 3783 2223 3850; x_wconf 84' lang='lat' dir='ltr'><strong>magis</strong></span> <span class='ocrx_word' id='word_1_618' title='bbox 2274 3776 2556 3848; x_wconf 90' lang='lat' dir='ltr'><strong>proprium</strong></span> <span class='ocrx_word' id='word_1_619' title='bbox 2590 3784 2672 3828; x_wconf 90' lang='lat' dir='ltr'><strong>est</strong></span> <span class='ocrx_word' id='word_1_620' title='bbox 2702 3812 2718 3836; x_wconf 96' lang='lat'><strong>,</strong></span> <span class='ocrx_word' id='word_1_621' title='bbox 2773 3785 2938 3840; x_wconf 89' lang='lat' dir='ltr'><strong>quam</strong></span> <span class='ocrx_word' id='word_1_622' title='bbox 2997 3765 3149 3820; x_wconf 90' lang='lat' dir='ltr'><strong>illud.</strong></span> <span class='ocrx_word' id='word_1_623' title='bbox 3198 3764 3257 3819; x_wconf 92' lang='lat' dir='ltr'><strong>Si</strong></span> <span class='ocrx_word' id='word_1_624' title='bbox 3281 3777 3411 3818; x_wconf 87' lang='lat' dir='ltr'><strong>vero</strong></span> <span class='ocrx_word' id='word_1_625' title='bbox 3445 3762 3525 3815; x_wconf 92' lang='lat' dir='ltr'><strong>di-</strong></span> 
     </span>
    </p>
   </div>
   <div class='ocr_carea' id='block_1_82' title="bbox 1933 3855 3528 3935">
    <p class='ocr_par' dir='ltr' id='par_1_82' title="bbox 1933 3855 3528 3935">
     <span class='ocr_line' id='line_1_82' title="bbox 1933 3855 3528 3935; baseline -0.013 -7"><span class='ocrx_word' id='word_1_626' title='bbox 1933 3883 2128 3929; x_wconf 89' lang='lat' dir='ltr'><strong>cantur</strong></span> <span class='ocrx_word' id='word_1_627' title='bbox 2181 3868 2424 3924; x_wconf 90' lang='lat' dir='ltr'><strong>nonnulli</strong></span> <span class='ocrx_word' id='word_1_628' title='bbox 2470 3881 2569 3935; x_wconf 90' lang='lat' dir='ltr'><strong>per</strong></span> <span class='ocrx_word' id='word_1_629' title='bbox 2621 3863 2885 3934; x_wconf 88' lang='lat' dir='ltr'><strong>Spiritum</strong></span> <span class='ocrx_word' id='word_1_630' title='bbox 2941 3858 3111 3930; x_wconf 87' lang='lat' dir='ltr'><strong>geniti</strong></span> <span class='ocrx_word' id='word_1_631' title='bbox 3137 3871 3260 3912; x_wconf 87' lang='lat' dir='ltr'><strong>esse</strong></span> <span class='ocrx_word' id='word_1_632' title='bbox 3299 3855 3439 3910; x_wconf 89' lang='lat' dir='ltr'><strong>:sed</strong></span> <span class='ocrx_word' id='word_1_633' title='bbox 3471 3864 3528 3910; x_wconf 90' lang='lat' dir='ltr'><strong>et</strong></span> 
     </span>
    </p>
   </div>
   <div class='ocr_carea' id='block_1_83' title="bbox 1935 3947 3528 4023">
    <p class='ocr_par' dir='ltr' id='par_1_83' title="bbox 1935 3947 3528 4023">
     <span class='ocr_line' id='line_1_83' title="bbox 1935 3947 3528 4023; baseline -0.012 -3"><span class='ocrx_word' id='word_1_634' title='bbox 1935 3966 1989 4020; x_wconf 88' lang='lat' dir='ltr'><strong>hi</strong></span> <span class='ocrx_word' id='word_1_635' title='bbox 2023 3965 2089 4018; x_wconf 92' lang='lat' dir='ltr'><strong>ad</strong></span> <span class='ocrx_word' id='word_1_636' title='bbox 2123 3963 2482 4018; x_wconf 88' lang='lat' dir='ltr'><strong>imitationem</strong></span> <span class='ocrx_word' id='word_1_637' title='bbox 2522 3957 2708 4022; x_wconf 83' lang='lat' dir='ltr'><strong>Verbi,</strong></span> <span class='ocrx_word' id='word_1_638' title='bbox 2750 3953 2893 4023; x_wconf 90' lang='lat' dir='ltr'><strong>quod</strong></span> <span class='ocrx_word' id='word_1_639' title='bbox 2945 3965 3072 4006; x_wconf 87' lang='lat' dir='ltr'><strong>vere</strong></span> <span class='ocrx_word' id='word_1_640' title='bbox 3114 3966 3179 4004; x_wconf 83' lang='lat' dir='ltr'><strong>ex</strong></span> <span class='ocrx_word' id='word_1_641' title='bbox 3227 3947 3390 4002; x_wconf 84' lang='lat' dir='ltr'><strong>Patre</strong></span> <span class='ocrx_word' id='word_1_642' title='bbox 3434 3961 3528 4016; x_wconf 79' lang='lat' dir='ltr'><strong>ge-</strong></span> 
     </span>
    </p>
   </div>
   <div class='ocr_carea' id='block_1_84' title="bbox 1935 4040 3529 4121">
    <p class='ocr_par' dir='ltr' id='par_1_84' title="bbox 1935 4040 3529 4121">
     <span class='ocr_line' id='line_1_84' title="bbox 1935 4040 3529 4121; baseline -0.013 -8"><span class='ocrx_word' id='word_1_643' title='bbox 1935 4059 2109 4113; x_wconf 90' lang='lat' dir='ltr'><strong>nitum</strong></span> <span class='ocrx_word' id='word_1_644' title='bbox 2137 4062 2246 4121; x_wconf 86' lang='lat' dir='ltr'><strong>est,</strong></span> <span class='ocrx_word' id='word_1_645' title='bbox 2289 4055 2364 4108; x_wconf 90' lang='lat' dir='ltr'><strong>ita</strong></span> <span class='ocrx_word' id='word_1_646' title='bbox 2397 4061 2666 4106; x_wconf 89' lang='lat' dir='ltr'><strong>vocantur</strong></span> <span class='ocrx_word' id='word_1_647' title='bbox 2700 4066 2714 4102; x_wconf 89' lang='lat'>:</span> <span class='ocrx_word' id='word_1_648' title='bbox 2748 4045 2874 4101; x_wconf 87' lang='lat' dir='ltr'><strong>facti</strong></span> <span class='ocrx_word' id='word_1_649' title='bbox 2914 4055 3094 4098; x_wconf 90' lang='lat' dir='ltr'><strong>tamen</strong></span> <span class='ocrx_word' id='word_1_650' title='bbox 3136 4055 3258 4096; x_wconf 84' lang='lat' dir='ltr'><strong>esse</strong></span> <span class='ocrx_word' id='word_1_651' title='bbox 3289 4054 3393 4093; x_wconf 88' lang='lat' dir='ltr'><strong>non</strong></span> <span class='ocrx_word' id='word_1_652' title='bbox 3435 4040 3529 4093; x_wconf 86' lang='lat' dir='ltr'><strong>de-</strong></span> 
     </span>
    </p>
   </div>
   <div class='ocr_carea' id='block_1_85' title="bbox 1935 4132 3528 4215">
    <p class='ocr_par' dir='ltr' id='par_1_85' title="bbox 1935 4132 3528 4215">
     <span class='ocr_line' id='line_1_85' title="bbox 1935 4132 3528 4215; baseline -0.013 -11"><span class='ocrx_word' id='word_1_653' title='bbox 1935 4151 2161 4213; x_wconf 87' lang='lat' dir='ltr'><strong>sinunt;</strong></span> <span class='ocrx_word' id='word_1_654' title='bbox 2205 4146 2460 4215; x_wconf 88' lang='lat' dir='ltr'><strong>quocirca</strong></span> <span class='ocrx_word' id='word_1_655' title='bbox 2502 4138 2870 4213; x_wconf 76' lang='lat' dir='ltr'><strong>generationis</strong></span> <span class='ocrx_word' id='word_1_656' title='bbox 2906 4149 3102 4190; x_wconf 90' lang='lat' dir='ltr'><strong>nomen</strong></span> <span class='ocrx_word' id='word_1_657' title='bbox 3153 4132 3380 4187; x_wconf 86' lang='lat' dir='ltr'><strong>abusive</strong></span> <span class='ocrx_word' id='word_1_658' title='bbox 3427 4144 3528 4194; x_wconf 84' lang='lat' dir='ltr'><strong>po-</strong></span> 
     </span>
    </p>
   </div>
   <div class='ocr_carea' id='block_1_86' title="bbox 1939 4229 3527 4310">
    <p class='ocr_par' dir='ltr' id='par_1_86' title="bbox 1939 4229 3527 4310">
     <span class='ocr_line' id='line_1_86' title="bbox 1939 4229 3527 4310; baseline -0.013 -13"><span class='ocrx_word' id='word_1_659' title='bbox 1939 4244 2046 4297; x_wconf 88' lang='lat' dir='ltr'><strong>tius</strong></span> <span class='ocrx_word' id='word_1_660' title='bbox 2075 4256 2236 4310; x_wconf 89' lang='lat' dir='ltr'><strong>quam</strong></span> <span class='ocrx_word' id='word_1_661' title='bbox 2265 4236 2484 4308; x_wconf 88' lang='lat' dir='ltr'><strong>proprie</strong></span> <span class='ocrx_word' id='word_1_662' title='bbox 2511 4236 2579 4290; x_wconf 89' lang='lat' dir='ltr'><strong>de</strong></span> <span class='ocrx_word' id='word_1_663' title='bbox 2608 4234 2674 4288; x_wconf 89' lang='lat' dir='ltr'><strong>iis</strong></span> <span class='ocrx_word' id='word_1_664' title='bbox 2701 4248 2821 4302; x_wconf 68' lang='lat' dir='ltr'><strong>quae</strong></span> <span class='ocrx_word' id='word_1_665' title='bbox 2842 4229 2984 4284; x_wconf 89' lang='lat' dir='ltr'><strong>facta</strong></span> <span class='ocrx_word' id='word_1_666' title='bbox 3026 4234 3176 4289; x_wconf 91' lang='lat' dir='ltr'><strong>sunt,</strong></span> <span class='ocrx_word' id='word_1_667' title='bbox 3205 4231 3527 4292; x_wconf 86' lang='lat' dir='ltr'><strong>usurpatur.</strong></span> 
     </span>
    </p>
   </div>
   <div class='ocr_carea' id='block_1_87' title="bbox 1937 4316 3532 4394">
    <p class='ocr_par' dir='ltr' id='par_1_87' title="bbox 1937 4316 3532 4394">
     <span class='ocr_line' id='line_1_87' title="bbox 1937 4316 3532 4394; baseline -0.014 -3"><span class='ocrx_word' id='word_1_668' title='bbox 1937 4335 2188 4391; x_wconf 88' lang='lat' dir='ltr'><strong>Genitnm</strong></span> <span class='ocrx_word' id='word_1_669' title='bbox 2221 4346 2370 4394; x_wconf 88' lang='lat' dir='ltr'><strong>vero,</strong></span> <span class='ocrx_word' id='word_1_670' title='bbox 2419 4328 2637 4383; x_wconf 87' lang='lat' dir='ltr'><strong>tametsi</strong></span> <span class='ocrx_word' id='word_1_671' title='bbox 2691 4325 2903 4381; x_wconf 89' lang='lat' dir='ltr'><strong>dicatur</strong></span> <span class='ocrx_word' id='word_1_672' title='bbox 2939 4321 3143 4375; x_wconf 88' lang='lat' dir='ltr'><strong>factum</strong></span> <span class='ocrx_word' id='word_1_673' title='bbox 3188 4332 3346 4382; x_wconf 90' lang='lat' dir='ltr'><strong>esse,</strong></span> <span class='ocrx_word' id='word_1_674' title='bbox 3397 4316 3532 4370; x_wconf 89' lang='lat' dir='ltr'><strong>nihil</strong></span> 
     </span>
    </p>
   </div>
   <div class='ocr_carea' id='block_1_88' title="bbox 1941 4407 3530 4493">
    <p class='ocr_par' dir='ltr' id='par_1_88' title="bbox 1941 4407 3530 4493">
     <span class='ocr_line' id='line_1_88' title="bbox 1941 4407 3530 4493; baseline -0.014 -11"><span class='ocrx_word' id='word_1_675' title='bbox 1941 4428 2126 4482; x_wconf 88' lang='lat' dir='ltr'><strong>damni</strong></span> <span class='ocrx_word' id='word_1_676' title='bbox 2166 4426 2291 4479; x_wconf 85' lang='lat' dir='ltr'><strong>inde</strong></span> <span class='ocrx_word' id='word_1_677' title='bbox 2343 4407 2598 4493; x_wconf 61' lang='lat' dir='ltr'><strong>pchipit,</strong></span> <span class='ocrx_word' id='word_1_678' title='bbox 2636 4434 2760 4475; x_wconf 90' lang='lat' dir='ltr'><strong>cum</strong></span> <span class='ocrx_word' id='word_1_679' title='bbox 2815 4431 2970 4470; x_wconf 89' lang='lat' dir='ltr'><strong>sacra</strong></span> <span class='ocrx_word' id='word_1_680' title='bbox 3028 4413 3314 4480; x_wconf 89' lang='lat' dir='ltr'><strong>Scriptura</strong></span> <span class='ocrx_word' id='word_1_681' title='bbox 3365 4407 3530 4463; x_wconf 86' lang='lat' dir='ltr'><strong>indif-</strong></span> 
     </span>
    </p>
   </div>
   <div class='ocr_carea' id='block_1_89' title="bbox 251 4500 1817 4615">
    <p class='ocr_par' dir='ltr' id='par_1_89' title="bbox 251 4500 1814 4612">
     <span class='ocr_line' id='line_1_89' title="bbox 251 4500 1814 4612; baseline -0.007 -15"><span class='ocrx_word' id='word_1_682' title='bbox 251 4500 554 4612; x_wconf 47' lang='grc' dir='ltr'>λέγει’ᾧάρ</span> <span class='ocrx_word' id='word_1_683' title='bbox 578 4500 659 4593; x_wconf 46' lang='lat' dir='ltr'><strong>se;</strong></span> <span class='ocrx_word' id='word_1_684' title='bbox 682 4500 940 4606; x_wconf 60' lang='grc' dir='ltr'><strong>ἐγένοᾷἑο</strong></span> <span class='ocrx_word' id='word_1_685' title='bbox 976 4500 1054 4604; x_wconf 61' lang='grc' dir='ltr'><strong>τῷ</strong></span> <span class='ocrx_word' id='word_1_686' title='bbox 1100 4533 1217 4587; x_wconf 56' lang='lat' dir='ltr'><strong>usus</strong></span> <span class='ocrx_word' id='word_1_687' title='bbox 1242 4500 1510 4585; x_wconf 50' lang='grc' dir='ltr'><strong>νεάζεπά</strong></span> <span class='ocrx_word' id='word_1_688' title='bbox 1549 4500 1647 4586; x_wconf 56' lang='lat' dir='ltr'><strong>Qui</strong></span> <span class='ocrx_word' id='word_1_689' title='bbox 1675 4500 1814 4602; x_wconf 54' lang='grc' dir='ltr'><strong>θρπὶἇι</strong></span> 
     </span>
    </p>
   </div>
   <div class='ocr_carea' id='block_1_90' title="bbox 1929 4500 3533 4615">
    <p class='ocr_par' dir='ltr' id='par_1_90' title="bbox 1941 4500 3533 4578">
     <span class='ocr_line' id='line_1_90' title="bbox 1941 4500 3533 4578; baseline -0.013 -3"><span class='ocrx_word' id='word_1_690' title='bbox 1941 4519 2182 4575; x_wconf 85' lang='lat' dir='ltr'><strong>ferentcr</strong></span> <span class='ocrx_word' id='word_1_691' title='bbox 2222 4533 2288 4572; x_wconf 88' lang='lat' dir='ltr'><strong>eo</strong></span> <span class='ocrx_word' id='word_1_692' title='bbox 2334 4526 2542 4569; x_wconf 90' lang='lat' dir='ltr'><strong>utatur.</strong></span> <span class='ocrx_word' id='word_1_693' title='bbox 2581 4512 2723 4566; x_wconf 86' lang='lat' dir='ltr'><strong>Dicit</strong></span> <span class='ocrx_word' id='word_1_694' title='bbox 2767 4509 2913 4578; x_wconf 86' lang='lat' dir='ltr'><strong>quod</strong></span> <span class='ocrx_word' id='word_1_695' title='bbox 2967 4505 3094 4560; x_wconf 91' lang='lat' dir='ltr'><strong>facti</strong></span> <span class='ocrx_word' id='word_1_696' title='bbox 3127 4504 3236 4558; x_wconf 91' lang='lat' dir='ltr'><strong>sint</strong></span> <span class='ocrx_word' id='word_1_697' title='bbox 3277 4500 3381 4557; x_wconf 82' lang='lat' dir='ltr'><strong>Job</strong></span> <span class='ocrx_word' id='word_1_698' title='bbox 3437 4500 3533 4554; x_wconf 88' lang='lat' dir='ltr'><strong>filii</strong></span> 
     </span>
    </p>
   </div>
   <div class='ocr_carea' id='block_1_91' title="bbox 251 4625 1834 4704">
    <p class='ocr_par' dir='ltr' id='par_1_91' title="bbox 251 4625 1834 4704">
     <span class='ocr_line' id='line_1_91' title="bbox 251 4625 1834 4704; baseline -0.006 -17"><span class='ocrx_word' id='word_1_699' title='bbox 251 4636 408 4702; x_wconf 84' lang='grc' dir='ltr'>τὲρες</span> <span class='ocrx_word' id='word_1_700' title='bbox 435 4636 604 4704; x_wconf 84' lang='grc' dir='ltr'>τρεῖς.</span> <span class='ocrx_word' id='word_1_701' title='bbox 633 4631 743 4684; x_wconf 77' lang='grc' dir='ltr'><strong>Καὶ</strong></span> <span class='ocrx_word' id='word_1_702' title='bbox 766 4629 942 4683; x_wconf 81' lang='grc' dir='ltr'>πάλιν·</span> <span class='ocrx_word' id='word_1_703' title='bbox 987 4647 1005 4678; x_wconf 78' lang='grc' dir='ltr'><strong>ι</strong></span> <span class='ocrx_word' id='word_1_704' title='bbox 1030 4625 1136 4679; x_wconf 83' lang='grc' dir='ltr'><strong>Ἤν</strong></span> <span class='ocrx_word' id='word_1_705' title='bbox 1180 4625 1433 4697; x_wconf 75' lang='grc' dir='ltr'>Ἀδραὰμ</span> <span class='ocrx_word' id='word_1_706' title='bbox 1475 4626 1669 4677; x_wconf 72' lang='grc' dir='ltr'>ἑκατὸν</span> <span class='ocrx_word' id='word_1_707' title='bbox 1697 4627 1834 4678; x_wconf 79' lang='grc' dir='ltr'>ἐτῶν</span> 
     </span>
    </p>
   </div>
   <div class='ocr_carea' id='block_1_92' title="bbox 252 4714 1834 4791">
    <p class='ocr_par' dir='ltr' id='par_1_92' title="bbox 252 4714 1834 4791">
     <span class='ocr_line' id='line_1_92' title="bbox 252 4714 1834 4791; baseline -0.006 -14"><span class='ocrx_word' id='word_1_708' title='bbox 252 4727 336 4778; x_wconf 80' lang='grc' dir='ltr'>ὅτε</span> <span class='ocrx_word' id='word_1_709' title='bbox 365 4724 585 4791; x_wconf 76' lang='grc' dir='ltr'>ἐγένετο</span> <span class='ocrx_word' id='word_1_710' title='bbox 633 4719 781 4788; x_wconf 79' lang='grc' dir='ltr'><strong>αὐτῷ</strong></span> <span class='ocrx_word' id='word_1_711' title='bbox 842 4717 1026 4771; x_wconf 73' lang='grc' dir='ltr'>Ἰσαὰκ</span> <span class='ocrx_word' id='word_1_712' title='bbox 1071 4719 1099 4769; x_wconf 84' lang='grc' dir='ltr'>ὁ</span> <span class='ocrx_word' id='word_1_713' title='bbox 1138 4716 1253 4776; x_wconf 80' lang='grc' dir='ltr'>υἱὸς</span> <span class='ocrx_word' id='word_1_714' title='bbox 1300 4714 1486 4768; x_wconf 74' lang='grc' dir='ltr'>αὑτοῦ.</span> <span class='ocrx_word' id='word_1_715' title='bbox 1529 4734 1548 4766; x_wconf 82' lang='grc'><strong>›</strong></span> <span class='ocrx_word' id='word_1_716' title='bbox 1589 4715 1730 4768; x_wconf 56' lang='lat' dir='ltr'><strong>mea</strong></span> <span class='ocrx_word' id='word_1_717' title='bbox 1774 4717 1834 4768; x_wconf 89' lang='grc' dir='ltr'><strong>τὸ</strong></span> 
     </span>
    </p>
   </div>
   <div class='ocr_carea' id='block_1_93' title="bbox 239 4805 1832 4883">
    <p class='ocr_par' dir='ltr' id='par_1_93' title="bbox 239 4805 1832 4883">
     <span class='ocr_line' id='line_1_93' title="bbox 239 4805 1832 4883; baseline -0.004 -16"><span class='ocrx_word' id='word_1_718' title='bbox 239 4812 592 4883; x_wconf 53' lang='grc' dir='ltr'>,γεννώμενον</span> <span class='ocrx_word' id='word_1_719' title='bbox 652 4808 905 4876; x_wconf 84' lang='grc' dir='ltr'>γενέσθαι</span> <span class='ocrx_word' id='word_1_720' title='bbox 969 4807 1184 4875; x_wconf 83' lang='grc' dir='ltr'>λέγεται</span> <span class='ocrx_word' id='word_1_721' title='bbox 1234 4809 1325 4859; x_wconf 79' lang='grc' dir='ltr'><strong>καὶ</strong></span> <span class='ocrx_word' id='word_1_722' title='bbox 1375 4808 1461 4858; x_wconf 78' lang='grc' dir='ltr'><strong>ἐπ’</strong></span> <span class='ocrx_word' id='word_1_723' title='bbox 1507 4805 1832 4878; x_wconf 85' lang='grc' dir='ltr'>ἀνθρώπων,</span> 
     </span>
    </p>
   </div>
   <div class='ocr_carea' id='block_1_94' title="bbox 256 4897 1834 4975">
    <p class='ocr_par' dir='ltr' id='par_1_94' title="bbox 256 4897 1834 4975">
     <span class='ocr_line' id='line_1_94' title="bbox 256 4897 1834 4975; baseline -0.006 -15"><span class='ocrx_word' id='word_1_724' title='bbox 256 4904 617 4975; x_wconf 72' lang='grc' dir='ltr'>ἀδιαφορείτω</span> <span class='ocrx_word' id='word_1_725' title='bbox 646 4919 728 4964; x_wconf 83' lang='grc' dir='ltr'><strong>τις</strong></span> <span class='ocrx_word' id='word_1_726' title='bbox 755 4900 914 4953; x_wconf 81' lang='grc' dir='ltr'>τοῦτο</span> <span class='ocrx_word' id='word_1_727' title='bbox 966 4898 1179 4952; x_wconf 83' lang='grc' dir='ltr'>ἁκούων</span> <span class='ocrx_word' id='word_1_728' title='bbox 1232 4899 1325 4951; x_wconf 71' lang='grc' dir='ltr'>καὶ</span> <span class='ocrx_word' id='word_1_729' title='bbox 1366 4899 1496 4968; x_wconf 71' lang='grc' dir='ltr'>περὶ</span> <span class='ocrx_word' id='word_1_730' title='bbox 1535 4897 1628 4950; x_wconf 75' lang='grc' dir='ltr'>τοῦ</span> <span class='ocrx_word' id='word_1_731' title='bbox 1679 4897 1834 4950; x_wconf 61' lang='lat' dir='ltr'><strong>Tini&quot;).</strong></span> 
     </span>
    </p>
   </div>
   <div class='ocr_carea' id='block_1_95' title="bbox 273 4989 1834 5062">
    <p class='ocr_par' dir='ltr' id='par_1_95' title="bbox 273 4989 1834 5062">
     <span class='ocr_line' id='line_1_95' title="bbox 273 4989 1834 5062; baseline -0.006 -11"><span class='ocrx_word' id='word_1_732' title='bbox 273 4999 392 5051; x_wconf 71' lang='grc' dir='ltr'><strong>Ἐπὶ</strong></span> <span class='ocrx_word' id='word_1_733' title='bbox 416 4997 473 5049; x_wconf 76' lang='grc' dir='ltr'>δὲ</span> <span class='ocrx_word' id='word_1_734' title='bbox 507 4996 618 5048; x_wconf 87' lang='grc' dir='ltr'><strong>τῶν</strong></span> <span class='ocrx_word' id='word_1_735' title='bbox 643 4991 886 5062; x_wconf 81' lang='grc' dir='ltr'>γενητῶν</span> <span class='ocrx_word' id='word_1_736' title='bbox 914 4992 1013 5044; x_wconf 79' lang='grc' dir='ltr'><strong>οὐκ</strong></span> <span class='ocrx_word' id='word_1_737' title='bbox 1072 4991 1424 5060; x_wconf 81' lang='grc' dir='ltr'>ἁδιαφορήσει</span> <span class='ocrx_word' id='word_1_738' title='bbox 1461 4989 1550 5042; x_wconf 82' lang='grc' dir='ltr'><strong>διὰ</strong></span> <span class='ocrx_word' id='word_1_739' title='bbox 1577 4989 1668 5042; x_wconf 86' lang='grc' dir='ltr'><strong>τὸν</strong></span> <span class='ocrx_word' id='word_1_740' title='bbox 1699 5007 1834 5059; x_wconf 83' lang='grc' dir='ltr'>προ-</span> 
     </span>
    </p>
   </div>
   <div class='ocr_carea' id='block_1_96' title="bbox 259 5083 836 5156">
    <p class='ocr_par' dir='ltr' id='par_1_96' title="bbox 259 5083 836 5156">
     <span class='ocr_line' id='line_1_96' title="bbox 259 5083 836 5156; baseline -0.017 -12"><span class='ocrx_word' id='word_1_741' title='bbox 259 5089 478 5143; x_wconf 81' lang='grc' dir='ltr'>αποδεδο</span> <span class='ocrx_word' id='word_1_742' title='bbox 485 5086 644 5156; x_wconf 86' lang='grc' dir='ltr'>μένον</span> <span class='ocrx_word' id='word_1_743' title='bbox 657 5083 836 5151; x_wconf 83' lang='grc' dir='ltr'>λόγον.</span> 
     </span>
    </p>
   </div>
   <div class='ocr_carea' id='block_1_97' title="bbox 943 5283 1146 5337">
    <p class='ocr_par' dir='ltr' id='par_1_97' title="bbox 943 5283 1146 5337">
     <span class='ocr_line' id='line_1_97' title="bbox 943 5283 1146 5337; baseline -0.02 1"><span class='ocrx_word' id='word_1_744' title='bbox 943 5283 1146 5337; x_wconf 80' lang='lat' dir='ltr'><strong>AAAO.</strong></span> 
     </span>
    </p>
   </div>
   <div class='ocr_carea' id='block_1_98' title="bbox 465 5393 1636 5472">
    <p class='ocr_par' dir='ltr' id='par_1_98' title="bbox 465 5393 1636 5472">
     <span class='ocr_line' id='line_1_98' title="bbox 465 5393 1636 5472; baseline -0.009 -13"><span class='ocrx_word' id='word_1_745' title='bbox 465 5407 566 5472; x_wconf 81' lang='grc' dir='ltr'>Είς</span> <span class='ocrx_word' id='word_1_746' title='bbox 597 5403 660 5456; x_wconf 86' lang='grc' dir='ltr'>τὸ</span> <span class='ocrx_word' id='word_1_747' title='bbox 682 5401 864 5470; x_wconf 62' lang='lat' dir='ltr'><strong>fabri),</strong></span> <span class='ocrx_word' id='word_1_748' title='bbox 889 5400 968 5464; x_wconf 84' lang='grc' dir='ltr'>ὠς</span> <span class='ocrx_word' id='word_1_749' title='bbox 993 5399 1060 5451; x_wconf 77' lang='grc' dir='ltr'>ἐκ</span> <span class='ocrx_word' id='word_1_750' title='bbox 1099 5393 1218 5450; x_wconf 73' lang='grc' dir='ltr'>τῶν</span> <span class='ocrx_word' id='word_1_751' title='bbox 1241 5395 1314 5449; x_wconf 80' lang='grc' dir='ltr'>δι’</span> <span class='ocrx_word' id='word_1_752' title='bbox 1340 5396 1636 5452; x_wconf 60' lang='grc' dir='ltr'>ἐναντίας.</span> 
     </span>
    </p>
   </div>
   <div class='ocr_carea' id='block_1_99' title="bbox 331 5507 1846 5587">
    <p class='ocr_par' dir='ltr' id='par_1_99' title="bbox 331 5507 1846 5587">
     <span class='ocr_line' id='line_1_99' title="bbox 331 5507 1846 5587; baseline -0.009 -15"><span class='ocrx_word' id='word_1_753' title='bbox 331 5519 666 5587; x_wconf 84' lang='grc' dir='ltr'>Γέγραπται,</span> <span class='ocrx_word' id='word_1_754' title='bbox 694 5515 848 5585; x_wconf 72' lang='grc' dir='ltr'>φησὶ,</span> <span class='ocrx_word' id='word_1_755' title='bbox 870 5513 996 5584; x_wconf 87' lang='grc' dir='ltr'><strong>περί</strong></span> <span class='ocrx_word' id='word_1_756' title='bbox 1019 5511 1176 5575; x_wconf 84' lang='grc' dir='ltr'><strong>Υἱοῦ,</strong></span> <span class='ocrx_word' id='word_1_757' title='bbox 1213 5512 1294 5565; x_wconf 80' lang='grc' dir='ltr'><strong>ὅτι</strong></span> <span class='ocrx_word' id='word_1_758' title='bbox 1339 5529 1356 5562; x_wconf 78' lang='grc' dir='ltr'><strong>ι</strong></span> <span class='ocrx_word' id='word_1_759' title='bbox 1392 5509 1644 5579; x_wconf 75' lang='grc' dir='ltr'>Τοσούτῳ</span> <span class='ocrx_word' id='word_1_760' title='bbox 1669 5507 1846 5579; x_wconf 83' lang='grc' dir='ltr'>κρείτ-</span> 
     </span>
    </p>
   </div>
   <div class='ocr_carea' id='block_1_100' title="bbox 265 5601 1847 5680">
    <p class='ocr_par' dir='ltr' id='par_1_100' title="bbox 265 5601 1847 5680">
     <span class='ocr_line' id='line_1_100' title="bbox 265 5601 1847 5680; baseline -0.008 -14"><span class='ocrx_word' id='word_1_761' title='bbox 265 5630 368 5666; x_wconf 86' lang='grc' dir='ltr'><strong>των</strong></span> <span class='ocrx_word' id='word_1_762' title='bbox 399 5611 686 5680; x_wconf 86' lang='grc' dir='ltr'>γενόμενος</span> <span class='ocrx_word' id='word_1_763' title='bbox 709 5607 815 5660; x_wconf 88' lang='grc' dir='ltr'><strong>τῶν</strong></span> <span class='ocrx_word' id='word_1_764' title='bbox 844 5606 1117 5675; x_wconf 82' lang='grc' dir='ltr'>ἀγγέλων.</span> <span class='ocrx_word' id='word_1_765' title='bbox 1160 5624 1176 5656; x_wconf 75' lang='grc' dir='ltr'><strong>ι</strong></span> <span class='ocrx_word' id='word_1_766' title='bbox 1225 5603 1447 5674; x_wconf 81' lang='grc' dir='ltr'>Ἐπειδὴ</span> <span class='ocrx_word' id='word_1_767' title='bbox 1493 5604 1552 5656; x_wconf 83' lang='grc' dir='ltr'>δὲ</span> <span class='ocrx_word' id='word_1_768' title='bbox 1599 5601 1847 5670; x_wconf 79' lang='grc' dir='ltr'>φιλοῦσιν</span> 
     </span>
    </p>
   </div>
   <div class='ocr_carea' id='block_1_101' title="bbox 267 5691 1853 5772">
    <p class='ocr_par' dir='ltr' id='par_1_101' title="bbox 267 5691 1853 5772">
     <span class='ocr_line' id='line_1_101' title="bbox 267 5691 1853 5772; baseline -0.008 -18"><span class='ocrx_word' id='word_1_769' title='bbox 267 5703 320 5754; x_wconf 77' lang='grc' dir='ltr'>αἱ</span> <span class='ocrx_word' id='word_1_770' title='bbox 352 5701 678 5772; x_wconf 79' lang='grc' dir='ltr'>συγκρίσεις</span> <span class='ocrx_word' id='word_1_771' title='bbox 707 5699 792 5753; x_wconf 68' lang='grc' dir='ltr'><strong>ἀεὶ</strong></span> <span class='ocrx_word' id='word_1_772' title='bbox 813 5697 1058 5767; x_wconf 76' lang='grc' dir='ltr'>γίνεσθαι</span> <span class='ocrx_word' id='word_1_773' title='bbox 1089 5697 1217 5765; x_wconf 68' lang='grc' dir='ltr'>περὶ</span> <span class='ocrx_word' id='word_1_774' title='bbox 1249 5696 1316 5747; x_wconf 67' lang='grc' dir='ltr'>τὰ</span> <span class='ocrx_word' id='word_1_775' title='bbox 1341 5693 1561 5764; x_wconf 84' lang='grc' dir='ltr'>ὁμοειδῆ</span> <span class='ocrx_word' id='word_1_776' title='bbox 1583 5692 1722 5762; x_wconf 75' lang='grc' dir='ltr'>(οὐδὲ</span> <span class='ocrx_word' id='word_1_777' title='bbox 1744 5691 1853 5760; x_wconf 73' lang='grc' dir='ltr'><strong>γὰρ</strong></span> 
     </span>
    </p>
   </div>
   <div class='ocr_carea' id='block_1_102' title="bbox 329 5856 1113 5926">
    <p class='ocr_par' dir='ltr' id='par_1_102' title="bbox 329 5856 1113 5926">
     <span class='ocr_line' id='line_1_102' title="bbox 329 5856 1113 5926; baseline -0.01 -10"><span class='ocrx_word' id='word_1_778' title='bbox 329 5863 369 5892; x_wconf 73' lang='grc'><strong>⁷·</strong></span> <span class='ocrx_word' id='word_1_779' title='bbox 402 5860 565 5920; x_wconf 69' lang='lat' dir='ltr'><strong>Hebr.</strong></span> <span class='ocrx_word' id='word_1_780' title='bbox 601 5877 637 5926; x_wconf 81' lang='grc' dir='ltr'><strong>ι,</strong></span> <span class='ocrx_word' id='word_1_781' title='bbox 816 5856 860 5883; x_wconf 83' lang='grc'>”</span> <span class='ocrx_word' id='word_1_782' title='bbox 891 5856 1018 5910; x_wconf 82' lang='lat' dir='ltr'><strong>ibid.</strong></span> <span class='ocrx_word' id='word_1_783' title='bbox 1063 5857 1113 5908; x_wconf 77' lang='lat'><strong>6.</strong></span> 
     </span>
    </p>
   </div>
   <div class='ocr_carea' id='block_1_103' title="bbox 1944 4596 3535 4680">
    <p class='ocr_par' dir='ltr' id='par_1_103' title="bbox 1944 4596 3535 4680">
     <span class='ocr_line' id='line_1_103' title="bbox 1944 4596 3535 4680; baseline -0.013 -15"><span class='ocrx_word' id='word_1_784' title='bbox 1944 4623 2173 4680; x_wconf 82' lang='lat' dir='ltr'><strong>septem,</strong></span> <span class='ocrx_word' id='word_1_785' title='bbox 2208 4619 2261 4664; x_wconf 89' lang='lat' dir='ltr'><strong>et</strong></span> <span class='ocrx_word' id='word_1_786' title='bbox 2290 4609 2416 4662; x_wconf 64' lang='lat' dir='ltr'><strong>lilia:</strong></span> <span class='ocrx_word' id='word_1_787' title='bbox 2449 4617 2558 4660; x_wconf 89' lang='lat' dir='ltr'><strong>tres</strong></span> <span class='ocrx_word' id='word_1_788' title='bbox 2596 4604 2661 4656; x_wconf 78' lang='grc'><strong>’³.</strong></span> <span class='ocrx_word' id='word_1_789' title='bbox 2691 4602 2822 4656; x_wconf 89' lang='lat' dir='ltr'><strong>Item</strong></span> <span class='ocrx_word' id='word_1_790' title='bbox 2857 4616 2871 4653; x_wconf 89' lang='lat'><strong>:</strong></span> <span class='ocrx_word' id='word_1_791' title='bbox 2911 4618 2929 4650; x_wconf 79' lang='grc' dir='ltr'><strong>ι</strong></span> <span class='ocrx_word' id='word_1_792' title='bbox 2967 4598 3097 4652; x_wconf 85' lang='lat' dir='ltr'><strong>Erat</strong></span> <span class='ocrx_word' id='word_1_793' title='bbox 3120 4596 3394 4650; x_wconf 81' lang='lat' dir='ltr'><strong>Abraham</strong></span> <span class='ocrx_word' id='word_1_794' title='bbox 3444 4607 3535 4646; x_wconf 90' lang='lat' dir='ltr'><strong>an-</strong></span> 
     </span>
    </p>
   </div>
   <div class='ocr_carea' id='block_1_104' title="bbox 1947 4681 3536 4765">
    <p class='ocr_par' dir='ltr' id='par_1_104' title="bbox 1947 4681 3536 4765">
     <span class='ocr_line' id='line_1_104' title="bbox 1947 4681 3536 4765; baseline -0.011 -10"><span class='ocrx_word' id='word_1_795' title='bbox 1947 4717 2140 4756; x_wconf 84' lang='lat' dir='ltr'><strong>nurum</strong></span> <span class='ocrx_word' id='word_1_796' title='bbox 2191 4709 2409 4754; x_wconf 87' lang='lat' dir='ltr'><strong>centum</strong></span> <span class='ocrx_word' id='word_1_797' title='bbox 2452 4696 2672 4765; x_wconf 88' lang='lat' dir='ltr'><strong>quando</strong></span> <span class='ocrx_word' id='word_1_798' title='bbox 2727 4691 2904 4746; x_wconf 80' lang='lat' dir='ltr'><strong>factus</strong></span> <span class='ocrx_word' id='word_1_799' title='bbox 2958 4697 3042 4743; x_wconf 76' lang='lat' dir='ltr'><strong>est</strong></span> <span class='ocrx_word' id='word_1_800' title='bbox 3085 4689 3130 4742; x_wconf 91' lang='lat' dir='ltr'><strong>ei</strong></span> <span class='ocrx_word' id='word_1_801' title='bbox 3198 4685 3347 4740; x_wconf 90' lang='lat' dir='ltr'><strong>lsaac</strong></span> <span class='ocrx_word' id='word_1_802' title='bbox 3394 4681 3536 4737; x_wconf 78' lang='lat' dir='ltr'><strong>illius</strong></span> 
     </span>
    </p>
   </div>
   <div class='ocr_carea' id='block_1_105' title="bbox 1947 4777 3536 4864">
    <p class='ocr_par' dir='ltr' id='par_1_105' title="bbox 1947 4777 3536 4864">
     <span class='ocr_line' id='line_1_105' title="bbox 1947 4777 3536 4864; baseline -0.012 -16"><span class='ocrx_word' id='word_1_803' title='bbox 1947 4795 2065 4864; x_wconf 85' lang='lat' dir='ltr'><strong>ejus</strong></span> <span class='ocrx_word' id='word_1_804' title='bbox 2095 4795 2162 4848; x_wconf 73' lang='grc'><strong>³⁵.</strong></span> <span class='ocrx_word' id='word_1_805' title='bbox 2210 4812 2227 4844; x_wconf 78' lang='grc' dir='ltr'><strong>ι</strong></span> <span class='ocrx_word' id='word_1_806' title='bbox 2268 4793 2322 4847; x_wconf 88' lang='lat' dir='ltr'><strong>Si</strong></span> <span class='ocrx_word' id='word_1_807' title='bbox 2357 4806 2482 4844; x_wconf 89' lang='lat' dir='ltr'><strong>vero</strong></span> <span class='ocrx_word' id='word_1_808' title='bbox 2514 4790 2655 4858; x_wconf 88' lang='lat' dir='ltr'><strong>quod</strong></span> <span class='ocrx_word' id='word_1_809' title='bbox 2692 4793 3010 4857; x_wconf 87' lang='lat' dir='ltr'><strong>generatum</strong></span> <span class='ocrx_word' id='word_1_810' title='bbox 3048 4793 3151 4843; x_wconf 77' lang='grc' dir='ltr'>εει,</span> <span class='ocrx_word' id='word_1_811' title='bbox 3183 4777 3386 4832; x_wconf 86' lang='lat' dir='ltr'><strong>factum</strong></span> <span class='ocrx_word' id='word_1_812' title='bbox 3415 4789 3536 4830; x_wconf 89' lang='lat' dir='ltr'><strong>csse</strong></span> 
     </span>
    </p>
   </div>
   <div class='ocr_carea' id='block_1_106' title="bbox 1946 4868 3531 4943">
    <p class='ocr_par' dir='ltr' id='par_1_106' title="bbox 1946 4868 3531 4943">
     <span class='ocr_line' id='line_1_106' title="bbox 1946 4868 3531 4943; baseline -0.013 0"><span class='ocrx_word' id='word_1_813' title='bbox 1946 4889 2142 4943; x_wconf 85' lang='lat' dir='ltr'><strong>dicitur</strong></span> <span class='ocrx_word' id='word_1_814' title='bbox 2166 4887 2328 4939; x_wconf 86' lang='lat' dir='ltr'><strong>eliam</strong></span> <span class='ocrx_word' id='word_1_815' title='bbox 2367 4884 2421 4937; x_wconf 89' lang='lat' dir='ltr'><strong>in</strong></span> <span class='ocrx_word' id='word_1_816' title='bbox 2453 4881 2790 4942; x_wconf 90' lang='lat' dir='ltr'><strong>hominibus,</strong></span> <span class='ocrx_word' id='word_1_817' title='bbox 2825 4875 3201 4931; x_wconf 76' lang='lat' dir='ltr'><strong>indifferenter</strong></span> <span class='ocrx_word' id='word_1_818' title='bbox 3237 4874 3339 4925; x_wconf 92' lang='lat' dir='ltr'><strong>hoc</strong></span> <span class='ocrx_word' id='word_1_819' title='bbox 3364 4868 3531 4923; x_wconf 90' lang='lat' dir='ltr'><strong>etiam</strong></span> 
     </span>
    </p>
   </div>
   <div class='ocr_carea' id='block_1_107' title="bbox 1946 4964 3538 5049">
    <p class='ocr_par' dir='ltr' id='par_1_107' title="bbox 1946 4964 3538 5049">
     <span class='ocr_line' id='line_1_107' title="bbox 1946 4964 3538 5049; baseline -0.01 -15"><span class='ocrx_word' id='word_1_820' title='bbox 1946 4982 2200 5049; x_wconf 84' lang='lat' dir='ltr'><strong>accipiat,</strong></span> <span class='ocrx_word' id='word_1_821' title='bbox 2247 4979 2290 5032; x_wconf 88' lang='lat' dir='ltr'><strong>si</strong></span> <span class='ocrx_word' id='word_1_822' title='bbox 2331 4976 2454 5046; x_wconf 90' lang='lat' dir='ltr'><strong>quis</strong></span> <span class='ocrx_word' id='word_1_823' title='bbox 2501 4979 2568 5030; x_wconf 88' lang='lat' dir='ltr'><strong>de</strong></span> <span class='ocrx_word' id='word_1_824' title='bbox 2616 4973 2753 5027; x_wconf 86' lang='lat' dir='ltr'><strong>Filio</strong></span> <span class='ocrx_word' id='word_1_825' title='bbox 2805 4971 2855 5024; x_wconf 89' lang='lat' dir='ltr'><strong>id</strong></span> <span class='ocrx_word' id='word_1_826' title='bbox 2890 4969 2996 5023; x_wconf 91' lang='lat' dir='ltr'><strong>dici</strong></span> <span class='ocrx_word' id='word_1_827' title='bbox 3042 4965 3302 5020; x_wconf 86' lang='lat' dir='ltr'><strong>audierit.</strong></span> <span class='ocrx_word' id='word_1_828' title='bbox 3355 4964 3430 5017; x_wconf 90' lang='lat' dir='ltr'><strong>De</strong></span> <span class='ocrx_word' id='word_1_829' title='bbox 3475 4964 3538 5018; x_wconf 88' lang='lat' dir='ltr'><strong>iis</strong></span> 
     </span>
    </p>
   </div>
   <div class='ocr_carea' id='block_1_108' title="bbox 1955 5057 3541 5140">
    <p class='ocr_par' dir='ltr' id='par_1_108' title="bbox 1955 5057 3541 5140">
     <span class='ocr_line' id='line_1_108' title="bbox 1955 5057 3541 5140; baseline -0.009 -15"><span class='ocrx_word' id='word_1_830' title='bbox 1955 5079 2132 5126; x_wconf 84' lang='lat' dir='ltr'><strong>autem</strong></span> <span class='ocrx_word' id='word_1_831' title='bbox 2167 5087 2286 5140; x_wconf 72' lang='lat' dir='ltr'><strong>qum</strong></span> <span class='ocrx_word' id='word_1_832' title='bbox 2327 5070 2466 5122; x_wconf 87' lang='lat' dir='ltr'><strong>facta</strong></span> <span class='ocrx_word' id='word_1_833' title='bbox 2521 5076 2669 5131; x_wconf 89' lang='lat' dir='ltr'><strong>sunt,</strong></span> <span class='ocrx_word' id='word_1_834' title='bbox 2708 5079 2812 5117; x_wconf 92' lang='lat' dir='ltr'><strong>non</strong></span> <span class='ocrx_word' id='word_1_835' title='bbox 2857 5063 2984 5116; x_wconf 86' lang='lat' dir='ltr'><strong>item</strong></span> <span class='ocrx_word' id='word_1_836' title='bbox 3028 5057 3403 5113; x_wconf 71' lang='lat' dir='ltr'><strong>indifferenter</strong></span> <span class='ocrx_word' id='word_1_837' title='bbox 3449 5069 3541 5111; x_wconf 85' lang='lat' dir='ltr'><strong>ac-</strong></span> 
     </span>
    </p>
   </div>
   <div class='ocr_carea' id='block_1_109' title="bbox 1950 5159 2941 5235">
    <p class='ocr_par' dir='ltr' id='par_1_109' title="bbox 1950 5159 2941 5235">
     <span class='ocr_line' id='line_1_109' title="bbox 1950 5159 2941 5235; baseline -0.013 -15"><span class='ocrx_word' id='word_1_838' title='bbox 1950 5165 2135 5235; x_wconf 89' lang='lat' dir='ltr'><strong>cipiet,</strong></span> <span class='ocrx_word' id='word_1_839' title='bbox 2177 5165 2246 5218; x_wconf 86' lang='lat' dir='ltr'><strong>ob</strong></span> <span class='ocrx_word' id='word_1_840' title='bbox 2279 5164 2542 5217; x_wconf 88' lang='lat' dir='ltr'><strong>rationem</strong></span> <span class='ocrx_word' id='word_1_841' title='bbox 2571 5160 2683 5229; x_wconf 88' lang='lat' dir='ltr'><strong>jam</strong></span> <span class='ocrx_word' id='word_1_842' title='bbox 2717 5159 2941 5211; x_wconf 89' lang='lat' dir='ltr'><strong>dictam.</strong></span> 
     </span>
    </p>
   </div>
   <div class='ocr_carea' id='block_1_110' title="bbox 2623 5269 2856 5326">
    <p class='ocr_par' dir='ltr' id='par_1_110' title="bbox 2623 5269 2856 5326">
     <span class='ocr_line' id='line_1_110' title="bbox 2623 5269 2856 5326; baseline 0 -3"><span class='ocrx_word' id='word_1_843' title='bbox 2623 5269 2856 5326; x_wconf 81' lang='lat' dir='ltr'><strong>ALIUD.</strong></span> 
     </span>
    </p>
   </div>
   <div class='ocr_carea' id='block_1_111' title="bbox 2146 5378 3332 5454">
    <p class='ocr_par' dir='ltr' id='par_1_111' title="bbox 2146 5378 3332 5454">
     <span class='ocr_line' id='line_1_111' title="bbox 2146 5378 3332 5454; baseline -0.015 -10"><span class='ocrx_word' id='word_1_844' title='bbox 2146 5390 2211 5444; x_wconf 78' lang='lat' dir='ltr'><strong>lu</strong></span> <span class='ocrx_word' id='word_1_845' title='bbox 2242 5391 2417 5454; x_wconf 81' lang='lat' dir='ltr'><strong>idem,</strong></span> <span class='ocrx_word' id='word_1_846' title='bbox 2473 5403 2537 5441; x_wconf 79' lang='lat' dir='ltr'><strong>ea:</strong></span> <span class='ocrx_word' id='word_1_847' title='bbox 2594 5385 2888 5454; x_wconf 76' lang='lat' dir='ltr'><strong>objectione</strong></span> <span class='ocrx_word' id='word_1_848' title='bbox 2940 5378 3332 5433; x_wconf 70' lang='lat' dir='ltr'><strong>liazreticorum.</strong></span> 
     </span>
    </p>
   </div>
   <div class='ocr_carea' id='block_1_112' title="bbox 2022 5489 3539 5572">
    <p class='ocr_par' dir='ltr' id='par_1_112' title="bbox 2022 5489 3539 5572">
     <span class='ocr_line' id='line_1_112' title="bbox 2022 5489 3539 5572; baseline -0.017 -13"><span class='ocrx_word' id='word_1_849' title='bbox 2022 5505 2295 5572; x_wconf 88' lang='lat' dir='ltr'><strong>Scriptum</strong></span> <span class='ocrx_word' id='word_1_850' title='bbox 2321 5509 2427 5564; x_wconf 90' lang='lat' dir='ltr'><strong>est,</strong></span> <span class='ocrx_word' id='word_1_851' title='bbox 2479 5498 2754 5568; x_wconf 84' lang='lat' dir='ltr'><strong>inquiunt.</strong></span> <span class='ocrx_word' id='word_1_852' title='bbox 2793 5495 2860 5549; x_wconf 90' lang='lat' dir='ltr'><strong>de</strong></span> <span class='ocrx_word' id='word_1_853' title='bbox 2895 5491 3054 5556; x_wconf 86' lang='lat' dir='ltr'><strong>Filio,</strong></span> <span class='ocrx_word' id='word_1_854' title='bbox 3104 5489 3271 5558; x_wconf 83' lang='lat' dir='ltr'><strong>quod,</strong></span> <span class='ocrx_word' id='word_1_855' title='bbox 3318 5504 3336 5536; x_wconf 78' lang='grc' dir='ltr'><strong>ι</strong></span> <span class='ocrx_word' id='word_1_856' title='bbox 3388 5492 3539 5538; x_wconf 84' lang='lat' dir='ltr'><strong>tanto</strong></span> 
     </span>
    </p>
   </div>
   <div class='ocr_carea' id='block_1_113' title="bbox 1955 5575 3544 5661">
    <p class='ocr_par' dir='ltr' id='par_1_113' title="bbox 1955 5575 3544 5661">
     <span class='ocr_line' id='line_1_113' title="bbox 1955 5575 3544 5661; baseline -0.016 -10"><span class='ocrx_word' id='word_1_857' title='bbox 1955 5595 2148 5651; x_wconf 89' lang='lat' dir='ltr'><strong>melior</strong></span> <span class='ocrx_word' id='word_1_858' title='bbox 2175 5594 2354 5650; x_wconf 88' lang='lat' dir='ltr'><strong>factus</strong></span> <span class='ocrx_word' id='word_1_859' title='bbox 2390 5592 2459 5648; x_wconf 85' lang='lat' dir='ltr'><strong>sit</strong></span> <span class='ocrx_word' id='word_1_860' title='bbox 2490 5589 2716 5661; x_wconf 89' lang='lat' dir='ltr'><strong>angelis.</strong></span> <span class='ocrx_word' id='word_1_861' title='bbox 2756 5607 2774 5638; x_wconf 71' lang='grc' dir='ltr'><strong>ι</strong></span> <span class='ocrx_word' id='word_1_862' title='bbox 2822 5586 2956 5641; x_wconf 90' lang='lat' dir='ltr'><strong>Cum</strong></span> <span class='ocrx_word' id='word_1_863' title='bbox 3009 5597 3140 5637; x_wconf 85' lang='lat' dir='ltr'><strong>vero</strong></span> <span class='ocrx_word' id='word_1_864' title='bbox 3173 5575 3544 5647; x_wconf 84' lang='lat' dir='ltr'><strong>comparatio-</strong></span> 
     </span>
    </p>
   </div>
   <div class='ocr_carea' id='block_1_114' title="bbox 1963 5667 3542 5757">
    <p class='ocr_par' dir='ltr' id='par_1_114' title="bbox 1963 5667 3542 5757">
     <span class='ocr_line' id='line_1_114' title="bbox 1963 5667 3542 5757; baseline -0.016 -15"><span class='ocrx_word' id='word_1_865' title='bbox 1963 5705 2060 5744; x_wconf 89' lang='lat' dir='ltr'><strong>nes</strong></span> <span class='ocrx_word' id='word_1_866' title='bbox 2109 5703 2324 5757; x_wconf 87' lang='lat' dir='ltr'><strong>semper</strong></span> <span class='ocrx_word' id='word_1_867' title='bbox 2393 5685 2509 5741; x_wconf 88' lang='lat' dir='ltr'><strong>fieri</strong></span> <span class='ocrx_word' id='word_1_868' title='bbox 2563 5681 2774 5738; x_wconf 90' lang='lat' dir='ltr'><strong>soleant</strong></span> <span class='ocrx_word' id='word_1_869' title='bbox 2835 5680 2976 5733; x_wconf 84' lang='lat' dir='ltr'><strong>inter</strong></span> <span class='ocrx_word' id='word_1_870' title='bbox 3023 5690 3087 5730; x_wconf 91' lang='lat' dir='ltr'><strong>ea</strong></span> <span class='ocrx_word' id='word_1_871' title='bbox 3137 5687 3257 5742; x_wconf 60' lang='lat' dir='ltr'><strong>quae</strong></span> <span class='ocrx_word' id='word_1_872' title='bbox 3299 5667 3542 5739; x_wconf 86' lang='lat' dir='ltr'><strong>ejusdem</strong></span> 
     </span>
    </p>
   </div>
   <div class='ocr_carea' id='block_1_115' title="bbox 1197 5849 2075 5918">
    <p class='ocr_par' dir='ltr' id='par_1_115' title="bbox 1197 5849 2075 5918">
     <span class='ocr_line' id='line_1_115' title="bbox 1197 5849 2075 5918; baseline -0.01 -9"><span class='ocrx_word' id='word_1_873' title='bbox 1197 5855 1240 5884; x_wconf 70' lang='grc'><strong>’³</strong></span> <span class='ocrx_word' id='word_1_874' title='bbox 1279 5854 1379 5909; x_wconf 85' lang='lat' dir='ltr'><strong>Job</strong></span> <span class='ocrx_word' id='word_1_875' title='bbox 1412 5869 1448 5918; x_wconf 87' lang='grc' dir='ltr'><strong>ι,</strong></span> <span class='ocrx_word' id='word_1_876' title='bbox 1485 5852 1537 5903; x_wconf 69' lang='lat'><strong>‘2.</strong></span> <span class='ocrx_word' id='word_1_877' title='bbox 1614 5851 1658 5883; x_wconf 78' lang='lat'><strong>&#39;-“</strong></span> <span class='ocrx_word' id='word_1_878' title='bbox 1699 5850 1832 5906; x_wconf 84' lang='lat' dir='ltr'><strong>Gen.</strong></span> <span class='ocrx_word' id='word_1_879' title='bbox 1874 5863 1987 5914; x_wconf 74' lang='lat' dir='ltr'><strong>xxi,</strong></span> <span class='ocrx_word' id='word_1_880' title='bbox 2022 5849 2075 5901; x_wconf 69' lang='grc' dir='ltr'><strong>(ί.</strong></span> 
     </span>
    </p>
   </div>
  </div>
