3994 6324
532 443 634 503 343

1528 447 1587 503 s.
1627 445 1898 504 cvntLLi
1938 424 2396 499 ALEXA'NDRINI
2441 444 2755 497 ARCIIIEP.

3669 440 3776 495 διε

533 575 658 621 sunt
692 566 885 635 speciei
920 564 1115 633 (neque
1147 563 1291 616 cnim
1324 563 1590 633 quispiam
1643 573 1790 618 recte
1821 562 2090 617 hominem

2199 561 2264 614 ἄν
2294 578 2377 623 τις
2400 559 2634 628 εὐλόγως
2664 562 2815 631 ἵππῳ
2843 560 3131 629 συγκρίναι
3165 560 3256 612 τὸν
3278 558 3563 629 ἄνθρωπον
3588 556 3621 626 ἢ
3652 555 3778 609 κυνὶ⁹

534 671 675 725 equo
703 655 1013 713 contulerit.
1052 665 1144 708 aut
1174 669 1326 708 ovem
1353 656 1496 721 cani,
1554 655 1645 709 sed
1680 653 1953 709 hominem
1991 652 2090 706 ho-

535 746 771 800 minibus
799 786 813 808 ,
853 754 906 799 et
956 760 1108 799 ovem
1145 746 1230 799 ovi
1259 744 1299 815 ).
1354 747 1724 801 necessarium
1756 744 1980 799 omnino
2011 752 2095 795 est

535 851 593 891 ut
624 839 824 892 factum
855 853 971 891 csse
1010 837 1201 891 Filium
1248 836 1539 901 fateamur,
1585 852 1709 892 cum
1737 844 2090 907 comparetur

532 927 758 997 angelis,
784 942 1010 996 quorum
1046 936 1234 979 natura
1272 924 1409 979 facta
1438 936 1541 983 est.

1022 1035 1235 1089 Salutio
1266 1035 1588 1103 objectionis.

601 1152 788 1207 Solent
844 1151 1061 1220 quidem
1113 1150 1550 1217 comparationes
1593 1149 1735 1204 inter
1786 1164 1871 1203 res
1913 1149 2093 1216 specie

528 1242 911 1295 convenientes
937 1240 1073 1293 ﬂeri.
1108 1236 1213 1292 Sed
1243 1252 1364 1291 cum
1394 1236 1658 1304 ejusmodi
1689 1238 1831 1290 inter
1858 1252 1914 1289 se
1945 1252 2092 1289 com-

529 1344 829 1401 parantur,
892 1344 1076 1383 vocem
1127 1327 1291 1393 illam,
1335 1347 1353 1379 ι
1409 1326 1599 1381 melior
1646 1346 1664 1377 ι
1710 1342 1816 1381 non
1866 1325 2096 1379 libenter

531 1437 703 1491 neque
739 1421 955 1490 proprie
984 1420 1312 1483 admittunt;
1348 1418 1440 1471 sed
1471 1419 1642 1485 magis
1689 1428 1743 1469 et
1783 1417 1961 1469 minus
1995 1432 2093 1485 po-

529 1517 635 1570 tius
668 1516 747 1569 eis
778 1512 1053 1577 convenit,
1087 1520 1179 1565 aut
1208 1526 1317 1579 prae
1352 1511 1623 1564 interdum
1650 1509 1815 1562 etiam
1852 1508 1974 1576 plus
2025 1508 2092 1562 de

526 1608 605 1662 eis
648 1606 751 1660 dici
789 1622 802 1657 :
860 1604 1057 1673 quippe
1091 1618 1209 1672 quae
1262 1603 1434 1670 magis
1479 1601 1752 1670 propriam
1803 1613 2093 1669 compara-

528 1702 723 1754 tionem
775 1699 1010 1753 ostendit
1055 1713 1067 1747 :
1118 1698 1187 1749 ita
1220 1693 1427 1765 {Ioseph
1475 1694 1745 1749 formosus
1777 1694 1897 1765 plus
1930 1710 2091 1763 quam

526 1794 723 1845 fratres
755 1794 835 1845 sui
868 1790 1062 1843 dicitur
1090 1789 1155 1839 ’⁵.
1188 1786 1352 1841 Stella
1384 1801 1513 1840 vero
1558 1801 1667 1840 non
1704 1785 1864 1859 ξοδ
1898 1786 2094 1841 dicitur

2196 653 2255 706 τὺ
2285 654 2571 725 πρόϐατον,
2633 653 2746 706 ἀλλ’
2798 652 3081 723 ἄνθρωπον
3128 650 3227 720 μὲν
3275 646 3685 719 ἀνθρώποις,τδ
3717 645 3777 699 δὲ

2197 741 2466 811 πρόϐατον
2493 741 2572 811 τῷ
2611 740 2913 812 προϐάτῳ),
2944 740 3156 808 ἀνάγκη
3179 740 3330 791 πᾶσα
3371 736 3596 806 γενητὸν
3630 730 3778 788 εἶναι

2198 832 2573 902 συνομολογεῖν
2594 832 2685 885 τὸν
2716 830 2862 896 Υἰδν,
2903 832 2961 894 ὁς
2998 829 3247 899 ἀγγέλοις
3294 826 3638 896 συγκρίνεται
3660 824 3777 886 τοῖς

2196 923 2427 993 γενητὴν
2449 923 2628 993 ἔχουσι
2654 920 2752 992 τὴν
2782 922 2961 989 φύσιν.

2690 1035 2845 1105 Πρὸς
2875 1036 3053 1091 τοῦτο
3072 1035 3272 1099 λύσις.

2262 1150 2479 1205 Φιλοῦσι
2501 1151 2597 1221 μὲν
2618 1144 3067 1219 ὁμολογουμένως
3118 1146 3175 1197 ὲν
3222 1145 3334 1203 τοῖς
3384 1138 3685 1211 ὁμοειδέσιν
3716 1135 3779 1189 αἱ

2197 1245 2513 1315 συμρίσεις
2567 1240 2830 1309 γίνεσθαι.
2882 1238 3018 1292 Ἀλλ’
3055 1238 3185 1290 ὅταν
3240 1235 3306 1288 τά
3358 1232 3583 1287 τοιαῦτα
3634 1229 3779 1298 πρὸς

2194 1337 2397 1407 ἄλληλα
2431 1336 2703 1406 κρίνηται,
2738 1333 2796 1385 τὸ
2847 1350 2866 1383 ι
2906 1330 3172 1401 κρείττων
3212 1346 3225 1378 ι
3286 1326 3542 1394 λέγεσθαι
3583 1324 3776 1392 μισεῖ,

2196 1431 2291 1484 καί
2319 1430 2415 1483 οὐκ
2448 1428 2663 1490 οἰκείως
2723 1424 3025 1488 ὲπιδέξεται
3081 1422 3181 1492 τὴν
3208 1420 3411 1489 φωνήν·
3457 1413 3691 1487 ἁρμόσει
3717 1413 3779 1465 δὲ

2195 1522 2281 1577 ἐπ’
2310 1521 2489 1575 αὐτῶν
2526 1520 2585 1572 τὸ
2620 1517 2821 1588 μᾶλλον
2844 1517 2939 1570 καὶ
2968 1515 3027 1567 τὸ
3055 1509 3237 1585 ἦττον,
3270 1511 3363 1565 καὶ
3399 1510 3459 1562 τὸ
3486 1506 3777 1577 διαφερόν-

2193 1629 2299 1674 τως
2330 1610 2605 1678 λέγεσθαι,
2635 1609 2726 1660 καὶ
2780 1607 2842 1659 τὸ
2886 1605 3048 1658 πλέον
3102 1603 3211 1657 ἔσθ’
3240 1603 3347 1655 ὅτε·
3378 1599 3412 1653 ἃ
3436 1598 3499 1669 δὴ
3551 1598 3646 1650 καὶ
3675 1613 3778 1649 κυ-

2196 1703 2458 1775 ριωτέραν
2518 1701 2751 1755 δεικνύει
2814 1700 2909 1770 τὴν
2961 1698 3280 1768 σύγκρισιν·
3332 1694 3509 1757 οὕτως
3570 1692 3777 1761 Ἰωσὴφ

2194 1796 2391 1865 ὡραῖος
2425 1792 2575 1864 παρά
2603 1793 2726 1854 τοὺς
2756 1788 3037 1860 ἀδελφούς.
3105 1788 3303 1858 Ἀστὴρ
3328 1786 3385 1839 δὲ
3424 1782 3585 1837 πάλιν
3615 1781 3779 1834 ἀστέ-

523 1884 715 1937 melior
747 1896 908 1949 quam
940 1879 1045 1932 alia
1082 1878 1260 1941 stella,
1289 1878 1382 1933 sed
1439 1876 1722 1933 excellere
1770 1877 1968 1947 gloria.
2010 1876 2089 1930 Ita

2194 1899 2287 1949 ρος
2324 1882 2385 1935 οὐ
2420 1880 2705 1950 κρείττων,
2739 1878 2875 1931 ἀλλά
2927 1877 3174 1947 διαφέρει
3210 1878 3264 1928 ὲν
3315 1874 3441 1945 δοξη
3468 1889 3485 1904 ο
3526 1870 3702 1933 οὕτως
3745 1871 3777 1922 ὁ

523 1976 782 2031 Servatur
809 1973 1025 2042 quando
1062 1972 1371 2028 hominibus
1418 1980 1477 2025 ut
1522 1970 1684 2025 homo
1714 1980 2084 2038 comparatur,

521 2080 630 2120 non
664 2064 864 2119 dicitur
917 2062 1111 2117 melior
1160 2060 1601 2131 pulchritudine,
1656 2059 1753 2116 sed
1819 2060 2091 2117 formosus

520 2171 633 2225 pra:
661 2155 787 2210 ﬁliis
814 2154 1093 2209 hominum
1118 2153 1187 2207 ".
1240 2152 1374 2209 Cum
1402 2166 1531 2207 vero
1558 2166 1679 2222 quae
1708 2152 1937 2207 diversae
1966 2167 2091 2223 spe-

519 2248 781 2302 cieisunt
823 2247 965 2300 inter
988 2260 1047 2301 se
1079 2251 1489 2314 comparantur,
1523 2250 1637 2298 tum
1672 2244 1842 2314 magis
1867 2243 2091 2313 proprie

518 2339 741 2401 dicitur.
778 2337 991 2395 melius.
1050 2338 1223 2407 Atque
1251 2336 1323 2392 ita
1361 2337 1629 2407 scriptum
1678 2344 1763 2389 est
1804 2352 1819 2388 :
1851 2354 1869 2387 ι
1900 2334 2090 2391 Melior

520 2440 601 2484 est
631 2430 775 2484 enim
808 2428 1073 2497 sapientia
1099 2443 1261 2499 quam
1290 2428 1497 2500 lapides
1513 2428 1741 2499 pretiosi
1761 2428 1829 2485 ”.
1865 2447 1884 2481 ι
1921 2428 2083 2496 Qua!-

520 2536 643 2575 nam
675 2520 818 2600 enim
851 2529 934 2576 est
966 2520 1198 2575 societas
1236 2528 1444 2576 natura
1474 2519 1753 2588 sapientia
1777 2535 1899 2575 cum
1945 2520 2081 2589 lapi-

522 2612 723 2667 dibus?
759 2612 814 2665 Si
860 2626 995 2679 ergo
1044 2612 1381 2681 comparatio
1438 2625 1624 2665 rerum
1677 2612 1858 2681 specie
1892 2626 2090 2667 conve-

522 2704 789 2759 nientium
826 2702 986 2755 aliam
1018 2703 1287 2756 rationem
1335 2701 1520 2765 habet,
1574 2700 1641 2755 de
1682 2703 1750 2757 iis
1798 2719 1926 2758 vero
1968 2720 2088 2774 qua:

520 2795 811 2850 secundum
874 2803 1119 2847 naturam
1180 2808 1332 2847 suam
1386 2792 1617 2849 diversae
1668 2805 1791 2853 sunt
1846 2797 2086 2863 speciei,

519 2886 712 2941 melius
734 2887 931 2940 dicitur
958 2900 974 2939 :
1009 2896 1157 2940 certe
1198 2885 1365 2939 Filius
1388 2886 1595 2955 angelis
1608 2885 1805 2941 similis
1830 2902 1935 2941 non
1960 2890 2083 2951 erit,

522 2991 697 3046 neque
732 2977 905 3032 lactus
933 2984 992 3031 ut
1024 2976 1123 3043 illi,
1155 2977 1249 3031 sed
1284 2975 1632 3048 liyperbolica
1677 2980 2087 3047 comparatione

523 3072 625 3123 hoc
678 3070 786 3123 ﬁet.
821 3070 1000 3137 Atque
1016 3083 1080 3123 ea
1124 3068 1239 3139 ipsa
1274 3071 1484 3127 ratione
1506 3085 1614 3141 qua
1647 3071 1844 3127 dicitur
1872 3072 2083 3137 melior,

519 3158 747 3215 divom
774 3158 952 3228 potius
979 3174 1141 3229 quam
1168 3157 1408 3228 ejusdem
1444 3155 1643 3232 speciei
1673 3177 1795 3218 cum
1848 3164 1929 3219 eis
1955 3165 2081 3221 erit.

1044 3269 1275 3335 ALIUD,
1313 3272 1367 3325 in
1402 3273 1557 3328 idem.

591 3381 671 3446 Si,
702 3380 827 3448 quia
852 3393 1012 3433 sacra
1039 3379 1318 3450 Scriptura
1354 3382 1483 3436 dicit
1514 3401 1525 3438 :
1554 3402 1573 3434 ι
1597 3382 1769 3441 Tanto
1798 3386 1985 3441 melior
2011 3386 2089 3441 fa-

520 3481 641 3525 ctus
673 3471 906 3541 angelis,
938 3491 957 3524 ›
997 3471 1235 3541 ejusdem
1267 3474 1464 3541 speciei
1499 3489 1621 3529 cum
1657 3476 1861 3549 angelis
1889 3488 1967 3533 est
1995 3478 2086 3532 Fi-

522 3563 644 3627 lius,
683 3573 868 3631 utp0te
904 3564 989 3618 eis
1032 3574 1403 3631 comparatus,
1435 3565 1647 3620 videant
1679 3582 1841 3637 quam
1879 3570 2089 3636 pericu-

521 3656 632 3710 losa
666 3655 787 3710 inde
819 3664 1073 3724 sequatur
1118 3658 1528 3725 consequentia.
1567 3657 1705 3725 Quid
1738 3660 1882 3715 enim
1912 3662 2091 3717 oberit

517 3746 805 3815 quominus
862 3747 971 3801 Deo
1017 3747 1259 3803 assidere
1305 3748 1548 3818 angelos,
1594 3764 1810 3819 unaque
1855 3766 1976 3805 cum
2022 3766 2088 3807 eo

520 3852 747 3907 regnare
800 3837 1080 3901 dicamus,
1137 3838 1381 3905 nihilque
1440 3835 1789 3896 excellentius
1840 3841 1892 3895 in
1950 3841 2087 3897 Filio

514 3944 676 3998 quam
710 3930 763 3983 in
815 3929 1026 3998 angelis
1071 3930 1233 3984 esse?
1262 3928 1394 3983 Nam
1437 3945 1559 3998 qua:
1598 3932 1839 4001 ejusdem
1889 3935 2084 4003 speciei

518 4030 665 4082 sunt,
699 4019 915 4073 tametsi
958 4018 1245 4087 quamdam
1302 4020 1440 4074 inter
1485 4036 1543 4075 se
1584 4020 1947 4078 differentiam
1990 4028 2085 4079 ha-

520 4112 709 4175 beant,
740 4109 979 4177 ejusdem
1015 4118 1193 4165 tamen
1228 4121 1353 4166 sunt
1404 4122 1631 4168 naturas.
1671 4113 1781 4168 Hac
1813 4115 1955 4169 enim
2003 4131 2088 4169 ra-

520 4202 668 4255 tione
707 4202 869 4256 etiam
899 4199 1139 4271 ejusdem
1170 4202 1367 4272 speciei
1397 4203 1525 4259 sint.
1557 4204 1821 4270 Quocirca
1860 4221 1980 4260 cum
2021 4208 2086 4263 de

519 4288 725 4359 angelis
750 4290 995 4343 dicatur:
1020 4308 1038 4340 ι
1069 4288 1296 4345 Faciens
1319 4292 1537 4362 angelos
1559 4308 1684 4349 suos
1711 4295 1935 4364 spiritus
1952 4296 2035 4363 "';
2061 4315 2083 4350 ι

517 4384 583 4434 de
612 4380 746 4435 Filio
774 4390 951 4434 autem
985 4398 997 4433 :
1032 4398 1049 4431 ι
1079 4378 1247 4435 Sedes
1277 4391 1387 4447 tua,
1422 4382 1583 4449 Deus,
1617 4386 1668 4439 in
1694 4386 1949 4441 sreculum
1982 4403 2083 4443 sat-

517 4472 620 4527 culi
647 4473 723 4537 ";
757 4490 775 4523 ι
813 4481 867 4526 et
895 4472 1093 4541 angeli,
1118 4471 1272 4542 juxta
1306 4472 1519 4528 illorum
1565 4477 1896 4542 opinionem,
1938 4479 2083 4548 ejus-

2192 1972 2405 2044 Σωτὴρ,
2443 1974 2531 2025 ὅτε
2553 1974 2665 2034 τοῖς
2684 1968 2991 2040 ἀνθρώποις
3044 1969 3119 2032 ῶς
3144 1967 3428 2039 ἄνθρωπος
3478 1964 3772 2034 συγκρίνει

2190 2080 2302 2129 ται,
2336 2062 2398 2117 οὐ
2430 2061 2695 2134 κρείττων
2734 2060 2919 2114 κάλλει
2951 2059 3193 2127 λέγεται.
3218 2058 3333 2112 ἀλλ’
3363 2056 3565 2125 ὡραῖος
3616 2052 3775 2123 παρά

2189 2157 2317 2219 τοὺς
2351 2155 2500 2219 υίοὺς
2522 2154 2632 2207 τῶν
2656 2150 2977 2223 ἀνθρώπων.
3006 2151 3134 2203 Ὅτε
3157 2148 3214 2203 δὲ
3240 2149 3307 2203 τὰ
3330 2146 3601 2218 ἑτεροειδῆ
3631 2145 3775 2216 πρὸς

2190 2245 2398 2317 ἄλληλα
2442 2245 2541 2318 τὴν
2580 2243 2866 2315 σύγκρισιν
2894 2242 3027 2313 εχει,
3085 2239 3206 2295 τότε
3244 2240 3465 2309 λέγεται
3489 2237 3552 2290 τὸ
3588 2238 3777 2308 κρεῖτο

2189 2354 2281 2391 τον
2307 2332 2830 2408 οίκειὸτιρον.,ούτω
2853 2332 2948 2387 καὶ
2962 2331 3294 2404 γέγραπται·
3318 2328 3639 2400 «Κρείσσων
3662 2325 3776 2396 γάρ

2192 2430 2354 2501 σοφία
2382 2429 2546 2484 λίθων
2577 2426 2904 2481 πολυτελῶν.
2941 2445 2960 2477 ι
3000 2424 3137 2478 Ποῖα
3165 2422 3223 2476 δὲ
3266 2419 3530 2483 κοινωνίαξ
3554 2416 3775 2488 φύσεως

2192 2523 2354 2593 σοφίᾳ
2394 2522 2487 2575 καὶ
2538 2520 2743 2587 λίθοις;
2776 2520 2838 2574 El
2894 2517 3074 2573 τοίνυν
3103 2517 3293 2586 ἕτερον
3325 2514 3426 2584 μὲν
3466 2511 3579 2582 ἔχει
3600 2509 3775 2563 τύπον

2191 2617 2249 2668 ἑν
2277 2616 2389 2676 τοῖς
2417 2612 2717 2683 ὁμοειδέσιν
2743 2613 2777 2680 ἡ
2807 2609 3117 2680 σύγκρισις,
3144 2607 3239 2661 ἐπὶ
3271 2605 3327 2660 δὲ
3357 2604 3468 2659 τῶν
3500 2603 3775 2674 ἀνομοίων

2190 2705 2333 2759 κατά
2352 2707 2449 2776 τὴν
2472 2704 2634 2773 φύσιν
2661 2702 2721 2755 τὸ
2744 2703 2989 2773 κρεῖττον
3014 2698 3289 2761 τάττεται,
3331 2696 3431 2749 οὐκ
3454 2695 3609 2747 ἔσται
3663 2694 3775 2755 τοῖς

2190 2796 2441 2865 ἀγγέλοις
2466 2797 2648 2866 ὅμοιος
2680 2795 2709 2847 ὁ
2741 2792 2887 2857 Υἱὸς,
2920 2790 3041 2844 οὐδὲ
3078 2789 3304 2861 γενητὸς
3326 2787 3516 2859 ὥσπερ
3546 2788 3770 2850 ἐκεῖνοι,

2189 2889 2303 2943 ἀλλ’
2332 2886 2694 2960 ὑπερϐολικὴν
2750 2885 2865 2957 ἔχει
2908 2884 3007 2955 τὴν
3051 2883 3361 2953 σύγκρισιν.
3413 2880 3519 2933 Καὶ
3558 2879 3646 2932 διά
3677 2877 3771 2931 τοῦ

2187 2980 2441 3049 λέγεσθαι
2508 2979 2772 3050 κρείττων
2810 3017 2827 3043 ,
2892 2973 3195 3047 ἑτεροειδὴς
3248 2972 3399 3026 ἐσται
3471 2970 3672 3042 μᾶλλον
3736 2968 3769 3040 ἢ

2186 3074 2454 3145 ὁμοειδής.

2660 3268 2864 3335 AAAO,
2903 3268 2989 3333 είς
3028 3266 3092 3320 τὸ
3131 3266 3300 3321 αὐτό.

2264 3386 2325 3441 Ei
2357 3384 2443 3439 διὰ
2469 3384 2530 3437 τὸ
2554 3382 2734 3450 λέγειν
2757 3382 2857 3453 τὴν
2886 3379 3111 3451 Γραφὴν
3132 3418 3146 3443 ,
3180 3397 3198 3431 ι
3223 3377 3474 3448 Τοσούτῳ
3503 3378 3769 3449 κρείττων

2190 3477 2481 3547 γενόμενος
2509 3475 2617 3529 τῶν
2652 3474 2917 3543 ἀγγέλων,
2950 3491 2969 3525 ι
3004 3471 3254 3543 ὁμοειδὴς
3283 3472 3435 3525 ἔσται
3457 3476 3571 3535 τοῖς
3605 3472 3770 3542 ἀγγέο

2188 3568 2301 3632 λοις
2347 3570 2376 3622 ὁ
2424 3568 2551 3631 mg
2588 3567 2662 3629 ὼς
2697 3566 2833 3636 πρὸς
2874 3565 3070 3627 αὐτοὺς
3115 3562 3254 3634 ἔχων
3304 3564 3405 3635 τὴν
3454 3564 3768 3634 σύγκρισιν,

2187 3660 2472 3731 ὁράτωσαν
2505 3661 2596 3713 ποῖ
2627 3675 2758 3712 ποτε
2792 3659 2821 3711 ὁ
2850 3657 3007 3726 λόγος
3038 3657 3222 3721 αὐτοῖς
3261 3656 3770 3727 κινδυνεύσει.Ὠρα

2186 3752 2297 3823 γάρ
2328 3750 2608 3823 ὁμολογεῖν
2637 3751 2731 3803 καὶ
2763 3748 3200 3819 συγκαθεσθῆναι
3249 3747 3507 3802 δύνασθαι
3536 3748 3635 3819 τῷ-
3648 3746 3770 3820 Θεῷ

2185 3844 2311 3906 τοὺς
2338 3842 2601 3912 ἀγγέλους
2642 3842 2736 3895 καὶ
2783 3839 3200 3910 συμϐασιλεύειν
3236 3839 3382 3911 αὐτῷ
3405 3857 3419 3869 ο
3453 3839 3548 3894 καὶ
3574 3839 3638 3893 τὺ
3666 3856 3767 3893 πε-

2191 3933 2368 4007 ριττὸν
2396 3933 2546 3987 οὐδιν
2584 3933 2642 3986 ιν
2681 3932 2795 4004 Υίῷ
2821 3934 2951 4004 παρ’
2986 3932 3248 3995 ὲκείνους.
3269 3932 3350 3986 Τὰ
3378 3931 3489 4003 γὰρ
3512 3932 3767 4003 ἀλλήλοις

2185 4023 2431 4094 ὁμοειδῆ,
2469 4023 2571 4077 κᾶν
2608 4023 2706 4095 ἔχῃ
2752 4023 2877 4076 τινὰ
2923 4024 3059 4094 πρὸς
3108 4023 3313 4094 ἄλληλα
3349 4025 3448 4093 τὴν
3476 4023 3763 4095 διαφορὰν,

2186 4115 2323 4169 ἀλλά
2345 4116 2443 4187 τῆς
2475 4116 2645 4186 αὐτῆς
2673 4116 2855 4187 ἔχεται
2882 4116 3117 4185 φύσεως.
3135 4115 3291 4170 υῦτω
3319 4115 3427 4185 γὰρ
3455 4115 3521 4168 ἂν
3556 4115 3643 4185 εῐη
3670 4116 3767 4169 καὶ

2183 4210 2422 4281 ὁμοειδῆ.
2453 4207 2659 4264 Οὐκοῦν
2700 4209 3001 4280 ἐπειδήπερ
3031 4209 3160 4278 περὶ
3198 4213 3300 4277 μὲν
3332 4206 3577 4277 ἀγγέλων
3612 4207 3767 4275 λέγει

2182 4317 2306 4355 ται·
2365 4319 2384 4352 ι
2407 4300 2463 4353 '0
2507 4301 2678 4354 ποιῶν
2721 4317 2847 4365 τους
2894 4300 3160 4369 ἀγγέλους
3197 4297 3361 4353 αὐτοῦ
3397 4296 3706 4368 πνεύμαται
3741 4318 3759 4349 ι

2183 4388 2313 4460 περὶ
2361 4388 2419 4442 δὲ
2448 4386 2542 4442 τοῦ
2572 4386 2736 4441 Υίοῦν
2771 4406 2790 4441 ι
2812 4387 2872 4443 '0
2907 4388 3095 4461 θρόνος
3138 4406 3255 4453 σου,
3292 4391 3320 4442 6
3365 4388 3521 4454 Θεὸς,
3558 4391 3639 4452 είς
3672 4388 3765 4442 τὸν

2182 4478 2357 4535 αἰῶνα
2382 4478 2474 4532 τοῦ
2508 4480 2726 4548 αίὼνος,
2760 4499 2778 4532 ι
2823 4480 3087 4550 ὁμοειδεῖς
3109 4480 3167 4535 δὶ
3191 4480 3410 4551 ἄγγελοι
3440 4481 3535 4533 καὶ
3572 4483 3600 4534 ὀ
3634 4482 3761 4545 Υἱὸς

514 4563 636 4614 dem
666 4562 777 4615 sint
798 4563 992 4629 speciei
1022 4577 1143 4615 cum
1172 4562 1330 4629 Filio,
1359 4565 1482 4632 quia
1516 4566 1765 4619 nimirum
1796 4568 1916 4623 ideo
1940 4570 2081 4638 quod

2193 4571 2305 4626 κατ’
2339 4570 2598 4637 δκείνους,
2627 4571 2717 4629 διά
2763 4573 2825 4626 τὸ
2872 4571 3009 4644 πρὸς
3050 4572 3251 4637 αὐτοὺς
3295 4576 3353 4627 ἐν
3395 4572 3473 4645 τῷ
3503 4573 3762 4642 λέγεσθαι

514 4653 715 4707 dicitur
745 4653 957 4721 melior,
992 4668 1115 4708 cum
1149 4654 1233 4711 eis
1274 4668 1662 4725 comparatur:
1696 4660 1830 4715 nihil
1860 4662 2084 4718 obstite~

519 4744 589 4797 rit
633 4743 927 4812 quominus
968 4744 1129 4799 etiam
1181 4746 1357 4817 angeli
1400 4748 1610 4817 possint
1662 4751 1904 4807 assidere
1942 4753 2083 4818 Deo;

514 4836 732 4890 tametsi
780 4849 937 4889 nemo
964 4850 1151 4890 eorum
1201 4852 1319 4892 eam
1356 4838 1669 4909 dignitatem
1709 4841 1780 4895 sit
1822 4844 2080 4913 adeptus;

514 4927 848 4996 frustraque,
893 4938 949 4981 ut
990 4929 1281 4983 verisimile
1327 4939 1433 4993 est,
1480 4931 1677 4986 Paulus
1714 4934 1846 4989 dicit
1879 4954 1892 4989 :
1931 4956 1950 4987 ε
1982 4936 2080 4992 Cui

514 5017 658 5071 enim
720 5033 954 5085 unquam
1005 5020 1318 5089 angelorum
1377 5021 1561 5078 dixit:
1607 5022 1743 5080 Sede
1791 5043 1820 5081 a
1878 5029 2082 5085 dextris

2186 4659 2448 4731 κρείττων
2484 4660 2627 4730 ἔχειν
2675 4660 2776 4733 τὴν
2822 4661 3132 4730 σύγκρισιν·
3168 4661 3321 4719 οὐδὲν
3372 4662 3479 4733 ἀρα
3523 4662 3762 4717 κωλύσει

2185 4752 2278 4809 καὶ
2320 4752 2589 4821 ἀγγέλους
2630 4752 2891 4807 δύνασθαι
2944 4752 3375 4825 συγκαθεσθῆναι
3422 4753 3498 4826 τῷ
3538 4754 3680 4826 Θεῷ,
3712 4758 3762 4809 εἰ

2186 4843 2280 4899 καὶ
2303 4846 2375 4915 μή
2404 4862 2486 4909 τις
2508 4844 2687 4898 αὐτῶν
2711 4844 2915 4917 ἠξιώθη
2940 4844 3035 4902 τοῦ
3060 4846 3403 4919 πράγματος.
3422 4846 3534 4903 Καὶ
3557 4847 3760 4918 μάτην,

2185 4934 2260 4998 ὼς
2286 4936 2453 5005 εἰκὸς,
2483 4938 2512 4989 ὁ
2540 4936 2752 5000 Παῦλος
2779 4938 2965 5005 λέγει·
3001 4955 3020 4991 ε
3046 4936 3163 4991 Τίνι
3200 4938 3308 5009 γὰρ
3338 4934 3457 4992 εἶπέ
3489 4955 3618 4994 ποτε
3652 4940 3761 4995 τῶν

2184 5027 2431 5097 ἀγγέλων
2449 5046 2460 5057 ·
2486 5028 2669 5082 Κάθου
2693 5033 2756 5082 ὲκ
2777 5029 2965 5094 δεξιῶν
2997 5046 3128 5099 μους
3157 5030 3259 5084 ιἪ
3286 5030 3404 5093 πῶς
3426 5029 3582 5084 τοῦτο
3606 5032 3760 5087 δίδω·

514 5111 649 5163 meis
680 5111 739 5162 ‘?
770 5129 787 5160 ν
829 5112 935 5164 Aut
998 5113 1267 5179 quomodo
1335 5114 1461 5168 illud
1520 5125 1768 5185 tanquam
1820 5122 2077 5191 eximium

2193 5136 2272 5173 σιν
2298 5119 2373 5182 ὡς
2395 5120 2670 5193 ἐξαίρετον
2692 5121 2770 5191 τῷ
2794 5121 2926 5193 Υίῴ,
2956 5121 3219 5194 ἑλκούσης
3243 5121 3375 5176 αὐτὸ
3402 5123 3538 5193 πρὸς
3559 5124 3760 5196 ἑαυτὴν

518 5199 741 5267 largitur
770 5198 924 5264 Filio,
968 5202 1010 5255 si
1054 5202 1366 5271 angelorum
1411 5221 1625 5275 quoque
1670 5220 1860 5263 natura
1894 5213 1946 5266 id
1977 5214 2077 5270 sibi

2193 5210 2280 5263 καὶ
2312 5212 2410 5282 τῆς
2442 5212 2549 5265 τῶν
2588 5214 2836 5281 ἀγγέλων
2870 5213 3106 5283 φύσεως,
3141 5214 3298 5287 εἴπερ
3330 5214 3467 5268 είσὶν
3495 5217 3761 5286 ὁμοειδεῖς

512 5290 772 5357 vindicat,
819 5292 1083 5359 siquidem
1120 5292 1357 5361 ejusdem
1400 5307 1523 5350 sunt
1568 5313 1689 5352 cum
1727 5314 1790 5354 eo
1841 5303 2079 5369 speciei?

2193 5302 2317 5374 πρὸς
2350 5304 2542 5369 αύτόν;
2576 5305 2746 5358 Κοινά
2786 5306 2895 5377 γὶρ
2937 5306 3108 5361 ἅπασι
3155 5310 3269 5371 τοῖς
3309 5309 3578 5380 ὁμοειδέσι
3604 5310 3672 5364 τά
3703 5311 3760 5364 ὲν

512 5381 702 5437 Omnia
744 5382 886 5435 cnim
925 5384 1081 5438 unius
1112 5396 1312 5440 natura:
1342 5389 1621 5452 attributa,
1672 5405 1792 5444 cum
1825 5392 2075 5449 omnibus

2193 5398 2245 5464 τῇ
2282 5394 2416 5465 αύτῇ
2453 5396 2611 5463 φύσει
2644 5397 2979 5467 κείμενα.Τά
3000 5400 3058 5453 δὲ
3083 5401 3145 5453 ἐκ
3176 5401 3495 5473 προσθήκης
3524 5404 3758 5475 ἐπισυμ-

510 5470 745 5537 ejusdem
774 5474 968 5540 Spcciei
997 5486 1121 5528 sunt
1145 5480 1470 5531 coiumunia.
1498 5478 1871 5550 Prmrogativo:
1895 5494 2072 5539 autem

2193 5485 2435 5539 Ξαίνοντά
2454 5504 2564 5539 τισι
2593 5489 3060 5562 πλεονεκτήματα,
3087 5491 3188 5561 τῆς
3215 5492 3401 5557 οὐσίας
3449 5494 3548 5563 οὐχ
3586 5494 3752 5547 ἄπτε-

512 5578 631 5631 qum
676 5562 977 5630 adjectionc
1024 5567 1199 5636 aliqua
1231 5569 1460 5637 cuipiam
1515 5572 1808 5636 accidunt,
1840 5576 1904 5627 ad
1941 5576 2070 5630 sul)-

2193 5595 2287 5629 ται.
2322 5572 2447 5631 Οἷον
2482 5580 2579 5649 μία
2616 5582 2713 5650 μὲν
2740 5581 3045 5653 ἀνθρώποις
3081 5585 3114 5653 ὴ
3146 5583 3327 5652 φύσις,
3361 5562 3653 5639 πλουτοῦσι
3699 5586 3754 5639 δὲ

508 5656 755 5706 stantiam
801 5671 903 5709 non
949 5658 1237 5725 pertinent.
1291 5659 1531 5731 Exempli
1560 5664 1753 5734 gratia,
1805 5682 1908 5720 una
1953 5669 2071 5737 qui-

2193 5670 2237 5721 >ὐ
2272 5670 2491 5734 πάντες,
2520 5671 2646 5725 οὔτε
2688 5674 2795 5745 μὴν
2824 5674 3199 5744 βασιλεύουσι·
3232 5676 3470 5729 δεκτικοὶ
3511 5676 3568 5729 δὲ
3605 5678 3753 5748 ὅμως

580 5834 774 5887 "Gen.
802 5849 989 5900 xxxix,
1026 5836 1077 5888 6.
1154 5840 1201 5871 θ’
1227 5835 1367 5892 ι’δυι.
1403 5854 1545 5903 χειν,
1572 5841 1622 5895 5.
1702 5845 1743 5875 ⁹⁷
1786 5842 1941 5900 Prov.
1984 5862 2097 5913 vni,
2134 5849 2213 5903 i9.

2298 5851 2338 5875 °'
2372 5848 2531 5907 llclir.
2572 5870 2608 5914 ι,
2640 5854 2686 5905 7.

2770 5858 2811 5884 ’ν’
2858 5855 2997 5911 Psal.
3028 5871 3171 5923 utr,
3214 5858 3265 5910 7.
3349 5861 3359 5887 '
3395 5859 3554 5915 llclir.
3591 5877 3625 5915 ι.
3671 5862 3754 5917 15.
