3994 6324
273 433 373 485 545

1668 418 2098 476 I‘IIESAURUS.

3440 413 3474 467 3
3487 414 3544 468 ιδ

276 548 366 597 sui
395 543 602 596 τούτων
627 540 787 595 εἰσίν.
805 537 944 591 Ἀλλ’
963 537 1135 602 οὐδεὶς
1158 536 1443 607 επιτρέπει
1468 535 1576 600 τοῖς
1604 536 1856 637 ἀγγέλοις

1966 534 2085 589 dem
2114 543 2196 588 est
2231 534 2509 588 hominum
2554 541 2767 599 natura,
2809 540 2863 585 at
2895 546 2999 586 non
3032 542 3223 585 omnes
3254 537 3380 583 sunt
3408 545 3547 598 optt-

273 637 371 706 τὴν
404 634 535 689 Υίοῦ
570 634 731 697 δόξαν
761 634 945 702 φορεῖν
966 648 978 661 ·
1030 632 1059 683 ὁ
1107 629 1204 696 μὲν
1246 629 1354 699 γὰρ
1384 626 1679 697 Δεσπότης,
1708 626 1773 679 τὰ
1800 626 1857 678 δὶ

272 726 437 781 δοῦλα
481 726 762 794 τυγχάνει.
809 724 920 793 Οὐχ
967 721 1233 793 ὁμογενὴς
1280 719 1389 791 ἄρα
1442 722 1557 783 τοῖς
1606 719 1858 788 ἀγγέλοις

273 821 445 884 ἔστιν,
476 821 505 873 6
545 817 625 887 τῷ
666 816 869 891 Πατρὶ,
895 810 1309 886 ωμσασιλεὺων
1359 811 1453 866 καὶ
1506 810 1859 881 συγκαθήμε-

274 928 383 975 νος.

272 1112 481 1165 ΑΛΛΟ.
517 1112 647 1164 ἰυτι
682 1110 795 1177 οὐχ
834 1105 1105 1177 ὁμοφυὴς
1154 1104 1278 1171 τοῖς
1313 1104 1589 1174 ἀγγέλοις
1632 1104 1665 1155 ό
1702 1100 1853 1167 Υἱός.

343 1291 569 1359 Ποίημα
613 1289 706 1342 καὶ
754 1287 980 1359 ποιητὴς
1008 1286 1107 1341 οὐκ
1139 1287 1205 1341 ἄν
1239 1302 1370 1339 ποτε
1397 1284 1499 1355 τῆς
1530 1284 1704 1353 αὐτῆς
1747 1277 1860 1336 εἶεν

275 1380 513 1449 φύσεως.
540 1379 769 1448 Ἕτερον
814 1376 924 1447 γάρ
973 1392 1027 1428 τι
1072 1376 1133 1428 τὸ
1177 1376 1386 1438 ποιοῦν,
1422 1376 1517 1427 καὶ
1564 1373 1751 1443 ἕτερον
1802 1371 1860 1423 τὸ

275 1470 605 1541 ποιούμενόν
633 1473 799 1523 ἐστιν.
849 1470 911 1523 El
940 1468 1048 1539 γὰρ
1086 1468 1160 1538 μὴ
1189 1468 1362 1531 οὕτως
1391 1466 1526 1537 ἔχει,
1557 1466 1610 1519 τί
1636 1465 1696 1517 τὸ
1725 1463 1861 1516 διαι-

274 1560 407 1631 906v
431 1560 575 1614 κατὰ
598 1559 759 1628 φύσιν
789 1558 896 1611 τῶν
931 1556 1175 1628 γενητῶν
1205 1556 1294 1609 τὸν
1316 1554 1479 1621 Θεόν;
1515 1554 1647 1605 Ὅτε
1679 1551 1859 1605 τοίνυν

273 1654 454 1707 πάντα
492 1652 562 1706 δι’
592 1652 723 1706 Υἱοῦ
753 1655 781 1705 ὁ
799 1651 931 1716 Θεὸς
963 1652 1058 1704 καὶ
1089 1648 1279 1719 Πατὴρ
1298 1646 1613 1720 ἐργάζεται,
1641 1644 1700 1697 ἓν
1728 1644 1784 1697 δέ
1807 1661 1860 1697 τι

271 1742 384 1796 τῶν
415 1743 634 1796 πάντων
669 1743 787 1795 ἐστὶ
814 1741 967 1811 καὶή
1002 1740 1108 1794 τῶν
1137 1739 1385 1809 ἀγγέλων
1419 1738 1603 1807 φύσις,
1637 1737 1861 1806 γέγονεν

272 1837 385 1907 ἄρα
416 1835 482 1889 δι’
513 1833 643 1888 Υίοῦ
675 1835 770 1888 καὶ
805 1833 1121 1906 πεποίηται.
1156 1834 1269 1903 Οὐχ
1305 1833 1574 1903 ὁμογενὴς
1618 1826 1710 1883 οὖν
1748 1830 1860 1891 τοῖς

1963 623 2115 688 lenti,
2164 632 2260 677 aut
2292 638 2469 693 reges,
2503 622 2753 693 quamvis
2806 630 2987 675 tamen
3021 621 3186 674 etiam
3230 618 3545 673 earumdem

1962 729 2146 768 rerum
2194 714 2303 769 sint
2326 730 2579 783 capaces.
2612 714 2679 766 At
2718 727 2879 766 nemo
2913 710 3124 781 angelis
3154 708 3276 763 Filii
3314 708 3546 779 gloriam

1961 807 2168 863 deferet
2196 826 2210 860 :
2239 824 2363 862 nam
2391 808 2479 862 hic
2512 806 2798 869 Dominus,
2828 805 2900 858 illi
2932 818 3057 859 vero
3084 803 3221 858 servi
3254 814 3398 855 sunt.
3433 800 3548 857 Non

1959 907 2045 952 est
2074 897 2236 967 igitur
2277 897 2518 964 ejusdem
2552 896 2769 968 generis
2803 911 2929 951 eum
2973 894 3181 965 angelis
3228 892 3423 959 Filius,
3455 893 3545 963 qui

1961 1005 2066 1044 uua
2094 1004 2216 1044 cum
2247 988 2410 1043 Patre
2447 997 2637 1058 regnat
2670 988 2830 1057 eique
2872 987 3104 1042 assidet.

1961 1103 2129 1176 206
2156 1103 2388 1159 ALIUD.
2424 1102 2579 1169 Quod
2623 1118 2724 1176 non
2772 1101 3121 1176 a_i_t___ejusdent
3175 1111 3384 1153 natura:
3432 1114 3551 1152 cum

2538 1172 2741 1243 angelis
2778 1170 2976 1225 Filius.

2031 1289 2255 1345 Creator
2306 1296 2361 1343 et
2407 1298 2660 1342 creatura
2710 1300 2985 1355 nunquam
3046 1284 3291 1355 ejusdem
3345 1289 3555 1337 natura:

1961 1382 2183 1438 fuerint.
2221 1380 2385 1435 Aliud
2434 1380 2577 1434 enim
2610 1388 2694 1434 est
2729 1379 2780 1433 id
2828 1378 2970 1447 quod
3005 1386 3178 1443 creat,
3223 1374 3368 1428 aliud
3409 1376 3554 1443 quod

1962 1486 2199 1530 creatur.
2243 1472 2378 1526 Nam
2415 1471 2460 1526 si
2512 1485 2599 1526 res
2650 1470 2721 1523 ita
2763 1484 2822 1524 se
2853 1485 2957 1522 non
3005 1466 3257 1533 haberet,
3292 1463 3552 1534 quidnam

1965 1567 2324 1635 distingueret
2376 1563 2544 1617 Deum
2593 1562 2889 1617 aecumlum
2942 1568 3193 1614 naturam
3244 1571 3273 1609 a
3320 1552 3556 1609 creatis?

1963 1657 2095 1714 Cum
2134 1658 2299 1725 igitur
2322 1656 2461 1709 Deus
2486 1668 2549 1708 ac
2578 1652 2740 1708 Pater
2777 1651 2961 1705 omnia
3004 1665 3100 1721 per
3131 1647 3325 1703 Filium
3357 1658 3552 1715 operc-

1966 1759 2053 1804 tur
2083 1769 2097 1804 :
2131 1764 2295 1803 unum
2332 1763 2460 1802 vero
2507 1761 2574 1801 ex
2622 1744 2877 1800 omnibus
2909 1751 2994 1797 est
3040 1742 3204 1796 etiam
3239 1737 3553 1809 angelorum

1967 1854 2160 1898 natura
2190 1860 2202 1894 :
2232 1843 2373 1895 facta
2414 1839 2597 1907 itaque
2644 1848 2729 1892 est
2759 1844 2813 1891 et
2840 1846 3023 1891 creata
3057 1848 3153 1903 per
3188 1831 3407 1885 Filium.
3442 1828 3556 1883 [lae

271 1886 340 1981 εὖ
376 1927 544 1981 αὑτοῦ
572 1927 885 1997 γενομένοις
1026 1886 1119 1979 Ϋδιὰ.
1144 1886 1618 1994 τούζοαφανεῖται
1637 1940 1649 1953 ⁸
1698 1886 1856 1976 ἀλλ’ό

1967 1886 2160 1898 ....-...-
2191 1886 2202 1894 .
2232 1886 2373 1895 .---_
2415 1886 2595 1907 μή---
2649 1886 2728 1892 ν--
2767 1886 2812 1891 -_
2847 1886 2888 1891 --
3058 1886 3071 1903 ,
3103 1886 3117 1887 ,

1966 1935 2079 2003 ipsa
2108 1933 2270 2004 igitur
2301 1930 2509 1985 ratione
2546 1944 2650 1982 non
2677 1936 2762 1981 est
2802 1924 3047 1995 ejusdem
3087 1920 3302 1991 generis
3329 1933 3452 1974 cum
3488 1916 3557 1969 iis

275 2018 380 2087 μὶν
422 2019 645 2089 φορέσει
694 2018 789 2071 τοῦ
823 2015 1174 2088 Δημιουργοῦ
1206 2016 1302 2087 τὴν
1333 2016 1512 2081 ἀξίαν,
1557 2014 1624 2067 τὰ
1670 2013 1727 2067 δὲ
1764 2011 1861 2083 τὴν

272 2109 422 2163 κατὰ
465 2108 527 2162 τὸ
563 2108 896 2180 πεποιῆσθαι
947 2108 1211 2161 δουλείαν.
1248 2125 1267 2158 ι
1297 2107 1379 2161 Τὰ
1403 2106 1512 2178 γὰρ
1543 2104 1859 2175 σύμπαντα,

272 2203 430 2274 φησι,
458 2200 622 2256 δοῦλα
650 2218 767 2269 σου,
797 2219 817 2253 ι
848 2202 883 2271 ἠ
911 2200 1035 2255 θεία
1060 2199 1270 2270 Γραφή.

309 2402 519 2456 ΔΔΛΟ.
542 2403 673 2455 ὀτι
696 2401 809 2471 οὐχ
842 2400 1140 2471 ὁμογενὴς
1168 2398 1293 2466 τοῖς
1313 2399 1660 2471 ﬁnitoth
1683 2398 1819 2464 Υἱός

342 2472 446 2526 διὰ
478 2472 546 2525 τὸ
576 2468 862 2542 λέγεσθαι
874 2468 1167 2541 ’κρείττων
1184 2468 1385 2526 αὐτῶν
1403 2468 1785 2542 γεγενῆσθαι.

343 2582 461 2636 Πᾶν
483 2583 622 2653 ὅπερ
647 2582 715 2636 ἂν
743 2582 1002 2654 φαίνηται
1036 2582 1260 2651 γεγονὸς
1291 2580 1413 2635 κατ’
1433 2581 1642 2645 οὐσίαν,
1669 2580 1763 2635 καί
1783 2582 1863 2644 εἰς

270 2676 331 2727 τὸ
369 2676 445 2746 μὴ
476 2670 617 2728 εἶναι
644 2674 935 2745 καταλήξει
969 2674 1099 2727 ποτὲ
1120 2673 1449 2745 θελήσαντος
1480 2672 1575 2726 τοῦ
1594 2674 1863 2744 Δημιουρ-

272 2767 371 2836 γοῦ
394 2784 409 2798 ·
457 2768 552 2821 καὶ
599 2767 738 2837 ὅπερ
769 2765 835 2820 ἂν
873 2766 986 2837 ἔχοι
1013 2765 1177 2835 φύσιν
1218 2765 1313 2819 τοῦ
1361 2764 1555 2818 παθεῖν
1584 2764 1858 2834 δεκτικὴν,

271 2858 457 2925 πάθοι,
483 2859 551 2912 ἂν
583 2859 632 2911 εί
667 2858 762 2911 καὶ
793 2858 870 2929 μή
917 2876 1004 2913 πω
1046 2857 1305 2912 πέπονθε.
1340 2856 1413 2910 Τὸ
1445 2857 1502 2909 δὲ
1535 2856 1766 2925 πάσχειν
1797 2856 1859 2909 οὐ

270 2954 535 3023 πεφυκὸς,
570 2953 671 3005 οὐκ
700 2951 768 3005 ἄν
793 2969 840 3004 τι
884 2950 1047 3004 πάθοι
1083 2950 1237 3013 ποτὲ,
1271 2949 1367 3001 καὶ
1406 2947 1595 3019 ἕτερόν
1637 2965 1693 3000 τι
1719 2947 1861 3018 παρ’

270 3047 452 3101 ικείνό
484 3048 623 3099 ἔστι*
652 3045 746 3100 καὶ
790 3044 853 3097 τὸ
894 3043 981 3097 ἀεὶ
1023 3043 1286 3106 ὡσαύτως
1327 3042 1408 3107 ὃν,
1442 3040 1564 3095 οὔτε
1594 3039 1690 3093 τοῦ
1722 3036 1859 3093 εἶναι

271 3136 499 3207 ἡρξατο,
524 3133 649 3188 οὔτε
682 3134 789 3204 μὴν
830 3127 940 3186 οἶδε
984 3134 1074 3187 τὸν
1108 3134 1201 3186 ἐπὶ
1243 3132 1387 3185 τέλει
1420 3132 1640 3203 δρόμον,
1669 3130 1858 3201 ὥσπερ

1964 2039 2085 2093 qua:
2113 2039 2207 2093 per
2235 2023 2407 2092 ipsum
2442 2020 2583 2073 facta
2612 2026 2763 2084 sunt;
2786 2015 2883 2071 sed
2913 2014 3003 2069 hic
3031 2012 3251 2083 quidem
3276 2006 3555 2065 Creatoris

1964 2115 2278 2187 dignitatem
2321 2112 2609 2173 obtinebit,
2636 2112 2718 2165 hae
2743 2123 2872 2163 vero
2911 2122 2973 2161 ea
3026 2105 3237 2159 ratione
3275 2117 3382 2171 qua
3415 2100 3554 2153 facta

1963 2215 2110 2271 sunt,
2143 2206 2395 2261 servilem
2444 2203 2837 2259 conditionem.
2878 2217 2896 2251 ι
2929 2196 3198 2253 Universa
3242 2194 3388 2250 enim
3436 2206 3555 2246 ser-

1964 2303 2117 2356 viunt
2157 2300 2273 2365 tibi,
2313 2318 2332 2351 s
2370 2299 2547 2367 inquit
2579 2311 2735 2353 sacra
2782 2292 3064 2363 Scriptura
3090 2292 3132 2343 ¹.

1964 2413 2196 2471 ALIUD.
2246 2412 2402 2479 Quod
2436 2429 2541 2467 non
2576 2412 2643 2466 sit
2686 2408 2924 2481 ejusdem
2946 2404 3155 2481 generis
3198 2398 3556 2481 cunt_n_ttgelia

2027 2484 2206 2538 Filius
2249 2472 2368 2537 ideo
2395 2484 2523 2554 quia
2556 2472 2743 2535 melior
2767 2478 2901 2545 ipsis
2930 2472 3107 2538 {actus
3145 2490 3256 2528 esse
3287 2472 3509 2525 dicitur.

2034 2596 2309 2667 Quidquid
2368 2594 2667 2651 secundum
2725 2589 3085 2648 substantiam
3141 2600 3295 2641 suam
3348 2582 3556 2638 factum

1963 2698 2065 2753 est,
2086 2699 2259 2759 potest
2284 2688 2448 2742 etiam
2476 2684 2690 2740 volente
2712 2683 2976 2739 Creatore
3004 2682 3055 2734 in
3083 2677 3311 2734 nihilum
3346 2673 3552 2744 redigi;

1962 2791 2018 2837 et
2045 2782 2309 2851 quidquid
2339 2780 2504 2837 habet
2534 2788 2785 2835 naturam
2818 2774 3090 2845 passionis
3124 2784 3404 2840 capacem,
3438 2766 3554 2819 licri

1962 2883 2140 2942 potest
2196 2883 2253 2927 ut
2302 2873 2566 2943 patiatur,
2620 2869 2838 2925 tametsi
2895 2866 3135 2921 nondum
3194 2876 3411 2934 passum
3460 2859 3551 2914 sit.

1963 2958 2235 3033 Quidquid
2281 2974 2477 3019 natura
2519 2964 2599 3017 ita
2639 2971 3018 3030 comparatum
3051 2964 3158 3023 est,
3195 2966 3253 3008 ut
3284 2953 3397 3025 pati
3452 2965 3556 3005 non

1962 3057 2155 3126 possit,
2187 3064 2339 3111 certe
2364 3068 2642 3125 nunquam
2671 3053 2932 3124 patietur,
2965 3058 3020 3105 et
3058 3049 3339 3104 diversum
3367 3052 3453 3099 est
3489 3041 3557 3095 ab
3642 3120 3645 3121 ν

1965 3146 2055 3203 ἰΙΙο
2084 3166 2097 3203 :
2126 3158 2183 3202 et
2220 3147 2365 3218 quod
2412 3160 2628 3216 semper
2656 3146 2849 3200 eodem
2902 3144 3062 3196 modo
3101 3138 3338 3202 exsistit,
3380 3146 3561 3203 neque

270 3227 338 3281 τὰ
370 3226 466 3281 τοῦ
510 3224 650 3279 εἶναι
683 3224 987 3296 ἀρξάμενα.
1007 3222 1147 3277 Ἀλλ’
1180 3223 1280 3276 οὐκ
1328 3222 1393 3276 ἄν
1438 3239 1523 3285 τις
1564 3221 1707 3273 εἴποι
1737 3220 1856 3273 νοῦν

1966 3238 2262 3293 exsisteudi
2313 3236 2528 3292 initium
2562 3236 2774 3300 habuit,
2806 3248 2982 3302 neque
3030 3232 3097 3286 ad
3152 3230 3429 3285 interitum
3467 3233 3562 3280 aut

269 3319 433 3389 ιχων,
465 3317 535 3370 τὰ
559 3316 830 3386 τοσαύτην
858 3315 1052 3385 ἔχοντα
1081 3314 1218 3384 πρὸς
1249 3312 1455 3383 ἄλληλα
1496 3311 1596 3383 τὴν
1628 3302 1861 3365 ὲναντιόὲ

267 3428 432 3483 τητα,
472 3411 567 3464 καὶ
611 3408 755 3462 οὕτω
797 3406 941 3461 κατὰ
969 3406 1132 3476 φύσιν
1172 3403 1517 3475 διεστηκότα,
1545 3401 1760 3473 όμοφυῆ
1798 3418 1859 3454 τε

269 3502 547 3561 εἶναικαὶ
573 3502 675 3571 τῆς
701 3499 871 3571 αὐτῆς
904 3500 1171 3569 ὑπάρχειν
1217 3496 1425 3559 οὐσίας.
1460 3493 1524 3548 Ei
1556 3494 1735 3548 τοίνυν
1766 3494 1859 3546 επὶ

273 3596 375 3667 μιν
406 3593 518 3648 τῶν
547 3591 868 3663 ποιημάτων
892 3589 967 3653 ὡς
991 3586 1368 3657 ὑποκειμένων
1397 3585 1491 3639 καὶ
1509 3585 1683 3655 φθορᾷ
1706 3584 1862 3652 λέγε-

268 3707 399 3745 ται.
444 3705 464 3739 ι
496 3685 662 3739 Αὐτοὶ
707 3682 1056 3739 ἀπολοῦνταιο
1091 3700 1109 3733 s
1162 3679 1258 3733 ἐπὶ
1284 3679 1343 3734 δὲ
1369 3677 1465 3733 τοῦ
1498 3676 1667 3746 Υίοῦ,
1701 3677 1773 3731 Σὺ
1802 3676 1859 3730 δὲ

267 3781 565 3852 διαμένεις·
596 3778 827 3831 κάκεῖνα
865 3774 965 3847 μὶν
1010 3771 1481 3841 παλαιωθήσεται,
1511 3770 1587 3835 ὡς
1623 3768 1860 3840 γενητὴν

271 3874 466 3944 ῑχοντα
512 3870 611 3942 τὴν
658 3868 850 3939 φύσιν⁹
883 3864 977 3920 τοῦ
1012 3864 1071 3918 δὲ
1096 3862 1227 3918 Υἱοῦ
1263 3882 1282 3915 ι
1311 3862 1382 3916 τὰ
1426 3862 1519 3933 ἐτη
1554 3862 1655 3915 οὐκ
1680 3860 1859 3914 ὲκλεί-

268 3968 452 4038 ψουσιο
482 3985 503 4018 s
548 3963 665 4027 πῶς
710 3959 957 4035 όμοφυὴς
1001 3958 1157 4013 ἔσται
1208 3959 1321 4021 τοῖς
1366 3955 1621 4027 ἀγγέλοις
1652 3954 1857 4021 ὁΥίὸς,

269 4061 384 4122 τοῖς
429 4052 817 4127 πεποιημένοις
860 4053 890 4105 ὁ
941 4049 1193 4123 ποιητὴς,
1226 4050 1342 4114 τοῖς
1391 4045 1782 4117 γεγενημένοις
1830 4047 1860 4099 ό

268 4150 555 4220 ἀγένητος,
600 4149 715 4210 τοῖς
758 4142 1052 4216 παρελθεῖν
1097 4140 1420 4211 δυναμενοις
1447 4141 1476 4193 ό
1505 4137 1762 4202 αίώνιος;
1794 4137 1858 4190 El

269 4244 381 4313 γὰρ
414 4240 509 4294 καὶ
542 4237 808 4292 ἀθάνατόν
835 4252 888 4289 τι
929 4234 1117 4305 χρῆμα
1145 4235 1173 4286 ό
1200 4231 1433 4301 ἄγγελός
1482 4234 1599 4285 ἐστι
1644 4231 1731 4284 διὰ
1758 4230 1858 4299 τὴν

269 4333 414 4388 οὕτω
447 4330 708 4400 κειμένην
736 4328 821 4381 ἐπ’
844 4325 993 4396 αὑτῷ
1024 4324 1118 4378 τοῦ
1155 4324 1484 4394 ποιήσαντος
1511 4321 1766 4394 βούλησίν
1796 4338 1856 4374 τε

272 4425 367 4483 καὶ
398 4424 579 4493 χάριν,
604 4419 715 4473 ἀλλ’
743 4418 974 4487 ἐπείπερ
995 4415 1168 4488 ἀρχὴν
1194 4415 1287 4469 τοῦ
1318 4412 1457 4469 εἶναι
1489 4415 1621 4485 ἔχει,
1643 4413 1858 4468 δύναιτ’

269 4519 339 4572 ἂν
371 4516 469 4569 καὶ
524 4514 604 4575 είς
645 4510 797 4573 τέλος
846 4507 1041 4563 δλθεϊν.
1067 4507 1285 4571 Φύσεως
1318 4508 1376 4561 δὲ
1408 4508 1857 4579 πλεονεκτήματα

268 4611 384 4671 τοῖς
428 4603 643 4677 ἔχουσίν
680 4604 830 4656 ἔστιν
864 4601 1084 4672 ἰσχυρὰ,
1107 4600 1201 4654 καὶ
1232 4601 1354 4672 οὐχι
1402 4600 1480 4671 τῷ
1525 4598 1854 4669 πεποιηκότι

267 4698 631 4769 Θεῷ.”Ωσπερ
668 4690 760 4750 οὖν
790 4696 884 4748 καί
924 4693 987 4747 τὸ
1036 4692 1148 4765 πῦρ
1195 4692 1487 4747 καυστικδν
1534 4692 1634 4762 μέν
1685 4693 1855 4757 ἐστιν,

268 4790 387 4849 ἀλλ’
420 4790 483 4843 οὐ
518 4788 597 4859 τῷ
624 4787 773 4857 Θεῷ·
807 4786 951 4841 οὕτω
998 4786 1093 4840 καὶ
1134 4784 1365 4854 ἄγγελος
1414 4784 1680 4849 ἀθάνατος
1732 4785 1855 4855 μὲν,

269 4878 386 4934 ἀλλ’
414 4877 475 4931 οὐ
505 4875 584 4949 τῷ
606 4876 745 4947 Θεῷ.
776 4876 953 4941 Μόνος
976 4876 1086 4948 γὰρ
1113 4875 1277 4938 αὐτὸς
1321 4875 1527 4944 κυρίως
1564 4864 1855 4940 ἀθάνατος,

269 4969 522 5043 φυσικῶς
570 4968 731 5040 ἔχων,
783 4968 886 5021 οὐκ
926 4968 1036 5022 ἀπὸ
1080 4968 1324 5041 χάριτος,
1372 4966 1472 5039 τὴν
1530 4966 1855 5036 ἀσφάλειαν,

269 5064 461 5134 ὥσπερ
489 5060 559 5115 τὰ
585 5059 788 5132 γενητά

270 5351 477 5415 AAAO,
506 5347 657 5419 μετὰ
675 5346 1060 5414 ἀποδείξεως,
1081 5347 1181 5419 ᾼὸτι
1205 5346 1447 5416 ἄγγελοι
1468 5346 1585 5416 μὲν
1612 5344 1849 5414 δοῦλοι,

716 5419 1030 5487 Δεσπότης
1066 5417 1137 5471 δὲ
1176 5421 1209 5473 ό
1253 5420 1295 5472 Υ
1298 5419 1408 5483 ἰός.

344 5535 403 5588 Εἰ
430 5534 606 5597 οὐδεὶς
639 5533 862 5587 δύναται
888 5534 1105 5601 ἀφεῖναι
1134 5531 1428 5604 ἁμαρτίας,
1450 5534 1498 5586 εί
1530 5535 1605 5605 μὴ
1638 5532 1797 5605 μόνος
1822 5534 1852 5586 ὁ

267 5625 419 5689 Θεὸς,
453 5623 650 5695 ἀφίησι
678 5624 735 5676 δὲ
760 5627 788 5677 ό
812 5623 958 5687 Υἱὸς,
990 5624 1122 5686 Θεὸς
1148 5624 1278 5693 ἄρα,
1310 5622 1403 5675 καὶ
1431 5624 1491 5676 οὑ
1531 5627 1644 5687 τοῖς
1696 5624 1853 5694 ποιή-

271 5733 432 5785 μασιν
482 5715 1099 5788 ιναρίθμιος.’Λγγελοι
1154 5716 1252 5785 μὲν
1299 5717 1406 5786 γὰρ
1459 5718 1846 5788 προσεύχονται

337 5859 355 5890 ¹
394 5857 535 5913 l’sal.
562 5871 754 5925 cn'm,
791 5856 878 5914 9i.
958 5858 1025 5889 ³⁸³
1059 5857 1199 5914 I‘sal.
1239 5860 1426 5925 (;1,⁴27,
1456 5861 1547 5915 ‘28.

1885 4564 1932 4621 D

1964 3327 2125 3381 littem
2166 3341 2390 3396 vergere
2415 3335 2615 3396 potest,
2649 3322 3108 3396 quemadmodum
3147 3319 3236 3373 illa
3263 3333 3385 3389 ριιω
3414 3318 3558 3371 exsi-

1962 3419 2137 3473 steudi
2166 3417 2379 3473 initium
2412 3418 2740 3472 habuerunt.
2791 3417 2955 3486 Atqui
2989 3429 3149 3469 nemo
3178 3426 3325 3467 sana:
3357 3411 3560 3466 mentis

1962 3508 2162 3564 dixerit
2199 3521 2263 3562 ea
2294 3523 2416 3578 quae
2467 3508 2602 3563 adeo
2628 3506 2903 3563 contraria
2932 3505 3074 3559 inter
3102 3519 3161 3559 se
3192 3489 3340 3566 sunt,
3365 3510 3421 3557 ct
3446 3516 3561 3556 tan-

1962 3610 2148 3672 topere
2177 3610 2376 3656 natura
2404 3600 2690 3667 dissident,
2722 3599 2968 3670 ejusdem
3006 3607 3216 3652 naturae
3239 3604 3405 3665 atque
3432 3593 3560 3650 sub-

1961 3694 2177 3749 stantia:
2206 3707 2352 3749 esse.
2403 3692 2463 3749 Si
2508 3708 2641 3764 ergo
2689 3692 2758 3747 de
2796 3690 3088 3756 creaturis,
3134 3697 3321 3760 utpote
3361 3701 3560 3743 corru-

1960 3785 2133 3857 ptioni
2159 3785 2432 3855 obnoxiis,
2458 3785 2663 3841 dicitur
2693 3804 2707 3840 :
2747 3804 2767 3838 (
2794 3784 2914 3856 Ipsa
2940 3784 3234 3854 peribunt;
3269 3801 3287 3835 ι
3321 3782 3387 3838 de
3419 3779 3559 3835 Filio

1962 3887 2143 3935 autem
2190 3896 2204 3934 :
2255 3898 2274 3931 ‹
2328 3877 2410 3934 Tu
2440 3894 2576 3935 vero
2609 3893 2904 3951 permaneo
2927 3916 2942 3943 ,
2984 3896 3004 3931 ι
3049 3886 3108 3933 et
3140 3895 3160 3929 ι
3186 3874 3309 3947 ipsa
3343 3885 3557 3928 vetera-

1960 3980 2116 4027 seent
2141 4010 2157 4037 ,
2192 3988 2213 4023 s
2272 3979 2466 4042 utpote
2509 3982 2753 4028 creatam
2795 3970 3053 4026 habentia
3101 3977 3396 4033 naturam;
3434 3964 3555 4019 Filii

1961 4077 2091 4119 vero
2116 4081 2136 4115 ι
2167 4063 2299 4118 anni
2335 4077 2445 4118 non
2480 4062 2734 4119 deficient
2756 4061 2867 4117 ὀδε
2901 4081 2920 4116 ι
2960 4060 3231 4131 quomodo
3265 4060 3372 4114 erit
3418 4058 3560 4124 ejus-

1960 4152 2083 4208 dem
2122 4162 2331 4208 uatura:
2371 4165 2495 4207 cum
2534 4153 2743 4225 angelis
2782 4152 2974 4219 Filius,
3001 4168 3122 4207 cum
3160 4148 3395 4205 conditis
3427 4161 3557 4201 eon-

1950 4240 2123 4306 'ditor,
2164 4256 2287 4295 eum
2335 4241 2538 4296 creatis
2576 4251 2815 4307 creator,
2870 4257 2996 4297 cum
3027 4238 3362 4295 transltoriis
3398 4244 3560 4291 aster-

1959 4334 2101 4390 nus?
2127 4333 2261 4388 Nam
2288 4334 2392 4389 etsi
2436 4334 2661 4405 angelus
2707 4334 3019 4389 immortale
3046 4332 3303 4403 quiddam
3341 4329 3431 4392 sit,
3476 4326 3557 4381 id-

1960 4441 2067 4495 que
2099 4441 2165 4480 ea
2200 4425 2477 4482 voluntate
2505 4423 2561 4481 et
2590 4425 2857 4481 beneﬁcio
2887 4422 3188 4488 Creatoris,
3218 4436 3341 4477 cum
3372 4432 3554 4475 tamen

1963 4520 2257 4575 exsistendi
2301 4519 2627 4591 principium
2677 4518 2897 4584 habeat,
2944 4526 3126 4588 potest
3175 4515 3339 4570 etiam
3392 4510 3555 4567 linem

1959 4610 2168 4667 sortiri.
2195 4608 2485 4666 Naturales
2515 4610 2663 4665 enim
2694 4608 3094 4681 praerogativae,
3123 4620 3244 4671 qua:
3276 4601 3555 4659 nonnullis

1960 4703 2230 4758 creaturis
2259 4701 2467 4767 insunt,
2500 4702 2693 4757 valida:
2724 4710 2851 4755 sunt
2882 4718 2896 4755 :
2927 4698 3070 4768 apud
3102 4696 3271 4751 Deum
3298 4709 3432 4749 vero
3463 4693 3556 4763 qui

1958 4811 2053 4851 eas
2085 4796 2311 4863 creavit,
2353 4796 2491 4851 nihil
2522 4806 2670 4853 sunt.
2712 4792 3179 4862 Quemadmodum
3217 4790 3382 4861 igitur
3412 4788 3555 4857 ignis

1961 4887 2151 4941 urendi
2187 4887 2296 4942 vim
2328 4887 2512 4953 habet,
2549 4887 2646 4941 sed
2677 4902 2783 4941 non
2825 4885 2975 4951 Deo;
3013 4884 3089 4938 ita
3122 4891 3177 4937 et
3203 4880 3425 4951 angelus
3456 4879 3559 4932 im-

1960 4977 2210 5034 mortalis
2240 4980 2459 5049 quidem
2498 4988 2610 5046 est,
2643 4979 2736 5036 sed
2779 4992 2883 5033 non
2923 4977 3054 5031 Deo.
3087 4973 3206 5045 ipse
3233 4974 3376 5028 enim
3407 4971 3556 5027 solus

1961 5068 2181 5137 proprie
2222 5077 2307 5124 est
2353 5069 2700 5135 immortalis,
2750 5066 3091 5131 naturaliter,
3149 5080 3254 5120 non
3285 5078 3382 5135 per
3428 5078 3554 5133 gra-

1967 5159 2097 5212 tiam
2128 5170 2487 5227 utcreatura,
2516 5162 2825 5217 ﬁrmitatem
2865 5162 3010 5217 illam
3045 5170 3098 5216 et
3133 5157 3550 5230 perpetuitatem

1964 5247 2016 5302 in
2054 5262 2113 5305 se
2153 5252 2378 5307 habens.

1962 5359 2197 5430 ALIUD,
2225 5379 2360 5434 cunt_
2378 5365 2848 5430 demonstratione,
2880 5366 3019 5434 quod
3049 5363 3223 5434 angeli
3252 5363 3357 5417 sint
3389 5361 3547 5426 servi,

2319 5432 2493 5490 Filius
2524 5452 2666 5501 vero,
2700 5432 2979 5490 Dominus.

2033 5542 2090 5597 Si
2127 5559 2285 5599 nemo
2316 5555 2493 5614 potest
2531 5548 2812 5602 remittere
2847 5556 3095 5617 peccata,
3132 5544 3294 5615 205
3325 5544 3425 5600 nisi
3458 5558 3547 5597 so-

1959 5632 2043 5685 lus
2086 5633 2247 5699 Deus,
2300 5636 2531 5690 remittit
2580 5651 2710 5692 vero
2764 5636 2935 5692 Filius
2970 5656 2982 5690 :
3016 5637 3161 5691 Deus
3209 5638 3389 5706 itaque
3442 5646 3547 5697 est,

1960 5738 2133 5795 neque
2163 5727 2437 5785 creaturis
2468 5729 2933 5785 annumerandus.
2970 5732 3159 5801 Angeli
3188 5730 3332 5786 enim
3366 5739 3548 5793 orant,
