3994 6324
290 423 399 481 349

1709 420 2161 479 THESAURUS.

3484 434 3588 488 550

288 546 629 616 Παράθεσις
667 544 896 616 ῥητῶν,
927 544 1056 613 περί
1102 543 1558 616 ἀνθρωπότητος
1596 543 1870 611 Χριστοῦ.

1989 543 2266 613 Appendix
2314 544 2578 616 dictarunt
2638 544 2710 616 de
2759 544 3089 616 huinanilale
3145 544 3385 616 Christi;
3448 564 3595 615 pra-

360 614 457 671 καὶ
498 614 683 681 ,ιύσιῤ
722 614 945 683 ἐφεξῆς
991 619 1077 680 εἰς
1114 616 1203 679 τὸ,
1242 633 1259 666 ι
1291 615 1564 678 Τοσούτῳ
1594 617 1879 683 κρείττων

357 691 685 757 γενόμενος
722 686 840 739 τῶν
874 685 1163 755 ἀγγέλων.
1196 703 1213 735 ι

360 801 485 854 Ὀτι
518 801 577 852 τὸ
612 818 628 849 ι
657 798 920 869 κρείττων
952 817 970 848 ι
1021 796 1208 857 ἐνθάδε
1258 795 1564 865 τιθέμενον,
1600 795 1709 847 τῶν
1762 794 1878 848 δια-

287 891 525 945 κονικῶν
556 888 799 959 εἰσφέρει
832 888 931 959 τὴν
950 884 1257 957 σύγκρισιν,
1291 885 1636 955 γνωσόμεθα,
1660 882 1875 937 Παύλου

210 1016 219 1024 -
286 982 577 1049 λέγοντος’
614 1000 632 1031 ι
665 980 726 1033 Ei
780 980 886 1049 γὰρ
937 978 967 1030 6
1010 978 1077 1030 δι’
1110 976 1357 1045 ἀγγέλων
1403 975 1651 1046 λαληθεὶς
1698 975 1873 1043 λόγος,

286 1074 512 1141 ἐγένετο
543 1071 780 1140 βέδαιος,
817 1072 911 1123 κει)⁵
955 1072 1108 1124 πᾶσα
1148 1068 1461 1139 παράϐασις
1496 1067 1590 1121 καὶ
1620 1066 1874 1137 παρακοὴ

284 1167 482 1222 nast
503 1164 707 1218 ἔνδικον
726 1161 1170 1234 μισθαποδοσίαν,
1191 1160 1306 1223 πῶς
1325 1162 1485 1231 ήμεῖς
1500 1159 1876 1229 ἐκφευξόμεθα

282 1258 543 1326 τοιαύτης
569 1255 943 1326 ἀμελήσαντες
966 1254 1271 1324 σωτηρίας,
1298 1253 1419 1323 ἥτις
1439 1252 1616 1322 ἀρχὴν
1636 1250 1875 1305 λαὸοῦσα

282 1348 565 1404 λαλεῖσθαι
616 1348 704 1401 διὰ
743 1346 841 1401 τοῦ
874 1345 1103 1417 Κυρίου,
1130 1345 1235 1398 ὑπὸ
1262 1345 1371 1398 τῶν
1402 1343 1753 1397 ἀκουσάντων
1794 1345 1874 1407 είς

282 1442 432 1511 ἡμᾶς
459 1438 785 1507 ὲὸεόαιώθη;
820 1457 840 1490 ι
878 1438 988 1492 Καὶ
1010 1437 1172 1491 πάλιν
1193 1452 1206 1466 ⁸
1244 1456 1261 1487 ι
1285 1435 1580 1503 ’Δθετήσας
1601 1452 1685 1497 τις
1709 1428 1874 1505 νόμον

280 1532 549 1597 Μωσέως,
568 1532 734 1602 χωρὶς
761 1528 1061 1601 οἰκτιρμῶν
1080 1529 1169 1582 ἐπὶ
1194 1528 1346 1582 δυσὶν
1376 1527 1575 1597 ἢπρισὶ
1604 1526 1872 1598 μάρτυσιν

281 1629 647 1699 ἀποθνήσκει.
680 1628 839 1697 Πόσῳ
878 1626 1084 1679 δοκεῖτε
1114 1624 1357 1695 χείρονος
1391 1623 1754 1695 ἀξιωθήσεται
1786 1641 1869 1676 τι-

283 1722 500 1790 μωρίας
529 1722 558 1772 6
585 1719 676 1771 τὸν
705 1718 831 1771 Υίδν
860 1717 954 1770 τοῦ
987 1717 1121 1770 Θεοῦ
1155 1718 1547 1785 καταπατήσας
1572 1732 1586 1779 ;
1620 1736 1637 1767 ι
1676 1716 1871 1769 Καίτοι

279 1811 331 1863 εί
381 1810 471 1863 διά
522 1810 583 1862 τὸ
632 1808 919 1879 κρείττονα
951 1806 1202 1875 λέγεσθαι
1246 1805 1354 1859 τῶν
1391 1806 1639 1874 ἀγγέλων
1682 1807 1865 1869 αὑτὸν,

278 1896 426 1954 εἶναι
450 1901 531 1953 δεῖ
558 1898 775 1962 πάντως
820 1898 1001 1961 αὐτοῖς
1030 1898 1125 1951 καὶ
1152 1896 1367 1967 ὁμοφυῆ
1401 1896 1479 1966 (αί
1504 1896 1613 1968 γάρ
1644 1897 1872 1968 συγκρίο

280 2010 399 2055 σεις
416 1992 511 2044 ἐπὶ
525 1992 631 2044 τῶν
659 1990 909 2060 ἀλλήλοις
926 1989 1326 2062 προσεοικότων
1344 1988 1557 2057 φιλοῦσι
1575 1989 1872 2060 γίνεσθαι),

276 2084 329 2135 τί
362 2081 569 2151 μᾶλλον
601 2080 706 2134 ἔδει
742 2080 987 2151 χείρονος
1025 2077 1308 2143 ἀξιοῦσθαι
1344 2080 1615 2149 τιμωρίας
1648 2078 1739 2132 τὸν
1776 2097 1875 2132 κα-

274 2173 626 2227 ταπατοῦντα
678 2174 771 2226 τὸν
816 2172 962 2233 Υίὸν,
997 2172 1057 2224 οὐ
1107 2171 1365 2241 τοιαύτης
1418 2172 1739 2241 μετέχοντος
1780 2171 1873 2225 τοῦ

276 2264 726 2327 καταπατοῦντος
772 2264 899 2327 τοὺς
944 2262 1213 2329 ἀγγέλους
1252 2262 1339 2315 διὰ
1379 2263 1478 2331 τῆς
1507 2262 1875 2334 παραδάσεως

272 2355 370 2408 τοῦ
399 2354 724 2423 λαληθέντος
750 2352 1003 2423 νόμου;δι’
1023 2350 1202 2405 αὐτῶν
1223 2369 1237 2418 ;
1266 2351 1325 2403 '0
1345 2350 1452 2421 γὰρ
1474 2352 1554 2415 εἰς
1574 2353 1697 2415 τοὺς
1724 2354 1876 2415 ἴσους

275 2448 371 2500 καὶ
408 2446 674 2516 ὁμοειδεῖς
709 2443 1030 2514 ὲξυὸρίζων,
1058 2446 1157 2514 τῆς
1194 2444 1365 2515 αὐτῆς
1400 2444 1467 2497 ἂν
1492 2445 1721 2508 εἰκότως
1748 2462 1877 2514 μετ-

276 2539 394 2606 έχοι
425 2536 719 2606 τιμωρίας,
752 2536 847 2588 καὶ
876 2529 937 2611 οὗ
968 2534 1077 2587 τῶν
1108 2533 1479 2605 ἀδικουμένων
1504 2534 1603 2587 οὐκ
1629 2534 1745 2587 ἐστι
1766 2536 1874 2589 δια-

274 2628 439 2697 φορὰ,
456 2626 551 2678 καὶ
579 2627 685 2678 τῶν
718 2626 993 2679 κολάσεων
1022 2625 1277 2695 ὁμοιότης
1293 2626 1529 2693 εὐλόγως
1547 2626 1612 2678 ἂν
1635 2627 1871 2693 γένοιτο.

274 2719 413 2771 Νυνὶ
456 2716 514 2768 δὲ
558 2718 586 2768 ὁ
622 2717 722 2787 μὲν
761 2717 840 2779 είς
890 2716 978 2768 τὸν
1012 2715 1139 2767 Υἱδν
1182 2715 1596 2785 ἐξαμαρτάνων,
1631 2716 1876 2787 χείρονος

275 2808 647 2877 ἀξιωθήσεται
677 2808 949 2878 τιμωρίας
970 2824 981 2835 ·
1014 2809 1042 2859 ὁ
1070 2808 1124 2859 δὲ
1155 2810 1233 2870 εἰς
1256 2807 1345 2859 τὸν
1379 2808 1469 2860 ὑπ’
1496 2810 1746 2875 ἀγγέλων
1778 2809 1875 2861 λα-

274 2897 515 2968 ληθέντα
575 2899 756 2966 νόμον,
788 2898 1087 2957 ἐλάττονος.
1121 2896 1234 2963 Οὐχ
1285 2896 1552 2966 ὁμογενὴς
1604 2896 1712 2967 ἄρα
1763 2899 1875 2959 τοῖς

274 2990 531 3058 ἀγγέλοις
564 2991 793 3054 ἐκεῖνος,
820 2992 899 3052 είς
936 2990 995 3041 δν
1028 2988 1123 3041 καὶ
1161 2982 1343 3056 μεῖζόν
1374 2989 1489 3041 ἐστι
1531 2989 1593 3041 τὸ
1626 2989 1876 3059 ἁμαρτά-

272 3098 380 3133 νειν
401 3098 415 3111 ’
445 3081 541 3134 καὶ
573 3081 634 3133 τὸ
666 3080 937 3150 τιμωρίας
976 3080 1194 3149 μέτρον,
1230 3076 1509 3146 ἀναλόγως
1539 3081 1603 3149 τῇ
1633 3080 1873 3151 ὑπεροχῇ

273 3172 360 3226 τοῦ
397 3173 745 3244 πατηθέντος
770 3173 1066 3226 ὲκτίνεται.

970 3463 1174 3516 AAAO.

560 3575 659 3638 Ὠς
695 3574 765 3639 ἐξ
801 3575 1165 3643 ἀντιθέσεως
1202 3578 1289 3642 είς
1328 3575 1396 3629 τὸ
1432 3576 1600 3630 αὑτό.

338 3688 625 3756 Χείρονος,
659 3689 842 3753 φασιν,
880 3686 1127 3751 ἀξιοῦται
1178 3690 1449 3757 τιμωρίας
1492 3692 1521 3739 6
1568 3686 1873 3757 ἐξαμαρτά-

272 3796 373 3831 νων
406 3780 490 3839 είς
517 3777 611 3828 τὸν
641 3777 789 3839 Υἰὺν,
817 3776 891 3839 ὠς
922 3779 1001 3839 εἰς
1040 3778 1263 3845 μείζονα
1285 3778 1393 3830 τῶν
1421 3777 1873 3845 ἀγγέλων.Τοῦτο

271 3868 325 3919 δὲ
350 3867 515 3920 αὑτὸν
536 3867 598 3919 οὐ
623 3868 840 3928 πάντως
863 3867 966 3930 ἔξω
986 3869 1086 3937 τῆς
1110 3870 1246 3938 πρὸς
1268 3869 1533 3937 ἀγγέλους
1555 3869 1874 3940 ὀμογενείας

273 3958 529 4026 γενέσθαι
560 3961 725 4016 grossi.
746 3958 1052 4027 Ἀναλόγως
1090 3959 1198 4031 γὰρ
1226 3963 1293 4031 τῇ
1326 3961 1540 4030 ἑκάστῳ
1566 3980 1873 4033 χρεωστου-

278 4051 416 4120 μένῃ
450 4051 584 4119 τιμῇ
608 4050 701 4101 καὶ
728 4050 759 4119 ὴ
787 4050 865 4111 είς
888 4050 1048 4102 αὑτὸν
1075 4049 1231 4121 ὕϐρις
1258 4052 1626 4121 ἐκμετρεῖται.
1648 4054 1871 4126 Ἐπειδὴ

272 4142 454 4194 τοίνυν
507 4142 772 4209 κρείττων
823 4143 1016 4210 γέγονε
1071 4142 1182 4194 τῶν
1231 4144 1479 4211 ἀγγέλων
1508 4148 1535 4197 6
1573 4146 1721 4209 Υίὸς,
1759 4146 1887 4217 ἔχει.

276 4233 592 4305 βαρυτέρως
618 4234 715 4305 τὴν
747 4235 1019 4306 τιμωρίαν
1048 4238 1075 4288 6
1105 4238 1185 4298 είς
1218 4238 1381 4288 αὑτὸν
1415 4238 1833 4309 ἐξαμαρτάνων.

516 4348 672 4413 Πρὸς
714 4347 901 4403 ταῦτα
939 4348 1121 4414 λύσις
1160 4350 1228 4402 ἐκ
1270 4350 1375 4403 τοῦ
1420 4352 1628 4405 αὑτοῦ.

358 4461 557 4529 Ἐχρῆν
588 4456 679 4513 οὖν
711 4459 803 4512 ἐπὶ
842 4463 906 4529 τῇ
960 4461 1271 4530 παραϐάσει
1315 4464 1423 4515 τῶν
1449 4466 1687 4534 νομικῶν
1721 4464 1869 4519 ἐντο-

270 4550 400 4613 λῶν,
445 4550 518 4621 μὴ
545 4551 823 4619 ἀναλόγως
854 4552 967 4611 τοῖς
998 4550 1434 4622 πλημμελήμασι
1463 4555 1559 4618 τὰς
1598 4558 1870 4626 τιμωρίας

269 4642 570 4712 ὁρίζεσθαι,
606 4642 741 4709 μηδὲ
778 4640 994 4705 πάντως
1040 4641 1117 4710 τῷ
1174 4644 1395 4713 μεγέθει
1448 4645 1548 4715 τῆς
1595 4648 1870 4719 ἁμαρτίας

274 4735 707 4805 συμμετρεῖσθαι
749 4736 848 4806 τὴν
898 4734 1140 4797 κόλασιν,
1175 4734 1308 4791 ἀλλὰ
1352 4737 1553 4807 μᾶλλον
1594 4740 1870 4809 ὁρίζεσθαι

272 4828 411 4898 πρὸς
436 4829 534 4897 τὴν
563 4828 720 4893 ἀξίαν
744 4827 837 4880 τοῦ
866 4828 1291 4899 διακονήσαντος
1328 4830 1497 4899 αὐτὴν
1522 4832 1777 4899 ἀγγέλου.
1807 4835 1867 4887 Εἰ

266 4919 325 4971 δὲ
348 4918 507 4971 τοῦτο
545 4919 643 4987 μὲν
676 4920 774 4988 οὐχ
811 4920 1033 4989 ὁρῶμεν
1060 4922 1374 4990 γενόμενον,
1415 4918 1494 4986 εἷς
1535 4925 1590 4977 δὲ
1624 4928 1651 4977 6
1682 4926 1867 4996 νόμος,

270 5011 483 5064 πολλῶν
516 5012 685 5064 ὄντων
711 5013 982 5079 ἀγγέλων,
1012 5014 1106 5065 καὶ
1131 5014 1218 5065 διά
1247 5014 1357 5066 τῶν
1385 5015 1565 5067 αὐτῶν
1588 5018 1868 5088 τιμωριῶν

267 5103 451 5173 τρέχει
478 5103 544 5155 τὰ
569 5105 943 5175 ἁμαρτήματα
961 5121 974 5134 ·
999 5105 1098 5157 οὐκ
1120 5104 1229 5177 ἄρα
1250 5106 1450 5175 ἀληθὲς
1471 5109 1529 5159 τὸ
1554 5109 1863 5180 λεγόμενον,

268 5195 349 5246 ὅτι
396 5195 640 5265 χείρονος
689 5196 1051 5269 ἀξιωθήσεται
1106 5201 1377 5271 τιμωρίας
1428 5204 1455 5255 ὁ
1502 5204 1581 5266 είς
1615 5204 1704 5257 τὸν
1743 5205 1867 5257 Υἱὸν

271 5287 684 5355 ἐξαμαρτάνων,
717 5290 793 5353 ὡς
842 5293 919 5353 εἰς
970 5291 1258 5361 κρείττονα
1288 5293 1395 5347 τῶν
1426 5296 1695 5363 ἀγγέλων,
1738 5296 1865 5351 ἀλλ’

268 5378 345 5439 ὡς
393 5379 472 5440 είς
521 5380 789 5449 ἑτεροφυᾶ
838 5384 930 5435 καὶ
973 5384 1107 5436 πολὺ
1147 5385 1617 5457 παρηλλαγμένον.
1652 5390 1714 5441 Ol
1766 5390 1863 5460 μὲν

270 5472 380 5541 γὰρ
402 5472 639 5539 γενητοὶ,
662 5473 690 5523 ὁ
717 5473 772 5525 δὲ
801 5474 932 5538 Θεὸς
963 5475 1239 5544 ἀληθινὸς,
1274 5479 1333 5530 οὗ
1362 5478 1468 5531 τῶν
1496 5481 1738 5551 γενητῶν
1759 5476 1859 5545 εἷς,

272 5562 392 5616 οὐδὲ
418 5563 554 5633 πρὸς
587 5566 727 5640 αὑτᾲ
754 5566 851 5637 τὴν
886 5568 1175 5640 σύγκρισιν
1208 5570 1374 5641 ἔχων
1409 5572 1521 5625 ἀλλ’
1549 5575 1768 5647 ὅσῳπερ
1797 5575 1863 5630 ἂν

274 5655 436 5719 αὐτὸς
472 5656 892 5732 ἀξιολογώτερος
926 5664 1193 5731 φαίνεται,
1230 5667 1469 5736 τοσούτῳ
1518 5670 1722 5736 μείζονι
1770 5673 1861 5724 καὶ

344 5832 386 5865 ¹⁹
414 5834 577 5890 ilcbr.
616 5853 674 5898 Il,
708 5842 760 5900 2.
803 5843 854 5896 3.
938 5845 978 5874 ⁸³
1012 5842 1173 5899 ilcbr.
1216 5863 1267 5908 χ.
1296 5847 1387 5909 28,
1415 5848 1499 5900 ΞΟ,

2062 624 2211 685 terea
2257 614 2448 668 solutio
2503 616 2616 682 ejus
2678 614 2857 667 dicti:
2896 632 2915 666 ι
2952 613 3122 669 Tanto
3172 611 3360 671 σκιῶν
3410 611 3590 685 factus

2058 683 2280 751 angelis.
2318 703 2335 736 ι
2571 750 2574 753 ν

2058 792 2212 860 Quod
2259 810 2361 849 vox
2406 813 2424 846 ι
2466 794 2679 859 melior,
2721 813 2739 845 ι
2768 808 2833 847 eo
2865 793 2984 849 loco
3011 797 3208 864 posita,
3241 797 3597 852 administra—

1988 888 2194 941 tionum
2248 887 2711 955 comparationem
2761 887 3050 955 significet,
3098 887 3473 956 intelligemus,
3520 904 3586 944 ex

1987 979 2154 1033 Paulo
2194 978 2451 1034 dicente:
2494 996 2513 1030 ι
2553 976 2609 1032 Si
2645 980 2791 1033 enim
2840 982 2932 1048 qui
2986 996 3081 1047 per
3130 980 3354 1047 angelos
3405 980 3589 1036 dictus

1984 1076 2071 1122 est
2099 1083 2306 1131 sermo,
2351 1067 2529 1122 factus
2570 1076 2657 1123 est
2690 1066 2900 1133 llrnuts,
2932 1081 2985 1124 et
3032 1070 3079 1125 si
3108 1070 3288 1124 omnis
3322 1074 3586 1137 pravari-

1986 1162 2128 1215 catio
2155 1173 2221 1217 et.
2250 1161 2621 1216 inobedientia
2666 1164 2879 1231 accepit
2908 1164 3117 1233 justam
3158 1163 3580 1218 retributionem

1986 1252 2274 1317 mercedis,
2310 1254 2590 1322 quomodo
2629 1268 2729 1309 nos
2772 1251 3117 1324 effugiemus,
3155 1254 3199 1308 si
3236 1261 3446 1308 tantam
3486 1269 3585 1309 ne-

1984 1343 2311 1412 glexerimus
2357 1344 2589 1401 salutem
2658 1360 2799 1415 qua,
2844 1361 2966 1401 cum
3023 1346 3238 1400 initium
3287 1346 3589 1416 accepisset

1982 1434 2225 1487 enarrari
2273 1449 2369 1503 per
2422 1436 2733 1503 Dominum,
2790 1438 2857 1492 ab
2904 1438 2984 1492 eis
3026 1437 3119 1507 qui
3170 1437 3486 1503 audierunt,
3531 1436 3585 1491 in

1984 1539 2082 1577 nos
2127 1525 2447 1579 conﬁrmata
2482 1534 2566 1580 est
2591 1526 2678 1579 "?
2712 1545 2729 1576 ι
2777 1526 2843 1581 Ει
2878 1542 3111 1583 rursus:
3148 1544 3167 1579 ι
3202 1526 3416 1581 lrritam
3463 1526 3588 1594 quis

1984 1613 2190 1668 iaciens
2231 1614 2402 1684 legem
2440 1614 2599 1683 Mosi,
2655 1618 2775 1671 sine
2827 1617 2931 1671 ulla
2971 1618 3326 1675 miseratione
3362 1618 3413 1672 in
3446 1618 3585 1672 duo—

1983 1708 2081 1761 bus
2128 1717 2221 1761 aut
2254 1709 2426 1763 tribus
2468 1710 2699 1765 testibus
2733 1710 2987 1764 moritur.
3018 1710 3235 1777 Quanto
3279 1708 3454 1779 magis
3488 1723 3588 1777 pu-

1984 1802 2112 1854 tatis
2156 1816 2280 1853 eum
2333 1802 2584 1870 graviora
2640 1803 2837 1857 mereri
2890 1802 3186 1871 supplicia,
3243 1801 3335 1871 qui
3383 1799 3583 1854 Filium

1911 1908 1949 1961 η
1983 1892 2073 1945 Dei
2110 1890 2513 1945 conculcaverit
2539 1892 2620 1945 “'9
2652 1910 2671 1945 ι
2728 1892 2889 1960 Atqui
2942 1893 3011 1957 si,
3046 1891 3175 1960 quia
3221 1891 3340 1960 ipse
3386 1889 3587 1943 dicitur

1981 1982 2174 2037 melior
2214 1982 2442 2052 angelis,
2490 1984 2865 2038 necessarium
2912 1983 3071 2051 plane
3102 1992 3188 2037 est
3225 1983 3391 2036 etiam
3437 1981 3587 2051 ejus-

1977 2074 2098 2127 dem
2150 2088 2274 2127 cum
2325 2073 2459 2143 ipsis
2506 2084 2715 2129 natura:
2772 2090 2897 2130 esse
2927 2074 3394 2144 (comparationes
3438 2072 3583 2128 enim

1979 2166 2121 2220 inter
2152 2180 2238 2219 res
2278 2166 2520 2233 sibiipsis
2564 2167 2773 2221 similes
2802 2167 2915 2222 ﬁeri
2946 2167 3173 2236 solent),
3212 2183 3311 2221 cur
3334 2167 3588 2235 graviore

1978 2260 2244 2327 supplicio
2276 2257 2417 2313 allici
2466 2261 2711 2330 oportuit
2758 2274 2880 2314 eum
2916 2263 3007 2331 qui
3044 2260 3244 2315 Filium
3291 2259 3584 2315 conculca-

1980 2352 2137 2414 verit,
2171 2367 2291 2406 cum
2323 2351 2497 2407 levius
2530 2352 2855 2422 supplicium
2892 2362 3211 2407 mereantur
3234 2352 3323 2421 qui
3358 2350 3587 2423 angelos

1978 2443 2449 2509 conculcaverint,
2497 2445 2939 2515 transgressione
2971 2444 3107 2510 legis
3140 2461 3238 2515 per
3272 2446 3423 2514 ipsos
3455 2460 3584 2515 pro-

1980 2533 2288 2587 nuntiatae?
2310 2533 2444 2587 Nam
2471 2535 2559 2603 qui
2585 2535 2824 2603 aequales
2841 2535 3201 2605 ejusdemque
3226 2536 3430 2606 speciei
3457 2551 3586 2591 con-

1982 2624 2203 2678 tumelia
2251 2622 2442 2688 allicit,
2491 2627 2691 2681 merito
2723 2629 2975 2682 eamdem
3011 2643 3229 2698 poenam
3268 2638 3584 2682 mereatur:

1977 2727 2214 2781 eumque
2268 2730 2458 2769 eorum
2525 2716 2617 2785 qui
2666 2717 2863 2788 injuria
2906 2718 3085 2775 allecti
3126 2731 3258 2775 sunt
3314 2720 3456 2773 nulla
3519 2720 3589 2773 sit

1978 2804 2312 2872 dilferentia,
2354 2808 2621 2875 supplicia
2658 2826 2877 2879 quoque
2907 2811 3137 2882 mqualia
3184 2827 3306 2866 esse
3342 2821 3585 2881 oportet.

1977 2894 2247 2951 Caeterum
2285 2898 2377 2967 qui
2408 2899 2461 2953 in
2504 2900 2705 2955 Filium
2755 2902 3047 2973 delinquit,
3085 2904 3340 2975 graviore
3372 2903 3586 2973 suppli-

1978 2987 2062 3041 cio
2090 2986 2359 3056 aﬂicitur;
2392 2990 2483 3059 qui
2530 3006 2662 3045 vero
2699 2991 2750 3045 in
2788 2992 2962 3064 legem
3002 2994 3071 3049 ab
3101 2994 3311 3064 angelis
3344 3010 3589 3063 pronun-

1981 3079 2188 3143 tiatam,
2239 3080 2461 3134 leviore.
2509 3080 2625 3136 Non
2672 3094 2756 3137 est
2796 3085 2959 3153 igitur
2990 3084 3161 3139 Filius
3211 3086 3454 3155 ejusdem
3490 3101 3587 3155 ge~

1982 3172 2129 3225 neris
2173 3186 2295 3225 cum
2334 3173 2560 3242 angelis,
2609 3177 2985 3245 cttngravius
3022 3178 3091 3231 sit
3138 3177 3398 3232 delictum
3443 3179 3586 3247 quod

1895 3260 1939 3319 ο
1976 3258 2027 3310 in
2064 3258 2213 3313 illum
2264 3262 2627 3315 coxnmittilur
2658 3279 2819 3333 quam
2855 3267 2999 3333 quod
3041 3266 3092 3319 in
3130 3266 3252 3331 hos,
3285 3277 3337 3319 et
3376 3266 3585 3337 suppli-

1978 3350 2125 3404 c’ium
2162 3354 2928 3424 proliortionatum-gravitati
2964 3357 3147 3411 delicti
3181 3358 3476 3428 irrogetur.

2655 3486 2894 3542 ALIUD.

2217 3593 2302 3650 Ea:
2333 3596 2628 3666 objections
2659 3600 3033 3655 haereticorum
3077 3604 3131 3656 in
3164 3604 3326 3658 idem.

2042 3706 2297 3773 Gravius,
2350 3712 2629 3781 inquiunt,
2680 3716 2905 3784 punitur
2945 3718 3036 3782 qui
3085 3719 3356 3789 delinquit
3393 3721 3446 3773 in
3492 3718 3583 3773 Fi-

1977 3798 2130 3865 lium,
2162 3805 2542 3861 ut,maximum
2575 3810 2916 3877 angelorum.
2944 3812 3214 3865 Caeterum
3242 3828 3345 3866 uou
3378 3814 3585 3869 idcirco

1975 3891 2176 3946 desinit
2208 3909 2333 3949 esse
2378 3896 2623 3965 ejusdem
2657 3904 2875 3969 generis
2912 3920 3033 3957 cum
3069 3906 3299 3972 angelis.
3336 3906 3469 3962 Nam
3515 3923 3582 3961 ex

1976 3981 2186 4035 honore
2242 3984 2335 4052 qui
2373 3987 2605 4055 singulis
2650 3991 2896 4057 debetur,
2948 3996 3280 4049 contumelia
3318 3998 3481 4049 etiam
3529 4000 3577 4051 ei

1976 4072 2136 4125 alla-ta
2168 4078 2493 4132 aestimatur.
2524 4082 2658 4136 Cum
2690 4085 2857 4152 igitur
2892 4086 3068 4141 factus
3097 4090 3166 4141 sit
3191 4089 3359 4143 Filius
3387 4091 3581 4145 melior

1974 4166 2201 4234 angelis,
2235 4170 2398 4241 207
2429 4176 2648 4240 gravius
2694 4192 2909 4246 quoque
2964 4182 3291 4251 supplicium
3340 4187 3579 4240 sumitur

1976 4256 2043 4311 de
2066 4273 2132 4313 eo
2165 4263 2253 4329 qui
2285 4263 2337 4315 in
2373 4266 2546 4331 ipsum
2579 4280 2790 4334 peccat.

2322 4372 2534 4430 Salutio
2577 4379 2887 4447 objectiouis
2916 4399 2979 4436 ea:
3015 4386 3220 4437 eodem.

2045 4482 2294 4551 Oportuit
2342 4486 2525 4556 itaque
2563 4490 2614 4542 in
2670 4496 3108 4562 transgressione
3140 4498 3393 4565 legalium
3434 4515 3575 4567 pra:-

1903 4615 1949 4672 D
1975 4584 2257 4641 ceplorum
2312 4595 2415 4633 non
2456 4580 2688 4650 irrogari
2733 4599 2925 4651 paruas
2974 4588 3189 4644 delictis
3224 4592 3578 4660 proportione

1978 4670 2411 4737 respondentes;
2464 4689 2640 4743 neque
2691 4678 2915 4731 omnino
2966 4682 3291 4749 supplicium
3352 4694 3578 4751 peccato

1974 4764 2436 4826 commensurari,
2473 4765 2566 4818 sed
2611 4766 2789 4834 potius
2839 4784 2936 4836 pro
2966 4771 3230 4839 dignitate
3275 4774 3448 4843 angeli
3504 4774 3579 4828 Ie-

1974 4867 2093 4919 gem
2128 4854 2562 4911 administrantis
2602 4858 2704 4912 hoc
2731 4858 2984 4917 definire.
3020 4863 3089 4916 At
3116 4879 3246 4919 vero
3279 4865 3322 4918 si
3358 4882 3461 4919 non
3506 4867 3577 4921 ita

1970 4944 2175 4998 factum
2204 4962 2325 5001 esse
2354 4951 2632 5005 cernimus
2664 4969 2675 5004 :
2712 4968 2814 5005 una
2850 4964 3030 5009 autem
3065 4965 3150 5011 est
3181 4956 3289 5022 lex,
3323 4974 3444 5012 cum
3478 4975 3577 5013 an-

1971 5038 2072 5106 geli
2106 5038 2213 5093 sint
2251 5040 2428 5105 multi,
2461 5052 2623 5111 atque
2652 5045 2841 5101 iisdem
2872 5051 3047 5115 pmnis
3079 5061 3301 5119 peccata
3340 5053 3575 5120 puniun-

1978 5140 2107 5185 tur:
2146 5148 2249 5186 non
2306 5144 2386 5189 est
2442 5136 2609 5206 igitur
2645 5156 2828 5194 verum
2880 5143 3007 5195 illud
3057 5146 3284 5205 dictum,
3325 5148 3576 5211 graviore

1974 5225 2240 5293 supplicio
2272 5226 2496 5296 dignum
2545 5246 2666 5285 esse
2712 5234 2797 5301 qui
2834 5236 2883 5285 in
2920 5235 3119 5289 Filium
3162 5237 3477 5306 deliquerit,
3518 5248 3574 5295 ut

1976 5313 2027 5365 in
2077 5316 2372 5370 maximum
2408 5321 2747 5390 angelorum,
2786 5325 2878 5376 scd
2915 5335 2971 5377 ut
3008 5325 3061 5379 in
3110 5342 3175 5381 eo
3209 5330 3297 5397 qui
3348 5329 3574 5386 alterius

1976 5412 2179 5457 natura!
2229 5407 2299 5461 sit
2332 5424 2495 5477 quam
2544 5412 2745 5481 angeli,
2806 5416 3145 5486 multumque
3192 5419 3259 5471 ab
3289 5422 3366 5472 eis
3415 5420 3569 5475 dilTe~

1974 5505 2079 5550 rat.
2137 5497 2271 5553 Nam
2320 5503 2501 5571 angeli
2554 5506 2723 5559 creati
2774 5518 2940 5570 sunt,
2975 5509 3146 5565 Filius
3177 5521 3359 5566 autem
3409 5528 3571 5566 verus

1974 5585 2136 5654 Deus,
2171 5606 2277 5645 non
2310 5608 2449 5649 unus
2484 5610 2550 5650 ex
2579 5600 2801 5664 creatis,
2844 5616 3022 5671 neque
3055 5602 3349 5679 quidquam
3388 5604 3567 5659 simile

1972 5692 2095 5732 cum
2130 5679 2208 5735 cis
2238 5682 2481 5751 habens;
2516 5685 2611 5740 scd
2649 5699 2854 5757 quanto
2886 5690 2999 5757 ipsc
3033 5701 3115 5748 est
3144 5694 3358 5763 dignior
3397 5705 3565 5762 atque
