3994 6324
416 396 514 453 5'5]

1409 399 1467 455 s.
1509 374 1785 458 cimus
1829 401 2303 459 unaunam
2342 405 2663 463 ARClllEP.

3563 408 3697 464 55⁸1·

418 514 801 583 excellentior,
858 525 1012 574 tanto
1067 518 1257 589 majori
1317 519 1664 589 gravioriqne
1712 519 1984 591 supplicio

2102 522 2443 595 (αλεπωτέρᾳ
2462 524 2703 595 τιμωρίᾳ
2730 523 3031 579 ὑπεύθυνον
3048 523 3181 580 ὄντα
3204 522 3467 580 δεικνύων
3489 523 3582 580 τὸν
3600 523 3681 578 τὰ

417 607 707 661 obnoxium
734 624 854 664 esse
877 611 1159 667 declarans
1180 628 1300 667 eum
1332 614 1422 682 qui
1450 613 1701 667 mandata
1737 626 1839 669 sua
1866 612 1984 669 lite-

418 699 486 751 rit
527 708 917 769 transgressus.

414 832 645 909 Αιιιιο.
687 838 997 909 εσγίἰεᾱεηι,
1030 839 1169 905 quod
1202 838 1339 893 bona
1374 840 1439 893 sit
1477 840 1864 909 ulilissimaqne
1890 844 1987 895 ad-

487 906 933 976 ministrationum
974 910 1320 973 comparatio,
1357 909 1662 976 auqelorum
1708 906 1910 965 scilicet
1936 923 1983 966 et

487 971 641 1036 Filii,
690 976 789 1047 vim
835 977 971 1029 vocis
1008 994 1028 1027 ι
1059 971 1243 1029 melior
1270 971 1636 1047 s'ezplanans.
1678 980 1796 1046 Quo
1834 991 1985 1047 pacto

483 1047 619 1097 enim
663 1044 845 1097 melior
879 1047 1079 1116 angelis
1118 1048 1209 1109 sit,
1237 1058 1286 1101 et
1321 1044 1540 1118 quanto,
1577 1066 1641 1103 ea:
1687 1044 1757 1104 iis
1786 1044 1986 1105 intelli-

487 1128 683 1165 acinus.

485 1130 683 1182 genus.

482 1243 666 1311 Angeli
687 1245 858 1317 legem
878 1247 1195 1316 eduxerunt;
1224 1252 1319 1307 sed
1354 1251 1437 1308 lex
1488 1252 1621 1307 nihil
1658 1252 1885 1323 perfecit
1912 1255 1979 1310 ".

410 1332 581 1392 Filius
625 1348 803 1393 autem
852 1342 1076 1410 perfecit
1118 1357 1255 1412 opus
1288 1343 1488 1400 Patris.
1523 1345 1801 1403 Perfectus
1840 1346 1983 1403 enim

409 1440 493 1481 est
529 1429 580 1482 in
623 1428 819 1497 pietate
842 1430 932 1499 qui
954 1431 1136 1500 ipsius
1176 1434 1384 1504 legibus
1419 1435 1717 1491 instructus
1747 1445 1851 1491 est.
1876 1434 1984 1491 Re-

296 1532 297 1535 ‘
410 1520 595 1589 gnavit
611 1535 754 1576 mors
772 1523 934 1578 etiam
954 1523 1087 1594 legis
1108 1534 1378 1596 tempore:
1402 1528 1655 1583 nimirum
1676 1548 1693 1580 ι
1707 1530 1773 1583 ab
1791 1530 1982 1595 Adam,

413 1610 619 1679 inquit,
651 1626 822 1683 usque
853 1614 919 1669 ad
940 1613 1122 1671 Mosen
1157 1616 1223 1671 “.
1254 1635 1273 1669 ι
1296 1618 1507 1675 Abolita
1533 1630 1711 1674 autem
1732 1630 1816 1674 est
1839 1635 1984 1675 mors

416 1717 502 1771 pet
579 1703 896 1787 Christum;
966 1723 1139 1776 neque
1188 1711 1333 1764 enim
1390 1712 1623 1780 amplius
1694 1712 1747 1765 in
1810 1712 1981 1767 Adam

416 1798 680 1851 morimur
713 1838 727 1861 ,
781 1802 873 1854 sed
924 1800 974 1853 in
1024 1804 1244 1857 Christo
1298 1802 1643 1857 vivilicamur
1672 1805 1736 1858 ι’.
1778 1806 1822 1859 Α
1870 1806 1981 1859 Dan

2088 614 2254 668 αὐτοῦ
2289 615 2717 686 παραϐαίνοντα.

2085 838 2293 907 MAG,
2315 838 2383 891 ἐκ
2406 837 2523 892 τῶν
2550 837 2779 907 αὑτῶνῖ,
2808 838 2896 893 ὅτι
2930 838 3091 905 καλὴ
3115 838 3214 891 καὶ
3247 834 3674 907 χρησιμωτάτῃ

2161 906 2275 994 ἰῶν
2309 903 3210 994 διακονιῶεθτὶσύηιρισιςζτῆς
3237 903 3300 962 τὲ

2154 980 2409 1056 .lon-‘xal
2439 978 2543 1056 τοῆ
2582 975 2737 1041 ficii,
2769 975 2894 1056 Ξο-ῦί
2921 997 2938 1030 ι
2966 979 3261 1056 ’κρείττων
3287 996 3305 1029 ι
3344 976 3461 1056 τὴν
3768 989 3783 999 '

2150 1065 2259 1126 μιν
2286 1048 2719 1126 aggerationem.
2760 1043 3026 1126 Πῶς-γάῤ
3050 1048 3331 1126 κρείττων
3355 1043 3476 1126 τῶις
3495 1043 3677 1116 ἀττέ-

2154 1122 2281 1172 λων
2311 1118 2443 1172 ἐστὶ
2471 1119 2568 1171 καὶ
2596 1119 2811 1181 πόσον,
2844 1117 2913 1183 ἐξ
2944 1117 3146 1172 αὐτῶν
3168 1119 3542 1186 γνωσόμεθα.

2159 1251 2417 1321 Ἄγγελοι
2447 1252 2538 1306 τὸν
2572 1252 2735 1322 νόμον
2772 1252 3063 1324 ἐλάλησαν,
3091 1251 3206 1306 ἁλλ’
3239 1251 3390 1305 οὐδὲν
3428 1248 3676 1304 ἐτελείω-

2088 1358 2177 1395 σεν
2193 1342 2416 1413 ὁηνόμος.
2434 1342 2491 1396 '0
2514 1342 2709 1406 δὲΥίὸς
2734 1343 3016 1397 έτελείωσε
3039 1343 3100 1396 τὸ
3123 1342 3285 1411 ἔργον
3312 1341 3406 1395 τοῦ
3430 1342 3668 1414 Πατρός.

2085 1432 2301 1497 Τέλειος
2333 1434 2442 1504 γὰρ
2474 1434 2553 1497 είς
2582 1433 2861 1488 εὐσέϐειαν
2896 1436 2925 1487 6
2949 1437 3061 1497 τοϊς
3089 1432 3253 1488 αὐτοῦ
3279 1434 3466 1502 νόμοις
3504 1432 3671 1486 παιδ-

2084 1525 2886 1597 αγωγούμενος.Ἑδασίλευσεν
2927 1529 2956 1581 6
2989 1526 3220 1590 θάνατος
3266 1524 3362 1578 καὶ
3407 1524 3551 1579 κατὰ
3579 1527 3678 1578 τὸν

2083 1617 2370 1689 τοῦονόμον
2392 1619 2601 1691 καιρόν
2628 1637 2647 1670 ι
2670 1620 2805 1673 Ἀπὸ
2820 1619 2930 1691 γὰρ
2971 1617 3164 1688 Ἀδὰμ,
3199 1617 3355 1688 φησι,
3386 1617 3483 1671 καὶ
3506 1617 3673 1688 μέχρι

2085 1711 2347 1776 Μωσέως.
2377 1731 2395 1763 ι
2430 1712 2662 1766 Λέλυται
2690 1713 2747 1766 δὲ
2788 1712 3013 1776 θάνατος
3046 1711 3137 1764 διὰ
3178 1708 3414 1782 Χριστοῦ
3438 1727 3453 1741 ·
3486 1707 3674 1762 οὐκέτι

2084 1803 2194 1873 γὰρ
2244 1804 2302 1857 ἐν
2344 1803 2513 1873 Ἀδὰμ
2551 1803 2990 1875 ἀποθνήσκομεν,
3028 1802 3141 1856 ἀλλ’
3168 1802 3227 1854 ὲν
3259 1799 3483 1872 Χριστῷ
3530 1797 3675 1863 Conv

412 1889 481 1943 ad
523 1888 787 1946 Bersabee
835 1891 1027 1959 legali:
1097 1902 1363 1964 precepts
1418 1895 1734 1950 denunliat‘t
1807 1906 1979 1960 sunt,

2102 1891 2402 1964 ποιούμεθα.
2425 1892 2557 1945 Ἀπὸ
2598 1892 2705 1945 sev
2756 1893 2851 1945 καὶ
2894 1892 2999 1955 ἓως
3036 1891 3323 1962 Βηρσαϐεέ
3357 1891 3425 1945 τὰ
3471 1890 3685 1961 νομικὸ

412 1988 635 2049 eratque
658 1980 715 2035 in
739 1980 851 2036 sola
879 1980 1061 2039 Iudaea
1090 1996 1247 2039 notus
1294 1985 1432 2039 Deus
1459 1985 1523 2015 "'
1550 2003 1563 2038 :
1595 2000 1738 2039 nunc
1766 1987 1978 2074 vero'iu

410 2086 626 2128 omnem
658 2082 858 2129 terram
898 2075 1067 2131 exivit
1093 2091 1257 2131 sonus
1288 2076 1405 2146 ejus
1430 2076 1494 2144 “,
1528 2092 1825 2148 omnesque
1854 2076 1983 2133 edo-

412 2165 485 2219 cti
514 2175 639 2219 sunt
685 2181 713 2219 a
743 2164 877 2231 Deo,
910 2180 1015 2221 non
1061 2167 1129 2222 ab
1168 2166 1395 2237 angelis,
1431 2170 1525 2224 sed
1560 2183 1588 2222 a
1617 2167 1727 2224 Deo
1762 2166 1849 2221 ¹⁸’.
1890 2171 1979 2225 Dei

410 2255 555 2310 enim
584 2254 747 2309 etiam
768 2254 851 2310 lex
865 2264 966 2320 est,
988 2258 1085 2313 sed
1113 2272 1209 2327 per
1222 2257 1445 2327 angelos
1472 2259 1682 2329 prolata
1710 2260 1753 2293 ι’
1776 2275 1792 2326 ;
1814 2258 1983 2317 Filius

413 2354 591 2399 autem
625 2344 798 2415 inquit
824 2362 837 2400 :
875 2364 895 2399 ι
939 2346 1049 2418 Ego
1069 2347 1185 2418 ipse
1216 2347 1440 2420 loquens
1464 2348 1653 2405 adsum
1680 2350 1765 2404 Ψ.
1797 2369 1816 2402 ι
1839 2350 1984 2418 Quo-

409 2433 577 2497 circa,
604 2432 759 2502 juxta
783 2432 933 2490 Pauli
960 2438 1311 2503 sententiam,
1338 2447 1539 2508 quanto
1562 2438 1981 2497 diﬂ’ereotiorem

410 2534 603 2581 nactus
629 2535 711 2582 est
733 2526 1279 2595 administrationem,
1311 2539 1369 2586 et
1400 2541 1605 2598 quanto
1634 2532 1876 2589 melioris
1902 2542 1983 2589 te-

410 2618 664 2674 stamenti
706 2633 936 2689 sponsor
972 2619 1151 2676 factus
1180 2630 1263 2677 est
1286 2621 1356 2690 ὀ,
1395 2631 1545 2680 tanto
1584 2624 1749 2680 etiam
1797 2627 1982 2681 excel-

411 2709 613 2765 lentior
633 2712 739 2766 erit
761 2712 970 2783 angelis
1000 2730 1014 2768 :
1046 2728 1155 2770 non
1186 2715 1397 2770 ratione
1415 2725 1625 2772 natura:
1651 2716 1732 2773 eis
1761 2731 1981 2788 compa-

411 2811 584 2869 ratus,
612 2804 708 2859 sed
742 2812 896 2861 tanta
923 2806 1172 2876 superior
1200 2816 1404 2877 quanto
1428 2807 1571 2864 Deus
1598 2810 1849 2866 essentia
1889 2826 1979 2867 ra-

415 2896 559 2951 tione
575 2906 755 2951 creata
783 2897 1077 2953 antecellit.
1104 2896 1281 2955 Dictio
1311 2894 1493 2969 ilaque
1514 2900 1650 2966 haec,
1672 2920 1690 2953 ι
1715 2901 1933 2968 melior,
1957 2922 1977 2955 ι

414 2991 483 3045 ad
529 2990 1054 3046 administrationem
1106 2991 1296 3058 relata,
1352 3001 1553 3063 quanto
1601 3006 1720 3047 eam
1769 2993 1983 3051 illorum

412 3082 879 3139 administratione
928 3083 1361 3153 praestantiorem
1411 3084 1818 3156 dignioremque
1862 3101 1986 3142 esse

409 3174 677 3238 ostendit,
715 3182 865 3229 tanto
896 3174 1065 3246 magis
1101 3172 1295 3231 Filium
1334 3190 1496 3245 supra
1538 3186 1778 3232 creatam
1824 3186 1985 3233 natu-

409 3277 530 3322 ram
562 3266 793 3321 extollit.
829 3265 897 3320 Et
939 3241 1145 3335 angelis
1173 3241 1585 3339 quidem-308
1610 3278 1667 3322 ut
1701 3269 1879 3325 servis
1907 3270 1988 3325 in-
2013 3241 2058 3300 θ

414 3355 671 3412 feriorem
738 3356 1265 3413 administrationem
1330 3357 1565 3426 tribuit,
1606 3358 1745 3416 Filio
1808 3370 1991 3418 autem

413 3464 533 3504 eam
568 3464 689 3520 qua:
712 3448 853 3506 Filio
880 3457 938 3505 et
966 3449 1193 3505 Domino
1226 3460 1511 3522 congruat.
1541 3450 1677 3508 Nam
1716 3452 1770 3508 in
1801 3452 1993 3511 melio-

412 3542 582 3606 ribus,
627 3550 684 3595 ut
718 3540 892 3613 inquit
918 3539 1220 3615 Scriptura,
1254 3543 1769 3613 repromissionibus
1812 3546 1992 3605 sanci-

416 3642 504 3690 tus
538 3644 622 3689 est
645 3634 710 3688 ".

414 3768 661 3834 ALIUD,
705 3770 845 3841 quod
894 3770 1081 3825 melior
1120 3772 1187 3825 sit
1245 3770 1340 3826 Dei
1387 3769 1545 3826 Verbi
1597 3774 1990 3830 administratio

483 3857 639 3911 quam
687 3840 1024 3911 angelorum,
1070 3843 1229 3894 etiam
1285 3842 1407 3895 aliis
1450 3844 1622 3896 modis
1652 3857 1671 3895 :
1698 3853 1746 3895 et
1793 3855 1991 3911 quanto

485 3910 769 3964 meliorest
800 3910 1215 3976 administratio,
1244 3919 1401 3965 tanta
1420 3920 1467 3965 et
1502 3910 1992 3968 administratorem

491 3981 760 4034 meliorem
789 3994 920 4035 esse.

490 4112 687 4170 Paulus
734 4114 811 4169 ait
859 4133 873 4171 :
925 4114 1237 4182 «Quoniam
1283 4114 1427 4186 quod
1481 4114 1815 4187 impossibile
1872 4127 1992 4173 erat

418 4205 544 4278 legi,
575 4206 629 4262 iu
663 4220 771 4276 quo
804 4206 1182 4263 inflrmabatur
1224 4222 1319 4279 per
1340 4209 1595 4275 'carnem,
1631 4208 1772 4265 Deus
1794 4206 1993 4264 Filium

418 4313 576 4353 suum
606 4299 825 4355 mittens
854 4299 905 4353 in
932 4298 1341 4354 similitudinem
1366 4299 1549 4354 carnis
1578 4300 1807 4370 peccati,
1843 4309 1899 4355 et
1926 4300 1994 4356 de

421 4400 644 4461 peccato
670 4390 947 4445 damnavit
979 4400 1257 4462 peccatum
1294 4391 1349 4446 in
1389 4405 1577 4455 carne,
1612 4399 1671 4446 ut
1714 4390 1992 4461 signiﬁca-

423 4485 499 4539 tio
538 4484 672 4554 legis
724 4484 1041 4553 impleretur
1074 4485 1127 4540 in
1178 4485 1357 4549 nobis,
1407 4484 1498 4553 qui
1544 4498 1648 4539 non
1697 4485 1991 4539 secundum

2088 1985 2487 2056 προστάγματα
2514 1984 2881 2057 διηγγέλλετο,
2913 1985 3009 2038 καὶ
3049 1980 3119 2056 ἦν
3167 1985 3225 2037 ἑν
3274 1982 3408 2056 μόνῃ
3435 1984 3503 2053 τῇ
3542 1983 3677 2035 Ἰου-

2087 2079 2214 2151 δαίᾳ
2240 2079 2479 2147 γνωστὸς
2501 2081 2530 2132 6
2562 2078 2695 2141 Θεὸς
2718 2093 2731 2107 ’
2764 2078 2881 2131 νυνὶ
2908 2077 2966 2131 δὲ
2996 2079 3077 2143 είς
3106 2078 3287 2131 πᾶσαν
3322 2075 3421 2147 τὴν
3458 2077 3563 2145 γῆν
3594 2073 3681 2140 ἐξ·

2086 2171 2251 2241 ἦλθεν
2274 2172 2303 2223 6
2331 2170 2568 2240 φθόγγος
2602 2169 2787 2235 αὑτοῦ,
2808 2170 2902 2225 καὶ¹
2932 2169 3189 2239 γεγόνασι
3217 2169 3418 2231 πάντες
3435 2167 3678 2221 διδακτοὶ

2087 2261 2243 2328 Θεοῦ,
2283 2264 2384 2316 οὐκ
2415 2262 2681 2332 ἀγγέλων,
2710 2263 2845 2318 ἁλλὰ
2874 2262 3030 2315 Θεοῦ.
3064 2260 3198 2315 Θεοῦ
3247 2260 3348 2331 μὲν
3389 2260 3498 2330 γὰρ
3526 2260 3622 2312 καὶ
3646 2261 3680 2311 6

2088 2353 2271 2425 νόμος,
2308 2354 2445 2410 ἁλλὰ
2476 2355 2543 2409 δι’
2574 2356 2823 2425 ἀγγέλων
2843 2375 2857 2389 ·
2893 2357 2922 2411 6
2949 2357 3005 2413 δὲ
3040 2356 3166 2420 Υἱός
3216 2372 3383 2425 φησιν
3404 2371 3418 2386 ο
3453 2374 3471 2405 ι
3504 2352 3681 2416 Αὐτὸς

2086 2444 2116 2497 6
2143 2444 2321 2499 λαλῶν
2350 2445 2599 2517 πάρειμι.
2634 2464 2654 2499 ι
2711 2445 2922 2502 Οὐκοῦν
2972 2445 3117 2501 κατὰ
3161 2445 3261 2517 τὴν
3314 2446 3410 2498 τοῦ
3458 2444 3679 2499 Παύλου

2090 2535 2298 2606 φωνὴν,
2329 2534 2439 2607 ὅσῳ
2462 2536 2875 2607 διαφορωτέρας
2894 2533 3161 2606 τετύχηκε
3181 2533 3545 2605 λειτουργίας,
3582 2532 3682 2585 καὶ

2089 2624 2198 2695 ὅσῳ
2241 2625 2549 2697 κρείττονος
2592 2625 2858 2697 διαθήκης
2898 2624 3122 2693 γέγονεν
3170 2622 3387 2692 ἐγγυος,
3422 2620 3680 2675 τοσοῦτον

2091 2717 2345 2788 ὑπερέξει
2374 2728 2499 2781 τοὺς
2526 2717 2811 2787 ἀγγέλους,
2838 2717 2938 2788 οὐχ
2963 2715 3040 2781 ὡς
3068 2716 3206 2789 πρὸς
3230 2717 3430 2781 αὐτοὺς
3453 2732 3682 2786 συγκριο

2089 2808 2311 2880 νόμενος
2328 2810 2470 2863 κατὰ
2482 2808 2580 2880 τὴν
2600 2808 2781 2879 φύσιν,
2801 2808 2938 2862 ἁλλὰ
2950 2807 3205 2862 τοσοῦτον
3220 2806 3675 2879 ὑπεραιρόμενος,

2089 2900 2212 2955 ὅσον
2243 2900 2551 2971 ἀπῴκισται
2600 2900 2710 2955 τῶν
2755 2899 3000 2970 γενητῶν
3031 2901 3061 2953 6
3091 2899 3224 2965 Θεὸς
3251 2915 3395 2954 κατα
3440 2898 3537 2954 τιν
3578 2898 3680 2969 τῆς

2089 2993 2280 3057 οὐσίας
2310 2993 2486 3063 λόγον.
2518 2994 2591 3047 Τὸ
2618 2993 2727 3065 ἄρα
2767 3013 2785 3047 ι
2815 2993 3077 3065 κρείττων
3102 3011 3121 3044 ι
3148 2994 3241 3048 ἰπὶ
3269 2993 3368 3065 τῆς
3400 2990 3680 3054 διακονίας

2090 3084 2413 3158 φερόμενον,
2440 3086 2564 3139 ὅσον
2604 3085 2773 3157 αὐτὴν
2804 3086 2905 3156 τῆς
2932 3084 3157 3139 ἐκείνων
3186 3083 3421 3139 δεικνύει
3454 3082 3679 3154 μείζονα

2090 3178 2187 3231 καὶ
2233 3176 2591 3249 ὑψηλοτέραν,
2619 3177 2874 3232 τοσοῦτον
2917 3177 3127 3249 έξαίρει
3157 3176 3257 3247 τῆς
3294 3174 3403 3229 τῶν
3430 3173 3678 3246 γενητῶν

2092 3268 2309 3340 φύσεως
2352 3268 2446 3322 τὸν
2469 3268 2614 3321 Υίόν.
2642 3268 2755 3322 Καὶ
2798 3270 2913 3331 τοῖς
2949 3267 3048 3337 μὲν
3088 3267 3341 3336 ἀγγέλοις
3366 3266 3444 3329 ὡς
3472 3265 3681 3329 δούλοις

2090 3361 2354 3431 ἀπονέμει
2401 3360 2679 3414 διακονίαν
2727 3359 2829 3431 τὴν
2870 3358 3164 3413 έλάττονα·
3206 3357 3290 3429 τῷ
3330 3357 3387 3411 δὲ
3413 3355 3549 3427 Υίῷ,
3582 3357 3680 3425 τὴν

2090 3451 2207 3523 Υίῷ
2254 3451 2574 3522 πρέπουσαν
2619 3450 2716 3506 καὶ
2769 3448 3175 3521 Δεσπὸσῃ.⁹Επὶ
3218 3449 3327 3521 γὰρ
3378 3449 3678 3521 κρείττοσι,

2092 3543 2278 3616 φησὶν,
2315 3542 2670 3613 ἐπαγγελίαις
2702 3541 3146 3613 νενομοθέτηται.

2090 3768 2294 3837 ΔΛΛΟ,
2324 3768 2412 3821 ὅτι
2452 3767 2733 3837 κρείττων
2758 3768 2798 3837 ἠ
2844 3768 2950 3823 τοῦ
2989 3766 3137 3821 Θεοῦ
3167 3767 3364 3837 Λόγου
3402 3763 3679 3818 διακονία

2165 3836 2275 3907 τῆς
2318 3837 2437 3907 τῶν
2484 3836 2908 3907 ἆγγέλων,και
2940 3839 3068 3891 καθ’
3096 3836 3345 3907 ἐτέρους
3378 3837 3643 3907 τρόπους
3663 3850 3677 3864 ⁶

2163 3906 2289 3973 ὅσῳ
2319 3905 2389 3960 δὲ
2419 3905 2701 3974 κρείττων
2727 3908 2903 3976 αὕτη,
2947 3907 3218 3973 τοσούτῳ
3254 3906 3354 3959 καὶ
3403 3909 3436 3960 ό
3482 3905 3682 3958 διακο-

2162 3976 2364 4043 νήσεις
2390 3979 2597 4031 αὐτόν.

2173 4110 2236 4168 Ὀ
2265 4111 2481 4177 Παῦλός
2508 4128 2674 4183 φησιν
2692 4128 2706 4142 ⁸
2749 4112 2906 4166 «Ὅτι
2930 4112 2991 4166 τὸ
3018 4112 3281 4167 ἀδύνατον
3310 4110 3405 4164 τοῦ
3436 4109 3603 4180 νόμου
3625 4111 3683 4162 ὲν

2089 4197 2135 4273 ᾧ
2164 4203 2382 4276 ἠσθένει
2425 4202 2515 4258 διὰ
2554 4204 2654 4275 τῆς
2691 4206 2915 4277 σαρκὸς,
2960 4209 2990 4261 6
3038 4205 3172 4269 Θεὸς
3213 4204 3304 4259 τὸν
3338 4203 3528 4257 ἑαυτοῦ
3556 4203 3685 4261 Υίὸν

2093 4297 2317 4367 πέμψας
2360 4299 2420 4352 έν
2461 4296 2768 4368 ὁμοιώματι
2819 4297 3021 4371 σαρκὸς
3070 4297 3366 4371 ἁμαρτίας,
3406 4296 3502 4350 καὶ
3555 4296 3686 4369 περὶ

2094 4388 2370 4460 ἁμαρτίας
2400 4387 2694 4459 κατέκρινε
2727 4386 2832 4458 τὴν
2862 4388 3138 4461 ἁμαρτίαν
3169 4391 3225 4441 ὲν
3255 4391 3320 4458 τῇ
3349 4387 3533 4455 σαρκί.
3567 4405 3587 4439 ι
3621 4387 3684 4442 El

2092 4478 2149 4532 δὲ
2170 4476 2468 4550 ἠσθένησεν
2492 4480 2521 4533 6
2544 4480 2710 4550 νόμος
2740 4483 3071 4553 κατακρίναι
3098 4481 3197 4552 τὴν
3223 4481 3501 4551 ἁμαρτίαν
3527 4480 3586 4533 ὲν
3614 4483 3683 4551 τῇ

420 4591 639 4631 carnem
687 4576 1045 4640 ambulamus,
1103 4574 1201 4630 sed
1241 4576 1538 4631 secundum
1578 4574 1841 4644 Spiritum
1868 4576 1934 4629 “.
1966 4592 1986 4627 ι

2102 4569 2285 4641 σαρκὶ,
2320 4570 2612 4641 κατέκρινε
2640 4572 2697 4626 δὲ
2727 4576 2755 4625 ὸ
2787 4572 3043 4644 Χριστὸς,
3065 4573 3327 4643 δεκτικὴν
3352 4571 3523 4644 αὐτὴν
3551 4570 3685 4625 ἁπο-

419 4670 571 4737 Quod
603 4671 645 4725 si
680 4670 765 4725 lex
804 4685 906 4726 non
938 4670 1113 4739 potuit
1137 4679 1416 4740 peccatum
1447 4669 1500 4723 in
1532 4684 1696 4723 carne
1728 4668 1991 4723 condem-

422 4776 572 4827 nare,
622 4760 1005 4815 condemnavit
1073 4769 1261 4814 autem
1319 4757 1604 4824 Christus;
1658 4761 1857 4828 quippe
1900 4758 1993 4827 qui

308 4898 311 4901 .
420 4869 639 4909 carnem
681 4851 916 4924 Spiritus
954 4853 1127 4907 sancti
1154 4864 1409 4920 capacem
1435 4848 1635 4915 eﬂ'ccit,
1677 4849 1751 4903 ita
1782 4860 1840 4903 ut
1869 4862 1992 4917 pos-

422 4948 591 5001 simus
630 4944 811 4999 dicere
840 4962 855 4999 :
883 4942 1003 4997 .lam
1055 4957 1160 4998 non
1206 4955 1396 4997 sumus
1444 4942 1495 4994 in
1544 4955 1742 5003 carne,
1797 4940 1891 4994 sed
1937 4938 1989 4993 in

423 5037 627 5106 Spiritu
648 5036 735 5091 "z
771 5034 943 5090 factus
979 5034 1141 5104 igitur
1174 5041 1259 5088 est
1288 5032 1451 5087 etiam
1493 5033 1593 5087 hac
1633 5034 1845 5088 ratione
1876 5046 1991 5087 me-

422 5130 522 5183 lior
548 5127 753 5198 angelis
780 5142 875 5195 per
898 5140 1033 5196 quos
1062 5126 1146 5181 lex
1175 5124 1320 5180 edita
1353 5132 1437 5179 est
1465 5141 1478 5176 :
1506 5132 1561 5179 et
1588 5138 1801 5177 rursum
1830 5138 1990 5176 mun-

420 5224 523 5275 dus
563 5218 663 5275 sub
689 5218 805 5291 lege
852 5218 1247 5274 condemnatus
1296 5224 1379 5271 est
1424 5223 1646 5285 propter
1682 5222 1991 5285 peccatum.

423 5308 658 5363 Advenit
706 5312 887 5361 autem
924 5304 1095 5361 Filius
1132 5321 1241 5360 non
1288 5313 1345 5359 ut
1394 5297 1681 5361 damnaret
1712 5306 1992 5372 ntundum,

426 5400 522 5456 sed
549 5408 608 5454 ut
634 5398 869 5454 salvaret
895 5397 1152 5453 mundum
1174 5395 1245 5464 “,
1274 5410 1447 5465 neque
1469 5396 1788 5465 supplicium
1818 5404 1995 5450 sumat

426 5495 491 5548 de
524 5502 768 5563 peccato,
815 5492 908 5546 sed
943 5500 1000 5545 ut
1034 5498 1379 5561 peccatorum
1414 5488 1789 5544 remissionem
1818 5489 1996 5543 omni-

430 5587 529 5642 bus
556 5585 839 5657 largiatur.
877 5582 1066 5638 Melior
1096 5583 1265 5653 igitur
1292 5590 1377 5635 est
1403 5581 1493 5650 qui
1519 5579 1800 5649 justilicat,
1835 5596 1995 5651 qnam

504 5702 547 5733 "
571 5700 735 5755 llcbr.
767 5714 864 5759 vn.
902 5697 988 5753 l9.
1058 5698 1101 5728 ¹⁸
1132 5697 1287 5751 Rom.
1327 5712 1379 5761 ν,
1410 5698 1496 5751 is.

439 5770 505 5805 ¹⁸”
532 5770 666 5827 Joan
717 5786 767 5823 νι
794 5809 809 5832 .
848 5768 935 5822 45.

438 5846 493 5910 5,
520 5842 573 5897 4.
647 5841 691 5873 ’³
718 5840 844 5896 ibid.
873 5838 927 5893 9.
1004 5838 1047 5869 "
1081 5835 1233 5893 Joan.
1266 5852 1346 5905 ιιι,
1372 5838 1457 5894 l‘l.

1568 5697 1611 5729 ’⁷
1642 5697 1663 5752 l
1702 5696 1827 5753 Cor.
1866 5694 1951 5759 15,
1986 5695 2074 5749 τε.

1019 5768 1061 5841 '_’
1091 5766 1219 5841 βίαι.
1246 5781 1340 5831 ιιι,
1378 5768 1473 5841 _l_9.
1554 5768 1619 5800 ”‘
1659 5769 1763 5823 isu.
1810 5782 1901 5831 LII,
1944 5769 1988 5819 l5.

2102 5766 2116 5796 "
2152 5765 2310 5823 "t'bl‘.
2356 5784 2466 5831 vn,
2509 5769 2597 5824 ‘22.
2677 5771 2719 5801 ἰ
2756 5769 2919 5827 llebr.
2969 5786 3100 5829 vm.
3142 5772 3193 5823 ti.
3266 5772 3311 5803 “
3354 5769 3511 5826 Rom.
3548 5787 3679 5841 Vill,

2097 4662 2277 4728 δείξας
2328 4662 2423 4716 τοῦ
2472 4663 2629 4733 ἁγίου
2676 4660 3022 4736 Πνεύματος,
3071 4667 3147 4729 ὡς
3198 4666 3456 4723 δύνασθαι
3506 4666 3687 4735 λέγειν

2098 4755 2246 4825 ἡμᾶς
2265 4771 2279 4786 ·
2298 4756 2412 4809 οὑκ
2435 4756 2602 4827 ἐσμὲν
2629 4758 2687 4810 εν
2715 4759 2901 4830 σαρκὶ,
2922 4758 3038 4812 ἁλλ’
3056 4760 3116 4812 ὲν
3142 4758 3444 4829 Πνεύματιο
3461 4759 3688 4828 γέγονεν

2098 4847 2206 4917 ἁρα
2232 4847 2325 4900 καὶ
2350 4848 2492 4901 κατὰ
2520 4846 2679 4902 τοῦτο
2709 4850 2974 4919 κρείττων
2997 4850 3266 4919 ἀγγέλων,
3292 4849 3360 4903 δι’
3375 4842 3451 4903 ὧν
3477 4851 3505 4901 6
3525 4850 3689 4918 νόμος

2097 4936 2405 5009 λελάληται·
2438 4941 2533 4993 καὶ
2570 4940 2730 4995 πάλιν
2768 4942 2796 4994 6
2828 4941 3031 5011 κόσμος
3078 4940 3185 4994 ὕπὸ
3233 4940 3333 5011 μὲν
3378 4939 3473 4993 τοῦ
3520 4940 3688 5009 νόμου

2097 5046 2449 5103 κατεκρινετο
2480 5030 2567 5085 διὰ
2591 5034 2691 5105 τὴν
2711 5031 3007 5103 ἁμαρτίαν.
3028 5031 3222 5103 Ἐπεδή
3232 5048 3371 5103 μησε
3404 5031 3462 5083 δὲ
3484 5033 3514 5084 6
3535 5030 3686 5097 Υἱὸς,

2095 5121 2195 5191 οὐχ
2224 5121 2312 5175 ἵνα
2342 5123 2504 5196 κρίνῃ
2534 5124 2628 5177 τὸν
2658 5124 2883 5194 κόσμον,
2907 5124 3020 5179 ἁλλ’
3046 5124 3133 5177 ἵνα
3163 5123 3313 5195 σώσῃ
3340 5122 3430 5176 τὸν
3458 5122 3689 5194 κόσμον,

2094 5212 2216 5266 οὐδὲ
2262 5214 2582 5286 ἀπαιτήσων
2621 5216 2742 5269 τινὰ
2770 5216 3063 5287 τιμωρίαν,
3099 5214 3213 5268 ἁλλ’
3245 5214 3331 5269 ἵνα
3360 5216 3495 5269 πᾶσι
3527 5214 3656 5285 χαρί

2098 5322 2280 5376 σηται.
2316 5307 2596 5378 Κρείττων
2630 5304 2722 5360 οὖν
2771 5311 2800 5363 6
2840 5308 3067 5363 δικαιῶν
3110 5306 3205 5363 τοῦ
3238 5306 3685 5378 κατακρίνοντος,

2098 5399 2365 5470 κρείττων
2400 5400 2495 5454 τοῦ
2528 5401 2881 5466 ἀπαιτοῦντος
2927 5405 2955 5457 ὁ
3001 5401 3379 5473 χαριζόμενος,
3420 5403 3687 5472 κρείττων

2096 5490 2191 5543 τοῦ
2230 5492 2305 5562 μὴ
2344 5492 2661 5562 ἰσχύσαντος
2690 5498 3015 5567 κατακρῖναι
3063 5493 3165 5565 τὴν
3212 5494 3486 5566 ἁμαρτίαν
3527 5495 3587 5547 ὲν
3618 5496 3685 5565 τῇ

2102 5583 2286 5652 σαρκὶ,
2332 5585 2361 5636 6
2406 5584 2499 5637 καὶ
2546 5583 2705 5638 τοῦτο
2749 5585 3041 5657 πληρώσας
3071 5584 3217 5649 Υἱός.
3246 5586 3528 5658 Κρείττων
3577 5585 3687 5656 ἄρα

2156 5697 2221 5727 ’τ’
2258 5696 2401 5750 Psal.
2437 5714 2602 5759 LXXV.
2631 5698 2687 5754 2.
2768 5700 2812 5732 ¹⁸
2849 5699 2989 5754 Psal.
3018 5715 3176 5761 xvttt.
3208 5698 3280 5761 ὃς
3311 5699 3467 5754 Ιῖθηι-
3512 5700 3679 5765 κνίδ-
