3994 6324
216 403 330 462 351

1639 382 2016 445 THESAUBU
2026 381 2087 438 S.

3405 357 3513 412 ποι

232 520 416 589 λέγει’
460 537 480 572 ι
526 519 589 572 Ὀ
622 516 881 589 ἑωρακὼς
912 516 1033 587 ἐμὲ,
1065 512 1277 584 ἑώρακε
1302 512 1393 565 τὸν
1430 508 1672 580 Πατέρα,
1712 525 1731 559 ι
1768 504 1820 558 τί
1850 553 1854 566 ,

1968 514 1985 555 I
2026 511 2150 554 cum
2180 495 2270 560 sit,
2321 494 2451 551 dicit
2485 511 2498 547 :
2528 509 2545 544 ι
2582 489 2683 559 Qui
2720 488 2852 543 vidit
2886 499 2991 549 me,
3037 482 3170 538 vidit
3211 479 3453 541 Patrem,
3490 494 3510 527 ι

231 611 468 665 κωλύσει
500 611 594 663 καὶ
621 610 769 679 ἡμᾶς
797 612 863 679 τῇ
900 607 1039 677 αὐτῇ
1080 602 1385 676 κεχρῆσθαι
1425 604 1600 672 φωνῇ.
1637 601 1685 652 ει
1723 616 1824 668 μη-

230 703 319 756 δὲν
350 702 535 772 ἕτερον
565 700 697 771 παρ’
724 701 870 770 ἡμᾶς
897 701 925 752 6
952 697 1101 760 Υίὸς,
1140 695 1277 749 καθὸ
1310 692 1523 765 ποίημα
1543 690 1638 744 καὶ
1665 687 1826 749 αὐτὸς

232 792 429 861 ὥσπερ
460 791 653 861 ἡμεῖς
690 788 851 842 Ἀλλὰ
880 776 1040 841 τοῦτο
1076 785 1276 838 ἄτοπον
1297 799 1308 813 ⁸
1347 783 1409 836 οὐ
1447 781 1557 851 γὰρ
1589 781 1647 832 ὲν
1672 778 1829 847 ποιή-

234 885 373 949 ματι
398 877 495 932 τοῦ
520 878 595 950 μὴ
629 877 946 947 ποιηθέντος
970 878 1003 946 ἡ
1032 874 1313 946 ὁμοιότης.
1338 874 1452 927 Οὐκ
1485 870 1594 942 ἄρα
1616 869 1827 939 ποίημα

231 973 262 1023 6
292 971 424 1034 Υίδς
462 972 495 1041 ἡ
530 970 627 1024 τοῦ
656 970 869 1040 [ἰατρὸς
900 966 1321 1039 ἀπαράλλακτος
1357 963 1543 1018 εἰκών.

925 1252 1134 1306 AAAO.

309 1365 380 1421 EI
414 1364 628 1437 ποίημά
674 1367 823 1420 ἐστιν
857 1366 886 1420 6
913 1363 1065 1432 Υἱὸς,
1112 1364 1262 1434 λέγει
1303 1365 1360 1420 δὲ
1406 1365 1712 1437 ἀληθεύων,
1750 1366 1833 1421 ὅτι

240 1477 263 1510 4
303 1458 494 1512 Πάντα
527 1459 627 1512 ὅσα
655 1457 767 1528 εχει
798 1460 827 1512 6
855 1459 1069 1533 Πατὴρ,
1112 1460 1224 1530 ἐμά
1265 1459 1436 1513 ἐστιν’
1474 1479 1494 1512 ο
1542 1460 1694 1513 οὐδὲν
1724 1461 1835 1531 ἄρα

240 1549 504 1620 περιττὸν
532 1551 591 1603 6v
614 1548 736 1620 Θεῷ
764 1550 859 1603 καὶ
888 1550 1207 1621 κτίσμασιν,
1240 1550 1290 1603 εί
1319 1550 1500 1604 πάντα
1542 1550 1835 1622 πρόσεστιν

228 1640 430 1705 αὐτοῖς
450 1642 551 1693 ὅσα
591 1641 684 1694 καὶ
712 1640 791 1711 τῷ
830 1642 1025 1712 Πατρί.
1071 1642 1135 1694 EI
1173 1640 1230 1694 δὲ
1266 1642 1423 1696 τοῦτο
1447 1644 1647 1698 ἄτοπον
1678 1641 1835 1710 (πολὺ

239 1734 355 1805 γὰρ
385 1735 446 1787 τὺ
479 1733 634 1787 Θεῖον
674 1733 786 1788 τῶν
812 1735 1134 1806 ποιημάτων
1182 1734 1539 1806 ἀπῴκισται),
1580 1736 1681 1789 οὐκ
1727 1734 1839 1806 ἄρα

1928 590 2057 662 quid
2077 589 2258 645 obstat
2289 587 2581 657 quominus
2612 584 2777 639 etiam
2830 594 2928 634 nos
2979 574 3170 632 eadem
3212 582 3353 627 Voce
3392 578 3517 623 uta-

1929 697 2073 747 mur,
2097 680 2143 737 si
2182 678 2399 749 quidem
2442 677 2577 732 nihil
2602 674 2879 729 diversum
2906 677 2991 725 est
3037 683 3067 723 a
3119 665 3277 722 nobis
3323 669 3518 734 quate-

1930 790 2032 830 nus
2053 782 2107 831 et
2136 773 2253 844 ipse
2275 780 2523 828 creatura
2554 778 2637 824 est
2665 775 2724 821 ut
2755 762 2897 821 nos?
2932 759 3039 817 Sed
3080 760 3184 816 hoc
3220 754 3517 812 absurdum

1930 876 2054 923 est:
2092 878 2269 935 neque
2299 862 2446 919 enim
2471 860 2527 915 in
2562 874 2627 916 eo
2673 856 2816 928 quod
2848 862 3094 911 creatum
3152 859 3258 914 est,
3275 848 3395 918 ejus
3428 845 3521 914 qui

1930 966 2152 1011 creatus
2206 969 2311 1010 non
2375 960 2457 1007 est
2513 947 2807 1005 similitudo
2864 942 3134 1003 consistit.
3166 938 3285 996 Non
3314 946 3399 993 est
3424 935 3525 1005 igi-

1934 1059 2022 1103 tur
2086 1056 2336 1103 creatura
2404 1043 2594 1109 Filius,
2666 1021 2759 1111 qui
2820 1047 2905 1094 est
2960 1034 3273 1093 omnimoda
3342 1028 3526 1084 Patris

2606 1238 2840 1296 ALIUD.

2008 1358 2065 1413 Si
2093 1357 2267 1414 Filius
2294 1366 2377 1412 est
2404 1364 2744 1418 creatura,et
2775 1365 2903 1407 vere
2924 1348 3057 1405 dicit
3082 1364 3096 1402 :
3125 1366 3143 1399 ι
3189 1342 3382 1401 Omnia
3409 1358 3531 1414 quae

1939 1451 2104 1505 habet
2136 1449 2297 1504 Pater
2341 1464 2458 1505 mea
2496 1457 2626 1503 sunt
2658 1446 2750 1497 “z
2801 1463 2820 1495 ι
2862 1440 2997 1497 nihil
3055 1440 3219 1511 igitur
3241 1450 3335 1493 .est
3390 1451 3531 1507 prae-

1938 1542 2171 1597 stantius
2202 1540 2255 1603 in
2276 1540 2385 1595 Deo
2409 1553 2572 1609 quam
2603 1538 2654 1591 in
2678 1534 2966 1599 creaturis,
3017 1530 3064 1586 si
3095 1530 3276 1585 omnia
3309 1528 3417 1583 illis
3450 1527 3534 1582 in-

1938 1644 2065 1690 sunt
2103 1648 2227 1704 quae
2258 1632 2428 1687 Patri.
2448 1631 2520 1685 At
2544 1630 2589 1687 si
2609 1630 2711 1685 hoc
2746 1628 3045 1682 absurdum
3068 1631 3156 1678 est
3184 1620 3353 1691 (Deus
3383 1624 3531 1675 enim

1942 1724 2207 1779 immensa
2238 1721 2545 1778 differentia
2579 1736 2609 1774 a
2638 1717 2905 1775 creaturis
2934 1712 3145 1785 distat),
3179 1727 3286 1767 non
3317 1720 3403 1766 est
3432 1710 3535 1779 Igi-

240 1803 464 1893 ποίημά
491 1824 635 1877 ἐστιν
662 1825 696 1877 ό
717 1823 864 1888 Υἱὸς,
887 1803 1151 1893 ᾦηπάντα
1184 1803 1442 1893 πρόσεστι
1482 1803 1732 1896 φυσικῶς
1760 1803 1838 1881 τὰ

1968 1832 2031 1870 nr
2053 1825 2303 1871 creatura
2328 1814 2500 1870 Filius
2526 1813 2612 1869 cui
2650 1812 2833 1867 omnia
2864 1810 3051 1864 insunt
3069 1803 3392 1860 naturaliter
3415 1816 3538 1874 qua

228 1913 342 1969 τοῦ
378 1916 589 1987 Πατρὸς
622 1915 735 1970 ῐδια
766 1916 862 1970 καὶ
890 1916 1158 1988 ἐξαίρετα.

938 2032 1148 2086 AAAO.

314 2144 387 2198 EI
410 2143 626 2216 ποίημά
648 2144 800 2199 ἐστιν
824 2146 853 2198 6
878 2144 1029 2210 Υἱὸς,
1061 2142 1136 2218 μὴ
1165 2145 1436 2201 καλείσθω
1462 2146 1652 2219 Πατὴρ
1670 2146 1839 2201 αὐτοῦ

232 2239 274 2292 εό
303 2236 461 2300 Θεὸς,
510 2235 649 2291 ἀλλὰ
697 2236 898 2308 μᾶλλον
945 2237 1180 2309 ποιητὴς
1228 2238 1261 2307 ἢ
1311 2238 1668 2310 δημιουργός.
1712 2238 1841 2304 Υἱὸς

250 2325 369 2396 γὰρ
397 2324 635 2379 δεικνύει
666 2326 901 2397 πατέρα,
923 2328 1021 2381 καὶ
1052 2328 1265 2399 ποίημα
1282 2327 1373 2382 τὸν
1398 2326 1751 2399 δημιουργόν.
1779 2328 1843 2380 Ei

246 2419 306 2471 δὲ
343 2417 536 2489 Πατὴρ
565 2417 812 2473 καλεῖται
835 2419 930 2473 καὶ
952 2418 1070 2473 ἐστι
1102 2419 1271 2483 Θεὸς,
1299 2420 1400 2473 οὐκ
1425 2421 1533 2491 ἄρα
1564 2419 1779 2490 ποίημα
1814 2419 1844 2472 6

249 2508 408 2573 Υἱὸς,
438 2509 577 2564 ἀλλὰ
614 2509 887 2582 γέννημα,
914 2508 1013 2581 οὑχ
1057 2510 1135 2575 ὡς
1162 2510 1392 2583 ποιητὴν
1423 2512 1514 2564 τὸν
1542 2510 1697 2577 Θεὸν,
1728 2510 1846 2566 ἀλλ’

234 2601 331 2661 «ὡς
362 2600 587 2672 Πατέρα
608 2598 829 2673 δηλοῦν.

944 2716 1158 2770 ΔΛΔΟ.

330 2831 401 2886 EI
438 2829 650 2902 ποίημά
681 2831 832 2885 ἐστιν
862 2833 893 2885 6
923 2830 1072 2897 Υἱὸς,
1117 2830 1194 2903 μὴ
1231 2831 1505 2887 καλείσθω
1547 2833 1743 2904 Λόγος,
1774 2832 1850 2906 μὴ

252 2922 453 2993 σοφία,
489 2921 564 2993 μὴ
595 2920 850 2993 δύναμις,
903 2924 979 2993 μὴ
1010 2923 1377 2995 ἀπαύγασμα,
1409 2926 1443 2997 ἢ
1473 2924 1649 2980 ταῦτα
1696 2926 1855 2982 κοινὰ

246 3013 358 3068 καὶ
382 3014 497 3076 τοῖς
525 3010 706 3075 ἄλλοις
732 3012 887 3066 ἔσται
912 3015 1234 3084 ποιήμασιν,
1260 3014 1418 3087 εἷπερ
1448 3014 1586 3077 ὅλως
1604 3016 1855 3088 κεχώρη-

248 3124 359 3160 .xev
387 3104 533 3159 αὐτὰ
568 3106 756 3176 φορεῖν
797 3103 1011 3175 ποίημα
1041 3102 1120 3157 ὣν
1158 3104 1281 3159 καθ’
1320 3105 1465 3175 ὑμᾶς
1498 3108 1526 3159 6
1556 3105 1701 3170 Υἱός.
1735 3106 1856 3160 Κᾶν

1939 1909 2087 1966 Patri
2111 1908 2331 1979 propria
2359 1906 2670 1977 eximiaque
2700 1904 2911 1959 insunt.

2602 2016 2843 2076 ALIUD.

2016 2131 2076 2189 Si
2097 2131 2268 2189 Filius
2290 2139 2373 2187 est
2402 2138 2676 2195 creatura,
2692 2142 2762 2184 ne
2780 2134 3003 2184 vocetur
3029 2126 3193 2182 Pater
3213 2124 3331 2194 ejus
3358 2122 3529 2189 Deus,

1943 2226 2038 2283 sed
2079 2224 2261 2296 potius
2284 2230 2505 2281 creator
2532 2230 2626 2276 aut
2647 2219 2853 2291 opifex.
2884 2217 3057 2274 Filius
3112 2216 3257 2273 enim
3306 2215 3544 2271 ostendit

1946 2326 2182 2389 patrem,
2212 2324 2267 2370 et
2293 2324 2547 2369 creatura
2587 2319 2915 2368 creatorem.
2956 2308 3051 2365 Sin
3101 2317 3284 2363 autem
3318 2313 3547 2363 vocatur

1946 2417 2003 2464 et
2029 2418 2115 2464 est
2145 2406 2309 2472 Deus,
2340 2420 2447 2461 non
2476 2404 2665 2475 utique
2692 2413 2948 2459 creatura
2980 2410 3065 2458 est
3094 2400 3293 2465 Filius,
3324 2399 3417 2454 sed
3446 2411 3545 2472 ge-

1949 2500 2152 2565 nimen,
2179 2498 2350 2554 Deum
2386 2510 2495 2553 non
2518 2506 2580 2553 ut
2603 2496 2894 2561 factorem,
2924 2494 3021 2551 sed
3075 2503 3134 2549 ut
3184 2491 3403 2548 Patrem
3454 2489 3549 2547 de-

1949 2601 2281 2647 monstrans.

2642 2700 2879 2760 ALIUD.

2027 2822 2089 2881 Si
2120 2821 2291 2878 Filius
2310 2828 2399 2877 est
2423 2826 2701 2885 creatura,
2734 2834 2803 2875 ne
2832 2826 3057 2875 vocetur
3078 2815 3343 2879 Verbum,
3376 2827 3443 2869 ne
3463 2828 3553 2870 sa-

1956 2916 2189 2990 pientia,
2221 2931 2289 2971 ne
2321 2914 2564 2986 potentia
2601 2914 2671 2981 δ’,
2697 2930 2769 2969 ne
2831 2913 3087 2983 splendor
3118 2911 3203 2967 ’δι
3257 2919 3355 2967 aut
3403 2920 3557 2967 certe

1958 3007 2267 3065 communia
2294 3008 2411 3063 hanc
2433 3014 2598 3062 erunt
2626 3006 2793 3060 etiam
2858 3021 2980 3059 cum
3014 3004 3136 3060 aliis
3182 3003 3484 3067 creaturis;
3512 3003 3557 3057 si

1959 3098 2179 3169 quidem
2212 3099 2405 3154 horum
2439 3097 2683 3153 omnium
2710 3111 2968 3167 capacem
3000 3111 3125 3151 esse
3143 3095 3323 3150 dicitis
3352 3093 3555 3149 Filium

260 3196 378 3269 γάρ
397 3212 452 3249 τι
478 3194 645 3248 πλέον
672 3193 783 3247 τῶν
811 3194 989 3248 ἄλλων
1028 3194 1191 3248 αὑτὸν
1218 3194 1361 3265 ἔχειν
1396 3196 1594 3268 λέγητε
1621 3197 1854 3268 ποιημά-

1968 3192 2055 3260 qui
2090 3198 2297 3254 tamen,
2326 3202 2395 3243 ex
2418 3197 2600 3244 vestra
2629 3188 2922 3253 sententia,
2958 3194 3044 3242 est
3103 3196 3376 3241 creatura.
3420 3184 3555 3241 Nam

248 3303 397 3352 Ma)",
426 3285 544 3339 ἀλλ’
573 3283 728 3338 ἕσται
755 3284 920 3338 πάλιν
952 3283 1107 3338 οὐδὲν
1130 3279 1293 3356 ἦττον
1316 3285 1551 3358 ποίημα.
1588 3286 1654 3342 El
1683 3287 1741 3341 δὲ
1766 3288 1861 3341 ἐπὶ

268 3378 369 3448 μιν
403 3376 517 3430 τῶν
545 3376 723 3431 ἄλλων
751 3375 963 3440 οὐδενὸς
994 3375 1065 3429 τὰ
1091 3375 1323 3431 τοιαῦτα
1350 3377 1588 3447 λέγεται,
1620 3378 1769 3452 μόνῳ
1803 3378 1862 3433 δὲ

267 3471 506 3543 πρέπειν
547 3468 626 3541 τῷ
679 3468 796 3539 Υίῷ
849 3468 1271 3539 ἐπαληθεύεται,
1329 3472 1432 3525 οὐκ
1488 3472 1600 3544 ἄρα
1648 3470 1862 3527 ἐντῶν

270 3563 595 3634 ποιημάτων
634 3561 809 3627 ἐστὶν,
841 3561 980 3616 ἀλλὰ
1018 3562 1233 3634 καρπὸς
1261 3562 1362 3636 τῆς
1408 3564 1600 3630 οὐσίας
1622 3554 1718 3620 τοῦ
1745 3566 1862 3621 Πα-

261 3653 421 3726 πρός.

966 3862 1177 3916 AAAO.

345 3970 412 4027 Ei
435 3971 614 4026 πάντα
639 3971 707 4025 δι’
736 3971 867 4026 Υίοῦ
897 3973 1227 4044 γεγενῆσθαί
1262 3991 1426 4046 φησιν
1449 3978 1482 4048 ἡ
1510 3976 1632 4034 θεία
1652 3980 1866 4054 Γραφὴ,

272 4064 493 4135 ποίημα
513 4062 573 4117 δέ
600 4080 686 4126 τις
707 4064 801 4117 καὶ
829 4064 928 4135 οὐχ
952 4065 1081 4119 Υίδν
1110 4065 1366 4137 ὁμολογεί
1399 4067 1489 4122 τὸν
1516 4070 1711 4140 Λόγον,
1744 4073 1871 4128 Υἱδν

272 4156 381 4209 οὐκ
406 4153 520 4225 ἔχει
549 4153 702 4219 Θεός.
739 4154 804 4209 EI
839 4155 896 4209 δὲ
922 4155 1086 4210 τοῦτο
1112 4158 1332 4235 ἀληθὲς,
1372 4159 1490 4225 πῶς
1536 4160 1690 4218 ἔσται
1713 4182 1873 4238 ποιη.

278 4246 402 4315 τὴς,
451 4244 555 4299 οὐκ
605 4245 744 4316 ἔχων
782 4245 853 4299 δι’
901 4239 963 4300 οὗ
1008 4246 1079 4300 τὰ
1123 4249 1303 4303 πάντα
1347 4250 1679 4322 ἑργάζεταη
1735 4257 1872 4311 Ἀλλ’

280 4335 580 4407 ἐργάζεται
608 4335 704 4390 καὶ
731 4335 1057 4422 δημιουργεί
1088 4340 1157 4393 τὰ
1183 4341 1364 4396 πάντα
1387 4342 1522 4406 Θεός
1547 4361 1559 4375 ’
1594 4344 1741 4399 ἐστιν
1765 4347 1875 4419 ἄρα

279 4427 377 4481 καὶ
413 4430 443 4483 6
476 4426 609 4492 Υἱὸς
637 4428 706 4483 δι’
735 4422 797 4481 οὗ
821 4429 892 4484 τὰ
916 4432 1114 4499 πάντα,
1148 4432 1208 4485 τὸ
1243 4429 1384 4487 εἶναι
1417 4434 1631 4507 ποίημα
1654 4437 1876 4510 διαφεύ-

284 4536 398 4589 γιων
418 4521 498 4584 ὡς
522 4518 678 4584 Θεός.

974 4718 1179 4773 ΔΛΛΟ.

475 4830 577 4898 Ὠς
609 4829 679 4894 ἐξ
717 4831 1077 4898 ἀντιθέσεως
1128 4833 1251 4890 τῶν
1280 4836 1356 4892 δι’
1392 4837 1692 4910 ἐναντίας.

357 4966 643 5033 Βουλήσει,
692 4969 881 5036 φασὶν,
925 4969 955 5021 6
992 4968 1185 5043 Πατὴρ
1224 4970 1316 5027 τὸν
1364 4973 1491 5029 Υἱδν
1540 4974 1875 5049 ὑποστήσας,

283 5056 463 5123 οὕτως
512 5057 675 5113 αὑτὸν
719 5058 941 5130 ἐποίησε
974 5061 1069 5114 καὶ
1113 5061 1468 5135 δημιουργόν.
1517 5066 1654 5121 Ἀπὸ
1681 5068 1738 5122 δὲ
1770 5073 1872 5141 τῆς

285 5150 477 5214 οὐσίας
498 5148 593 5207 τοῦ
621 5150 835 5220 Πατρδς
862 5150 923 5204 οὗ
949 5169 1129 5223 φαμεν
1169 5143 1437 5227 ὑπάρχειν
1466 5157 1651 5224 αὐτὸν,
1685 5160 1772 5215 ἴνα
1794 5161 1871 5233 μὴ

286 5244 429 5314 τομή
470 5260 557 5309 τις
585 5244 683 5298 καὶ
713 5246 991 5317 άπόρῤοια
1042 5248 1227 5319 νοῆται
1272 5250 1402 5321 περὶ
1443 5251 1543 5322 τὴν
1594 5250 1873 5325 ἄφραστον

292 5332 511 5404 lassiqu
540 5332 750 5389 οὐσίαν.

780 5448 935 5517 Πρὸς
972 5449 1149 5505 τοῦτο
1185 5452 1389 5518 λύσις.

378 5559 519 5615 Ἀλλ’
541 5559 658 5614 εστι
685 5561 858 5615 ταῦτα
877 5562 1043 5634 λῆρος
1070 5564 1165 5617 καὶ
1191 5564 1427 5637 φλυαρία
1456 5566 1646 5641 πολλή.
1685 5569 1883 5644 ’λπόῤ-

300 5652 421 5723 pata
437 5651 536 5723 μὲν
556 5650 667 5721 γὰρ
683 5650 777 5704 καὶ
796 5650 957 5723 τομὴ,
988 5652 1083 5706 καὶ
1094 5653 1194 5705 ὅσα
1212 5652 1438 5706 τοιαῦτα
1462 5653 1631 5726 πάθη,
1654 5655 1882 5712 νοείσθω

368 5828 414 5861 δ’
444 5827 599 5899 Joan,
629 5843 739 5899 avt,
768 5829 854 5886 15.
932 5830 976 5862 ⁸³
1009 5828 1176 5887 lCor.
1208 5846 1248 5899 ι,
1283 5831 1373 5888 24.
1452 5832 1498 5865 ⁸⁸
1522 5831 1686 5889 Hebr.
1724 5846 1763 5894 ι.
1789 5834 1843 5891 5.

1963 3283 2181 3338 tametsi
2207 3296 2331 3337 eum
2353 3280 2559 3352 aliquid
2590 3280 2824 3351 amplius
2852 3295 3016 3350 quam
3072 3279 3314 3347 reliquas
3344 3286 3564 3334 creatu-

1963 3389 2055 3430 ras
2084 3375 2290 3429 habere
2354 3372 2647 3439 censeatis,
2696 3370 3053 3426 nihilominus
3123 3380 3307 3426 tamen
3395 3372 3560 3426 etiam

1962 3474 2215 3521 creatura
2242 3472 2347 3522 est.
2375 3462 2441 3518 At
2475 3465 2520 3518 si
2556 3464 2623 3519 de
2653 3463 2805 3519 nulla
2847 3464 2952 3518 alia
2993 3472 3249 3519 creatura
3285 3461 3561 3530 ejusmodi

1966 3555 2244 3625 dicuntur,
2274 3555 2371 3612 sed
2402 3556 2504 3611 soli
2542 3554 2680 3611 Filio
2722 3570 2851 3611 vere
2886 3554 3256 3611 conveniunt:
3314 3568 3422 3609 non
3479 3562 3565 3611 est

1965 3647 2132 3718 igitur
2164 3647 2333 3707 Filius
2357 3663 2499 3704 unus
2528 3662 2595 3703 ex
2621 3646 2914 3713 creaturis,
2945 3646 3041 3702 sed
3077 3646 3285 3702 fructus
3312 3646 3567 3701 essentia:

1967 3739 2168 3796 Patris.

2646 3850 2883 3909 ALIUD.

2043 3967 2101 4023 Si
2132 3967 2413 4039 Scriptura
2437 3983 2592 4025 sacra
2628 3969 2814 4024 omnia
2867 3984 2965 4039 per
3006 3968 3203 4024 Filium
3253 3967 3397 4024 facta
3441 3980 3568 4024 esse

1976 4058 2231 4125 aﬂirmat,
2274 4068 2332 4114 at
2358 4073 2454 4114 vos
2476 4048 2722 4118 Verbum
2758 4067 3065 4114 creaturam
3117 4072 3239 4114 esse
3278 4056 3563 4114 contendi-

1977 4154 2064 4216 tls,
2087 4165 2193 4206 non
2231 4148 2431 4206 Filium
2456 4167 2472 4205 :
2500 4151 2643 4206 Deus
2672 4163 2803 4221 ergo
2825 4150 3021 4207 Filium
3055 4164 3161 4204 non
3197 4150 3382 4205 habet.
3410 4148 3567 4217 Quod

1975 4241 2022 4296 si
2040 4254 2227 4295 verum
2271 4250 2378 4308 est,
2422 4240 2697 4312 quomodo
2723 4241 3110 4299 erit‘creator.—
3144 4253 3270 4293 cum
3327 4253 3436 4293 non
3475 4238 3573 4293 ha-

1976 4334 2103 4387 heat
2155 4347 2253 4402 per
2278 4348 2439 4401 quem
2509 4334 2694 4388 omnia
2753 4331 2946 4387 creat?
2999 4329 3165 4401 Atqui
3220 4338 3481 4399 operatur
3515 4339 3573 4387 et

1977 4433 2129 4479 creat
2170 4425 2354 4479 omnia
2381 4424 2566 4479 Deus:
2629 4434 2713 4478 est
2746 4437 2878 4494 ergo
2928 4430 2981 4477 et
3022 4420 3210 4485 Filius,
3259 4434 3355 4491 per
3406 4435 3571 4490 quem

1902 4551 1952 4611 Β
1978 4512 2185 4580 omnia,
2213 4512 2426 4569 alienus
2449 4514 2519 4570 ab
2541 4527 2607 4571 eo
2636 4522 2695 4569 ut
2715 4513 2787 4568 sit
2809 4520 3085 4576 creatura,
3110 4510 3570 4582 quemadmodum

1981 4606 2141 4660 Deus.

2653 4718 2888 4777 ALIUD.

2352 4832 2441 4887 Ex
2471 4832 2764 4903 oojectione
2790 4832 3182 4886 hereticorum.

2052 4968 2237 5036 Pater,
2275 4969 2554 5041 inquiunt,
2585 4968 2864 5024 voluntate
2893 4965 3093 5022 Filium
3129 4961 3575 5029 shhstituens,ita

1981 5076 2199 5131 quoque
2222 5070 2276 5115 et
2304 5061 2481 5131 ipsum
2511 5070 2813 5117 creatorem
2843 5057 3048 5115 etl‘ecit.
3078 5055 3154 5113 Ex
3178 5057 3415 5112 essentia
3442 5069 3577 5111 vero

1981 5152 2161 5209 Patris
2210 5169 2335 5209 eum
2388 5154 2656 5210 exsistere
2711 5168 2993 5223 negamus,
3068 5165 3141 5206 ne
3198 5148 3369 5205 sectio
3423 5162 3574 5218 quaa-

1982 5244 2107 5299 dam
2143 5254 2237 5300 aut
2285 5245 2484 5301 divisio
2542 5247 2595 5301 in
2646 5246 2735 5302 illa
2787 5243 3049 5301 ineffabili
3082 5242 3323 5298 essentia
3359 5248 3575 5297 statua-

1983 5343 2090 5393 tur.

2384 5450 2549 5522 212
2596 5449 2806 5507 Salutio
2836 5450 3170 5521 objectionis.

2056 5564 2217 5621 Mene
2238 5580 2414 5637 nugae,
2446 5582 2708 5638 meraque
2732 5566 3089 5625 deliramenta
3123 5567 3239 5621 haec
3265 5572 3413 5620 sunt.
3472 5563 3578 5620 Se-

1985 5658 2093 5716 ctio
2121 5660 2346 5717 enimet
2376 5659 2593 5729 divisio,
2646 5661 2873 5732 aliaeque
2928 5660 2981 5717 id
3022 5658 3193 5732 genus
3259 5655 3578 5713 aﬁ'ectiones
