3994 6324
1483 382 1543 441 S.
1582 383 1861 440 CYRILLI
1900 380 2372 439 ΑιεχΑΝοιιιΝι
2411 380 2728 437 ARCHIEP.

3610 377 3717 433 360

473 500 792 573 corporibus
827 501 1152 563 tribuantur,
1183 496 1379 569 quibus
1403 509 1458 555 et
1483 500 1695 559 alectio
1725 502 1838 557 sive
1860 500 2038 573 passio

2147 501 2275 571 περὶ
2306 500 2375 554 τὰ
2402 500 2649 581 σώματα,
2682 493 2763 562 οἷς
2787 498 2881 551 καὶ
2908 496 2970 550 τὸ
2995 475 3227 567 πάσχειν
3256 496 3481 549 οἰκεῖον*
3513 492 3555 581 6r
3654 489 3717 543 τὸ

474 593 686 662 propria
720 600 842 657 est;
893 592 987 662 qui
1032 606 1160 649 vero
1216 607 1514 663 corporeus
1564 607 1670 646 non
1730 600 1833 657 est,
1867 590 1935 646 ab
1974 605 2041 646 eo

473 682 635 735 etiam
668 696 941 751 corporea:
991 682 1309 739 aﬂ'ectiones
1338 684 1526 739 aliene
1566 696 1709 737 sunt.
1728 681 1912 753 Gignit
1939 682 2041 737 ita-

473 787 577 841 que
606 772 740 827 citra
767 772 926 827 ullam
949 774 1241 828 sectionem
1267 782 1359 827 aut
1396 772 1701 843 passionem
1729 772 1775 828 is
1821 773 1915 843 qui
1968 773 2042 827 in-

473 878 764 934 corporeus
789 854 890 920 est.
927 864 1182 933 Quanam
1214 864 1361 919 enim
1401 864 1585 932 passio
1636 863 1738 920 soli
1792 864 2042 919 accidere

473 955 738 1019 cernitur,
768 968 890 1007 cum
922 968 989 1007 ex
1014 968 1073 1008 se
1101 954 1275 1023 gignit
1297 952 1526 1008 lumen?
1562 953 1820 1021 Quanam
1847 954 2041 1012 divisio

474 1046 671 1105 accidit
696 1047 829 1113 igni,
850 1046 1065 1116 quando
1113 1032 1561 1101 illdmiuatiouem
1600 1061 1668 1101 es
1701 1060 1761 1102 se
1799 1046 2041 1102 emittit?

474 1137 542 1189 At
570 1136 614 1190 si
651 1136 761 1189 haec
784 1136 1007 1206 gignunt
1035 1136 1167 1189 citra
1225 1135 1389 1189 ullam
1447 1136 1870 1204 separatiouem,
1909 1151 2039 1207 pro-

473 1227 782 1294 ducuntque
806 1240 867 1279 ea
896 1239 1016 1294 qua;
1036 1224 1088 1279 in
1107 1226 1237 1296 ipsis
1258 1236 1385 1281 sunt
1410 1225 1611 1305 absque
1628 1226 1739 1283 ulla
1766 1228 2036 1297 passione,

474 1315 744 1385 quomodo
770 1330 875 1369 non
906 1314 1071 1370 multo
1096 1316 1264 1385 magis
1281 1317 1472 1371 horum
1495 1327 1706 1371 creator
1725 1332 1790 1371 es
1816 1331 1911 1371 sua
1940 1332 2039 1371 ua-

479 1417 595 1460 tura
636 1407 1255 1476 emittetsplendorem?
1284 1408 1389 1461 Aut
1436 1408 1704 1477 quomodo
1758 1408 2040 1462 character

474 1500 541 1551 ab
571 1498 801 1566 imagine
815 1496 1140 1565 separetur?
1176 1496 1403 1566 Semper
1428 1499 1572 1552 enim
1606 1498 1719 1553 haec
1752 1496 2036 1566 conjuncta

474 1601 598 1645 sunt
626 1590 893 1658 simulque
936 1589 1219 1645 exsistunt.
1284 1588 1379 1643 Sin
1440 1604 1568 1643 vero
1618 1576 1775 1658 juxta
1820 1589 2035 1644 illorum

473 1682 800 1751 opinionem,
832 1680 981 1734 arida
1014 1694 1080 1736 ac
1134 1680 1338 1736 sterilis
1359 1689 1445 1735 est
1470 1678 1565 1735 Dei
1594 1692 1785 1734 natura
1822 1696 1836 1733 :
1890 1695 2039 1749 qua-

476 1787 598 1827 nam
618 1785 689 1825 ex
735 1773 850 1839 ipso
904 1774 1200 1841 procedens
1243 1772 1497 1827 voluntas
1542 1773 1727 1828 eﬂicas
1767 1782 1870 1837 est,
1917 1786 2035 1843 qua

474 1862 702 1928 Filium,
738 1871 797 1916 ut
840 1862 914 1915 illi
943 1862 1145 1927 volunt,
1176 1863 1473 1929 substituit,
1521 1863 1755 1917 creatrix
1798 1863 2040 1932 quadam

466 1954 762 2018 essistens,
782 1961 1035 2006 eteorum
1052 1958 1172 2022 qua:
1186 1968 1293 2009 non
1314 1955 1582 2010 exsistunt
1601 1953 1882 2009 εσθαιιὶιῖ
1905 1950 2041 2007 Cum

476 2042 619 2096 enim
638 2039 1143 2109 detrectantlateri,
1169 2058 1235 2097 ex
1278 2043 1514 2098 essentia
1577 2042 1755 2098 Patris
1799 2043 2042 2113 genitum

475 2148 594 2189 esse
614 2147 805 2190 creaus
837 2134 1004 2204 ipsius
1032 2132 1288 2196 Verbum,
1319 2148 1351 2187 a
1383 2134 1610 2189 veritate
1639 2135 1691 2188 in
1719 2135 1860 2188 hunc
1883 2148 2039 2189 erro-

476 2224 894 2279 rem'labuntur.
933 2224 1028 2279 Est
1054 2223 1196 2278 enim
1228 2222 1397 2279 Filius
1428 2225 1545 2279 viva
1576 2234 1739 2293 atque
1786 2227 2044 2280 essentia-

476 2316 596 2369 liter
625 2315 948 2372 iuexsistens
974 2315 1150 2370 Patris
1179 2314 1446 2377 voluntas.
1479 2325 1536 2372 et
1589 2316 1821 2371 Verbum
1850 2316 2040 2387 ipsius,

476 2423 571 2477 per
598 2410 736 2477 quod
765 2408 941 2464 omnia
976 2417 1243 2478 operatur.

476 2535 777 2614 Observatio
807 2557 872 2595 ea:
892 2556 1043 2614 sacra
1083 2540 1378 2609 Scriptura,
1401 2543 1539 2611 quod
1565 2542 1722 2597 etiam
1745 2543 1811 2596 de
1852 2544 1919 2597 iis
1952 2545 2044 2614 qui

538 2611 851 2663 naturaliter
872 2611 975 2682 filii
1003 2620 1189 2682 sunt“
1216 2614 1443 2678 genitum
1485 2628 1613 2679 esse,
1647 2630 1666 2664 ι
1716 2622 1763 2666 et
1792 2632 1810 2665 ι
1843 2611 2043 2682 factum

530 2694 661 2744 esse,
698 2697 715 2729 ι
758 2680 1122 2749 indi/ferent"
1149 2680 1383 2735 dicatur.

546 2811 773 2866 Nomina
802 2810 935 2866 nihil
964 2809 1225 2873 oﬂiciunt.
1270 2825 1392 2865 cum
1447 2826 1535 2866 res
1586 2812 1717 2881 ipsae
1781 2812 1938 2868 aliter
1983 2828 2042 2869 se

478 2902 698 2958 habent.
735 2901 968 2957 Tametsi
1006 2904 1146 2956 enim
1192 2903 1259 2956 iis
1303 2902 1392 2971 qui
1426 2910 1621 2959 natura
1644 2904 1737 2959 lilii
1763 2913 1909 2970 sunt,
1936 2919 2045 2959 ser-

476 2995 663 3048 vitutis
698 3009 886 3048 nomen
934 3002 1367 3048 accommouetur
1392 3036 1407 3059 ,
1446 2995 1707 3050 naturalis
1752 2997 2044 3051 nobilitatis

479 3086 722 3156 dignitati
750 3084 883 3139 nihil
918 3084 1164 3155 derogat.
1200 3086 1377 3153 Atque
1406 3085 1476 3139 ita
1520 3087 1681 3140 etiam
1710 3087 1756 3141 si
1781 3088 1869 3156 qui
1893 3088 2045 3158 geni-

2142 586 2281 643 εῐναι
2310 590 2466 660 σῶμα
2498 579 2800 657 διαφυγὼν,
2845 588 2939 640 καὶ
2981 585 3049 639 τὰ
3079 586 3347 656 σωμάτιον
3369 579 3717 649 διαφεύξεται

2143 680 2312 751 πάθη.
2361 682 2403 734 Τ
2410 681 2547 733 ίκτει
2594 678 2879 749 τοιγαροῦν
2928 678 3239 748 ἁμερίστως
3286 675 3379 729 καὶ
3420 672 3649 735 ἀπαθῶς
3686 674 3719 725 6

2140 771 2452 841 ἀσώματος.
2494 772 2651 823 Ποῖον
2691 770 2801 842 γὰρ
2844 770 3014 833 πάθος
3060 768 3186 839 περὶ
3219 767 3308 820 τὸν
3344 766 3717 837 ηλιονιὸρᾶται

2140 864 2441 931 γινόμενον,
2468 864 2555 916 ὅτε
2588 862 2764 925 τίιςιει
2793 862 2853 917 τὺ
2889 862 3033 930 φῶς;
3068 862 3224 921 Ποτος
3267 856 3554 927 συμϐαίνει
3586 856 3715 925 περὶ

2140 953 2200 1007 τδ
2230 953 2340 1024 πῦρ
2372 953 2657 1024 μερισμὸς,
2688 955 2817 1007 ὅταν
2854 954 3119 1024 εκπέμπῃ
3148 951 3237 1005 τὸν
3277 951 3336 1017 ἐξ
3364 947 3560 1003 ἑαυτοῦ
3601 965 3709 1016 φω-

2140 1046 2365 1113 τισμὸν;
2397 1044 2460 1098 El
2491 1044 2547 1096 δὲ
2572 1042 2744 1097 ταῦτα
2768 1044 2931 1113 γεννᾷ
2957 1043 3055 1112 μιν
3077 1044 3411 1113 ἀμερίστως,
3436 1040 3712 1109 ἐκπέμπει

2140 1136 2195 1189 δὲ
2221 1136 2289 1189 τὰ
2332 1136 2392 1203 ἐξ
2440 1135 2647 1189 ἑαυτῶν
2690 1134 2937 1197 ἀπαθῶς,
2973 1135 3091 1197 πῶς
3128 1134 3189 1186 οὐ
3231 1133 3413 1205 πολλῷ
3456 1131 3658 1203 μᾶλλον
3685 1132 3718 1185 6

2138 1226 2341 1280 τούτων
2400 1227 2628 1298 ποιητὴς
2677 1227 2775 1296 τῆς
2820 1226 3015 1279 ἑαυτοῦ
3070 1225 3284 1294 φύσεως
3340 1223 3609 1294 ἐκπεμψει
3653 1221 3719 1276 τδ

2138 1318 2511 1388 ἁπαύγασμας
2540 1319 2675 1373 Πότε
2698 1318 2983 1389 χαρακτὴρ
3008 1318 3215 1380 είκόνος
3238 1317 3568 1387 χωρίζεται;
3602 1313 3721 1366 ’Δεὶ

2138 1408 2245 1479 γὰρ
2278 1410 2412 1478 αὐτῇ
2460 1408 2783 1478 συμπέφυκέ
2821 1425 2879 1459 τε
2914 1407 3007 1459 καὶ
3040 1406 3358 1476 ἐνυπάρχει.
3394 1405 3457 1458 El
3500 1403 3559 1456 δι
3591 1400 3720 1456 κατ’

2137 1500 2375 1562 ἐκείνους
2403 1498 2541 1570 ξηρὰ
2572 1500 2664 1552 καὶ
2701 1499 2945 1567 ἄκαρπός
2976 1501 3123 1552 ἐστιν
3151 1500 3183 1568 ἡ
3216 1496 3310 1550 τοῦ
3348 1494 3502 1565 Θεοῦ]
3526 1494 3717 1563 φύσις,

2137 1589 2270 1659 τίςή
2317 1587 2377 1653 ἐξ
2403 1588 2568 1641 αὑτοῦ
2606 1588 2942 1659 προελθοῦσα
2976 1588 3230 1659 βούλησις
3263 1585 3513 1658 ἐνεργὴς,
3553 1584 3588 1656 η
3622 1584 3720 1639 καὶ

2135 1681 2225 1735 τὸν
2257 1679 2382 1733 Υἱὸν
2431 1682 2551 1733 κατ’
2582 1680 2822 1743 εκείνους
2874 1680 3171 1750 ὑπέστησε,
3210 1678 3577 1750 δημιουργική
3628 1693 3718 1740 τις

2139 1768 2272 1825 οὖσα
2300 1774 2393 1826 καὶ
2430 1773 2538 1827 τῶν
2578 1774 2678 1825 οὐκ
2723 1773 2891 1826 ὄντων
2936 1772 3234 1843 ποιητική;
3272 1771 3575 1839 Φεύγοντες
3605 1769 3719 1841 γὰρ

2072 1845 2113 1899 Β
2144 1866 2202 1918 τὸ
2232 1867 2296 1918 εκ
2326 1864 2426 1934 τῆς
2451 1865 2639 1929 οὐσίας
2657 1863 2752 1918 τοῦ
2777 1864 2989 1936 [ἰατρὸς
3026 1863 3385 1934 γεγεννῆσθαι
3415 1863 3599 1931 λέγειν
3624 1862 3717 1915 τὸν

2142 1956 2472 2027 δημιουργὸν
2514 1956 2681 2010 αὐτοῦ
2718 1956 2912 2025 Λόγον,
2952 1956 3017 2008 εκ
3052 1955 3151 2027 τῆς
3180 1953 3439 2026 ἀληθείας
3472 1954 3550 2016 είς
3581 1951 3719 2007 αὐτὶ

2144 2047 2573 2101 συνελαύνονται.
2607 2048 2763 2101 Ἔστι
2809 2047 2917 2119 γὰρ
2946 2046 3073 2110 Υίὺς
3100 2047 3134 2117 ἠ
3168 2044 3319 2111 ζῶσα
3354 2046 3448 2099 καὶ
3476 2044 3719 2108 ενούσιος

2140 2138 2235 2192 τοῦ
2266 2140 2478 2211 Πατρδς
2517 2138 2793 2211 βούλησις,
2835 2140 2930 2195 καὶ
2956 2140 3191 2213 ὀᾉόγος
3229 2138 3420 2204 αὐτοῦ,
3458 2138 3526 2193 δι’
3549 2129 3614 2192 οὖ
3644 2137 3721 2192 τὰ

2144 2232 2323 2287 πάντα
2352 2230 2671 2303 ἐργάζεται.

2155 2547 2534 2615 Ἐπιτήρησις
2565 2546 2681 2615 ἀπὸ
2714 2544 2823 2612 τῆς
2867 2544 3028 2615 θείας
3061 2542 3328 2615 Γραφῆς,
3358 2542 3444 2615 ὅτι
3488 2541 3585 2615 καὶ
3613 2540 3718 2615 ἐστι

2214 2609 2539 2684 tiberim—308}
2579 2614 2741 2677 υιῶν,
2768 2609 2833 2667 εὖ
2865 2634 2882 2665 ι
2911 2609 3233 2681 ἐγένοήοἰ
3268 2613 3305 2680 ἢ
3334 2612 3431 2665 καὶ
3463 2630 3482 2662 ι
3519 2609 3720 2679 ἐποιή-

2214 2690 2414 2753 θησαν
2460 2704 2479 2735 s
2522 2685 2705 2738 κεῖται
2733 2684 3082 2752 ἀδιαφόρως.

2213 2818 2375 2881 Οὐδὲν
2424 2818 2478 2869 αἱ
2513 2816 2682 2881 λέξεις
2732 2815 3029 2879 ἀδικοῦσιν,
3081 2816 3209 2869 ὃταν
3253 2815 3453 2883 ἑτέρως
3503 2813 3604 2884 ἔχῃ
3644 2814 3720 2867 τὰ

2143 2909 2285 2979 πράγ
2300 2925 2461 2978 ματα.
2480 2907 2601 2959 Ἐπὶ
2630 2905 2739 2975 γὰρ
2760 2904 2868 2957 τῶν
2891 2902 3224 2975 φιόσειςυὶὦν,
3254 2902 3357 2956 κᾶν
3377 2901 3438 2954 τὸ
3469 2900 3569 2971 τῆς
3590 2899 3719 2953 δου-

2142 3001 2292 3063 λείας
2330 3000 2498 3069 ὄνομα
2539 2997 2820 3067 τάττηται,
2854 2996 2916 3049 οὐ
2964 2995 3310 3065 παραιτεῖται
3341 2994 3439 3063 τῆς
3477 2992 3718 3062 uocati}:

2145 3088 2422 3157 εὐγενείας
2456 3088 2516 3139 τὸ
2561 3084 2798 3155 ἀξίωμα.
2839 3084 2959 3138 Κᾶν
3006 3086 3033 3137 6
3077 3083 3357 3153 γεννηθεὶς
3387 3080 3716 3151 πεποιῆσθαι

480 3186 564 3230 tus
587 3185 687 3241 est,
719 3175 890 3229 lactus
922 3190 1042 3231 esse
1089 3176 1322 3242 dicatur,
1360 3178 1597 3245 quandiu
1663 3192 1843 3232 veram
1884 3194 2036 3233 suam

2141 3179 2383 3249 λέγηται,
2419 3178 2524 3240 ἕως
2558 3176 2623 3229 ἂν
2655 3175 2804 3247 αὑτῷ
2836 3174 3205 3246 περισώζηται
3235 3172 3295 3226 τὸ
3326 3171 3714 3244 ἀληθέστερον.

478 3266 735 3336 originem
770 3267 989 3332 retinet,
1016 3282 1208 3322 nomen
1240 3269 1414 3337 ipsum
1440 3268 1490 3321 ei
1538 3269 1734 3323 damno
1778 3284 1899 3325 esse
1937 3286 2042 3326 non

480 3357 956 3426 potesLNaturam
987 3359 1131 3412 enim
1189 3374 1295 3413 non
1359 3359 1577 3413 nomina
1624 3360 1677 3413 in
1734 3363 2042 3417 universum

483 3447 824 3515 inquirimus.
853 3447 985 3502 Cum
1012 3449 1174 3517 igitur
1201 3451 1267 3503 de
1291 3449 1592 3519 genitoDei
1623 3447 1800 3506 Verbo
1825 3452 2039 3519 dicitur,

478 3540 618 3607 quod
640 3538 712 3593 sit
730 3538 900 3593 ﬁdelis
921 3539 969 3593 ei
994 3540 1082 3608 qui
1113 3538 1237 3594 fecit
1260 3540 1531 3608 ip_sum“',
1561 3556 1625 3596 ne
1648 3542 1770 3611 quis
1795 3544 2040 3613 proprie-

480 3638 639 3683 tatem
667 3630 995 3683 exsistentia:
1013 3630 1182 3700 ipsius
1204 3631 1582 3698 calumnietur,
1620 3636 1712 3688 sed
1732 3642 1824 3688 aut
1844 3635 2042 3691 intelli-

479 3732 562 3789 gat
588 3723 793 3776 ratione
832 3722 1227 3777 incarnationis
1253 3723 1479 3787 dictum,
1515 3733 1608 3777 aut
1656 3725 1795 3778 nihil
1843 3724 2035 3780 olliciat

477 3814 685 3866 veritati
724 3828 915 3867 nomen
960 3814 1103 3882 quod
1134 3812 1498 3869 indiﬂerenter
1534 3816 1814 3884 accipitur.
1854 3815 2042 3871 Betsa-

476 3901 573 3957 hee
629 3903 967 3957 Salomonem
1032 3920 1245 3958 servum
1305 3905 1468 3959 David
1517 3908 1747 3972 vocavit,
1811 3908 2037 3963 dicens:

482 4010 500 4042 ι
532 3989 755 4044 Servum
791 4002 937 4044 tuum
967 3992 1305 4047 Salmuonem
1335 3994 1401 4047 δ’.
1449 4012 1467 4045 ι
1489 3993 1675 4049 Patres
1694 4011 1905 4065 quoque
1936 4010 2039 4051 sae-

477 4097 771 4150 penumero
812 4099 905 4137 eos
926 4085 1017 4153 qui
1044 4099 1107 4137 ex
1139 4086 1267 4154 ipsis
1304 4087 1465 4154 geniti
1498 4098 1621 4141 sunt
1648 4103 1832 4143 servos
1847 4097 2040 4143 vocant

475 4184 529 4227 et
555 4189 757 4241 servos,
797 4175 951 4231 ﬁlios.
974 4175 1235 4231 (la-terum
1274 4180 1487 4231 nomina
1518 4189 1765 4234 naturam
1794 4196 1899 4236 non
1937 4183 2039 4236 im-

476 4274 702 4328 mutant,
730 4267 820 4319 sed
848 4268 1021 4334 potius
1055 4278 1379 4334 potestatem
1413 4270 1623 4323 illorum
1652 4272 1741 4339 qui
1794 4273 1872 4326 ita
1919 4273 2039 4328 illos

475 4353 751 4423 appellare
777 4357 1092 4424 voluerunt,
1132 4362 1454 4431 signiﬁcant.
1483 4361 1635 4429 Quod
1667 4373 1844 4417 autem
1871 4367 2035 4419 etiam

476 4444 511 4497 ii
540 4446 629 4513 qui
658 4447 826 4514 geniti
855 4458 999 4512 sunt,
1039 4466 1057 4500 ι
1098 4450 1222 4504 lacti
1262 4470 1280 4501 ι
1333 4452 1604 4517 dicantur,
1649 4454 1773 4509 inde
1808 4457 2036 4511 manife-

2142 3270 2293 3323 οὐδὲν
2320 3269 2427 3321 ἀπὸ
2445 3270 2542 3337 τῆς
2570 3267 2768 3332 λέξεως
2795 3266 3055 3338 ὑπομένει
3099 3266 3160 3320 τὸ
3195 3266 3456 3335 ἀδίκημα.
3500 3265 3565 3317 Ἦ
3602 3264 3717 3335 γὰρ

2143 3358 2326 3429 φύσις,
2355 3359 2415 3411 οὐ
2456 3359 2672 3421 πάντως
2706 3358 2739 3428 ἡ
2784 3356 2930 3421 λέξις
2959 3355 3291 3421 εξετάζεται.
3324 3356 3493 3410 Ὅταν
3534 3356 3717 3409 τοίνυν

2141 3451 2235 3505 ἐπὶ
2264 3451 2356 3505 τοῦ
2389 3450 2737 3521 γεννηθέντος
2766 3447 2901 3502 Θεοῦ
2931 3448 3105 3517 Λόγου
3135 3448 3370 3519 φέρηται
3396 3448 3477 3513 τὸ,
3514 3447 3717 3501 Πιστδν

2141 3542 2269 3597 ὄντα
2292 3542 2368 3612 τῷ
2404 3544 2690 3612 ποιήσαντι
2728 3539 2881 3605 αὐτὸ,
2908 3540 2982 3611 μὴ
3005 3538 3449 3609 συκοφαντείσθω
3476 3538 3537 3591 τὸ
3575 3539 3716 3609 γνή-

2143 3650 2256 3686 σιον
2276 3634 2373 3703 τῆς
2412 3631 2698 3703 ὑπάρξεως
2732 3630 2919 3693 αυτοῦ,
2952 3630 3066 3683 ἀλλ’
3111 3630 3144 3702 ἢ
3192 3629 3416 3684 νοείσθω
3450 3631 3580 3702 περὶ
3617 3631 3715 3684 τὸν

2138 3724 2237 3794 τῆς
2294 3724 2753 3795 ἑνανθρωπήσεως
2794 3721 2971 3790 λόγον,
3018 3722 3052 3792 ἢ
3097 3721 3263 3793 μηδὲν
3316 3722 3568 3776 ἁδικείτω
3609 3721 3714 3793 τὴν

2141 3817 2402 3887 ἀλήθειαν
2423 3819 2483 3870 τὸ
2516 3816 2615 3886 τῆς
2641 3813 2840 3879 λέξεως
2868 3812 3179 3887 ἀδιάφορον.
3198 3813 3476 3885 Βηρσασεὲ
3502 3815 3592 3867 τὸν
3612 3815 3703 3867 Σο-

2140 3908 2354 3979 λομῶνα
2382 3907 2564 3961 δοῦλον
2588 3906 2769 3959 ἐκάλει
2795 3906 2889 3959 τοῦ
2916 3906 3095 3969 Δαὸὶδ,
3121 3906 3353 3972 λέγουσα
3373 3923 3386 3936 ·
3424 3926 3444 3958 ι
3475 3906 3576 3960 Τδν
3597 3904 3713 3959 δοῦ-

2139 3998 2227 4051 λόν
2258 4015 2349 4050 σου
2386 3996 2692 4067 Σολομῶνα.
2740 4015 2756 4045 ι
2792 3996 2900 4047 Καὶ
2940 3997 3174 4065 πατέρες
3210 3996 3468 4058 πολλάκις
3492 3997 3619 4058 τοὺς
3646 3993 3713 4061 ιε

2138 4088 2345 4142 ἑαυτῶν
2391 4087 2745 4157 γεννηθέντας
2793 4085 3008 4148 δούλους
3053 4085 3407 4149 ἀποκαλοῦσι,
3447 4086 3541 4141 καὶ
3579 4087 3711 4150 τοὺς

2137 4180 2351 4243 οἰκέτας
2384 4180 2553 4242 υἱούς.
2597 4179 2735 4232 Ἀλλ’
2771 4181 2869 4251 οὐχ
2896 4182 2952 4233 αί
2980 4179 3154 4246 λέξεις
3182 4178 3280 4248 τὴν
3323 4178 3487 4245 φύσιν
3510 4179 3710 4236 ἀλλάτ-

2136 4290 2311 4336 τουσι,
2344 4271 2541 4341 μᾶλλον
2561 4270 2617 4323 δὲ
2650 4270 2745 4339 τὴν
2771 4269 3018 4333 ὲξουσίαν
3056 4270 3165 4321 τῶν
3189 4268 3331 4321 οὕτω
3369 4267 3707 4338 βουλομένων

2139 4363 2431 4417 ἀποκαλεῖν
2448 4360 2894 4414 ἐπιδεικνύουσιν.
2922 4361 3044 4413 Ὀτι
3062 4360 3117 4412 δὲ
3139 4360 3231 4413 καὶ
3251 4361 3344 4411 ἐπὶ
3371 4359 3480 4413 τῶν
3509 4377 3709 4427 γεννω-

2142 4454 2317 4524 μένων
2344 4455 2655 4523 εὑρίσκεται
2683 4453 2744 4505 τὸ
2777 4471 2793 4501 ι
2834 4453 3075 4522 ἐποίησε.
3110 4470 3127 4502 ι
3150 4452 3305 4521 δῆλον
3335 4451 3600 4506 ἐντεῦθεν.
3643 4453 3705 4506 '0

474 4544 614 4587 stum
638 4544 738 4587 est.
768 4534 927 4604 213
956 4537 1213 4592 Ezechias
1242 4541 1382 4592 enim
1415 4540 1485 4593 ita
1522 4542 1696 4610 inquit
1729 4562 1741 4596 :
1782 4562 1799 4594 ι
1834 4544 1913 4598 Ab
1945 4545 2035 4599 bo-

2142 4546 2236 4615 μὲν
2279 4545 2384 4612 γὰρ
2426 4542 2669 4611 Ἐζεκίας
2716 4542 2907 4611 φησίν·
2942 4560 2959 4591 ι
3009 4540 3140 4595 Ἀπὸ
3184 4540 3292 4609 γὰρ
3337 4540 3435 4608 τῆς
3467 4541 3705 4610 σήμερον

472 4624 657 4679 dierno
681 4624 767 4679 die
796 4626 933 4680 ﬁlios
962 4628 1152 4683 faciam
1186 4630 1252 4684 “.
1294 4650 1313 4682 ι
1374 4630 1440 4684 Ει
1494 4633 1560 4687 de
1608 4631 1707 4688 Job
1773 4637 2031 4704 scriptum

470 4726 553 4771 est
588 4733 601 4768 :
668 4735 685 4767 ι
716 4717 864 4772 Facti
900 4729 1027 4773 sunt
1056 4722 1102 4775 ei
1136 4722 1229 4775 ﬁlii
1257 4731 1481 4791 septem,
1506 4734 1560 4778 et
1587 4724 1706 4781 ﬁlia:
1764 4736 1872 4783 tres
1902 4727 1969 4780 ⁵⁷.
2011 4747 2029 4779 ι

471 4806 528 4861 Si
555 4823 682 4879 ergo
726 4810 777 4863 in
805 4810 1132 4880 hominibus,
1188 4829 1294 4868 non
1350 4815 1590 4871 absolute
1641 4819 1879 4883 nomina,
1940 4822 2033 4873 sed

471 4914 559 4952 res
594 4900 737 4968 ipsas
773 4901 1061 4970 intuentes,
1110 4918 1228 4973 qua:
1279 4906 1528 4960 dicuntur
1569 4908 2025 4978 interpretamur:

470 4989 734 5069 quomodo
761 5006 864 5045 non
923 4992 1131 5047 utiliter
1179 4994 1321 5048 idem
1382 4996 1435 5050 in
1497 4995 1632 5053 l-‘ilio
1673 4996 1767 5053 Dei
1816 5009 2025 5055 statue-

467 5078 617 5131 unus?

1168 5284 1393 5339 ALIliD.

529 5390 752 5456 Nomen,
780 5392 946 5460 ﬁlius,
978 5405 1378 5463 generationem
1403 5412 1468 5452 es
1519 5410 1670 5467 patre
1738 5400 2026 5471 signiﬁcat,

2138 4632 2324 4685 παιδία
2359 4632 2589 4700 ποιήσω.
2623 4648 2641 4681 ι
2680 4631 2813 4701 Περὶ
2847 4630 2903 4682 δὲ
2938 4629 3033 4682 τοῦ
3076 4628 3193 4681 Ἰὼϐ
3245 4629 3572 4700 γέγραπται,
3620 4630 3704 4683 ὅτι

2142 4742 2159 4774 ι
2202 4723 2476 4789 Ἐγένοντο
2500 4721 2646 4789 αὑτῷ
2687 4721 2791 4771 υἱοὶ
2819 4719 2957 4771 ἑπτὰ
2984 4720 3078 4771 καὶ
3121 4718 3420 4790 θυγατέρες
3462 4722 3633 4790 τρεῖς.
3678 4740 3699 4773 s

2135 4814 2195 4866 Εἰ
2226 4813 2403 4865 τοίνυν
2439 4814 2525 4864 ἐπ’
2556 4810 2859 4881 ἀνθρώπων
2890 4811 2950 4863 οὐ
2991 4814 3108 4874 ταῖς
3141 4809 3449 4881 ἀκριϐείαις
3472 4810 3580 4863 τῶν
3615 4810 3697 4863 λέ·

2131 4904 2286 4970 ξεων,
2314 4902 2449 4955 ἀλλὰ
2486 4904 2550 4971 τῇ
2585 4901 2743 4968 φύσει
2774 4902 2881 4953 τῶν
2916 4901 3254 4972 πραγμάτων
3285 4902 3580 4972 ἐνορῶντες
3605 4904 3698 4955 sx-

2127 4996 2395 5065 δεχόμεθα
2445 4993 2506 5046 τὸ
2549 4992 2898 5063 λαλούμενον
2942 4993 3058 5055 πῶς
3109 4996 3209 5048 οὐκ
3254 4993 3568 5062 ἀναγκαίως
3608 4994 3698 5047 τὸν

2134 5088 2297 5140 αὐτὸν
2345 5083 2729 5155 διακεισόμεθα
2782 5084 2981 5153 τρόπον
3029 5087 3119 5139 ἐπὶ
3170 5082 3265 5139 τοῦ
3311 5083 3458 5139 θείου
3504 5086 3697 5155 γεννή-

2135 5190 2301 5244 ματος
2319 5189 2333 5238 ;
2753 5244 2757 5248 ι

2808 5290 3014 5343 ΑΛΛΟ.

2198 5404 2271 5457 Τὸ
2301 5405 2427 5469 υἱὸς
2459 5403 2627 5475 ὄνομα
2656 5404 2753 5474 τὴν
2784 5404 2847 5457 ὲκ
2882 5402 3085 5472 πατρὸς
3124 5401 3377 5472 σημαίνει
3404 5400 3690 5473 γέννησιν·

470 5492 713 5534 creatura
744 5498 893 5547 vero,
925 5487 1067 5553 quod
1129 5488 1367 5541 exterius
1434 5491 1784 5546 constitutum
1839 5505 1941 5551 est.
1970 5494 2025 5550 Si

2141 5498 2183 5550 τὸ
2215 5497 2271 5550 δὲ
2299 5498 2549 5565 ποίημα,
2578 5488 2646 5550 τὸ
2690 5496 2888 5563 ἔξωθεν
2946 5495 3353 5563 συνιστάμενον.
3397 5493 3459 5546 El
3511 5494 3696 5550 τοίνυν

466 5585 593 5640 ergo
615 5570 784 5628 Filius
813 5582 917 5641 est,
952 5590 1018 5631 ne
1052 5586 1267 5631 vocetur
1311 5590 1557 5635 creatura
1595 5598 1611 5638 :
1668 5585 1711 5638 si
1778 5599 2025 5641 creatura

2141 5589 2251 5650 Γῑὸς
2280 5591 2416 5649 ἐστι,
2443 5586 2518 5659 μὴ
2551 5588 2822 5642 καλείσθω
2844 5588 3052 5658 ποίημα
3072 5602 3085 5618 ’
3126 5586 3176 5638 εί
3206 5584 3419 5655 ποίημά
3441 5582 3584 5650 ἑστι,
3617 5584 3693 5655 μὴ

541 5748 609 5783 ⁵⁵⁸
634 5747 799 5805 Hebr.
840 5766 921 5816 Ill,
950 5753 1004 5806 2.
1075 5755 1120 5784 "
1151 5753 1213 5809 lli
1248 5755 1375 5825 Reg.
1406 5772 1445 5824 ι,
1480 5757 1566 5814 l9.
1646 5762 1690 5791 ⁸⁸
1720 5759 1782 5815 IV
1815 5760 1943 5829 Reg.
1975 5778 2085 5827 an,
2112 5764 2162 5819 5.
2242 5763 2283 5794 ⁸⁷
2312 5761 2409 5818 Job
2444 5778 2482 5827 ι,
2516 5765 2567 5817 2.
