3994 6324
216 435 317 492 561

1645 420 2091 481 TllESAURUS.

3407 427 3513 482 36‘!

218 548 494 605 καλείσθω
525 547 879 618 ψευδώνυμος
909 545 1058 611 Υἱός.
1107 545 1245 601 Ἀλλ’
1276 545 1403 609 Υίδς
1443 544 1689 600 καλεῖται
1720 545 1814 598 καὶ

1944 550 2023 605 εει,
2084 556 2151 597 ne
2213 540 2350 599 falso
2411 546 2633 601 nomine
2697 552 2921 599 vocetur
2983 542 3171 599 Filius.
3235 541 3512 599 Caeterum

215 646 369 696 ἔστιν
388 659 399 673 ·
431 642 630 697 οὐκοῦν
662 641 723 693 οὐ
753 640 984 711 ποίημα.

216 758 433 822 ΑΛΛΟ,
481 758 669 825 ,λόγος
705 753 955 820 πιθανὸς
990 752 1303 825 δεικνύων,
1332 752 1423 806 ὅτι
1471 753 1543 808 οὐ
1588 751 1817 823 ποίημά

816 826 987 878 ἐστιν
1025 827 1058 877 d
1101 823 1255 889 Υἱός.

293 938 502 1007 Είρηκέ
554 954 657 990 που
688 937 942 1007 Σολομῶν
966 939 995 990 6
1024 936 1341 1007 σοφώτατος
1364 977 1380 1003 ,
1412 936 1496 991 ὅτι
1532 954 1551 989 ι
1583 938 1816 1009 Σύμπαν

210 1032 270 1083 τὸ
313 1033 532 1102 ποίημα
561 1030 679 1095 ἄξει
703 1033 732 1084 6
766 1030 898 1093 Θεὸς
926 1032 1006 1095 είς
1036 1030 1237 1101 κρίσιν.
1270 1050 1289 1084 ι
1334 1030 1396 1083 El
1419 1030 1600 1084 τοίνυν
1627 1029 1685 1083 ἓν
1708 1030 1817 1083 τῶν

220 1127 553 1195 ποιημάτων
600 1124 749 1177 ἐστὶν
794 1125 822 1176 6
859 1123 1009 1188 Υἱὸς,
1056 1122 1357 1194 ἀχθήσεται
1394 1123 1491 1176 καὶ
1534 1123 1697 1187 αὐτὸς
1737 1125 1817 1187 είς

221 1219 431 1289 κρίσιν.
467 1218 575 1271 Καὶ
622 1215 739 1279 πῶς
766 1216 1051 1287 ἀληθεύσει
1099 1216 1271 1284 λέγων
1309 1217 1440 1286 περὶ
1480 1216 1700 1282 ἑαυτοῦ,
1734 1217 1815 1269 ὅτι

227 1329 244 1363 ι
298 1313 359 1364 Ὀ
391 1310 584 1380 Πατὴρ
632 1308 809 1381 κρίνει
858 1308 1070 1374 οὐδένα,
1102 1308 1241 1361 ἀλλὰ
1284 1310 1465 1362 πᾶσαν
1502 1307 1600 1380 τὴν
1636 1308 1818 1380 κρίσιν

220 1402 429 1455 δέδωκε
463 1401 541 1471 τῷ
580 1399 729 1470 Titii;
770 1419 788 1452 ι
824 1400 895 1451 Ἣ
932 1398 1050 1461 πῶς
1078 1400 1105 1451 6
1130 1398 1329 1470 Δανιὴλ
1357 1400 1417 1452 οὐ
1443 1398 1707 1469 ψεύσεται
1731 1400 1819 1453 λέ-

222 1512 339 1563 γων
378 1496 463 1547 ὅτι
493 1493 645 1565 αὑτῷ
684 1492 840 1564 ἐδόθη
867 1493 901 1563 ή
940 1492 1157 1562 κρίσις;
1195 1492 1473 1563 Ἀληθεύει
1525 1494 1610 1547 δέ’
1657 1494 1819 1559 αὐτὸς

222 1590 335 1659 γάρ
363 1590 512 1640 ἐστιν
542 1588 570 1639 6
601 1587 893 1657 ἐρχόμενος
929 1588 1111 1656 κρῖναι
1167 1585 1376 1651 ζῶντας
1413 1587 1510 1640 καὶ
1562 1588 1815 1659 νεκρούς.

226 1681 440 1735 Οὐκοῦν
466 1681 524 1733 οὐ
550 1680 785 1749 ποίημα,
821 1679 941 1732 οὐδὲ
967 1678 1074 1732 τῶν
1101 1679 1317 1732 πάντων
1349 1680 1428 1742 ἓν,
1459 1680 1547 1734 ἵνα
1581 1681 1655 1752 μὴ
1685 1681 1821 1752 ἄγη-

226 1790 320 1827 ται
354 1774 448 1826 καὶ
476 1772 637 1834 αὐτὸς
660 1771 739 1833 είς
772 1771 975 1840 κρίσιν.

229 1979 441 2039 ΔΛΛΟ,
477 1976 915 2047 διηγηματικῶς
943 1980 1029 2044 είς
1066 1978 1153 2041 τὸ,
1174 2046 1179 2047 ί
1203 1998 1222 2030 ι
1260 1978 1689 2045 Κατανοήσατε
1716 1978 1825 2033 τὸν

301 2046 661 2102 ἀπόστολον
689 2048 789 2102 καὶ
822 2048 1093 2117 ἀρχιερέα
1121 2046 1230 2116 τῆς
1269 2050 1593 2118 ὁμολογίας
1634 2047 1822 2118 ἡμῶν,

301 2120 529 2171 πιστόν
558 2119 701 2171 ὄντα
745 2118 827 2181 τῷ
857 2119 1179 2186 ποιήσαντι
1223 2119 1442 2172 αὐτόν·
1491 2139 1509 2171 ι
1546 2119 1644 2172 καὶ
1677 2118 1826 2187 ἑξῆς

303 2191 343 2257 ἠ
375 2188 612 2242 διάνοια
639 2188 747 2242 τοῦ
765 2188 980 2257 ῥητοῦ.

305 2306 384 2359 Οὐ
401 2306 502 2375 τὴν
520 2302 616 2358 τοῦ
643 2304 820 2372 Λόγου
848 2303 1010 2373 φύσιν
1031 2302 1397 2374 ἐξηγούμενος
1416 2304 1445 2356 6
1480 2304 1825 2371 Ἀπόστολος,

230 2397 466 2454 τοιαῦτα
511 2414 698 2468 φησιν,
738 2397 874 2450 ἀλλὰ
919 2396 1018 2468 τὴν
1052 2395 1191 2467 μετὰ
1246 2398 1450 2467 σαρκὸς
1491 2398 1825 2467 οἰκονομίαν.

234 2489 375 2541 Πότε
409 2488 515 2557 γὰρ
560 2487 786 2555 γέγονεν
823 2488 1116 2557 ἀρχιερεὺς
1163 2486 1262 2557 τῆς
1310 2486 1602 2558 ὁμολογίας
1635 2485 1828 2558 ήμῶν;

236 2581 376 2633 Πότε
421 2579 481 2632 δὲ
531 2578 859 2645 ἀπόστολοςς
894 2578 1030 2631 Πότε
1078 2578 1136 2631 δὲ
1182 2578 1371 2643 πιστὸς
1414 2579 1494 2649 τῷ
1543 2580 1831 2649 ποιήσαντι

236 2672 435 2736 αὺτόν;
466 2667 543 2724 Ἦ
578 2672 674 2723 ὅτε
712 2670 778 2722 δι’
806 2672 954 2741 ἡμᾶς
982 2670 1077 2723 καὶ
1110 2670 1249 2742 ὑπὲρ
1280 2671 1435 2741 ἡμῶν
1466 2670 1689 2740 γέγονεν
1732 2671 1830 2725 ἄν-

238 2760 483 2831 θρωπος,
529 2761 626 2813 καὶ
658 2762 799 2813 κατὰ
828 2760 927 2831 τὴν
974 2760 1222 2814 Ἰωάννου
1256 2760 1461 2833 φωνὴν,
1500 2781 1517 2813 ι
1566 2762 1622 2815 '0
1660 2762 1834 2831 Λόγος

240 2857 380 2930 σὰρξ
426 2858 663 2925 ἐγένετο.
709 2875 728 2908 ι
770 2856 903 2910 Τότε
952 2855 1032 2926 τῷ
1073 2856 1358 2925 ποιήσαντι
1396 2854 1583 2919 αὑτὸν,
1630 2855 1706 2920 ὡς
1738 2855 1833 2909 ἄν·

240 2948 484 3019 θρωπος,
517 2951 612 3003 καὶ
642 2948 831 3013 πιστὸς
863 2948 1079 3017 ἐγένετο
1104 2947 1328 3018 πληρῶν
1366 2946 1532 2999 αὐτοῦ
1561 2950 1622 3001 τδ
1650 2947 1831 3019 ἔργον,

239 3040 496 3110 καθάπερ
521 3040 683 3102 αὐτὸς
710 3039 864 3108 ἔλεγε
886 3057 900 3069 ο
929 3039 1051 3092 τότε
1098 3039 1322 3107 γέγονεν
1360 3037 1658 3101 ἀπόστολος
1691 3038 1835 3109 ὑπὲρ

239 3130 401 3202 ἡμῶν
422 3133 517 3183 καί
531 3132 596 3184 δι’
613 3133 758 3202 ἡμᾶς
780 3131 1124 3195 ἀποσταλείς·
1148 3132 1269 3184 τότε
1297 3132 1491 3200 γέγονε
1517 3132 1615 3202 τῆς
1641 3132 1834 3202 ὁμολο-

1918 631 2087 690 Filius
2110 644 2163 690 et
2196 645 2440 704 vocatur,
2469 645 2525 692 et
2558 648 2645 692 est
2676 654 2689 691 :
2730 653 2835 693 non
2897 644 2982 692 est
3013 636 3176 705 igitur
3228 645 3514 690 creatura.

1916 746 2151 814 ALIUD,
2172 748 2470 803 verisimilis
2495 749 2835 828 ratiocinatio
2862 748 3140 803 ostendens
3166 745 3306 816 quod
3331 744 3443 802 Fili
3454 764 3516 801 tu

2461 835 2564 873 non
2588 830 2656 873 ιιι
2690 831 2953 877 creatura.

1988 929 2435 1001 Sapientissimus
2462 932 2553 987 ille
2614 932 2873 991 Salomon
2929 934 3129 991 alicubi
3180 935 3255 990 ita
3284 934 3508 1005 inquit:

1926 1042 1943 1076 ι
1978 1022 2205 1079 Omnem
2264 1033 2568 1080 creaturam
2600 1025 2762 1081 ducet
2792 1026 2934 1082 Deus
2994 1026 3060 1081 ad
3107 1026 3371 1095 judicium
3406 1024 3506 1078 ⁸⁸.»

1920 1113 2129 1186 Siergo
2155 1115 2329 1170 Filius
2352 1126 2437 1172 est
2461 1132 2627 1171 unum
2661 1116 2868 1187 aliquid
2904 1132 2968 1173 ex
3018 1118 3251 1182 ‘creatis,
3280 1117 3514 1172 ducetur

1919 1206 2083 1260 etiam
2114 1206 2230 1275 ipse
2261 1206 2314 1260 in
2339 1205 2627 1275 judicium.
2662 1207 2827 1278 Atqui
2852 1207 3122 1276 quomodo
3179 1220 3305 1261 vere
3369 1207 3515 1260 dicet

1921 1293 1987 1348 de
2020 1294 2233 1363 seipso:
2263 1313 2282 1345 ι
2313 1294 2475 1349 Pater
2494 1310 2605 1349 non
2641 1295 2847 1365 judicat
2882 1312 3242 1367 quemquam,
3270 1296 3368 1352 sed
3402 1310 3516 1352 om-

1922 1399 1991 1440 ne
2015 1385 2278 1456 judicium
2303 1386 2451 1442 dedit
2474 1386 2611 1443 Filio
2640 1389 2721 1443 "‘l
2752 1389 2897 1444 iAut
2921 1390 3195 1459 quomodo
3223 1404 3329 1443 non
3362 1404 3516 1443 men-

1922 1478 2089 1533 tietur
2142 1479 2336 1536 Daniel
2392 1482 2601 1549 dicens,
2652 1483 2800 1552 quod
2860 1482 2962 1552 ipsi
2999 1482 3187 1537 datum
3234 1490 3321 1536 est
3364 1480 3514 1549 judi-
3596 1503 3607 1508 ν

1923 1569 2067 1624 cium
2095 1572 2188 1625 ⁵θῖ
2220 1572 2327 1627 Sed
2360 1587 2487 1628 vere
2531 1574 2663 1629 dicit
2710 1591 2722 1625 :
2764 1576 2880 1643 ipse
2934 1574 3081 1629 enim
3135 1581 3396 1627 venturus
3434 1581 3519 1627 est

1925 1665 1990 1718 ad
2012 1664 2366 1733 judicandum
2398 1668 2547 1722 vivos
2573 1677 2628 1721 et
2668 1678 2909 1722 mortuos
2943 1666 3032 1721 ‘°'.
3059 1664 3179 1722 Non
3240 1676 3324 1722 est
3355 1667 3520 1738 igitur

1924 1767 2196 1823 creatura,
2218 1773 2392 1827 neque
2424 1774 2563 1814 unus
2592 1775 2658 1813 ex
2684 1759 2956 1825 omnibus,
2981 1773 3047 1814 ne
3074 1758 3328 1813 nimirum
3351 1758 3518 1813 etiam

1853 1890 1895 1945 Β
1926 1847 2040 1916 ipse
2070 1850 2122 1902 in
2151 1848 2414 1917 judicium
2448 1851 2703 1905 ducatur.

1929 1962 2159 2030 ALIUD,
2180 1965 2493 2033 explicatius
2528 1966 2581 2019 in
2602 1965 2758 2030 illud,
2797 1984 2814 2018 ι
2850 1964 3194 2020 Considerate
3223 1968 3521 2035 apostolum

1998 2045 2044 2087 et
2080 2037 2379 2102 pontiﬁcem
2407 2037 2753 2103 confessionis
2789 2046 2987 2090 nostra
3008 2036 3193 2091 Iesum
3226 2036 3520 2104 Christum,

1997 2109 2085 2172 qui
2104 2104 2372 2178 ﬁdelisjest
2411 2107 2458 2160 ei
2473 2109 2561 2176 qui
2586 2108 2706 2177 fecit
2739 2110 2908 2178 ipsum
2946 2123 2966 2162 .'
2995 2126 3013 2158 ι
3055 2118 3101 2161 et
3130 2107 3373 2177 deinceps
3402 2126 3523 2163 vera

1990 2176 2246 2228 sententia
2274 2176 2432 2245 hujus
2461 2178 2612 2232 dicti.

2004 2287 2122 2343 Non
2149 2298 2398 2345 naturam
2437 2289 2598 2346 Verbi
2631 2292 2915 2348 declarans
2949 2291 3149 2348 Paulus
3206 2293 3323 2349 inec
3361 2294 3521 2361 dixit,

1934 2379 2028 2435 sed
2050 2380 2193 2436 illius
2226 2383 2685 2439 incarnationem.
2748 2386 2976 2451 Quando
3003 2386 3152 2440 enim
3211 2385 3391 2441 factus
3439 2396 3527 2440 est

1933 2474 2177 2543 pontifex
2228 2475 2596 2533 confessionis
2639 2477 2879 2533 nostrae?
2932 2480 3151 2548 quando
3213 2478 3526 2548 apostolus?

1934 2565 2153 2635 quando
2188 2567 2364 2622 ﬁdelis
2404 2569 2454 2624 ei
2503 2570 2596 2639 qui
2650 2571 2827 2639 ipsum
2871 2562 3038 2626 fecit?
3080 2569 3272 2626 Nonne
3307 2574 3527 2641 quando

1934 2666 2161 2725 propter
2219 2672 2322 2711 nos
2381 2666 2436 2712 et
2493 2673 2591 2729 pro
2641 2660 2797 2715 nobis
2847 2660 3023 2716 factus
3062 2672 3147 2716 est
3176 2663 3364 2728 homo,
3388 2671 3444 2716 et
3471 2673 3530 2715 ut

1934 2746 2174 2803 Joannes
2227 2750 2438 2818 scribit,
2480 2769 2499 2803 ι
2555 2752 2791 2808 Verbum
2843 2768 2971 2808 caro
3010 2753 3211 2809 factum
3267 2753 3461 2809 est“?
3505 2772 3521 2803 ι

1937 2839 2090 2896 Tunc
2117 2841 2312 2898 factori
2337 2859 2457 2913 suo,
2494 2854 2554 2899 ut
2581 2847 2768 2914 homo,
2799 2846 2973 2902 ﬁdelis
2998 2847 3173 2902 factus
3202 2856 3308 2913 est,
3363 2846 3527 2917 perﬁ-

1937 2933 2249 3003 cieus‘opus
2274 2935 2439 3005 illius,
2480 2939 2625 2993 sicut
2652 2940 2769 3009 ipse
2810 2948 3040 2994 testatur
3062 2939 3129 2970 "‘
3158 2956 3171 2992 :
3200 2946 3331 2995 tunc
3363 2938 3529 2992 etiam

1936 3028 2211 3095 apostolus
2234 3030 2528 3096 factusest,
2559 3047 2657 3102 pro
2682 3034 2838 3089 nobis
2863 3042 2917 3087 et
2939 3043 3160 3104 prepter
3184 3050 3281 3089 nos
3302 3035 3526 3089 missus:

1940 3126 2067 3173 tunc
2089 3118 2263 3176 factus
2298 3132 2380 3177 est
2404 3124 2647 3192 pontifex
2672 3125 3032 3183 confessionis
3053 3137 3277 3191 nostrae,
3294 3126 3530 3181 offerens

240 3227 372 3295 γίας
394 3226 553 3296 ἡμῶν
578 3227 890 3297 ἀρχιερεὺς,
919 3227 1247 3299 προσφέρων
1279 3226 1380 3295 τῆς
1404 3225 1643 3288 πίστεως
1675 3225 1831 3295 ἡμῶν

1944 3214 2339 3270 confessionem
2381 3218 2501 3271 ﬁdei
2549 3226 2752 3273 nostra:
2784 3218 2956 3286 Patri,
3002 3228 3059 3274 et
3103 3236 3301 3290 corpus
3346 3236 3527 3285 suum,

239 3320 341 3392 τὴν
382 3320 675 3390 ὁμολογίαν
705 3319 782 3389 τῷ
824 3320 1024 3390 Πατρὶ,
1051 3319 1147 3371 καὶ
1174 3318 1234 3371 τὸ
1263 3318 1393 3371 ἴδιον
1440 3318 1621 3388 σῶμα,
1659 3318 1833 3371 καθά-

240 3430 351 3483 περ
384 3429 435 3465 τι
466 3411 611 3481 θῦμα
663 3412 955 3481 προσάγων
1009 3411 1262 3482 ἄμωμον,
1304 3412 1390 3465 ἵνα
1430 3410 1641 3474 πάντας
1689 3414 1837 3482 ἡμᾶς

240 3505 307 3557 δι’
360 3503 525 3556 αὑτοῦ
567 3503 860 3575 καθαρίσῃ.
893 3506 991 3557 “Av
1038 3504 1220 3557 τοίνυν
1266 3504 1492 3576 λέγηται
1525 3506 1653 3575 περὶ
1707 3506 1835 3559 Υἱοῦ

240 3597 325 3647 ὅτι
364 3595 554 3663 γέγονε
605 3595 819 3661 πιστὸς,
857 3597 937 3649 ὅτι
967 3596 1191 3665 γέγονεν
1243 3597 1562 3662 ἀπόστολος,
1616 3598 1837 3667 γέγονεν

243 3688 563 3757 ἀρχιερεὺς,
604 3688 679 3758 μὴ
715 3689 855 3743 κατά
900 3689 1003 3760 τῆς
1046 3691 1234 3755 οὐσίας
1267 3692 1430 3745 αὑτοῦ
1483 3693 1733 3763 φερέσθω
1779 3693 1840 3747 τὸ

245 3781 421 3852 ῥῆμα,
471 3780 609 3834 ἀλλὰ
656 3782 797 3835 κατά
842 3784 953 3855 τῆς·
984 3782 1093 3837 τῶν
1146 3785 1487 3858 πραγμάτων
1532 3789 1836 3859 ποιότητος.

259 3872 482 3942 Ἐπειδὴ
504 3874 599 3925 καὶ⁸
613 3872 842 3939 Παῦλος,
881 3874 1171 3946 ἄνθρωπος
1200 3877 1274 3931 ὢν
1298 3879 1391 3931 καὶ
1421 3878 1685 3950 ὑπάρχων
1712 3880 1836 3951 ῆδη,

243 3964 476 4032 γέγονεν
509 3965 828 4031 ἀπόστολος,
867 3966 962 4021 καὶ
1000 3969 1208 4039 Μωσῆς
1235 3969 1494 4035 ὡσαύτως
1523 3973 1716 4041 γέγονε
1748 3990 1839 4025 πι-

247 4056 376 4116 στὸς
406 4057 464 4110 ὲν
513 4054 623 4125 δλῳ
660 4057 739 4127 τῷ
789 4058 923 4130 οἴκῳ
954 4060 1142 4125 αὑτοῦ,
1188 4062 1282 4118 καὶ
1321 4062 1533 4133 Ἀαρὼν
1575 4063 1840 4128 ὡσαύτως

241 4144 473 4215 γέγονεν
507 4149 802 4221 ἀρχιερεὺς
849 4152 905 4204 ὲν
938 4152 1115 4223 ἑαυτῷ
1144 4155 1239 4207 καὶ
1278 4154 1447 4210 πάλαι
1476 4155 1567 4210 τὸν
1610 4157 1841 4230 Σωτῆρα

250 4239 499 4311 μορφῶν.
532 4240 744 4311 Ὀνπερ
778 4244 887 4315 γὰρ
913 4245 1114 4315 τρόπον
1143 4248 1171 4299 6
1208 4246 1416 4320 Ἀαρὼν
1445 4248 1546 4301 οὐκ
1575 4250 1839 4322 ἐγεννήθη

250 4328 358 4400 μὲν
385 4330 698 4402 ἀρχιερεὺς,
735 4333 949 4397 πολλοῖς
976 4335 1032 4389 δὲ
1068 4336 1295 4408 ὕστερον
1324 4339 1539 4410 χρόνοις
1561 4341 1721 4395 τοῦτο
1751 4342 1843 4411 γέ-

245 4436 400 4490 γονε,
430 4421 522 4475 τὸν
553 4424 763 4495 ποδήρη
815 4426 1263 4500 περιϐαλόμενος,
1302 4431 1398 4484 καὶ
1430 4431 1529 4505 τὴν
1569 4434 1839 4504 ἐπωμίδα,

248 4514 349 4565 καὶ
377 4512 448 4565 τὰ
475 4513 611 4567 ἀλλα
641 4514 744 4585 τῆς
792 4518 1076 4589 ἱερατικῆς
1116 4520 1341 4593 ἐσθῆτος
1376 4524 1653 4596 σχήματα,
1697 4525 1842 4597 ἅπερ

245 4599 321 4674 ἦν
350 4603 490 4677 ἔργα
542 4610 853 4676 γυναικῶν·
906 4613 997 4666 τὸν
1026 4614 1193 4668 αὑτὸν
1224 4615 1289 4687 δὴ
1345 4618 1549 4689 τρόπον
1596 4619 1690 4671 καὶ
1748 4619 1842 4671 ἐπὶ

247 4698 513 4771 Χριστοῦ.
547 4696 656 4755 Ἦν
702 4702 800 4773 μὲν
840 4704 947 4777 γὰρ
972 4705 1000 4757 6
1036 4708 1209 4776 Λόγος
1242 4711 1300 4763 ὲν
1350 4711 1516 4782 ἀρχῇ,
1557 4710 1738 4781 πολλῷ
1783 4711 1841 4764 δὲ

249 4788 483 4860 ὕστερον
512 4793 688 4865 χρόνῳ
721 4796 944 4865 γέγονεν
966 4799 1109 4869 ὑπὲρ
1135 4802 1292 4873 ήμῶν
1319 4804 1632 4875 ἀρχιερεὺς,
1656 4803 1844 4877 ὥσπερ

248 4882 380 4935 τινὰ
430 4883 640 4956 ποδήρη
675 4885 765 4940 τὸν
811 4890 875 4942 ὲκ
916 4893 1173 4959 γυναικὸς
1220 4894 1506 4966 ἄνθρωπον
1554 4898 1672 4968 ῆτοι
1720 4899 1846 4953 ναὸν

253 4975 547 5031 ἀναλαϐών
572 4994 585 5007 ’
622 4978 713 5034 ἶνα
755 4980 832 5051 τῷ
867 4982 981 5053 ἰδίῳ
1018 4985 1209 5055 αἵματι
1261 4984 1534 5061 καθαρίσῂ
1572 4990 1667 5043 τὸν
1695 4992 1841 5058 λαὸν,

250 5068 453 5121 ἑαυτὸν
500 5074 885 5141 προσενεγκὼν
937 5075 1013 5139 ὡς
1066 5077 1237 5147 ἀμνὸν
1289 5081 1520 5151 ἄμωμον
1566 5083 1642 5153 τῷ
1689 5084 1842 5155 Θεῷ·

255 5179 277 5212 ο
321 5162 397 5215 Οὐ
432 5162 541 5233 γὰρ
583 5166 838 5236 εποίησεν
872 5168 1165 5239 ἁμαρτίαν,
1205 5173 1325 5227 οὐδὲ
1368 5176 1567 5249 εὑρέθη
1605 5176 1754 5241 δόλος
1789 5181 1846 5233 ἐν

247 5250 333 5320 τῷ
378 5253 606 5324 στόματι
638 5257 826 5312 αὐτοῦ.
870 5280 890 5313 ι

255 5370 391 5420 ὀτι
422 5369 604 5449 obde?
625 5372 832 5449 ξτερον
863 5379 1187 5449 σημαίνειν·
1218 5382 1508 5445 ,ϐούλεται
1530 5384 1595 5439 τὸ
1636 5388 1845 5449 πιστὸς,

540 5442 577 5508 ἡ
622 5443 710 5496 ὅτι
747 5442 1001 5517 ἀληθινός
1038 5452 1138 5503 καί
1180 5442 1559 5519 ἀναλλοίωτος.

335 5554 533 5619 Πιστὸς
563 5559 592 5611 6
625 5559 814 5632 Σωτὴρ
848 5562 1089 5618 καλεῖται
1113 5565 1356 5633 δικαίως,
1386 5570 1516 5640 μίαν
1544 5571 1683 5643 ὑπὲρ
1709 5574 1844 5626 πάν-

254 5662 370 5701 των
422 5646 613 5702 θυσίαν
662 5653 1062 5722 προσενεγκὼν,
1108 5657 1206 5727 τὴν
1262 5661 1433 5733 αὐτὴν
1483 5662 1570 5715 ἀεὶ
1610 5664 1703 5717 καὶ
1751 5666 1851 5717 οὐκ

1937 3306 2103 3360 veluti
2140 3310 2538 3364 immaculatam
2587 3314 2880 3381 quamdam
2958 3316 3189 3368 hostiam
3234 3315 3530 3379 adducens,

1940 3408 1999 3450 ut
2029 3414 2221 3455 omnes
2255 3417 2354 3455 nos
2385 3416 2480 3469 per
2512 3403 2691 3472 ipsum
2730 3406 3032 3458 mundaret.
3062 3403 3119 3459 Si
3150 3420 3280 3471 ergo
3342 3407 3408 3459 de
3444 3405 3535 3459 Fi-

1941 3486 2012 3543 lio
2040 3490 2260 3555 dicitur,
2290 3493 2435 3561 quod
2473 3490 2649 3547 factus
2692 3493 2767 3546 sit
2814 3494 3014 3561 ﬁdelis,
3043 3495 3184 3563 quod
3220 3494 3400 3550 factus
3462 3497 3536 3549 sit

1941 3582 2238 3648 apostolus,
2273 3584 2447 3638 factus
2465 3585 2706 3655 pontifex
2732 3604 2746 3653 ;
2776 3602 2884 3642 non
2911 3588 2978 3643 ad
3021 3590 3315 3643 essentiam
3363 3590 3535 3658 ipsius

1942 3677 2143 3731 dictum
2172 3677 2515 3735 referendum
2541 3691 2643 3746 est,
2681 3683 2776 3738 sed
2804 3685 2871 3738 ad
2903 3685 3219 3753 qualitatem
3252 3689 3420 3763 215
3445 3704 3533 3742 re-

1944 3782 2085 3821 rum.
2161 3766 2446 3840 Siquidem
2479 3781 2534 3825 et
2558 3772 2756 3828 Paulus
2786 3774 2949 3829 homo
2975 3790 3096 3829 cum
3128 3789 3292 3844 esset,
3333 3790 3387 3831 et
3422 3780 3535 3845 jam

1942 3862 2250 3927 exsisteret,
2285 3864 2459 3919 factus
2486 3872 2569 3920 est
2591 3869 2865 3935 apostolus
2895 3888 2909 3922 :
2939 3878 2995 3923 et
3016 3869 3194 3926 Moses
3219 3871 3407 3925 eadem
3444 3887 3535 3923 ra-

1945 3956 2090 4011 tione
2122 3957 2303 4012 faetus
2332 3967 2415 4012 est
2447 3958 2641 4024 ﬁdelis,
2681 3960 2733 4013 in
2768 3971 2881 4016 tota
2918 3961 3082 4016 domo
3105 3964 3223 4032 ejus
3260 3963 3330 4015 ι’.
3359 3961 3537 4018 Simili

1944 4051 2106 4106 modo
2135 4052 2299 4106 etiam
2327 4054 2506 4108 Aaron
2555 4052 2731 4110 factus
2784 4064 2868 4109 est
2920 4053 3187 4124 pontifex,
3234 4056 3537 4112 Salvatoris

1946 4152 2130 4213 typum
2161 4144 2275 4214 jam
2325 4145 2455 4198 olim
2510 4145 2562 4198 in
2632 4160 2692 4202 se
2737 4146 3005 4202 referens.
3063 4147 3535 4214 Quemadmodum

1944 4236 2087 4289 enim
2124 4237 2305 4291 Aaron
2338 4252 2444 4291 non
2476 4246 2552 4291 est
2587 4247 2747 4292 natus
2775 4236 3143 4307 pontifex,sed
3182 4239 3367 4294 multis
3383 4251 3537 4310 post—

1945 4342 2009 4382 ea
2062 4329 2395 4397 temporibus
2443 4328 2496 4384 id
2528 4328 2701 4384 factus
2730 4342 2837 4398 εει,
2877 4330 3101 4386 talarem
3130 4343 3338 4387 vestem
3380 4335 3537 4388 indu-

1949 4432 2057 4490 tus,
2085 4433 2135 4478 et
2164 4426 2631 4494 superliumerale,
2664 4425 2981 4495 reliquaque
3026 4427 3356 4497 pontiﬁcalis
3376 4428 3537 4484 babi-

1948 4522 2034 4570 tus
2066 4526 2387 4571 ornamenta
2419 4532 2449 4571 a
2473 4516 2792 4573 mulieribus
2816 4518 3063 4575 confecta
3096 4540 3110 4576 :
3174 4522 3317 4576 idem
3380 4525 3541 4594 plane

1947 4610 2014 4664 de
2034 4608 2254 4663 Christo
2284 4610 2448 4664 etiam
2477 4613 2806 4665 censendum
2831 4621 2933 4667 est.
2974 4612 3101 4668 Erat
3125 4617 3268 4669 enim
3302 4617 3538 4672 Verbum

1948 4707 2000 4760 in
2030 4706 2300 4776 principio
2336 4722 2355 4765 :
2405 4705 2590 4761 multis
2617 4720 2749 4759 vero
2773 4715 2962 4775 postea
2984 4708 3319 4776 temporibus
3367 4710 3541 4764 factus

1946 4810 2029 4855 est
2062 4814 2159 4868 pro
2186 4798 2341 4853 nobis
2369 4796 2633 4867 pontifex,
2660 4797 2933 4852 hominem
2965 4813 3033 4852 ex
3091 4800 3319 4856 muliere
3376 4804 3538 4858 veluti

1951 4894 2174 4949 talarem
2205 4903 2410 4948 vestem
2441 4892 2555 4948 sive
2595 4891 2852 4962 templum
2887 4907 3195 4959 assumens,
3233 4906 3288 4948 ut
3319 4899 3543 4965 proprio

1948 5004 2046 5043 suo
2077 4987 2339 5054 sanguine
2370 4985 2622 5054 populum
2656 4986 2968 5049 mundaret,
2998 4996 3056 5041 ut
3078 4988 3316 5055 seipsum
3374 4994 3544 5043 Veluti

1948 5097 2144 5153 agnum
2194 5080 2601 5135 immaculatum
2669 5079 2779 5134 Deo
2818 5078 3083 5136 oll'erret:
3124 5099 3141 5131 ι
3181 5078 3370 5149 Neque
3395 5084 3539 5137 enim

1950 5175 2079 5229 fecit
2134 5186 2437 5242 peccatum,
2494 5187 2669 5241 neque
2714 5172 2970 5228 iuventus
3030 5182 3112 5229 est
3139 5174 3293 5229 dolus
3332 5176 3384 5229 in
3449 5194 3550 5231 Ul‘t'

1949 5268 2064 5336 ejus
2093 5268 2159 5322 ⁵³.
2205 5286 2223 5319 ι

1952 5384 2105 5449 Quod
2138 5382 2310 5438 ﬁdelis
2341 5380 2473 5435 nihil
2498 5382 2647 5436 aliud
2676 5385 2930 5452 signiﬁcet
2960 5399 3123 5453 quam
3178 5399 3337 5439 verus
3390 5396 3548 5454 atque

2557 5454 2929 5508 immutabilis.

2024 5569 2282 5626 Servator
2314 5578 2497 5625 uester
2534 5571 2731 5624 merito
2754 5582 2981 5627 vocatur
3013 5572 3206 5635 fidelis,
3230 5572 3430 5642 quippe
3451 5573 3545 5641 qui

1951 5677 2114 5717 unam
2148 5676 2244 5732 pro
2266 5662 2523 5718 omnibus
2556 5662 2791 5717 hostiam
2816 5663 3030 5728 obtulit,
3056 5679 3177 5733 qum
3210 5678 3426 5732 semper
3452 5676 3548 5716 ea-

338 5811 589 5894 δ”-βοοκ.
621 5829 720 5877 xn.
751 5817 836 5894 Ηἐ
915 5818 1147 5894 ‘f_.l_oan.
1170 5839 1227 5888 ν,
1261 5826 1349 5879 2‘2.
1432 5828 1476 5859 "’
1508 5827 1640 5884 Dant.
1663 5845 1753 5886 vn.
1794 5831 1832 5884 li

1944 5828 1986 5886 ί.
2068 5830 2133 5861 ’θ’
2157 5827 2201 5883 ll
2225 5828 2365 5882 Tim.
2400 5826 2541 5893 tv,l.
2621 5826 2661 5856 ⁸¹
2700 5824 2855 5883 Joan.
2886 5842 2924 5892 ι,
2959 5825 3042 5879 Η.
3118 5826 3185 5855 ⁵¹⁴
3214 5823 3374 5879 Joan.
3406 5836 3543 5887 xvu,

259 5884 316 5939 δ.
391 5884 436 5918 ⁸³
466 5886 628 5944 Num.
673 5904 769 5949 xu.
806 5890 861 5946 7.
938 5884 1294 5958 ⁸³1Ρειι·ἰι,
1326 5896 1421 5954 22.

581 5981 860 6048 Tarson.
910 5984 999 6048 Gn
1015 6033 1029 6051 .
1083 5988 1335 6052 LXXV.

3151 5983 3221 6043 1'2

3186 6026 3221 6047 ἃ
