3986 6320
220 474 319 531 365

1607 450 2055 519 THESAURUS.

3390 459 3497 513 563

220 598 417 667 μένων,
473 593 623 648 ποιεῖ
660 592 729 646 τὰ
766 591 902 661 ἔργα
947 590 1131 653 αὐτός.
1180 606 1199 642 ι
1238 578 1454 643 Γίνεται
1485 587 1665 642 τοίνυν
1698 586 1799 641 Κύ-

1910 598 2123 650 servus,
2151 582 2331 639 dictus
2359 583 2524 639 etiam
2556 590 2643 638 est
2681 576 2857 636 Jesus.
2884 577 3068 648 Neque
3104 578 3248 634 enim
3292 579 3498 650 absque

216 706 329 761 ριος
380 689 477 742 καὶ
526 686 786 756 Χριστὸς,
823 686 910 738 ὅτε
948 685 1044 738 καὶ
1082 682 1369 756 ἄνθρωπος
1398 682 1657 753 γεγονὼς,
1714 682 1809 737 καὶ

213 782 297 832 διὰ
342 779 506 832 τοῦτο
543 777 892 848 χρηματίσας
932 775 1141 840 δοῦλος,
1185 776 1390 847 ἐκλήθη
1432 776 1527 830 καὶ
1578 774 1806 846 Ἰησοῦς.

211 874 283 925 Ού
334 872 447 943 γὰρ
476 871 924 941 ἀπαρατηρήτως
950 869 979 921 ὁ
1018 868 1170 938 am;
1205 868 1309 939 ἔφη
1346 868 1593 939 μαθητής
1612 885 1625 897 ο
1652 887 1669 919 ι
1697 867 1811 921 Κύ-

209 981 323 1035 ριον
391 963 679 1017 αύτὸνκαὶ
734 960 971 1032 Χριστὸν
1020 960 1276 1032 ἐποίησεν
1323 962 1352 1014 ὸ
1402 959 1555 1023 Θεὸς’
1606 979 1625 1012 ι
1673 959 1809 1013 ἀλλὰ

214 1054 583 1125 προσέθηκεν,
604 1054 687 1105 ὅτι
714 1072 733 1103 ι
765 1052 963 1105 Τοῦτον
992 1050 1084 1105 τὸν
1113 1050 1318 1123 Ἰησοῦν
1348 1050 1407 1105 δν
1428 1052 1587 1120 ὑμεῖς
1612 1052 1801 1104 ἐσταυο

208 1144 284 1214 ρώ
299 1162 453 1199 σατε.
497 1164 515 1196 ι
560 1144 681 1215 Χρὴ
722 1144 781 1196 δὲ
816 1143 978 1197 πάλιν
1015 1145 1094 1207 είς
1132 1142 1231 1213 τὴν
1267 1141 1374 1195 τῶν
1404 1142 1807 1213 γεγραμμένων

213 1237 505 1309 ἁκρίὸειαν
528 1237 751 1307 ἐφορᾷν.
780 1236 854 1289 Οὐ
885 1234 994 1307 γὰρ
1021 1231 1174 1289 εἶπεν
1196 1236 1277 1289 ὅτι
1303 1235 1602 1306 πεποίηκεν
1629 1233 1807 1304 ἐαυτῷ

213 1327 384 1394 Λόγον
422 1326 455 1396 ἢ
500 1324 648 1388 Υἱὸν,
692 1325 828 1379 ἀλλὰ
861 1324 1067 1395 Κύριον
1102 1326 1197 1380 καὶ
1245 1327 1503 1396 Χριστὸν,
1533 1327 1669 1394 ὅπερ
1707 1324 1810 1378 οὐκ

214 1418 386 1488 ἀρχὴν
442 1417 700 1488 σημαίνει
750 1416 845 1469 τοῦ
887 1412 1047 1478 εἶναι,
1096 1416 1233 1470 ἀλλὰ
1256 1418 1356 1489 τὴν
1400 1418 1506 1472 ἀπὸ
1542 1434 1686 1481 τινος
1724 1416 1804 1480 εἰς

212 1510 397 1580 ἕτερον
447 1528 499 1563 τι
543 1511 898 1580 μετάστασιν.
937 1511 1125 1574 Ὅπως
1174 1510 1232 1563 δὲ
1284 1510 1472 1579 γέγονε
1532 1508 1802 1579 Κύριοςῆ

212 1602 468 1671 Χριστος,
506 1604 564 1655 ὲν
592 1604 705 1666 τοῖς
743 1602 997 1674 ἀνωτέρω
1032 1602 1376 1673 προείρηται.

747 1715 976 1780 Ἄλλως
1012 1713 1079 1765 τὸ
1112 1713 1281 1767 αὐτό.

277 1824 487 1895 Κύριον
531 1825 695 1879 αύτὺν
737 1824 831 1879 καὶ
875 1826 1110 1897 Χριστὸν
1140 1825 1397 1897 ἐποίησεν
1437 1826 1465 1878 ὁ
1496 1824 1661 1891 Θεὸς,
1703 1826 1804 1880 ούκ

1914 690 2108 748 magna
2134 675 2345 731 ratione
2377 682 2603 731 sanctus
2622 673 2921 743 discipulus
2947 672 3268 743 simpliciter
3295 673 3433 727 dixit
3480 689 3495 726 :

1918 786 1937 819 ι
1976 768 2262 823 Dominum
2316 768 2496 839 ipsum
2556 778 2611 822 et
2653 777 2876 823 unctum
2928 767 3055 823 fecit
3094 768 3265 833 Deus;
3331 785 3351 819 ι
3402 768 3497 823 sed

1910 863 2140 933 adjecit,
2179 883 2198 915 ι
2253 863 2399 918 hunc
2458 860 2667 924 Jesum.
2720 875 2880 930 quem
2922 874 3017 916 vos
3065 860 3436 917 cruciﬁxistis.
3472 878 3491 911 ι

1906 950 2137 1021 Oportet
2161 962 2340 1008 autem
2376 959 2434 1006 ut
2458 966 2648 1007 rursus
2679 965 2741 1007 ea
2771 966 2891 1022 qua:
2930 951 3133 1022 scripta
3170 961 3298 1006 sunt
3331 966 3495 1007 accn-

1912 1054 2028 1099 rate
2066 1044 2442 1113 inspiciamus.
2484 1043 2602 1100 Non
2662 1044 2807 1099 enim
2860 1043 3043 1099 dixit:
3093 1044 3245 1100 Fecit
3283 1044 3495 1114 sibiipsi

1908 1136 2236 1201 Filium,aut
2265 1135 2521 1201 Verbum,
2548 1135 2643 1192 sed
2670 1134 2957 1191 Dominum
2983 1144 3037 1190 et
3058 1147 3277 1192 unctum
3301 1154 3315 1190 :
3349 1136 3497 1207 quod

1908 1228 2127 1300 quidem
2168 1244 2277 1285 non
2330 1229 2655 1300 principium
2706 1230 3008 1287 exsistendi
3070 1229 3362 1301 signiﬁcat,
3398 1232 3495 1287 sed

1909 1320 2306 1377 traductionem
2353 1336 2421 1377 ex
2457 1336 2566 1377 uno
2609 1322 2664 1377 in
2712 1320 2880 1378 aliud.
2938 1321 3238 1389 Quomodo
3311 1332 3495 1378 autem

1908 1410 2086 1467 factus
2135 1413 2207 1466 sit
2272 1411 2535 1468 Dominus
2602 1422 2658 1467 et
2710 1423 2928 1480 unctus,
2980 1415 3229 1484 superius
3290 1415 3495 1473 dictum

1904 1512 2012 1557 est.

2514 1709 2666 1765 Idem
2704 1712 2881 1767 aliter.

1980 1824 2122 1883 Deus
2168 1826 2341 1897 ipsum
2386 1827 2516 1883 fecit
2554 1829 2841 1885 Dominum
2884 1838 2941 1885 et
2984 1841 3237 1897 unctmn,
3279 1849 3385 1888 non
3428 1850 3496 1890 ex

208 1919 314 1971 ἀπὺ
348 1919 438 1971 τοῦ
477 1919 552 1989 μὴ
585 1919 737 1983 δντος
770 1920 850 1982 είς
877 1917 940 1971 τὸ
977 1914 1118 1972 εἶναι
1152 1919 1448 1990 παράγωνο
1482 1914 1551 1990 ἦν
1580 1918 1688 1991 γὰρ
1714 1920 1799 1972 ἀεὶ

1909 1929 2012 1971 non
2049 1916 2345 1972 exsistente
2379 1918 2445 1971 ad
2482 1931 2604 1973 esse
2641 1920 2931 1975 traducens
2970 1937 2985 1974 :
3020 1931 3141 1976 erat
3175 1921 3320 1977 enim
3356 1938 3499 1978 sem-

209 2008 301 2059 καὶ
336 2008 445 2078 πρὸ
472 2010 570 2077 τῆς
600 2007 930 2078 σαρκώσεως
972 2009 1001 2061 ὁ
1040 2007 1133 2061 τοῦ
1164 2007 1300 2061 Θεοῦ
1344 2008 1540 2076 Λόγος,
1572 2010 1664 2062 καὶ
1702 2009 1803 2063 οὐκ

208 2099 269 2151 ἄν
302 2114 388 2160 τις
423 2093 483 2150 εῦ
528 2097 742 2167 φρονῶν
777 2098 838 2150 τὸ
888 2116 906 2148 ι
940 2098 1196 2167 ἐποίησεν
1227 2116 1245 2148 ι
1295 2096 1485 2151 ἐνθάδε
1526 2096 1669 2150 κατὰ
1705 2098 1801 2167 τῆς

207 2189 392 2250 οὐσίας
431 2188 685 2256 ὲκὶάεοι,
732 2190 818 2241 ἵνα
860 2188 937 2259 μὴ
985 2188 1204 2241 ἀσεϐεῖν
1245 2188 1650 2258 ἀναγκάζηται·
1681 2189 1801 2241 τότε

208 2281 427 2352 πρῶτον
474 2281 653 2343 διδοὺς
699 2280 939 2350 ὑπάρξαι
988 2280 1078 2332 τὸν
1131 2278 1227 2333 τοῦ
1284 2279 1418 2335 Θεοῦ
1474 2281 1669 2349 Λόγον,
1713 2283 1801 2335 ὅτε

206 2372 433 2440 γέγονεν
481 2371 768 2444 ἄνθρωπος
791 2390 803 2401 ·
841 2372 977 2425 ἀλλά
1007 2372 1069 2425 τὸ
1108 2392 1127 2423 r
1156 2372 1432 2442 ἐποίησεν,
1464 2391 1483 2427 ι
1515 2373 1639 2426 ἀντὶ
1680 2372 1798 2439 τοῦ,

208 2464 481 2528 ἀπέδειξε,
506 2465 746 2534 νοητέον.
772 2464 1036 2517 οὕτωκαὶ
1064 2465 1225 2527 αύτὲς
1252 2467 1279 2518 ὁ
1306 2465 1510 2536 Πέτρος
1534 2468 1647 2527 τοῖς
1680 2466 1803 2519 Ἰου-

206 2555 375 2618 δαίοις
409 2557 933 2627 προσδιαλεγόμενος
966 2557 1234 2626 ἔφασκενι
1276 2576 1295 2606 ι
1336 2555 1543 2627 Ἰησοῦν
1572 2556 1662 2609 τὸν
1689 2557 1802 2610 Να-

206 2644 442 2716 ζωραῖον
492 2647 659 2719 ἄνδρα
722 2648 1175 2718 ἀποδεδειγμένον
1224 2649 1331 2702 ἀπὸ
1382 2649 1477 2701 τοῦ
1537 2649 1671 2701 Θεοῦ
1724 2654 1801 2713 εἰς

205 2741 346 2809 ὑμεῖς
373 2740 641 2810 δυνάμεσι
670 2740 764 2791 καὶ
789 2740 980 2811 τέρασι
1008 2742 1103 2794 καὶ
1133 2741 1405 2811 σημείοις,
1440 2742 1623 2805 καθὼς
1645 2743 1801 2796 αὐτοὶ

202 2834 399 2885 οἴδατε.
432 2851 449 2882 ι
488 2833 699 2884 Οὐκοῦν
732 2832 818 2885 διὰ
848 2832 955 2883 τῶν
1000 2832 1177 2903 ἔργων
1203 2833 1463 2886 δεικνύων
1496 2835 1801 2905 ἐνυπάρχον

204 2924 348 2996 αὐτῷ
388 2924 485 2976 τοῦ
534 2924 748 2994 Πατρὸς
796 2922 855 2975 τὸ
888 2923 1137 2993 ἀξίωμα,
1188 2923 1395 2993 Κύριος
1434 2924 1643 2991 γίνεται
1695 2924 1801 2975 τῶν

204 3017 613 3070 πιστευσάντων
665 3016 745 3077 εἰς
794 3015 992 3067 αὐτόν’
1043 3014 1429 3068 ἀναδείκνυται
1482 3016 1539 3069 δὲ
1584 3016 1665 3067 ὅτι
1706 3015 1803 3066 καὶ

202 3109 361 3170 αὐτὸς
394 3110 547 3160 ἐστιν
576 3110 603 3160 ὁ
637 3108 889 3177 Χριστός.
916 3108 1016 3160 Διὰ
1050 3107 1157 3177 γὰρ
1194 3107 1351 3160 τοῦτο
1382 3109 1495 3170 τοῖς
1530 3107 1802 3171 Ἰουδαίοις

201 3198 525 3251 ἀπειθοῦσιν
578 3197 768 3265 ἔλεγε·
811 3217 828 3248 ι
862 3198 979 3250 Κᾶν
1017 3200 1140 3267 ἐμοὶ
1181 3199 1256 3267 μὴ
1310 3198 1645 3268 πιστεύητε,
1689 3202 1802 3261 τοῖς

202 3293 383 3364 ἔργοις
429 3308 535 3361 μου
572 3290 938 3355 πιστεύσατε,
982 3290 1069 3342 ἵνα
1115 3289 1289 3357 γνῶτε
1338 3290 1420 3342 ὅτι
1457 3289 1568 3356 ἐγὼ
1614 3292 1671 3342 ἐν
1718 3290 1796 3359 τῷ
1828 3261 1874 3320 C

201 3385 405 3455 Πατρὶ,
443 3384 541 3435 καὶ
578 3383 607 3434 ὁ
644 3382 834 3451 Πατὴρ
879 3384 935 3433 ἐν
970 3381 1127 3451 ἐμοί·
1160 3398 1178 3431 ι
1215 3381 1309 3433 καὶ
1342 3381 1537 3433 πάλιν·
1578 3401 1595 3431 ι
1630 3382 1691 3433 Εἰ
1734 3382 1794 3433 ού

201 3473 337 3524 ποιῶ
366 3473 437 3524 τὰ
482 3472 619 3541 ἔργα
656 3470 752 3523 τοῦ
788 3472 1002 3540 Πατρός
1049 3487 1172 3539 μου,
1208 3471 1281 3539 μὴ
1315 3470 1599 3523 πιστεύετέ
1635 3488 1741 3539 μοι.
1772 3490 1789 3520 ι

201 3566 261 3617 Εἰ
293 3566 350 3617 δὲ
381 3563 476 3616 διὰ
522 3562 615 3615 τοῦ
654 3562 916 3615 δύνασθαι
951 3564 1123 3614 ποιεῖν
1165 3561 1233 3613 τὰ
1271 3561 1409 3631 ἕργιι
1458 3560 1552 3613 τοῦ
1584 3562 1795 3633 Πατρὸς

201 3660 289 3709 καὶ
331 3657 482 3726 ἔχειν
530 3658 586 3707 ἐν
628 3654 808 3723 ἐαυτῷ
842 3656 932 3707 τὸν
965 3655 1208 3726 Πατέρα,
1242 3652 1381 3707 εἷναί
1412 3672 1471 3706 τε
1505 3655 1704 3724 ὁμοίως
1740 3656 1795 3706 ἐν

202 3750 398 3819 Ιιατρὶ,
434 3748 571 3811 Θεὸς
599 3748 673 3801 ὢν
712 3747 965 3816 ἀληθινὸς
1012 3747 1422 3808 ἀναδείκνυται,
1463 3748 1603 3800 κατὰ
1638 3747 1796 3801 τοῦτο

201 3842 389 3909 γέγονε
424 3840 538 3892 τῶν
570 3841 649 3901 εἰς
696 3839 858 3892 αὑτὸν
896 3839 1307 3891 πιστευσάντων
1352 3840 1577 3908 Κύριος,
1622 3840 1794 3909 ἐφάνη

198 3934 255 3986 δὲ
298 3934 397 3986 καὶ
448 3932 615 3995 αὐτὸς·
662 3930 737 3983 ὢν
769 3932 796 3984 ὁ
827 3929 1093 4001 Χριστός·
1126 3931 1176 3984 εἰ
1220 3930 1277 3983 δὲ
1320 3930 1473 4000 παρὰ
1516 3929 1652 3983 Θεοῦ
1695 3947 1794 3982 πε-

199 4026 468 4094 ποιῆσθαι
521 4023 727 4093 Κύριος
784 4022 1037 4090 λέγεται,
1090 4023 1183 4074 καὶ
1222 4022 1379 4075 τοῦτο
1426 4022 1541 4092 ἔχει
1592 4022 1792 4075 καλῶς.

211 4116 748 4185 Ἐπιγινωσκὸμενος
782 4114 891 4185 γὰρ
917 4114 1006 4169 διὰ
1028 4116 1136 4169 τῶν
1167 4113 1344 4184 ἔργων
1369 4116 1589 4185 γνήσιόν
1618 4134 1676 4167 τε
1706 4117 1796 4168 καὶ

198 4206 457 4277 ἀληθινὸν
508 4205 604 4257 τοῦ
657 4204 795 4258 Θεοῦ
846 4206 1128 4276 γέννημα,
1180 4206 1422 4276 κυριεύει
1477 4206 1587 4258 τῶν
1640 4208 1797 4259 ἀπει-

197 4297 440 4352 θούντων
494 4298 695 4361 πάλαι,
745 4297 823 4367 τῷ
869 4314 929 4349 τε
960 4298 1144 4369 οἰκείῳ
1178 4298 1448 4368 ἀξιώματι
1498 4299 1590 4351 καὶ
1633 4301 1696 4368 τῇ
1734 4302 1797 4351 ἐκ

198 4390 416 4461 Πατρὺς
457 4390 711 4459 εὐγενείᾳ
760 4390 1204 4460 μαρτυρούμενος
1258 4390 1333 4453 ὡς
1383 4389 1534 4453 Θεός.
1578 4391 1794 4461 Ἐπειδὴ

198 4484 305 4555 γὰρ
351 4484 496 4545 ὅλως
532 4481 779 4551 ἐγνώσθη
816 4482 950 4535 Θεοῦ
1000 4483 1260 4551 ὑπάρχων
1296 4482 1443 4545 Υἱὸς,
1480 4481 1668 4547 γέγονε
1703 4482 1797 4533 καὶ

197 4576 427 4644 Κύριος.
456 4576 521 4627 οὐ
556 4573 678 4625 τότε
712 4574 929 4643 πρῶτον
964 4573 1058 4626 τοῦ
1084 4570 1221 4626 εἶναι
1254 4573 1457 4643 Κύριος
1490 4572 1795 4641 ἀρξάμενος

200 4660 287 4737 (ἦν
316 4667 427 4737 γὰρ
454 4668 543 4718 ἀεὶ
572 4666 665 4718 καὶ
692 4666 825 4728 Θεὸς
857 4667 951 4718 καὶ
976 4667 1222 4736 Κύριος),
1251 4666 1364 4717 ἀλλ’
1386 4667 1474 4717 ὅτε
1506 4665 1657 4733 παρὰ
1686 4667 1797 4725 τοῖς

200 4758 633 4811 πεπιστευκόσιν
662 4759 933 4830 ἐγνώσθη,
958 4760 1077 4811 τότε
1107 4758 1345 4826 γεγονὼς
1372 4758 1465 4811 καὶ
1494 4759 1577 4808 ἐπ’
1601 4758 1795 4819 αὐτοὺς

199 4848 431 4920 Κύριος.

212 4939 704 5017 Ἀπόδειξιςαάπρ
730 4942 861 5017 ’τῇς
901 4942 1063 5006 θείας
1097 4943 1364 5017 Γραφιῆς,
1397 4944 1501 5017 γὸτι
1536 4950 1569 4999 ὁ
1607 4947 1797 5017 Λόγος

542 5009 625 5078 ἦν
652 5011 744 5064 ἀεὶ
778 5014 991 5081 Κύριος
1020 5015 1117 5065 καὶ
1143 5009 1479 5081 ,ϐἀσίλεύςη
1666 5059 1673 5063 .
1698 5009 1713 5064 ἶ

296 5128 340 5177 0
396 5123 661 5195 Ἀϐραὰμ
723 5125 885 5178 αὑτὸν
936 5128 1298 5199 προσεκύνει,
1339 5130 1544 5201 Κύριον
1587 5134 1797 5188 ἀποκα-

199 5214 325 5270 λῶν.
363 5215 430 5270 Ὀ
464 5217 675 5286 Μωσῆς
718 5216 919 5286 ὁμοίως
953 5218 1119 5288 φησί·
1158 5240 1175 5270 ι
1206 5222 1314 5274 Καὶ
1362 5222 1568 5295 Κύριος
1609 5225 1797 5296 ἔϐρεξε

202 5308 355 5377 παρὰ
403 5307 621 5376 Κυρίου
671 5308 782 5373 πῦρ
834 5309 927 5362 καὶ
974 5310 1116 5364 θεῖον
1162 5314 1254 5365 ἐπὶ
1299 5315 1510 5383 Σόδομα
1559 5318 1651 5370 καὶ
1696 5318 1794 5371 Γό-

206 5402 402 5471 μορρα.
434 5418 453 5451 ι
505 5400 565 5453 Ὀ
592 5399 895 5471 mappas;
942 5402 1131 5455 πάλιν·
1176 5422 1193 5455 ι
1228 5402 1393 5461 Εἶπεν
1422 5410 1450 5460 ὁ
1484 5410 1687 5481 Κύριος
1718 5415 1796 5485 τῷ

205 5491 393 5561 Κυρίῳ
428 5507 565 5561 pou‘
599 5491 783 5545 Κάθου
812 5494 875 5545 ἐκ
906 5494 1096 5560 δεξιῶν
1128 5514 1250 5564 μου.
1278 5517 1296 5547 ι
1333 5500 1442 5553 Καὶ
1467 5503 1627 5555 πάλιν
1648 5521 1661 5534 ο
1696 5524 1715 5554 ι
1739 5508 1795 5559 Ὀ

206 5577 390 5648 θρόνος
426 5597 552 5644 σου,
582 5580 610 5630 ὁ
643 5580 794 5643 Θεὸς.
840 5584 919 5644 είς
960 5584 1052 5637 τὸν
1096 5585 1266 5638 αἰῶνα
1308 5588 1401 5639 τοῦ
1447 5590 1661 5654 αἰῶνος.
1696 5594 1795 5646 Διὰ

207 5670 362 5723 τοῦτο
410 5669 604 5740 ἔχρισέ
640 5688 700 5722 σε
726 5688 739 5701 ·
790 5672 983 5742 ῥάϐδος
1038 5674 1330 5746 εὐθύτητος
1371 5681 1403 5749 ἡ
1456 5680 1650 5749 ῥάϐδος
1692 5682 1791 5751 τῆς

282 5826 325 5857 ⁸⁵
360 5824 483 5879 Act.
535 5839 594 5885 tt,
623 5825 713 5878 29..

212 5897 255 5928 ”
296 5898 440 5952 Paul.
483 5912 627 5961 μιν,
658 5895 711 5959 7,
738 5896 789 5949 8.

793 5826 909 5859 ⁸⁸⁸⁸⁷
948 5829 1105 5887 Joau.
1148 5850 1199 5888 κ.
1235 5835 1322 5888 58.
1406 5836 1450 5863 “
1478 5838 1604 5891 ibid.
1651 5840 1738 5891 ST.

1818 5842 1860 5866 η
1902 5842 2035 5891 αντη.
2074 5858 2178 5896 xm
2211 5844 2265 5903 ἓ,
2317 5843 2370 5895 5.

1905 2022 2023 2078 per,
2056 2007 2221 2063 etiam
2256 2018 2385 2065 ante
2417 2008 2849 2067 incarnationem
2884 2010 2980 2068 Dei
3013 2010 3284 2077 Verbum,
3322 2028 3496 2085 nequc

1905 2099 2191 2169 quisquam
2226 2112 2373 2157 recte
2402 2103 2652 2157 sentiens
2679 2102 2907 2159 verbum
2944 2103 3096 2170 illud,
3134 2123 3152 2155 ι
3191 2104 3340 2173 fecit,
3379 2125 3396 2158 ι
3431 2123 3498 2161 eo

1904 2189 2023 2246 loco
2058 2190 2125 2247 de
2158 2193 2393 2247 essentia
2429 2193 2597 2267 218
2627 2195 3042 2266 interpretetur,
3077 2211 3144 2253 ne
3178 2197 3403 2268 impium
3439 2216 3500 2255 se

1905 2281 2180 2349 declaret,
2206 2283 2297 2354 qui
2330 2294 2442 2339 tum
2470 2288 2705 2355 primum
2730 2286 2968 2344 Verbum
2995 2288 3093 2343 Dei
3119 2304 3240 2346 esse
3264 2293 3499 2362 empisse

1905 2374 2050 2429 dicat
2072 2415 2087 2440 ,
2118 2376 2339 2445 quando
2386 2375 2593 2432 factum
2624 2387 2708 2435 est
2753 2380 2916 2435 homo
2949 2399 2961 2435 :
2997 2382 3094 2436 sed
3131 2399 3151 2434 ι
3184 2381 3317 2437 fecit
3350 2401 3370 2435 ι
3404 2397 3499 2439 ac-

1904 2467 2212 2537 cipiendum
2255 2479 2342 2524 est
2389 2485 2488 2541 pro
2534 2471 2855 2541 declaravit,
2898 2472 2983 2528 vel
3023 2475 3281 2530 ostendit.
3323 2474 3399 2530 lta
3444 2488 3499 2532 et

1904 2556 2099 2614 Petrus
2128 2576 2251 2616 cum
2281 2560 2485 2618 Judreis
2516 2562 2795 2619 disserens
2825 2565 2958 2620 dixit
2992 2584 3007 2619 :
3046 2585 3065 2619 ‹
3102 2565 3287 2622 Iesum
3318 2566 3496 2623 Naza-

1906 2667 2125 2719 renum,
2158 2653 2249 2724 qui
2287 2654 2594 2711 declaratus
2628 2666 2712 2712 est
2742 2659 2824 2713 vir
2852 2673 2880 2712 a
2920 2658 3029 2714 Deo
3067 2660 3120 2714 in
3152 2676 3250 2717 vos
3279 2661 3498 2716 virtuti»

1906 2744 2026 2807 bus,
2059 2756 2113 2799 et
2147 2748 2428 2817 prodigiis,
2466 2750 2698 2819 etsignis
2733 2766 2854 2821 qua:
2890 2751 3039 2819 fecit,
3074 2752 3217 2807 sicut
3253 2753 3351 2823 ipsi
3389 2757 3497 2810 sci-

1906 2838 1973 2889 tis
1990 2837 2059 2891 ".
2094 2855 2111 2888 ι
2147 2838 2413 2903 Quocirca
2444 2855 2565 2895 cum
2595 2855 2692 2910 per
2716 2857 2877 2912 opera
2907 2846 3145 2900 ostendit
3175 2846 3494 2916 dignitatem

1906 2925 2083 2983 Patris
2122 2931 2222 2985 sibi
2264 2933 2719 3001 incxsistentem,
2758 2935 3021 2990 Dominus
3058 2938 3119 2991 ﬁt
3160 2938 3497 2994 credentium

1907 3020 1958 3073 iu
1992 3022 2165 3088 ipsum
2197 3041 2209 3075 :
2240 3026 2545 3079 ostenditur
2569 3041 2701 3082 vero
2730 3029 2872 3095 quod
2904 3030 3019 3097 ipse
3046 3030 3211 3084 etiam
3241 3030 3310 3086 sit
3335 3030 3497 3085 Chria-

1906 3122 2039 3166 stus.
2067 3110 2201 3167 Nam
2231 3114 2437 3171 idcirco
2461 3116 2662 3173 Iudaeis
2688 3120 2983 3175 incredulis
3010 3121 3186 3176 dixit:
3220 3141 3238 3173 ι
3272 3122 3494 3179 Etiamsi

1906 3205 2036 3257 mihi
2070 3221 2173 3259 non
2206 3210 2467 3274 credatis,
2496 3211 2751 3277 operibus
2781 3212 2917 3266 meis
2948 3214 3176 3279 credite,
3208 3223 3266 3268 ut
3295 3230 3497 3286 cogno-

1905 3295 2073 3349 scatis
2101 3296 2226 3364 quia
2254 3312 2352 3367 ego
2383 3298 2437 3352 in
2468 3297 2647 3363 Patre,
2672 3310 2729 3355 et
2754 3302 2986 3357 Paterin
3008 3319 3094 3359 me
3122 3317 3206 3360 est
3227 3307 3377 3375 "'3';
3400 3329 3417 3361 ‹
3442 3321 3495 3366 et

1906 3402 2119 3441 rursum
2157 3408 2170 3443 :
2211 3407 2231 3439 ι
2272 3391 2329 3443 Si
2366 3405 2467 3458 ego
2502 3408 2605 3447 non
2639 3390 2783 3449 facio
2813 3409 2979 3466 Opera
3018 3396 3192 3456 Patris
3226 3402 3354 3471 mei,
3388 3420 3493 3459 non

1906 3477 2141 3532 credatis
2173 3480 2303 3533 mihi
2326 3480 2391 3536 ‘9.
2430 3500 2449 3534 ι
2485 3480 2540 3535 Si
2575 3498 2725 3554 ergo,
2755 3487 2881 3555 quia
2914 3497 3091 3556 potest
3125 3488 3303 3545 facere
3329 3507 3491 3563 opera

1908 3568 2104 3634 Patris,
2134 3581 2188 3624 et
2216 3573 2339 3638 quia
2371 3572 2533 3627 habet
2561 3575 2612 3629 in
2644 3589 2704 3629 se
2734 3575 2971 3642 Patrem,
3005 3581 3224 3651 ipseque
3253 3584 3492 3642 vicissim

1905 3668 1990 3714 est
2023 3662 2074 3715 in
2114 3661 2304 3730 Patre,
2338 3680 2501 3721 verus
2541 3668 2678 3722 Deus
2713 3684 2834 3724 esse
2869 3671 3176 3728 declaratur
3214 3693 3228 3729 :
3268 3678 3370 3733 hac
3404 3695 3493 3734 ra-

1908 3752 2053 3807 tione
2085 3754 2261 3809 [ιιι-ωε
2291 3765 2375 3811 est
2406 3756 2665 3813 Dominus
2698 3763 3033 3819 credentium
3070 3766 3122 3819 in
3158 3767 3364 3837 ipsum,
3398 3772 3491 3826 de-

1906 3844 2252 3916 rlaratusque
2287 3858 2370 3903 est
2403 3850 2565 3905 etiam
2606 3852 2721 3920 ipse
2755 3868 2877 3909 esse
2908 3855 3189 3925 Christus;
3225 3862 3269 3916 si
3304 3876 3431 3918 vero
3466 3880 3494 3917 a

1908 3935 2016 3991 Deo
2061 3937 2236 3994 factus
2277 3955 2398 3995 esse
2437 3942 2697 3998 Dominus
2736 3945 2957 4011 dicitur,
2999 3951 3163 4004 etiam
3204 3951 3308 4006 hoc
3347 3965 3497 4009 recte

1908 4028 2091 4086 habet.
2124 4030 2384 4101 Cognitus
2419 4036 2563 4087 enim
2600 4050 2697 4104 per
2724 4052 2890 4106 opera
2925 4053 3047 4095 esse
3080 4056 3241 4097 verus
3281 4044 3371 4099 Dei
3406 4045 3496 4100 Fi-

1906 4118 2033 4184 lius,
2074 4120 2384 4176 dominatur
2420 4124 2472 4177 in
2517 4139 2612 4180 eos
2653 4126 2745 4195 qui
2788 4127 2916 4181 olim
2965 4144 3070 4184 non
3117 4132 3490 4193 crediderunt.

1906 4213 2124 4282 propria
2156 4228 2252 4267 sua
2284 4214 2576 4283 dignitate,
2605 4225 2659 4271 et
2688 4217 2868 4274 Patris
2897 4218 3179 4276 nobilitate
3208 4222 3309 4291 ipsi
3341 4227 3494 4279 testi-

1907 4303 2147 4358 monium
2184 4305 2504 4373 perhibente
2538 4318 2594 4361 ut
2629 4309 2757 4364 Deo.
2788 4308 2923 4365 Cum
2961 4313 3109 4367 enim
3144 4315 3367 4369 omnino
3401 4332 3493 4371 cn-

1905 4397 2086 4465 guitus
2134 4399 2207 4451 sit
2254 4413 2374 4452 esse
2422 4399 2590 4455 Filius
2633 4401 2759 4467 Dei,
2827 4402 3003 4457 factus
3048 4405 3211 4459 etiam
3260 4418 3343 4461 est
3391 4409 3496 4463 [to-

1907 4490 2084 4543 minus
2122 4507 2133 4543 :
2172 4507 2276 4544 non
2314 4491 2457 4561 quod
2501 4501 2626 4548 tunc
2670 4494 2903 4563 primum
2938 4498 3238 4553 exsisteudi
3278 4500 3491 4554 initium

1905 4584 2174 4651 acceperit
2209 4595 2450 4653 (semper
2478 4586 2622 4640 enim
2657 4596 2777 4641 erat
2810 4598 2863 4642 et
2900 4588 3061 4656 Deus,
3094 4599 3151 4645 et
3184 4592 3490 4663 Dominus),

1904 4676 1998 4729 sed
2036 4676 2255 4744 quando
2288 4691 2317 4729 a
2352 4678 2699 4733 credentibus
2733 4681 2985 4750 cognitus
3019 4692 3136 4749 est,
3170 4692 3282 4738 tum
3319 4683 3492 4741 factus

1904 4779 1987 4822 est
2020 4769 2099 4822 eis
2130 4770 2409 4825 Dominus.

1909 4946 2298 5000 Demonstratio
2328 4964 2394 5001 ea:
2426 4949 2911 5021 saeraﬁScripmra,
2947 4954 3086 5021 quod
3118 4952 3343 5009 Verbum
3378 4973 3490 5012 erat

2336 5034 2536 5087 semper
2565 5020 2823 5075 Dominus
2858 5033 2905 5076 et
2942 5038 3052 5077 rex.

1977 5132 2249 5187 Abraham
2283 5132 2461 5203 ipsum
2496 5134 2780 5199 adorabat,
2802 5135 3095 5190 Dominum
3125 5137 3489 5208 appellans”.

1907 5222 2083 5278 Moses
2115 5224 2367 5279 similiter
2399 5240 2413 5276 :
2440 5242 2459 5274 ‹
2484 5223 2550 5278 Et
2571 5223 2979 5294 Dominuspluit
2998 5243 3023 5281 a
3042 5226 3488 5297 Dominoignem,

1904 5327 1957 5371 et
1982 5317 2207 5387 sulphur
2229 5331 2395 5385 super
2417 5315 2708 5371 Sodomam
2732 5328 2785 5371 et
2808 5318 3169 5373 Gomorrham
3190 5321 3257 5374 '°.
3290 5340 3310 5373 ι
3341 5320 3461 5377 Psal

1904 5408 2065 5461 mista
2100 5406 2264 5461 etiam
2303 5425 2315 5460 :
2355 5424 2375 5457 ι
2412 5406 2561 5461 Dixit
2592 5408 2850 5461 Dominus
2886 5408 3114 5464 Domino
3148 5424 3267 5467 meo
3299 5428 3313 5465 :
3350 5411 3490 5467 Sede.

1905 5512 1933 5550 ιι
1980 5498 2186 5552 dextris
2230 5498 2365 5553 meis
2387 5498 2454 5553 τί,
2508 5516 2527 5549 ›
2574 5497 2640 5551 Et
2680 5514 2869 5554 rursus
2913 5518 2927 5554 :
2975 5519 2994 5552 ι
3045 5501 3251 5557 Solium
3300 5512 3486 5569 tuum,

1905 5589 2064 5647 Deus.
2094 5589 2146 5642 in
2179 5590 2436 5643 smculum
2467 5589 2668 5644 saeculi.
2698 5590 2988 5660 Pr0pterea
3027 5595 3180 5649 unxit
3212 5604 3263 5649 te
3294 5617 3305 5649 :
3334 5594 3485 5665 virga

1902 5682 2263 5751 rectitudinis,
2282 5683 2431 5753 virga
2452 5684 2600 5754 regni
2619 5684 2695 5736 tui
2712 5685 2779 5737 τ’.
2813 5704 2831 5734 ι
2855 5684 2919 5738 Et
2942 5701 3167 5741 rursus:
3194 5705 3211 5737 ι
3236 5685 3483 5757 Regnum

2449 5844 2493 5869 τί·
2525 5842 2662 5894 εἰοη.
2698 5858 2811 5901 xm.
2838 5843 2930 5895 (Β.
3011 5845 3051 5875 τ’
3091 5845 3233 5897 Psal.
3272 5861 3380 5905 εις,
3428 5845 3475 5898 l.
