3986 6320
520 452 621 505 567

1489 449 1553 503 S.
1596 446 1867 505 CYNLLI
1908 440 2381 501 ALEXANDRINI
2418 440 2741 496 ARCIIIEP.

3655 445 3768 500 368

522 585 700 635 tuum,
750 582 969 640 regnum
1015 566 1252 623 omnium
1300 566 1613 622 saeculorum
1643 567 1709 621 ⁷³.
1768 584 1786 618 ι
1837 565 1893 620 Si
1947 578 2073 634 ergo

2198 560 2455 624 ιασιλείας
2486 577 2601 613 σου.
2631 577 2649 611 ι
2685 556 2796 612 Καὶ
2822 556 2985 612 πάλιν
3008 573 3019 585 ·
3057 575 3075 608 ι
3120 557 3183 611 'H
3219 559 3463 629 βασιλεία
3500 578 3616 628 σου⁴
3659 564 3766 632 βα·

520 662 677 713 ctiam
720 672 843 714 ante
884 658 1311 713 incarnationem
1344 656 1574 712 Verbum
1615 657 1704 710 Dei
1742 665 1860 710 erat
1894 670 1988 710 rex
2025 663 2078 709 et

520 748 807 812 Dominus,
847 747 1116 817 quomodo
1156 762 1261 802 non
1306 748 1350 801 is
1394 745 1739 813 blasphemus
1778 744 2081 800 censendus

518 842 585 893 sit
625 840 715 908 qui
750 840 950 894 factum
980 854 1103 896 esse
1140 838 1207 894 de
1262 838 1495 893 essentia
1530 837 1947 907 interpretetur?
1975 836 2075 891 Fa-

520 944 635 987 ctus
659 937 801 987 enim
832 942 915 988 est
939 942 1122 986 noster
1146 930 1431 995 Dominus,
1464 945 1586 984 cum
1618 930 1763 984 illum
1794 930 1957 984 talem
1985 944 2078 983 co-

520 1026 821 1094 gnovimus,
842 1024 1079 1091 quando,
1112 1021 1363 1077 omnibus
1391 1022 1547 1077 nobis
1575 1022 1832 1093 sanguine
1861 1036 1960 1076 suo
1990 1035 2077 1075 re-

519 1116 767 1185 demptis,
797 1115 1101 1173 dcclaratus
1128 1122 1212 1171 est
1240 1114 1488 1169 Christus
1515 1122 1568 1168 et
1599 1112 1875 1168 Dominus.

640 1313 801 1383 217
836 1312 983 1368 Idem
1011 1314 1189 1381 aliter,
1218 1314 1450 1384 exempto
1483 1332 1517 1368 α
1545 1317 1692 1370 nobis
1719 1325 1944 1385 sumpto.

587 1489 643 1545 Si
686 1490 753 1544 de
797 1490 1010 1546 homine
1050 1490 1229 1559 aliquo
1270 1490 1536 1546 diceretur
1575 1490 1814 1545 :Factus
1854 1500 1939 1546 est
1978 1492 2079 1549 iste

518 1580 679 1649 hujus
699 1581 1055 1650 possessionis
1087 1580 1336 1635 dominus
1372 1598 1385 1634 :
1418 1581 1542 1649 quis
1571 1580 1705 1636 adeo
1727 1580 1929 1636 delirus
1957 1582 2077 1638 fue-

517 1672 608 1737 rit,
636 1680 693 1725 ιιι
721 1680 830 1725 tum
860 1670 1215 1726 substantiam
1245 1671 1387 1726 illius
1413 1670 1609 1726 factam
1636 1685 1758 1727 esse
1784 1672 2076 1739 existimet,

517 1763 733 1833 quando
762 1762 1066 1817 declaratus
1094 1770 1176 1816 est
1204 1761 1433 1831 alicujus
1462 1763 1538 1816 rei
1568 1763 1852 1817 dominus?
1880 1761 2079 1820 Factus

2182 650 2355 704 σιλεία
2384 648 2737 704 πάντων-τῶν
2765 646 2994 703 αίώνων.
3020 668 3037 701 ι
3080 650 3140 702 Ei
3186 652 3365 704 τοίνυν
3403 652 3497 707 καὶ
3527 654 3631 722 πρὸ
3660 654 3763 722 τῆς

2182 742 2511 814 σαρκώσεως
2555 739 2808 811 βασιλεύς
2851 756 2912 793 τε
2956 740 3050 793 καὶ
3086 738 3290 811 Κύριος
3320 739 3388 812 ἦν
3423 743 3452 795 ὁ
3489 739 3585 797 τοῦ
3620 743 3761 797 Θεοῦ

2180 836 2382 906 Λόγος,
2420 834 2538 898 πῶς
2568 833 2667 887 οὐκ
2696 833 2761 888 ἄν
2801 850 2884 896 τις
2922 832 3104 904 ἔνοχος
3142 835 3227 904 εῐη
3267 837 3379 898 τοῖς
3418 838 3516 906 τῆς
3554 836 3762 906 δυσφη-

2183 929 2310 998 μίας
2339 928 2676 999 ἐγκλήμασι,
2713 926 2855 980 κατὰ
2892 926 2990 997 τῆς
3032 926 3220 989 οὐσίας
3263 926 3427 981 αὐτοῦ
3470 928 3648 998 φέρων
3698 927 3764 980 τὸ

2180 1018 2546 1089 πεποιῆσθαις
2576 1016 2770 1086 Γέγονε
2806 1015 2915 1085 γὰρ
2957 1017 3115 1087 ἡμῶν
3142 1015 3345 1087 Κύριος
3382 1017 3489 1070 τῶν
3517 1019 3763 1085 ἐπεγνω-

2180 1111 2354 1164 κότων
2396 1110 2488 1163 τὸν
2522 1108 2731 1163 ἑαυτῶν
2761 1108 3060 1178 Δεσπότην,
3096 1109 3183 1161 ὅτε
3228 1107 3307 1179 τῷ
3346 1108 3530 1178 οἰκείῳ
3566 1108 3761 1179 αἵματι

2181 1203 2388 1265 πάντας
2419 1200 2715 1272 ἀγοράσας,
2738 1200 3018 1271 ἀνεδείχθη
3050 1198 3285 1271 Χριστὸς
3312 1201 3405 1253 καὶ
3439 1200 3660 1272 Κύριος.

2184 1312 2416 1376 Ἄλλως
2466 1310 2544 1363 ’τὸ
2589 1309 2765 1374 αὐτὸ,
2814 1309 3045 1383 ἐκτῶν
3101 1311 3228 1366 καθ’
3285 1310 3443 1381 ἡμᾶς
3497 1313 3645 1383 ἕχον
3696 1313 3765 1368 τὸ

2796 1380 3147 1449 ὑπόδειγμα.

2262 1491 2327 1543 Et
2376 1491 2462 1543 ἐπ’
2508 1490 2799 1562 ἀνθρώπου
2857 1491 3070 1559 λέγοιτο
3131 1492 3330 1563 τυχόν·
3382 1496 3611 1564 Γέγονεν
3670 1498 3759 1552 ὅδε

2180 1581 2336 1636 τοῦδε
2368 1582 2463 1636 τοῦ
2514 1585 2793 1655 κτήματος
2838 1584 3058 1653 κύριος,
3103 1584 3185 1648 τίς
3224 1586 3398 1651 οὕτως
3433 1588 3499 1642 ἂν
3538 1591 3625 1659 εἴη
3662 1600 3762 1661 λη-

2185 1673 2311 1743 ρῶν,
2342 1674 2417 1735 ὡς
2442 1674 2563 1727 τότε
2594 1674 2690 1743 τὴν
2717 1674 2903 1727 οὐσίαν
2932 1674 3096 1728 αὐτοῦ
3131 1678 3467 1749 πεποιῆσθαι
3496 1679 3764 1751 νομίζειν,

2180 1764 2270 1817 ὅτε
2302 1765 2395 1818 καὶ
2422 1764 2609 1835 κύριος
2641 1766 2855 1837 ἐδείχθη
2887 1767 3066 1833 τινός;
3111 1768 3309 1836 Γέγονε
3338 1770 3447 1842 γὰρ
3474 1772 3574 1825 οὐκ
3603 1774 3762 1837 αὐτὸς

516 1856 657 1910 enim
695 1864 777 1910 est
816 1869 919 1908 non
958 1855 1099 1922 quod
1144 1862 1256 1907 tum
1302 1853 1594 1907 exsistendi
1636 1854 1848 1908 initium
1890 1864 2081 1910 nactus

2198 1855 2262 1918 είς
2290 1856 2547 1910 σύστασιν
2570 1856 2663 1909 τοῦ
2690 1854 2975 1937 εἷναιτότε
3006 1858 3304 1929 προελθὼν,
3336 1862 3450 1915 ἀλλ’
3478 1863 3563 1930 ὑφ’
3585 1863 3766 1935 ἑαυτῷ

516 1948 605 2013 sit,
636 1946 727 2001 sed
755 1944 899 2015 quod
930 1944 1131 2014 aliquid
1163 1944 1222 1997 in
1247 1958 1398 1998 suam
1432 1953 1751 2013 potestatem
1786 1946 2077 2001 reduxerit.

517 2038 592 2092 lta
630 2040 791 2094 ctiam
834 2037 899 2091 de
934 2035 1149 2091 Christo
1186 2036 1526 2105 cogitandum
1566 2046 1667 2092 est.
1707 2036 2083 2093 Serviebamus

516 2130 643 2183 olim
682 2128 829 2183 falsis
864 2126 987 2192 diis,
1023 2136 1078 2183 et
1112 2126 1445 2195 corruptioni
1482 2127 1701 2181 obnoxii
1738 2142 1991 2193 eramus;
2028 2136 2084 2181 at

514 2218 609 2273 Dei
628 2216 862 2271 Verbum
890 2230 955 2271 ex
984 2216 1317 2285 heneplacito
1343 2214 1519 2271 Patris
1549 2215 1747 2270 factum
1778 2226 1860 2271 est
1888 2219 2079 2284 homo,

516 2320 573 2364 ut
612 2309 765 2363 nobis
797 2307 863 2361 ab
895 2319 1081 2361 errore
1116 2305 1362 2360 abductis
1397 2305 1493 2360 ﬁat
1526 2306 1765 2361 omnium
1800 2306 2079 2362 Dominus.

515 2399 681 2455 Unxit
712 2412 837 2453 vero
868 2397 1039 2467 ipsum
1073 2395 1253 2461 Pater,
1286 2404 1341 2451 ut
1374 2412 1469 2467 per
1498 2398 1673 2466 ipsum
1705 2398 1783 2452 vis
1817 2413 1881 2454 ac
1910 2401 2084 2454 virtus

514 2490 767 2561 ungentis
810 2490 972 2543 etiam
1018 2489 1070 2543 in
1116 2502 1215 2543 nos
1258 2489 1585 2557 perveniret.
1630 2486 1764 2543 Nam
1810 2489 1865 2544 in
1909 2490 2084 2559 primo

514 2583 727 2637 Christo
759 2591 964 2635 natura
995 2588 1194 2635 nostra:
1224 2579 1361 2635 bona
1396 2581 1693 2635 instaurata
1722 2590 1867 2649 sunt,
1899 2580 2083 2637 faeta-

515 2690 620 2743 que
646 2682 769 2728 sunt
794 2672 947 2727 nobis
976 2670 1227 2741 primitia:
1256 2672 1561 2726 divinorum
1592 2672 1856 2727 donorum
1888 2673 1941 2727 in
1971 2672 2085 2743 ipso

515 2778 569 2823 et
605 2783 700 2838 per
730 2767 934 2837 ipsum,
967 2774 1028 2820 ut
1065 2766 1116 2821 in
1160 2765 1377 2821 homine
1403 2776 1460 2822 et
1495 2780 1525 2821 a
1566 2766 1674 2821 Deo
1705 2782 1720 2821 :
1756 2766 1897 2821 Deus
1942 2766 2085 2821 enim

517 2871 634 2917 erat
661 2861 713 2915 in
746 2873 930 2915 carne.

1118 2968 1268 3024 Idem
1301 2969 1475 3025 aliter.

584 3089 781 3143 Beatus
816 3084 982 3140 David
1018 3083 1212 3139 alicubi
1255 3086 1328 3138 ita
1368 3082 1546 3153 psallit
1588 3100 1600 3136 :
1644 3102 1661 3135 ι
1702 3082 1829 3139 Fias
1864 3086 1995 3140 mihi
2035 3086 2086 3140 in

516 3181 682 3237 Deum
718 3186 1071 3249 protectorem
1097 3177 1217 3239 τις»
1245 3184 1299 3229 et
1334 3189 1546 3229 rursum
1583 3193 1597 3230 :
1637 3194 1657 3227 ‹
1696 3176 1763 3230 Ει
1800 3177 1979 3233 factus
2004 3187 2088 3232 est

2182 1963 2235 1999 τι
2278 1948 2664 2017 ποιησάμενος.
2716 1946 2872 2001 Οἱτω
2919 1966 3009 2019 μοι
3059 1949 3168 2002 νόει
3220 1952 3317 2004 καὶ
3360 1952 3453 2005 ἐπὶ
3501 1955 3760 2025 Χριστοῦ.

2196 2033 2575 2105 Ἐδουλεύομεν
2606 2034 2774 2089 πάλαι
2806 2039 2918 2100 τοῖς
2956 2040 3030 2109 μὴ
3060 2034 3179 2091 οὖσι
3219 2038 3392 2104 θεοῖς’
3425 2042 3764 2115 ὑπεκείμεθα

2182 2128 2248 2195 τῇ
2289 2126 2461 2196 φθορᾷ
2484 2143 2497 2157 ο
2531 2125 2668 2180 ἀλλὰ
2712 2126 2937 2195 γέγονεν
2978 2129 3265 2201 ἄνθρωπος
3293 2132 3322 2184 ὁ
3356 2133 3449 2186 τοῦ
3489 2133 3622 2188 Θεοῦ
3662 2138 3764 2189 A6-

2183 2234 2277 2285 γος
2310 2218 2698 2288 εὐδοκήσαντος
2724 2220 2818 2273 τοῦ
2854 2221 3084 2292 Πατρὸς,
3122 2223 3210 2277 ἵνα
3245 2225 3344 2295 τῆς
3378 2225 3584 2296 πλάνης
3617 2230 3764 2299 ἡμᾶς

2184 2308 2501 2373 ἀπαλλάξας
2542 2310 2769 2379 γένηται
2811 2312 3027 2367 πάντων
3062 2313 3285 2383 Κύριος.
3314 2316 3535 2389 Ἔχρισε
3563 2319 3619 2372 δὲ
3662 2322 3762 2373 ah-

2184 2394 2275 2450 τὸν
2304 2400 2333 2451 ὁ
2365 2398 2577 2469 Πατὴρ,
2623 2400 2710 2452 ἵνα
2756 2400 2825 2453 δι’
2860 2401 3023 2455 αὑτοῦ
3066 2402 3246 2475 φθάσῃ
3289 2404 3384 2457 καὶ
3428 2408 3508 2467 είς
3547 2409 3693 2479 ἡμᾶς
3732 2412 3766 2480 η

2184 2488 2278 2542 τοῦ
2310 2488 2594 2559 χρίσαντος
2618 2490 2865 2562 δύναμις.
2888 2492 3085 2560 Γέγονε
3108 2494 3215 2567 γὰρ
3236 2496 3295 2549 ὲν
3319 2497 3520 2570 πρώτῳ
3545 2500 3769 2571 Χριστῴ

2184 2579 2254 2633 τὰ
2300 2579 2398 2651 τῆς
2442 2580 2658 2649 φύσεως
2682 2581 2835 2652 ἡμῶν
2867 2583 3068 2652 ἀγαθὰ,
3101 2584 3195 2639 καὶ
3221 2588 3447 2659 ἀπαρχὴ
3474 2588 3581 2641 τῶν
3607 2590 3768 2643 θείων

2187 2672 2317 2741 ἡμῖν
2340 2673 2695 2742 χαρισμάτων
2720 2674 2776 2727 ὲν
2805 2673 2952 2744 αὺτῷ
2987 2675 3078 2728 καὶ
3104 2676 3169 2728 δι’
3202 2677 3367 2732 αὑτοῦ
3394 2679 3468 2743 ὡς
3495 2679 3769 2755 ἀνθρώπῳ

2188 2763 2284 2816 καὶ
2321 2763 2469 2833 παρὰ
2500 2763 2636 2818 Θεοῦ
2655 2780 2670 2796 ο
2700 2764 2834 2829 Θεὸς
2866 2768 2974 2840 γάρ
3002 2763 3068 2839 ἦν
3098 2769 3155 2823 ὲν
3191 2772 3377 2841 σαρκί.

2714 2966 2941 3032 Ἄλλως
2980 2969 3043 3021 τὸ
3082 2969 3249 3024 αὑτό.

2261 3074 2467 3129 Ψάλλει
2506 3091 2607 3128 που
2647 3076 2738 3129 καί
2770 3094 2947 3147 φησιν
2988 3079 3017 3131 ὁ
3070 3080 3353 3165 μακάριος,
3384 3084 3581 3139 Δαϐίδ·
3624 3088 3770 3142 ισΓε-

2192 3166 2283 3221 νοῦ
2326 3185 2416 3239 μοι
2449 3169 2531 3231 εἰς
2554 3167 2686 3223 Θεὸν
2715 3169 3129 3242 ὑπερασπιστην
3154 3188 3165 3201 ·
3197 3190 3217 3224 s
3252 3175 3345 3228 καὶ
3382 3176 3540 3231 πάλιν
3561 3194 3576 3210 ο
3613 3199 3631 3231 ι
3664 3182 3774 3235 Καὶ

516 3275 775 3331 Dominus
820 3270 1081 3340 refugium
1125 3268 1440 3340 pauperi".
1485 3286 1504 3320 ι
1554 3268 1819 3324 Caeterum
1868 3270 1920 3323 in
1964 3268 2082 3335 his,

2198 3260 2405 3331 ἐγένετο
2430 3260 2637 3332 Κύριος
2666 3264 2953 3334 καταφυγὴ
2984 3264 3061 3335 τῷ
3095 3265 3305 3338 πένητι.
3336 3286 3356 3321 s
3386 3270 3535 3331 Ἀλλ’
3569 3275 3628 3326 ὲν
3660 3274 3776 3329 τού·

518 3379 677 3425 nemo
692 3370 836 3419 certe
848 3361 1223 3418 dixeritDeum
1240 3369 1351 3415 tum
1365 3360 1592 3429 cmpisse
1603 3361 1866 3415 exsistere
1877 3360 2090 3430 quando

518 3455 692 3511 factus
728 3463 810 3509 est
843 3452 1111 3523 refugium
1150 3451 1392 3522 pauperi.
1436 3450 1660 3521 Semper
1692 3452 1835 3507 enim
1874 3453 1975 3508 hoc
2011 3452 2093 3523 ip-

520 3563 637 3604 sum
665 3546 955 3609 exsistens,
972 3558 1303 3613 semperque
1329 3557 1557 3598 servans
1582 3557 1887 3613 Oppressos,
1915 3543 2092 3599 factus

518 3648 605 3695 est
638 3637 824 3693 Davidi
860 3636 913 3690 in
957 3634 1121 3690 Deum
1160 3642 1520 3704 protectorem
1544 3672 1559 3700 ,
1596 3642 1650 3689 et
1686 3635 1907 3704 pauperi
1942 3635 2089 3690 rcfu-

398 3716 421 3736 ⁶
521 3730 690 3801 gium.
725 3727 1185 3795 Quemadmodum
1222 3727 1387 3797 igitur
1420 3726 1473 3782 id
1510 3727 1655 3796 quod
1689 3740 1903 3795 semper
1936 3736 2088 3792 erat,

522 3822 625 3876 hoc
655 3820 828 3889 ipsum
858 3833 1044 3874 rursus
1074 3818 1132 3873 fit
1164 3819 1389 3888 petenti,
1418 3826 1473 3871 et
1500 3818 1679 3872 oranti
1712 3835 1725 3871 :
1756 3818 1829 3871 ita
1856 3827 1909 3872 et
1936 3817 2093 3873 Chri-

522 3924 639 3968 stus
673 3927 792 3969 cum
829 3926 1044 3979 semper
1076 3912 1149 3968 sit
1183 3911 1439 3967 Dominus
1473 3920 1526 3966 et
1562 3925 1682 3975 rex,
1716 3918 1899 3979 utpote
1932 3909 2089 3977 Deus,

523 4004 697 4058 factus
737 4012 819 4059 est
860 4003 1021 4058 etiam
1064 4004 1136 4057 in-
1162 4004 1318 4058 nobis
1364 4003 1647 4070 Bdminus,
1683 4002 1897 4072 quando
1941 4005 2093 4058 dete-

526 4103 730 4149 stantes
757 4094 1091 4165 tyrannidem
1122 4094 1317 4149 diaboli
1346 4109 1451 4164 qua
1480 4110 1578 4151 nos
1602 4094 1957 4165 opprimebat,
1983 4096 2094 4150 cla-

524 4189 786 4243 mavimus
815 4189 880 4242 ad
910 4186 1125 4243 Patrem
1158 4204 1172 4240 :
1206 4206 1225 4239 ι
1260 4186 1460 4243 Emitte
1489 4187 1667 4245 lumen
1697 4200 1847 4244 tuum
1869 4198 1929 4245 et
1951 4190 2093 4246 veri-

524 4288 692 4337 tatem
735 4289 877 4335 tuam
903 4280 971 4333 ".
1021 4298 1040 4332 »
1084 4279 1193 4334 Deo
1230 4287 1407 4334 autem
1447 4293 1601 4334 sacra
1644 4278 1923 4349 Scriptura
1957 4295 2095 4351 opus

525 4373 789 4425 attribuit.
826 4368 1017 4426 Omnia
1050 4370 1193 4424 enim
1230 4385 1349 4440 qua:
1385 4370 1676 4425 humanam
1710 4382 1955 4428 naturam
1996 4388 2092 4429 ex-

521 4462 746 4527 cedunt,
778 4475 938 4532 opera
973 4462 1067 4516 Dei
1098 4462 1291 4516 merito
1317 4469 1597 4515 vocantur.

816 4586 1389 4680 ASSERTIO
1459 4589 1787 4679 XXII.

2191 3369 2324 3415 τοις,
2365 3352 2463 3405 οὐκ
2505 3352 2569 3406 ἄν
2607 3370 2692 3417 τις
2740 3353 2885 3407 εῐποι
2926 3355 3049 3409 τότε
3098 3358 3233 3428 πρὸς
3263 3359 3773 3435 οὐσίανηκεκλῆσθαι

2191 3442 2283 3495 τὸν
2319 3442 2471 3507 Θεὸν,
2503 3443 2589 3496 ὅτε
2623 3442 2700 3514 τῷ
2730 3443 2920 3515 πένητι
2954 3447 3487 3524 γέγονεικαταφυγή.
3523 3453 3636 3507 ’Δεὶ
3668 3457 3774 3529 γάρ

2192 3535 2267 3587 ὢν
2302 3533 2459 3587 τοῦτο
2494 3535 2589 3589 καὶ
2620 3533 2808 3599 σώζων
2855 3538 2982 3601 τοὺς
3016 3538 3427 3622 ἀδικουμένους,
3471 3546 3664 3614 γέγονε
3695 3550 3774 3619 τῷ

2195 3624 2295 3694 μὲν
2323 3624 2486 3678 Δασὶδ
2515 3626 2599 3689 εἰς
2632 3624 2767 3678 Θεὸι⁹
2801 3626 3237 3702 ὑπερασπιστὴν,
3264 3631 3344 3703 τῷ
3374 3633 3427 3686 δὲ
3464 3634 3653 3707 πένητι
3686 3655 3776 3693 κα-

2191 3718 2432 3787 ταφυγή.
2458 3717 2671 3788 Ὠσπερ
2696 3712 2788 3772 ὤν
2815 3719 2953 3790 ὅπερ
2977 3717 3045 3792 ἦν
3068 3721 3176 3787 ἀεὶ,
3202 3723 3360 3779 τοῦτο
3384 3724 3590 3794 γίνεται
3616 3731 3775 3787 πάλιν

2192 3809 2269 3879 τῷ
2310 3808 2552 3863 αἰτοῦντι
2600 3810 2696 3864 καὶ
2747 3814 3207 3885 προσευχομένῳ·
3250 3814 3393 3871 οὕτω
3434 3819 3528 3872 καὶ
3561 3822 3590 3875 ὀ
3636 3823 3772 3893 Χρι‹

2196 3900 2349 3964 στὸς,
2395 3900 2598 3971 Κύριος
2639 3900 2710 3955 ὣν
2739 3902 2827 3955 ἀεὶ
2872 3905 2965 3957 καὶ
2996 3903 3250 3974 βασιλεὺς
3284 3908 3368 3972 ὡς
3399 3908 3553 3975 Θεὸς,
3586 3912 3774 3982 γέγονε

2195 3995 2288 4047 καὶ
2331 3996 2387 4049 ὲν
2424 3997 2554 4066 ἡμῖν
2600 3994 2834 4066 Κύριος,
2878 3998 2965 4051 ὅτε
3003 3999 3096 4053 τοῦ
3133 4002 3449 4073 συνέχοντος
3485 4006 3631 4077 ἡμᾶς
3660 4009 3776 4063 δια-

2194 4086 2351 4139 δόλου
2396 4088 2496 4157 τὴν
2535 4089 2826 4158 τυραννίδα
2876 4090 3239 4162 μισήσαντες,
3279 4093 3589 4168 ἐσθήσαμεν
3638 4102 3775 4171 πρὸς

2194 4178 2284 4231 τὸν
2330 4178 2587 4250 Πατέραο
2626 4198 2646 4232 ι
2692 4180 3105 4245 Ἐξαπόστειλον
3155 4184 3217 4238 τὸ
3250 4185 3367 4255 φῶς
3413 4204 3509 4243 σου
3552 4192 3647 4245 καὶ
3678 4193 3776 4265 τὴν

2194 4269 2453 4341 ἀλήθειάν
2486 4287 2601 4326 σου.
2635 4290 2653 4323 ι
2689 4272 2807 4344 Θεῷ
2834 4274 2891 4328 δὲ
2920 4274 2982 4327 τὸ
3026 4274 3187 4345 ἔργον
3232 4278 3552 4351 ἀνατίθησιν
3574 4285 3616 4354 νή
3658 4284 3777 4339 θεία

2195 4363 2406 4433 Γραφή.
2453 4363 2639 4417 Πάντα
2672 4364 2782 4437 γὰρ
2819 4369 2920 4421 ὅσα
2952 4368 3052 4438 τὴν
3087 4367 3373 4439 ἀνθρώπου
3420 4372 3583 4441 φύσιν
3616 4375 3776 4440 ἐξάλμ-

2081 4514 2087 4519 ,
2197 4453 2364 4520 λεται,
2392 4454 2562 4510 ταῦτα
2590 4455 2819 4521 δικαίως
2848 4457 2997 4530 ἔργα,
3016 4459 3261 4515 καλεῖται
3291 4462 3448 4517 Θεοῦ.

2679 4579 3045 4668 ΛΟΓΟΣ
3119 4581 3310 4668 KB'.

525 4735 593 4793 ιιι
623 4737 778 4827 illud,
808 4753 828 4788 ι
860 4736 936 4790 De
962 4732 1048 4789 die
1075 4745 1124 4790 et
1141 4737 1286 4827 Lliora
1312 4736 1412 4817 illa.
1433 4742 1772 4827 titi'F‘lO‘ﬂODiln.
1802 4757 1893 4827 ηςς
1921 4744 2085 4814 aitng

2204 4739 2426 4827 mare:
2468 4758 2488 4791 ι
2526 4739 2667 4827 ιτερι
2721 4739 3117 4827 “aeneae
3169 4740 3407 4827 sum
3454 4743 3553 4827 και
3593 4742 3778 4827 spec.

640 4808 909 4871 calorum,
941 4822 1103 4875 neque
1130 4804 1331 4873 Filius,
1361 4808 1461 4861 nisi
1493 4806 1656 4863 Pater
1676 4810 1823 4865 solus
1846 4811 1914 4866 ".
1952 4831 1971 4865 ι

986 4980 1219 5051 Objectio
1252 4982 1637 5039 hwretieorum.

597 5098 665 5151 At
706 5095 1005 5165 quomodo,
1043 5096 1330 5165 inquiunt,
1367 5098 1472 5153 erit
1511 5098 1704 5155 similis
1743 5100 1914 5159 Filius
1950 5102 2096 5159 Patri

2266 4808 2466 4884 οιξιιξείς
2507 4806 2691 4884 eidem
2735 4806 2882 4884 abde
2905 4806 2978 4884 ibi
3002 4806 3255 4884 ’ἀπάταισι
3309 4806 3428 4866 τῶῖν
3487 4806 3778 4884 Odm-reb},

2266 4877 2407 4934 οὐδὲ
2434 4882 2467 4933 ό
2513 4879 2666 4945 Υἱὸς,
2694 4882 2747 4933 εί
2769 4879 2859 4947 μὴ
2881 4883 2914 4933 ό
2947 4877 3149 4949 Πατὴρ
3174 4882 3423 4952 μόνος-ε»

2472 4989 2792 5058 ’Δντίθεσις
2816 4992 2886 5045 ἐκ
2915 4991 3036 5047 τῶν
3065 4994 3513 5065 Χριστομάχων.

2270 5100 2379 5157 Καὶ
2412 5101 2551 5168 πῶς,
2590 5105 2775 5173 φασιν,
2816 5106 2965 5161 ἔσται
3014 5108 3133 5161 κατ’
3161 5108 3348 5162 οὐσίαν
3379 5110 3565 5180 ὅμοιος
3596 5114 3626 5165 ό
3660 5114 3785 5178 Υἱὸς

525 5188 819 5242 secundum
866 5188 1183 5252 essentiam,
1222 5203 1345 5242 cum
1391 5190 1536 5244 dicat
1577 5191 1743 5261 218
1786 5208 1844 5249 se
1888 5196 2085 5251 nescire

2198 5193 2274 5265 τῷ
2307 5195 2503 5265 Πατρὶ,
2534 5194 2709 5264 λέγων
2740 5198 2814 5267 μὴ
2842 5197 3041 5251 εἰδέναι
3076 5198 3174 5269 τὴν
3208 5199 3424 5272 ἡμέραν
3458 5201 3560 5270 τῆς
3602 5219 3787 5257 συντε-

525 5279 665 5330 diem
704 5277 1189 5331 consummationis
1226 5277 1407 5331 saacuIi
1442 5292 1457 5331 :
1496 5293 1657 5347 quem
1699 5280 1897 5352 alioqui
1941 5283 2085 5339 Patet

2198 5285 2345 5349 λείας
2389 5285 2485 5339 τοῦ
2534 5286 2761 5351 αἰῶνοςσ
2806 5288 2983 5342 καίτοι
3026 5288 3120 5341 τοῦ
3168 5290 3379 5361 Πατρὸς
3428 5291 3662 5357 εἰδότος,
3712 5294 3785 5356 ὡς

526 5369 697 5431 novit,
725 5380 781 5421 ut
811 5369 925 5439 ipse
956 5368 1188 5424 fatetur?
1216 5368 1402 5438 Magna
1432 5372 1577 5425 enim
1610 5372 1663 5425 in
1694 5372 1795 5428 hoc
1823 5376 2099 5431 dissimili-

528 5460 655 5514 tudo
682 5460 945 5525 cemitur,
976 5470 1031 5515 et
1060 5462 1321 5517 naturalis
1352 5465 1596 5531 quaedam
1626 5465 2012 5536 discrepantia.

1021 5570 1227 5626 Salutio
1266 5572 1595 5643 objectionis.

599 5680 656 5736 Si
688 5682 799 5752 ipse
822 5691 911 5739 est
926 5686 1183 5740 conditor
1204 5687 1548 5754 saeculorum,
1575 5699 1630 5744 et
1658 5699 1984 5761 temporum,
2014 5704 2097 5749 at-

2199 5394 2364 5447 φησιν
2407 5378 2602 5445 αὑτός;
2637 5378 2778 5433 Πολὺ
2815 5379 2923 5450 γὰρ
2960 5382 3019 5434 ὲν
3063 5379 3237 5451 τούτῳ
3276 5381 3339 5435 τὸ
3377 5382 3632 5454 ἀνόμοιον
3664 5385 3783 5454 φαί·

2200 5485 2372 5533 νεται,
2400 5470 2493 5522 καὶ
2525 5472 2729 5542 φυσικὴ
2761 5488 2845 5534 τις
2877 5471 3181 5535 διάστασις.

2693 5586 2850 5653 Πρὸς
2878 5586 3054 5641 τοῦτο
3086 5586 3284 5651 λύσις.

2278 5697 2337 5748 Εἰ
2367 5695 2525 5757 αὐτὸς
2547 5696 2662 5751 ἐστι
2684 5700 2911 5771 ποιητὴς
2930 5699 3160 5766 αἰώνων,
3179 5700 3273 5752 καὶ
3298 5699 3524 5771 χρόνων,
3553 5702 3647 5757 καὶ
3674 5717 3780 5757 και·

602 5840 646 5873 τ’
682 5838 819 5895 Psal.
848 5855 1027 5912 cxuv,
1074 5844 1155 5900 15.
1231 5847 1275 5878 ⁷³
1305 5845 1447 5903 Psal.
1489 5862 1619 5915 mi,
1658 5847 1741 5904 i9.
1820 5847 2035 5904 "Psal.
2070 5861 2143 5915 ix,
2184 5848 2264 5905 i0.
2350 5858 2392 5889 "
2428 5859 2573 5913 Psal.
2612 5874 2744 5928 aut,
2784 5862 2835 5916 3.
2917 5865 2961 5896 ⁷⁷
2996 5861 3184 5921 Matth.
3213 5882 3362 5937 xxiv,
3395 5868 3485 5929 36.
