3986 6320
3397 381 3503 437 370

202 526 328 597 ρῶν,
354 524 471 578 ἔστι
505 524 564 579 δὶ
602 522 801 588 οὕτως,
834 524 950 589 πῶς
987 525 1063 589 ὠς
1096 524 1225 595 μίαν
1258 524 1472 596 ἡμέραν
1511 526 1606 578 καὶ
1644 525 1793 595 ὥραν
1822 583 1825 591 φ

1940 538 2005 578 ue
2044 523 2147 577 hoc
2184 532 2310 574 vere
2349 517 2421 571 ita
2463 520 2547 570 est
2586 529 2600 567 :
2638 508 2911 581 quomodo
2955 518 3120 560 unum
3162 501 3301 555 diem
3344 510 3504 565 atque

200 592 468 687 ἀγνοήσας
509 615 643 685 παρ’
680 615 809 685 ὑμῖν
844 592 1123 688 κρίνεται-ς
1171 592 1311 679 ηοξ
1339 592 1395 669 δλ
1436 614 1580 685 άπερ
1626 592 1788 677 αὑτός

1940 630 2089 669 oram
2137 614 2394 683 ignorare
2426 605 2581 661 vobis
2621 600 2913 659 censetur?
2952 596 3235 665 Quomodo
3277 592 3403 645 item
3444 604 3506 642 es

201 684 441 778 ἐποίησε,
486 708 570 777 μὴ
602 707 805 783 εἰδέναι
845 684 1104 773 δυναταις
1139 706 1294 759 Ἐστι
1322 705 1503 759 τοίνυν
1539 684 1790 770 ἐξετάσαι

1940 721 2020 761 ua:
2057 705 2217 767 fecit,
2256 701 2473 755 nescire
2508 694 2724 767 potest?
2758 688 3140 759 lnvestigamla
3180 684 3344 754 igitur
3378 693 3507 733 sunt

200 799 276 853 τὰ
310 771 579 872 sip-quivit
630 799 759 869 παρ’
792 780 970 854 ἀὑτοῦ
1025 771 1161 868 πρὸς
1208 798 1333 860 τοῦς
1369 796 1635 867 μαθητάς.
1683 795 1793 850 καί

1940 814 2017 853 ua:
2056 799 2124 851 ab
2163 796 2279 866 ipso
2319 788 2604 859 discipulis
2646 786 2792 840 dicta
2832 789 2979 837 sunt.
3024 777 3065 832 E
3106 775 3304 846 quibus
3352 771 3511 824 facile

206 865 385 959 σαφῶς
414 865 563 943 ἑστιν
592 865 842 943 ἔντειῖθεν
873 889 1019 955 ίδεῐν,
1042 865 1234 959 ὅτιπερ
1258 865 1401 941 οἶδεν
1425 865 1519 940 καῖ
1538 886 1635 955 τὴν
1664 883 1795 956 ἡμέ-

1940 888 2174 946 onstahit
2191 865 2373 956 ipsum
2398 892 2454 937 et
2476 880 2619 935 diem
2646 886 2701 933 et
2730 878 2923 931 horam
2950 870 3192 933 novisse,
3216 874 3273 920 ut
3302 865 3505 928 Deum;

207 998 299 1052 ραν
344 980 441 1034 καὶ
490 981 591 1050 τὴν
636 978 788 1051 ῶραν
828 981 905 1044 ὡς
942 980 1112 1045 Θεὸς,
1160 980 1265 1035 κᾶν
1312 978 1693 1033 ἀποδεικνύων
1738 978 1797 1031 ὲν

1940 982 2145 1045 imetsi,
2189 976 2583 1033 humanitatem
2620 984 2773 1027 suam
2809 965 3126 1027 ostendens,
3160 960 3415 1028 ignorare
3453 970 3513 1007 se

207 1049 379 1142 ῖαυτῷ
417 1072 483 1126 τὸ
524 1049 887 1143 άνθρῶπινον,
935 1073 1011 1144 μὴ
1054 1071 1253 1126 εἰδέναι
1299 1072 1453 1144 λέγῃ.
1493 1072 1555 1124 El
1586 1070 1697 1141 γὰρ
1730 1068 1800 1123 τά

1942 1076 2069 1129 icat.
2146 1071 2205 1127 Si
2246 1070 2392 1126 enim
2457 1065 2638 1123 omnia
2706 1074 2828 1131 quae
2895 1066 3024 1111 ante
3062 1053 3207 1109 diem
3248 1049 3399 1112 illum
3458 1058 3510 1100 et

197 402 299 466 369
1618 408 1825 465 TIIESJ

1940 406 2061 464 ιυδ.

207 1164 437 1233 ἐσόμενα
457 1164 646 1218 πάντα
678 1164 786 1235 πρὸ
810 1165 910 1235 τῆς
941 1165 1155 1234 ἡμέρας
1200 1164 1297 1217 καὶ
1328 1163 1444 1234 τῆς·
1465 1162 1616 1233 ὥρας
1658 1162 1801 1215 ὲκεί-

209 1273 299 1327 νης
339 1257 612 1325 διηγεῖται
658 1256 865 1325 σαφῶς,
906 1256 998 1311 καί
1037 1274 1240 1329 φησιν’
1279 1257 1475 1310 Ἔσται
1515 1255 1614 1325 μὲν
1646 1254 1801 1321 τόδε,

210 1352 549 1423 ωμὸήσσται
586 1351 644 1405 δὲ
684 1354 881 1415 ἐκεῖνο,
921 1346 1042 1405 εἶτα
1085 1350 1146 1402 τὸ
1186 1350 1337 1412 τέλος
1362 1365 1377 1381 ο
1420 1347 1582 1417 δῆλον
1611 1347 1692 1400 ὅτι
1734 1346 1805 1400 τὰ

210 1443 309 1513 πρὸ
337 1443 511 1513 αὐτῆς
542 1442 872 1513 εἰδὼς,ηηῖ
925 1441 1097 1512 αὐτὴν
1147 1440 1462 1494 ἐπίσταται.
1498 1438 1655 1492 Μετὰ
1695 1437 1807 1507 γάρ

208 1538 273 1587 τὰ
292 1536 339 1588 εί
349 1535 563 1605 ρημένα
592 1537 724 1607 παρ’
746 1534 933 1598 αὐτοῦ,
961 1533 1197 1603 τίθησιν,
1219 1533 1300 1585 ὅτι
1324 1552 1340 1583 ι
1355 1530 1430 1585 Τὸ
1448 1530 1599 1593 τέλος
1625 1529 1759 1583 ἐστί.
1782 1549 1801 1582 ι

211 1624 371 1687 Τέλος
398 1624 458 1677 δὲ
490 1624 545 1677 τί
580 1622 646 1677 ἂν
677 1624 865 1695 ἕτερον
892 1623 975 1693 εἴη
1003 1621 1037 1692 ἢ
1071 1621 1287 1683 πάντως
1313 1620 1348 1689 ἡ
1368 1619 1572 1689 ἐσχάτη
1600 1616 1805 1688 ἡμέρα,

212 1719 273 1786 ἢν
301 1716 521 1785 ἀγνοεῖν
553 1715 764 1786 ῑφησεν
799 1714 1181 1787 οἰκονομικῶς,
1214 1711 1518 1776 ἀποσώζων
1549 1711 1713 1767 πάλιν
1741 1713 1808 1782 τῇ

212 1811 599 1883 ἀνθρωπότητι
622 1811 731 1883 ’τὴν
757 1812 895 1882 αὐτῇ
927 1809 1251 1881 πρέπουσαν
1313 1805 1813 1879 τάξινςᾌνθρωπό-

212 1920 368 1975 τητος
394 1903 508 1976 γάρ
539 1903 671 1959 ίδιον
699 1904 765 1958 τὸ
796 1902 872 1977 μὴ
908 1902 1111 1957 ειδέναι
1140 1900 1209 1955 τά
1240 1899 1524 1972 μέλλοντα.

661 2126 871 2192 ΑΛΛΟ,
903 2120 1361 2195 διηγηματικῶς.

292 2238 381 2291 Ἑν
408 2241 533 2304 ταῖς
561 2238 655 2292 τοῦ
691 2238 949 2310 Σωτῆρος
992 2238 1201 2307 φωναῖς
1236 2236 1451 2307 ἀνάγκη
1484 2233 1576 2288 τὸν
1625 2233 1817 2305 χρόνον

213 2329 587 2397 ἑξετάζεσθαι,
619 2330 743 2384 καθ’
783 2330 843 2385 δν
872 2332 1091 2403 εἴρηται
1128 2329 1259 2399 παρ’
1290 2326 1457 2381 αὑτοῦ
1481 2344 1495 2358 ο
1534 2325 1676 2380 οὕτω
1708 2325 1819 2396 γὰρ

214 2420 271 2472 τὺ
299 2420 608 2474 πλανᾶσθαι
637 2419 1060 2491 διαφευξόμεθα.
1103 2416 1166 2472 Ei
1198 2419 1300 2490 μὲν
1340 2414 1434 2473 οὖν
1468 2420 1575 2492 πρὸ
1603 2419 1701 2489 τῆς
1730 2420 1817 2471 ὲν-

215 2511 627 2584 ανθρωπήσεως
654 2511 683 2565 ὁ
710 2510 807 2565 τοῦ
836 2511 973 2565 Θεοῦ
1006 2511 1180 2581 Λόγος
1224 2511 1539 2583 εὑρίσκεταί
1578 2526 1683 2564 που
1722 2527 1819 2564 τα·

216 2605 395 2659 πεινόν
417 2624 474 2659 τι
500 2608 630 2679 περὶ
652 2606 848 2661 ἑαυτοῦ
870 2607 1135 2679 λαλήσας,
1162 2606 1418 2662 ἁπτέσθω
1442 2608 1542 2678 τῆς
1565 2606 1819 2678 θεότητος

216 2695 400 2762 αὑτοῦ,
431 2697 529 2751 καὶ
560 2696 814 2769 φερέσθω
854 2698 978 2752 κατ’
1008 2698 1227 2769 ἐκείνης
1258 2696 1329 2751 τά
1369 2698 1610 2770 ῥήματα.
1658 2695 1723 2751 El
1763 2697 1821 2751 δὲ

213 2787 300 2841 δτι
331 2787 531 2857 γέγονε
567 2787 727 2860 σάρξ,
762 2789 1133 2862 ἀνθρωπίναις
1167 2789 1445 2861 ἐχρήσατο
1486 2791 1718 2859 φωναῖς,
1750 2788 1819 2842 ἶν’

1906 1170 2097 1222 horam
2125 1172 2388 1220 eventura
2413 1167 2620 1222 essent,
2648 1151 2939 1212 manifeste
2968 1147 3228 1219 explicat,
3257 1152 3311 1198 et
3335 1140 3471 1196 dicit
3497 1156 3511 1191 :

1908 1260 2023 1316 Hoc
2058 1258 2275 1329 quidem
2306 1254 2432 1319 erit,
2466 1250 2596 1307 illud
2627 1242 3035 1306 veroaccidet,
3073 1247 3137 1294 et
3167 1246 3280 1290 tum
3314 1232 3415 1287 erit
3453 1229 3515 1277 η-

1909 1352 2022 1415 nis,
2046 1326 2406 1403 manifestum
2438 1350 2524 1398 est
2560 1342 2723 1411 quod,
2762 1338 2808 1393 si
2842 1348 2963 1405 qua:
2997 1332 3139 1388 diem
3174 1326 3324 1382 illum
3359 1332 3516 1377 ante-

1911 1453 2130 1497 cessura
2170 1446 2358 1503 erant,
2399 1440 2617 1498 nosset,
2660 1430 2834 1500 ipsum
2880 1426 3047 1481 etiam
3090 1421 3232 1476 diem
3274 1412 3513 1471 noverit.

1910 1530 2048 1586 Nam
2080 1536 2200 1599 post
2230 1526 2318 1581 illa
2348 1502 2471 1594 quae
2501 1522 2569 1577 ab
2596 1521 2716 1589 ipso
2745 1515 3003 1589 praedicta
3031 1519 3176 1576 sunt,
3206 1502 3515 1574 subiungit,

1919 1641 1939 1674 ι
1980 1595 2134 1675 Tunc
2166 1618 2274 1673 erit
2308 1614 2500 1670 linis"
2539 1631 2553 1667 :
2599 1630 2618 1662 ι
2658 1609 2785 1665 ﬁnis
2820 1614 3038 1669 autem,
3072 1600 3331 1673 quidnam
3369 1595 3516 1651 aliud

1915 1715 1990 1771 sit
2024 1726 2186 1785 quam
2230 1710 2345 1781 ipse
2383 1706 2607 1763 ultimus
2644 1702 2793 1768 dies,
2835 1712 2996 1770 quem
3040 1695 3296 1766 ignorare
3334 1702 3394 1744 se
3432 1701 3518 1741 re-

1919 1780 2107 1877 spectu
2136 1780 2528 1860 incarnationis
2558 1797 2732 1861 dixit,
2763 1793 3012 1850 ordinem
3042 1795 3100 1843 et
3126 1786 3385 1842 decorum
3417 1780 3518 1834 liu-

1844 1893 2166 1955 Bmanitati
2215 1893 2548 1951 conveniens
2608 1884 2872 1945 servans?
2941 1876 3310 1937 Humanitatis
3370 1870 3518 1928 enim

1916 1990 2199 2062 proprium
2226 1995 2309 2045 est
2336 1985 2519 2041 futura
2548 1982 2825 2045 ignorare.

2440 2116 2549 2175 Abl
2560 2116 2673 2184 UD,
2711 2112 3000 2170 narrative.

1989 2238 2047 2294 In
2079 2238 2147 2294 iis
2179 2250 2296 2306 quae
2329 2250 2360 2289 a
2390 2234 2687 2289 Servatore
2721 2237 2915 2285 nostro
2948 2223 3091 2279 dicta
3124 2224 3273 2285 sunt,
3306 2218 3524 2283 oportet

1922 2305 2212 2400 diligenter
2234 2328 2668 2383 animadvertere
2692 2336 2800 2392 quo
2830 2316 3070 2391 quidque
3097 2322 3343 2381 tempore
3370 2305 3523 2360 dixe-

1922 2426 2024 2489 rit;
2051 2423 2122 2477 ita
2149 2421 2294 2477 enim
2323 2418 2485 2474 facile
2507 2428 2752 2471 errorem
2778 2408 3127 2466 evitabimus.
3153 2402 3213 2457 Si
3239 2413 3372 2469 ergo
3398 2403 3526 2451 ante

1922 2512 2353 2571 incarnationem
2400 2505 2636 2565 Verbum
2687 2503 2781 2558 Dei
2833 2497 3039 2555 humile
3090 2489 3295 2561 aliquid
3346 2489 3414 2543 de
3466 2500 3528 2540 se

1924 2606 2130 2663 dixisse
2182 2603 2477 2673 reperitur,
2530 2596 2872 2656 divinitatem
2922 2590 3043 2661 ejus
3094 2584 3417 2653 obiurgem,
3470 2586 3529 2634 ct

1924 2708 2115 2756 contra
2144 2710 2264 2752 eam
2318 2694 2523 2748 dictum
2581 2690 3038 2757 interpretentur.
3094 2678 3193 2733 Siti
3222 2688 3353 2731 vero
3401 2683 3528 2725 cum

1927 2789 2100 2846 factus
2127 2796 2211 2843 est
2238 2800 2385 2848 caro,
2414 2784 2653 2839 humano
2679 2790 2833 2834 more
2859 2774 3075 2828 locutus
3103 2778 3209 2833 est,
3234 2773 3295 2820 ut
3315 2775 3443 2817 vere
3469 2774 3530 2816 se

427 2856 762 2935 ἑαυτὸν-καὶ
812 2856 1102 2955 ἄνθρωπον
1150 2856 1511 2955 ὄνταγδείξῃ,
1558 2882 1677 2947 πῶς
1721 2883 1822 2937 οὐκ

1940 2879 2202 2937 hominem
2241 2889 2364 2931 esse
2401 2871 2690 2933 ostendat,
2721 2881 2833 2938 quo
2866 2872 3035 2935 pacto
3056 2874 3166 2916 non
3187 2856 3530 2912 sit-consen-

217 2970 517 3025 ἀκόλουθον
545 2973 628 3036 είς
669 2973 769 3043 τὴν
800 2952 1203 3046 ἀνθρωπότητα
1235 2972 1425 3045 φέρειν
1455 2952 1825 3049 τά.ἀνθρωπί-

1940 2983 2150 3028 Laneum
2178 2970 2245 3023 ad
2277 2965 2672 3023 humanitatem
2728 2957 2942 3015 referre
2965 2968 3089 3025 qua:
3113 2952 3353 3007 humano
3378 2958 3531 3000 more

214 3080 319 3129 νως
340 3065 625 3137 εἰρημένα
652 3081 667 3133 ;
895 3042 1005 3139 vdp
1049 3042 1198 3121 ἐστιν
1223 3042 1586 3137 ἀποδέχεσθαι
1616 3042 1715 3139 τῆς
1742 3067 1823 3120 οι-

1940 3062 2083 3118 dixit.
2120 3060 2235 3117 Hoc
2265 3059 2411 3114 enim
2445 3065 2532 3112 est
2561 3068 2683 3110 sese
2714 3042 3180 3107 administrationi
3214 3054 3378 3111 quam
3411 3050 3533 3092 sus-

218 3126 597 3228 κονομίαςπδν
626 3126 850 3228 τρόπον.
884 3126 949 3213 έί
973 3126 1082 3229 ’μὲν
1110 3158 1222 3231 γὰρ
1263 3159 1325 3212 οὗ
1356 3126 1582 3227 γὲγονεν

1940 3154 2113 3225 cepit,
2164 3153 2281 3207 sive
2341 3144 2747 3208 incarnationi,
2800 3134 3237 3195 accommodare.
3290 3127 3428 3184 Nam
3485 3126 3530 3181 si

218 3215 617 3315 ποςξλαλειτω
646 3215 829 3305 πάντα
864 3250 941 3314 ὼς
972 3215 1137 3315 ὸεάςῖ
1175 3215 1225 3304 ἐξ
1253 3251 1309 3305 δὲ
1350 3215 1577 3319 hic...
1616 3215 1825 3320 ἄνθρω-

1940 3215 2109 3306 homo?
2138 3246 2315 3301 factus
2350 3258 2457 3299 non
2498 3252 2614 3303 est,
2654 3236 2909 3305 loquatur
2944 3227 3129 3285 omnia
3169 3232 3230 3279 nt
3271 3221 3448 3286 Deus;
3486 3215 3534 3272 si

364 3341 765 3413 συγχωρείσθω
802 3311 984 3395 λαλεῖν
1012 3311 1195 3405 καθὼς
1220 3311 1529 3410 ἄνθρωπος,
1553 3311 1825 3395 οὐδὲνάὐ-

1940 3356 2069 3397 vero
2099 3341 2276 3395 {actus
2302 3345 2387 3394 est
2416 3336 2611 3398 homo,
2641 3326 2980 3384 concedatur
3016 3321 3182 3379 etiam
3211 3316 3260 3371 ei
3305 3320 3365 3368 ut
3395 3311 3538 3366 sicut

221 3429 309 3486 τὸν
346 3429 648 3502 ἀδικούσης
690 3432 771 3495 είς
802 3430 896 3486 τὸν
943 3431 1044 3502 τῆς
1076 3429 1332 3501 θεότητος
1362 3431 1521 3501 λόγον
1558 3430 1660 3502 τῆς
1705 3428 1828 3484 καθ’

225 3522 368 3592 ἡμᾶς
393 3522 735 3593 οἰκονομίας.
762 3520 935 3576 Τοῦτο
963 3523 1077 3594 γάρ
1102 3520 1255 3575 ἔσται
1287 3522 1349 3577 τὸ
1380 3522 1531 3594 παρά
1557 3521 1652 3575 τοῦ
1683 3519 1832 3576 Παύ-

224 3613 313 3668 λου
343 3614 674 3687 εἰρημένον·
706 3632 726 3666 ι
757 3613 1269 3685 Δίχμαλωτίζοντες
1293 3614 1402 3668 πᾶν
1430 3614 1612 3685 νόημα
1635 3614 1719 3677 εις
1735 3611 1832 3683 τὴν

226 3706 478 3778 ὑπακοὴν
522 3704 619 3759 τοῦ
666 3704 931 3777 Χριστοῦ.
957 3722 980 3758 a
1014 3705 1178 3760 Ἰδιον
1214 3705 1315 3776 μὲν
1363 3700 1457 3760 οὖν
1489 3704 1586 3759 τοῦ
1631 3705 1831 3774 Λόγου,

228 3797 362 3853 καθὸ
402 3798 582 3866 Λόγος
605 3796 745 3863 ἐστὶ,
775 3797 841 3851 τδ
866 3796 1069 3851 ειδέναι
1096 3796 1209 3851 τῶν
1242 3798 1373 3869 παρ’
1399 3795 1567 3850 αὑτοῦ
1596 3813 1834 3867 πεποιηο

232 3891 409 3961 μόνων
439 3891 545 3962 τὴν
572 3889 749 3963 ἀρχὴν
778 3890 873 3949 καὶ
904 3889 974 3945 τά
1002 3888 1165 3959 τέληο
1196 3888 1257 3942 ἓν
1287 3889 1345 3943 δὲ
1374 3890 1484 3945 τῶν
1513 3890 1837 3961 ποιημάτων

226 3983 258 4035 ό
283 3983 501 4054 χρόνος,
534 3982 629 4036 καὶΙ
655 3984 685 4036 ὁ
716 3983 952 4053 ποιήσας
983 3980 1150 4034 αὐτὸν
1196 3975 1307 4034 οἵδέ
1345 3998 1447 4035 που
1488 3981 1709 4046 πάντως
1742 3981 1838 4035 καὶ

233 4076 399 4148 μέχρι
423 4075 574 4139 τίνος
600 4074 751 4147 αὐτῷ
779 4074 842 4129 τὸ
870 4074 1195 4130 συνεστάναι
1222 4073 1547 4145 δεδώρηται.

949 4208 1155 4263 ΔΛΛΟ.

299 4327 467 4395 Λέγει
507 4341 615 4378 που
646 4323 783 4395 πρὸς
812 4321 902 4377 τὸν
929 4321 1128 4375 ἑαυτοῦ
1160 4321 1383 4393 Πατέρα
1420 4318 1802 4390 διαλεγόμενος

239 4438 263 4475 s
289 4421 501 4492 Πάτερ,
543 4415 801 4487 ἐλήλυθεν
834 4418 869 4487 ὴ
900 4415 1055 4487 ὥρα,
1099 4414 1323 4479 δόξασόν
1367 4429 1462 4466 σου
1513 4412 1606 4465 τὸν
1638 4411 1789 4464 Υίόν.
1816 4429 1836 4464 ι

234 4513 297 4569 El
339 4512 527 4566 τοίνυν
571 4506 713 4563 οἶδεν
757 4505 1005 4578 άκρισῶς
1051 4505 1152 4576 τὴν
1190 4503 1362 4576 ῶραν,
1407 4503 1477 4575 ἦν
1520 4502 1842 4574 ἐληλυθέναι

1939 3436 2104 3491 homo
2130 3432 2406 3501 loquatur,
2430 3441 2555 3484 cum
2583 3418 2886 3479 incarnatio
2914 3428 3022 3486 qua
3050 3410 3206 3468 nobis
3234 3406 3429 3464 similis
3456 3402 3539 3458 fa-

1941 3537 2061 3586 suis
2092 3533 2176 3581 est
2191 3498 2220 3591 ,“
2242 3520 2377 3578 nihil
2410 3518 2529 3590 ejus
2564 3510 2834 3572 divinitati
2867 3507 3093 3564 olliciat.
3127 3501 3242 3557 lloc
3275 3498 3423 3555 enim
3454 3503 3540 3551 est

1942 3622 2087 3692 quod
2119 3633 2150 3675 a
2179 3588 2348 3675 Paulo
2375 3588 2580 3669 dictum
2610 3616 2736 3663 est:
2775 3621 2795 3656 ι
2832 3600 3185 3670 Captivantes
3208 3588 3541 3692 omnem-3..

1945 3680 2215 3770 tellectum
2248 3710 2305 3764 in
2333 3701 2699 3763 obedientiam
2730 3692 3018 3753 Christi".
3058 3709 3077 3743 ›
3115 3684 3405 3757 Proprium
3439 3680 3541 3735 ita-

1942 3821 2053 3878 que
2083 3812 2166 3859 est
2192 3801 2393 3867 Verbo,
2433 3804 2702 3868 quatenus
2727 3787 2965 3847 Verbum
3004 3791 3109 3850 est,
3151 3791 3317 3835 nosse
3351 3788 3541 3829 eorum

1945 3872 2065 3969 quae
2101 3896 2171 3951 ab
2204 3896 2323 3965 ipso
2354 3889 2573 3947 condita
2609 3891 2737 3942 sunt
2773 3877 3039 3954 principia
3076 3882 3132 3930 et
3171 3872 3337 3936 lines;
3372 3879 3542 3921 unum

1944 3956 2080 4046 vero
2118 3956 2307 4044 eorum
2349 3997 2471 4054 qua
2512 3978 2731 4037 condita
2768 3980 2898 4029 sunt
2935 3980 3021 4026 est
3071 3977 3314 4035 tempus,
3356 3968 3412 4015 et
3450 3956 3543 4029 qui

1946 4088 2162 4149 tempus
2191 4073 2466 4140 condidit,
2492 4069 2644 4129 novit
2674 4064 2913 4139 quandiu
2944 4061 3075 4116 illud
3104 4060 3175 4114 sit
3197 4057 3543 4111 duraturum.

2629 4199 2855 4258 ALIUD-

2024 4324 2283 4380 Servator
2314 4319 2512 4376 alicubi
2547 4317 2614 4373 ad
2650 4316 2868 4371 Patrem
2907 4324 3061 4366 suum
3101 4308 3173 4361 ita
3211 4305 3287 4359 ait
3326 4323 3338 4357 :
3377 4299 3550 4373 219

1957 4436 1975 4470 ι
2011 4417 2192 4483 Pater,
2219 4415 2367 4470 venit
2392 4414 2545 4477 hora,
2570 4409 2813 4481 glorifica
2839 4406 3035 4461 Filium
3066 4396 3389 4454 tnnm”.iSi
3416 4412 3548 4466 ergo

1951 4519 2143 4564 exacte
2168 4507 2319 4563 novit
2347 4506 2560 4569 horam,
2590 4516 2751 4572 quam
2780 4496 2995 4554 venisse
3023 4494 3178 4560 dicit,
3204 4492 3333 4561 quid
3362 4490 3548 4545 obstat

234 4606 407 4675 λέγει,
433 4602 489 4659 τί
520 4602 584 4656 τὸ
612 4598 822 4656 κωλῦον
843 4598 1041 4654 εἰδέναι
1069 4596 1351 4669 κάκείνην,
1377 4595 1445 4666 ἣν
1460 4595 1536 4659 ὡς
1552 4594 1825 4667 ἄνθρωπος

1944 4601 2237 4674 quominus
2260 4606 2317 4654 et
2341 4597 2488 4652 illam
2514 4594 2684 4660 norit,
2709 4597 2971 4662 quam,ut
2996 4588 3179 4649 homo,
3207 4586 3460 4654 ignorare
3485 4594 3544 4634 se

236 4698 453 4768 ἀγνοεῖν
501 4694 604 4767 μιν
639 4709 775 4765 φησι
822 4690 911 4745 διά
955 4690 1017 4744 τὸ
1057 4692 1125 4761 τῇ
1173 4687 1557 4760 ἀνθρωπότητι
1604 4685 1836 4757 πρέπον,

236 4785 343 4845 οῐδε
374 4789 435 4844 δὲ
470 4786 693 4851 πάντως
726 4785 803 4848 ὡς
835 4782 1007 4848 Θεός;
1041 4782 1163 4854 Χρὴ
1209 4780 1265 4834 δὲ
1292 4780 1354 4833 οὐ
1388 4778 1478 4833 διά
1509 4779 1610 4850 τὴν
1651 4778 1839 4832 τοιαύ-

239 4898 340 4953 την
373 4880 569 4951 φωνὴν
596 4878 927 4949 κατηγορεῖν
956 4873 1051 4929 τοῦ
1078 4871 1215 4927 Θεοῦ
1244 4872 1445 4941 Λόγου,
1478 4870 1572 4923 καὶ
1603 4869 1843 4940 ῥιψοκιν-

241 4975 417 5037 δύνως
461 4972 689 5041 ἄγνοιαν
715 4966 867 5039 αὺτῷ
900 4964 1241 5037 προσάπτειν
1284 4963 1439 5016 τινάσ
1467 4960 1605 5017 ἀλλὰ
1641 4960 1842 5033 μᾶλλον

242 5065 553 5138 θαυμάζειν
589 5059 757 5118 αὐτοῦ
785 5058 887 5131 τὴν
928 5056 1361 5129 φιλανθρωπίαν,
1390 5054 1451 5109 οὐ
1496 5070 1845 5125 παραιτησα-

247 5158 411 5231 μένου
444 5155 538 5211 διὰ
577 5154 679 5227 τὴν
705 5154 785 5216 είς
816 5152 965 5222 ἡμᾶς
997 5149 1279 5219 ἀγάπησιν
1311 5148 1389 5210 είς
1416 5145 1687 5216 τοσαύτην
1718 5146 1845 5198 ἑαυ-

242 5250 333 5305 τὸν
372 5246 712 5303 ταπείνωσιν
758 5242 1112 5311 καταγαγεῖν,
1150 5240 1227 5303 ῶς
1272 5237 1453 5293 πάντα
1502 5236 1731 5309 φορέσαι
1777 5235 1846 5291 τὰ

243 5342 428 5414 ἡμῶν,
458 5332 538 5396 ὧν
565 5338 625 5391 ἓν
656 5335 895 5408 ὑπάρχει
923 5333 1019 5387 καὶ
1046 5334 1080 5403 ή
1107 5332 1322 5399 άγνοια.

951 5448 1132 5503 ΔᾹΔΟ
1142 5487 1153 5499 .

332 5569 673 5643 Ἐρωτητέον
706 5566 834 5631 τοὺς
872 5561 1273 5636 χριστομάχους
1295 5600 1309 5623 ,
1356 5560 1479 5612 ὅτου
1512 5557 1578 5628 δὴ
1629 5556 1789 5626 χάριν
1819 5556 1846 5607 ό

252 5666 449 5740 Σωτὴρ
489 5663 757 5736 ἀγγέλους
802 5659 899 5714 καὶ
943 5656 1073 5711 Υίδν
1121 5650 1425 5724 ὀνομάσας,
1474 5646 1714 5720 οὐδαμοῦ
1749 5647 1844 5701 τοῦ

330 5842 377 5875 ⁷⁸
403 5842 595 5899 Matth.
626 5854 774 5907 utv,
808 5836 894 5895 υ.
970 5835 1015 5868 τ’
1048 5833 1088 5891 ll
1118 5831 1244 5891 Cor.
1282 5846 1338 5900 ι,
1379 5829 1430 5885 5.

1948 4693 2150 4763 inquit,
2188 4690 2330 4761 quod
2371 4689 2424 4743 id
2460 4685 2784 4742 humanitati
2824 4679 3139 4745 conveniat,
3180 4675 3325 4731 norit
3363 4682 3543 4728 autem

1949 4784 2173 4841 omnino
2216 4790 2276 4835 ut
2322 4779 2508 4836 Deus?
2536 4779 2605 4834 At
2648 4791 2757 4832 non
2802 4781 3020 4845 oportet
3058 4770 3128 4825 ob
3171 4769 3312 4823 hanc
3353 4780 3544 4821 vocem

1951 4876 2191 4931 Verbum
2219 4873 2314 4927 Dei
2342 4873 2619 4935 incusare,
2647 4878 2701 4924 et
2724 4864 3092 4940 ignorantiam
3119 4870 3322 4917 temere
3350 4857 3424 4913 illi
3450 4857 3548 4912 ob-

1944 4966 2153 5035 iicere;
2188 4965 2283 5020 sed
2323 4966 2506 5034 potius
2540 4961 2736 5016 mirari
2772 4973 3015 5015 amorem
3050 4970 3157 5025 quo
3189 4967 3318 5023 erga
3355 4952 3548 5005 liumar

1952 5073 2082 5112 num
2113 5070 2282 5127 genus
2310 5053 2585 5125 ﬂagravit,
2612 5066 2721 5123 quo
2748 5050 3014 5120 impulsus
3041 5062 3149 5103 non
3183 5042 3456 5099 recusavit
3482 5044 3547 5095 ad

1954 5158 2160 5203 tantam
2190 5146 2548 5203 humilitatem
2576 5158 2699 5199 sese
2729 5141 3037 5204 demittere,
3064 5146 3123 5193 ut
3149 5137 3331 5192 omnia
3361 5143 3547 5190 nostra

1952 5240 2275 5309 susciperet,
2306 5252 2541 5310 quorum
2574 5236 2739 5292 etiam
2770 5249 2940 5290 unum
2973 5240 3059 5288 est
3089 5228 3416 5300 ignorantia.

2632 5438 2864 5497 ALIUD.

2027 5552 2397 5625 luterrogandi
2453 5560 2579 5608 sunt
2636 5553 2821 5608 hostes
2877 5548 3125 5612 Christi,
3186 5547 3543 5616 quamobrem

1958 5647 2215 5704 Servator
2247 5660 2371 5704 cum
2402 5643 2621 5716 angelos
2652 5653 2705 5700 et
2737 5644 2931 5700 Filium
2964 5640 3283 5707 nominarit,
3311 5634 3548 5708 Spiritus

1506 5829 1551 5861 '°
1583 5826 1739 5886 Joan.
1776 5841 1912 5895 xm,
1948 5826 1997 5882 l.
