3986 6320
498 407 595 463 371

1494 395 1551 449 S.
1592 391 1867 449 CYRILLI
1902 390 2369 449 ALEXANDBINI
2406 390 2726 448 ARCHIEP.

3620 390 3727 444 372

493 522 819 577 mentionem
865 532 1130 587 nusquam
1199 514 1431 591 tecerit?
1489 514 1603 567 Non
1669 514 1812 567 enim
1862 512 2044 567 dixit:

2155 510 2467 581 Πνιύματος
2494 511 2784 581 ἐποιήσατο
2815 508 3067 579 μνήμην;
3096 506 3172 560 Οὐ
3199 506 3309 577 γὰρ
3331 507 3549 577 εἴρηκεν
3570 524 3583 536 ·
3614 508 3727 559 Οὐκ

492 610 606 664 Non
671 610 821 665 novit
876 608 1133 678 Spiritus,
1153 608 1271 674 sed,
1302 625 1320 659 ι
1358 605 1472 661 Non
1500 614 1698 660 norunt
1722 604 1919 675 angeli,
1952 617 2048 660 ne-

492 714 598 770 que
642 701 791 756 novit
824 697 1024 767 Filius;
1062 710 1267 769 ratque
1308 700 1408 755 hoc
1445 696 1660 766 quidem
1695 695 2047 765 simpliciter:

492 805 596 845 non
628 792 771 846 enim
796 790 1012 862 adjecit,
1049 791 1163 846 Dei.
1200 789 1537 845 Manifestum
1582 792 1745 859 igitur
1771 798 1855 843 est
1904 786 2047 856 quod

487 878 708 947 angelos
740 878 1018 949 ignorasse
1044 879 1261 943 dixerit,
1300 886 1357 932 ut
1398 888 1700 933 creaturas.
1732 876 1869 934 Cum
1920 888 2049 929 vero

489 970 769 1039 discipulis
800 972 853 1024 id
875 970 1055 1025 dicere
1096 969 1284 1035 nollet,
1311 967 1381 1023 ob
1407 968 1729 1024 inell'abilem
1761 968 2045 1035 quamdam

490 1058 683 1114 divina:
703 1059 1187 1115 administrationis
1212 1070 1265 1113 et
1297 1059 1509 1114 consilii
1540 1058 1841 1112 rationem:
1867 1074 1885 1108 ι
1916 1054 2050 1122 Quis

491 1152 631 1204 enim
677 1150 826 1204 novit
872 1161 1105 1205 mentem
1151 1147 1384 1215 Domini,
1419 1158 1510 1205 aut
1542 1148 1664 1219 quis
1709 1145 2050 1203 consiliarius

486 1239 604 1307 ejus
646 1239 746 1296 fuit
773 1240 865 1296 ⁸³1
901 1258 920 1293 ι
970 1256 1036 1295 ne
1084 1242 1353 1297 videretur
1397 1240 1516 1296 illos
1550 1240 1651 1294 hoc
1678 1240 1875 1310 [celare
1911 1237 2048 1293 velle

486 1344 659 1398 eoque
683 1332 898 1387 nomine
926 1331 1043 1388 illos
1061 1346 1293 1388 mtrrore
1316 1331 1549 1397 allicere,
1583 1330 1740 1395 dixit,
1763 1345 1829 1385 ne
1852 1328 2044 1383 Filium

487 1422 702 1490 quidem
736 1422 838 1477 hoc
868 1436 1068 1489 nosse;
1097 1421 1334 1480 humano
1367 1436 1518 1476 more
1544 1422 1610 1476 de
1636 1435 1697 1477 se
1721 1420 1963 1489 loquens,
1990 1425 2047 1473 ut

487 1514 646 1566 homo
670 1528 684 1566 :
710 1521 765 1566 et
789 1512 1028 1565 omnium
1059 1511 1276 1569 interim
1308 1510 1553 1565 notitiam
1582 1509 1685 1564 sibi
1715 1522 1959 1573 servans,
1989 1517 2048 1562 ut

490 1601 647 1656 Deus.
676 1601 883 1658 idcirco
930 1603 1073 1657 enim
1116 1616 1223 1657 non
1269 1602 1434 1667 dixit,
1473 1600 1736 1670 Spiritum
1771 1600 2041 1671 ignorare.

484 1692 620 1747 Nam
646 1694 691 1747 si
718 1695 939 1763 spiritus
969 1694 1148 1749 omnia
1174 1703 1467 1757 scrutatur,
1491 1692 1654 1748 etiam
1686 1692 1898 1747 occulta
1928 1691 2047 1761 Dei,

485 1794 542 1839 ut
570 1784 827 1853 scripturn
858 1794 942 1839 est
967 1784 1055 1849 “',
1087 1786 1234 1839 novit
1265 1784 1503 1855 profecto
1520 1785 1702 1838 omnia
1716 1783 1907 1853 qumin
1931 1784 2047 1854 ipso

2150 597 2256 655 οἶδε
2285 601 2346 655 τὸ
2382 600 2627 671 Πνεῦμα,
2668 599 2783 654 ἀλλ’
2815 619 2833 652 ι
2860 600 2974 653 Οὐκ
3022 600 3201 651 ῐσασιν
3230 599 3281 651 οι
3324 597 3578 667 ἄγγελοι.
3618 598 3727 651 οὐδ’

2149 688 2287 746 οἶδεν
2331 693 2361 745 6
2409 691 2568 756 Υἱός’
2603 710 2622 743 ι
2678 691 2771 744 καὶ
2815 690 2972 744 τοῦτο
3016 689 3473 760 ἀπολελυμένως·
3513 690 3574 742 οὐ
3621 690 3727 761 γὰρ

2152 782 2524 853 προστέθεικε,
2555 782 2647 835 τοῦ
2679 782 2835 836 Θεοῦ.
2866 782 3035 849 Δῆλον
3064 778 3157 833 οὖν
3190 781 3273 833 ὅτι
3306 782 3576 850 ἀγγέλους
3623 780 3722 850 μὲν

2149 874 2349 944 ἔφησεν
2391 876 2605 942 ἀγνοεῖν
2632 875 2709 937 ὡς
2736 872 3028 943 κτίσματα.
3076 873 3265 925 Eis:st
3298 872 3355 925 δὲ
3401 876 3515 936 τοῖς
3548 872 3727 943 μαθη-

2147 970 2267 1029 ταῖς
2290 968 2352 1019 οὐ
2382 965 2633 1035 θελήσας,
2660 965 2750 1019 διά
2777 982 2903 1018 τινα
2944 965 3102 1032 λόγον
3128 965 3445 1035 οἰκονομίας
3484 966 3731 1034 ἀπόρρη-

2148 1074 2258 1109 τον·
2298 1076 2318 1109 ι
2346 1056 2442 1121 Τίς
2461 1055 2569 1128 γὰρ
2606 1056 2747 1125 ἔγνω
2778 1055 2902 1110 νοῦν
2946 1056 3173 1125 Κυρίου,
3217 1056 3250 1125 ἢ
3295 1055 3382 1118 τις
3428 1056 3732 1126 σύμϐουλος

2148 1146 2312 1201 αὐτοῦ
2356 1148 2603 1215 ὲγένετο;
2637 1166 2656 1200 ι
2690 1149 2777 1202 ἵνα
2812 1149 2888 1219 μὴ
2923 1148 3182 1219 φαίνηται
3213 1146 3472 1216 κρύπτων
3500 1146 3729 1209 αὐτοὺς,

2149 1241 2243 1293 καὶ
2271 1239 2359 1293 διὰ
2386 1238 2546 1293 τοῦτο
2572 1239 2813 1311 λυπήσῃ,
2854 1240 2949 1293 καὶ
2988 1240 3080 1293 τὸν
3116 1237 3245 1292 Υἱὸν
3301 1239 3472 1307 ἔφησε
3533 1240 3608 1309 μὴ
3656 1241 3732 1292 εἰ·

2147 1330 2311 1392 δέναι,
2330 1330 2426 1384 ἀνθ
2437 1330 2711 1402 ρωπινιῖηε
2720 1348 2811 1401 ρον
2837 1331 2932 1400 μὲν
2956 1331 3084 1400 περὶ
3105 1329 3301 1383 ἑαυτοῦ
3326 1330 3521 1398 λέγων,
3543 1331 3731 1401 ὥσπερ

2148 1422 2276 1491 περὶ
2302 1420 2589 1490 ἀνθρώπου
2607 1440 2622 1453 ’
2656 1422 2939 1491 φυλάττων
2963 1421 3018 1474 δὲ
3044 1420 3223 1491 ἐαυτῷ
3250 1422 3309 1474 τὸ
3336 1423 3538 1476 εἰδέναι
3570 1423 3731 1477 πάλιν

2148 1513 2325 1567 πάντα
2346 1511 2420 1575 ὡς
2446 1512 2599 1575 Θεός.
2624 1512 2722 1567 Διά
2748 1512 2856 1583 γάρ
2880 1512 3035 1571 τοῦυ
3064 1512 3183 1565 οὐδὲ
3207 1513 3271 1565 τὸ
3290 1514 3515 1585 Πνεῦμα
3532 1514 3732 1585 ἔφησεν

2148 1604 2385 1671 ἀγνοεῖν.
2421 1605 2484 1657 Ei
2519 1604 2629 1675 γάρ
2656 1604 2719 1657 τὸ
2770 1602 2997 1674 Πνεῦμα
3039 1605 3216 1658 πάντα
3254 1606 3478 1677 ἐρευνᾷ,
3524 1607 3618 1659 καὶ
3665 1607 3734 1660 τά

2149 1694 2287 1766 βάθη
2317 1696 2413 1749 τοῦ
2440 1694 2597 1760 Θεοῦ,
2627 1696 2771 1750 καθά
2807 1696 3134 1767 γέγραπται,
3155 1692 3262 1749 οἶδε
3288 1696 3530 1767 δηλονότι
3553 1696 3732 1752 πάντα

2146 1787 2216 1840 τὰ
2260 1788 2316 1839 ὲν
2344 1787 2511 1855 αὐτῷ.
2552 1788 2664 1842 Καὶ
2694 1789 2826 1841 εἰτὸ
2854 1788 3078 1859 Πνεῦμα
3112 1787 3174 1841 τδ
3217 1788 3393 1842 πάντα
3426 1788 3591 1852 εἰδὸς,
3638 1790 3733 1843 καὶ

482 1886 624 1930 sunt.
669 1875 818 1943 Quod
863 1876 909 1931 si
946 1874 1179 1947 Spiritus
1214 1876 1303 1947 qui
1361 1875 1542 1931 omnia
1585 1874 1710 1940 scit,
1756 1875 2046 1945 omniaque

2155 1878 2215 1932 τὰ
2247 1878 2425 1933 πάντα
2452 1876 2913 1949 περιεργάζεσθαι
2944 1878 3262 1947 δυνάμενον,
3293 1878 3448 1946 παρά
3478 1877 3571 1931 τοῦ
3602 1877 3732 1931 Υἱοῦ

484 1966 757 2036 inquirere
800 1976 1004 2036 potest,
1034 1982 1064 2020 a
1102 1966 1239 2021 Filio
1268 1968 1466 2037 accipit
1500 1983 1513 2019 ε
1558 1984 1578 2017 ι
1615 1966 1711 2021 Ille
1752 1966 1921 2029 enim,
1958 1966 2045 2019 in-

483 2056 619 2124 quit,
634 2054 701 2109 de
728 2070 848 2109 meo
870 2055 1175 2125 accipiet”,
1206 2076 1225 2109 ι
1246 2056 1517 2127 quomodo
1543 2055 1712 2111 Filius
1738 2056 2047 2111 censebitur

484 2147 754 2215 ignorare,
778 2147 869 2217 qui
898 2147 1123 2218 Spiritui
1157 2150 1338 2205 omnia
1369 2146 1563 2205 scienti
1588 2149 1942 2218 suppeditat?

1144 2260 1373 2320 ALIUD.

552 2373 611 2429 Si
661 2371 822 2431 Pater
862 2374 1045 2428 omnia
1085 2382 1342 2443 operatur
1380 2387 1478 2443 per
1514 2372 1735 2441 Filium,
1762 2384 1821 2429 ut
1875 2375 2051 2443 inquit

484 2465 788 2535 Scriptura,
819 2475 874 2521 et
906 2465 1023 2521 sine
1052 2466 1169 2536 ipso
1200 2463 1397 2519 factum
1426 2474 1511 2518 est
1538 2464 1704 2531 nihil;
1729 2480 1889 2519 unum
1920 2480 2049 2519 vero

482 2558 719 2615 omnium
748 2556 910 2612 etiam
940 2569 1023 2613 est
1052 2556 1339 2627 przelinitio
1363 2556 1469 2612 diei
1498 2566 1553 2611 et
1583 2556 1733 2610 hom
1758 2570 1866 2627 quo
1893 2570 2048 2612 mun-

2149 1966 2435 2039 λαμϐάνει’
2475 1986 2498 2021 ί
2533 1968 2740 2021 Ἐκεῖνο
2780 1967 2910 2039 γὰρ,
2950 1969 3133 2038 φησὶν,
3164 1966 3223 2033 ἐξ
3254 1968 3388 2035 ἐμοῦ
3419 1968 3643 2039 λήψεται
3666 1985 3680 1998 ’
3706 1988 3725 2019 ι

2151 2058 2268 2123 πῶς
2302 2060 2330 2111 6
2362 2058 2534 2128 Λόγος
2559 2059 2763 2127 ἀγνοεῖ,
2789 2058 2818 2111 ὁ
2844 2058 2937 2113 τοῦ
2970 2059 3147 2113 πάντα
3176 2058 3376 2122 εἰδότος
3415 2059 3731 2129 Πνεύματος

2152 2150 2383 2221 χορηγός
2404 2166 2418 2215 ς

2840 2267 3043 2320 ΔΛΛΟ.

2222 2380 2283 2432 Ei
2317 2380 2492 2434 πάντα
2523 2378 2588 2433 δι’
2616 2378 2746 2433 Υεοῦ
2776 2380 2805 2432 6
2836 2380 3025 2449 Πατὴρ
3053 2378 3365 2447 ἐργάζεται,
3398 2377 3540 2430 καθά
3568 2392 3730 2447 φησιν

2150 2472 2183 2539 ή
2214 2469 2427 2543 Γραφήο
2454 2470 2624 2541 χωρὶς
2652 2469 2760 2542 γὰρ
2786 2469 2951 2525 αὐτοῦ
2981 2467 3197 2540 ἐγένετο
3220 2466 3339 2525 οὐδὲ
3362 2465 3441 2524 ἓν·
3466 2466 3522 2523 ἓν
3545 2469 3605 2523 δὲ
3623 2470 3735 2525 τῶν

2150 2563 2367 2617 πάντων
2392 2562 2511 2616 ἐστὶ
2557 2558 2655 2617 καὶ
2694 2562 2756 2616 τὸ
2785 2563 3073 2634 ὁρισθῆναι
3105 2565 3205 2635 τὴν
3252 2563 3465 2634 ἡμέραν
3496 2563 3588 2616 καὶ
3633 2562 3736 2627 τὴν

482 2651 584 2705 dus
612 2650 838 2705 ﬁniatur
865 2669 880 2706 :
912 2660 1061 2706 certe
1091 2650 1255 2705 etiam
1286 2651 1387 2704 hoc
1416 2649 1735 2719 praeﬁnitum
1758 2657 1844 2703 est
1866 2656 1921 2702 et
1940 2663 2036 2703 ex-

2155 2651 2286 2722 ὒραν
2311 2650 2430 2705 καθ’
2452 2652 2562 2724 ἥνό
2586 2652 2789 2723 κόσμος
2810 2653 2920 2719 ἔξει
2956 2652 3017 2705 τὸ
3054 2653 3224 2716 τέλοςο
3261 2652 3492 2724 ὥρισται
3526 2652 3731 2722 δηλονο

485 2756 727 2810 pressum
776 2755 873 2805 per
900 2740 1117 2797 Filium.
1151 2741 1301 2807 Quod
1332 2754 1459 2795 vero
1488 2739 1813 2809 pra-[initum
1843 2747 1928 2793 est
1954 2752 2049 2807 per

485 2833 653 2895 illum,
688 2832 955 2902 quomodo
984 2833 1232 2903 ignorare
1259 2832 1459 2904 queat?
1490 2830 1651 2885 Novit
1705 2831 1889 2901 itaque
1930 2830 2040 2883 hoc

484 2932 539 2974 ut
569 2919 729 2986 Deus,
764 2923 977 2977 tametsi
1021 2924 1231 2979 nescire
1267 2939 1326 2980 se
1366 2924 1511 2979 dicat
1546 2932 1817 2992 quatenus
1864 2922 2048 2977 factus

481 3022 565 3068 est
596 3025 753 3077 caro,
783 3019 838 3065 et
864 3026 985 3081 qua:
1012 3013 1221 3069 homini
1253 3013 1583 3068 conveniunt
1610 3012 1834 3068 sentiat.

1146 3148 1376 3207 ALIUD.

552 3260 611 3313 Si
650 3274 831 3315 oruma
873 3275 995 3330 qua:
1037 3261 1200 3316 habet
1248 3259 1428 3326 Pater,
1468 3271 1595 3317 sunt
1648 3261 1790 3326 Filii,
1826 3270 1883 3317 ut
1934 3263 2049 3332 ipse

485 3360 764 3405 testatur:
812 3360 867 3405 at
896 3352 1055 3405 Pater
1097 3352 1341 3407 ultimum
1377 3353 1524 3407 illum
1570 3352 1711 3408 diem
1755 3362 1811 3408 et
1856 3354 2047 3409 horam

483 3443 631 3500 novit
655 3456 670 3497 :
691 3452 840 3500 certe
870 3442 1032 3498 ctiam
1068 3442 1237 3499 Filius
1264 3444 1427 3501 norit.
1456 3444 1533 3501 ita
1564 3444 1709 3501 enim
1738 3459 1864 3501 vere
1893 3445 2047 3501 dixe-

484 3536 591 3590 rit:
626 3552 645 3588 ι
680 3534 871 3593 Omnia
899 3550 1020 3606 qua
1058 3535 1219 3591 habet
1243 3535 1428 3602 Pater,
1463 3552 1583 3592 mea
1613 3545 1743 3599 sunt
1779 3537 1848 3594 ³³.
1884 3557 1903 3590 ι

1046 3739 1211 3811 ago
1242 3740 1471 3797 suun.

548 3848 606 3903 Si
632 3863 758 3905 vere
786 3850 917 3905 dicit
941 3868 956 3903 :
986 3868 1006 3903 ι
1038 3850 1148 3919 Ego
1177 3850 1229 3903 in
1264 3851 1447 3917 Patre,
1472 3865 1525 3907 et
1548 3852 1706 3910 Pater
1729 3855 1781 3908 in
1814 3871 1898 3909 me
1921 3856 2000 3921 εις
2025 3872 2042 3907 ι

481 3954 532 3995 et
562 3941 717 3996 Pater
744 3941 993 3995 ultimum
1030 3941 1177 3995 illum
1213 3942 1354 3997 diem
1379 3934 1640 3999 ethoram
1677 3946 1863 4000 novit:
1902 3948 2051 4003 novit

485 4031 728 4097 proiecto
759 4040 814 4086 et
836 4031 1029 4098 Filius,
1070 4034 1161 4102 qui
1193 4034 1250 4088 in
1292 4034 1453 4090 Patre
1488 4036 1723 4102 exsistit,
1758 4037 2051 4109 omniaque

484 4126 539 4177 in
592 4124 707 4193 ipso
751 4124 920 4189 novit,
952 4133 1008 4179 et
1056 4124 1269 4181 Patrem
1318 4126 1410 4196 qui
1448 4129 1632 4183 omnia
1685 4131 1833 4185 novit
1877 4132 1932 4187 in
1990 4146 2050 4188 se

482 4214 661 4272 haheL

1129 4332 1360 4390 ALIUD.

2148 2747 2231 2800 ότι
2280 2748 2371 2800 καὶ
2409 2746 2718 2800 τετύπωται
2744 2744 3019 2798 καὶτοῦτο
3048 2744 3114 2797 δι’
3143 2743 3297 2798 Υἱοῦ.
3330 2744 3404 2797 Τὸ
3430 2744 3485 2796 δὲ
3515 2742 3731 2813 ὁρισθὲν

2147 2839 2215 2893 δι’
2260 2838 2449 2903 αὑτοῦ,
2498 2838 2617 2903 πῶς
2652 2839 2865 2907 ἀγνοεῖν
2909 2836 3167 2903 δύναταις
3214 2835 3424 2893 Οὐκοῦν
3472 2830 3612 2888 οἶδεν
3655 2835 3733 2897 ὡς

2150 2930 2311 2994 Θεὸς,
2352 2930 2455 2985 κᾶν
2483 2932 2696 2999 ἀγνοεῖν
2723 2930 2894 3002 λέγῃ,
2938 2930 3074 2984 καθὸ
3119 2928 3310 2999 γέγονε
3341 2927 3497 3000 σὰρξ,
3527 2927 3622 2981 καὶ
3662 2925 3734 2991 τὰ

2152 3021 2423 3093 ἀνθρώπῳ
2451 3021 2727 3093 πρέποντα
2757 3025 2950 3094 φρονῇ.

2827 3156 3029 3210 AAAO.

2218 3269 2283 3323 Ei
2312 3269 2490 3323 πάντα
2516 3268 2615 3323 ὅσα
2648 3267 2761 3338 ἔχει
2803 3270 2831 3321 6
2866 3268 3056 3340 Πατὴρ
3095 3267 3189 3322 τοῦ
3224 3264 3356 3321 Υἱοῦ
3396 3266 3546 3331 ἐστι,
3590 3262 3733 3326 καθά

2150 3378 2312 3431 φησιν
2337 3361 2522 3425 αὐτὸς,
2548 3359 2662 3431 ἔχει
2689 3360 2744 3414 δὲ
2769 3362 2797 3415 6
2826 3361 3018 3432 Πατὴρ
3043 3361 3141 3431 τὴν
3168 3358 3374 3428 γνῶσιν
3396 3358 3496 3427 τῆς
3520 3355 3734 3427 ἡμέρας

2150 3454 2243 3509 καὶ
2282 3454 2379 3525 τῆς
2424 3453 2576 3525 ὥρας
2616 3455 2863 3525 ἐκείνης,
2904 3453 3018 3524 ἔχει
3054 3452 3299 3523 δηλονότι
3330 3450 3539 3519 ταύτην
3584 3448 3677 3502 καὶ
3702 3448 3731 3500 6

2150 3548 2297 3612 Υἱός.
2338 3547 2493 3603 Οὕτω
2532 3547 2642 3619 γὰρ
2670 3546 2958 3619 ἀληθεύσει
2991 3546 3191 3615 λέγων·
3229 3563 3248 3597 r
3275 3543 3459 3599 Πάντα
3491 3544 3593 3597 ὅσα
3619 3541 3731 3612 ἔχει

2147 3638 2176 3691 6
2204 3636 2414 3709 Πατὴρ,
2449 3637 2559 3709 ἐμά
2584 3638 2749 3691 ἐστιν.
2777 3655 2797 3689 ι

2850 3749 3055 3804 AAAO.

2218 3862 2281 3918 El
2316 3863 2571 3935 ἀληθεύει
2612 3864 2809 3931 λέγων*
2847 3882 2868 3917 ι
2908 3863 3052 3933 Ἐγὼ
3099 3863 3159 3916 ὲν
3196 3860 3276 3935 τῷ
3322 3862 3531 3934 Πατρὶ,
3577 3861 3671 3916 καὶ
3704 3862 3733 3916 6

2150 3955 2338 4025 Πατὴρ
2362 3958 2419 4009 ὲν
2447 3956 2593 4028 ἐμοὶ,
2627 3975 2645 4008 ι
2677 3952 2784 4009 οἶδε
2816 3956 2872 4009 δὶ
2898 3956 2997 4026 τὴν
3026 3954 3242 4027 ἡμέραν
3272 3954 3489 4025 ἐκείνην
3512 3955 3605 4007 καὶ
3634 3954 3732 4024 τὴν

2150 4048 2298 4115 ὤραν
2328 4048 2356 4099 6
2394 4046 2605 4118 Πατὴρ,
2637 4042 2745 4100 οἶδε
2783 4045 3022 4117 δηλονότι
3064 4046 3158 4099 καὶ
3199 4048 3228 4100 6
3260 4045 3420 4111 Υἱὸς,
3456 4046 3515 4098 ὲν
3558 4043 3733 4115 Πατρι

2148 4154 2208 4190 τε
2238 4136 2313 4189 ὢν
2343 4137 2439 4191 καὶ
2471 4138 2649 4191 πάντα
2683 4137 2966 4205 γινώσκων
2989 4136 3057 4191 τά
3082 4138 3139 4191 ὲν
3165 4135 3336 4207 αὐτῷ,
3366 4135 3462 4190 καὶ
3498 4137 3636 4206 ἔχων
3674 4135 3731 4189 ὲν

2152 4228 2330 4299 ἑαυτῷ
2354 4229 2446 4283 τὸν
2477 4228 2657 4284 εἰδότα
2689 4231 2932 4301 Πατέρα.

2835 4346 3036 4399 ΔΛΛΟ.

551 4445 719 4502 Filius
750 4446 945 4502 dicitur
980 4455 1036 4502 et
1070 4454 1153 4503 est
1192 4420 1512 4503 omnimoda'
1550 4449 1726 4504 Patris
1766 4450 1943 4523 imago
1978 4451 2045 4509 ⁸⁸.

2222 4459 2399 4514 Εἰκὼν
2444 4460 2862 4532 ἀπαράλλακτος
2897 4458 2992 4513 τοῦ
3037 4459 3250 4530 Πατρὸς
3292 4461 3320 4512 6
3348 4457 3475 4522 Υἱὸς
3514 4456 3730 4524 λέγεται

486 4540 541 4593 Si
574 4554 703 4594 vero
736 4540 894 4592 Pater
926 4540 1073 4593 novit
1106 4540 1246 4593 diem
1290 4541 1439 4594 illum
1482 4548 1537 4596 et
1578 4542 1764 4595 horam
1791 4557 1805 4603 ;
1836 4544 2050 4611 ignorat

483 4639 663 4682 autem
718 4628 889 4683 Filius
930 4645 944 4683 :
991 4629 1261 4699 quomodo
1312 4630 1364 4684 id
1403 4630 1543 4698 quod
1594 4631 1805 4701 ignorat
1852 4631 2053 4687 referet

481 4723 841 4776 riiaracterem
871 4720 985 4790 ejus
1003 4722 1093 4791 qui
1126 4722 1271 4777 novit
1295 4723 1323 4776 τί
1353 4723 1512 4793 Atqui
1542 4731 1629 4778 est
1661 4724 1885 4777 omnino
1910 4723 2048 4778 ima-

481 4828 546 4878 go
582 4812 777 4877 Patris,
825 4812 953 4866 licet
985 4814 1221 4867 maxime
1265 4815 1445 4869 hostes
1476 4811 1677 4869 Christi
1733 4815 1921 4869 nolint.
1956 4814 2045 4869 Si-

484 4902 625 4955 milis
659 4902 837 4970 itaque
861 4912 941 4956 est
964 4904 1129 4956 etiam
1169 4904 1267 4956 hac
1308 4903 1359 4957 in
1393 4888 1547 4971 parte
1591 4902 1736 4958 Patri
1763 4920 1776 4967 ;
1802 4914 1859 4958 et
1903 4904 2046 4959 sicut

483 4991 631 5046 novit
669 4991 776 5056 ille,
806 4991 954 5046 novit
987 5002 1040 5048 ct
1063 4992 1198 5062 ipse.

1136 5128 1361 5185 ALIUD.

554 5240 653 5307 Qui
678 5241 805 5297 dicit
838 5242 1057 5305 Filium,
1093 5254 1359 5311 quatenus
1387 5252 1470 5299 est
1504 5242 1760 5309 Verbum,
1796 5246 2047 5315 ignorare

480 5336 623 5388 diem
651 5333 799 5387 illum
830 5346 886 5389 et
914 5335 1122 5399 horam,
1158 5335 1546 5404 blasphemiam
1574 5337 1777 5390 evitare
1813 5352 1918 5392 non
1951 5354 2049 5408 po:

483 5436 607 5480 test.
638 5426 692 5480 Si
720 5426 861 5481 enim
893 5428 1043 5482 novit
1074 5426 1313 5493 Patrem,
1347 5429 1485 5482 sicut
1521 5428 1750 5496 ipsemet
1773 5440 2002 5484 testatur
2028 5449 2040 5484 :

482 5518 606 5585 quid
633 5520 810 5573 obstat
843 5519 1130 5587 quominus
1154 5520 1316 5575 etiam
1346 5524 1504 5576 tinem
1542 5522 1834 5577 crcationis
1862 5523 2046 5577 norit?

484 5610 541 5664 Si
586 5624 712 5664 vero
750 5610 983 5665 dixerint
1035 5613 1265 5681 amplius
1300 5626 1422 5667 esse
1459 5611 1618 5668 tinem
1665 5624 2040 5669 creaturarum

559 5722 599 5795 ξ’
634 5722 733 5795 lsa.
766 5737 852 5783 χι.
880 5724 986 5795 l3;
1014 5722 1166 5779 Rom.
1202 5739 1279 5786 xx,
1308 5724 1395 5779 3i.
1474 5727 1536 5757 ¹¹¹⁶
1570 5726 1586 5781 l
1627 5729 1752 5784 Cor.
1792 5744 1851 5795 ιι,
1903 5732 1984 5785 l0.
2074 5736 2115 5765 ”

489 5801 531 5833 ιο
556 5790 763 5847 Celoss.
798 5809 831 5852 ι,
870 5793 953 5849 l5.

2154 4553 2247 4605 καὶ
2275 4552 2441 4610 ἔστιν.
2481 4553 2541 4605 Ei
2568 4552 2625 4605 δὲ
2656 4549 2795 4606 οἶδεν
2829 4554 2857 4605 6
2896 4552 3087 4623 Πατὴρ
3114 4551 3211 4621 τὴν
3249 4550 3462 4620 ἡμέραν
3498 4550 3593 4602 καὶ
3630 4548 3730 4618 τὴν

2154 4644 2322 4714 ὥραν,
2361 4645 2545 4713 ἀγνοεῖ
2569 4644 2624 4697 δὲ
2653 4646 2681 4697 6
2712 4645 2863 4710 Υἱὸς,
2900 4644 3017 4708 πῶς
3038 4644 3099 4697 τὸ
3126 4642 3355 4711 ἀγνοοῦν
3398 4641 3597 4705 εἰδότος
3630 4658 3729 4710 φοι

2158 4737 2300 4806 ρέσει
2337 4736 2429 4789 τὸν
2477 4737 2838 4808 χαρακτῆρα;
2892 4737 3032 4791 Ἀλλ’
3077 4737 3225 4790 ἔστιν
3273 4734 3438 4789 εἰκὼν
3476 4734 3570 4788 τοῦ
3617 4736 3730 4786 Πα-

2152 4827 2300 4898 τρος,
2328 4827 2428 4880 κᾶν
2454 4830 2501 4880 οἱ
2533 4829 2885 4900 χριστομάχοι
2919 4828 2992 4900 μὴ
3024 4828 3341 4899 βούλωνται.
3374 4828 3589 4880 Ἔοικεν
3620 4828 3727 4896 ἀρα

2154 4921 2246 4974 καὶ
2277 4921 2413 4974 κατὰ
2444 4920 2600 4975 τοῦτο
2633 4921 2711 4994 τῷ
2744 4922 2935 4993 Πατρὶ,
2967 4923 3059 4975 καὶ
3091 4921 3278 4995 ὥσπερ
3322 4914 3460 4973 οἶδεν
3492 4920 3726 4981 ἐκεῖνος,

2152 5012 2293 5067 οὕτω
2326 5014 2418 5067 καὶ
2454 5014 2633 5078 αὐτός.

2834 5151 3035 5206 AAAO.

2234 5262 2291 5314 ὐ
2330 5262 2403 5333 μὴ
2445 5263 2641 5317 εἰδέναι
2682 5264 2853 5332 λέγων
2885 5266 2977 5319 τὸν
3020 5266 3165 5329 Υἱὸν,
3204 5264 3341 5318 καθὸ
3374 5263 3541 5331 Λόγος
3575 5261 3725 5321 ἐστὶν

2154 5352 2251 5423 τὴν
2280 5354 2491 5426 ἡμέραν
2532 5356 2626 5409 καὶ⁷
2654 5357 2753 5427 τὴν
2784 5358 2933 5429 ὤραν
2966 5358 3201 5428 ἐκείνην,
3226 5358 3325 5410 οὐκ
3355 5356 3459 5422 ἔξω
3484 5355 3594 5409 τῶν
3621 5353 3726 5407 ἀπὸ

2153 5445 2251 5512 τῆς
2292 5446 2643 5518 βλασφημίας
2692 5450 3053 5522 ἐγκλημάτων
3097 5450 3474 5521 εὑρεθήσεται.
3506 5448 3570 5501 Εἰ
3618 5446 3726 5514 γὰρ

2150 5533 2256 5590 οἶδε
2296 5538 2386 5591 τὸν
2418 5540 2656 5612 Πατέρα,
2693 5544 2835 5597 καθὰ
2881 5561 3045 5614 φησιν
3088 5543 3272 5607 αὐτὸς,
3316 5541 3368 5595 τί
3403 5540 3603 5595 κωλύει
3632 5537 3723 5591 καὶ

2149 5628 2209 5680 τὺ
2256 5632 2406 5695 τέλος
2456 5634 2649 5689 εἰδέναι
2695 5637 2798 5707 τῆς
2854 5638 3114 5703 κτίσεωςς
3162 5639 3225 5691 Εἰ
3268 5638 3366 5709 μὲν
3410 5631 3503 5689 οὖν
3541 5632 3721 5703 μεῖξον

2151 5736 2305 5796 Joan.
2338 5758 2449 5803 xw.
2505 5745 2584 5799 ll.
2665 5746 2707 5777 "
2738 5745 2889 5801 Joan.
2939 5764 3039 5813 λη,
3079 5748 3157 5803 l5.
3210 5748 3254 5779 ⁸³
3291 5748 3445 5803 Jean.
3481 5764 3591 5816 xxv,
3632 5747 3711 5802 il.
