3986 6320
519 401 625 459 375

1530 403 1587 458 S.
1629 401 1899 459 CYRILLI
1936 399 2401 459 ALEXANDRINI
2445 406 2762 464 ARCHIEP.

3640 410 3745 468 576

518 512 763 568 eamdem
825 510 965 567 enim
1018 512 1291 568 nobiscum
1340 526 1558 569 carnem
1618 514 1867 585 gestavit.
1913 515 2044 569 Novi

2177 519 2295 587 μετ’
2325 518 2627 589 ἀνθρώπων
2660 520 2894 589 ἀγνοεῖν.
2938 520 3018 574 δτι
3042 520 3140 590 τὴν
3172 520 3336 593 αὐτὴν
3366 522 3496 591 ἡμῖν
3522 521 3746 593 ἐφόριοι

518 601 660 655 enim
700 609 756 655 ut
804 602 1067 672 sapientia
1112 611 1164 658 et
1195 600 1430 659 Verbum
1465 604 1517 657 in
1564 602 1724 659 Patre
1767 604 2067 669 exsistens;

2177 607 2371 680 σάρκα.
2397 608 2518 663 Οἵδε
2552 613 2651 681 μὲν
2687 612 2793 681 γὰρ
2818 611 2892 673 ὡς
2917 612 3077 679 σοφία
3107 613 3199 664 καὶ
3232 613 3402 679 Λόγος
3438 611 3513 665 ὢν
3546 614 3603 665 ὲν
3632 613 3744 666 Πα-

518 690 767 758 ignorare
796 706 925 747 vero
971 706 1030 747 se
1059 692 1189 747 dicit
1220 701 1438 764 propter
1473 708 1567 747 nos
1592 705 1645 747 et
1690 693 1988 760 nobiscum,
2015 710 2048 748 u

2172 700 2281 769 τρί’
2321 701 2395 771 μὴ
2418 701 2612 755 εἰδέναι
2637 700 2694 755 δέ
2747 717 2878 771 φησι
2913 701 2978 753 δι’
3014 702 3160 772 ἡμᾶς
3203 703 3297 756 καί
3326 702 3443 772 μεθ’
3466 701 3621 773 ἡμῶν
3669 702 3743 766 ὡς

513 781 693 836 homo.

510 889 741 964 ALIUD,
789 897 1229 964 quoqostenditur
1274 894 1545 964 manifeste
1606 896 1936 953 Servatorcm
1971 916 2068 954 no-

579 962 1016 1034 vissequadam,
1060 965 1148 1038 sed
1188 966 1391 1019 ratione
1418 962 1824 1022 incarnationis
1853 970 2067 1038 ignora-

580 1032 772 1084 tionem
797 1046 908 1100 pro:
931 1047 986 1086 se
1012 1032 1211 1087 tulisse.

578 1136 831 1193 Servatur
861 1139 1059 1196 alicubi
1099 1142 1167 1197 ad
1195 1144 1488 1210 discipulos
1535 1160 1659 1201 suos
1686 1148 1761 1202 ait
1794 1167 1807 1202 :
1839 1166 1858 1201 ι
1895 1127 2066 1205 Laza-

2175 787 2270 841 άνθ
2280 805 2475 858 ρωπος.

2172 906 2374 968 ΔΛΛΟ,
2421 906 2494 958 δι’
2542 899 2615 961 οὗ
2657 904 2960 960 δείκνυται
3019 906 3228 974 σαφῶς
3259 910 3292 960 ό
3340 906 3541 974 Σωτὴρ
3570 906 3740 972 εἰδὼς

2236 976 2353 1041 μέν
2397 993 2546 1046 τινα.
2591 976 2930 1043 οἰκονομίας
2986 974 3054 1029 δὲ
3096 976 3271 1046 χάριν
3316 976 3559 1045 ἀγνοεῖν
3588 978 3741 1031 αὐτὰ

2242 1043 2764 1114 σχηματιζόμενος.

2236 1152 2399 1221 Λέγει
2444 1170 2545 1207 που
2579 1154 2716 1226 πρὸς
2773 1155 2896 1219 τοὺς
2955 1155 3147 1209 ἑαυτοῦ
3185 1155 3432 1227 μαθητὰς
3459 1158 3488 1209 6
3524 1157 3737 1227 Σωτὴρο

508 1235 600 1281 rus
629 1229 835 1285 amicus
870 1243 1053 1287 noster
1094 1232 1385 1289 obdormiit
1412 1236 1479 1302 ι’,
1524 1256 1543 1290 ι
1581 1253 1701 1292 cum
1735 1240 1935 1310 alioqui
1972 1255 2049 1295 ne

2171 1259 2192 1295 ι
2221 1243 2465 1314 Λάζαρος
2485 1246 2513 1298 6
2554 1245 2705 1313 φίλος
2733 1245 2890 1317 ἡμῶν
2922 1246 3265 1317 κεκοίμηται,
3305 1265 3324 1299 ι
3368 1248 3545 1300 καίτοι
3578 1248 3740 1317 μηδε-

509 1334 596 1373 mo
624 1320 723 1375 hoc
756 1322 807 1377 ei
841 1324 1167 1391 nuntiasset,
1206 1325 1301 1380 sed
1345 1334 1401 1380 ut
1440 1326 1579 1382 Deus
1626 1331 1715 1397 qui
1758 1332 1937 1385 omnia
1969 1346 2049 1387 σοι

2165 1331 2252 1391 νὸς
2276 1331 2701 1399 ἀπαγγείλαντος
2728 1333 2876 1404 αὐτῷ
2928 1336 3057 1406 περὶ
3102 1334 3317 1398 τούτου,
3365 1334 3478 1389 ἀλλ’
3501 1336 3576 1399 ὡς
3606 1335 3739 1399 Θεὸς

504 1410 654 1478 gnlta
696 1409 875 1466 habet.
918 1412 1121 1470 Deinde
1162 1414 1325 1487 longo
1370 1418 1561 1474 itinere
1614 1434 1733 1473 cum
1787 1421 2049 1492 discipuli:

2164 1419 2233 1472 τὰ
2268 1421 2442 1474 πάντα
2475 1421 2775 1490 γινώσκων.
2811 1418 2943 1477 Εἶτα
2997 1423 3216 1493 μακρὰν
3245 1425 3443 1489 ἐλάσας
3475 1425 3595 1479 ὁδὸν
3623 1425 3739 1496 ἃμα

505 1500 797 1572 profectus,
830 1505 979 1561 venit
1009 1506 1076 1562 ad
1124 1521 1342 1565 sorores
1372 1509 1561 1566 Laaari
1613 1512 1719 1580 iam
1764 1515 1978 1583 sepulti,
2008 1527 2049 1573 el

2162 1511 2275 1571 τοῖς
2308 1508 2596 1579 μαθηταῖς,
2624 1509 2843 1580 ἔρχεται
2871 1511 3006 1583 πρὸς
3029 1510 3128 1573 τάς
3152 1510 3245 1563 τοῦ
3279 1510 3738 1581 μνψονευθέντος

504 1592 712 1663 rogavit
742 1609 756 1645 z
790 1610 811 1644 ι
847 1592 952 1651 Ubi
977 1596 1232 1664 posuistis
1258 1611 1383 1651 eum
1409 1598 1497 1652 ὀἳ
1532 1618 1549 1651 ι
1580 1600 1748 1667 Quem
1792 1611 2049 1657 mortuum

2163 1600 2413 1667 ἀδελφάς,
2444 1600 2538 1654 καὶ
2572 1600 2793 1671 ἠρώτα*
2849 1621 2868 1653 s
2904 1601 3012 1655 Ποῦ
3066 1600 3350 1655 τεθείκατε
3401 1601 3583 1663 αὐτόν;
3619 1620 3637 1651 ι
3677 1602 3737 1654 '0

504 1696 624 1736 esse
644 1683 870 1748 sciebat,
900 1688 1171 1755 quomodo
1201 1687 1481 1759 ignorabat
1512 1690 1683 1746 locum
1714 1693 1767 1747 in
1792 1709 1899 1761 quo
1928 1709 2049 1748 con-

2161 1690 2317 1755 εἰδὼς
2349 1692 2429 1745 ὅτι
2452 1692 2797 1763 κεκοίμηται,
2831 1692 2946 1757 πῶς
2974 1694 3074 1747 οὐκ
3105 1688 3217 1746 οἶδε
3265 1692 3356 1746 τὸν
3401 1691 3568 1745 τόπον
3600 1692 3738 1744 ὅπου

505 1772 653 1826 ditus
681 1773 838 1829 erat?
858 1774 951 1830 sed
973 1786 1130 1831 norat
1161 1780 1422 1847 proiecto.
1455 1781 1759 1837 Verisimile
1786 1785 1928 1837 enim
1954 1800 2049 1840 non

2162 1781 2337 1835 ἔκειτο
2366 1782 2426 1835 τὸ
2453 1783 2609 1853 σῶμα
2633 1800 2647 1848 ;
2681 1784 2793 1837 ἀλλ’
2826 1780 2986 1839 οἶδεν.
3031 1783 3320 1837 Ἀπίθανον
3348 1782 3457 1853 γάρ
3475 1781 3538 1835 τὸ
3561 1782 3738 1835 ἐκεῖνο

500 1870 607 1925 est,
643 1862 813 1930 ipsum
844 1863 974 1920 illud
1019 1866 1263 1934 scivisse,
1293 1870 1395 1925 hoc
1438 1874 1754 1929 nescivisse.
1788 1874 2049 1941 Quemad-

2165 1871 2263 1943 μὲν
2292 1872 2505 1937 εἰδέναιι
2533 1848 2691 1926 τοῦτο
2719 1872 2776 1927 δὲ
2808 1875 3042 1941 ἀγνοεῖν.
3074 1873 3283 1945 Ὠσπερ
3313 1848 3404 1925 ούν
3424 1848 3738 1942 οἰκονομίας

501 1951 724 2006 modum
763 1954 925 2025 igitur
970 1947 1233 2026 singulari
1273 1960 1506 2027 quodam
1552 1964 1778 2018 consilio
1816 1966 1952 2020 dixit
1998 1981 2049 2021 se

2160 1964 2299 2027 τινὸς
2324 1963 2507 2018 ἕνεκεν
2532 1965 2591 2018 τὸ
2622 1963 2695 2035 μὴ
2724 1964 2918 2018 εἰδέναι
2940 1963 3043 2017 ποῦ
3077 1966 3254 2018 κεῖται
3301 1961 3549 2033 Λάζαρος
3599 1962 3736 2030 ιφα-

503 2040 712 2095 noscise
739 2042 827 2096 ubi
845 2042 1055 2114 iaceret
1081 2043 1317 2103 hilarus
1341 2065 1355 2113 ;
1392 2049 1463 2105 ita
1494 2052 1658 2113 etiam
1679 2054 1744 2107 de
1767 2054 1853 2109 die
1881 2068 1935 2109 et
1964 2056 2049 2111 bo«

2160 2072 2306 2118 σκεν,
2336 2054 2477 2108 οὕτω
2513 2056 2606 2108 καὶ
2636 2058 2764 2128 περὶ
2799 2058 2896 2127 τῆς
2919 2056 3130 2127 ἡμέρας
3154 2056 3248 2109 καὶ
3288 2055 3387 2125 τῆς
3414 2053 3596 2124 ὥρας,
3630 2053 3745 2115 κᾶν

500 2145 582 2193 ra,
621 2132 840 2188 tametsi
868 2134 1012 2189 dicat
1052 2149 1111 2192 se
1142 2138 1409 2206 ignorare,
1440 2142 1688 2199 utilitatis
1718 2155 1774 2201 et
1805 2148 1927 2201 boni
1957 2148 2057 2203 ali-

498 2220 652 2292 cujus
672 2234 833 2277 causa
863 2223 919 2278 id
940 2222 1073 2281 facit
1101 2245 1115 2282 :
1148 2228 1311 2299 n2
1346 2233 1492 2285 novit
1520 2234 1662 2288 enim
1696 2244 1754 2289 ut
1790 2234 1949 2293 Deus.

662 2328 895 2399 ALIUD,
930 2333 1005 2388 ad
1029 2336 1266 2392 eamdem
1294 2342 1601 2395 scrutantium
1626 2346 1909 2413 pertinens.

566 2440 700 2498 Cum
730 2444 782 2501 in
812 2446 1055 2516 partibus
1074 2446 1333 2505 σεται-οε
1355 2451 1582 2525 Philippi
1606 2467 1749 2511 esset
1775 2456 2049 2522 Senator,

495 2534 846 2609 interrogavit
879 2538 1210 2609 discipulos:
1247 2561 1265 2593 ι
1306 2543 1475 2609 Quem
1528 2547 1711 2601 dicunt
1762 2564 1847 2604 me
1882 2551 2056 2606 homi-

493 2638 590 2679 nes
614 2638 738 2680 esse
778 2625 972 2682 Filium
1022 2627 1256 2686 hominis
1282 2632 1373 2684 ἰτ
1396 2650 1415 2683 ι
1453 2630 1695 2705 Cumque
1732 2636 1927 2695 Petrus
1968 2655 2053 2694 re-

494 2712 798 2782 spondisset
820 2723 875 2768 et
897 2715 1163 2772 dixisset:
1195 2735 1215 2769 t
1250 2718 1328 2774 Tu
1354 2734 1414 2774 es
1444 2718 1714 2789 Christus,
1754 2724 1921 2781 Filius
1956 2726 2050 2783 Dei

492 2803 764 2869 viventis;
792 2822 812 2857 ι
846 2803 1028 2859 statim
1064 2806 1178 2876 ipse
1219 2808 1419 2875 intulit,
1458 2826 1477 2861 ι
1515 2808 1720 2867 Beatus
1759 2826 1839 2879 es,
1864 2813 2051 2871 Simon

492 2891 754 2961 Barjona,
796 2894 922 2964 quia
968 2894 1131 2951 Pater
1184 2897 1444 2953 revelavit
1496 2899 1617 2965 tibi,
1656 2903 1747 2971 qui
1794 2902 1846 2957 in
1900 2904 2053 2960 cmlis

492 2993 575 3037 est
603 2984 669 3039 ’⁵.
701 3002 720 3037 ι
752 2982 924 3039 Nemo
949 2986 1092 3041 enim
1132 2987 1287 3042 novit
1312 2987 1510 3043 Filium
1546 2990 1647 3046 nisi
1694 2992 1872 3057 Pater,
1898 2993 2050 3063 iuxta

493 3073 664 3143 ipsius
695 3072 1000 3131 Servatoris
1023 3090 1207 3132 vocem
1237 3077 1302 3132 ".
1334 3078 1405 3133 At
1448 3080 1492 3134 si
1518 3079 1682 3137 Pater
1724 3098 1823 3151 per
1853 3085 2047 3141 Filium

2157 2146 2287 2220 λέγῃ
2323 2146 2397 2217 μὴ
2421 2146 2639 2210 εἰδέναι,
2677 2147 2945 2218 χρήσιμόν
2968 2165 3020 2199 τι
3043 2147 3136 2211 κα)
3162 2147 3363 2215 ἀγαθὸν
3397 2143 3694 2215 οἰκονομῶν
3715 2184 3731 2210 ,

2153 2234 2312 2289 τοῦτο
2335 2239 2495 2289 ποιεῖ·
2520 2231 2629 2290 οἶδε
2658 2237 2766 2307 γὰρ
2798 2238 2874 2299 ὡς
2899 2236 3053 2300 Θεός.

2408 2351 2611 2418 ΑΛΛΟ,
2642 2352 2754 2419 τὴν
2773 2351 2970 2421 αὐτὴν
3015 2353 3160 2422 ἕχον
3185 2351 3475 2408 διάνοιαν.

2224 2459 2358 2529 Περί
2387 2458 2455 2512 τά
2490 2459 2631 2529 μέρη
2665 2460 3001 2529 Καισαρείας
3057 2461 3159 2531 τῆς
3183 2459 3449 2514 Φιλίππου
3490 2457 3733 2530 γεγονὼς

2152 2549 2181 2601 6
2211 2549 2420 2619 Σωτὴρ,
2455 2548 2641 2618 ἠρώτα
2690 2550 2817 2613 τοὺς
2865 2550 3062 2603 ἑαυτοῦ
3122 2549 3389 2622 μαθητάς·
3450 2569 3470 2603 s
3497 2552 3632 2605 Τίνα
3664 2568 3731 2623 με

2152 2638 2399 2706 λέγουσιν
2446 2641 2496 2693 οἰ
2550 2638 2826 2710 ἄνθρωποι
2889 2641 2981 2695 τὸν
3013 2641 3140 2695 Υἰδν
3189 2641 3283 2695 τοῦ
3330 2642 3661 2714 ἀνθρώπους
3704 2660 3724 2694 ι

2165 2732 2627 2803 Ἀποκριναμένου
2677 2732 2732 2785 δὲ
2762 2733 2969 2804 Πέτρου
3000 2735 3093 2789 καί
3120 2735 3424 2808 εἰρηκότος,
3464 2753 3484 2787 t
3516 2736 3588 2790 Σὺ
3620 2728 3673 2788 si
3696 2737 3727 2789 6

2152 2821 2385 2893 Χριστὸς
2413 2825 2441 2876 6
2473 2822 2602 2887 Υἱὸς
2624 2823 2718 2878 τοῦ
2742 2823 2877 2878 Θεοῦ
2907 2824 3000 2878 τοῦ
3031 2824 3251 2891 ζῶντος,
3288 2846 3306 2879 ι
3332 2828 3613 2899 ὶπήγαγεν
3643 2831 3726 2881 εύ-

2154 2912 2271 2977 θὺς,
2291 2913 2370 2965 ὅτι
2413 2931 2432 2963 t
2462 2913 2747 2985 Μακάριος
2780 2910 2851 2979 εἰ,
2886 2916 3070 2985 Σίμων
3094 2917 3210 2989 Βάρ
3251 2918 3423 2979 Ἰωνᾶ,
3456 2918 3537 2971 ὅτι
3563 2918 3592 2971 6
3618 2918 3729 2972 Παο

2150 3003 2254 3075 τὴρ
2287 3004 2603 3073 ἀπεκάλυψέ
2638 3022 2719 3058 σοι
2745 3008 2773 3060 6
2798 3008 2855 3060 ὲν
2883 3010 2996 3071 τοῖς
3015 3008 3284 3080 οὐρανοῖς.
3325 3028 3343 3061 ι
3387 3009 3576 3071 Οὐδεὶς
3617 3009 3726 3079 γάρ

2150 3088 2258 3145 οἶδε
2282 3093 2374 3146 τὸν
2397 3094 2522 3147 Υίδν
2544 3096 2593 3147 εἰ
2619 3094 2694 3166 μὴ
2722 3097 2750 3149 6
2777 3098 2988 3167 Πατὴρ,
3018 3098 3160 3152 κατά
3174 3100 3273 3170 τὴν
3298 3099 3459 3154 αὐτοῦ
3497 3099 3589 3153 τοῦ
3616 3100 3727 3153 Σω-

491 3164 671 3218 omnia
705 3172 979 3235 operatur,
1020 3180 1185 3221 unum
1223 3181 1349 3223 vero
1380 3182 1444 3223 ex
1488 3171 1742 3239 operibus
1784 3183 1866 3230 est
1894 3191 2049 3232 reve-

2160 3181 2317 3252 τῆρος
2344 3183 2549 3251 φωνήν.
2588 3164 2652 3238 Ei
2683 3164 2739 3238 δὲ
2764 3184 2834 3240 δι’
2872 3164 3004 3240 Υἰοῦ
3050 3164 3240 3243 πάντα.
3275 3191 3463 3262 Πατὴρ
3493 3191 3721 3263 ἐργάζε-

493 3257 644 3321 tacio,
667 3254 849 3325 ipsum
869 3255 1103 3312 Verbum
1126 3256 1287 3314 Petro
1320 3259 1521 3316 revelat
1543 3275 1662 3332 qum
1683 3261 1863 3320 Patris
1891 3276 2049 3335 sunt;

492 3349 763 3415 quomodo
793 3356 972 3404 autem
1005 3350 1050 3405 is
1092 3350 1181 3419 qui
1226 3353 1453 3417 revelat,
1502 3363 1757 3423 tanquam
1800 3360 2053 3427 ignorans

496 3442 817 3509 interrogat,
835 3453 1123 3510 quemnam
1168 3442 1345 3513 ipsum
1375 3444 1622 3501 homines
1672 3461 1795 3504 esse
1823 3450 2055 3506 dicant?

492 3527 654 3581 Certo
680 3528 844 3599 igitur
865 3542 931 3584 ac
967 3530 1229 3601 singulari
1266 3533 1493 3589 consilio
1523 3536 1795 3596 interdum
1834 3541 2053 3611 ignora-

496 3617 701 3672 tionem-
723 3618 967 3676 simulat.
992 3619 1181 3678 Sciens
1215 3624 1369 3682 euim
1386 3628 1515 3697 quid
1545 3626 1795 3700 discipuli
1822 3648 2050 3704 respon-

492 3706 602 3760 suri
633 3718 840 3774 essent,
866 3709 1161 3785 interregat
1190 3732 1206 3768 :
1239 3723 1296 3770 ut
1332 3726 1556 3789 accepta
1599 3734 1785 3778 eorum
1826 3738 2050 3797 respon-

490 3794 641 3852 sione
672 3796 833 3853 tldem
858 3800 1115 3859 stabiliet.

978 3976 1218 4046 ALIUD,
1245 3972 1556 4039 enarratius.

560 4086 746 4153 Filius,
777 4095 1042 4158 quatenus
1092 4099 1177 4147 est
1226 4090 1460 4150 Verbum
1501 4105 1559 4152 et
1607 4099 1891 4170 sapientia,
1943 4121 2047 4161 non

489 4176 700 4248 ignorat
732 4177 877 4232 diem
900 4185 955 4231 et
990 4178 1178 4234 horam
1210 4183 1295 4238 sui
1328 4186 1590 4243 adventus
1620 4207 1634 4244 :
1672 4192 1768 4253 sed
1800 4208 1867 4249 ne
1913 4209 2050 4253 mte-

488 4280 673 4321 rorem
705 4267 982 4338 discipulis
1015 4270 1259 4338 incutiat,
1299 4275 1486 4331 nolens
1516 4292 1704 4335 eorum
1750 4281 2050 4356 interroga-

491 4358 620 4412 tioni
652 4361 995 4429 respondere,
1024 4363 1161 4419 dixit
1190 4380 1248 4421 se
1275 4369 1505 4438 nescire,
1537 4380 1598 4427 ut
1624 4373 1785 4430 homo
1806 4418 1821 4441 ,
1852 4379 2047 4449 quippe

487 4448 581 4516 qui
620 4448 672 4503 id
724 4450 905 4505 dicere
948 4454 1127 4521 potuit
1162 4470 1430 4526 quatenus
1468 4475 1595 4516 caro
1633 4464 1804 4520 factus
1841 4476 1941 4533 est,
1989 4477 2046 4521 ut

488 4539 744 4608 scriptum
778 4552 861 4596 est
888 4542 957 4609 ",
988 4546 1277 4615 carnisque
1304 4548 1649 4607 inﬁrmitates
1678 4557 1921 4624 proprias
1943 4559 2045 4614 sibi

491 4626 633 4683 iecit.
660 4628 816 4694 Quod
834 4631 978 4687 enim
1010 4634 1112 4689 hac
1148 4635 1216 4691 de
1240 4652 1397 4693 causa
1437 4655 1496 4696 se
1532 4646 1742 4700 nescire
1778 4647 1933 4714 dixit,
1962 4650 2046 4704 in-

487 4718 553 4772 de
579 4723 827 4789 cognosci
859 4732 1053 4793 potest.
1084 4725 1217 4781 Nam
1244 4739 1525 4801 postquam
1554 4748 1584 4789 e
1608 4738 1837 4793 mortuis
1863 4753 2044 4794 resur-

486 4810 646 4878 rexit,
672 4827 794 4867 cum
828 4813 1019 4883 iam.in
1059 4820 1223 4874 caelos
1251 4836 1577 4880 ascensurus
1605 4836 1772 4893 esset,
1815 4830 2048 4887 interro-

488 4903 737 4973 gantibus
764 4921 888 4961 eum
918 4908 1214 4978 discipulis,
1248 4914 1462 4980 quando
1491 4916 1615 4971 linis
1638 4917 1871 4981 futurus.
1898 4922 2045 4992 ipse-

486 5009 590 5063 que
619 4995 812 5051 iterum
845 5008 1101 5053 venturus
1138 5012 1299 5069 esset,
1331 5004 1579 5061 acerbius
1628 5008 1705 5063 eis
1744 5014 2042 5082 respondit,

486 5085 711 5140 dicens:
745 5104 763 5138 ι
794 5087 911 5143 Non
932 5098 1015 5145 est
1047 5101 1285 5146 vestrum
1322 5109 1547 5151 noscere
1578 5105 1816 5169 tempora
1845 5112 1899 5156 et
1928 5120 2046 5161 mo-

487 5185 689 5240 menta,
717 5191 836 5245 quas
865 5176 1025 5234 Pater
1062 5182 1243 5250 posuit
1283 5183 1337 5237 in
1379 5198 1474 5239 sua
1510 5196 1775 5256 potestate
1799 5190 1869 5246 ’⁸.
1914 5211 1931 5244 ι
1972 5195 2043 5248 At

486 5264 529 5316 si
563 5264 692 5319 illud
738 5268 954 5335 penitus
989 5269 1314 5339 ignorasset,
1346 5276 1630 5343 oportebat
1673 5278 1850 5335 dicere
1880 5300 1892 5336 :
1924 5282 2041 5339 Dixi

486 5354 637 5408 vobis
668 5370 759 5411 me
782 5359 1015 5425 nescire,
1048 5370 1103 5415 et
1126 5365 1326 5419 nescio.
1359 5364 1427 5419 At
1456 5381 1581 5422 vero
1619 5371 1772 5438 quasi
1802 5386 1904 5427 non
1952 5390 2042 5431 re-

484 5453 571 5499 cte
609 5446 1008 5521 interrogantes
1042 5456 1405 5525 reprehendit,
1452 5468 1505 5514 et
1537 5469 1791 5530 tanquam
1838 5466 2041 5535 majora

483 5551 643 5605 quam
674 5554 771 5608 par
794 5541 865 5596 sit
892 5543 1232 5614 inquirentes
1264 5549 1456 5619 rejicit.
1485 5551 1829 5610 Manifestum
1861 5557 2041 5629 itaque

552 5693 599 5780 ’ξ
624 5694 778 5780 J‘oan.
802 5714 889 5780 _xt,
923 5702 1008 5762 il.
1084 5706 1133 5739 ”
1169 5707 1300 5764 ibid.
1324 5709 1413 5765 5i.
1490 5712 1530 5743 ’ί
1567 5710 1755 5769 Matth.
1795 5730 1905 5780 xw,
1941 5716 2024 5771 l5.

488 5762 535 5795 ⁸³
571 5765 687 5821 Act.
728 5784 765 5836 ι,
802 5769 855 5824 7.

2152 3291 2263 3339 ται,
2287 3274 2345 3329 ἓν
2378 3274 2433 3329 δὲ
2454 3275 2561 3329 τῶν
2590 3276 2769 3348 ἔργων
2789 3279 2882 3332 καὶ
2917 3280 2950 3351 ἡ
2986 3282 3350 3353 ἀποκάλυψις,
3374 3285 3535 3349 αὐτὸς
3564 3286 3593 3339 6
3618 3287 3721 3340 Λό-

2153 3378 2249 3429 γος
2278 3362 2628 3433 ἀποκαλύψας
2687 3362 2767 3435 τῷ
2813 3366 3007 3440 Πέτρέρ
3034 3360 3283 3437 φαίνεται
3312 3372 3382 3425 τά
3426 3373 3578 3444 παρά
3628 3372 3723 3427 τοῦ

2154 3451 2389 3523 Πατρός*
2417 3452 2535 3517 πῶς
2589 3450 2682 3509 οὖν
2710 3458 2737 3510 6
2773 3457 3130 3528 ἀποκαλύψας
3157 3460 3234 3525 ὡς
3265 3462 3473 3531 ἀγνοῶν
3515 3466 3722 3536 ὶρωτᾷ,

2150 3542 2272 3595 τίνα
2301 3543 2551 3612 λέγουσιν
2579 3546 2626 3599 oi
2652 3545 2958 3619 ἀνθρωποι;
2980 3550 3191 3605 Οὐκοῦν
3215 3555 3487 3624 οἰκονομεῖ
3508 3573 3563 3609 τι
3596 3558 3724 3610 πολ-

2151 3632 2309 3696 λάκις
2350 3636 2452 3705 τῆς
2474 3636 2698 3705 ἀγνοίας
2733 3638 2794 3691 τὸ
2832 3641 3033 3711 σχῆμα.
3067 3642 3239 3707 Εἰδὼς
3264 3643 3372 3716 γὰρ
3399 3648 3535 3716 ὅπερ
3566 3647 3726 3716 ἔμελ-

2149 3725 2242 3778 λον
2272 3727 2416 3797 ἐρεῖν
2447 3728 2496 3779 οἰ
2528 3727 2787 3799 μαθηταὶ,
2814 3732 3080 3803 προσάγει
3115 3733 3216 3804 τὴν
3250 3734 3462 3801 πεῦσιν,
3496 3737 3563 3789 ιν*
3588 3736 3724 3791 ἀπο-

2150 3813 2440 3884 δεξάμενος
2498 3815 2677 3870 αύτῶν
2729 3818 2826 3889 τὴν
2893 3819 3222 3891 ἀπόκρισιν,
3292 3822 3567 3897 βεῆαιώσῃ
3624 3827 3722 3896 τὴν

2153 3901 2354 3956 πίστιν.

2569 3995 2752 4049 ΔΛΛΟ
2774 4036 2788 4060 ,
2837 3997 3291 4069 διηγηματικῶς.

2219 4106 2332 4161 Ούκ
2355 4109 2540 4175 ἀγνοεῖ
2567 4109 2665 4179 τὴν
2697 4111 2912 4181 ἡμέραν
2944 4114 3038 4167 καὶ
3069 4114 3167 4186 τὴν
3206 4114 3355 4188 ὥραν
3400 4118 3494 4189 τῆς
3526 4120 3721 4175 ἑαυτοῦ

2148 4201 2450 4270 παρουσίας
2486 4201 2515 4252 ὁ
2540 4201 2687 4267 Υἱὸς,
2786 4203 2959 4272 Λόγος
2991 4204 3109 4258 ἐστὶ
3137 4207 3231 4261 καὶ
3265 4207 3424 4277 σοφία
3450 4248 3465 4271 ,
3492 4210 3609 4262 ἀλλ’
3636 4211 3721 4264 ῑνα

2152 4292 2226 4360 μὴ
2281 4290 2458 4361 λύπην
2495 4292 2693 4365 ἐντέκῃ
2750 4296 2866 4356 τοῖς
2897 4294 3185 4365 μαθηταῖς,
3252 4298 3329 4362 ὼς
3379 4300 3439 4351 οὐ
3486 4299 3721 4372 θελήσας

2148 4381 2537 4452 ἀποκρίνεσθαι
2569 4385 2633 4453 τῇ
2673 4386 2799 4455 παρ’
2824 4385 3003 4438 αὐτῶν
3044 4388 3470 4476 προσενεχθείσῃ
3506 4394 3717 4455 πεύσει,

2150 4471 2231 4536 τὸ,
2266 4472 2379 4524 Οὐκ
2407 4469 2542 4537 οῖδα,
2569 4474 2733 4544 φησὶν
2765 4476 2841 4538 ὡς
2855 4469 3423 4544 άνθρωπὸς,ὲξουσίαν
3456 4482 3593 4552 ἔχων
3626 4487 3720 4538 καὶ

2152 4559 2271 4626 τοῦ,
2308 4563 2481 4615 εἰπεῖν
2511 4562 2618 4628 διὰ,
2651 4565 2710 4617 τὸ
2736 4565 2984 4633 γενέσθαι
3026 4566 3180 4639 σὰρξ,
3213 4571 3347 4624 καθὸ
3386 4575 3716 4645 γέγραπται,

2152 4650 2361 4714 καὶτὰς
2388 4652 2489 4721 τῆς
2534 4652 2731 4723 σαρκὸς
2779 4654 3063 4719 ἀσθενείας
3111 4657 3561 4730 ἰδιοποιήσασθαι.
3597 4666 3717 4717 Ὅτι

2154 4740 2261 4817 γάρ
2287 4740 2489 4812 ταύτης
2509 4742 2669 4795 ἓνεκα
2694 4742 2794 4811 τῆς
2820 4744 2996 4807 αἰτίας
3022 4745 3083 4798 τὸ
3107 4748 3180 4816 μὴ
3209 4750 3404 4803 εἰδέναι
3430 4754 3613 4821 φησὶν,
3636 4756 3719 4807 ὲν·

2153 4831 2339 4884 τεῦθεν
2365 4831 2642 4902 εἰσόμεθα.
2672 4834 2823 4888 Μετὰ
2852 4834 2960 4905 γάρ
2992 4836 3052 4889 τὸ
3089 4839 3150 4889 ὲκ
3170 4840 3377 4910 νεκρῶν
3402 4843 3715 4913 ἀναστῆναι,

2158 4921 2364 4991 μέλλων
2396 4939 2454 4974 τε
2492 4922 2591 4992 ἤδη
2628 4921 2812 4976 λοιπὸν
2836 4925 3143 4979 ἀναϐαίνειν
3166 4928 3247 4991 εἰς
3282 4930 3564 4999 οὐρανοὺς,
3591 4932 3719 5003 ἐρω-

2152 5014 2431 5082 τησάντων
2454 5013 2615 5065 αὐτὸν
2643 5012 2750 5066 τῶν
2792 5015 3067 5086 μαθητῶν,
3115 5019 3243 5072 πότε
3268 5020 3331 5074 τὸ
3357 5021 3509 5085 τέλος
3533 5023 3717 5090 ἔσται,

2152 5105 2245 5157 καὶ
2276 5104 2405 5158 πότε
2447 5104 2607 5157 πάλιν
2634 5110 3092 5176 παραγενήσεται,
3131 5109 3458 5182 δριμύτερον
3489 5114 3717 5185 ἀπεκρί-

2148 5211 2275 5248 νατο
2299 5196 2492 5263 λέγων’
2531 5213 2549 5245 t
2582 5195 2693 5266 Οὐχ
2723 5196 2874 5265 ὑμῶν
2902 5199 3018 5251 ἐστι
3039 5199 3239 5267 γνῶναι
3282 5202 3510 5273 χρόνους
3537 5204 3569 5274 ἢ
3602 5222 3719 5258 και-

2150 5287 2295 5357 ροὺς,
2327 5286 2417 5351 οὒς
2438 5290 2464 5342 ὁ
2496 5288 2683 5359 Πατὴρ
2713 5288 2863 5341 ἔθετο
2892 5290 2951 5343 ὲν
2982 5293 3045 5361 τῇ
3085 5292 3190 5363 ἰδίᾳ
3239 5292 3479 5365 ἐξουσίᾳ.
3512 5314 3531 5348 ι
3577 5297 3716 5350 Ἀλλ’

2144 5377 2301 5450 εἴπερ
2324 5378 2528 5447 ἠγνόει,
2563 5379 2747 5448 σαφῶς
2764 5381 2924 5435 αὐτὸν
2949 5383 3116 5454 ἐχρῆν
3145 5383 3344 5453 λέγειν·
3369 5382 3536 5441 Εἶπον
3562 5390 3711 5459 ύμῖν,

2143 5471 2243 5523 οὑκ
2266 5466 2400 5524 οἶδα.
2436 5472 2574 5525 Νυνί
2595 5472 2649 5527 δὲ
2682 5472 2755 5537 ὡς
2789 5476 2888 5529 οὐκ
2924 5476 3160 5544 εὐλόγως
3206 5477 3525 5548 ἐρωτῶντας
3574 5483 3714 5551 ὲλέγο

2144 5578 2261 5631 χει,
2318 5563 2412 5615 καὶ
2453 5563 2527 5626 ὡς
2564 5563 2783 5633 μείζονα
2833 5566 2867 5635 ἢ
2920 5566 3043 5620 καθ’
3090 5568 3315 5633 ἑαυτοὺς
3361 5570 3711 5637 ἐξετάζοντας

2139 5718 2185 5751 ⁹²
2209 5719 2338 5777 ibid.
2374 5719 2574 5790 16,17.
2690 5722 2738 5756 ’³
2767 5722 2957 5781 Matth.
2991 5741 3067 5794 ιι,
3091 5726 3183 5783 27.
3280 5727 3328 5762 ”
3353 5726 3511 5784 Joan.
3551 5745 3589 5794 t,
3627 5730 3707 5785 Η.
