3986 6320
261 433 355 490 577

1668 412 2116 471 THESAURUS.

3432 406 3541 466 ὅτε

261 552 579 624 ἀποτράπει.
600 550 767 621 Δῆλον
794 543 887 602 οὖν
917 549 1062 600 ἐστιν
1080 546 1159 598 ὅτι
1185 542 1279 596 καὶ
1301 542 1445 605 τότε,
1467 540 1644 601 καίτοι
1666 539 1841 592 πάντα

1962 548 2031 592 est
2078 536 2243 591 etiam
2298 542 2428 589 tunc
2482 534 2683 603 ipsum,
2748 531 2963 588 tametsi
3019 531 3204 586 omnia
3246 542 3428 586 nosset
3482 542 3542 586 ut

260 644 409 707 εἰδὼς
446 642 523 706 ὡς
552 641 706 706 Θεδς,
730 640 819 693 διά
866 638 929 690 τὸ
978 632 1117 689 εἶναι
1166 636 1266 705 τὴν
1298 632 1502 700 γνῶσιν
1545 631 1687 702 ὑπὲρ
1713 632 1837 693 τοὺς

1944 629 2109 693 Dens,
2153 630 2390 681 humano
2422 634 2601 679 tamen
2634 638 2786 679 more
2814 625 3018 679 dixisse
3044 612 3188 692 quod
3211 621 3356 676 diem
3389 621 3537 675 illum

262 734 531 804 μαθητάς,
556 731 912 802 ἀνθρωπίνως
935 728 1139 798 ἔφασκε
1173 726 1247 797 μὴ
1267 724 1463 778 εἰδέναι
1494 724 1593 793 τὴν
1619 722 1839 793 ἡμέραν

1962 732 1998 775 2t
2024 723 2215 774 horam
2238 719 2542 789 ignoraret,
2580 718 2707 787 quia
2750 714 3145 785 discipulorum
3182 725 3399 783 captum
3425 714 3543 783 ejus

262 825 393 895 μηδι
424 825 524 893 τὴν
552 822 698 891 ὤραν
729 822 965 892 εκείνην.

941 934 1148 987 ΔΛΛΟ.

332 1046 505 1102 Ὅταν
535 1045 855 1117 εὑρίσκηται
887 1044 916 1096 6
967 1042 1099 1106 Θεὸς
1155 1044 1214 1095 ὲν
1259 1042 1359 1113 μὲν
1403 1042 1479 1112 τῷ
1530 1037 1843 1112 παραδείσῳ

263 1136 436 1205 λέγων
461 1136 597 1207 πρὸς
610 1136 701 1188 τὸν
739 1134 929 1205 ’Δδάμο
961 1152 978 1185 t
1006 1132 1114 1186 Ποῦ
1136 1127 1216 1198 εἷς
1258 1151 1277 1184 ι
1312 1132 1449 1203 πρὸς
1471 1132 1528 1185 δὲ
1558 1130 1648 1183 τὸν
1680 1130 1839 1183 Κάῐν·

269 1245 287 1278 ι
315 1228 431 1282 Ποῦ
460 1226 626 1279 Ἀὅελ
646 1228 675 1279 6
700 1225 928 1295 ἀδελφός
972 1242 1101 1291 σου;
1140 1242 1157 1276 ι
1198 1223 1251 1277 τί
1298 1224 1406 1295 ἄρα
1435 1224 1529 1276 καὶ
1562 1221 1691 1292 περὶ
1716 1220 1843 1273 τούν

262 1335 353 1372 του
388 1318 559 1387 φατες
590 1318 687 1371 Ἂν
713 1316 812 1388 μὲν
834 1317 942 1388 γάρ
971 1316 1271 1385 ἀγνοοῦντα
1294 1314 1565 1369 ποιεῖσθαι
1591 1315 1689 1386 τὴν
1717 1311 1846 1384 ὲρώ·

261 1425 417 1478 τησιν
471 1408 693 1480 λέγητε,
733 1408 987 1480 φανερῶς
1037 1407 1449 1479 δυσφημοῦντες
1500 1404 1844 1477 εὑρίσκεσθε.

262 1498 324 1550 El
351 1498 410 1551 δὲ
437 1497 640 1570 τρόπον
668 1498 984 1570 οἰκονομίας
1025 1496 1341 1566 είσάγεσθαί
1386 1514 1507 1549 τινα
1547 1495 1636 1549 διὰ
1688 1494 1846 1547 τοῦτο

260 1587 483 1655 δώσετε,
520 1590 597 1659 μὴ
625 1588 922 1656 ξενίζεσθε,
969 1590 1074 1643 κάν
1118 1593 1147 1643 6
1178 1588 1272 1642 τοῦ
1303 1587 1440 1641 Θεοῦ
1464 1588 1656 1657 Λόγος,
1692 1587 1760 1640 δι’
1783 1580 1846 1641 οὗ

262 1679 355 1731 καὶ
372 1676 499 1731 τότε
536 1677 635 1749 τὴν
661 1677 931 1749 ἐρώτησιν
983 1678 1119 1749 πρός
1150 1695 1209 1731 τε
1254 1678 1427 1747 Ἀδάμ
1449 1679 1541 1732 καὶ
1590 1678 1685 1731 τὸν
1704 1678 1846 1732 Κάῖν

263 1771 497 1822 ἐποιεῖτο
540 1769 692 1836 Θεὸς,
746 1768 1046 1839 οίκονομῶν
1089 1786 1142 1821 τι
1198 1770 1471 1841 χρήσιμον
1536 1768 1611 1840 μὴ
1644 1767 1843 1823 εἰδέναι

1944 813 2021 867 rei
2051 811 2245 866 notitia
2282 809 2597 880 superabat.

2622 917 2855 975 ALIUD.

2012 1036 2147 1093 Cum
2202 1036 2513 1090 inveniatur
2580 1033 2723 1089 Deus
2802 1033 2855 1086 in
2926 1029 3182 1101 paradiso
3229 1029 3417 1083 dicens
3472 1030 3541 1085 ad

1944 1127 2256 1183 Adamum:
2293 1146 2311 1179 ι
2349 1124 2452 1185 Ubi
2481 1142 2541 1182 es
2567 1127 2651 1180 "2
2685 1145 2703 1178 ι
2733 1136 2788 1180 et
2815 1125 2883 1179 ad
2916 1123 3050 1178 Cain
3080 1139 3094 1177 :
3130 1141 3151 1174 ι
3198 1120 3426 1177 Ubinam
3459 1131 3544 1175 est

1944 1220 2081 1275 Abel
2109 1219 2274 1275 frater
2302 1227 2426 1274 tuus
2443 1220 2531 1273 "l
2563 1238 2581 1271 ι
2610 1218 2743 1287 quid
2780 1216 2883 1271 hac
2914 1213 2981 1269 de
3013 1228 3071 1268 re
3096 1213 3336 1268 statuitis
3360 1212 3383 1266 l’
3408 1212 3541 1266 Nam

1946 1312 1992 1367 si
2028 1312 2194 1365 Deum
2221 1311 2565 1381 ignorantem
2588 1311 2693 1364 hoc
2715 1309 3089 1376 interrogasse
3116 1305 3333 1370 dicatis,
3367 1304 3544 1359 mani-

1947 1402 2142 1458 festam
2171 1403 2567 1472 blasphemiam
2594 1400 2766 1472 323
2788 1400 3099 1455 incurretis.
3146 1395 3202 1453 Si
3222 1407 3403 1453 autem
3427 1398 3545 1452 sin-

1946 1496 2119 1569 gulari
2153 1498 2385 1553 consilio
2424 1497 2527 1553 hoc
2574 1498 2649 1551 ita
2680 1494 3129 1569 administratum
3161 1491 3405 1547 fatemini
3434 1511 3447 1546 :
3474 1505 3543 1547 ne

1948 1568 2100 1642 vobis
2143 1587 2388 1643 insolens
2412 1603 2476 1643 ac
2516 1587 2714 1641 mirum
2751 1568 3040 1648 videa'tur,
3066 1584 3111 1639 si
3156 1581 3394 1638 Verbum
3421 1582 3540 1648 Dei,

1948 1693 2045 1749 per
2069 1693 2230 1749 quem
2273 1679 2438 1734 etiam
2470 1688 2605 1733 tunc
2643 1675 3007 1743 interrogatio
3040 1675 3131 1730 Dei
3177 1674 3243 1729 ad
3273 1675 3543 1729 Adamnan

1948 1779 2000 1824 et
2029 1768 2161 1824 Cain
2200 1768 2346 1823 facta
2379 1778 2487 1833 est,
2522 1770 2668 1824 bono
2703 1766 2935 1835 utilique
2982 1765 3216 1822 consilio
3246 1764 3449 1820 dixerit
3481 1780 3546 1821 se

262 1861 390 1933 λέγῃ
419 1862 523 1932 τὴν
554 1862 769 1933 ἡμέραν
792 1863 870 1925 ὡς
908 1861 1215 1933 ἄνθρωπος,
1266 1862 1444 1915 καίτοι
1479 1862 1657 1915 πάντα
1692 1859 1847 1927 είδὼς

1962 1862 2167 1917 nescire
2228 1861 2381 1915 illum
2438 1861 2582 1915 dicm
2626 1870 2685 1915 ut
2720 1859 2909 1925 homo,
2931 1856 3147 1913 tametsi
3182 1858 3368 1914 omnia
3398 1858 3546 1913 norit

261 1953 335 2018 ὡς
364 1954 527 2023 σοφία
551 1954 644 2007 τοῦ
675 1954 908 2025 Πατρός.

262 2066 464 2138 ΛΑΝ),
494 2064 571 2138 δι’
605 2062 678 2138 οὗ
705 2065 1013 2122 δείκνυται
1058 2068 1269 2138 σαφῶς
1306 2065 1693 2138 οικονομικῶς
1722 2067 1853 2123 ἔσθ’

346 2136 445 2189 ὅτε
467 2136 581 2204 τὴν
603 2135 854 2207 ἄγνοιαν
896 2135 1405 2207 σχηματιζόμενος
1455 2135 1757 2207 δ’Σωτήρ.

330 2250 461 2304 Ὀτε
489 2249 632 2303 κατά
654 2256 754 2321 τὴν
784 2250 990 2322 ἔρημον
1018 2254 1046 2305 6
1096 2252 1285 2324 Σωτὴρ
1337 2252 1670 2323 άποτρέφειν
1700 2251 1854 2305 ἐϐού-

259 2341 379 2395 λετο
402 2342 529 2405 τοὺς
554 2342 1026 2414 ἀκολουθήσαντας
1050 2344 1219 2415 αὐτῷ.
1236 2344 1385 2413 λέγει
1406 2344 1542 2415 πρὸς
1563 2344 1847 2396 Φίλιππον

264 2434 504 2497 ιΠόσους
516 2433 717 2506 ἄρτους
735 2434 889 2505 ἔχετε
914 2453 960 2501 ;ι
990 2436 1222 2490 mlta-.1
1255 2438 1354 2507 μὲν
1371 2436 1448 2500 ὡς
1470 2435 1791 2504 ἀγνοοῦντος
1813 2437 1845 2504 ή

260 2524 554 2596 ἐρώτησις.
610 2525 1063 2597 Διαμαρτύρεται
1113 2526 1171 2580 δὲ
1223 2526 1571 2597 παραχρῆμα
1625 2526 1850 2594 λέγωνό

258 2617 650 2687 εὐαγγελιστής
674 2633 689 2647 ·
720 2636 739 2669 ι
773 2617 944 2671 Τοῦτο
962 2618 1019 2671 δὲ
1042 2618 1197 2686 ἔλεγε
1229 2618 1509 2687 πειράζων
1543 2618 1633 2672 τὸν
1663 2617 1849 2671 Φίλιπ-

260 2724 376 2761 πον·
411 2707 576 2770 αὐτὸς
606 2706 714 2779 γάρ
756 2708 873 2780 ᾔδει
922 2717 975 2762 τι
1027 2708 1223 2780 ἔμελλε
1269 2711 1463 2762 ποιεῖν.
1509 2727 1528 2759 )
1576 2710 1638 2762 Ei
1668 2710 1849 2765 τοίνυν

256 2802 392 2870 ὅπερ
422 2799 615 2870 ἔμελλε
651 2803 825 2854 ποιεῖν
850 2802 1233 2870 ἐπιστάμενος,
1282 2801 1357 2863 ὡς
1403 2800 1615 2869 ἀγνοῶν
1637 2803 1845 2873 ἐρωτᾷ,

254 2890 307 2945 τί
335 2891 535 2946 κωλύει
562 2893 657 2946 καὶ
680 2892 776 2946 νῦν
796 2893 1067 2964 χρησίμου
1127 2892 1271 2956 τινὸς
1326 2892 1493 2946 ἕνεκα
1539 2896 1847 2964 συγχωρεῖν

256 2985 423 3056 αὐτῷ,
452 2983 529 3055 μὴ
566 2984 764 3040 είδὲναι
794 2984 974 3054 λέγειν
1006 2984 1105 3056 τὴν
1129 2985 1341 3057 ἡμέραν
1396 2986 1491 3038 καὶ
1528 2986 1626 3057 τὴν
1655 2984 1843 3057 ὥραν;

257 3075 366 3129 Καὶ
396 3077 457 3130 οὐ
489 3075 817 3146 ψευδόμενος
854 3075 1011 3130 τοῦτό
1060 3094 1245 3149 φησιν·
1295 3076 1451 3140 εἰδὼς
1476 3077 1584 3148 γὰρ
1612 3075 1687 3139 ὡς
1714 3076 1846 3139 Θεὸς

258 3168 452 3236 Λόγος,
507 3167 729 3224 δυνατάι
782 3168 859 3232 ὡς
915 3168 1202 3241 ἄνθρωπος
1258 3171 1472 3238 ἀγνοεῖν
1494 3210 1509 3235 ,
1567 3170 1653 3222 ἵνα
1705 3169 1847 3223 κατά

257 3233 435 3316 πάντα
459 3263 571 3326 τοῖς
600 3262 848 3332 ἀδελφοῖς
876 3233 1141 3335 ὁμοιωθῇ,
1184 3233 1335 3318 ἀκατά
1375 3264 1473 3335 τὴν
1497 3233 1599 3317 τοῦ
1632 3262 1848 3317 Παύλου
1875 3233 1919 3292 c

260 3352 463 3422 φωνήν.

262 3464 388 3548 Ἔτι
410 3464 499 3548 είς
526 3462 615 3527 τὸ,
652 3463 850 3548 ςιιζερί
985 3464 1094 3533 τῆς
1141 3464 1375 3548 ᾐμέρᾳς
1406 3467 1520 3548 καί⁸
1547 3468 1677 3548 τῆς.
1695 3466 1852 3548 ὥρας

328 3532 570 3607 exstrui;
604 3531 805 3607 οὐδεὶς
827 3605 838 3607 _
857 3531 1052 3607 οἶδεν,
1094 3531 1234 3607 otiis
1254 3531 1313 3591 oi
1339 3531 1581 3607 δτγελοι
1606 3531 1851 3593 stlta-'06;

319 3601 546 3669 ραν-ῶν,
574 3602 713 3656 οὔτε
742 3606 775 3657 d
799 3605 949 3671 Υἱὸς,
974 3604 1133 3675 σιμὴ
1165 3608 1197 3658 ό
1223 3601 1435 3676 Πατὴρ
1459 3610 1669 3677 μόνος.
1716 3626 1733 3660 ι

540 3719 839 3787 Πρότασις
862 3718 943 3786 ὡς
967 3719 1035 3773 ἐκ
1077 3718 1199 3774 τῶν
1229 3722 1563 3791 αιρετικῶν.

328 3830 536 3895 Πάντα,
566 3832 753 3900 φασὶν,
784 3827 925 3887 οἶδεν
954 3834 984 3887 6
1008 3833 1223 3906 Πατὴρ,
1249 3836 1309 3888 οὗ
1345 3837 1521 3890 πάντα
1541 3836 1599 3889 δὲ
1619 3837 1648 3889 6
1682 3838 1812 3903 Υίδς
1835 3880 1851 3907 ,

263 3923 403 3975 κατά
434 3921 533 3992 τὴν
567 3922 733 3976 αὑτοῦ
790 3925 999 3994 φωνήνο
1061 3925 1233 3999 ταύτῃ
1276 3926 1386 3997 γάρ
1447 3927 1685 3997 μάλιστα
1716 3929 1853 3999 πρὸς

262 4011 537 4077 ἀπόδειξιν
560 4012 795 4085 χρῆσθαι
826 4014 1010 4069 καλόν.
1064 4017 1127 4069 El
1161 4018 1340 4071 τοίνυν
1393 4013 1501 4071 οἶδε
1538 4018 1638 4089 μὲν
1677 4019 1706 4070 6
1740 4020 1852 4071 Ila-

262 4100 366 4173 τηρ
389 4101 491 4171 τὴν
555 4101 703 4173 ὥραν
748 4102 984 4175 ἐκείνην,
1017 4104 1283 4173 άγνοεῖδὲ
1325 4107 1354 4158 6
1388 4106 1534 4171 Υἱὸς,
1590 4107 1709 4171 πῶς
1753 4108 1854 4178 τῆς

263 4195 434 4266 αὐτῆς
492 4195 645 4249 ἔσται
688 4196 902 4267 φύσεως
951 4198 1029 4269 τῷ
1091 4199 1268 4253 πάντα
1324 4200 1487 4254 είδότι
1520 4202 1548 4254 6
1598 4200 1673 4271 μὴ
1731 4218 1852 4255 τοι·

261 4302 446 4353 ουτοςὶ

753 4401 909 4470 Πρός
944 4402 1121 4457 τοῦτο
1164 4406 1367 4472 λύσις.

334 4513 400 4568 El
429 4514 505 4586 μὴ
542 4514 720 4569 πάντα
744 4511 884 4569 οῐδεν
923 4520 952 4571 6
991 4518 1139 4584 Υἱὸς,
1191 4520 1313 4572 καθ’
1354 4521 1520 4590 ὑμᾶς,
1553 4515 1597 4575 ὦ
1632 4540 1852 4594 χριστο-

1957 1963 2016 2007 ut
2039 1954 2302 2023 sapientia
2335 1953 2545 2009 Patris.

1958 2066 2185 2133 ALIUD,
2214 2084 2315 2135 quo
2368 2068 2663 2139 ostenditur
2716 2066 2970 2123 Servatur
3000 2066 3267 2139 singulari
3319 2066 3543 2121 consilio

2203 2140 2468 2192 interdum
2492 2138 2851 2207 ignorantiam
2877 2154 2987 2206 pra!
3006 2155 3061 2193 se
3087 2138 3293 2192 tulisse.

2027 2247 2163 2303 Cum
2214 2246 2475 2303 Servator
2529 2250 2580 2302 in
2615 2248 2836 2304 deserto
2870 2249 3058 2303 turbas
3094 2249 3271 2317 ipsum
3324 2258 3547 2303 secutas

1954 2354 2177 2410 pascere
2193 2339 2378 2403 vellet,
2402 2350 2555 2411 rogat
2583 2340 2895 2411 Philippum
2930 2358 2943 2394 :
2973 2358 2992 2392 ι
3014 2340 3159 2407 Quot
3186 2354 3356 2410 panes
3376 2338 3546 2395 habe-

1955 2427 2069 2483 tis?
2103 2448 2121 2481 ι
2146 2444 2268 2499 qua:
2308 2430 2531 2500 quidem
2572 2442 2657 2486 est
2702 2431 3066 2500 interrogatio
3116 2430 3442 2500 ignorantis.
3479 2430 3549 2487 At

1949 2522 2283 2591 evangelista
2350 2524 2534 2577 statim
2583 2523 2821 2591 adjicit:
2879 2541 2899 2575 ι
2948 2522 3063 2578 Hoc
3105 2521 3282 2588 dixit,
3331 2529 3548 2579 tentans

1954 2609 2295 2680 Philippum;
2316 2612 2527 2667 sciebat
2550 2614 2693 2667 enim
2720 2614 2836 2683 ipse
2851 2613 2979 2683 quid
3006 2612 3252 2668 facturus
3276 2620 3421 2669 esset
3438 2612 3541 2668 ".n

1954 2699 2012 2756 Si
2061 2716 2190 2773 ergo
2230 2704 2414 2759 sciens
2458 2704 2590 2775 quid
2639 2703 2883 2760 facturus
2928 2713 3095 2771 esset,
3142 2704 3445 2773 interrogat
3488 2713 3550 2761 ut

1952 2794 2214 2864 ignorans
2240 2814 2253 2850 :
2279 2797 2409 2866 quid
2446 2797 2675 2865 impedit
2710 2798 3006 2867 quominus
3046 2798 3214 2852 etiam
3257 2812 3400 2854 nunc
3436 2798 3548 2854 uti-

1951 2885 2122 2943 litatis
2151 2886 2381 2957 alicujus
2412 2904 2576 2944 causa
2610 2904 2723 2959 pra
2754 2904 2812 2944 se
2843 2890 2982 2945 ferat
3000 2904 3059 2944 se
3087 2891 3299 2944 nescire
3324 2889 3466 2945 diem
3493 2898 3551 2947 et

1954 2978 2164 3033 horam.
2215 2979 2403 3050 Neque
2464 2982 2608 3037 enim
2658 2980 2793 3036 false
2822 2982 2924 3036 hoc
2962 2981 3136 3037 dicit:
3176 2982 3356 3037 sciens
3377 2983 3546 3048 enim,

1952 3076 2011 3121 ut
2055 3067 2199 3126 Deus
2228 3069 2491 3137 Verbum,
2528 3082 2707 3143 potest
2749 3084 2808 3127 ut
2849 3074 3013 3129 homo
3046 3074 3328 3151 ignorare,
3358 3083 3417 3128 ut
3450 3088 3549 3142 per

1951 3162 2135 3217 omnia
2171 3161 2438 3220 fratribus
2471 3165 2565 3220 [lat
2596 3166 2812 3233 similis,
2848 3177 2905 3221 ut
2936 3166 3139 3223 Paulus
3171 3166 3411 3238 loquitur
3439 3166 3507 3221 ”.

1952 3463 2137 3519 Adhuc
2174 3463 2229 3517 in
2261 3464 2441 3519 idem:
2477 3484 2497 3517 ι
2535 3463 2609 3519 De
2640 3466 2724 3519 die
2770 3464 2866 3519 illa
2916 3474 2966 3520 et
3000 3465 3134 3519 liora
3181 3478 3332 3517 nemo
3364 3462 3549 3528 nouit;

2024 3550 2187 3657 rgat”
2252 3535 2427 3605 angeli
2476 3539 2747 3601 auorum,
2798 3552 2961 3606 neque
3012 3533 3214 3603 Filius,
3264 3535 3355 3589 sed
3404 3533 3550 3590 solus

2079 3620 2107 3656 a
2135 3620 2216 3657 er.
2254 3622 2272 3655 ι

2079 3620 2216 3658 αιετ.
2254 3622 2272 3655 1

2416 3700 2655 3787 Objectio
2685 3717 3078 3773 hereticorum.

2026 3828 2245 3897 Omnia,
2300 3830 2574 3902 inquiunt,
2630 3833 2782 3888 novit
2824 3832 3008 3900 Pater,
3063 3832 3161 3889 sed
3212 3846 3319 3887 non
3362 3832 3549 3889 omnia

1956 3920 2146 3985 Filius,
2202 3933 2263 3978 ut
2320 3924 2555 3993 ipsemet
2601 3927 2714 3980 ait:
2776 3941 2900 3980 nam
2952 3926 3123 3996 ipsius
3175 3923 3550 3980 testimonium

1954 4013 2219 4083 optimum
2252 4023 2335 4069 est
2363 4014 2432 4069 ad
2479 4016 2583 4070 hoc
2627 4016 3132 4071 demonstrandum.
3167 4014 3225 4069 Si
3260 4030 3391 4085 ergo
3442 4011 3549 4068 Pa-

1956 4114 2042 4160 ter
2068 4106 2223 4161 novit
2269 4106 2416 4160 illam
2446 4108 2661 4173 horam,
2694 4108 2912 4178 ignorat
2947 4116 3131 4163 autem
3172 4106 3365 4173 Filius,
3398 4120 3545 4177 quo-

1963 4196 2125 4251 modo
2151 4198 2259 4252 erit
2291 4199 2533 4266 ejusdem
2571 4209 2784 4253 natura:
2814 4214 2937 4253 cum
2974 4213 3042 4255 eo
3072 4199 3170 4270 qui
3214 4198 3399 4254 omnia
3445 4212 3545 4255 uo-

1956 4288 2053 4358 vit,
2085 4289 2131 4344 is
2161 4291 2251 4359 qui
2283 4291 2489 4362 aliquid
2520 4289 2773 4360 ignorat?

2459 4401 2670 4457 Salutio
2713 4401 3046 4470 obiectionis.

2033 4516 2113 4579 Si,
2160 4516 2316 4587 juxta
2371 4524 2636 4579 vestram,
2696 4516 2881 4570 hostes
2928 4514 3156 4582 Christi,
3208 4515 3549 4587 opinionem,

268 4608 456 4688 μάχοι,
484 4606 777 4677 ψεύδεσθαι
807 4608 985 4673 λέγειν
1043 4610 1259 4682 ἀνάγκη
1307 4612 1405 4675 τὰς
1432 4613 1585 4677 θείας
1608 4616 1848 4686 Γραφάς,

1962 4608 2131 4662 Filius
2174 4622 2280 4661 non
2333 4606 2516 4661 omnia
2568 4606 2758 4674 novit,
2801 4621 3026 4662 necesse
3083 4616 3165 4663 est
3222 4618 3281 4662 ut
3333 4623 3551 4666 sacram

263 4698 488 4755 καὶτῶν
510 4699 681 4767 ἁγίων
738 4700 1247 4772 καταθρασύνεσθαι
1304 4705 1572 4773 λεγόντων
1602 4725 1668 4760 πε
1679 4709 1731 4780 pl
1760 4710 1857 4763 αὑ-

264 4787 379 4841 τοῦ⁹
418 4807 437 4839 ι
485 4789 544 4840 '0
588 4789 745 4854 είδὼς
766 4792 832 4845 τά
858 4792 1041 4847 πάντα
1092 4795 1222 4864 πρὶν
1275 4798 1542 4863 γενέσεως
1595 4799 1796 4853 αὐτῶν.
1828 4820 1847 4853 ι

264 4881 377 4934 Καὶ
403 4880 513 4951 γάρ
542 4882 599 4933 ὲν
649 4885 762 4945 τοῖς
820 4883 1010 4938 πᾶσιν
1032 4887 1149 4938 ἐστὶ
1180 4888 1271 4940 καὶ
1302 4889 1334 4958 ή
1394 4890 1491 4960 τῆς
1540 4891 1852 4956 συντελείας

262 4973 470 5043 ἡμέραο
502 4972 654 5025 οὐδὲν
678 4974 785 5044 γάρ
824 4974 929 5039 ἔξω
970 4978 1185 5031 κεῖσθαι
1219 4978 1280 5031 τὸ
1308 4982 1507 5033 πάντα
1551 4986 1849 5053 συγχωρεῖ.

264 5063 328 5117 Ei
348 5063 405 5116 δὲ
432 5063 638 5134 ταύτην
668 5061 853 5132 ἀγνοεῖ
874 5068 901 5119 6
922 5068 1069 5131 Υἱὸς,
1092 5069 1207 5132 πῶς
1229 5065 1335 5123 οἶδε
1357 5073 1426 5125 τά
1446 5068 1624 5126 τίάντα
1646 5091 1660 5139 ;
1694 5075 1853 5128 Ἀλλά

267 5152 349 5206 δεῖ
370 5154 586 5219 πάντως
604 5155 703 5219 τὰς
735 5158 845 5209 τῶν
876 5159 1047 5226 ἀγίων
1086 5160 1306 5231 ἀληθεῖς
1339 5158 1478 5216 εἶναι
1502 5165 1707 5233 φωνάς,
1744 5167 1856 5219 Καὶ

265 5238 373 5296 οἶδε
406 5244 476 5297 τά
503 5245 679 5297 πάντα
707 5249 735 5300 6
768 5247 912 5311 Υἱός.
950 5250 1011 5302 El
1032 5250 1075 5303 δ’
1104 5253 1161 5303 ὲν
1186 5255 1299 5315 τοῖς
1323 5256 1487 5307 πᾶσιν
1518 5256 1730 5326 ἀνάγκη
1758 5259 1855 5311 καὶ

268 5335 329 5387 τὸ
374 5335 527 5399 τέλος
565 5342 726 5401 νοεῖν,
770 5340 997 5407 μάταιον
1047 5344 1203 5413 ἡμῶν
1249 5346 1623 5415 ἀναπέφανται
1674 5351 1737 5403 τὸ
1768 5352 1856 5403 σό-

270 5442 471 5497 φισμα.
510 5430 795 5499 υίκονομεῖ
814 5433 921 5502 γάρ
954 5450 1033 5485 τοι
1068 5435 1324 5505 Χριστὸς,
1354 5439 1428 5509 μὴ
1459 5440 1659 5495 είδέναι
1681 5441 1855 5512 λέγων

270 5516 370 5588 τὴν
401 5516 548 5589 ὥραν
578 5521 814 5591 ἐκείνην,
843 5524 935 5575 καὶ
966 5526 1065 5578 οὐκ
1094 5526 1308 5598 ἀληθῶς
1334 5531 1534 5597 ἀγνοεῖ.

1963 4700 2304 4769 Scripturam
2343 4698 2562 4753 mentiri
2604 4698 2849 4754 dicamus
2876 4739 2892 4765 ,
2950 4700 3267 4771 sanctisque
3306 4700 3553 4775 refrage-

1962 4807 2085 4846 mur
2122 4792 2469 4847 dicentibus:
2508 4810 2526 4842 (
2567 4791 2667 4858 Qui
2716 4792 2867 4847 novit
2915 4794 3101 4847 omnia
3155 4804 3283 4849 ante
3317 4809 3553 4865 genera-

1957 4886 2161 4938 tionem
2209 4884 2453 4952 ipsorum
2496 4883 2535 4936 ¹.
2578 4902 2596 4935 ι
2634 4881 2865 4938 Nomine
2912 4884 3057 4938 enim
3093 4886 3352 4951 omnium,
3380 4888 3549 4943 etiam

1958 4975 2075 5029 dies
2107 4974 2594 5031 consummationis
2640 4976 2995 5029 continetur:
3046 4989 3175 5030 nam
3225 4991 3348 5030 Cum
3404 4978 3548 5033 dici-

1962 5080 2080 5120 mus
2115 5068 2329 5130 omnia,
2367 5066 2500 5120 nihil
2539 5067 2903 5122 escludimus.
2955 5066 3011 5121 Si
3052 5082 3184 5123 vero
3222 5069 3365 5123 diem
3410 5070 3553 5127 hanc

1960 5157 2176 5228 ignorat
2235 5159 2428 5224 Filius,
2479 5159 2751 5229 quomodo
2799 5161 2951 5215 novit
3001 5160 3236 5215 omnia?
3274 5162 3551 5225 Caeterum

1961 5264 2183 5305 necesse
2206 5252 2427 5307 omnino
2462 5263 2521 5305 ut
2551 5252 2728 5307 sancti
2776 5268 2906 5308 vera
2941 5254 3312 5323 prtedicarint.
3352 5253 3422 5308 Et
3458 5255 3551 5308 Fi-

1959 5341 2063 5397 lius
2095 5342 2278 5397 omnia
2328 5345 2499 5398 novit.
2551 5343 2607 5398 Si
2642 5358 2773 5398 vero
2804 5344 2858 5397 in
2895 5345 3154 5399 omnibus
3195 5360 3421 5401 necesse
3468 5355 3554 5400 est

1960 5434 2124 5487 etiam
2152 5435 2311 5489 linem
2345 5436 2730 5503 comprehendi
2756 5453 2770 5490 :
2799 5451 2996 5490 vanum
3029 5445 3176 5492 certe
3197 5446 3283 5491 est
3306 5445 3551 5493 vestrum

1960 5536 2347 5580 commentum.
2402 5526 2654 5582 Christus
2683 5526 2827 5581 enim
2864 5528 3129 5595 singulari
3182 5529 3414 5585 consilio
3448 5527 3551 5583 hoc

1958 5616 2109 5682 facit,
2141 5620 2285 5686 quod
2315 5632 2373 5671 se
2417 5619 2607 5673 horam
2642 5619 2788 5673 illam
2836 5622 3047 5675 nescire
3082 5621 3236 5687 dicit,
3304 5634 3432 5676 vere
3470 5628 3549 5673 ta-

1958 5724 2079 5763 men
2114 5724 2215 5763 tton
2254 5710 2487 5780 ignorat.

350 5844 393 5875 "
431 5843 566 5901 Gen.
601 5861 681 5905 Ill.
708 5847 759 5902 9.
839 5848 1039 5904 "Gen.
1083 5866 1152 5918 tv,
1196 5852 1247 5906 9.
1329 5854 1371 5886 ’⁸
1404 5853 1575 5912 Marc.
1609 5872 1683 5925 Vl,
1717 5858 1848 5927 ὗες]

1962 5884 1988 5921 ι.
2026 5876 2101 5930 vs,
2136 5860 2191 5929 5,
2223 5860 2274 5918 6.
2356 5861 2400 5894 ⁹’
2428 5860 2591 5919 llcbr.
2628 5877 2690 5931 ll,
2721 5864 2807 5920 17.
2892 5865 2905 5897 ¹
2940 5864 3080 5924 Dan.
3118 5881 3239 5936 sm,
3274 5864 3365 5923 ιε.
