  <div class='ocr_page' id='page_1' title='image "/cluster/home/n/w/nwhite01/storage/ocr_20150623/75/pst.000005712748/205.png"; bbox 0 0 3986 6320; ppageno 0'>
   <div class='ocr_carea' id='block_1_1' title="bbox 501 387 607 447">
    <p class='ocr_par' dir='ltr' id='par_1_1' title="bbox 501 387 607 447">
     <span class='ocr_line' id='line_1_1' title="bbox 501 387 607 447; baseline 0.019 -2"><span class='ocrx_word' id='word_1_1' title='bbox 501 387 607 447; x_wconf 76' lang='lat'><strong>579</strong></span> 
     </span>
    </p>
   </div>
   <div class='ocr_carea' id='block_1_2' title="bbox 1045 499 1477 572">
    <p class='ocr_par' dir='ltr' id='par_1_2' title="bbox 1045 499 1477 572">
     <span class='ocr_line' id='line_1_2' title="bbox 1045 499 1477 572; baseline 0.005 -19"><span class='ocrx_word' id='word_1_2' title='bbox 1045 499 1208 572; x_wconf 67' lang='lat' dir='ltr'><strong>au</strong></span> <span class='ocrx_word' id='word_1_3' title='bbox 1246 500 1477 557; x_wconf 72' lang='grc' dir='ltr'>Αιιυο.</span> 
     </span>
    </p>
   </div>
   <div class='ocr_carea' id='block_1_3' title="bbox 572 605 2062 682">
    <p class='ocr_par' dir='ltr' id='par_1_3' title="bbox 572 605 2062 682">
     <span class='ocr_line' id='line_1_3' title="bbox 572 605 2062 682; baseline 0.007 -19"><span class='ocrx_word' id='word_1_4' title='bbox 572 608 628 663; x_wconf 88' lang='lat' dir='ltr'>Si</span> <span class='ocrx_word' id='word_1_5' title='bbox 662 605 860 664; x_wconf 83' lang='lat' dir='ltr'><strong>Paulus</strong></span> <span class='ocrx_word' id='word_1_6' title='bbox 907 624 1034 667; x_wconf 76' lang='lat' dir='ltr'><strong>vere</strong></span> <span class='ocrx_word' id='word_1_7' title='bbox 1060 611 1129 667; x_wconf 86' lang='lat' dir='ltr'><strong>de</strong></span> <span class='ocrx_word' id='word_1_8' title='bbox 1159 610 1296 668; x_wconf 77' lang='lat' dir='ltr'><strong>Filio</strong></span> <span class='ocrx_word' id='word_1_9' title='bbox 1320 612 1451 667; x_wconf 92' lang='lat' dir='ltr'><strong>dicit</strong></span> <span class='ocrx_word' id='word_1_10' title='bbox 1478 616 1520 677; x_wconf 84' lang='lat'><strong>&#39;,</strong></span> <span class='ocrx_word' id='word_1_11' title='bbox 1555 615 1695 682; x_wconf 86' lang='lat' dir='ltr'><strong>quod</strong></span> <span class='ocrx_word' id='word_1_12' title='bbox 1721 618 1900 671; x_wconf 94' lang='lat' dir='ltr'><strong>omnia</strong></span> <span class='ocrx_word' id='word_1_13' title='bbox 1954 618 2062 673; x_wconf 87' lang='lat' dir='ltr'><strong>sint</strong></span> 
     </span>
    </p>
   </div>
   <div class='ocr_carea' id='block_1_4' title="bbox 496 703 2059 773">
    <p class='ocr_par' dir='ltr' id='par_1_4' title="bbox 496 703 2059 773">
     <span class='ocr_line' id='line_1_4' title="bbox 496 703 2059 773; baseline 0.006 -18"><span class='ocrx_word' id='word_1_14' title='bbox 496 703 639 755; x_wconf 84' lang='lat' dir='ltr'><strong>nuda</strong></span> <span class='ocrx_word' id='word_1_15' title='bbox 689 710 855 770; x_wconf 81' lang='lat' dir='ltr'><strong>atque</strong></span> <span class='ocrx_word' id='word_1_16' title='bbox 902 717 1087 773; x_wconf 89' lang='lat' dir='ltr'><strong>aperta</strong></span> <span class='ocrx_word' id='word_1_17' title='bbox 1137 705 1188 759; x_wconf 90' lang='lat' dir='ltr'><strong>in</strong></span> <span class='ocrx_word' id='word_1_18' title='bbox 1217 715 1503 772; x_wconf 79' lang='lat' dir='ltr'><strong>conspectu</strong></span> <span class='ocrx_word' id='word_1_19' title='bbox 1536 705 1672 772; x_wconf 83' lang='lat' dir='ltr'><strong>ejus,</strong></span> <span class='ocrx_word' id='word_1_20' title='bbox 1722 722 1886 761; x_wconf 92' lang='lat' dir='ltr'><strong>unum</strong></span> <span class='ocrx_word' id='word_1_21' title='bbox 1932 725 2059 764; x_wconf 75' lang='lat' dir='ltr'><strong>vero</strong></span> 
     </span>
    </p>
   </div>
   <div class='ocr_carea' id='block_1_5' title="bbox 495 789 2059 867">
    <p class='ocr_par' dir='ltr' id='par_1_5' title="bbox 495 789 2059 867">
     <span class='ocr_line' id='line_1_5' title="bbox 495 789 2059 867; baseline 0.006 -23"><span class='ocrx_word' id='word_1_22' title='bbox 495 789 742 845; x_wconf 87' lang='lat' dir='ltr'><strong>omnium</strong></span> <span class='ocrx_word' id='word_1_23' title='bbox 772 803 858 847; x_wconf 88' lang='lat' dir='ltr'><strong>est</strong></span> <span class='ocrx_word' id='word_1_24' title='bbox 880 794 1049 848; x_wconf 83' lang='lat' dir='ltr'><strong>etiam‘</strong></span> <span class='ocrx_word' id='word_1_25' title='bbox 1074 795 1203 849; x_wconf 86' lang='lat' dir='ltr'><strong>hora</strong></span> <span class='ocrx_word' id='word_1_26' title='bbox 1230 794 1341 859; x_wconf 86' lang='lat' dir='ltr'><strong>illa,</strong></span> <span class='ocrx_word' id='word_1_27' title='bbox 1364 798 1634 865; x_wconf 85' lang='lat' dir='ltr'><strong>quomodo</strong></span> <span class='ocrx_word' id='word_1_28' title='bbox 1666 797 1811 851; x_wconf 84' lang='lat' dir='ltr'><strong>illam</strong></span> <span class='ocrx_word' id='word_1_29' title='bbox 1847 798 2059 867; x_wconf 80' lang='lat' dir='ltr'><strong>ignorat</strong></span> 
     </span>
    </p>
   </div>
   <div class='ocr_carea' id='block_1_6' title="bbox 494 879 2056 958">
    <p class='ocr_par' dir='ltr' id='par_1_6' title="bbox 494 879 2056 958">
     <span class='ocr_line' id='line_1_6' title="bbox 494 879 2056 958; baseline 0.006 -26"><span class='ocrx_word' id='word_1_30' title='bbox 494 879 541 935; x_wconf 91' lang='lat' dir='ltr'><strong>is</strong></span> <span class='ocrx_word' id='word_1_31' title='bbox 592 881 647 935; x_wconf 91' lang='lat' dir='ltr'><strong>in</strong></span> <span class='ocrx_word' id='word_1_32' title='bbox 704 881 856 951; x_wconf 81' lang='lat' dir='ltr'><strong>cujus</strong></span> <span class='ocrx_word' id='word_1_33' title='bbox 902 892 1192 953; x_wconf 87' lang='lat' dir='ltr'><strong>conspectu</strong></span> <span class='ocrx_word' id='word_1_34' title='bbox 1248 894 1382 941; x_wconf 86' lang='lat' dir='ltr'><strong>sunt</strong></span> <span class='ocrx_word' id='word_1_35' title='bbox 1435 886 1616 941; x_wconf 80' lang='lat' dir='ltr'><strong>omnia</strong></span> <span class='ocrx_word' id='word_1_36' title='bbox 1687 887 1826 942; x_wconf 83' lang='lat' dir='ltr'><strong>nuda</strong></span> <span class='ocrx_word' id='word_1_37' title='bbox 1894 899 2056 958; x_wconf 76' lang='lat' dir='ltr'><strong>atque</strong></span> 
     </span>
    </p>
   </div>
   <div class='ocr_carea' id='block_1_7' title="bbox 494 980 705 1041">
    <p class='ocr_par' dir='ltr' id='par_1_7' title="bbox 494 980 705 1041">
     <span class='ocr_line' id='line_1_7' title="bbox 494 980 705 1041; baseline 0.019 -18"><span class='ocrx_word' id='word_1_38' title='bbox 494 980 705 1041; x_wconf 80' lang='lat' dir='ltr'><strong>aperta.</strong></span> 
     </span>
    </p>
   </div>
   <div class='ocr_carea' id='block_1_8' title="bbox 1149 1085 1377 1143">
    <p class='ocr_par' dir='ltr' id='par_1_8' title="bbox 1149 1085 1377 1143">
     <span class='ocr_line' id='line_1_8' title="bbox 1149 1085 1377 1143; baseline 0.004 -2"><span class='ocrx_word' id='word_1_39' title='bbox 1149 1085 1377 1143; x_wconf 82' lang='lat' dir='ltr'><strong>ALIUD.</strong></span> 
     </span>
    </p>
   </div>
   <div class='ocr_carea' id='block_1_9' title="bbox 560 1192 2046 1272">
    <p class='ocr_par' dir='ltr' id='par_1_9' title="bbox 560 1192 2046 1272">
     <span class='ocr_line' id='line_1_9' title="bbox 560 1192 2046 1272; baseline 0.009 -25"><span class='ocrx_word' id='word_1_40' title='bbox 560 1192 781 1248; x_wconf 81' lang='lat' dir='ltr'><strong>Sicitra</strong></span> <span class='ocrx_word' id='word_1_41' title='bbox 811 1193 1201 1263; x_wconf 73' lang='lat' dir='ltr'><strong>blasphemiam</strong></span> <span class='ocrx_word' id='word_1_42' title='bbox 1248 1198 1573 1254; x_wconf 80' lang='lat' dir='ltr'><strong>existimatis</strong></span> <span class='ocrx_word' id='word_1_43' title='bbox 1616 1201 1721 1256; x_wconf 85' lang='lat' dir='ltr'><strong>diei</strong></span> <span class='ocrx_word' id='word_1_44' title='bbox 1770 1217 1926 1272; x_wconf 82' lang='lat' dir='ltr'><strong>posse</strong></span> <span class='ocrx_word' id='word_1_45' title='bbox 1955 1204 2046 1259; x_wconf 81' lang='lat' dir='ltr'><strong>Fi-</strong></span> 
     </span>
    </p>
   </div>
   <div class='ocr_carea' id='block_1_10' title="bbox 486 1282 2045 1362">
    <p class='ocr_par' dir='ltr' id='par_1_10' title="bbox 486 1282 2045 1362">
     <span class='ocr_line' id='line_1_10' title="bbox 486 1282 2045 1362; baseline 0.009 -25"><span class='ocrx_word' id='word_1_46' title='bbox 486 1282 616 1337; x_wconf 87' lang='lat' dir='ltr'><strong>lium</strong></span> <span class='ocrx_word' id='word_1_47' title='bbox 650 1283 851 1353; x_wconf 76' lang='lat' dir='ltr'><strong>aliquid</strong></span> <span class='ocrx_word' id='word_1_48' title='bbox 884 1301 1068 1340; x_wconf 88' lang='lat' dir='ltr'><strong>eorum</strong></span> <span class='ocrx_word' id='word_1_49' title='bbox 1119 1303 1239 1354; x_wconf 66' lang='lat' dir='ltr'><strong>qua</strong></span> <span class='ocrx_word' id='word_1_50' title='bbox 1270 1290 1847 1362; x_wconf 79' lang='lat' dir='ltr'><strong>essisluntignorare;</strong></span> <span class='ocrx_word' id='word_1_51' title='bbox 1881 1296 1951 1350; x_wconf 86' lang='lat' dir='ltr'><strong>ita</strong></span> <span class='ocrx_word' id='word_1_52' title='bbox 1986 1312 2045 1353; x_wconf 84' lang='lat' dir='ltr'><strong>se</strong></span> 
     </span>
    </p>
   </div>
   <div class='ocr_carea' id='block_1_11' title="bbox 486 1376 2042 1441">
    <p class='ocr_par' dir='ltr' id='par_1_11' title="bbox 486 1376 2042 1441">
     <span class='ocr_line' id='line_1_11' title="bbox 486 1376 2042 1441; baseline 0.009 -14"><span class='ocrx_word' id='word_1_53' title='bbox 486 1386 593 1438; x_wconf 90' lang='lat' dir='ltr'><strong>res,</strong></span> <span class='ocrx_word' id='word_1_54' title='bbox 616 1376 910 1428; x_wconf 79' lang='lat' dir='ltr'><strong>secundum</strong></span> <span class='ocrx_word' id='word_1_55' title='bbox 942 1390 1056 1440; x_wconf 80' lang='lat' dir='ltr'><strong>vos,</strong></span> <span class='ocrx_word' id='word_1_56' title='bbox 1089 1377 1283 1432; x_wconf 84' lang='lat' dir='ltr'><strong>habeat</strong></span> <span class='ocrx_word' id='word_1_57' title='bbox 1310 1398 1324 1436; x_wconf 88' lang='lat'><strong>:</strong></span> <span class='ocrx_word' id='word_1_58' title='bbox 1353 1379 1447 1434; x_wconf 87' lang='lat' dir='ltr'><strong>sed</strong></span> <span class='ocrx_word' id='word_1_59' title='bbox 1474 1382 1747 1438; x_wconf 75' lang='lat' dir='ltr'><strong>videamus</strong></span> <span class='ocrx_word' id='word_1_60' title='bbox 1772 1400 1837 1438; x_wconf 88' lang='lat' dir='ltr'><strong>an</strong></span> <span class='ocrx_word' id='word_1_61' title='bbox 1862 1398 2042 1441; x_wconf 79' lang='lat' dir='ltr'><strong>vestra</strong></span> 
     </span>
    </p>
   </div>
   <div class='ocr_carea' id='block_1_12' title="bbox 482 1462 2041 1538">
    <p class='ocr_par' dir='ltr' id='par_1_12' title="bbox 482 1462 2041 1538">
     <span class='ocr_line' id='line_1_12' title="bbox 482 1462 2041 1538; baseline 0.011 -22"><span class='ocrx_word' id='word_1_62' title='bbox 482 1477 579 1517; x_wconf 78' lang='lat' dir='ltr'><strong>vos</strong></span> <span class='ocrx_word' id='word_1_63' title='bbox 615 1462 762 1518; x_wconf 77' lang='lat' dir='ltr'><strong>fallat</strong></span> <span class='ocrx_word' id='word_1_64' title='bbox 806 1464 1020 1533; x_wconf 87' lang='lat' dir='ltr'><strong>opinio,</strong></span> <span class='ocrx_word' id='word_1_65' title='bbox 1061 1477 1226 1537; x_wconf 87' lang='lat' dir='ltr'><strong>atque</strong></span> <span class='ocrx_word' id='word_1_66' title='bbox 1266 1482 1331 1523; x_wconf 79' lang='lat' dir='ltr'><strong>es</strong></span> <span class='ocrx_word' id='word_1_67' title='bbox 1378 1470 1487 1538; x_wconf 88' lang='lat' dir='ltr'><strong>ipsa</strong></span> <span class='ocrx_word' id='word_1_68' title='bbox 1539 1486 1597 1526; x_wconf 88' lang='lat' dir='ltr'><strong>re</strong></span> <span class='ocrx_word' id='word_1_69' title='bbox 1637 1474 2041 1533; x_wconf 80' lang='lat' dir='ltr'><strong>consideremus</strong></span> 
     </span>
    </p>
   </div>
   <div class='ocr_carea' id='block_1_13' title="bbox 481 1556 2037 1625">
    <p class='ocr_par' dir='ltr' id='par_1_13' title="bbox 481 1556 2037 1625">
     <span class='ocr_line' id='line_1_13' title="bbox 481 1556 2037 1625; baseline 0.01 -18"><span class='ocrx_word' id='word_1_70' title='bbox 481 1569 642 1624; x_wconf 86' lang='lat' dir='ltr'><strong>quam</strong></span> <span class='ocrx_word' id='word_1_71' title='bbox 670 1556 1034 1613; x_wconf 85' lang='lat' dir='ltr'><strong>imbecillibus</strong></span> <span class='ocrx_word' id='word_1_72' title='bbox 1068 1560 1389 1625; x_wconf 83' lang='lat' dir='ltr'><strong>rationibus,</strong></span> <span class='ocrx_word' id='word_1_73' title='bbox 1420 1562 1587 1617; x_wconf 84' lang='lat' dir='ltr'><strong>veluti</strong></span> <span class='ocrx_word' id='word_1_74' title='bbox 1623 1566 2037 1623; x_wconf 81' lang='lat' dir='ltr'><strong>arundineoba-</strong></span> 
     </span>
    </p>
   </div>
   <div class='ocr_carea' id='block_1_14' title="bbox 479 1646 2037 1726">
    <p class='ocr_par' dir='ltr' id='par_1_14' title="bbox 479 1646 2037 1726">
     <span class='ocr_line' id='line_1_14' title="bbox 479 1646 2037 1726; baseline 0.013 -26"><span class='ocrx_word' id='word_1_75' title='bbox 479 1646 624 1712; x_wconf 89' lang='lat' dir='ltr'><strong>culo,</strong></span> <span class='ocrx_word' id='word_1_76' title='bbox 671 1649 998 1705; x_wconf 88' lang='lat' dir='ltr'><strong>innitamini.</strong></span> <span class='ocrx_word' id='word_1_77' title='bbox 1058 1652 1240 1707; x_wconf 85' lang='lat' dir='ltr'><strong>Solam</strong></span> <span class='ocrx_word' id='word_1_78' title='bbox 1293 1655 1437 1709; x_wconf 83' lang='lat' dir='ltr'><strong>illam</strong></span> <span class='ocrx_word' id='word_1_79' title='bbox 1492 1656 1630 1711; x_wconf 88' lang='lat' dir='ltr'><strong>diem</strong></span> <span class='ocrx_word' id='word_1_80' title='bbox 1686 1658 1936 1726; x_wconf 79' lang='lat' dir='ltr'><strong>ignorare</strong></span> <span class='ocrx_word' id='word_1_81' title='bbox 1976 1679 2037 1720; x_wconf 87' lang='lat' dir='ltr'><strong>se</strong></span> 
     </span>
    </p>
   </div>
   <div class='ocr_carea' id='block_1_15' title="bbox 479 1736 2036 1818">
    <p class='ocr_par' dir='ltr' id='par_1_15' title="bbox 479 1736 2036 1818">
     <span class='ocr_line' id='line_1_15' title="bbox 479 1736 2036 1818; baseline 0.011 -26"><span class='ocrx_word' id='word_1_82' title='bbox 479 1737 615 1792; x_wconf 78' lang='lat' dir='ltr'><strong>dixit</strong></span> <span class='ocrx_word' id='word_1_83' title='bbox 648 1736 862 1796; x_wconf 84' lang='lat' dir='ltr'><strong>Filius:</strong></span> <span class='ocrx_word' id='word_1_84' title='bbox 895 1756 1023 1811; x_wconf 86' lang='lat' dir='ltr'><strong>ergo</strong></span> <span class='ocrx_word' id='word_1_85' title='bbox 1068 1744 1113 1796; x_wconf 90' lang='lat' dir='ltr'><strong>si</strong></span> <span class='ocrx_word' id='word_1_86' title='bbox 1165 1743 1333 1799; x_wconf 88' lang='lat' dir='ltr'><strong>solam</strong></span> <span class='ocrx_word' id='word_1_87' title='bbox 1380 1747 1518 1801; x_wconf 90' lang='lat' dir='ltr'><strong>hanc</strong></span> <span class='ocrx_word' id='word_1_88' title='bbox 1560 1748 1848 1818; x_wconf 79' lang='lat' dir='ltr'><strong>ignoravit,</strong></span> <span class='ocrx_word' id='word_1_89' title='bbox 1887 1754 2036 1809; x_wconf 82' lang='lat' dir='ltr'><strong>novit</strong></span> 
     </span>
    </p>
   </div>
   <div class='ocr_carea' id='block_1_16' title="bbox 1487 389 2711 449">
    <p class='ocr_par' dir='ltr' id='par_1_16' title="bbox 1487 389 2711 449">
     <span class='ocr_line' id='line_1_16' title="bbox 1487 389 2711 449; baseline -0.001 -2"><span class='ocrx_word' id='word_1_90' title='bbox 1487 391 1545 447; x_wconf 84' lang='lat' dir='ltr'><strong>S.</strong></span> <span class='ocrx_word' id='word_1_91' title='bbox 1586 390 1853 447; x_wconf 70' lang='lat' dir='ltr'><strong>CYRILLI</strong></span> <span class='ocrx_word' id='word_1_92' title='bbox 1890 389 2364 449; x_wconf 71' lang='lat' dir='ltr'><strong>ALEXANDRINI&#39;</strong></span> <span class='ocrx_word' id='word_1_93' title='bbox 2391 389 2711 448; x_wconf 69' lang='lat' dir='ltr'><strong>ARCHIEP.</strong></span> 
     </span>
    </p>
   </div>
   <div class='ocr_carea' id='block_1_17' title="bbox 2089 504 3056 565">
    <p class='ocr_par' dir='ltr' id='par_1_17' title="bbox 2089 504 3056 565">
     <span class='ocr_line' id='line_1_17' title="bbox 2089 504 3056 565; baseline -0.008 0"><span class='ocrx_word' id='word_1_94' title='bbox 2089 510 2137 565; x_wconf 75' lang='grc' dir='ltr'><strong>Λ</strong></span> <span class='ocrx_word' id='word_1_95' title='bbox 2854 504 3056 558; x_wconf 78' lang='grc' dir='ltr'><strong>ΔΛΛΟ.</strong></span> 
     </span>
    </p>
   </div>
   <div class='ocr_carea' id='block_1_18' title="bbox 2233 613 3733 687">
    <p class='ocr_par' dir='ltr' id='par_1_18' title="bbox 2233 613 3733 687">
     <span class='ocr_line' id='line_1_18' title="bbox 2233 613 3733 687; baseline 0.002 -17"><span class='ocrx_word' id='word_1_96' title='bbox 2233 617 2296 670; x_wconf 83' lang='grc' dir='ltr'>Εἰ</span> <span class='ocrx_word' id='word_1_97' title='bbox 2314 616 2568 687; x_wconf 77' lang='grc' dir='ltr'><strong>ἀληθεύει</strong></span> <span class='ocrx_word' id='word_1_98' title='bbox 2598 616 2819 682; x_wconf 78' lang='grc' dir='ltr'>λέγωνό</span> <span class='ocrx_word' id='word_1_99' title='bbox 2845 613 3077 678; x_wconf 83' lang='grc' dir='ltr'>Παῦλος,</span> <span class='ocrx_word' id='word_1_100' title='bbox 3105 614 3190 667; x_wconf 78' lang='grc' dir='ltr'>ὅτι</span> <span class='ocrx_word' id='word_1_101' title='bbox 3216 615 3394 671; x_wconf 76' lang='grc' dir='ltr'>πάντα</span> <span class='ocrx_word' id='word_1_102' title='bbox 3426 617 3607 687; x_wconf 80' lang='grc' dir='ltr'>γυμνὰ</span> <span class='ocrx_word' id='word_1_103' title='bbox 3641 618 3733 673; x_wconf 81' lang='grc' dir='ltr'><strong>καὶ</strong></span> 
     </span>
    </p>
   </div>
   <div class='ocr_carea' id='block_1_19' title="bbox 2158 704 3732 778">
    <p class='ocr_par' dir='ltr' id='par_1_19' title="bbox 2158 704 3732 778">
     <span class='ocr_line' id='line_1_19' title="bbox 2158 704 3732 778; baseline 0.001 -18"><span class='ocrx_word' id='word_1_104' title='bbox 2158 707 2623 778; x_wconf 67' lang='grc' dir='ltr'><strong>τετραχηλισμένα</strong></span> <span class='ocrx_word' id='word_1_105' title='bbox 2677 704 2909 760; x_wconf 72' lang='grc' dir='ltr'>ἐνώπιον</span> <span class='ocrx_word' id='word_1_106' title='bbox 2965 705 3130 759; x_wconf 84' lang='grc' dir='ltr'>αὐτοῦ</span> <span class='ocrx_word' id='word_1_107' title='bbox 3186 706 3326 771; x_wconf 62' lang='grc' dir='ltr'>ἔστι,</span> <span class='ocrx_word' id='word_1_108' title='bbox 3361 708 3490 776; x_wconf 73' lang='grc' dir='ltr'>περὶ</span> <span class='ocrx_word' id='word_1_109' title='bbox 3536 708 3593 762; x_wconf 70' lang='grc' dir='ltr'><strong>δὲ</strong></span> <span class='ocrx_word' id='word_1_110' title='bbox 3639 707 3732 762; x_wconf 88' lang='grc' dir='ltr'><strong>τοῦ</strong></span> 
     </span>
    </p>
   </div>
   <div class='ocr_carea' id='block_1_20' title="bbox 2155 796 3731 871">
    <p class='ocr_par' dir='ltr' id='par_1_20' title="bbox 2155 796 3731 871">
     <span class='ocr_line' id='line_1_20' title="bbox 2155 796 3731 871; baseline 0.003 -22"><span class='ocrx_word' id='word_1_111' title='bbox 2155 797 2284 851; x_wconf 80' lang='grc' dir='ltr'><strong>Υἱοῦ</strong></span> <span class='ocrx_word' id='word_1_112' title='bbox 2302 797 2542 867; x_wconf 82' lang='grc' dir='ltr'>δηλονότι</span> <span class='ocrx_word' id='word_1_113' title='bbox 2572 798 2752 869; x_wconf 75' lang='grc' dir='ltr'>φησὶν,</span> <span class='ocrx_word' id='word_1_114' title='bbox 2777 796 2835 850; x_wconf 69' lang='grc' dir='ltr'>ἓν</span> <span class='ocrx_word' id='word_1_115' title='bbox 2880 798 2937 851; x_wconf 74' lang='grc' dir='ltr'><strong>δι</strong></span> <span class='ocrx_word' id='word_1_116' title='bbox 2973 796 3080 851; x_wconf 89' lang='grc' dir='ltr'><strong>τῶν</strong></span> <span class='ocrx_word' id='word_1_117' title='bbox 3129 798 3347 853; x_wconf 76' lang='grc' dir='ltr'>πάντων</span> <span class='ocrx_word' id='word_1_118' title='bbox 3385 800 3477 855; x_wconf 80' lang='grc' dir='ltr'><strong>καὶ</strong></span> <span class='ocrx_word' id='word_1_119' title='bbox 3531 802 3564 871; x_wconf 78' lang='grc' dir='ltr'><strong>ἡ</strong></span> <span class='ocrx_word' id='word_1_120' title='bbox 3614 799 3731 871; x_wconf 88' lang='grc' dir='ltr'><strong>ῶρα</strong></span> 
     </span>
    </p>
   </div>
   <div class='ocr_carea' id='block_1_21' title="bbox 2154 886 3733 961">
    <p class='ocr_par' dir='ltr' id='par_1_21' title="bbox 2154 886 3733 961">
     <span class='ocr_line' id='line_1_21' title="bbox 2154 886 3733 961; baseline 0.005 -21"><span class='ocrx_word' id='word_1_121' title='bbox 2154 888 2357 956; x_wconf 70' lang='grc' dir='ltr'><strong>ἐκείνη,</strong></span> <span class='ocrx_word' id='word_1_122' title='bbox 2386 886 2505 950; x_wconf 75' lang='grc' dir='ltr'><strong>πῶς</strong></span> <span class='ocrx_word' id='word_1_123' title='bbox 2532 888 2717 955; x_wconf 79' lang='grc' dir='ltr'>ἀγνοεῖ</span> <span class='ocrx_word' id='word_1_124' title='bbox 2736 886 2949 958; x_wconf 83' lang='grc' dir='ltr'>ταύτην</span> <span class='ocrx_word' id='word_1_125' title='bbox 2969 888 3001 940; x_wconf 99' lang='lat'><strong>6</strong></span> <span class='ocrx_word' id='word_1_126' title='bbox 3043 888 3103 941; x_wconf 73' lang='grc' dir='ltr'><strong>ἰν</strong></span> <span class='ocrx_word' id='word_1_127' title='bbox 3158 886 3455 958; x_wconf 73' lang='grc' dir='ltr'><strong>ὀφθαλμοῖς</strong></span> <span class='ocrx_word' id='word_1_128' title='bbox 3475 889 3615 961; x_wconf 71' lang='grc' dir='ltr'><strong>ἔχων</strong></span> <span class='ocrx_word' id='word_1_129' title='bbox 3664 889 3733 948; x_wconf 65' lang='grc' dir='ltr'>τὰ</span> 
     </span>
    </p>
   </div>
   <div class='ocr_carea' id='block_1_22' title="bbox 2152 974 2849 1046">
    <p class='ocr_par' dir='ltr' id='par_1_22' title="bbox 2152 974 2849 1046">
     <span class='ocr_line' id='line_1_22' title="bbox 2152 974 2849 1046; baseline 0 -18"><span class='ocrx_word' id='word_1_130' title='bbox 2152 974 2327 1029; x_wconf 76' lang='grc' dir='ltr'>πάντα</span> <span class='ocrx_word' id='word_1_131' title='bbox 2346 974 2813 1046; x_wconf 70' lang='grc' dir='ltr'><strong>τετραχηλισμένα</strong></span> <span class='ocrx_word' id='word_1_132' title='bbox 2833 992 2849 1041; x_wconf 90' lang='lat'><strong>;</strong></span> 
     </span>
    </p>
   </div>
   <div class='ocr_carea' id='block_1_23' title="bbox 2843 1084 3044 1139">
    <p class='ocr_par' dir='ltr' id='par_1_23' title="bbox 2843 1084 3044 1139">
     <span class='ocr_line' id='line_1_23' title="bbox 2843 1084 3044 1139; baseline 0 0"><span class='ocrx_word' id='word_1_133' title='bbox 2843 1084 3044 1139; x_wconf 77' lang='grc' dir='ltr'><strong>ΔΛΛοι</strong></span> 
     </span>
    </p>
   </div>
   <div class='ocr_carea' id='block_1_24' title="bbox 2217 1190 3728 1269">
    <p class='ocr_par' dir='ltr' id='par_1_24' title="bbox 2217 1190 3728 1269">
     <span class='ocr_line' id='line_1_24' title="bbox 2217 1190 3728 1269; baseline 0.005 -24"><span class='ocrx_word' id='word_1_134' title='bbox 2217 1194 2279 1245; x_wconf 85' lang='grc' dir='ltr'>Εἰ</span> <span class='ocrx_word' id='word_1_135' title='bbox 2308 1193 2383 1265; x_wconf 81' lang='grc' dir='ltr'>μὴ</span> <span class='ocrx_word' id='word_1_136' title='bbox 2404 1194 2685 1266; x_wconf 80' lang='grc' dir='ltr'>δύσφημον</span> <span class='ocrx_word' id='word_1_137' title='bbox 2709 1190 2849 1248; x_wconf 75' lang='grc' dir='ltr'>εἶναι</span> <span class='ocrx_word' id='word_1_138' title='bbox 2877 1194 3162 1251; x_wconf 81' lang='grc' dir='ltr'>πιστεύετε</span> <span class='ocrx_word' id='word_1_139' title='bbox 3199 1196 3263 1251; x_wconf 82' lang='grc' dir='ltr'>τὸ</span> <span class='ocrx_word' id='word_1_140' title='bbox 3306 1197 3485 1267; x_wconf 83' lang='grc' dir='ltr'>λέγειν</span> <span class='ocrx_word' id='word_1_141' title='bbox 3528 1201 3728 1269; x_wconf 71' lang='grc' dir='ltr'>ἠγνοη-</span> 
     </span>
    </p>
   </div>
   <div class='ocr_carea' id='block_1_25' title="bbox 2148 1282 3727 1359">
    <p class='ocr_par' dir='ltr' id='par_1_25' title="bbox 2148 1282 3727 1359">
     <span class='ocr_line' id='line_1_25' title="bbox 2148 1282 3727 1359; baseline 0.004 -23"><span class='ocrx_word' id='word_1_142' title='bbox 2148 1282 2298 1338; x_wconf 77' lang='grc' dir='ltr'>κέναι</span> <span class='ocrx_word' id='word_1_143' title='bbox 2330 1301 2383 1337; x_wconf 89' lang='grc' dir='ltr'><strong>τι</strong></span> <span class='ocrx_word' id='word_1_144' title='bbox 2404 1284 2509 1338; x_wconf 87' lang='grc' dir='ltr'><strong>τῶν</strong></span> <span class='ocrx_word' id='word_1_145' title='bbox 2536 1285 2704 1339; x_wconf 77' lang='grc' dir='ltr'>ὄντων</span> <span class='ocrx_word' id='word_1_146' title='bbox 2731 1285 2821 1339; x_wconf 73' lang='grc' dir='ltr'>τὸν</span> <span class='ocrx_word' id='word_1_147' title='bbox 2848 1285 2995 1349; x_wconf 82' lang='grc' dir='ltr'>Υἰδν,</span> <span class='ocrx_word' id='word_1_148' title='bbox 3031 1287 3222 1356; x_wconf 70' lang='grc' dir='ltr'>ἐχέτω,</span> <span class='ocrx_word' id='word_1_149' title='bbox 3263 1288 3386 1341; x_wconf 82' lang='grc' dir='ltr'>καθ’</span> <span class='ocrx_word' id='word_1_150' title='bbox 3419 1289 3592 1359; x_wconf 75' lang='grc' dir='ltr'>ὑμᾶς,</span> <span class='ocrx_word' id='word_1_151' title='bbox 3632 1290 3727 1343; x_wconf 82' lang='grc' dir='ltr'><strong>καὶ</strong></span> 
     </span>
    </p>
   </div>
   <div class='ocr_carea' id='block_1_26' title="bbox 2144 1372 3725 1445">
    <p class='ocr_par' dir='ltr' id='par_1_26' title="bbox 2144 1372 3725 1445">
     <span class='ocr_line' id='line_1_26' title="bbox 2144 1372 3725 1445; baseline 0.003 -20"><span class='ocrx_word' id='word_1_152' title='bbox 2144 1372 2337 1437; x_wconf 78' lang='grc' dir='ltr'>οὕτως.</span> <span class='ocrx_word' id='word_1_153' title='bbox 2379 1374 2518 1427; x_wconf 82' lang='grc' dir='ltr'>Ἀλλ’</span> <span class='ocrx_word' id='word_1_154' title='bbox 2547 1374 2778 1445; x_wconf 80' lang='grc' dir='ltr'>εἰδῶμεν</span> <span class='ocrx_word' id='word_1_155' title='bbox 2833 1376 2882 1427; x_wconf 87' lang='grc' dir='ltr'><strong>εἰ</strong></span> <span class='ocrx_word' id='word_1_156' title='bbox 2924 1375 2999 1445; x_wconf 78' lang='grc' dir='ltr'>μὴ</span> <span class='ocrx_word' id='word_1_157' title='bbox 3041 1375 3343 1445; x_wconf 83' lang='grc' dir='ltr'>σφὰλλεσθε</span> <span class='ocrx_word' id='word_1_158' title='bbox 3382 1376 3449 1429; x_wconf 78' lang='grc' dir='ltr'><strong>τὰ</strong></span> <span class='ocrx_word' id='word_1_159' title='bbox 3497 1375 3725 1429; x_wconf 82' lang='grc' dir='ltr'>τοιαῦτα</span> 
     </span>
    </p>
   </div>
   <div class='ocr_carea' id='block_1_27' title="bbox 2144 1466 3721 1539">
    <p class='ocr_par' dir='ltr' id='par_1_27' title="bbox 2144 1466 3721 1539">
     <span class='ocr_line' id='line_1_27' title="bbox 2144 1466 3721 1539; baseline 0.003 -21"><span class='ocrx_word' id='word_1_160' title='bbox 2144 1466 2465 1537; x_wconf 80' lang='grc' dir='ltr'><strong>φρονοῦντες</strong></span> <span class='ocrx_word' id='word_1_161' title='bbox 2519 1468 2649 1536; x_wconf 74' lang='grc' dir='ltr'>περὶ</span> <span class='ocrx_word' id='word_1_162' title='bbox 2699 1466 2884 1519; x_wconf 83' lang='grc' dir='ltr'>αὑτοῦ·</span> <span class='ocrx_word' id='word_1_163' title='bbox 2920 1466 2979 1535; x_wconf 68' lang='grc' dir='ltr'><strong>ἐξ</strong></span> <span class='ocrx_word' id='word_1_164' title='bbox 3026 1467 3191 1521; x_wconf 82' lang='grc' dir='ltr'>αὐτοῦ</span> <span class='ocrx_word' id='word_1_165' title='bbox 3247 1467 3599 1539; x_wconf 82' lang='grc' dir='ltr'>θεωρήσομεν</span> <span class='ocrx_word' id='word_1_166' title='bbox 3626 1467 3721 1522; x_wconf 89' lang='grc' dir='ltr'><strong>τοῦ</strong></span> 
     </span>
    </p>
   </div>
   <div class='ocr_carea' id='block_1_28' title="bbox 2144 1557 3714 1630">
    <p class='ocr_par' dir='ltr' id='par_1_28' title="bbox 2144 1557 3714 1630">
     <span class='ocr_line' id='line_1_28' title="bbox 2144 1557 3714 1630; baseline 0.002 -21"><span class='ocrx_word' id='word_1_167' title='bbox 2144 1557 2487 1627; x_wconf 80' lang='grc' dir='ltr'>πράγματος,</span> <span class='ocrx_word' id='word_1_168' title='bbox 2516 1559 2565 1609; x_wconf 86' lang='grc' dir='ltr'><strong>εἰ</strong></span> <span class='ocrx_word' id='word_1_169' title='bbox 2596 1559 2671 1629; x_wconf 78' lang='grc' dir='ltr'>μὴ</span> <span class='ocrx_word' id='word_1_170' title='bbox 2698 1557 3055 1630; x_wconf 81' lang='grc' dir='ltr'>σαθροτάταις</span> <span class='ocrx_word' id='word_1_171' title='bbox 3085 1557 3309 1622; x_wconf 71' lang='grc' dir='ltr'>ἐννοίαις</span> <span class='ocrx_word' id='word_1_172' title='bbox 3344 1558 3714 1630; x_wconf 75' lang='grc' dir='ltr'>ἑπερείδεσθε,</span> 
     </span>
    </p>
   </div>
   <div class='ocr_carea' id='block_1_29' title="bbox 2142 1646 3715 1719">
    <p class='ocr_par' dir='ltr' id='par_1_29' title="bbox 2142 1646 3715 1719">
     <span class='ocr_line' id='line_1_29' title="bbox 2142 1646 3715 1719; baseline 0.003 -20"><span class='ocrx_word' id='word_1_173' title='bbox 2142 1646 2447 1717; x_wconf 83' lang='grc' dir='ltr'>καλαμίνην</span> <span class='ocrx_word' id='word_1_174' title='bbox 2474 1647 2661 1718; x_wconf 84' lang='grc' dir='ltr'>ὥσπερ</span> <span class='ocrx_word' id='word_1_175' title='bbox 2691 1648 2902 1712; x_wconf 77' lang='grc' dir='ltr'>ἑαυτοῖς</span> <span class='ocrx_word' id='word_1_176' title='bbox 2944 1648 3236 1712; x_wconf 81' lang='grc' dir='ltr'>ὑποθέντες</span> <span class='ocrx_word' id='word_1_177' title='bbox 3270 1649 3369 1719; x_wconf 77' lang='grc' dir='ltr'>τὴν</span> <span class='ocrx_word' id='word_1_178' title='bbox 3394 1647 3715 1718; x_wconf 72' lang='grc' dir='ltr'>βακτηρίαν.</span> 
     </span>
    </p>
   </div>
   <div class='ocr_carea' id='block_1_30' title="bbox 2138 1738 3714 1811">
    <p class='ocr_par' dir='ltr' id='par_1_30' title="bbox 2138 1738 3714 1811">
     <span class='ocr_line' id='line_1_30' title="bbox 2138 1738 3714 1811; baseline 0.001 -20"><span class='ocrx_word' id='word_1_179' title='bbox 2138 1738 2323 1809; x_wconf 71' lang='grc' dir='ltr'>Μόνην</span> <span class='ocrx_word' id='word_1_180' title='bbox 2344 1738 2513 1808; x_wconf 71' lang='grc' dir='ltr'>ἔφησε</span> <span class='ocrx_word' id='word_1_181' title='bbox 2564 1738 2660 1809; x_wconf 83' lang='grc' dir='ltr'>τὴν</span> <span class='ocrx_word' id='word_1_182' title='bbox 2696 1739 2913 1811; x_wconf 80' lang='grc' dir='ltr'>ἡμέραν</span> <span class='ocrx_word' id='word_1_183' title='bbox 2962 1740 3177 1810; x_wconf 72' lang='grc' dir='ltr'>ἐκείνην</span> <span class='ocrx_word' id='word_1_184' title='bbox 3226 1740 3441 1807; x_wconf 81' lang='grc' dir='ltr'>ἀγνοεῖν</span> <span class='ocrx_word' id='word_1_185' title='bbox 3492 1740 3522 1792; x_wconf 94' lang='lat'><strong>6</strong></span> <span class='ocrx_word' id='word_1_186' title='bbox 3564 1738 3714 1803; x_wconf 81' lang='grc' dir='ltr'>Υἰός·</span> 
     </span>
    </p>
   </div>
   <div class='ocr_carea' id='block_1_31' title="bbox 476 1825 2021 1914">
    <p class='ocr_par' dir='ltr' id='par_1_31' title="bbox 476 1830 2021 1914">
     <span class='ocr_line' id='line_1_31' title="bbox 476 1830 2021 1914; baseline 0.012 -32"><span class='ocrx_word' id='word_1_187' title='bbox 476 1837 625 1883; x_wconf 88' lang='lat' dir='ltr'><strong>certe</strong></span> <span class='ocrx_word' id='word_1_188' title='bbox 656 1830 830 1897; x_wconf 85' lang='lat' dir='ltr'><strong>alias;</strong></span> <span class='ocrx_word' id='word_1_189' title='bbox 871 1833 1019 1900; x_wconf 91' lang='lat' dir='ltr'><strong>atqui</strong></span> <span class='ocrx_word' id='word_1_190' title='bbox 1054 1834 1106 1887; x_wconf 89' lang='lat' dir='ltr'><strong>in</strong></span> <span class='ocrx_word' id='word_1_191' title='bbox 1136 1834 1219 1889; x_wconf 82' lang='lat' dir='ltr'><strong>his</strong></span> <span class='ocrx_word' id='word_1_192' title='bbox 1243 1836 1407 1891; x_wconf 85' lang='lat' dir='ltr'><strong>etiam</strong></span> <span class='ocrx_word' id='word_1_193' title='bbox 1433 1838 1537 1892; x_wconf 87' lang='lat' dir='ltr'><strong>erit</strong></span> <span class='ocrx_word' id='word_1_194' title='bbox 1562 1855 1681 1909; x_wconf 73' lang='lat' dir='ltr'><strong>qua:</strong></span> <span class='ocrx_word' id='word_1_195' title='bbox 1722 1840 1866 1896; x_wconf 83' lang='lat' dir='ltr'><strong>illam</strong></span> <span class='ocrx_word' id='word_1_196' title='bbox 1897 1860 2021 1914; x_wconf 68' lang='lat' dir='ltr'><strong>pra-</strong></span> 
     </span>
    </p>
   </div>
   <div class='ocr_carea' id='block_1_32' title="bbox 2136 1825 3719 1914">
    <p class='ocr_par' dir='ltr' id='par_1_32' title="bbox 2136 1825 3719 1900">
     <span class='ocr_line' id='line_1_32' title="bbox 2136 1825 3719 1900; baseline 0.001 -17"><span class='ocrx_word' id='word_1_197' title='bbox 2136 1827 2329 1883; x_wconf 82' lang='grc' dir='ltr'>οὐκοῦν</span> <span class='ocrx_word' id='word_1_198' title='bbox 2351 1831 2399 1883; x_wconf 91' lang='grc' dir='ltr'><strong>εἰ</strong></span> <span class='ocrx_word' id='word_1_199' title='bbox 2429 1830 2596 1900; x_wconf 83' lang='grc' dir='ltr'>μόνην</span> <span class='ocrx_word' id='word_1_200' title='bbox 2629 1831 2844 1900; x_wconf 72' lang='grc' dir='ltr'>εκείνην</span> <span class='ocrx_word' id='word_1_201' title='bbox 2886 1832 3086 1900; x_wconf 73' lang='grc' dir='ltr'>ἀγνοεῖ.</span> <span class='ocrx_word' id='word_1_202' title='bbox 3121 1825 3233 1884; x_wconf 83' lang='grc' dir='ltr'>οῐδε</span> <span class='ocrx_word' id='word_1_203' title='bbox 3290 1830 3388 1892; x_wconf 80' lang='grc' dir='ltr'>τὰς</span> <span class='ocrx_word' id='word_1_204' title='bbox 3418 1829 3605 1893; x_wconf 75' lang='grc' dir='ltr'>ἄλλαςο</span> <span class='ocrx_word' id='word_1_205' title='bbox 3657 1832 3719 1885; x_wconf 72' lang='grc' dir='ltr'><strong>ιν</strong></span> 
     </span>
    </p>
   </div>
   <div class='ocr_carea' id='block_1_33' title="bbox 474 1920 2033 2001">
    <p class='ocr_par' dir='ltr' id='par_1_33' title="bbox 474 1920 2033 2001">
     <span class='ocr_line' id='line_1_33' title="bbox 474 1920 2033 2001; baseline 0.012 -28"><span class='ocrx_word' id='word_1_206' title='bbox 474 1920 659 1973; x_wconf 81' lang='lat' dir='ltr'><strong>cessit.</strong></span> <span class='ocrx_word' id='word_1_207' title='bbox 706 1920 774 1974; x_wconf 85' lang='lat' dir='ltr'><strong>At</strong></span> <span class='ocrx_word' id='word_1_208' title='bbox 818 1922 863 1975; x_wconf 89' lang='lat' dir='ltr'><strong>si</strong></span> <span class='ocrx_word' id='word_1_209' title='bbox 904 1936 1021 1976; x_wconf 83' lang='lat' dir='ltr'><strong>eam</strong></span> <span class='ocrx_word' id='word_1_210' title='bbox 1056 1938 1173 1990; x_wconf 69' lang='lat' dir='ltr'><strong>quae</strong></span> <span class='ocrx_word' id='word_1_211' title='bbox 1222 1928 1497 1993; x_wconf 62' lang='lat' dir='ltr'><strong>praecessit</strong></span> <span class='ocrx_word' id='word_1_212' title='bbox 1549 1931 1714 1995; x_wconf 75' lang='lat' dir='ltr'><strong>novit,</strong></span> <span class='ocrx_word' id='word_1_213' title='bbox 1762 1934 2033 2001; x_wconf 85' lang='lat' dir='ltr'><strong>quomodo</strong></span> 
     </span>
    </p>
   </div>
   <div class='ocr_carea' id='block_1_34' title="bbox 472 2008 2037 2092">
    <p class='ocr_par' dir='ltr' id='par_1_34' title="bbox 472 2008 2037 2092">
     <span class='ocr_line' id='line_1_34' title="bbox 472 2008 2037 2092; baseline 0.011 -29"><span class='ocrx_word' id='word_1_214' title='bbox 472 2025 581 2064; x_wconf 85' lang='lat' dir='ltr'><strong>non</strong></span> <span class='ocrx_word' id='word_1_215' title='bbox 625 2010 831 2065; x_wconf 84' lang='lat' dir='ltr'><strong>noverit</strong></span> <span class='ocrx_word' id='word_1_216' title='bbox 870 2013 1016 2082; x_wconf 88' lang='lat' dir='ltr'><strong>quod</strong></span> <span class='ocrx_word' id='word_1_217' title='bbox 1062 2015 1206 2069; x_wconf 88' lang='lat' dir='ltr'><strong>illam</strong></span> <span class='ocrx_word' id='word_1_218' title='bbox 1235 2008 1602 2086; x_wconf 81' lang='lat' dir='ltr'><strong>quam’novit,</strong></span> <span class='ocrx_word' id='word_1_219' title='bbox 1632 2020 1719 2075; x_wconf 86' lang='lat' dir='ltr'><strong>illa</strong></span> <span class='ocrx_word' id='word_1_220' title='bbox 1747 2039 1931 2092; x_wconf 89' lang='lat' dir='ltr'><strong>quam,</strong></span> <span class='ocrx_word' id='word_1_221' title='bbox 1974 2035 2037 2080; x_wconf 89' lang='lat' dir='ltr'><strong>ut</strong></span> 
     </span>
    </p>
   </div>
   <div class='ocr_carea' id='block_1_35' title="bbox 470 2101 2030 2176">
    <p class='ocr_par' dir='ltr' id='par_1_35' title="bbox 470 2101 2030 2176">
     <span class='ocr_line' id='line_1_35' title="bbox 470 2101 2030 2176; baseline 0.012 -22"><span class='ocrx_word' id='word_1_222' title='bbox 470 2115 571 2156; x_wconf 78' lang='lat' dir='ltr'><strong>vos</strong></span> <span class='ocrx_word' id='word_1_223' title='bbox 602 2101 807 2165; x_wconf 87' lang='lat' dir='ltr'><strong>dicitis,</strong></span> <span class='ocrx_word' id='word_1_224' title='bbox 842 2118 949 2158; x_wconf 91' lang='lat' dir='ltr'><strong>non</strong></span> <span class='ocrx_word' id='word_1_225' title='bbox 995 2106 1166 2169; x_wconf 86' lang='lat' dir='ltr'><strong>novit,</strong></span> <span class='ocrx_word' id='word_1_226' title='bbox 1201 2118 1478 2176; x_wconf 80' lang='lat' dir='ltr'><strong>sequatur.</strong></span> <span class='ocrx_word' id='word_1_227' title='bbox 1505 2109 1733 2166; x_wconf 85' lang='lat' dir='ltr'><strong>Perinde</strong></span> <span class='ocrx_word' id='word_1_228' title='bbox 1759 2117 1899 2169; x_wconf 87' lang='lat' dir='ltr'><strong>enim</strong></span> <span class='ocrx_word' id='word_1_229' title='bbox 1931 2119 2030 2173; x_wconf 88' lang='lat' dir='ltr'><strong>hoc</strong></span> 
     </span>
    </p>
   </div>
   <div class='ocr_carea' id='block_1_36' title="bbox 471 2190 2027 2270">
    <p class='ocr_par' dir='ltr' id='par_1_36' title="bbox 471 2190 2027 2270">
     <span class='ocr_line' id='line_1_36' title="bbox 471 2190 2027 2270; baseline 0.011 -27"><span class='ocrx_word' id='word_1_230' title='bbox 471 2198 555 2243; x_wconf 79' lang='lat' dir='ltr'><strong>est</strong></span> <span class='ocrx_word' id='word_1_231' title='bbox 580 2204 645 2243; x_wconf 87' lang='lat' dir='ltr'><strong>ac</strong></span> <span class='ocrx_word' id='word_1_232' title='bbox 674 2190 719 2244; x_wconf 88' lang='lat' dir='ltr'><strong>si</strong></span> <span class='ocrx_word' id='word_1_233' title='bbox 746 2190 868 2259; x_wconf 88' lang='lat' dir='ltr'><strong>quis</strong></span> <span class='ocrx_word' id='word_1_234' title='bbox 893 2191 1059 2259; x_wconf 82' lang='lat' dir='ltr'><strong>dicat,</strong></span> <span class='ocrx_word' id='word_1_235' title='bbox 1080 2194 1309 2261; x_wconf 88' lang='lat' dir='ltr'><strong>aliquem</strong></span> <span class='ocrx_word' id='word_1_236' title='bbox 1335 2197 1584 2265; x_wconf 89' lang='lat' dir='ltr'><strong>ignorare</strong></span> <span class='ocrx_word' id='word_1_237' title='bbox 1601 2201 1810 2270; x_wconf 86' lang='lat' dir='ltr'><strong>qualem</strong></span> <span class='ocrx_word' id='word_1_238' title='bbox 1834 2203 2027 2259; x_wconf 73' lang='lat' dir='ltr'><strong>deﬁni-</strong></span> 
     </span>
    </p>
   </div>
   <div class='ocr_carea' id='block_1_37' title="bbox 470 2280 2024 2359">
    <p class='ocr_par' dir='ltr' id='par_1_37' title="bbox 470 2280 2024 2359">
     <span class='ocr_line' id='line_1_37' title="bbox 470 2280 2024 2359; baseline 0.014 -26"><span class='ocrx_word' id='word_1_239' title='bbox 470 2280 673 2334; x_wconf 89' lang='lat' dir='ltr'><strong>tionem</strong></span> <span class='ocrx_word' id='word_1_240' title='bbox 711 2281 907 2337; x_wconf 81' lang='lat' dir='ltr'><strong>habeat</strong></span> <span class='ocrx_word' id='word_1_241' title='bbox 931 2299 1192 2342; x_wconf 85' lang='lat' dir='ltr'><strong>numerus</strong></span> <span class='ocrx_word' id='word_1_242' title='bbox 1220 2287 1495 2355; x_wconf 87' lang='lat' dir='ltr'><strong>denarius,</strong></span> <span class='ocrx_word' id='word_1_243' title='bbox 1522 2291 1614 2359; x_wconf 89' lang='lat' dir='ltr'><strong>qui</strong></span> <span class='ocrx_word' id='word_1_244' title='bbox 1640 2293 1783 2347; x_wconf 84' lang='lat' dir='ltr'><strong>norit</strong></span> <span class='ocrx_word' id='word_1_245' title='bbox 1811 2310 2024 2354; x_wconf 77' lang='lat' dir='ltr'><strong>novem.</strong></span> 
     </span>
    </p>
   </div>
   <div class='ocr_carea' id='block_1_38' title="bbox 467 2369 2026 2454">
    <p class='ocr_par' dir='ltr' id='par_1_38' title="bbox 467 2369 2026 2454">
     <span class='ocr_line' id='line_1_38' title="bbox 467 2369 2026 2454; baseline 0.01 -28"><span class='ocrx_word' id='word_1_246' title='bbox 467 2369 808 2427; x_wconf 66' lang='lat' dir='ltr'><strong>Manifestum</strong></span> <span class='ocrx_word' id='word_1_247' title='bbox 835 2374 975 2429; x_wconf 90' lang='lat' dir='ltr'><strong>enim</strong></span> <span class='ocrx_word' id='word_1_248' title='bbox 1010 2384 1095 2429; x_wconf 88' lang='lat' dir='ltr'><strong>est</strong></span> <span class='ocrx_word' id='word_1_249' title='bbox 1128 2378 1310 2431; x_wconf 80' lang='lat' dir='ltr'><strong>statim</strong></span> <span class='ocrx_word' id='word_1_250' title='bbox 1345 2389 1467 2448; x_wconf 86' lang='lat' dir='ltr'><strong>post</strong></span> <span class='ocrx_word' id='word_1_251' title='bbox 1506 2396 1693 2437; x_wconf 80' lang='lat' dir='ltr'><strong>novem</strong></span> <span class='ocrx_word' id='word_1_252' title='bbox 1739 2387 1890 2454; x_wconf 87' lang='lat' dir='ltr'><strong>sequi</strong></span> <span class='ocrx_word' id='word_1_253' title='bbox 1932 2387 2026 2441; x_wconf 86' lang='lat' dir='ltr'><strong>de-</strong></span> 
     </span>
    </p>
   </div>
   <div class='ocr_carea' id='block_1_39' title="bbox 464 2462 2021 2545">
    <p class='ocr_par' dir='ltr' id='par_1_39' title="bbox 464 2462 2021 2545">
     <span class='ocr_line' id='line_1_39' title="bbox 464 2462 2021 2545; baseline 0.01 -29"><span class='ocrx_word' id='word_1_254' title='bbox 464 2476 602 2517; x_wconf 89' lang='lat' dir='ltr'><strong>cem.</strong></span> <span class='ocrx_word' id='word_1_255' title='bbox 633 2462 689 2516; x_wconf 91' lang='lat' dir='ltr'><strong>Si</strong></span> <span class='ocrx_word' id='word_1_256' title='bbox 716 2476 846 2533; x_wconf 78' lang='lat' dir='ltr'><strong>ergo</strong></span> <span class='ocrx_word' id='word_1_257' title='bbox 877 2465 1016 2521; x_wconf 91' lang='lat' dir='ltr'><strong>diem</strong></span> <span class='ocrx_word' id='word_1_258' title='bbox 1057 2468 1207 2523; x_wconf 79' lang='lat' dir='ltr'><strong>novit</strong></span> <span class='ocrx_word' id='word_1_259' title='bbox 1229 2484 1347 2537; x_wconf 69' lang='lat' dir='ltr'><strong>quae</strong></span> <span class='ocrx_word' id='word_1_260' title='bbox 1370 2471 1716 2527; x_wconf 80' lang='lat' dir='ltr'><strong>novissimam</strong></span> <span class='ocrx_word' id='word_1_261' title='bbox 1747 2478 2021 2545; x_wconf 68' lang='lat' dir='ltr'><strong>praecedit,</strong></span> 
     </span>
    </p>
   </div>
   <div class='ocr_carea' id='block_1_40' title="bbox 462 2554 2027 2623">
    <p class='ocr_par' dir='ltr' id='par_1_40' title="bbox 462 2554 2027 2623">
     <span class='ocr_line' id='line_1_40' title="bbox 462 2554 2027 2623; baseline 0.012 -20"><span class='ocrx_word' id='word_1_262' title='bbox 462 2564 569 2621; x_wconf 88' lang='lat' dir='ltr'><strong>quo</strong></span> <span class='ocrx_word' id='word_1_263' title='bbox 596 2561 755 2620; x_wconf 87' lang='lat' dir='ltr'><strong>pacto</strong></span> <span class='ocrx_word' id='word_1_264' title='bbox 784 2554 949 2622; x_wconf 89' lang='lat' dir='ltr'><strong>ipsam</strong></span> <span class='ocrx_word' id='word_1_265' title='bbox 983 2554 1147 2609; x_wconf 88' lang='lat' dir='ltr'><strong>etiam</strong></span> <span class='ocrx_word' id='word_1_266' title='bbox 1179 2559 1531 2614; x_wconf 82' lang='lat' dir='ltr'><strong>novissimam</strong></span> <span class='ocrx_word' id='word_1_267' title='bbox 1564 2577 1667 2615; x_wconf 91' lang='lat' dir='ltr'><strong>non</strong></span> <span class='ocrx_word' id='word_1_268' title='bbox 1699 2564 1882 2617; x_wconf 80' lang='lat' dir='ltr'><strong>norit?</strong></span> <span class='ocrx_word' id='word_1_269' title='bbox 1914 2567 2027 2623; x_wconf 82' lang='lat' dir='ltr'><strong>Aut</strong></span> 
     </span>
    </p>
   </div>
   <div class='ocr_carea' id='block_1_41' title="bbox 461 2642 2022 2722">
    <p class='ocr_par' dir='ltr' id='par_1_41' title="bbox 461 2642 2022 2722">
     <span class='ocr_line' id='line_1_41' title="bbox 461 2642 2022 2722; baseline 0.01 -29"><span class='ocrx_word' id='word_1_270' title='bbox 461 2642 753 2713; x_wconf 87' lang='lat' dir='ltr'><strong>quomodo,</strong></span> <span class='ocrx_word' id='word_1_271' title='bbox 786 2645 876 2712; x_wconf 90' lang='lat' dir='ltr'><strong>qui</strong></span> <span class='ocrx_word' id='word_1_272' title='bbox 919 2653 1066 2699; x_wconf 89' lang='lat' dir='ltr'><strong>tanta</strong></span> <span class='ocrx_word' id='word_1_273' title='bbox 1110 2647 1263 2716; x_wconf 86' lang='lat' dir='ltr'><strong>signa</strong></span> <span class='ocrx_word' id='word_1_274' title='bbox 1294 2647 1455 2703; x_wconf 83' lang='lat' dir='ltr'><strong>tinem</strong></span> <span class='ocrx_word' id='word_1_275' title='bbox 1490 2666 1824 2721; x_wconf 69' lang='lat' dir='ltr'><strong>praecessura</strong></span> <span class='ocrx_word' id='word_1_276' title='bbox 1862 2656 2022 2722; x_wconf 76' lang='lat' dir='ltr'><strong>dixit,</strong></span> 
     </span>
    </p>
   </div>
   <div class='ocr_carea' id='block_1_42' title="bbox 458 2732 2021 2804">
    <p class='ocr_par' dir='ltr' id='par_1_42' title="bbox 458 2732 2021 2804">
     <span class='ocr_line' id='line_1_42' title="bbox 458 2732 2021 2804; baseline 0.012 -19"><span class='ocrx_word' id='word_1_277' title='bbox 458 2732 664 2786; x_wconf 88' lang='lat' dir='ltr'><strong>nesciat</strong></span> <span class='ocrx_word' id='word_1_278' title='bbox 690 2741 807 2802; x_wconf 79' lang='lat' dir='ltr'><strong>post</strong></span> <span class='ocrx_word' id='word_1_279' title='bbox 839 2733 929 2789; x_wconf 89' lang='lat' dir='ltr'><strong>illa</strong></span> <span class='ocrx_word' id='word_1_280' title='bbox 957 2735 1112 2804; x_wconf 86' lang='lat' dir='ltr'><strong>signa</strong></span> <span class='ocrx_word' id='word_1_281' title='bbox 1143 2740 1292 2793; x_wconf 87' lang='lat' dir='ltr'><strong>edita</strong></span> <span class='ocrx_word' id='word_1_282' title='bbox 1324 2740 1483 2795; x_wconf 87' lang='lat' dir='ltr'><strong>tinem</strong></span> <span class='ocrx_word' id='word_1_283' title='bbox 1517 2740 1798 2799; x_wconf 77' lang='lat' dir='ltr'><strong>futurum?</strong></span> <span class='ocrx_word' id='word_1_284' title='bbox 1833 2746 2021 2803; x_wconf 86' lang='lat' dir='ltr'><strong>Unde-</strong></span> 
     </span>
    </p>
   </div>
   <div class='ocr_carea' id='block_1_43' title="bbox 458 2824 2018 2905">
    <p class='ocr_par' dir='ltr' id='par_1_43' title="bbox 458 2824 2018 2905">
     <span class='ocr_line' id='line_1_43' title="bbox 458 2824 2018 2905; baseline 0.013 -31"><span class='ocrx_word' id='word_1_285' title='bbox 458 2836 671 2891; x_wconf 84' lang='lat' dir='ltr'><strong>quaque</strong></span> <span class='ocrx_word' id='word_1_286' title='bbox 706 2824 871 2894; x_wconf 88' lang='lat' dir='ltr'><strong>igitur</strong></span> <span class='ocrx_word' id='word_1_287' title='bbox 901 2836 1085 2881; x_wconf 78' lang='lat' dir='ltr'><strong>vestra</strong></span> <span class='ocrx_word' id='word_1_288' title='bbox 1124 2828 1335 2885; x_wconf 80' lang='lat' dir='ltr'><strong>inscitia</strong></span> <span class='ocrx_word' id='word_1_289' title='bbox 1363 2846 1423 2886; x_wconf 85' lang='lat' dir='ltr'><strong>se</strong></span> <span class='ocrx_word' id='word_1_290' title='bbox 1452 2833 1653 2901; x_wconf 88' lang='lat' dir='ltr'><strong>prodit,</strong></span> <span class='ocrx_word' id='word_1_291' title='bbox 1678 2836 1767 2905; x_wconf 87' lang='lat' dir='ltr'><strong>qui</strong></span> <span class='ocrx_word' id='word_1_292' title='bbox 1803 2837 2018 2894; x_wconf 80' lang='lat' dir='ltr'><strong>veritati</strong></span> 
     </span>
    </p>
   </div>
   <div class='ocr_carea' id='block_1_44' title="bbox 459 2919 2017 2996">
    <p class='ocr_par' dir='ltr' id='par_1_44' title="bbox 459 2919 2017 2996">
     <span class='ocr_line' id='line_1_44' title="bbox 459 2919 2017 2996; baseline 0.012 -29"><span class='ocrx_word' id='word_1_293' title='bbox 459 2927 761 2983; x_wconf 79' lang='lat' dir='ltr'><strong>repugnare</strong></span> <span class='ocrx_word' id='word_1_294' title='bbox 785 2930 891 2969; x_wconf 92' lang='lat' dir='ltr'><strong>non</strong></span> <span class='ocrx_word' id='word_1_295' title='bbox 917 2920 1201 2977; x_wconf 83' lang='lat' dir='ltr'><strong>veremini.</strong></span> <span class='ocrx_word' id='word_1_296' title='bbox 1227 2919 1427 2975; x_wconf 88' lang='lat' dir='ltr'><strong>Omnia</strong></span> <span class='ocrx_word' id='word_1_297' title='bbox 1461 2923 1606 2978; x_wconf 89' lang='lat' dir='ltr'><strong>enim</strong></span> <span class='ocrx_word' id='word_1_298' title='bbox 1653 2926 1802 2981; x_wconf 74' lang='lat' dir='ltr'><strong>novit</strong></span> <span class='ocrx_word' id='word_1_299' title='bbox 1828 2926 2017 2996; x_wconf 80' lang='lat' dir='ltr'><strong>Filius,</strong></span> 
     </span>
    </p>
   </div>
   <div class='ocr_carea' id='block_1_45' title="bbox 458 3003 1801 3081">
    <p class='ocr_par' dir='ltr' id='par_1_45' title="bbox 458 3003 1801 3081">
     <span class='ocr_line' id='line_1_45' title="bbox 458 3003 1801 3081; baseline 0.012 -25"><span class='ocrx_word' id='word_1_300' title='bbox 458 3003 673 3059; x_wconf 84' lang='lat' dir='ltr'><strong>tametsi</strong></span> <span class='ocrx_word' id='word_1_301' title='bbox 705 3004 965 3076; x_wconf 76' lang='lat' dir='ltr'><strong>singulari</strong></span> <span class='ocrx_word' id='word_1_302' title='bbox 995 3008 1223 3066; x_wconf 83' lang='lat' dir='ltr'><strong>consilio</strong></span> <span class='ocrx_word' id='word_1_303' title='bbox 1256 3011 1509 3081; x_wconf 86' lang='lat' dir='ltr'><strong>ignorare</strong></span> <span class='ocrx_word' id='word_1_304' title='bbox 1534 3028 1595 3070; x_wconf 87' lang='lat' dir='ltr'><strong>se</strong></span> <span class='ocrx_word' id='word_1_305' title='bbox 1637 3015 1801 3073; x_wconf 86' lang='lat' dir='ltr'><strong>dicat.</strong></span> 
     </span>
    </p>
   </div>
   <div class='ocr_carea' id='block_1_46' title="bbox 728 3136 2092 3245">
    <p class='ocr_par' dir='ltr' id='par_1_46' title="bbox 728 3136 2092 3245">
     <span class='ocr_line' id='line_1_46' title="bbox 728 3136 2092 3245; baseline 0.015 -22"><span class='ocrx_word' id='word_1_306' title='bbox 728 3136 1297 3231; x_wconf 81' lang='lat' dir='ltr'><strong>ASSERTIO</strong></span> <span class='ocrx_word' id='word_1_307' title='bbox 1369 3144 1748 3234; x_wconf 83' lang='lat' dir='ltr'><strong>XXIII.</strong></span> <span class='ocrx_word' id='word_1_308' title='bbox 2043 3180 2092 3245; x_wconf 87' lang='lat' dir='ltr'><strong>c</strong></span> 
     </span>
    </p>
   </div>
   <div class='ocr_carea' id='block_1_47' title="bbox 455 3282 2025 3352">
    <p class='ocr_par' dir='ltr' id='par_1_47' title="bbox 455 3282 2025 3352">
     <span class='ocr_line' id='line_1_47' title="bbox 455 3282 2025 3352; baseline 0.008 -12"><span class='ocrx_word' id='word_1_309' title='bbox 455 3283 523 3343; x_wconf 76' lang='lat' dir='ltr'><strong>In</strong></span> <span class='ocrx_word' id='word_1_310' title='bbox 552 3284 708 3346; x_wconf 72' lang='lat' dir='ltr'><strong>illud.</strong></span> <span class='ocrx_word' id='word_1_311' title='bbox 741 3303 760 3336; x_wconf 77' lang='grc' dir='ltr'><strong>ι</strong></span> <span class='ocrx_word' id='word_1_312' title='bbox 798 3282 965 3340; x_wconf 76' lang='lat' dir='ltr'><strong>Pater</strong></span> <span class='ocrx_word' id='word_1_313' title='bbox 1008 3295 1148 3339; x_wconf 87' lang='lat' dir='ltr'><strong>amat</strong></span> <span class='ocrx_word' id='word_1_314' title='bbox 1204 3286 1427 3352; x_wconf 78' lang='lat' dir='ltr'><strong>Filium,</strong></span> <span class='ocrx_word' id='word_1_315' title='bbox 1472 3301 1521 3344; x_wconf 82' lang='lat' dir='ltr'><strong>et</strong></span> <span class='ocrx_word' id='word_1_316' title='bbox 1563 3295 1741 3347; x_wconf 72' lang='lat' dir='ltr'><strong>omnia</strong></span> <span class='ocrx_word' id='word_1_317' title='bbox 1773 3293 1919 3349; x_wconf 80' lang='lat' dir='ltr'><strong>dedit</strong></span> <span class='ocrx_word' id='word_1_318' title='bbox 1959 3296 2025 3351; x_wconf 73' lang='lat' dir='ltr'><strong>iis</strong></span> 
     </span>
    </p>
   </div>
   <div class='ocr_carea' id='block_1_48' title="bbox 527 3354 2020 3419">
    <p class='ocr_par' dir='ltr' id='par_1_48' title="bbox 527 3354 2020 3419">
     <span class='ocr_line' id='line_1_48' title="bbox 527 3354 2020 3419; baseline 0.009 -12"><span class='ocrx_word' id='word_1_319' title='bbox 527 3370 686 3408; x_wconf 70' lang='lat' dir='ltr'><strong>manu</strong></span> <span class='ocrx_word' id='word_1_320' title='bbox 713 3354 827 3419; x_wconf 80' lang='lat' dir='ltr'><strong>ejus</strong></span> <span class='ocrx_word' id='word_1_321' title='bbox 854 3354 895 3408; x_wconf 82' lang='grc'><strong>⁸.</strong></span> <span class='ocrx_word' id='word_1_322' title='bbox 934 3372 951 3405; x_wconf 88' lang='grc' dir='ltr'><strong>ι</strong></span> <span class='ocrx_word' id='word_1_323' title='bbox 977 3355 1042 3408; x_wconf 78' lang='lat' dir='ltr'><strong>Et</strong></span> <span class='ocrx_word' id='word_1_324' title='bbox 1072 3357 1129 3409; x_wconf 86' lang='lat' dir='ltr'><strong>in</strong></span> <span class='ocrx_word' id='word_1_325' title='bbox 1161 3356 1296 3409; x_wconf 76' lang='lat' dir='ltr'><strong>illud</strong></span> <span class='ocrx_word' id='word_1_326' title='bbox 1316 3375 1335 3412; x_wconf 91' lang='lat'><strong><em>:</em></strong></span> <span class='ocrx_word' id='word_1_327' title='bbox 1369 3377 1387 3410; x_wconf 81' lang='grc' dir='ltr'><strong>ι</strong></span> <span class='ocrx_word' id='word_1_328' title='bbox 1418 3357 1613 3415; x_wconf 82' lang='lat' dir='ltr'><strong>Omnia</strong></span> <span class='ocrx_word' id='word_1_329' title='bbox 1657 3364 1783 3416; x_wconf 79' lang='lat' dir='ltr'><strong>mihi</strong></span> <span class='ocrx_word' id='word_1_330' title='bbox 1816 3367 2020 3419; x_wconf 84' lang='lat' dir='ltr'><strong>tradita</strong></span> 
     </span>
    </p>
   </div>
   <div class='ocr_carea' id='block_1_49' title="bbox 520 3434 2018 3617">
    <p class='ocr_par' dir='ltr' id='par_1_49' title="bbox 520 3434 2018 3617">
     <span class='ocr_line' id='line_1_49' title="bbox 524 3434 2018 3497; baseline 0.008 -20"><span class='ocrx_word' id='word_1_331' title='bbox 524 3434 642 3477; x_wconf 74' lang='lat' dir='ltr'><strong>sunt</strong></span> <span class='ocrx_word' id='word_1_332' title='bbox 673 3439 705 3476; x_wconf 73' lang='grc' dir='ltr'><strong>α</strong></span> <span class='ocrx_word' id='word_1_333' title='bbox 735 3434 893 3477; x_wconf 70' lang='lat' dir='ltr'><strong>Patre</strong></span> <span class='ocrx_word' id='word_1_334' title='bbox 916 3434 957 3476; x_wconf 75' lang='grc'><strong>⁸.</strong></span> <span class='ocrx_word' id='word_1_335' title='bbox 982 3442 1000 3477; x_wconf 85' lang='grc' dir='ltr'><strong>ι</strong></span> <span class='ocrx_word' id='word_1_336' title='bbox 1034 3434 1099 3477; x_wconf 66' lang='lat' dir='ltr'><strong>Et</strong></span> <span class='ocrx_word' id='word_1_337' title='bbox 1141 3434 1196 3478; x_wconf 78' lang='lat' dir='ltr'><strong>in</strong></span> <span class='ocrx_word' id='word_1_338' title='bbox 1234 3434 1370 3480; x_wconf 79' lang='lat' dir='ltr'><strong>illud</strong></span> <span class='ocrx_word' id='word_1_339' title='bbox 1389 3445 1408 3482; x_wconf 90' lang='lat'><strong><em>:</em></strong></span> <span class='ocrx_word' id='word_1_340' title='bbox 1444 3445 1464 3478; x_wconf 73' lang='grc' dir='ltr'><strong>ι</strong></span> <span class='ocrx_word' id='word_1_341' title='bbox 1501 3434 1624 3483; x_wconf 78' lang='lat' dir='ltr'><strong>Non</strong></span> <span class='ocrx_word' id='word_1_342' title='bbox 1650 3447 1863 3497; x_wconf 75' lang='lat' dir='ltr'><strong>possunt</strong></span> <span class='ocrx_word' id='word_1_343' title='bbox 1884 3450 1915 3487; x_wconf 87' lang='lat' dir='ltr'><strong>a</strong></span> <span class='ocrx_word' id='word_1_344' title='bbox 1934 3449 2018 3490; x_wconf 69' lang='lat' dir='ltr'><strong>tu</strong></span> 
     </span>
     <span class='ocr_line' id='line_1_50' title="bbox 520 3491 2018 3617; baseline 0.01 -74"><span class='ocrx_word' id='word_1_345' title='bbox 520 3491 1166 3617; x_wconf 46' lang='lat' dir='ltr'><strong>ﬁgmczzidgﬁg;</strong></span> <span class='ocrx_word' id='word_1_346' title='bbox 1192 3496 1324 3551; x_wconf 79' lang='lat' dir='ltr'><strong>sicut</strong></span> <span class='ocrx_word' id='word_1_347' title='bbox 1355 3496 1536 3567; x_wconf 81' lang='lat' dir='ltr'><strong>audio,</strong></span> <span class='ocrx_word' id='word_1_348' title='bbox 1547 3499 1737 3568; x_wconf 83' lang='lat' dir='ltr'><strong>judico</strong></span> <span class='ocrx_word' id='word_1_349' title='bbox 1757 3502 1817 3569; x_wconf 79' lang='lat'><strong>&#39;,°</strong></span> <span class='ocrx_word' id='word_1_350' title='bbox 1840 3519 1860 3554; x_wconf 83' lang='grc' dir='ltr'><strong>ι</strong></span> <span class='ocrx_word' id='word_1_351' title='bbox 1891 3515 1939 3559; x_wconf 80' lang='lat' dir='ltr'><strong>et</strong></span> <span class='ocrx_word' id='word_1_352' title='bbox 1961 3504 2018 3558; x_wconf 81' lang='lat' dir='ltr'><strong>in</strong></span> 
     </span>
    </p>
   </div>
   <div class='ocr_carea' id='block_1_50' title="bbox 576 3579 1151 3619">
    <p class='ocr_par' dir='ltr' id='par_1_50' title="bbox 576 3579 1151 3619">
     <span class='ocr_line' id='line_1_51' title="bbox 576 3579 1151 3619; baseline 0.003 -2"><span class='ocrx_word' id='word_1_353' title='bbox 576 3580 629 3617; x_wconf 77' lang='grc' dir='ltr'><strong>ια</strong></span> <span class='ocrx_word' id='word_1_354' title='bbox 651 3579 795 3618; x_wconf 76' lang='lat' dir='ltr'><strong>arcta</strong></span> <span class='ocrx_word' id='word_1_355' title='bbox 832 3579 913 3617; x_wconf 71' lang='grc' dir='ltr'>ιω</span> <span class='ocrx_word' id='word_1_356' title='bbox 934 3579 1151 3619; x_wconf 74' lang='grc' dir='ltr'>ειηιιιισ.</span> 
     </span>
    </p>
   </div>
   <div class='ocr_carea' id='block_1_51' title="bbox 783 3423 2018 3497">
    <p class='ocr_par' dir='ltr' id='par_1_51' title="bbox 783 3423 2018 3497">
     <span class='ocr_line' id='line_1_52' title="bbox 783 3423 2018 3497; baseline 0.011 -21"><span class='ocrx_word' id='word_1_357' title='bbox 783 3434 893 3497; x_wconf 75' lang='lat' dir='ltr'><strong>utre</strong></span> <span class='ocrx_word' id='word_1_358' title='bbox 916 3423 957 3476; x_wconf 76' lang='grc'><strong>⁸.</strong></span> <span class='ocrx_word' id='word_1_359' title='bbox 982 3442 1000 3477; x_wconf 85' lang='grc' dir='ltr'><strong>ι</strong></span> <span class='ocrx_word' id='word_1_360' title='bbox 1034 3424 1099 3477; x_wconf 79' lang='lat' dir='ltr'><strong>Et</strong></span> <span class='ocrx_word' id='word_1_361' title='bbox 1141 3426 1196 3497; x_wconf 78' lang='lat' dir='ltr'><strong>in</strong></span> <span class='ocrx_word' id='word_1_362' title='bbox 1230 3426 1370 3497; x_wconf 80' lang='lat' dir='ltr'><strong>illud</strong></span> <span class='ocrx_word' id='word_1_363' title='bbox 1389 3445 1408 3482; x_wconf 92' lang='lat'><strong><em>:</em></strong></span> <span class='ocrx_word' id='word_1_364' title='bbox 1444 3445 1464 3478; x_wconf 74' lang='grc' dir='ltr'><strong>ι</strong></span> <span class='ocrx_word' id='word_1_365' title='bbox 1501 3426 1624 3483; x_wconf 82' lang='lat' dir='ltr'><strong>Non</strong></span> <span class='ocrx_word' id='word_1_366' title='bbox 1650 3447 1863 3497; x_wconf 77' lang='lat' dir='ltr'><strong>possunt</strong></span> <span class='ocrx_word' id='word_1_367' title='bbox 1884 3450 1915 3487; x_wconf 88' lang='lat' dir='ltr'><strong>a</strong></span> <span class='ocrx_word' id='word_1_368' title='bbox 1934 3449 2018 3490; x_wconf 74' lang='lat' dir='ltr'><strong>tlte</strong></span> 
     </span>
    </p>
   </div>
   <div class='ocr_carea' id='block_1_52' title="bbox 904 3739 1555 3809">
    <p class='ocr_par' dir='ltr' id='par_1_52' title="bbox 904 3739 1555 3809">
     <span class='ocr_line' id='line_1_53' title="bbox 904 3739 1555 3809; baseline 0.009 -15"><span class='ocrx_word' id='word_1_369' title='bbox 904 3739 1141 3809; x_wconf 79' lang='lat' dir='ltr'><strong>Objectia</strong></span> <span class='ocrx_word' id='word_1_370' title='bbox 1169 3740 1555 3799; x_wconf 62' lang='lat' dir='ltr'><strong>hereticorum.</strong></span> 
     </span>
    </p>
   </div>
   <div class='ocr_carea' id='block_1_53' title="bbox 519 3870 2015 3943">
    <p class='ocr_par' dir='ltr' id='par_1_53' title="bbox 519 3870 2015 3943">
     <span class='ocr_line' id='line_1_54' title="bbox 519 3870 2015 3943; baseline 0.007 -16"><span class='ocrx_word' id='word_1_371' title='bbox 519 3870 629 3927; x_wconf 82' lang='lat' dir='ltr'><strong>Sed</strong></span> <span class='ocrx_word' id='word_1_372' title='bbox 660 3870 951 3940; x_wconf 90' lang='lat' dir='ltr'><strong>quomodo,</strong></span> <span class='ocrx_word' id='word_1_373' title='bbox 986 3872 1256 3941; x_wconf 88' lang='lat' dir='ltr'><strong>inquiunt,</strong></span> <span class='ocrx_word' id='word_1_374' title='bbox 1295 3876 1467 3943; x_wconf 66' lang='lat' dir='ltr'><strong>possit</strong></span> <span class='ocrx_word' id='word_1_375' title='bbox 1504 3877 1676 3935; x_wconf 87' lang='lat' dir='ltr'><strong>Filius</strong></span> <span class='ocrx_word' id='word_1_376' title='bbox 1713 3881 2015 3939; x_wconf 78' lang='lat' dir='ltr'><strong>secundum</strong></span> 
     </span>
    </p>
   </div>
   <div class='ocr_carea' id='block_1_54' title="bbox 444 3960 2013 4040">
    <p class='ocr_par' dir='ltr' id='par_1_54' title="bbox 444 3960 2013 4040">
     <span class='ocr_line' id='line_1_55' title="bbox 444 3960 2013 4040; baseline 0.008 -24"><span class='ocrx_word' id='word_1_377' title='bbox 444 3960 740 4017; x_wconf 81' lang='lat' dir='ltr'><strong>essentiam</strong></span> <span class='ocrx_word' id='word_1_378' title='bbox 771 3960 963 4015; x_wconf 88' lang='lat' dir='ltr'><strong>similis</strong></span> <span class='ocrx_word' id='word_1_379' title='bbox 989 3976 1110 4018; x_wconf 81' lang='lat' dir='ltr'><strong>esse</strong></span> <span class='ocrx_word' id='word_1_380' title='bbox 1138 3961 1311 4029; x_wconf 86' lang='lat' dir='ltr'><strong>Patri,</strong></span> <span class='ocrx_word' id='word_1_381' title='bbox 1339 3964 1435 4033; x_wconf 89' lang='lat' dir='ltr'><strong>qui</strong></span> <span class='ocrx_word' id='word_1_382' title='bbox 1472 3966 1606 4022; x_wconf 86' lang='lat' dir='ltr'><strong>dicit</strong></span> <span class='ocrx_word' id='word_1_383' title='bbox 1640 3982 1700 4024; x_wconf 86' lang='lat' dir='ltr'><strong>se</strong></span> <span class='ocrx_word' id='word_1_384' title='bbox 1730 3971 2013 4040; x_wconf 85' lang='lat' dir='ltr'><strong>accepisse</strong></span> 
     </span>
    </p>
   </div>
   <div class='ocr_carea' id='block_1_55' title="bbox 444 4048 2010 4136">
    <p class='ocr_par' dir='ltr' id='par_1_55' title="bbox 444 4048 2010 4136">
     <span class='ocr_line' id='line_1_56' title="bbox 444 4048 2010 4136; baseline 0.01 -31"><span class='ocrx_word' id='word_1_385' title='bbox 444 4050 631 4107; x_wconf 77' lang='lat' dir='ltr'><strong>omnia</strong></span> <span class='ocrx_word' id='word_1_386' title='bbox 662 4065 692 4105; x_wconf 87' lang='lat' dir='ltr'><strong>a</strong></span> <span class='ocrx_word' id='word_1_387' title='bbox 724 4048 931 4107; x_wconf 84' lang='lat' dir='ltr'><strong>Patre?</strong></span> <span class='ocrx_word' id='word_1_388' title='bbox 958 4050 1091 4108; x_wconf 88' lang='lat' dir='ltr'><strong>Nam</strong></span> <span class='ocrx_word' id='word_1_389' title='bbox 1119 4054 1211 4122; x_wconf 86' lang='lat' dir='ltr'><strong>qui</strong></span> <span class='ocrx_word' id='word_1_390' title='bbox 1238 4054 1422 4123; x_wconf 82' lang='lat' dir='ltr'><strong>habet,</strong></span> <span class='ocrx_word' id='word_1_391' title='bbox 1454 4072 1560 4112; x_wconf 90' lang='lat' dir='ltr'><strong>non</strong></span> <span class='ocrx_word' id='word_1_392' title='bbox 1593 4061 1807 4129; x_wconf 86' lang='lat' dir='ltr'><strong>accipit.</strong></span> <span class='ocrx_word' id='word_1_393' title='bbox 1847 4062 2010 4136; x_wconf 67' lang='grc'><strong>225</strong></span> 
     </span>
    </p>
   </div>
   <div class='ocr_carea' id='block_1_56' title="bbox 445 4140 2007 4219">
    <p class='ocr_par' dir='ltr' id='par_1_56' title="bbox 445 4140 2007 4219">
     <span class='ocr_line' id='line_1_57' title="bbox 445 4140 2007 4219; baseline 0.006 -20"><span class='ocrx_word' id='word_1_394' title='bbox 445 4140 580 4199; x_wconf 86' lang='lat' dir='ltr'><strong>Cum</strong></span> <span class='ocrx_word' id='word_1_395' title='bbox 602 4155 733 4198; x_wconf 77' lang='lat' dir='ltr'><strong>vero</strong></span> <span class='ocrx_word' id='word_1_396' title='bbox 755 4153 1012 4213; x_wconf 85' lang='lat' dir='ltr'><strong>appareat</strong></span> <span class='ocrx_word' id='word_1_397' title='bbox 1035 4158 1158 4200; x_wconf 88' lang='lat' dir='ltr'><strong>cum</strong></span> <span class='ocrx_word' id='word_1_398' title='bbox 1180 4146 1477 4215; x_wconf 86' lang='lat' dir='ltr'><strong>accepisse,</strong></span> <span class='ocrx_word' id='word_1_399' title='bbox 1501 4156 1559 4203; x_wconf 91' lang='lat' dir='ltr'><strong>ut</strong></span> <span class='ocrx_word' id='word_1_400' title='bbox 1588 4149 1817 4219; x_wconf 85' lang='lat' dir='ltr'><strong>ipsemet</strong></span> <span class='ocrx_word' id='word_1_401' title='bbox 1838 4163 2007 4209; x_wconf 88' lang='lat' dir='ltr'><strong>testa-</strong></span> 
     </span>
    </p>
   </div>
   <div class='ocr_carea' id='block_1_57' title="bbox 444 4232 2011 4302">
    <p class='ocr_par' dir='ltr' id='par_1_57' title="bbox 444 4232 2011 4302">
     <span class='ocr_line' id='line_1_58' title="bbox 444 4232 2011 4302; baseline 0.011 -17"><span class='ocrx_word' id='word_1_402' title='bbox 444 4238 539 4285; x_wconf 89' lang='lat' dir='ltr'><strong>tur</strong></span> <span class='ocrx_word' id='word_1_403' title='bbox 568 4271 586 4300; x_wconf 92' lang='lat'><strong>,</strong></span> <span class='ocrx_word' id='word_1_404' title='bbox 639 4232 983 4288; x_wconf 74' lang='lat' dir='ltr'><strong>manifestum</strong></span> <span class='ocrx_word' id='word_1_405' title='bbox 1038 4242 1120 4290; x_wconf 89' lang='lat' dir='ltr'><strong>est</strong></span> <span class='ocrx_word' id='word_1_406' title='bbox 1166 4250 1289 4290; x_wconf 86' lang='lat' dir='ltr'><strong>eum</strong></span> <span class='ocrx_word' id='word_1_407' title='bbox 1374 4236 1509 4293; x_wconf 89' lang='lat' dir='ltr'><strong>nihil</strong></span> <span class='ocrx_word' id='word_1_408' title='bbox 1554 4238 1755 4299; x_wconf 83' lang='lat' dir='ltr'><strong>habere</strong></span> <span class='ocrx_word' id='word_1_409' title='bbox 1806 4259 1871 4301; x_wconf 82' lang='lat' dir='ltr'><strong>ex</strong></span> <span class='ocrx_word' id='word_1_410' title='bbox 1920 4258 2011 4302; x_wconf 87' lang='lat' dir='ltr'><strong>se-</strong></span> 
     </span>
    </p>
   </div>
   <div class='ocr_carea' id='block_1_58' title="bbox 444 4320 587 4392">
    <p class='ocr_par' dir='ltr' id='par_1_58' title="bbox 444 4320 587 4392">
     <span class='ocr_line' id='line_1_59' title="bbox 444 4320 587 4392; baseline 0 -14"><span class='ocrx_word' id='word_1_411' title='bbox 444 4320 587 4392; x_wconf 87' lang='lat' dir='ltr'><strong>ipso.</strong></span> 
     </span>
    </p>
   </div>
   <div class='ocr_carea' id='block_1_59' title="bbox 928 4430 1502 4505">
    <p class='ocr_par' dir='ltr' id='par_1_59' title="bbox 928 4430 1502 4505">
     <span class='ocr_line' id='line_1_60' title="bbox 928 4430 1502 4505; baseline 0.01 -19"><span class='ocrx_word' id='word_1_412' title='bbox 928 4430 1139 4488; x_wconf 77' lang='lat' dir='ltr'><strong>Salutio</strong></span> <span class='ocrx_word' id='word_1_413' title='bbox 1170 4433 1502 4505; x_wconf 75' lang='lat' dir='ltr'><strong>objectiouis.</strong></span> 
     </span>
    </p>
   </div>
   <div class='ocr_carea' id='block_1_60' title="bbox 2138 1920 3719 1994">
    <p class='ocr_par' dir='ltr' id='par_1_60' title="bbox 2138 1920 3719 1994">
     <span class='ocr_line' id='line_1_61' title="bbox 2138 1920 3719 1994; baseline 0.001 -21"><span class='ocrx_word' id='word_1_414' title='bbox 2138 1921 2195 1973; x_wconf 74' lang='grc' dir='ltr'><strong>δὲ</strong></span> <span class='ocrx_word' id='word_1_415' title='bbox 2222 1920 2444 1984; x_wconf 83' lang='grc' dir='ltr'>ταύταις</span> <span class='ocrx_word' id='word_1_416' title='bbox 2474 1922 2566 1974; x_wconf 80' lang='grc' dir='ltr'><strong>καί</strong></span> <span class='ocrx_word' id='word_1_417' title='bbox 2590 1923 2627 1991; x_wconf 80' lang='grc' dir='ltr'><strong>ή</strong></span> <span class='ocrx_word' id='word_1_418' title='bbox 2650 1921 2755 1994; x_wconf 76' lang='grc' dir='ltr'><strong>πρὸ</strong></span> <span class='ocrx_word' id='word_1_419' title='bbox 2782 1922 2951 1991; x_wconf 74' lang='grc' dir='ltr'>αὐτῆς</span> <span class='ocrx_word' id='word_1_420' title='bbox 2972 1921 3233 1975; x_wconf 78' lang='grc' dir='ltr'>κείσεται.</span> <span class='ocrx_word' id='word_1_421' title='bbox 3292 1921 3402 1973; x_wconf 78' lang='grc' dir='ltr'><strong>Καὶ</strong></span> <span class='ocrx_word' id='word_1_422' title='bbox 3432 1920 3549 1984; x_wconf 81' lang='grc' dir='ltr'><strong>πῶς</strong></span> <span class='ocrx_word' id='word_1_423' title='bbox 3578 1923 3607 1975; x_wconf 93' lang='lat'><strong>6</strong></span> <span class='ocrx_word' id='word_1_424' title='bbox 3636 1922 3719 1974; x_wconf 85' lang='grc' dir='ltr'>εἰ-</span> 
     </span>
    </p>
   </div>
   <div class='ocr_carea' id='block_1_61' title="bbox 2135 2005 3713 2083">
    <p class='ocr_par' dir='ltr' id='par_1_61' title="bbox 2135 2005 3713 2083">
     <span class='ocr_line' id='line_1_62' title="bbox 2135 2005 3713 2083; baseline 0.001 -19"><span class='ocrx_word' id='word_1_425' title='bbox 2135 2010 2240 2075; x_wconf 76' lang='grc' dir='ltr'><strong>δὼς</strong></span> <span class='ocrx_word' id='word_1_426' title='bbox 2263 2012 2362 2080; x_wconf 80' lang='grc' dir='ltr'>τὴν</span> <span class='ocrx_word' id='word_1_427' title='bbox 2392 2011 2498 2083; x_wconf 75' lang='grc' dir='ltr'><strong>πρὸ</strong></span> <span class='ocrx_word' id='word_1_428' title='bbox 2523 2012 2716 2082; x_wconf 79' lang='grc' dir='ltr'>αὐτῆς,</span> <span class='ocrx_word' id='word_1_429' title='bbox 2759 2012 2858 2065; x_wconf 78' lang='grc' dir='ltr'>οὐκ</span> <span class='ocrx_word' id='word_1_430' title='bbox 2900 2005 3040 2065; x_wconf 73' lang='grc' dir='ltr'>οἶδεν</span> <span class='ocrx_word' id='word_1_431' title='bbox 3064 2013 3146 2065; x_wconf 82' lang='grc' dir='ltr'>ὅτι</span> <span class='ocrx_word' id='word_1_432' title='bbox 3206 2009 3324 2083; x_wconf 84' lang='grc' dir='ltr'>μεθ’</span> <span class='ocrx_word' id='word_1_433' title='bbox 3354 2010 3421 2081; x_wconf 72' lang='grc' dir='ltr'>ἢν</span> <span class='ocrx_word' id='word_1_434' title='bbox 3447 2006 3587 2064; x_wconf 73' lang='grc' dir='ltr'>οἶδεν</span> <span class='ocrx_word' id='word_1_435' title='bbox 3621 2012 3713 2065; x_wconf 79' lang='grc' dir='ltr'><strong>εὐ·</strong></span> 
     </span>
    </p>
   </div>
   <div class='ocr_carea' id='block_1_62' title="bbox 2136 2098 3729 2171">
    <p class='ocr_par' dir='ltr' id='par_1_62' title="bbox 2136 2098 3729 2171">
     <span class='ocr_line' id='line_1_63' title="bbox 2136 2098 3729 2171; baseline 0.003 -19"><span class='ocrx_word' id='word_1_436' title='bbox 2136 2098 2232 2163; x_wconf 80' lang='grc' dir='ltr'><strong>θὺς</strong></span> <span class='ocrx_word' id='word_1_437' title='bbox 2256 2101 2289 2170; x_wconf 78' lang='grc' dir='ltr'><strong>ἡ</strong></span> <span class='ocrx_word' id='word_1_438' title='bbox 2314 2100 2649 2171; x_wconf 78' lang='grc' dir='ltr'>ἁγνοουμένη</span> <span class='ocrx_word' id='word_1_439' title='bbox 2677 2099 2797 2153; x_wconf 82' lang='grc' dir='ltr'>καθ’</span> <span class='ocrx_word' id='word_1_440' title='bbox 2822 2100 2967 2170; x_wconf 77' lang='grc' dir='ltr'>ὑμᾶς</span> <span class='ocrx_word' id='word_1_441' title='bbox 2996 2099 3290 2165; x_wconf 72' lang='grc' dir='ltr'>εἰσϐαίνεις</span> <span class='ocrx_word' id='word_1_442' title='bbox 3331 2100 3561 2170; x_wconf 85' lang='grc' dir='ltr'>Ὅμοιον</span> <span class='ocrx_word' id='word_1_443' title='bbox 3599 2100 3729 2171; x_wconf 56' lang='grc' dir='ltr'><strong>γὰρί</strong></span> 
     </span>
    </p>
   </div>
   <div class='ocr_carea' id='block_1_63' title="bbox 2134 2189 3708 2263">
    <p class='ocr_par' dir='ltr' id='par_1_63' title="bbox 2134 2189 3708 2263">
     <span class='ocr_line' id='line_1_64' title="bbox 2134 2189 3708 2263; baseline 0.001 -20"><span class='ocrx_word' id='word_1_444' title='bbox 2134 2189 2323 2263; x_wconf 84' lang='grc' dir='ltr'>ὥσπερ</span> <span class='ocrx_word' id='word_1_445' title='bbox 2351 2191 2405 2243; x_wconf 83' lang='grc' dir='ltr'>ετ</span> <span class='ocrx_word' id='word_1_446' title='bbox 2448 2208 2535 2254; x_wconf 91' lang='grc' dir='ltr'><strong>τις</strong></span> <span class='ocrx_word' id='word_1_447' title='bbox 2572 2192 2718 2259; x_wconf 81' lang='grc' dir='ltr'>λέγοι</span> <span class='ocrx_word' id='word_1_448' title='bbox 2769 2191 2845 2263; x_wconf 85' lang='grc' dir='ltr'>μὴ</span> <span class='ocrx_word' id='word_1_449' title='bbox 2891 2192 3091 2245; x_wconf 82' lang='grc' dir='ltr'>εἰδέναι</span> <span class='ocrx_word' id='word_1_450' title='bbox 3125 2191 3219 2244; x_wconf 78' lang='grc' dir='ltr'>τὸν</span> <span class='ocrx_word' id='word_1_451' title='bbox 3266 2191 3399 2244; x_wconf 80' lang='grc' dir='ltr'>δέκα</span> <span class='ocrx_word' id='word_1_452' title='bbox 3443 2191 3708 2261; x_wconf 82' lang='grc' dir='ltr'>ἀριθμὸν,</span> 
     </span>
    </p>
   </div>
   <div class='ocr_carea' id='block_1_64' title="bbox 2134 2281 3710 2354">
    <p class='ocr_par' dir='ltr' id='par_1_64' title="bbox 2134 2281 3710 2354">
     <span class='ocr_line' id='line_1_65' title="bbox 2134 2281 3710 2354; baseline 0.003 -18"><span class='ocrx_word' id='word_1_453' title='bbox 2134 2284 2290 2336; x_wconf 76' lang='grc' dir='ltr'>ποίαν</span> <span class='ocrx_word' id='word_1_454' title='bbox 2322 2282 2435 2353; x_wconf 74' lang='grc' dir='ltr'>ἔχει</span> <span class='ocrx_word' id='word_1_455' title='bbox 2464 2282 2559 2354; x_wconf 81' lang='grc' dir='ltr'>τὴν</span> <span class='ocrx_word' id='word_1_456' title='bbox 2585 2282 2755 2347; x_wconf 79' lang='grc' dir='ltr'>θέσιν,</span> <span class='ocrx_word' id='word_1_457' title='bbox 2784 2283 2912 2346; x_wconf 82' lang='grc' dir='ltr'>τοὺς</span> <span class='ocrx_word' id='word_1_458' title='bbox 2946 2281 3153 2346; x_wconf 78' lang='grc' dir='ltr'>εἰδότας</span> <span class='ocrx_word' id='word_1_459' title='bbox 3170 2282 3264 2335; x_wconf 80' lang='grc' dir='ltr'>τὸν</span> <span class='ocrx_word' id='word_1_460' title='bbox 3287 2282 3470 2338; x_wconf 69' lang='grc' dir='ltr'>ἐννέα.</span> <span class='ocrx_word' id='word_1_461' title='bbox 3506 2281 3710 2354; x_wconf 74' lang='grc' dir='ltr'><strong>Πρόδηο</strong></span> 
     </span>
    </p>
   </div>
   <div class='ocr_carea' id='block_1_65' title="bbox 2131 2369 3705 2443">
    <p class='ocr_par' dir='ltr' id='par_1_65' title="bbox 2131 2369 3705 2443">
     <span class='ocr_line' id='line_1_66' title="bbox 2131 2369 3705 2443; baseline 0.002 -20"><span class='ocrx_word' id='word_1_462' title='bbox 2131 2369 2219 2425; x_wconf 87' lang='grc' dir='ltr'><strong>λον</strong></span> <span class='ocrx_word' id='word_1_463' title='bbox 2241 2372 2348 2443; x_wconf 81' lang='grc' dir='ltr'>γὰρ</span> <span class='ocrx_word' id='word_1_464' title='bbox 2373 2372 2454 2425; x_wconf 83' lang='grc' dir='ltr'>ὅτι</span> <span class='ocrx_word' id='word_1_465' title='bbox 2491 2371 2629 2442; x_wconf 81' lang='grc' dir='ltr'>μετὰ</span> <span class='ocrx_word' id='word_1_466' title='bbox 2653 2372 2744 2425; x_wconf 79' lang='grc' dir='ltr'>τὸν</span> <span class='ocrx_word' id='word_1_467' title='bbox 2776 2371 2935 2427; x_wconf 66' lang='grc' dir='ltr'>ἐννέα</span> <span class='ocrx_word' id='word_1_468' title='bbox 2982 2374 3011 2425; x_wconf 93' lang='lat'><strong>6</strong></span> <span class='ocrx_word' id='word_1_469' title='bbox 3035 2372 3166 2425; x_wconf 75' lang='grc' dir='ltr'>δέκα</span> <span class='ocrx_word' id='word_1_470' title='bbox 3201 2372 3441 2425; x_wconf 80' lang='grc' dir='ltr'>κείσεται</span> <span class='ocrx_word' id='word_1_471' title='bbox 3469 2372 3705 2437; x_wconf 78' lang='grc' dir='ltr'>πάντως.</span> 
     </span>
    </p>
   </div>
   <div class='ocr_carea' id='block_1_66' title="bbox 2130 2458 3707 2535">
    <p class='ocr_par' dir='ltr' id='par_1_66' title="bbox 2130 2458 3707 2535">
     <span class='ocr_line' id='line_1_67' title="bbox 2130 2458 3707 2535; baseline 0.001 -18"><span class='ocrx_word' id='word_1_472' title='bbox 2130 2463 2193 2517; x_wconf 78' lang='grc' dir='ltr'>Εἰ</span> <span class='ocrx_word' id='word_1_473' title='bbox 2219 2463 2396 2517; x_wconf 77' lang='grc' dir='ltr'>τοίνυν</span> <span class='ocrx_word' id='word_1_474' title='bbox 2414 2458 2519 2517; x_wconf 82' lang='grc' dir='ltr'>οἶδε</span> <span class='ocrx_word' id='word_1_475' title='bbox 2546 2463 2644 2534; x_wconf 77' lang='grc' dir='ltr'>τὴν</span> <span class='ocrx_word' id='word_1_476' title='bbox 2678 2463 2786 2535; x_wconf 78' lang='grc' dir='ltr'>πρὸ</span> <span class='ocrx_word' id='word_1_477' title='bbox 2837 2463 3028 2533; x_wconf 78' lang='grc' dir='ltr'>αὐτῆς,</span> <span class='ocrx_word' id='word_1_478' title='bbox 3064 2462 3183 2527; x_wconf 80' lang='grc' dir='ltr'>πῶς</span> <span class='ocrx_word' id='word_1_479' title='bbox 3225 2463 3327 2516; x_wconf 73' lang='grc' dir='ltr'><strong>οὐκ</strong></span> <span class='ocrx_word' id='word_1_480' title='bbox 3359 2462 3566 2518; x_wconf 85' lang='grc' dir='ltr'>εῖσεται</span> <span class='ocrx_word' id='word_1_481' title='bbox 3614 2464 3707 2518; x_wconf 80' lang='grc' dir='ltr'><strong>καὶ</strong></span> 
     </span>
    </p>
   </div>
   <div class='ocr_carea' id='block_1_67' title="bbox 2127 2553 3706 2625">
    <p class='ocr_par' dir='ltr' id='par_1_67' title="bbox 2127 2553 3706 2625">
     <span class='ocr_line' id='line_1_68' title="bbox 2127 2553 3706 2625; baseline 0.001 -17"><span class='ocrx_word' id='word_1_482' title='bbox 2127 2555 2327 2625; x_wconf 76' lang='grc' dir='ltr'>αὐτήνς</span> <span class='ocrx_word' id='word_1_483' title='bbox 2352 2554 2476 2619; x_wconf 84' lang='grc' dir='ltr'>Πῶς</span> <span class='ocrx_word' id='word_1_484' title='bbox 2499 2556 2528 2608; x_wconf 90' lang='lat'><strong>6</strong></span> <span class='ocrx_word' id='word_1_485' title='bbox 2545 2554 2780 2608; x_wconf 82' lang='grc' dir='ltr'>τοσαῦτα</span> <span class='ocrx_word' id='word_1_486' title='bbox 2801 2558 3002 2625; x_wconf 80' lang='grc' dir='ltr'>σημεῖα</span> <span class='ocrx_word' id='word_1_487' title='bbox 3036 2554 3144 2625; x_wconf 76' lang='grc' dir='ltr'><strong>πρὸ</strong></span> <span class='ocrx_word' id='word_1_488' title='bbox 3162 2553 3256 2608; x_wconf 90' lang='grc' dir='ltr'><strong>τοῦ</strong></span> <span class='ocrx_word' id='word_1_489' title='bbox 3278 2554 3464 2616; x_wconf 79' lang='grc' dir='ltr'>τέλους</span> <span class='ocrx_word' id='word_1_490' title='bbox 3488 2553 3706 2609; x_wconf 71' lang='grc' dir='ltr'>ἔσεσθαι</span> 
     </span>
    </p>
   </div>
   <div class='ocr_carea' id='block_1_68' title="bbox 2126 2642 3702 2716">
    <p class='ocr_par' dir='ltr' id='par_1_68' title="bbox 2126 2642 3702 2716">
     <span class='ocr_line' id='line_1_69' title="bbox 2126 2642 3702 2716; baseline 0.001 -17"><span class='ocrx_word' id='word_1_491' title='bbox 2126 2645 2317 2714; x_wconf 77' lang='grc' dir='ltr'>λέγων,</span> <span class='ocrx_word' id='word_1_492' title='bbox 2347 2645 2446 2699; x_wconf 79' lang='grc' dir='ltr'><strong>οὐκ</strong></span> <span class='ocrx_word' id='word_1_493' title='bbox 2470 2642 2609 2699; x_wconf 82' lang='grc' dir='ltr'>οἶδεν</span> <span class='ocrx_word' id='word_1_494' title='bbox 2635 2647 2715 2701; x_wconf 79' lang='grc' dir='ltr'>ὅτι</span> <span class='ocrx_word' id='word_1_495' title='bbox 2741 2646 2889 2716; x_wconf 67' lang='grc' dir='ltr'>μετὰ</span> <span class='ocrx_word' id='word_1_496' title='bbox 2920 2645 2987 2700; x_wconf 77' lang='grc' dir='ltr'><strong>τὰ</strong></span> <span class='ocrx_word' id='word_1_497' title='bbox 3016 2648 3219 2716; x_wconf 78' lang='grc' dir='ltr'>σημεῖα</span> <span class='ocrx_word' id='word_1_498' title='bbox 3248 2645 3311 2699; x_wconf 81' lang='grc' dir='ltr'>τὸ</span> <span class='ocrx_word' id='word_1_499' title='bbox 3335 2645 3490 2709; x_wconf 85' lang='grc' dir='ltr'>τέλος</span> <span class='ocrx_word' id='word_1_500' title='bbox 3514 2663 3530 2713; x_wconf 88' lang='lat'><strong>;</strong></span> <span class='ocrx_word' id='word_1_501' title='bbox 3556 2647 3702 2700; x_wconf 87' lang='grc' dir='ltr'>Παν-</span> 
     </span>
    </p>
   </div>
   <div class='ocr_carea' id='block_1_69' title="bbox 2126 2735 3703 2807">
    <p class='ocr_par' dir='ltr' id='par_1_69' title="bbox 2126 2735 3703 2807">
     <span class='ocr_line' id='line_1_70' title="bbox 2126 2735 3703 2807; baseline 0.001 -18"><span class='ocrx_word' id='word_1_502' title='bbox 2126 2735 2350 2807; x_wconf 82' lang='grc' dir='ltr'>ταχόθεν</span> <span class='ocrx_word' id='word_1_503' title='bbox 2376 2735 2665 2806; x_wconf 80' lang='grc' dir='ltr'>τοιγαροῦν</span> <span class='ocrx_word' id='word_1_504' title='bbox 2695 2737 2909 2806; x_wconf 78' lang='grc' dir='ltr'>ἀνόητοι</span> <span class='ocrx_word' id='word_1_505' title='bbox 2934 2735 3305 2807; x_wconf 81' lang='grc' dir='ltr'>δειχθήσεσθε,</span> <span class='ocrx_word' id='word_1_506' title='bbox 3328 2735 3428 2807; x_wconf 83' lang='grc' dir='ltr'>τῆς</span> <span class='ocrx_word' id='word_1_507' title='bbox 3450 2735 3703 2807; x_wconf 75' lang='grc' dir='ltr'><strong>ἀληθείας</strong></span> 
     </span>
    </p>
   </div>
   <div class='ocr_carea' id='block_1_70' title="bbox 2122 2822 3699 2900">
    <p class='ocr_par' dir='ltr' id='par_1_70' title="bbox 2122 2822 3699 2900">
     <span class='ocr_line' id='line_1_71' title="bbox 2122 2822 3699 2900; baseline 0.003 -22"><span class='ocrx_word' id='word_1_508' title='bbox 2122 2825 2427 2897; x_wconf 81' lang='grc' dir='ltr'>τολμῶντες</span> <span class='ocrx_word' id='word_1_509' title='bbox 2448 2825 2899 2897; x_wconf 79' lang='grc' dir='ltr'>καταψεύδεσθαι.</span> <span class='ocrx_word' id='word_1_510' title='bbox 2923 2822 3045 2881; x_wconf 80' lang='grc' dir='ltr'>Οῖδε</span> <span class='ocrx_word' id='word_1_511' title='bbox 3069 2826 3184 2900; x_wconf 80' lang='grc' dir='ltr'><strong>γὰρ</strong></span> <span class='ocrx_word' id='word_1_512' title='bbox 3204 2826 3285 2885; x_wconf 75' lang='grc' dir='ltr'>τὰν-</span> <span class='ocrx_word' id='word_1_513' title='bbox 3310 2827 3532 2884; x_wconf 77' lang='grc' dir='ltr'>πάνταὸ</span> <span class='ocrx_word' id='word_1_514' title='bbox 3550 2828 3699 2895; x_wconf 77' lang='grc' dir='ltr'>Υἰδς,</span> 
     </span>
    </p>
   </div>
   <div class='ocr_carea' id='block_1_71' title="bbox 2123 2914 3102 2989">
    <p class='ocr_par' dir='ltr' id='par_1_71' title="bbox 2123 2914 3102 2989">
     <span class='ocr_line' id='line_1_72' title="bbox 2123 2914 3102 2989; baseline 0 -20"><span class='ocrx_word' id='word_1_515' title='bbox 2123 2914 2225 2970; x_wconf 73' lang='grc' dir='ltr'>κᾶν</span> <span class='ocrx_word' id='word_1_516' title='bbox 2251 2916 2607 2987; x_wconf 70' lang='grc' dir='ltr'>οἰκονομικῶς</span> <span class='ocrx_word' id='word_1_517' title='bbox 2625 2917 2839 2985; x_wconf 78' lang='grc' dir='ltr'>ἀγνοεῖν</span> <span class='ocrx_word' id='word_1_518' title='bbox 2865 2933 2919 2971; x_wconf 92' lang='grc' dir='ltr'><strong>τι</strong></span> <span class='ocrx_word' id='word_1_519' title='bbox 2944 2916 3102 2989; x_wconf 57' lang='lat' dir='ltr'><strong>lem.</strong></span> 
     </span>
    </p>
   </div>
   <div class='ocr_carea' id='block_1_72' title="bbox 2589 3114 3224 3209">
    <p class='ocr_par' dir='ltr' id='par_1_72' title="bbox 2589 3114 3224 3209">
     <span class='ocr_line' id='line_1_73' title="bbox 2589 3114 3224 3209; baseline -0.009 -1"><span class='ocrx_word' id='word_1_520' title='bbox 2589 3120 2956 3209; x_wconf 85' lang='grc' dir='ltr'>ΛΟΓΟΣ</span> <span class='ocrx_word' id='word_1_521' title='bbox 3030 3114 3224 3209; x_wconf 73' lang='grc' dir='ltr'><strong>ΚΓ.</strong></span> 
     </span>
    </p>
   </div>
   <div class='ocr_carea' id='block_1_73' title="bbox 2115 3278 2737 3347">
    <p class='ocr_par' dir='ltr' id='par_1_73' title="bbox 2115 3278 2737 3347">
     <span class='ocr_line' id='line_1_74' title="bbox 2115 3278 2737 3347; baseline 0.005 -15"><span class='ocrx_word' id='word_1_522' title='bbox 2115 3278 2219 3347; x_wconf 70' lang='grc' dir='ltr'>Εἰς</span> <span class='ocrx_word' id='word_1_523' title='bbox 2248 3278 2337 3345; x_wconf 80' lang='grc' dir='ltr'><strong>τὸ,</strong></span> <span class='ocrx_word' id='word_1_524' title='bbox 2374 3297 2393 3331; x_wconf 79' lang='grc' dir='ltr'><strong>ι</strong></span> <span class='ocrx_word' id='word_1_525' title='bbox 2442 3281 2499 3332; x_wconf 89' lang='lat'><strong>&#39;0</strong></span> <span class='ocrx_word' id='word_1_526' title='bbox 2535 3280 2737 3347; x_wconf 81' lang='grc' dir='ltr'>Πατὴρ</span> 
     </span>
    </p>
   </div>
   <div class='ocr_carea' id='block_1_74' title="bbox 2758 3278 3719 3349">
    <p class='ocr_par' dir='ltr' id='par_1_74' title="bbox 2758 3278 3719 3349">
     <span class='ocr_line' id='line_1_75' title="bbox 2758 3278 3719 3349; baseline 0.003 -14"><span class='ocrx_word' id='word_1_527' title='bbox 2758 3278 2961 3349; x_wconf 68' lang='grc' dir='ltr'><strong>ἀγαπᾷ</strong></span> <span class='ocrx_word' id='word_1_528' title='bbox 2997 3279 3106 3335; x_wconf 77' lang='grc' dir='ltr'><strong>τὸν</strong></span> <span class='ocrx_word' id='word_1_529' title='bbox 3145 3280 3309 3344; x_wconf 76' lang='grc' dir='ltr'>Υιὸν,</span> <span class='ocrx_word' id='word_1_530' title='bbox 3358 3280 3459 3337; x_wconf 73' lang='grc' dir='ltr'><strong>καί</strong></span> <span class='ocrx_word' id='word_1_531' title='bbox 3501 3279 3719 3338; x_wconf 69' lang='grc' dir='ltr'><strong>πάντη-</strong></span> 
     </span>
    </p>
   </div>
   <div class='ocr_carea' id='block_1_75' title="bbox 2225 3348 3554 3420">
    <p class='ocr_par' dir='ltr' id='par_1_75' title="bbox 2225 3348 3554 3420">
     <span class='ocr_line' id='line_1_76' title="bbox 2225 3348 3554 3420; baseline 0.002 -18"><span class='ocrx_word' id='word_1_532' title='bbox 2225 3348 2447 3420; x_wconf 64' lang='grc' dir='ltr'><strong>ἐδῳκεκ</strong></span> <span class='ocrx_word' id='word_1_533' title='bbox 2508 3349 2577 3403; x_wconf 75' lang='grc' dir='ltr'><strong>ἐν</strong></span> <span class='ocrx_word' id='word_1_534' title='bbox 2630 3349 2705 3417; x_wconf 77' lang='grc' dir='ltr'>τῇ</span> <span class='ocrx_word' id='word_1_535' title='bbox 2761 3348 2911 3420; x_wconf 75' lang='grc' dir='ltr'>χειρί</span> <span class='ocrx_word' id='word_1_536' title='bbox 2966 3349 3196 3420; x_wconf 41' lang='grc' dir='ltr'>αὐτοῦκ</span> <span class='ocrx_word' id='word_1_537' title='bbox 3223 3369 3243 3402; x_wconf 79' lang='grc' dir='ltr'><strong>ι</strong></span> <span class='ocrx_word' id='word_1_538' title='bbox 3307 3351 3416 3405; x_wconf 73' lang='grc' dir='ltr'><strong>Καὶ</strong></span> <span class='ocrx_word' id='word_1_539' title='bbox 3464 3354 3554 3420; x_wconf 77' lang='grc' dir='ltr'>εἰς</span> 
     </span>
    </p>
   </div>
   <div class='ocr_carea' id='block_1_76' title="bbox 3590 3352 3694 3417">
    <p class='ocr_par' dir='ltr' id='par_1_76' title="bbox 3590 3352 3694 3417">
     <span class='ocr_line' id='line_1_77' title="bbox 3590 3352 3694 3417; baseline 0 -12"><span class='ocrx_word' id='word_1_540' title='bbox 3590 3352 3654 3405; x_wconf 76' lang='grc' dir='ltr'>τὸ</span> <span class='ocrx_word' id='word_1_541' title='bbox 3677 3392 3694 3417; x_wconf 85' lang='grc'><em>,</em></span> 
     </span>
    </p>
   </div>
   <div class='ocr_carea' id='block_1_77' title="bbox 2193 3417 3707 3489">
    <p class='ocr_par' dir='ltr' id='par_1_77' title="bbox 2193 3417 3707 3489">
     <span class='ocr_line' id='line_1_78' title="bbox 2193 3417 3707 3489; baseline 0.002 -19"><span class='ocrx_word' id='word_1_542' title='bbox 2193 3436 2213 3470; x_wconf 77' lang='grc' dir='ltr'><strong>ι</strong></span> <span class='ocrx_word' id='word_1_543' title='bbox 2243 3417 2444 3489; x_wconf 75' lang='grc' dir='ltr'><em>Πάντα</em></span> <span class='ocrx_word' id='word_1_544' title='bbox 2474 3435 2577 3489; x_wconf 76' lang='grc' dir='ltr'><strong>μοι</strong></span> <span class='ocrx_word' id='word_1_545' title='bbox 2613 3417 2909 3489; x_wconf 69' lang='grc' dir='ltr'>παρεδόθη</span> <span class='ocrx_word' id='word_1_546' title='bbox 2955 3420 3075 3489; x_wconf 70' lang='lat' dir='ltr'><strong>bard</strong></span> <span class='ocrx_word' id='word_1_547' title='bbox 3100 3417 3208 3489; x_wconf 81' lang='grc' dir='ltr'><strong>τοῦ</strong></span> <span class='ocrx_word' id='word_1_548' title='bbox 3239 3422 3469 3487; x_wconf 76' lang='grc' dir='ltr'>Πατρός</span> <span class='ocrx_word' id='word_1_549' title='bbox 3499 3417 3641 3489; x_wconf 63' lang='grc' dir='ltr'>μου.</span> <span class='ocrx_word' id='word_1_550' title='bbox 3670 3440 3707 3473; x_wconf 67' lang='grc' dir='ltr'>ι.</span> 
     </span>
    </p>
   </div>
   <div class='ocr_carea' id='block_1_78' title="bbox 2185 3486 3698 3557">
    <p class='ocr_par' dir='ltr' id='par_1_78' title="bbox 2185 3486 3698 3557">
     <span class='ocr_line' id='line_1_79' title="bbox 2185 3486 3698 3557; baseline 0.001 -16"><span class='ocrx_word' id='word_1_551' title='bbox 2185 3486 2297 3557; x_wconf 80' lang='grc' dir='ltr'><strong>Καί</strong></span> <span class='ocrx_word' id='word_1_552' title='bbox 2316 3489 2413 3557; x_wconf 69' lang='lat' dir='ltr'><strong>sic</strong></span> <span class='ocrx_word' id='word_1_553' title='bbox 2444 3486 2532 3557; x_wconf 78' lang='grc' dir='ltr'><strong>τὸ,</strong></span> <span class='ocrx_word' id='word_1_554' title='bbox 2563 3507 2589 3557; x_wconf 15' lang='grc' dir='ltr'><strong>«ί</strong></span> <span class='ocrx_word' id='word_1_555' title='bbox 2611 3490 2695 3543; x_wconf 81' lang='grc' dir='ltr'><strong>Οὐ</strong></span> <span class='ocrx_word' id='word_1_556' title='bbox 2710 3488 2966 3557; x_wconf 75' lang='grc' dir='ltr'>δύναμαι</span> <span class='ocrx_word' id='word_1_557' title='bbox 2975 3486 3090 3555; x_wconf 77' lang='grc' dir='ltr'><strong>ἐγὼ</strong></span> <span class='ocrx_word' id='word_1_558' title='bbox 3105 3488 3207 3544; x_wconf 73' lang='grc' dir='ltr'><strong>ἀπ’</strong></span> <span class='ocrx_word' id='word_1_559' title='bbox 3222 3486 3484 3557; x_wconf 67' lang='grc' dir='ltr'>ἐμαυτοῦ</span> <span class='ocrx_word' id='word_1_560' title='bbox 3501 3486 3698 3544; x_wconf 61' lang='lat' dir='ltr'><strong>laoer</strong></span> 
     </span>
    </p>
   </div>
   <div class='ocr_carea' id='block_1_79' title="bbox 2186 3555 3716 3626">
    <p class='ocr_par' dir='ltr' id='par_1_79' title="bbox 2186 3555 3716 3626">
     <span class='ocr_line' id='line_1_80' title="bbox 2186 3555 3716 3626; baseline 0.002 -15"><span class='ocrx_word' id='word_1_561' title='bbox 2186 3555 2386 3611; x_wconf 69' lang='grc' dir='ltr'><strong>οὐδέν’</strong></span> <span class='ocrx_word' id='word_1_562' title='bbox 2441 3556 2612 3626; x_wconf 66' lang='grc' dir='ltr'>ἀλλὰ</span> <span class='ocrx_word' id='word_1_563' title='bbox 2656 3555 3111 3626; x_wconf 17' lang='grc' dir='ltr'><strong>καθὼςήάξιούω,</strong></span> <span class='ocrx_word' id='word_1_564' title='bbox 3165 3555 3367 3626; x_wconf 72' lang='grc' dir='ltr'>κρίνωσ</span> <span class='ocrx_word' id='word_1_565' title='bbox 3399 3559 3553 3623; x_wconf 65' lang='lat' dir='ltr'><strong>astat</strong></span> <span class='ocrx_word' id='word_1_566' title='bbox 3579 3559 3716 3614; x_wconf 73' lang='grc' dir='ltr'>ὅσα-</span> 
     </span>
    </p>
   </div>
   <div class='ocr_carea' id='block_1_80' title="bbox 2180 3624 2974 3695">
    <p class='ocr_par' dir='ltr' id='par_1_80' title="bbox 2180 3624 2974 3695">
     <span class='ocr_line' id='line_1_81' title="bbox 2180 3624 2974 3695; baseline 0.005 -17"><span class='ocrx_word' id='word_1_567' title='bbox 2180 3626 2414 3694; x_wconf 76' lang='grc' dir='ltr'>τούτοις</span> <span class='ocrx_word' id='word_1_568' title='bbox 2444 3624 2617 3695; x_wconf 78' lang='grc' dir='ltr'>ὅμοιά</span> <span class='ocrx_word' id='word_1_569' title='bbox 2638 3626 2768 3680; x_wconf 68' lang='grc' dir='ltr'>ἐστι</span> <span class='ocrx_word' id='word_1_570' title='bbox 2793 3624 2974 3695; x_wconf 74' lang='grc' dir='ltr'><strong>ῥητά.</strong></span> 
     </span>
    </p>
   </div>
   <div class='ocr_carea' id='block_1_81' title="bbox 2438 3734 3377 3807">
    <p class='ocr_par' dir='ltr' id='par_1_81' title="bbox 2438 3734 3377 3807">
     <span class='ocr_line' id='line_1_82' title="bbox 2438 3734 3377 3807; baseline -0.002 -14"><span class='ocrx_word' id='word_1_571' title='bbox 2438 3738 2757 3805; x_wconf 70' lang='grc' dir='ltr'>Ἆγτίθεσις</span> <span class='ocrx_word' id='word_1_572' title='bbox 2780 3736 2851 3791; x_wconf 66' lang='grc' dir='ltr'><strong>ἑκ</strong></span> <span class='ocrx_word' id='word_1_573' title='bbox 2884 3734 3006 3791; x_wconf 67' lang='grc' dir='ltr'>τῶν</span> <span class='ocrx_word' id='word_1_574' title='bbox 3044 3736 3377 3807; x_wconf 67' lang='grc' dir='ltr'>αἰροτικῶν.</span> 
     </span>
    </p>
   </div>
   <div class='ocr_carea' id='block_1_82' title="bbox 2184 3864 3687 3940">
    <p class='ocr_par' dir='ltr' id='par_1_82' title="bbox 2184 3864 3687 3940">
     <span class='ocr_line' id='line_1_83' title="bbox 2184 3864 3687 3940; baseline -0.001 -16"><span class='ocrx_word' id='word_1_575' title='bbox 2184 3868 2294 3924; x_wconf 76' lang='grc' dir='ltr'><strong>Καὶ</strong></span> <span class='ocrx_word' id='word_1_576' title='bbox 2325 3868 2444 3935; x_wconf 85' lang='grc' dir='ltr'><strong>πῶς</strong></span> <span class='ocrx_word' id='word_1_577' title='bbox 2462 3870 2529 3926; x_wconf 76' lang='grc' dir='ltr'>ἂν</span> <span class='ocrx_word' id='word_1_578' title='bbox 2552 3868 2789 3936; x_wconf 77' lang='grc' dir='ltr'>δύναιτο,</span> <span class='ocrx_word' id='word_1_579' title='bbox 2820 3868 2986 3939; x_wconf 58' lang='grc' dir='ltr'>φασὶ,</span> <span class='ocrx_word' id='word_1_580' title='bbox 3024 3868 3148 3923; x_wconf 77' lang='grc' dir='ltr'>κατ’</span> <span class='ocrx_word' id='word_1_581' title='bbox 3172 3868 3361 3924; x_wconf 69' lang='grc' dir='ltr'>οὐσίαν</span> <span class='ocrx_word' id='word_1_582' title='bbox 3385 3868 3572 3940; x_wconf 81' lang='grc' dir='ltr'>ὅμοιος</span> <span class='ocrx_word' id='word_1_583' title='bbox 3607 3864 3687 3923; x_wconf 76' lang='grc' dir='ltr'><strong>εἷο</strong></span> 
     </span>
    </p>
   </div>
   <div class='ocr_carea' id='block_1_83' title="bbox 2111 3958 3694 4033">
    <p class='ocr_par' dir='ltr' id='par_1_83' title="bbox 2111 3958 3694 4033">
     <span class='ocr_line' id='line_1_84' title="bbox 2111 3958 3694 4033; baseline 0 -20"><span class='ocrx_word' id='word_1_584' title='bbox 2111 3976 2199 4014; x_wconf 90' lang='grc' dir='ltr'><strong>ναι</strong></span> <span class='ocrx_word' id='word_1_585' title='bbox 2224 3958 2303 4031; x_wconf 85' lang='grc' dir='ltr'><strong>τῷ</strong></span> <span class='ocrx_word' id='word_1_586' title='bbox 2343 3960 2520 4033; x_wconf 74' lang='grc' dir='ltr'>Πατρὶ</span> <span class='ocrx_word' id='word_1_587' title='bbox 2546 3962 2573 4013; x_wconf 97' lang='lat'><strong>6</strong></span> <span class='ocrx_word' id='word_1_588' title='bbox 2593 3959 2745 4025; x_wconf 82' lang='grc' dir='ltr'>Υἰδς,</span> <span class='ocrx_word' id='word_1_589' title='bbox 2769 3962 2798 4013; x_wconf 89' lang='lat'><strong>6</strong></span> <span class='ocrx_word' id='word_1_590' title='bbox 2823 3959 2997 4029; x_wconf 77' lang='grc' dir='ltr'>λέγων</span> <span class='ocrx_word' id='word_1_591' title='bbox 3030 3959 3310 4031; x_wconf 76' lang='grc' dir='ltr'>εἰληφέναι</span> <span class='ocrx_word' id='word_1_592' title='bbox 3343 3959 3523 4013; x_wconf 80' lang='grc' dir='ltr'>πάντα</span> <span class='ocrx_word' id='word_1_593' title='bbox 3540 3959 3694 4032; x_wconf 75' lang='grc' dir='ltr'>παρὰ</span> 
     </span>
    </p>
   </div>
   <div class='ocr_carea' id='block_1_84' title="bbox 2108 4048 3691 4124">
    <p class='ocr_par' dir='ltr' id='par_1_84' title="bbox 2108 4048 3691 4124">
     <span class='ocr_line' id='line_1_85' title="bbox 2108 4048 3691 4124; baseline 0.001 -20"><span class='ocrx_word' id='word_1_594' title='bbox 2108 4048 2204 4104; x_wconf 76' lang='grc' dir='ltr'><strong>τοῦ</strong></span> <span class='ocrx_word' id='word_1_595' title='bbox 2239 4052 2451 4123; x_wconf 83' lang='grc' dir='ltr'>Πατρός</span> <span class='ocrx_word' id='word_1_596' title='bbox 2474 4092 2491 4116; x_wconf 86' lang='grc'><strong><em>,</em></strong></span> <span class='ocrx_word' id='word_1_597' title='bbox 2528 4052 2709 4121; x_wconf 80' lang='grc' dir='ltr'>Ἔχων</span> <span class='ocrx_word' id='word_1_598' title='bbox 2748 4049 2879 4122; x_wconf 82' lang='grc' dir='ltr'>γὰρ,</span> <span class='ocrx_word' id='word_1_599' title='bbox 2905 4052 3015 4105; x_wconf 66' lang='grc' dir='ltr'><strong>οὐ»</strong></span> <span class='ocrx_word' id='word_1_600' title='bbox 3064 4051 3131 4106; x_wconf 71' lang='grc' dir='ltr'>ἂν</span> <span class='ocrx_word' id='word_1_601' title='bbox 3187 4049 3427 4117; x_wconf 66' lang='grc' dir='ltr'>ἐδέξατο.</span> <span class='ocrx_word' id='word_1_602' title='bbox 3471 4049 3691 4124; x_wconf 75' lang='grc' dir='ltr'>Ἐπειδὴ</span> 
     </span>
    </p>
   </div>
   <div class='ocr_carea' id='block_1_85' title="bbox 2107 4140 3692 4217">
    <p class='ocr_par' dir='ltr' id='par_1_85' title="bbox 2107 4140 3692 4217">
     <span class='ocr_line' id='line_1_86' title="bbox 2107 4140 3692 4217; baseline 0 -21"><span class='ocrx_word' id='word_1_603' title='bbox 2107 4141 2165 4196; x_wconf 65' lang='grc' dir='ltr'><strong>δὲ</strong></span> <span class='ocrx_word' id='word_1_604' title='bbox 2193 4140 2444 4213; x_wconf 78' lang='grc' dir='ltr'>φαίνεται</span> <span class='ocrx_word' id='word_1_605' title='bbox 2469 4140 2677 4210; x_wconf 75' lang='grc' dir='ltr'>λαϐὼν,</span> <span class='ocrx_word' id='word_1_606' title='bbox 2697 4141 2775 4208; x_wconf 81' lang='grc' dir='ltr'><strong>ὡς</strong></span> <span class='ocrx_word' id='word_1_607' title='bbox 2798 4142 2961 4207; x_wconf 75' lang='grc' dir='ltr'>αὑτός</span> <span class='ocrx_word' id='word_1_608' title='bbox 2989 4158 3146 4213; x_wconf 78' lang='grc' dir='ltr'>φησι,</span> <span class='ocrx_word' id='word_1_609' title='bbox 3179 4141 3338 4217; x_wconf 71' lang='grc' dir='ltr'>δῆλός</span> <span class='ocrx_word' id='word_1_610' title='bbox 3360 4141 3511 4196; x_wconf 60' lang='grc' dir='ltr'>ἔστιν</span> <span class='ocrx_word' id='word_1_611' title='bbox 3536 4140 3692 4196; x_wconf 61' lang='grc' dir='ltr'>οὐδὲν</span> 
     </span>
    </p>
   </div>
   <div class='ocr_carea' id='block_1_86' title="bbox 2109 4230 2577 4303">
    <p class='ocr_par' dir='ltr' id='par_1_86' title="bbox 2109 4230 2577 4303">
     <span class='ocr_line' id='line_1_87' title="bbox 2109 4230 2577 4303; baseline 0.006 -18"><span class='ocrx_word' id='word_1_612' title='bbox 2109 4230 2249 4303; x_wconf 73' lang='grc' dir='ltr'><strong>ἔχων</strong></span> <span class='ocrx_word' id='word_1_613' title='bbox 2274 4230 2335 4297; x_wconf 69' lang='grc' dir='ltr'>ἐξ</span> <span class='ocrx_word' id='word_1_614' title='bbox 2360 4230 2577 4288; x_wconf 72' lang='grc' dir='ltr'>ἑαυτοῦ.</span> 
     </span>
    </p>
   </div>
   <div class='ocr_carea' id='block_1_87' title="bbox 2597 4446 3197 4517">
    <p class='ocr_par' dir='ltr' id='par_1_87' title="bbox 2597 4446 3197 4517">
     <span class='ocr_line' id='line_1_88' title="bbox 2597 4446 3197 4517; baseline 0.008 -17"><span class='ocrx_word' id='word_1_615' title='bbox 2597 4446 2756 4517; x_wconf 73' lang='grc' dir='ltr'>Πρὸς</span> <span class='ocrx_word' id='word_1_616' title='bbox 2791 4446 2969 4505; x_wconf 81' lang='grc' dir='ltr'>τοῦτο</span> <span class='ocrx_word' id='word_1_617' title='bbox 2997 4449 3197 4516; x_wconf 61' lang='grc' dir='ltr'>λύσις.</span> 
     </span>
    </p>
   </div>
   <div class='ocr_carea' id='block_1_88' title="bbox 516 4520 2021 4632">
    <p class='ocr_par' dir='ltr' id='par_1_88' title="bbox 516 4543 2004 4615">
     <span class='ocr_line' id='line_1_89' title="bbox 516 4543 2004 4615; baseline 0.005 -14"><span class='ocrx_word' id='word_1_618' title='bbox 516 4543 651 4601; x_wconf 84' lang='lat' dir='ltr'><strong>Cum</strong></span> <span class='ocrx_word' id='word_1_619' title='bbox 698 4544 863 4615; x_wconf 86' lang='lat' dir='ltr'><strong>Igitur</strong></span> <span class='ocrx_word' id='word_1_620' title='bbox 906 4545 1092 4601; x_wconf 84' lang='lat' dir='ltr'><strong>audies</strong></span> <span class='ocrx_word' id='word_1_621' title='bbox 1143 4547 1412 4602; x_wconf 86' lang='lat' dir='ltr'><strong>dicentem</strong></span> <span class='ocrx_word' id='word_1_622' title='bbox 1466 4547 1664 4603; x_wconf 83' lang='lat' dir='ltr'><strong>Filium</strong></span> <span class='ocrx_word' id='word_1_623' title='bbox 1694 4549 1718 4582; x_wconf 80' lang='grc'><strong>⁸</strong></span> <span class='ocrx_word' id='word_1_624' title='bbox 1750 4565 1767 4607; x_wconf 86' lang='lat'><strong>:</strong></span> <span class='ocrx_word' id='word_1_625' title='bbox 1802 4568 1821 4603; x_wconf 78' lang='grc' dir='ltr'><strong>ι</strong></span> <span class='ocrx_word' id='word_1_626' title='bbox 1876 4552 2004 4608; x_wconf 87' lang='lat' dir='ltr'><strong>0m-</strong></span> 
     </span>
    </p>
   </div>
   <div class='ocr_carea' id='block_1_89' title="bbox 2136 4520 3737 4632">
    <p class='ocr_par' dir='ltr' id='par_1_89' title="bbox 2176 4553 3737 4632">
     <span class='ocr_line' id='line_1_90' title="bbox 2176 4553 3737 4632; baseline 0.001 -17"><span class='ocrx_word' id='word_1_627' title='bbox 2176 4560 2345 4615; x_wconf 76' lang='lat' dir='ltr'><strong>&#39;0rav</strong></span> <span class='ocrx_word' id='word_1_628' title='bbox 2391 4553 2485 4614; x_wconf 79' lang='grc' dir='ltr'>οὖν</span> <span class='ocrx_word' id='word_1_629' title='bbox 2534 4559 2776 4632; x_wconf 71' lang='grc' dir='ltr'>ἀκούσῃς</span> <span class='ocrx_word' id='word_1_630' title='bbox 2823 4559 3075 4629; x_wconf 79' lang='grc' dir='ltr'>λέγοντος</span> <span class='ocrx_word' id='word_1_631' title='bbox 3116 4559 3211 4615; x_wconf 85' lang='grc' dir='ltr'><strong>τοῦ</strong></span> <span class='ocrx_word' id='word_1_632' title='bbox 3243 4559 3398 4629; x_wconf 59' lang='lat' dir='ltr'><strong>Tios,</strong></span> <span class='ocrx_word' id='word_1_633' title='bbox 3429 4579 3451 4614; x_wconf 79' lang='grc' dir='ltr'><strong>σ</strong></span> <span class='ocrx_word' id='word_1_634' title='bbox 3487 4562 3674 4617; x_wconf 78' lang='grc' dir='ltr'>Πάντα</span> <span class='ocrx_word' id='word_1_635' title='bbox 3736 4586 3737 4589; x_wconf 50' lang='grc' dir='ltr'><strong>η</strong></span> 
     </span>
    </p>
   </div>
   <div class='ocr_carea' id='block_1_90' title="bbox 442 4634 2006 4704">
    <p class='ocr_par' dir='ltr' id='par_1_90' title="bbox 442 4634 2006 4704">
     <span class='ocr_line' id='line_1_91' title="bbox 442 4634 2006 4704; baseline 0.005 -14"><span class='ocrx_word' id='word_1_636' title='bbox 442 4634 535 4690; x_wconf 86' lang='lat' dir='ltr'><strong>nia</strong></span> <span class='ocrx_word' id='word_1_637' title='bbox 562 4649 681 4704; x_wconf 79' lang='lat' dir='ltr'><strong>quae</strong></span> <span class='ocrx_word' id='word_1_638' title='bbox 709 4634 869 4690; x_wconf 88' lang='lat' dir='ltr'><strong>habet</strong></span> <span class='ocrx_word' id='word_1_639' title='bbox 900 4635 1061 4691; x_wconf 87' lang='lat' dir='ltr'><strong>Pater</strong></span> <span class='ocrx_word' id='word_1_640' title='bbox 1092 4651 1213 4693; x_wconf 87' lang='lat' dir='ltr'><strong>mea</strong></span> <span class='ocrx_word' id='word_1_641' title='bbox 1250 4649 1396 4702; x_wconf 85' lang='lat' dir='ltr'><strong>sunt.</strong></span> <span class='ocrx_word' id='word_1_642' title='bbox 1428 4649 1483 4694; x_wconf 91' lang='lat' dir='ltr'><strong>et</strong></span> <span class='ocrx_word' id='word_1_643' title='bbox 1524 4640 1706 4695; x_wconf 88' lang='lat' dir='ltr'><strong>omnia</strong></span> <span class='ocrx_word' id='word_1_644' title='bbox 1741 4656 1855 4696; x_wconf 84' lang='lat' dir='ltr'><strong>mea</strong></span> <span class='ocrx_word' id='word_1_645' title='bbox 1878 4650 2006 4699; x_wconf 90' lang='lat' dir='ltr'><strong>sunt</strong></span> 
     </span>
    </p>
   </div>
   <div class='ocr_carea' id='block_1_91' title="bbox 443 4726 2008 4795">
    <p class='ocr_par' dir='ltr' id='par_1_91' title="bbox 443 4726 2008 4795">
     <span class='ocr_line' id='line_1_92' title="bbox 443 4726 2008 4795; baseline 0.004 -12"><span class='ocrx_word' id='word_1_646' title='bbox 443 4727 643 4790; x_wconf 86' lang='lat' dir='ltr'><strong>Patris,</strong></span> <span class='ocrx_word' id='word_1_647' title='bbox 670 4745 687 4778; x_wconf 84' lang='grc' dir='ltr'><strong>ι</strong></span> <span class='ocrx_word' id='word_1_648' title='bbox 718 4726 844 4795; x_wconf 90' lang='lat' dir='ltr'><strong>quid</strong></span> <span class='ocrx_word' id='word_1_649' title='bbox 884 4728 1055 4791; x_wconf 86' lang='lat' dir='ltr'><strong>dices,</strong></span> <span class='ocrx_word' id='word_1_650' title='bbox 1092 4729 1392 4785; x_wconf 65' lang='lat' dir='ltr'><strong>heretico?</strong></span> <span class='ocrx_word' id='word_1_651' title='bbox 1438 4730 1495 4785; x_wconf 87' lang='lat' dir='ltr'><strong>Si</strong></span> <span class='ocrx_word' id='word_1_652' title='bbox 1545 4732 1689 4787; x_wconf 91' lang='lat' dir='ltr'><strong>enim</strong></span> <span class='ocrx_word' id='word_1_653' title='bbox 1729 4746 1797 4786; x_wconf 81' lang='lat' dir='ltr'><strong>ex</strong></span> <span class='ocrx_word' id='word_1_654' title='bbox 1829 4741 2008 4789; x_wconf 76' lang='lat' dir='ltr'><strong>vestra</strong></span> 
     </span>
    </p>
   </div>
   <div class='ocr_carea' id='block_1_92' title="bbox 440 4816 2001 4892">
    <p class='ocr_par' dir='ltr' id='par_1_92' title="bbox 440 4816 2001 4892">
     <span class='ocr_line' id='line_1_93' title="bbox 440 4816 2001 4892; baseline 0.004 -18"><span class='ocrx_word' id='word_1_655' title='bbox 440 4819 701 4889; x_wconf 84' lang='lat' dir='ltr'><strong>opinione</strong></span> <span class='ocrx_word' id='word_1_656' title='bbox 734 4816 904 4875; x_wconf 79' lang='lat' dir='ltr'><strong>Filius</strong></span> <span class='ocrx_word' id='word_1_657' title='bbox 944 4820 1080 4873; x_wconf 88' lang='lat' dir='ltr'><strong>nihil</strong></span> <span class='ocrx_word' id='word_1_658' title='bbox 1111 4822 1270 4876; x_wconf 91' lang='lat' dir='ltr'><strong>habet</strong></span> <span class='ocrx_word' id='word_1_659' title='bbox 1296 4838 1360 4877; x_wconf 77' lang='lat' dir='ltr'><strong>es</strong></span> <span class='ocrx_word' id='word_1_660' title='bbox 1406 4823 1616 4892; x_wconf 85' lang='lat' dir='ltr'><strong>seipso,</strong></span> <span class='ocrx_word' id='word_1_661' title='bbox 1666 4824 1800 4878; x_wconf 90' lang='lat' dir='ltr'><strong>nihil</strong></span> <span class='ocrx_word' id='word_1_662' title='bbox 1834 4825 2001 4881; x_wconf 85' lang='lat' dir='ltr'><strong>etiam</strong></span> 
     </span>
    </p>
   </div>
   <div class='ocr_carea' id='block_1_93' title="bbox 439 4898 1996 4979">
    <p class='ocr_par' dir='ltr' id='par_1_93' title="bbox 439 4898 1996 4979">
     <span class='ocr_line' id='line_1_94' title="bbox 439 4898 1996 4979; baseline 0.003 -14"><span class='ocrx_word' id='word_1_663' title='bbox 439 4926 509 4965; x_wconf 81' lang='lat' dir='ltr'><strong>ex</strong></span> <span class='ocrx_word' id='word_1_664' title='bbox 543 4910 719 4979; x_wconf 86' lang='lat' dir='ltr'><strong>seipso</strong></span> <span class='ocrx_word' id='word_1_665' title='bbox 755 4898 977 4967; x_wconf 86' lang='lat' dir='ltr'><strong>habebit</strong></span> <span class='ocrx_word' id='word_1_666' title='bbox 1002 4912 1193 4979; x_wconf 88' lang='lat' dir='ltr'><strong>Pater;</strong></span> <span class='ocrx_word' id='word_1_667' title='bbox 1218 4922 1274 4967; x_wconf 88' lang='lat' dir='ltr'><strong>et</strong></span> <span class='ocrx_word' id='word_1_668' title='bbox 1300 4915 1345 4968; x_wconf 90' lang='lat' dir='ltr'><strong>si</strong></span> <span class='ocrx_word' id='word_1_669' title='bbox 1372 4912 1532 4967; x_wconf 89' lang='lat' dir='ltr'><strong>Pater</strong></span> <span class='ocrx_word' id='word_1_670' title='bbox 1559 4916 1740 4970; x_wconf 85' lang='lat' dir='ltr'><strong>omnia</strong></span> <span class='ocrx_word' id='word_1_671' title='bbox 1771 4927 1996 4971; x_wconf 83' lang='lat' dir='ltr'><strong>natura-</strong></span> 
     </span>
    </p>
   </div>
   <div class='ocr_carea' id='block_1_94' title="bbox 442 5000 1997 5067">
    <p class='ocr_par' dir='ltr' id='par_1_94' title="bbox 442 5000 1997 5067">
     <span class='ocr_line' id='line_1_95' title="bbox 442 5000 1997 5067; baseline 0.005 -12"><span class='ocrx_word' id='word_1_672' title='bbox 442 5000 570 5056; x_wconf 84' lang='lat' dir='ltr'><strong>liter</strong></span> <span class='ocrx_word' id='word_1_673' title='bbox 621 5002 801 5067; x_wconf 87' lang='lat' dir='ltr'><strong>habet,</strong></span> <span class='ocrx_word' id='word_1_674' title='bbox 856 5002 1076 5058; x_wconf 84' lang='lat' dir='ltr'><strong>habebit</strong></span> <span class='ocrx_word' id='word_1_675' title='bbox 1126 5006 1227 5058; x_wconf 90' lang='lat' dir='ltr'><strong>hoc</strong></span> <span class='ocrx_word' id='word_1_676' title='bbox 1282 5014 1336 5059; x_wconf 90' lang='lat' dir='ltr'><strong>et</strong></span> <span class='ocrx_word' id='word_1_677' title='bbox 1383 5003 1572 5060; x_wconf 81' lang='lat' dir='ltr'><strong>Filius.</strong></span> <span class='ocrx_word' id='word_1_678' title='bbox 1620 5005 1997 5062; x_wconf 84' lang='lat' dir='ltr'><strong>Necessarium</strong></span> 
     </span>
    </p>
   </div>
   <div class='ocr_carea' id='block_1_95' title="bbox 442 5092 1996 5167">
    <p class='ocr_par' dir='ltr' id='par_1_95' title="bbox 442 5092 1996 5167">
     <span class='ocr_line' id='line_1_96' title="bbox 442 5092 1996 5167; baseline 0.003 -19"><span class='ocrx_word' id='word_1_679' title='bbox 442 5092 611 5165; x_wconf 78' lang='lat' dir='ltr'><strong>igitur</strong></span> <span class='ocrx_word' id='word_1_680' title='bbox 632 5108 853 5163; x_wconf 89' lang='lat' dir='ltr'><strong>prorsus</strong></span> <span class='ocrx_word' id='word_1_681' title='bbox 873 5104 977 5161; x_wconf 89' lang='lat' dir='ltr'><strong>est,</strong></span> <span class='ocrx_word' id='word_1_682' title='bbox 1005 5106 1062 5149; x_wconf 91' lang='lat' dir='ltr'><strong>ut</strong></span> <span class='ocrx_word' id='word_1_683' title='bbox 1094 5096 1183 5166; x_wconf 90' lang='lat' dir='ltr'><strong>qui</strong></span> <span class='ocrx_word' id='word_1_684' title='bbox 1213 5096 1400 5150; x_wconf 91' lang='lat' dir='ltr'><strong>dicunt</strong></span> <span class='ocrx_word' id='word_1_685' title='bbox 1425 5095 1620 5151; x_wconf 86' lang='lat' dir='ltr'><strong>Filium</strong></span> <span class='ocrx_word' id='word_1_686' title='bbox 1652 5096 1782 5152; x_wconf 90' lang='lat' dir='ltr'><strong>nihil</strong></span> <span class='ocrx_word' id='word_1_687' title='bbox 1815 5113 1996 5167; x_wconf 87' lang='lat' dir='ltr'><strong>posse,</strong></span> 
     </span>
    </p>
   </div>
   <div class='ocr_carea' id='block_1_96' title="bbox 440 5185 1999 5257">
    <p class='ocr_par' dir='ltr' id='par_1_96' title="bbox 440 5185 1999 5257">
     <span class='ocr_line' id='line_1_97' title="bbox 440 5185 1999 5257; baseline 0.003 -15"><span class='ocrx_word' id='word_1_688' title='bbox 440 5185 585 5242; x_wconf 88' lang='lat' dir='ltr'><strong>idem</strong></span> <span class='ocrx_word' id='word_1_689' title='bbox 620 5200 834 5257; x_wconf 89' lang='lat' dir='ltr'><strong>quoque</strong></span> <span class='ocrx_word' id='word_1_690' title='bbox 882 5186 1028 5241; x_wconf 86' lang='lat' dir='ltr'><strong>Patri</strong></span> <span class='ocrx_word' id='word_1_691' title='bbox 1084 5189 1341 5256; x_wconf 87' lang='lat' dir='ltr'><strong>tribuant,</strong></span> <span class='ocrx_word' id='word_1_692' title='bbox 1397 5191 1653 5245; x_wconf 89' lang='lat' dir='ltr'><strong>nimirum</strong></span> <span class='ocrx_word' id='word_1_693' title='bbox 1694 5200 1753 5245; x_wconf 90' lang='lat' dir='ltr'><strong>ut</strong></span> <span class='ocrx_word' id='word_1_694' title='bbox 1804 5191 1999 5246; x_wconf 85' lang='lat' dir='ltr'><strong>habeat</strong></span> 
     </span>
    </p>
   </div>
   <div class='ocr_carea' id='block_1_97' title="bbox 440 5277 1999 5349">
    <p class='ocr_par' dir='ltr' id='par_1_97' title="bbox 440 5277 1999 5349">
     <span class='ocr_line' id='line_1_98' title="bbox 440 5277 1999 5349; baseline 0.004 -17"><span class='ocrx_word' id='word_1_695' title='bbox 440 5292 560 5348; x_wconf 72' lang='lat' dir='ltr'><strong>qua:</strong></span> <span class='ocrx_word' id='word_1_696' title='bbox 581 5277 793 5347; x_wconf 80' lang='lat' dir='ltr'><strong>Filius;</strong></span> <span class='ocrx_word' id='word_1_697' title='bbox 843 5290 935 5335; x_wconf 92' lang='lat' dir='ltr'><strong>aut</strong></span> <span class='ocrx_word' id='word_1_698' title='bbox 973 5281 1017 5336; x_wconf 90' lang='lat' dir='ltr'><strong>si</strong></span> <span class='ocrx_word' id='word_1_699' title='bbox 1070 5283 1170 5336; x_wconf 89' lang='lat' dir='ltr'><strong>hoc</strong></span> <span class='ocrx_word' id='word_1_700' title='bbox 1202 5283 1579 5337; x_wconf 79' lang='lat' dir='ltr'><strong>detestandum</strong></span> <span class='ocrx_word' id='word_1_701' title='bbox 1615 5292 1717 5349; x_wconf 88' lang='lat' dir='ltr'><strong>est,</strong></span> <span class='ocrx_word' id='word_1_702' title='bbox 1778 5298 1999 5339; x_wconf 86' lang='lat' dir='ltr'><strong>necesse</strong></span> 
     </span>
    </p>
   </div>
   <div class='ocr_carea' id='block_1_98' title="bbox 441 5366 1996 5441">
    <p class='ocr_par' dir='ltr' id='par_1_98' title="bbox 441 5366 1996 5441">
     <span class='ocr_line' id='line_1_99' title="bbox 441 5366 1996 5441; baseline 0.003 -18"><span class='ocrx_word' id='word_1_703' title='bbox 441 5376 526 5423; x_wconf 88' lang='lat' dir='ltr'><strong>est</strong></span> <span class='ocrx_word' id='word_1_704' title='bbox 557 5366 712 5423; x_wconf 79' lang='lat' dir='ltr'><strong>fateri</strong></span> <span class='ocrx_word' id='word_1_705' title='bbox 747 5368 941 5424; x_wconf 82' lang='lat' dir='ltr'><strong>Filium</strong></span> <span class='ocrx_word' id='word_1_706' title='bbox 987 5370 1263 5441; x_wconf 86' lang='lat' dir='ltr'><strong>possidere</strong></span> <span class='ocrx_word' id='word_1_707' title='bbox 1292 5372 1469 5427; x_wconf 88' lang='lat' dir='ltr'><strong>omnia</strong></span> <span class='ocrx_word' id='word_1_708' title='bbox 1490 5386 1609 5441; x_wconf 66' lang='lat' dir='ltr'><strong>quae</strong></span> <span class='ocrx_word' id='word_1_709' title='bbox 1655 5372 1837 5428; x_wconf 83' lang='lat' dir='ltr'><strong>Pater.</strong></span> <span class='ocrx_word' id='word_1_710' title='bbox 1864 5372 1996 5428; x_wconf 80' lang='lat' dir='ltr'><strong>Om—</strong></span> 
     </span>
    </p>
   </div>
   <div class='ocr_carea' id='block_1_99' title="bbox 444 5458 1994 5535">
    <p class='ocr_par' dir='ltr' id='par_1_99' title="bbox 444 5458 1994 5535">
     <span class='ocr_line' id='line_1_100' title="bbox 444 5458 1994 5535; baseline 0.007 -23"><span class='ocrx_word' id='word_1_711' title='bbox 444 5458 535 5512; x_wconf 86' lang='lat' dir='ltr'><strong>nia</strong></span> <span class='ocrx_word' id='word_1_712' title='bbox 584 5459 729 5513; x_wconf 76' lang='lat' dir='ltr'><strong>eiiim</strong></span> <span class='ocrx_word' id='word_1_713' title='bbox 782 5475 879 5515; x_wconf 91' lang='lat' dir='ltr'><strong>sua</strong></span> <span class='ocrx_word' id='word_1_714' title='bbox 911 5460 1088 5517; x_wconf 88' lang='lat' dir='ltr'><strong>Patris</strong></span> <span class='ocrx_word' id='word_1_715' title='bbox 1114 5476 1235 5516; x_wconf 90' lang='lat' dir='ltr'><strong>esse</strong></span> <span class='ocrx_word' id='word_1_716' title='bbox 1286 5463 1443 5534; x_wconf 81' lang='lat' dir='ltr'><strong>dixit,</strong></span> <span class='ocrx_word' id='word_1_717' title='bbox 1490 5474 1543 5520; x_wconf 89' lang='lat' dir='ltr'><strong>ct</strong></span> <span class='ocrx_word' id='word_1_718' title='bbox 1588 5464 1704 5535; x_wconf 76' lang='lat' dir='ltr'><strong>ipse</strong></span> <span class='ocrx_word' id='word_1_719' title='bbox 1754 5467 1994 5523; x_wconf 76' lang='lat' dir='ltr'><strong>vicissim</strong></span> 
     </span>
    </p>
   </div>
   <div class='ocr_carea' id='block_1_100' title="bbox 447 5548 1382 5623">
    <p class='ocr_par' dir='ltr' id='par_1_100' title="bbox 447 5548 1382 5623">
     <span class='ocr_line' id='line_1_101' title="bbox 447 5548 1382 5623; baseline 0.005 -17"><span class='ocrx_word' id='word_1_720' title='bbox 447 5548 646 5607; x_wconf 80' lang='lat' dir='ltr'><strong>habere</strong></span> <span class='ocrx_word' id='word_1_721' title='bbox 672 5552 850 5607; x_wconf 89' lang='lat' dir='ltr'><strong>omnia</strong></span> <span class='ocrx_word' id='word_1_722' title='bbox 881 5568 999 5623; x_wconf 75' lang='lat' dir='ltr'><strong>qua:</strong></span> <span class='ocrx_word' id='word_1_723' title='bbox 1030 5554 1206 5609; x_wconf 81' lang='lat' dir='ltr'><strong>Patris</strong></span> <span class='ocrx_word' id='word_1_724' title='bbox 1234 5564 1382 5611; x_wconf 87' lang='lat' dir='ltr'><strong>sunt.</strong></span> 
     </span>
    </p>
   </div>
   <div class='ocr_carea' id='block_1_101' title="bbox 514 5722 1439 5796">
    <p class='ocr_par' dir='ltr' id='par_1_101' title="bbox 514 5722 1439 5796">
     <span class='ocr_line' id='line_1_102' title="bbox 514 5722 1439 5796; baseline 0.006 -17"><span class='ocrx_word' id='word_1_725' title='bbox 514 5726 533 5756; x_wconf 84' lang='lat'><strong>’</strong></span> <span class='ocrx_word' id='word_1_726' title='bbox 573 5722 732 5781; x_wconf 83' lang='lat' dir='ltr'><strong>Hebr.</strong></span> <span class='ocrx_word' id='word_1_727' title='bbox 765 5741 834 5795; x_wconf 78' lang='lat' dir='ltr'><strong>tv,</strong></span> <span class='ocrx_word' id='word_1_728' title='bbox 874 5728 952 5783; x_wconf 74' lang='grc'><strong>15.</strong></span> <span class='ocrx_word' id='word_1_729' title='bbox 1032 5730 1051 5763; x_wconf 89' lang='grc'>³</span> <span class='ocrx_word' id='word_1_730' title='bbox 1076 5727 1226 5786; x_wconf 81' lang='lat' dir='ltr'><strong>Joan.</strong></span> <span class='ocrx_word' id='word_1_731' title='bbox 1258 5746 1337 5796; x_wconf 87' lang='lat' dir='ltr'><strong>lli,</strong></span> <span class='ocrx_word' id='word_1_732' title='bbox 1370 5730 1439 5785; x_wconf 76' lang='grc'><strong>’55</strong></span> 
     </span>
    </p>
   </div>
   <div class='ocr_carea' id='block_1_102' title="bbox 2103 4651 3681 4724">
    <p class='ocr_par' dir='ltr' id='par_1_102' title="bbox 2103 4651 3681 4724">
     <span class='ocr_line' id='line_1_103' title="bbox 2103 4651 3681 4724; baseline 0.003 -18"><span class='ocrx_word' id='word_1_733' title='bbox 2103 4652 2201 4706; x_wconf 82' lang='grc' dir='ltr'>ὅσα</span> <span class='ocrx_word' id='word_1_734' title='bbox 2232 4652 2345 4722; x_wconf 74' lang='grc' dir='ltr'>εχει</span> <span class='ocrx_word' id='word_1_735' title='bbox 2368 4653 2398 4704; x_wconf 91' lang='lat'><strong>6</strong></span> <span class='ocrx_word' id='word_1_736' title='bbox 2427 4651 2635 4723; x_wconf 79' lang='grc' dir='ltr'>Πατὴρ,</span> <span class='ocrx_word' id='word_1_737' title='bbox 2662 4652 2771 4722; x_wconf 69' lang='grc' dir='ltr'><strong>ἑμά</strong></span> <span class='ocrx_word' id='word_1_738' title='bbox 2804 4653 2940 4716; x_wconf 64' lang='grc' dir='ltr'>ἔστι,</span> <span class='ocrx_word' id='word_1_739' title='bbox 2962 4671 2982 4704; x_wconf 83' lang='grc' dir='ltr'><strong>ι</strong></span> <span class='ocrx_word' id='word_1_740' title='bbox 3014 4652 3113 4707; x_wconf 75' lang='grc' dir='ltr'><strong>καὶ</strong></span> <span class='ocrx_word' id='word_1_741' title='bbox 3140 4652 3213 4706; x_wconf 84' lang='grc' dir='ltr'>τὰ</span> <span class='ocrx_word' id='word_1_742' title='bbox 3252 4652 3363 4724; x_wconf 75' lang='grc' dir='ltr'>ιμά</span> <span class='ocrx_word' id='word_1_743' title='bbox 3383 4652 3560 4708; x_wconf 67' lang='grc' dir='ltr'>πάντα</span> <span class='ocrx_word' id='word_1_744' title='bbox 3584 4655 3681 4711; x_wconf 85' lang='grc' dir='ltr'><strong>τοῦ</strong></span> 
     </span>
    </p>
   </div>
   <div class='ocr_carea' id='block_1_103' title="bbox 2104 4741 3681 4817">
    <p class='ocr_par' dir='ltr' id='par_1_103' title="bbox 2104 4741 3681 4817">
     <span class='ocr_line' id='line_1_104' title="bbox 2104 4741 3681 4817; baseline 0.003 -23"><span class='ocrx_word' id='word_1_745' title='bbox 2104 4742 2317 4813; x_wconf 81' lang='grc' dir='ltr'>Πατρός</span> <span class='ocrx_word' id='word_1_746' title='bbox 2347 4744 2487 4807; x_wconf 63' lang='grc' dir='ltr'>ἐστι,</span> <span class='ocrx_word' id='word_1_747' title='bbox 2514 4742 2568 4794; x_wconf 90' lang='grc' dir='ltr'><strong>τί</strong></span> <span class='ocrx_word' id='word_1_748' title='bbox 2596 4741 2703 4812; x_wconf 73' lang='grc' dir='ltr'>ἄρα</span> <span class='ocrx_word' id='word_1_749' title='bbox 2728 4742 2996 4812; x_wconf 79' lang='grc' dir='ltr'>ποιήσεις,</span> <span class='ocrx_word' id='word_1_750' title='bbox 3049 4742 3331 4813; x_wconf 74' lang='grc' dir='ltr'>αἰρετιιιές</span> <span class='ocrx_word' id='word_1_751' title='bbox 3358 4744 3420 4798; x_wconf 81' lang='grc' dir='ltr'>Εἰ</span> <span class='ocrx_word' id='word_1_752' title='bbox 3453 4744 3561 4817; x_wconf 75' lang='grc' dir='ltr'><strong>γὰρ</strong></span> <span class='ocrx_word' id='word_1_753' title='bbox 3590 4745 3681 4798; x_wconf 76' lang='grc' dir='ltr'><strong>οὐ·</strong></span> 
     </span>
    </p>
   </div>
   <div class='ocr_carea' id='block_1_104' title="bbox 2103 4832 3679 4905">
    <p class='ocr_par' dir='ltr' id='par_1_104' title="bbox 2103 4832 3679 4905">
     <span class='ocr_line' id='line_1_105' title="bbox 2103 4832 3679 4905; baseline 0.003 -18"><span class='ocrx_word' id='word_1_754' title='bbox 2103 4832 2191 4887; x_wconf 80' lang='grc' dir='ltr'>δὲν</span> <span class='ocrx_word' id='word_1_755' title='bbox 2219 4833 2351 4903; x_wconf 78' lang='grc' dir='ltr'>ἔχει,</span> <span class='ocrx_word' id='word_1_756' title='bbox 2374 4833 2495 4887; x_wconf 80' lang='grc' dir='ltr'>καθ’</span> <span class='ocrx_word' id='word_1_757' title='bbox 2519 4834 2681 4903; x_wconf 79' lang='grc' dir='ltr'>ὑμᾶς,</span> <span class='ocrx_word' id='word_1_758' title='bbox 2709 4834 2738 4885; x_wconf 88' lang='lat'><strong>6</strong></span> <span class='ocrx_word' id='word_1_759' title='bbox 2772 4832 2897 4897; x_wconf 74' lang='grc' dir='ltr'><strong>Υἱὸς</strong></span> <span class='ocrx_word' id='word_1_760' title='bbox 2925 4834 2985 4901; x_wconf 71' lang='grc' dir='ltr'>ἐξ</span> <span class='ocrx_word' id='word_1_761' title='bbox 3008 4834 3223 4899; x_wconf 69' lang='grc' dir='ltr'>ἑαυτοῦ,</span> <span class='ocrx_word' id='word_1_762' title='bbox 3258 4834 3371 4905; x_wconf 73' lang='grc' dir='ltr'>ἔχει</span> <span class='ocrx_word' id='word_1_763' title='bbox 3401 4834 3560 4890; x_wconf 87' lang='grc' dir='ltr'>τοῦτο</span> <span class='ocrx_word' id='word_1_764' title='bbox 3584 4837 3679 4891; x_wconf 73' lang='grc' dir='ltr'><strong>καὶ</strong></span> 
     </span>
    </p>
   </div>
   <div class='ocr_carea' id='block_1_105' title="bbox 2100 4924 3677 4997">
    <p class='ocr_par' dir='ltr' id='par_1_105' title="bbox 2100 4924 3677 4997">
     <span class='ocr_line' id='line_1_106' title="bbox 2100 4924 3677 4997; baseline 0.003 -21"><span class='ocrx_word' id='word_1_765' title='bbox 2100 4925 2129 4976; x_wconf 96' lang='lat'><strong>6</strong></span> <span class='ocrx_word' id='word_1_766' title='bbox 2168 4926 2381 4995; x_wconf 67' lang='grc' dir='ltr'><strong>Πατήρ⁹</strong></span> <span class='ocrx_word' id='word_1_767' title='bbox 2422 4925 2517 4977; x_wconf 79' lang='grc' dir='ltr'><strong>καὶ</strong></span> <span class='ocrx_word' id='word_1_768' title='bbox 2538 4925 2588 4976; x_wconf 88' lang='grc' dir='ltr'><strong>εἰ</strong></span> <span class='ocrx_word' id='word_1_769' title='bbox 2620 4924 2796 4978; x_wconf 82' lang='grc' dir='ltr'>πάντα</span> <span class='ocrx_word' id='word_1_770' title='bbox 2826 4924 2938 4995; x_wconf 72' lang='grc' dir='ltr'>ἔχει</span> <span class='ocrx_word' id='word_1_771' title='bbox 2993 4924 3235 4993; x_wconf 78' lang='grc' dir='ltr'>φυσικῶς</span> <span class='ocrx_word' id='word_1_772' title='bbox 3258 4926 3290 4978; x_wconf 89' lang='lat'><strong>6</strong></span> <span class='ocrx_word' id='word_1_773' title='bbox 3320 4924 3531 4996; x_wconf 79' lang='grc' dir='ltr'>Πατὴρ,</span> <span class='ocrx_word' id='word_1_774' title='bbox 3566 4925 3677 4997; x_wconf 74' lang='grc' dir='ltr'>εχει</span> 
     </span>
    </p>
   </div>
   <div class='ocr_carea' id='block_1_106' title="bbox 2101 5014 3681 5087">
    <p class='ocr_par' dir='ltr' id='par_1_106' title="bbox 2101 5014 3681 5087">
     <span class='ocr_line' id='line_1_107' title="bbox 2101 5014 3681 5087; baseline 0.001 -18"><span class='ocrx_word' id='word_1_775' title='bbox 2101 5016 2261 5070; x_wconf 87' lang='grc' dir='ltr'>τοῦτο</span> <span class='ocrx_word' id='word_1_776' title='bbox 2287 5016 2378 5069; x_wconf 70' lang='grc' dir='ltr'>καὶ</span> <span class='ocrx_word' id='word_1_777' title='bbox 2411 5018 2440 5069; x_wconf 88' lang='lat'><strong>6</strong></span> <span class='ocrx_word' id='word_1_778' title='bbox 2460 5014 2606 5079; x_wconf 79' lang='grc' dir='ltr'><strong>Υἱός.</strong></span> <span class='ocrx_word' id='word_1_779' title='bbox 2662 5016 2901 5087; x_wconf 72' lang='grc' dir='ltr'><strong>Ἀνάγκη</strong></span> <span class='ocrx_word' id='word_1_780' title='bbox 2926 5016 3124 5081; x_wconf 80' lang='grc' dir='ltr'>τοίνυν,</span> <span class='ocrx_word' id='word_1_781' title='bbox 3166 5014 3200 5085; x_wconf 82' lang='grc' dir='ltr'>ἢ</span> <span class='ocrx_word' id='word_1_782' title='bbox 3233 5015 3296 5069; x_wconf 77' lang='grc' dir='ltr'>τὸ</span> <span class='ocrx_word' id='word_1_783' title='bbox 3335 5016 3501 5087; x_wconf 79' lang='grc' dir='ltr'>μηδὲν</span> <span class='ocrx_word' id='word_1_784' title='bbox 3532 5016 3681 5087; x_wconf 66' lang='grc' dir='ltr'>ἔχειν.</span> 
     </span>
    </p>
   </div>
   <div class='ocr_carea' id='block_1_107' title="bbox 2102 5105 3674 5177">
    <p class='ocr_par' dir='ltr' id='par_1_107' title="bbox 2102 5105 3674 5177">
     <span class='ocr_line' id='line_1_108' title="bbox 2102 5105 3674 5177; baseline 0.001 -16"><span class='ocrx_word' id='word_1_785' title='bbox 2102 5106 2361 5162; x_wconf 84' lang='grc' dir='ltr'>δύνασθαι</span> <span class='ocrx_word' id='word_1_786' title='bbox 2385 5107 2647 5175; x_wconf 76' lang='grc' dir='ltr'>λέγοντας</span> <span class='ocrx_word' id='word_1_787' title='bbox 2686 5106 2779 5160; x_wconf 81' lang='grc' dir='ltr'>τὸν</span> <span class='ocrx_word' id='word_1_788' title='bbox 2807 5106 2955 5171; x_wconf 84' lang='grc' dir='ltr'>Υἰὸν,</span> <span class='ocrx_word' id='word_1_789' title='bbox 3020 5105 3323 5177; x_wconf 81' lang='grc' dir='ltr'>περιθεῖναι</span> <span class='ocrx_word' id='word_1_790' title='bbox 3372 5105 3532 5161; x_wconf 87' lang='grc' dir='ltr'>τοῦτο</span> <span class='ocrx_word' id='word_1_791' title='bbox 3581 5110 3674 5161; x_wconf 79' lang='grc' dir='ltr'><strong>καὶ</strong></span> 
     </span>
    </p>
   </div>
   <div class='ocr_carea' id='block_1_108' title="bbox 2100 5196 3673 5273">
    <p class='ocr_par' dir='ltr' id='par_1_108' title="bbox 2100 5196 3673 5273">
     <span class='ocr_line' id='line_1_109' title="bbox 2100 5196 3673 5273; baseline 0.001 -22"><span class='ocrx_word' id='word_1_792' title='bbox 2100 5197 2178 5268; x_wconf 82' lang='grc' dir='ltr'>τῷ</span> <span class='ocrx_word' id='word_1_793' title='bbox 2207 5200 2403 5270; x_wconf 75' lang='grc' dir='ltr'>Πατρὶ,</span> <span class='ocrx_word' id='word_1_794' title='bbox 2434 5198 2500 5251; x_wconf 84' lang='grc' dir='ltr'><strong>ἵν’</strong></span> <span class='ocrx_word' id='word_1_795' title='bbox 2533 5196 2669 5269; x_wconf 74' lang='grc' dir='ltr'><strong>ἔχων</strong></span> <span class='ocrx_word' id='word_1_796' title='bbox 2694 5198 2953 5273; x_wconf 33' lang='grc' dir='ltr'>φαίνηται,</span> <span class='ocrx_word' id='word_1_797' title='bbox 2982 5196 3053 5251; x_wconf 79' lang='grc' dir='ltr'>τὰ</span> <span class='ocrx_word' id='word_1_798' title='bbox 3069 5196 3164 5250; x_wconf 89' lang='grc' dir='ltr'><strong>τοῦ</strong></span> <span class='ocrx_word' id='word_1_799' title='bbox 3194 5197 3347 5253; x_wconf 83' lang='grc' dir='ltr'>Υἰοῦ⁶</span> <span class='ocrx_word' id='word_1_800' title='bbox 3381 5196 3415 5267; x_wconf 73' lang='grc' dir='ltr'>ἢ</span> <span class='ocrx_word' id='word_1_801' title='bbox 3445 5198 3496 5251; x_wconf 87' lang='grc' dir='ltr'><strong>εἰ</strong></span> <span class='ocrx_word' id='word_1_802' title='bbox 3515 5198 3673 5252; x_wconf 81' lang='grc' dir='ltr'>τοῦτο</span> 
     </span>
    </p>
   </div>
   <div class='ocr_carea' id='block_1_109' title="bbox 2101 5286 3671 5361">
    <p class='ocr_par' dir='ltr' id='par_1_109' title="bbox 2101 5286 3671 5361">
     <span class='ocr_line' id='line_1_110' title="bbox 2101 5286 3671 5361; baseline 0 -19"><span class='ocrx_word' id='word_1_803' title='bbox 2101 5290 2383 5359; x_wconf 79' lang='grc' dir='ltr'>φευκτέον,</span> <span class='ocrx_word' id='word_1_804' title='bbox 2411 5289 2621 5361; x_wconf 72' lang='grc' dir='ltr'><strong>ἀνάγκη</strong></span> <span class='ocrx_word' id='word_1_805' title='bbox 2654 5289 3034 5358; x_wconf 81' lang='grc' dir='ltr'>συνομολογεῖν</span> <span class='ocrx_word' id='word_1_806' title='bbox 3087 5286 3383 5359; x_wconf 77' lang='grc' dir='ltr'>κεκτῆσθαι</span> <span class='ocrx_word' id='word_1_807' title='bbox 3410 5287 3504 5341; x_wconf 77' lang='grc' dir='ltr'>τὸν</span> <span class='ocrx_word' id='word_1_808' title='bbox 3547 5288 3671 5343; x_wconf 87' lang='grc' dir='ltr'>Υἰδν</span> 
     </span>
    </p>
   </div>
   <div class='ocr_carea' id='block_1_110' title="bbox 2101 5372 3670 5451">
    <p class='ocr_par' dir='ltr' id='par_1_110' title="bbox 2101 5372 3670 5451">
     <span class='ocr_line' id='line_1_111' title="bbox 2101 5372 3670 5451; baseline 0 -16"><span class='ocrx_word' id='word_1_809' title='bbox 2101 5381 2200 5435; x_wconf 69' lang='grc' dir='ltr'>ὅσα</span> <span class='ocrx_word' id='word_1_810' title='bbox 2247 5381 2341 5435; x_wconf 77' lang='grc' dir='ltr'><strong>καὶ</strong></span> <span class='ocrx_word' id='word_1_811' title='bbox 2390 5382 2419 5434; x_wconf 87' lang='lat'><strong>6</strong></span> <span class='ocrx_word' id='word_1_812' title='bbox 2450 5381 2659 5451; x_wconf 82' lang='grc' dir='ltr'>Πατήρ.</span> <span class='ocrx_word' id='word_1_813' title='bbox 2710 5379 2816 5434; x_wconf 85' lang='grc' dir='ltr'>Τοῦ</span> <span class='ocrx_word' id='word_1_814' title='bbox 2859 5378 3071 5451; x_wconf 83' lang='grc' dir='ltr'>Πατρὺς</span> <span class='ocrx_word' id='word_1_815' title='bbox 3117 5378 3226 5451; x_wconf 81' lang='grc' dir='ltr'><strong>γὰρ</strong></span> <span class='ocrx_word' id='word_1_816' title='bbox 3283 5378 3483 5450; x_wconf 69' lang='grc' dir='ltr'>ἔφησεν</span> <span class='ocrx_word' id='word_1_817' title='bbox 3531 5372 3670 5435; x_wconf 76' lang='grc' dir='ltr'>εῖναι</span> 
     </span>
    </p>
   </div>
   <div class='ocr_carea' id='block_1_111' title="bbox 2102 5466 3667 5540">
    <p class='ocr_par' dir='ltr' id='par_1_111' title="bbox 2102 5466 3667 5540">
     <span class='ocr_line' id='line_1_112' title="bbox 2102 5466 3667 5540; baseline -0.001 -16"><span class='ocrx_word' id='word_1_818' title='bbox 2102 5470 2279 5524; x_wconf 81' lang='grc' dir='ltr'>πάντα</span> <span class='ocrx_word' id='word_1_819' title='bbox 2326 5470 2393 5525; x_wconf 73' lang='grc' dir='ltr'><strong>τὰ</strong></span> <span class='ocrx_word' id='word_1_820' title='bbox 2444 5469 2634 5524; x_wconf 77' lang='grc' dir='ltr'>ἑαυτοῦ</span> <span class='ocrx_word' id='word_1_821' title='bbox 2665 5509 2681 5537; x_wconf 88' lang='grc'><strong><em>,</em></strong></span> <span class='ocrx_word' id='word_1_822' title='bbox 2746 5470 2841 5524; x_wconf 73' lang='grc' dir='ltr'><strong>καὶ</strong></span> <span class='ocrx_word' id='word_1_823' title='bbox 2905 5469 3066 5534; x_wconf 79' lang='grc' dir='ltr'>αὐτὸς</span> <span class='ocrx_word' id='word_1_824' title='bbox 3124 5468 3270 5540; x_wconf 70' lang='grc' dir='ltr'>ἔχειν</span> <span class='ocrx_word' id='word_1_825' title='bbox 3340 5468 3521 5526; x_wconf 80' lang='grc' dir='ltr'>πάντα</span> <span class='ocrx_word' id='word_1_826' title='bbox 3576 5466 3667 5523; x_wconf 83' lang='grc' dir='ltr'><strong>τοῦ</strong></span> 
     </span>
    </p>
   </div>
   <div class='ocr_carea' id='block_1_112' title="bbox 2102 5559 2333 5629">
    <p class='ocr_par' dir='ltr' id='par_1_112' title="bbox 2102 5559 2333 5629">
     <span class='ocr_line' id='line_1_113' title="bbox 2102 5559 2333 5629; baseline 0.009 -16"><span class='ocrx_word' id='word_1_827' title='bbox 2102 5559 2313 5629; x_wconf 82' lang='grc' dir='ltr'>Πατρός</span> <span class='ocrx_word' id='word_1_828' title='bbox 2322 5600 2333 5615; x_wconf 93' lang='grc'><strong>.</strong></span> 
     </span>
    </p>
   </div>
   <div class='ocr_carea' id='block_1_113' title="bbox 1536 5729 2924 5806">
    <p class='ocr_par' dir='ltr' id='par_1_113' title="bbox 1536 5729 2924 5806">
     <span class='ocr_line' id='line_1_114' title="bbox 1536 5729 2924 5806; baseline 0.004 -20"><span class='ocrx_word' id='word_1_829' title='bbox 1536 5730 1552 5762; x_wconf 75' lang='grc'><strong>⁸</strong></span> <span class='ocrx_word' id='word_1_830' title='bbox 1577 5729 1703 5787; x_wconf 88' lang='lat' dir='ltr'><strong>Luc.</strong></span> <span class='ocrx_word' id='word_1_831' title='bbox 1737 5749 1787 5799; x_wconf 64' lang='grc' dir='ltr'>τ,</span> <span class='ocrx_word' id='word_1_832' title='bbox 1813 5732 1896 5786; x_wconf 72' lang='grc'><strong>22.</strong></span> <span class='ocrx_word' id='word_1_833' title='bbox 1978 5733 1997 5765; x_wconf 80' lang='grc'>⁸</span> <span class='ocrx_word' id='word_1_834' title='bbox 2029 5732 2180 5789; x_wconf 78' lang='lat' dir='ltr'><strong>Joau.</strong></span> <span class='ocrx_word' id='word_1_835' title='bbox 2225 5749 2274 5799; x_wconf 75' lang='grc' dir='ltr'><strong>ι’,</strong></span> <span class='ocrx_word' id='word_1_836' title='bbox 2298 5734 2385 5789; x_wconf 81' lang='grc'><strong>50.</strong></span> <span class='ocrx_word' id='word_1_837' title='bbox 2463 5736 2483 5768; x_wconf 79' lang='grc'>⁸</span> <span class='ocrx_word' id='word_1_838' title='bbox 2513 5733 2665 5790; x_wconf 67' lang='lat' dir='ltr'><strong>toan.</strong></span> <span class='ocrx_word' id='word_1_839' title='bbox 2707 5750 2814 5806; x_wconf 67' lang='grc' dir='ltr'>ιιι-ι,</span> <span class='ocrx_word' id='word_1_840' title='bbox 2842 5734 2924 5791; x_wconf 84' lang='lat' dir='ltr'><strong>I5.</strong></span> 
     </span>
    </p>
   </div>
  </div>
