3986 6320
280 399 377 457 581

715 520 917 586 ΔᾹΛΟ,
971 518 1426 590 διηγηματικῶς.

357 633 432 686 οὐ
459 631 553 686 διὰ
596 631 661 685 τὸ
695 631 771 704 μὴ
823 631 970 701 ἔχειν
1027 633 1058 686 6
1114 631 1261 696 Υἱὸς,
1319 633 1604 702 είληφέναι
1651 633 1872 702 λέγεται

289 721 438 793 παρὰ
461 721 558 776 τοῦ
580 721 812 794 Πατρός.
844 720 1000 793 Ἐχει
1027 722 1136 791 γὰρ
1161 723 1427 790 φυσικῶς,
1458 725 1590 788 ῐδιος
1611 722 1686 778 ὢν
1706 725 1873 779 αὑτοῦ

287 814 455 882 Λόγος
489 813 587 868 καὶ
613 815 978 886 ἀπαύγασμα,
1009 815 1188 870 πάντα
1215 816 1286 870 τὰ
1317 815 1509 881 αὑτοῦ,
1552 816 1676 886 δίχα
1708 795 1872 886 μόνου

285 906 376 960 τοῦ
403 901 547 959 εῖναι
579 909 674 960 καὶ
722 907 976 976 λέγεσθαι
1024 908 1236 980 Πατήρ.
1264 909 1428 976 Λέγει
1475 908 1533 962 δι
1589 909 1872 978 εἰληφέναι

285 997 436 1068 παρὰ
456 997 554 1052 τοῦ
592 999 825 1070 Πατρδς,
863 999 1212 1070 προαναιρῶν
1253 998 1330 1062 ὡς
1354 999 1488 1062 Θεὸς
1519 998 1620 1063 τὰς
1650 999 1761 1052 τῶν
1787 999 1874 1053 al-

286 1093 518 1163 ρετικῶν
549 1092 816 1156 ὑπονοίας.
848 1089 964 1146 ’Ίνα
989 1091 1098 1163 γὰρ
1139 1092 1213 1163 μή
1252 1108 1337 1156 τις
1372 1092 1463 1146 τὸν
1488 1092 1618 1145 Υίδν
1650 1090 1871 1163 θεωρῶν

283 1187 462 1240 πάντα
503 1186 572 1240 τὰ
620 1187 715 1240 τοῦ
767 1184 978 1256 Πατρδς
1012 1185 1206 1254 ἔχοντα
1247 1185 1314 1239 ἑκ
1354 1185 1455 1254 τῆς
1501 1184 1703 1253 πολλῆς
1747 1184 1870 1238 λίαν

280 1278 598 1347 ὁμοιότητος
625 1278 718 1331 καὶ
750 1276 1176 1348 ἁπαραλλάκτου
1204 1275 1535 1347 ταυτότητος
1555 1277 1755 1347 νομίσῃ
1776 1275 1868 1328 τὸν

279 1367 444 1420 αὑτὸν
473 1363 611 1420 εἶναι
644 1367 863 1437 Πατέρα
893 1368 988 1421 καί⁵
1017 1365 1164 1433 Υίδν,
1217 1367 1312 1422 καὶ
1334 1368 1417 1432 είς
1443 1368 1543 1440 τὴν
1577 1367 1868 1422 Σαόελλίου

279 1457 494 1526 πλάνην
530 1459 759 1532 ἐκπέσῃ.
818 1459 1138 1528 ἀναγκαίως
1193 1459 1476 1532 εἰληφέναι
1527 1461 1664 1531 φησὶ
1714 1459 1869 1533 παρά

277 1548 516 1618 Πατρδς,
551 1549 796 1618 φυσικῶς
854 1549 1012 1604 τοῦτο
1043 1545 1201 1622 ἰχωνο
1236 1550 1302 1606 ἵν’
1324 1554 1353 1605 6
1392 1552 1554 1619 λόγος
1591 1552 1867 1624 είσφόρων

276 1642 372 1694 ινα
401 1641 502 1711 μὲν
543 1641 634 1696 τὸν
681 1642 909 1707 διδόντα,
953 1641 1204 1714 δεύτερον
1235 1643 1292 1698 δὲ
1330 1643 1422 1698 τὸν
1445 1643 1753 1716 δεχόμενον,
1806 1646 1866 1700 ἐν

280 1731 608 1796 ἰδιαζούσαις
639 1733 966 1788 ὑποστάσεσι
989 1734 1154 1788 δυάδα
1178 1734 1398 1807 δεικνύῃ
1436 1736 1496 1788 ού
1535 1737 1716 1808 μόνοις
1743 1737 1864 1791 δνό-

278 1840 410 1893 μασι
442 1824 913 1895 διαστελλομένην.
940 1825 1098 1889 Ἴδιος
1144 1827 1202 1881 δὲ
1232 1825 1308 1880 ὢν
1344 1827 1442 1880 τοῦ
1475 1828 1688 1897 Πατρὸς
1711 1830 1739 1881 6
1760 1829 1864 1902 Λό-

274 1929 386 1980 γος,
421 1914 517 1966 καὶ
549 1915 613 1967 ὲκ
645 1913 743 1984 τῆς
775 1915 965 1978 οὐσίας
1001 1914 1168 1969 αὑτοῦ
1201 1913 1504 1987 προελθὼν,
1547 1916 1728 1970 πάντα
1762 1916 1861 1984 μὲν
1890 1954 1935 2015 Β

272 2002 337 2055 τὰ
364 2003 460 2056 τοῦ
490 2003 702 2075 Πατρὸς
735 2004 917 2067 ἀῖδίως
943 2005 1077 2075 ἔχει.
1115 2007 1254 2077 Παρ⁹
1280 2005 1448 2060 αὑτοῦ
1483 2005 1554 2076 δέ,
1576 2024 1744 2076 φησιν
1777 2011 1858 2062 sl-

272 2091 502 2161 ληφέναι
535 2093 623 2148 διὰ
651 2096 712 2147 τὸ
739 2094 798 2160 ἐξ
833 2095 998 2150 αὐτοῦ
1027 2095 1335 2169 προελθεῖν,
1357 2096 1606 2166 φυσικῶς
1626 2097 1768 2170 ἔχων
1789 2097 1862 2155 τὰ

272 2185 448 2239 πάντα
479 2186 750 2257 προσόντα
778 2186 948 2258 αὐτῷ.

957 2387 1160 2444 ΔΛΛΟ.

335 2493 506 2546 Οὐδὲν
534 2495 613 2556 εἰς
640 2495 730 2547 τὸν
761 2493 1017 2566 θεότητος
1046 2495 1206 2564 λόγον
1231 2497 1324 2551 τὸν
1354 2496 1485 2553 Υίδν
1515 2498 1766 2570 ἀδικήσει
1793 2498 1856 2554 τδ

264 2584 475 2652 λέγειν·
546 2603 565 2634 ι
601 2586 787 2640 Πάντα
828 2605 919 2657 μοι
976 2588 1250 2659 παρεδόθη
1301 2589 1456 2661 παρά
1491 2589 1584 2644 τοῦ
1641 2590 1856 2663 Πατρός

268 2693 392 2745 μου⁸
427 2695 445 2728 ι
485 2676 619 2729 ἀλλὰ
657 2678 855 2748 μᾶλλον
881 2678 1225 2733 ἀποδεικνύει
1269 2679 1456 2749 σαφῶς
1496 2681 1640 2735 κατὰ
1689 2683 1853 2752 φύσιν

263 2768 392 2822 ὄντα
426 2769 574 2823 Ῥίόν.
620 2771 684 2823 Ei
721 2771 830 2841 γὰρ
861 2773 1039 2826 πάντα
1069 2771 1218 2843 αὐτῷ
1255 2772 1554 2844 παρεδόθη,
1594 2775 1654 2827 ὲν
1686 2774 1744 2829 δὲ
1771 2774 1852 2847 τῷ

264 2859 460 2915 πάντα
506 2863 685 2916 είπεῖν
737 2863 892 2916 οὐδὶν
923 2863 1140 2933 ἀφῆκεν
1161 2865 1337 2927 ἐκτός·
1365 2864 1467 2917 οὐκ
1491 2864 1599 2936 ἄρα
1622 2860 1702 2929 εἷς
1730 2866 1851 2920 ἐστι

262 2949 370 3002 τῶν
395 2950 634 3014 πάντων,
671 2953 814 3024 ἅπερ
851 2953 948 3006 καὶ
999 2953 1283 3024 είληφέναι
1319 2955 1507 3026 φησὶν,
1561 2955 1678 3009 ἀλλ’
1711 2957 1848 3012 ιδιά-

261 3039 462 3104 ζουσαν
498 3043 563 3095 ἐκ
593 3043 806 3115 Πατρός
829 3044 927 3115 τὴν
946 3044 1200 3114 γέννησιν
1221 3044 1354 3116 εχει.
1381 3044 1511 3110 Υίδς
1537 3045 1596 3100 δὲ
1616 3045 1693 3101 ὢν
1709 3049 1852 3104 κατὰ

261 3131 444 3200 φύσιν,
477 3134 592 3203 ἔχει
638 3135 856 3200 πάντως
888 3136 958 3191 τὰ
992 3135 1088 3190 τοῦ
1122 3137 1488 3208 γεννήσαντος
1523 3139 1652 3194 ῐδια.
1685 3141 1849 3194 Ἴδιον

257 3222 312 3276 δὲ
343 3223 438 3278 τοῦ
479 3226 843 3298 γεννήσαντος
871 3227 934 3282 τὺ
964 3229 1144 3284 πάντα
1175 3228 1344 3300 εχεινο
1383 3228 1486 3284 οὐκ
1525 3230 1635 3303 ἄρα
1661 3231 1849 3304 ἐνδεής

256 3333 400 3382 τινος
430 3320 458 3372 6
485 3317 636 3382 Υἱός.

961 3438 1167 3496 ΔΛΛΟ.

326 3569 391 3623 Ei
426 3571 605 3626 πάντα
627 3571 777 3644 αὑτῷ
804 3572 1102 3645 παρεδόθη,
1135 3574 1280 3629 καθά
1310 3592 1479 3648 φησιν
1531 3575 1719 3643 αὐτὸς,
1749 3575 1851 3633 καὶ

253 3661 461 3716 δέδοται
517 3665 575 3716 ιν
623 3665 690 3734 τῇ
738 3664 885 3734 χειρὶ
919 3665 1110 3730 αὐτοῦ,
1148 3664 1272 3721 οὔτε
1324 3667 1432 3722 τῶν
1487 3668 1710 3724 πάντων
1764 3665 1847 3734 εἷς

255 3755 430 3819 ἔσται,
450 3754 588 3810 ἀλλὰ
610 3756 706 3810 καὶ
739 3757 901 3827 μόνος
923 3760 1172 3827 φανεῖται
1214 3757 1575 3830 κληρονόμος,
1594 3759 1671 3824 ὡς
1692 3759 1841 3825 Υίός.

252 3846 314 3900 Εἰ
344 3846 455 3916 γὰρ
481 3841 559 3911 εἷς
594 3845 669 3900 ὢν
700 3848 794 3901 καὶ
825 3847 988 3912 αὐτὸς
1015 3848 1126 3902 τῶν
1155 3850 1373 3904 πάντων
1402 3849 1687 3922 ἐτύγχανε.
1712 3869 1845 3906 κατ-

253 3938 542 4008 ηριθμεῖτο
568 3938 635 3993 ἂν
663 3941 720 3993 ὲν
741 3942 854 4002 τοῖς
875 3942 1032 4007 πᾶσι,
1060 3942 1154 3996 καὶ
1173 3941 1273 3997 οὐκ
1293 3943 1359 3996 ἂν
1381 3938 1450 4014 ἦν
1483 3941 1838 4016 κληρονόμος.

263 4026 486 4096 Ἐπειδὴ
515 4027 572 4081 δὲ
605 4028 860 4096 ψαίνεται
915 4030 1097 4084 πάντα
1150 4030 1334 4085 λαϐὼν
1382 4031 1630 4101 φυσικῶς
1654 4049 1714 4086 τε
1744 4033 1841 4087 καὶ

249 4118 555 4184 οὖσιωδῶς,
584 4119 828 4191 δηλονότι
861 4121 1254 4193 διατρεχούσης
1280 4124 1360 4186 είς
1392 4123 1559 4177 αὐτὸν
1607 4123 1708 4194 τῆς
1742 4123 1838 4179 τοῦ

249 4212 614 4283 γεννήσαντος
661 4213 838 4284 ἀρχῆς
871 4231 929 4268 τε
988 4215 1083 4271 καὶ
1121 4217 1464 4286 κυριότητος,
1526 4214 1687 4280 ἄλλος
1721 4216 1839 4271 ἐστὶ

247 4299 358 4354 τῶν
389 4300 610 4355 πάντων
655 4304 715 4370 ιε
764 4305 1047 4379 ἀνάγκης,
1103 4307 1196 4362 καὶ
1235 4308 1396 4379 μόνος
1429 4307 1560 4372 rato;
1586 4306 1684 4362 τοῦ
1719 4309 1836 4363 Πας

247 4391 374 4465 τρδς
400 4393 548 4458 Υἱός.

689 4509 894 4574 ΑΛΛΟ,
937 4511 1396 4582 διηγηματικῶς.

1623 391 1626 395 ’
1706 397 2150 460 THESAURUS.

3463 407 3575 466 389

2502 524 2739 591 ALIUD,
2772 525 3062 580 narrative.

2062 635 2177 692 Non
2221 635 2345 693 ideo
2376 637 2580 692 dicitur
2603 637 2777 693 Filius
2809 652 2837 690 ιε
2878 636 3042 691 Patre
3089 633 3396 706 accepisse,
3419 631 3568 706 quod

1975 737 2136 783 antea
2161 744 2268 783 non
2295 728 2570 783 habuerit.
2594 728 2769 784 Habet
2793 728 2939 782 enim
2970 726 3316 791 naturaliter,
3339 739 3464 780 cum
3495 725 3568 780 sit

1974 820 2250 890 proprium
2282 817 2399 886 ejus
2435 817 2667 873 Verbum
2694 829 2752 873 et
2777 817 3066 886 splendor,
3095 816 3278 872 omnia
3304 828 3425 885 quae
3456 810 3565 870 Pa—

1975 909 2074 962 tris
2099 927 2110 962 :
2139 917 2370 978 excepto
2387 922 2455 963 eo
2472 908 2614 977 quod
2631 923 2808 977 neque
2826 908 2922 974 sit,
2942 920 3122 974 neque
3139 906 3359 960 dicatur
3375 903 3562 960 Pater.

1971 999 2115 1054 Dicit
2145 1008 2327 1054 autem
2351 1014 2411 1053 se
2434 1000 2717 1068 accepisse
2749 1014 2780 1052 a
2829 997 3016 1063 Patre,
3063 1010 3460 1066 praeceupans
3504 1003 3564 1051 et

1974 1088 2185 1154 tollens,
2214 1097 2275 1144 ut
2299 1089 2462 1154 Deus,
2491 1089 2872 1144 haereticorum
2904 1089 3298 1156 suspicionem.
3328 1085 3464 1141 Nam
3493 1099 3564 1142 ne

1970 1182 2274 1252 quispiam.
2311 1181 2512 1236 Filium
2541 1183 2916 1250 contemplans
2931 1181 3219 1236 habentem
3233 1178 3413 1232 omnia
3439 1190 3563 1245 qua

1968 1272 2152 1336 Pater.
2179 1275 2458 1330 existimet
2486 1275 2557 1329 ob
2588 1289 2857 1330 summam
2885 1274 3024 1329 hanc
3060 1270 3480 1327 similitudinem
3505 1275 3564 1323 et

1967 1365 2339 1420 omnimodam
2372 1365 2718 1421 identitatetn
2751 1366 2930 1436 ipsum
2973 1379 3097 1420 esse
3138 1363 3356 1418 Patrem
3390 1359 3561 1416 simul

1965 1465 2020 1510 et
2053 1453 2270 1522 Filium,
2318 1464 2375 1510 et
2419 1455 2474 1510 in
2523 1453 2747 1510 Sabeliii
2783 1468 3028 1510 errorem
3079 1451 3308 1514 incidat,
3346 1449 3558 1504 utiliter

1965 1547 2254 1602 admodum
2283 1560 2341 1601 se
2371 1562 2400 1601 a
2428 1545 2589 1603 Patre
2615 1546 2896 1615 accepisse
2939 1544 3116 1607 dicit,
3166 1557 3290 1596 cum
3327 1549 3559 1595 natura-

1967 1638 2092 1692 liter
2127 1639 2178 1692 id
2214 1639 2428 1704 habeat,
2457 1647 2518 1693 ut
2550 1639 2692 1694 ratio
2714 1638 2830 1708 ipsa
2865 1635 3110 1692 inferens
3138 1648 3308 1689 unum
3329 1631 3553 1704 quidem

1963 1741 2084 1783 esse
2117 1727 2209 1799 qni
2232 1728 2349 1792 dat,
2373 1727 2608 1782 alterum
2645 1728 2737 1798 qui
2777 1727 3028 1797 suscipit,
3065 1723 3391 1780 dualitatem
3425 1736 3556 1793 per-

1963 1833 2224 1873 sonarum
2257 1818 2550 1874 manifeste
2596 1818 2857 1874 ostendat
2907 1833 3018 1874 non
3067 1816 3203 1872 solis
3235 1814 3556 1871 nominibus

1964 1912 2298 1967 distinctam.
2339 1910 2477 1967 Cum
2500 1926 2631 1967 vero
2656 1910 2728 1966 sit
2750 1912 3032 1981 proprium
3066 1909 3248 1965 Patris
3275 1905 3550 1974 Verbum,

1963 2013 2017 2059 et
2041 2019 2106 2058 ex
2149 2005 2390 2060 essentia
2442 2004 2614 2073 ipsius
2651 2005 2949 2074 procedat,
2993 2009 3145 2057 certe
3192 1998 3378 2056 omnia
3428 2009 3555 2068 qua

1961 2093 2141 2149 Patris
2170 2105 2322 2160 sunt,
2347 2095 2418 2150 ab
2465 2105 2671 2154 aeterno
2711 2097 2899 2152 habet.
2946 2095 3089 2151 Dicit
3139 2101 3324 2149 autem
3371 2106 3432 2146 se
3480 2089 3552 2146 ab

1959 2184 2053 2240 illo
2074 2185 2374 2252 accepisse,
2409 2185 2538 2254 quia
2574 2199 2641 2240 ex
2679 2184 2795 2252 ipso
2834 2182 3120 2254 procedit:
3168 2195 3294 2238 cum
3341 2174 3555 2249 alioqui

1957 2274 2282 2329 naturaliter
2307 2273 2508 2328 habeat
2536 2274 2720 2329 omnia
2751 2287 2871 2342 qua:
2891 2271 3043 2327 Patri
3068 2271 3279 2326 insunt.

2629 2384 2866 2442 ALIUD.

2024 2523 2170 2579 Nihil
2199 2525 2358 2592 plane
2384 2523 2654 2579 divinitati
2685 2523 2808 2579 Filii
2839 2521 3054 2580 allicere
3076 2530 3279 2595 potest,
3317 2521 3504 2578 dicere
3525 2535 3547 2578 τ

1960 2635 1980 2670 ι
2021 2617 2214 2673 Omnia
2238 2618 2367 2672 mihi
2396 2619 2594 2673 tradita
2631 2627 2755 2672 sunt
2781 2634 2811 2672 a
2839 2617 3004 2671 Patre
3033 2630 3156 2670 meo
3192 2633 3206 2670 :
3251 2633 3270 2667 ι
3325 2613 3420 2670 sed
3450 2629 3550 2684 po-

1957 2709 2063 2764 tis
2086 2709 2331 2763 declarat
2366 2709 2540 2779 ipsum
2562 2709 2890 2763 naturaliter
2919 2706 3120 2763 Filium
3149 2722 3292 2764 esse.
3314 2704 3375 2762 Si
3398 2707 3546 2762 enim

1953 2799 2134 2854 omnia
2167 2799 2243 2854 illi
2273 2801 2472 2854 tradita
2507 2809 2657 2865 sunt,
2717 2809 2770 2857 et
2821 2817 2948 2856 cum
3000 2801 3237 2856 dicimus
3266 2838 3283 2864 ,
3338 2800 3544 2864 omnia.

1951 2891 2086 2944 nihil
2121 2893 2504 2960 excludimus;
2555 2902 2706 2949 certe
2737 2909 2845 2950 non
2879 2893 2986 2948 erit
3015 2895 3130 2963 ipse
3158 2907 3302 2948 unus
3332 2907 3401 2946 ex
3432 2906 3548 2948 om-

1953 2978 2114 3034 nibus
2136 2995 2258 3050 ane
2291 2995 2350 3036 se
2383 2983 2665 3050 accepisse
2693 2983 2848 3044 dicit.
2880 2983 2975 3038 sed
3010 2981 3329 3037 distinctam
3365 2995 3397 3036 a
3433 2978 3542 3036 Pa-

1954 3077 2035 3125 tre
2058 3072 2467 3140 generationem
2503 3072 2686 3129 habet.
2718 3072 2891 3129 Filius
2916 3088 3049 3126 vero
3072 3070 3397 3127 naturaliter
3415 3085 3546 3127 cum

1952 3160 2044 3225 sit,
2079 3161 2241 3217 habet
2265 3163 2449 3216 omnia
2485 3178 2609 3232 qua!
2650 3163 2934 3219 Genitoris
2959 3163 3353 3234 suntpropria.
3401 3161 3546 3219 Pro-

1954 3250 2130 3318 prium
2156 3261 2336 3306 autem
2368 3253 2647 3310 Genitoris
2669 3262 2755 3308 est
2796 3254 2980 3309 omnia
3020 3255 3224 3311 habere
3265 3273 3280 3311 :
3323 3269 3433 3310 non
3457 3261 3547 3311 est

1953 3340 2117 3411 igitur
2145 3339 2316 3398 Filius
2344 3341 2578 3414 alicujus
2601 3344 2679 3398 rei
2707 3343 2945 3415 indigus.

2635 3455 2867 3515 ALIUD.

2021 3590 2081 3647 Si
2105 3591 2288 3648 omnia
2315 3590 2366 3648 ei
2393 3591 2592 3646 tradita
2637 3601 2787 3660 sunt,
2839 3593 2983 3650 sicut
3021 3594 3137 3664 ipse
3169 3602 3422 3662 testatur,
3457 3594 3550 3651 ei-

1947 3698 2055 3754 que
2077 3685 2130 3738 in
2154 3699 2347 3740 manus
2375 3683 2521 3751 data,
2573 3701 2681 3740 non
2734 3695 2818 3742 est
2867 3701 3008 3741 unus
3044 3687 3211 3758 236
3256 3686 3539 3753 omnium;

1946 3773 2041 3828 sed
2069 3773 2218 3830 solus
2267 3783 2352 3830 est
2394 3773 2589 3839 haeres,
2624 3785 2684 3829 ut
2719 3774 2910 3832 Filius.
2960 3775 3096 3832 Nam
3140 3776 3185 3832 si
3213 3779 3330 3845 ipse
3381 3791 3529 3833 unus

1944 3867 2187 3922 omnium
2221 3868 2539 3934 exsisteret,
2578 3877 2730 3923 certe
2752 3870 3012 3925 omnibus
3037 3879 3537 3935 annumeraretur,

1946 3973 2124 4030 neque
2185 3971 2332 4015 esset
2376 3960 2574 4015 haeres.
2644 3959 2778 4017 Cum
2824 3977 2958 4018 vero
3001 3963 3184 4018 omnia
3239 3964 3539 4032 acceperit,

1946 4051 2282 4107 naturaliter
2312 4064 2477 4123 atque
2499 4053 2890 4119 essentialiter,
2925 4064 3226 4126 propagato
3270 4054 3538 4110 nimirum

1945 4142 1998 4196 in
2020 4141 2194 4211 ipsum
2223 4141 2502 4198 Genitoris
2526 4146 2608 4200 sui
2631 4145 2860 4214 imperio
2890 4156 2946 4202 et
2974 4147 3357 4204 dominatione
3390 4161 3404 4201 :
3439 4161 3537 4204 ne-

1942 4250 2095 4289 ccssa
2107 4235 2186 4288 rio
2213 4237 2465 4293 diversus
2488 4246 2573 4294 est
2593 4237 2665 4294 ab
2695 4238 2977 4309 omnibus,
3004 4245 3062 4296 et
3095 4239 3247 4297 solus
3270 4240 3538 4314 proprius

1940 4326 2120 4384 Patris
2147 4327 2341 4386 Filius.

2439 4525 2673 4594 ALIUD,
2710 4528 3003 4588 narratire.

317 4616 646 4687 Εύρέσκεταί
683 4637 788 4674 που
821 4623 994 4690 λέγων
1019 4627 1048 4679 ὁ
1092 4626 1306 4698 Σωτήρ·
1353 4647 1371 4680 ι
1409 4628 1621 4700 Ὠσπερ
1651 4632 1681 4685 6
1715 4633 1830 4686 Πα·

2019 4639 2279 4696 Servator
2345 4640 2542 4696 alicubi
2603 4641 2802 4711 inquit,
2866 4659 2887 4694 ι
2962 4641 3116 4698 Sicut
3161 4641 3327 4699 Pater
3366 4643 3535 4702 habet

247 4707 350 4776 τὴρ
382 4708 497 4777 ἔχει
534 4708 679 4780 ζωὴν
714 4711 772 4764 ὲν
818 4712 1015 4783 ἑαυτῷ,
1069 4714 1212 4769 οὕτω
1251 4717 1348 4770 καὶ
1377 4717 1456 4789 τῷ
1487 4719 1604 4790 Υίῷ
1631 4721 1830 4776 δέδωκε

1959 4734 2108 4787 vitam
2144 4733 2198 4786 in
2239 4732 2442 4801 seipso,
2481 4733 2572 4787 sic.
2604 4707 2751 4788 dedit
2775 4745 2832 4789 et
2855 4733 2994 4789 Filio
3035 4734 3239 4791 habere
3279 4736 3446 4791 vitam
3474 4738 3531 4794 in

250 4797 391 4868 ζωὴν
414 4799 559 4868 ἔχειν
599 4804 657 4854 ὲν
708 4803 906 4874 tauri}:-
932 4825 952 4857 ι
983 4807 1120 4877 ὅπερ
1153 4809 1448 4864 ἀκόλουθον
1497 4811 1640 4866 οὕτω
1665 4819 1827 4870 νοεῖν.

248 4888 344 4978 διὰ
371 4891 471 4959 μὲν
499 4893 606 4963 γὰρ
634 4891 726 4947 τοῦ
779 4893 981 4962 λέγειν,
1022 4917 1041 4948 ι
1075 4898 1310 4965 Δέδωκε,
1338 4919 1356 4952 ι
1391 4902 1453 4955 τὺ
1493 4905 1559 4957 ὲκ
1611 4905 1829 4978 Πατρὸς

248 4976 390 5046 ἔχειν
418 4979 664 5046 φυσικῶς
700 4984 975 5052 σημαίνει,
1018 4986 1113 5038 καὶ
1145 4986 1266 5039 καθ’
1307 4990 1605 5046 ὑπόστασιν
1641 4976 1830 5065 ἓτερον

161 5109 184 5129 ,
247 5067 443 5122 tatith
477 5069 612 5142 πρὸς
637 5071 729 5124 τὸν
777 5073 1050 5128 δεδωκότα
1087 5076 1342 5131 δεικνύει·
1382 5081 1568 5150 ἕτερον
1600 5082 1658 5135 δὲ
1680 5084 1830 5154 λέγω

249 5161 410 5229 μόνον
435 5160 516 5232 τῷ
536 5163 772 5234 ἀριθμῷ.
803 5167 901 5220 Διὰ.
920 5167 976 5220 δὲ
1007 5167 1101 5221 τού
1122 5168 1323 5238 λέγειν,
1361 5191 1380 5224 ι
1407 5175 1621 5246 Ὠσπερ
1653 5175 1768 5247 ἔχει
1798 5180 1828 5232 6

248 5252 458 5321 Πατὴρ.
494 5253 666 5318 οὓτως
694 5255 803 5326 ἔχει
832 5259 926 5312 καὶ
953 5259 983 5312 6
1013 5261 1158 5328 Υἱὸς,
1209 5283 1228 5316 ι
1264 5264 1424 5335 δῆλός
1459 5267 1606 5320 ἐστιν
1649 5269 1826 5322 ἐκεῖνο

1937 4819 2152 4888 seipse"
2178 4836 2193 4873 :
2223 4838 2242 4872 ι
2277 4821 2418 4888 quod
2444 4822 2524 4875 sic
2551 4820 2775 4892 intelligi
2808 4838 2908 4892 par
2929 4834 3032 4880 est.
3077 4824 3212 4880 Nam
3231 4840 3353 4881 cum
3374 4827 3530 4894 dicit,

1942 4928 1962 4961 ι
2005 4910 2172 4976 dedit,
2203 4929 2222 4963 ι
2268 4912 2408 4980 quod
2445 4927 2508 4966 cx
2549 4911 2715 4969 Patre
2753 4917 3075 4971 naturaliter
3117 4916 3318 4976 haheat
3361 4919 3531 4991 signi-

1939 5000 2088 5064 ﬁcat,
2121 5013 2175 5057 et
2223 5005 2566 5075 hypostatice
2618 5007 2688 5060 ab
2727 5021 2792 5062 eo
2837 5009 2931 5077 qui
2969 5007 3116 5064 dedit
3151 5010 3317 5063 alium
3360 5026 3524 5066 esse:

1936 5092 2124 5158 alium,
2181 5092 2423 5163 inquam,
2467 5110 2697 5151 numero
2751 5095 2947 5152 solum.
3001 5098 3134 5153 Cum
3189 5115 3322 5157 vero
3373 5102 3529 5168 dicit,

1939 5201 1958 5233 ι
1983 5182 2136 5239 Sicut
2172 5184 2334 5239 habet
2363 5183 2550 5252 Pater,
2573 5187 2646 5241 ita
2667 5186 2832 5244 habet
2863 5197 2918 5244 et
2940 5189 3109 5246 Filius
3141 5207 3156 5244 :
3184 5210 3204 5244 ι
3238 5191 3530 5248 manifeste

1937 5275 2038 5330 hoc
2071 5276 2365 5344 signiﬁcat,
2405 5279 2568 5347 quod,
2602 5279 3058 5349 quemadmodum
3085 5283 3248 5339 Pater
3278 5283 3442 5339 habet
3474 5285 3526 5338 iu

248 5339 531 5435 διδάσκων,
561 5345 644 5398 δτι
664 5345 852 5419 ὥσπερ
883 5350 1068 5416 didit»;
1091 5353 1202 5425 ἔχει
1254 5357 1282 5409 6
1315 5357 1502 5427 Πατὴρ
1549 5361 1606 5411 ὲν
1646 5361 1826 5432 ἐαυτῷ

1968 5380 1998 5419 c
2029 5366 2194 5420 vitam
2229 5367 2297 5422 ab
2324 5378 2550 5435 aeterno,
2587 5371 2658 5425 ita
2687 5380 2740 5426 et
2769 5371 2940 5428 Filius
2984 5374 3150 5428 vitam
3205 5375 3275 5429 ab
3317 5386 3530 5431 aeterno

245 5433 345 5505 τὴν
378 5435 544 5503 ζωὴν,
579 5437 719 5493 οὕτω
745 5441 839 5494 καὶ
860 5443 888 5494 6
921 5442 1045 5507 Υἱὸς
1071 5447 1254 5512 ἀϊδίως
1285 5447 1398 5519 ἔχει
1425 5449 1567 5521 ζωὴν
1603 5453 1660 5503 ἐν
1691 5453 1820 5508 ἑαυ-

251 5525 346 5595 τῷ.
378 5528 438 5582 El
476 5529 602 5598 μὲν-
628 5527 716 5585 οὖν
739 5533 917 5608 τολμᾷ
963 5554 1045 5602 τις
1089 5539 1267 5610 λέγειν
1323 5538 1463 5596 εἶναι
1502 5545 1725 5615 χρόνον»
1743 5547 1831 5599 ὅτε

253 5615 398 5688 ζωὴν
433 5620 534 5672 οὐκ
562 5615 703 5692 εἶχεν
739 5627 767 5679 6
797 5626 986 5700 Πατὴρ
1020 5631 1075 5684 ὲν
1133 5631 1331 5702 ἐαυτῷ.
1367 5627 1831 5709 κρατεῖν“ἀνά·ίκη

330 5800 344 5826 '
376 5799 530 5856 Joan.
568 5819 615 5865 ι’,
645 5804 710 5859 εδ

1934 5455 1988 5509 in
2020 5471 2080 5512 se
2132 5457 2318 5513 habet.
2355 5457 2411 5514 Si
2467 5463 2590 5530 quis
2625 5464 2791 5533 igitur
2839 5464 3003 5521 audet
3052 5466 3259 5533 dicere,
3311 5477 3526 5536 tempus

1933 5547 2153 5618 aliquod
2181 5547 2350 5606 fuisse
2396 5567 2505 5621 quo
2554 5554 2721 5608 Pater
2748 5555 2914 5611 vitam
2963 5557 3108 5613 inse
3152 5575 3260 5615 non
3312 5559 3525 5624 habuit,

1933 5641 2037 5699 hoc
2066 5641 2246 5714 ipsum
2277 5645 2441 5700 etiam
2465 5646 2518 5701 in
2546 5645 2684 5704 Filio
2713 5649 2893 5706 locum
2943 5650 3183 5708 habebit.
3230 5651 3302 5708 At
3341 5653 3387 5709 si
3418 5651 3521 5708 hoc
