3986 6320
266 454 376 514 585

1712 420 2095 483 THESAURU
2106 418 2166 477 S.

3446 399 3553 455 586

269 574 351 637 εις
380 567 656 638 τοσαύτην
682 562 874 619 ἐαυτὸν
906 558 1237 614 ταπείνωσιν
1272 552 1626 623 καταγαγὼν,
1659 551 1762 605 οὐκ
1793 548 1860 603 ἂν
1889 597 1894 611 ,

2001 538 2242 598 ecusavit
2265 575 2282 602 ,
2310 534 2408 592 sed
2456 534 2512 589 in
2538 537 2743 587 tantam
2773 523 3136 583 humilitatem
3178 534 3238 578 se
3288 520 3512 576 demisit
3540 561 3555 582 .

2132 630 2147 638 -
2172 629 2185 638 .
2344 624 2375 638 ο.
2455 623 2470 638 ι
2521 621 2538 638 ι
2600 618 2831 638 2,__‘--1:
2868 613 3150 638 ..-ΑΔ-.-.Α
3186 622 3348 638 -.ι-..Α
3376 610 3528 638 Iun“:

270 665 444 734 ἔφυγε
487 661 551 715 τὸ
594 661 654 713 ἐν
692 656 871 724 λόγοις
914 650 1112 707 ἐαυτοῦ
1143 647 1428 719 φαίνεσθαι
1472 640 1857 717 μετριώτερος.

272 757 336 810 El
390 754 491 825 μὲν
539 745 632 804 οὖν
682 748 744 801 ού
798 746 1021 815 γέγονεν
1054 740 1362 812 ἄνθρωπος,
1407 733 1861 809 περιαπτιτωσάν

271 824 419 908 τινες
458 840 538 911 τῷ
582 839 743 908 Λόγῳ
770 838 842 891 τά
879 831 1113 888 ταπεινά
1144 833 1386 903 ῥήματα,
1421 829 1516 882 καὶ
1553 824 1861 892 λεγέτωσαν

272 937 439 993 αὐτὸν
472 934 570 988 καὶ¹
598 932 813 999 ἀγνοεῖν
844 926 939 982 καὶΙ
977 924 1139 994 δόξης
1185 923 1429 994 χρῄζειν,
1474 919 1570 971 καὶ
1611 911 1863 986 δέχεσθαί

271 1046 324 1081 τι
377 1024 534 1096 παρά
578 1021 671 1076 τοῦ
714 1018 943 1090 Πατρός.
1001 1016 1065 1071 El
1122 1014 1180 1067 δὲ
1269 1011 1494 1081 γέγονεν
1550 1006 1863 1096 ἄνθρωπος,

274 1094 522 1171 εστωσαν
577 1112 677 1181 τῆς
711 1106 1133 1178 ἀνθρωπότητος
1168 1104 1225 1156 αι
1275 1101 1475 1172 φωναὶ,
1525 1098 1623 1152 καὶ
1673 1094 1864 1168 μηδεὶς

268 1204 685 1278 συκοφαντείτω
711 1186 804 1255 τὸν
829 1199 926 1254 τοῦ
962 1196 1098 1251 Θεοῦ
1120 1195 1313 1264 Λόγον,
1340 1192 1417 1255 ὡς
1447 1192 1547 1245 ούκ
1585 1190 1777 1260 ἔχοντα
1802 1185 1864 1238 τὸ

277 1276 508 1366 τέλειον,
550 1296 740 1365 ὥσπερ
791 1294 818 1347 6
864 1291 1094 1362 Πατήρ·
1150 1286 1285 1359 μηδὲ
1334 1283 1605 1355 ύϐριζὲτω
1659 1279 1721 1333 τὸ
1770 1276 1865 1331 τοῦ

278 1390 416 1447 Θεοῦ
449 1390 675 1461 γνήσιον
706 1384 975 1455 γέννημα.

968 1495 1169 1550 ΛΛΛΟ.

350 1597 466 1667 Οὐχ
490 1596 519 1649 6
538 1591 633 1647 τοῦ
659 1590 794 1647 Θεοῦ
824 1590 1014 1658 Λόγος,
1104 1586 1275 1653 Λόγος
1296 1582 1432 1649 ἐστὶ,
1468 1580 1746 1647 δοξάζεται
1776 1577 1870 1631 καὶ

273 1687 498 1759 δέχεταὶ
536 1702 590 1738 τι
622 1681 775 1753 παρά
799 1680 894 1733 τοῦ
927 1677 1161 1748 Πατρός,
1202 1676 1235 1745 ἢ
1265 1677 1360 1730 καὶ
1397 1674 1682 1742 ἁγιάζεται
1704 1712 1717 1736 ,
1755 1669 1871 1723 ἀλλ³

291 1780 445 1850 ἡμεῖς
471 1778 529 1830 ἐν
562 1774 729 1845 αὐτῷ’
768 1773 864 1827 καὶ
884 1772 951 1825 δι’
983 1770 1129 1841 ἡμᾶς
1160 1770 1279 1831 ταῖς
1304 1765 1580 1827 τοιαύταις
1618 1762 1779 1826 αὑτός
1810 1778 1871 1814 τε

287 1871 562 1940 ἐχρήσατο
588 1867 814 1937 φωναῖς,
842 1864 936 1916 καὶ
987 1864 1021 1932 ὴ
1074 1861 1193 1913 θεία
1243 1857 1434 1929 Γραφὴ
1478 1855 1704 1909 τοιαῦτά
1752 1871 1872 1907 τινα
1905 1887 1951 1949 Β

287 1960 588 2031 λέγειπερὶ
624 1956 812 2013 αὐτοῦ.
855 1956 917 2008 Εί
961 1954 1090 2024 γὰρ,
1132 1951 1316 2014 καθὼς
1352 1948 1555 2003 οίονταί
1588 1964 1752 2011 τινες,
1793 1948 1873 2009 εἰς

296 2054 377 2107 τὸν
406 2053 501 2108 τοῦ
530 2049 666 2106 Θεοῦ
692 2050 862 2117 Λόγον
900 2045 1195 2114 ἀναφέρειν
1232 2042 1337 2113 χρὴ
1374 2043 1443 2094 τά
1472 2039 1717 2103 τοιαῦτα,
1746 2037 1875 2107 ὁρά-

289 2160 471 2198 τωσαν
510 2142 583 2213 μὴ
642 2141 738 2193 καὶ
779 2139 869 2193 τὸν
916 2138 1011 2208 τῆς
1056 2135 1349 2205 ἐπιδημίας
1388 2135 1587 2204 τρόπον
1630 2130 1874 2185 ποιοῦσιν

291 2232 481 2302 ἀργὸν,
512 2229 606 2283 καὶ
638 2230 735 2299 τῆς
768 2225 918 2298 παρὰ
948 2224 1083 2279 Θεοῦ
1112 2226 1331 2296 χάριτος
1362 2223 1565 2295 ἔρημον
1595 2222 1749 2293 ἡμῶν
1778 2220 1877 2291 τὴν

292 2322 456 2391 φύσιν
489 2318 957 2375 ἀποδεικνύουσιν.
1012 2316 1073 2369 El
1103 2315 1209 2385 γὰρ
1237 2316 1265 2367 6
1299 2314 1471 2381 Λόγος
1500 2312 1647 2365 ἐστὶν
1670 2314 1697 2365 6
1723 2308 1877 2375 δοξα-

296 2411 446 2474 σθεὶς
484 2409 579 2464 καὶ
608 2406 893 2476 ἀγιασθεὶς
919 2404 1061 2460 κατὰ
1088 2404 1187 2474 τὴν
1226 2402 1477 2472 θεότητα,
1517 2401 1647 2455 ποία
1686 2401 1876 2469 γέγονε

293 2502 407 2564 τοῖς
454 2497 767 2570 ἀνθρώποις
818 2499 851 2565 ἡ
899 2495 1105 2565 δνησις,
1158 2496 1223 2545 ἐκ
1271 2490 1366 2543 τοῦ
1420 2489 1671 2558 γενέσθαι
1718 2488 1881 2540 αὐτὸν

280 2591 624 2662 ἀνθρωποη
664 2587 917 2641 Φαίνεται
944 2584 1050 2654 γὰρ
1089 2582 1252 2644 αὐτὸς
1290 2579 1529 2641 ἀναστάς
1558 2581 1622 2631 ἐκ
1650 2576 1879 2646 νεκρῶν,

295 2684 394 2754 οὐχ
415 2684 599 2754 ἡμεῖς.
631 2680 697 2733 Τί
736 2679 792 2733 δέ
822 2677 986 2733 αὑτὸν
1028 2676 1213 2729 ἐπεισε
1250 2672 1505 2743 γενέσθαι
1534 2672 1626 2725 καὶ
1664 2671 1879 2741 adipata;

296 2776 361 2829 Εί
417 2775 519 2844 μὲν
572 2772 704 2843 γάρ,
749 2770 836 2824 ἴνα
883 2770 984 2840 τὴν
1032 2766 1322 2838 ἀνθρώπου
1378 2764 1541 2834 φύσιν
1601 2762 1882 2833 ὠφελήσῃ,

301 2865 470 2939 ἀργὸν
520 2865 644 2917 κατ’
696 2862 939 2925 ἐκείνους
984 2860 1045 2912 τὺ
1092 2858 1463 2928 ἐπιχείρημα·
1514 2853 1666 2907 ούδέν
1705 2853 1814 2925 γὰρ
1852 2854 1886 2922 ή

304 2957 441 3029 σάρξ
466 2954 812 3026 ὠφεληθεῖσα
839 2953 1112 3023 φαίνεται,
1150 2949 1289 3003 ἀλλά
1325 2947 1525 3018 μᾶλλον
1566 2946 1750 3009 αὐτός.
1778 2946 1889 2997 Καὶ

302 3051 350 3102 εί
395 3049 485 3101 ὅτε
520 3046 744 3115 γέγονεν
799 3042 1105 3113 ἄνθρωπος,
1142 3039 1262 3092 τότε
1297 3037 1546 3105 φαίνεται
1593 3035 1687 3087 καὶ
1730 3032 1888 3097 δόξαν

301 3139 508 3203 λαϐὼν,
541 3137 637 3191 καὶ
672 3134 964 3205 ἀγιασμδν,
998 3132 1092 3185 καὶ
1122 3130 1389 3197 ἐξουσίαν,
1416 3129 1511 3181 καὶ
1538 3127 1635 3181 ὅσα
1666 3124 1891 3179 τοιαῦτα

307 3233 533 3302 φέρεται
587 3229 716 3299 περὶ
762 3224 952 3288 αὑτοῦ,
1006 3221 1271 3295 πρόδηλόν
1318 3223 1466 3273 ἐστιν
1512 3220 1594 3272 ὅτι
1643 3217 1749 3289 πρὸ
1795 3216 1894 3285 τῆς
1923 3246 1971 3309 c

307 3320 602 3391 ἐπιδημίας
616 3316 821 3370 τούτων
849 3314 1053 3384 ἔρημος
1084 3310 1181 3377 ὢν,
1203 3312 1322 3364 κατ’
1341 3310 1603 3373 ἐκείνους,
1630 3305 1895 3377 λαμϐάνει

307 3413 483 3469 ταῦτα
525 3410 667 3465 κατά
695 3407 783 3462 τὸν
820 3406 920 3478 τῆς
972 3398 1267 3473 ἐπιδημίας
1317 3401 1529 3472 καιρόν.
1582 3398 1757 3469 Χάριν
1805 3391 1897 3451 οὖν

302 3502 641 3578 ’όμολογείτιε
678 3503 749 3573 τῇ
791 3498 977 3567 σαρκὶ,
1022 3496 1245 3567 βελτίων
1283 3492 1640 3562 ἀναδειχθεὶς,
1672 3492 1761 3544 ὅτε
1795 3504 1898 3541 πε-

304 3598 543 3671 ,φόρεκεν
568 3593 756 3664 αὐτὴν,
786 3591 849 3644 ού
881 3586 1175 3659 βελτιώσας
1196 3584 1386 3655 αὑτήν.
1422 3582 1561 3636 Ἀλλ’
1598 3580 1715 3635 ἐστι
1741 3579 1899 3634 τοῦτο

307 3689 407 3744 καὶ
455 3687 675 3757 φρονεῖν
722 3681 817 3736 καὶ
849 3681 1029 3751 λέγειν
1065 3675 1513 3732 δυσσεϐέστατον.
1558 3673 1902 3744 Ἐπεδήμησε

315 3780 425 3852 γὰρ
472 3778 561 3831 ἵνα
606 3775 807 3848 δοξάσῃ
834 3772 926 3826 τὸν
977 3771 1264 3842 ἄνθρωπον
1298 3768 1395 3821 καὶ
1448 3766 1669 3839 ἁγιάσῃ.
1725 3766 1838 3834 Οὐχ
1875 3764 1905 3816 6

315 3872 490 3940 Λόγος
516 3869 623 3940 ἀρα
652 3866 800 3921 ἐστὶν
828 3866 857 3919 6
883 3862 1171 3934 δεχόμενός
1199 3878 1253 3914 τι
1273 3874 1288 3891 ο
1321 3859 1524 3923 τέλειος
1554 3857 1685 3929 γάρ,
1715 3855 1906 3926 ὥσπερ

318 3964 411 4017 καὶ
442 3965 472 4016 ό
512 3960 782 4031 γεννήσας
811 3955 993 4011 αὐτόν.
1041 3954 1183 4008 Ἀλλ’
1220 3955 1384 4025 ἡμεῖς
1415 3955 1473 4007 ἐν
1513 3951 1662 4023 αὐτῷ
1689 3949 1905 4021 λαμϐά-

302 4068 505 4123 ·νομεν,
538 4050 627 4104 ὅτε
676 4047 775 4120 τὴν
812 4047 1088 4119 ἡμετέραν
1147 4045 1373 4116 ἐφόρεσε
1422 4044 1606 4113 σάρκα
1634 4058 1647 4071 '
1689 4042 1765 4106 ὡς
1805 4041 1915 4115 γὰρ

318 4144 653 4207 ἀναστάντος
668 4140 857 4207 αὐτοῦ,
879 4141 1039 4212 ἡμεῖς
1058 4136 1383 4209 ἀνέστημεν,
1406 4138 1493 4190 καὶ
1512 4134 1917 4206 ἀναϐεϐηκότος

320 4236 490 4293 αὐτοῦ
524 4235 710 4299 πάλιν,
760 4235 841 4297 είς
881 4231 1145 4303 οὐρανοὺς
1179 4232 1307 4303 ἡμῖν
1357 4233 1390 4301 ἡ
1420 4229 1605 4292 ἄνοδος
1644 4225 1919 4282 άνεκαινί-

325 4329 427 4401 σθη
454 4345 467 4357 ·
512 4326 685 4391 οὕτως
721 4325 817 4379 καὶ
853 4320 1169 4390 δοξάζεσθαι
1216 4322 1309 4376 καὶ
1338 4317 1920 4390 ἀγιάζεσθαιλεγομὲ-

327 4437 445 4486 νου,
485 4420 648 4489 ἡμεῖς
678 4418 844 4487 ἐσμεν
874 4415 922 4469 oi
955 4412 1161 4468 τούτων
1194 4411 1581 4475 ἀπολαύοντες.

1954 647 2068 688 non
2100 624 2386 685 abhorruit
2419 623 2488 678 ab
2521 618 2834 691 huiusmodi
2868 613 3153 671 moderato
3186 622 3349 681 atque
3376 610 3559 666 humi-

1964 724 2102 779 liore
2129 717 2390 791 loquendi
2425 728 2641 787 genere.
2692 712 2763 767 At
2797 723 2930 765 vero
2964 708 3010 764 si
3042 706 3207 761 homo
3237 704 3413 757 lactus
3454 715 3559 754 non

1964 823 2090 881 εει,
2140 814 2380 868 tribuant
2417 805 2661 863 nonnulli
2699 802 2880 859 Verbo
2929 797 3165 854 humiles
3223 796 3359 850 istas
3402 792 3559 846 locu--

1967 910 2164 967 tiones,
2201 902 2496 969 dicantque
2523 898 2699 967 ipsum
2734 902 2789 947 ει
2843 893 3098 963 ignorare
3123 929 3138 955 ,
3174 895 3231 941 et
3277 885 3450 955 gloria
3482 882 3564 934 in-

1967 996 2174 1066 digere,
2216 1000 2381 1062 atque
2406 989 2611 1060 aliquid
2644 1002 2674 1042 a
2708 986 2874 1042 Patre
2900 982 3171 1051 accipere.
3218 976 3329 1032 Sed
3376 975 3422 1030 si
3476 971 3565 1025 la-

1970 1094 2117 1141 ctum
2141 1094 2225 1139 est
2247 1085 2432 1144 homo,
2458 1081 2566 1135 sint
2589 1080 2705 1133 haec
2728 1076 2893 1131 verba
2917 1074 3173 1128 humana:
3192 1076 3404 1123 natura:
3430 1078 3563 1118 con-

1967 1174 2239 1231 venientia
2276 1189 2289 1224 :
2320 1180 2376 1227 et
2399 1184 2562 1225 nemo
2596 1164 2966 1223 calumnietur
3008 1159 3251 1215 Verbum
3285 1155 3402 1220 Dei,
3430 1164 3556 1207 tan-

1968 1279 2131 1335 quam
2163 1277 2271 1317 non
2299 1261 2590 1315 habentem
2613 1271 2735 1311 eam
2760 1252 3176 1325 perfectionem,
3204 1260 3368 1317 quam
3397 1241 3565 1298 habet

1970 1355 2131 1411 Pater
2160 1370 2174 1407 :
2210 1368 2388 1423 neque
2413 1366 2544 1408 vero
2577 1349 2676 1405 Dei
2700 1346 2839 1402 Filio
2856 1340 3255 1402 contumeliose
3282 1336 3563 1395 insultent.

2643 1458 2877 1515 ALIUD.

2026 1559 2266 1617 Verbum
2302 1557 2421 1622 Dei,
2479 1562 2753 1626 quatenus
2794 1552 3031 1608 Verbum
3075 1557 3181 1614 est,
3239 1561 3413 1617 neque
3452 1544 3569 1617 glo-

1973 1657 2132 1717 riam,
2157 1664 2332 1722 neque
2362 1649 2506 1704 aliud
2536 1646 2834 1717 quidquam
2868 1658 2897 1697 a
2929 1642 3093 1696 Patre
3125 1639 3346 1709 accipit,
3392 1649 3571 1707 neque

1975 1744 2389 1808 sanctiﬁcatnr;
2432 1741 2529 1796 sed
2560 1754 2660 1795 nos
2692 1739 2744 1793 in
2774 1738 2895 1808 ipso
2935 1752 2951 1791 :
2992 1744 3046 1790 et
3072 1741 3296 1803 propter
3340 1745 3465 1796 nos,
3515 1738 3573 1785 et

1976 1838 2093 1910 ipse
2118 1831 2453 1904 ejuscemodi
2480 1830 2664 1885 verbis
2713 1828 2929 1894 utitur,
2980 1835 3037 1881 et
3082 1838 3239 1881 sacra
3288 1821 3571 1892 Scriptura

1983 1929 2111 1987 talia
2138 1930 2388 1999 quadam
2432 1924 2501 1979 de
2542 1922 2660 1992 ipso
2692 1921 2845 1976 dicit.
2901 1918 2961 1973 Si
2999 1918 3169 1981 enim,
3226 1925 3287 1970 ut
3327 1913 3575 1970 nonnulli

1981 2022 2297 2091 opinantur,
2325 2014 2399 2070 ad
2423 2013 2663 2068 Verbum
2700 2011 2793 2066 Dei
2823 2008 3159 2079 ejuscemodi
3189 2006 3335 2060 dicta
3376 2001 3576 2058 referri

1983 2111 2205 2171 debent,
2231 2108 2452 2162 videant
2470 2118 2536 2159 ne
2564 2100 3002 2158 incarnationem
3036 2099 3210 2167 ipsam
3229 2096 3463 2151 etiosam
3489 2094 3575 2150 in-

1986 2199 2417 2271 frugiferamque
2455 2192 2682 2259 faciant,
2736 2198 2792 2246 et
2827 2199 3079 2245 naturam
3116 2197 3358 2243 nostram
3403 2183 3580 2255 gratia

1986 2292 2080 2347 Dei
2109 2304 2335 2346 vacuam
2369 2286 2666 2344 declarent.
2718 2280 2857 2337 Nam
2889 2281 2934 2337 si
2985 2279 3225 2335 Verbum
3267 2288 3377 2344 εει,
3433 2276 3580 2346 quod

1987 2387 2040 2442 in
2071 2400 2171 2441 sua
2205 2383 2407 2439 deitate
2447 2377 2811 2450 gloriﬁcatum
2861 2382 2919 2430 et
2966 2370 3369 2428 sanctiﬁcatum
3413 2367 3583 2439 228

1987 2488 2094 2545 est,
2135 2478 2265 2549 quid
2309 2476 2525 2531 fructus
2571 2480 2664 2527 aut
2713 2466 3066 2526 emOlumenti
3110 2464 3425 2521 hominibus
3459 2461 3585 2519 inde

1990 2572 2222 2629 accessit
2250 2569 2398 2640 quod
2426 2567 2604 2621 lactus
2626 2561 2699 2617 sit
2727 2562 2891 2615 homo
2914 2558 2937 2612 ?
2965 2556 3083 2626 Ipse
3113 2555 3259 2611 enim
3283 2568 3314 2609 e
3352 2550 3585 2607 mortuis

1991 2662 2362 2722 resurrexisse
2406 2658 2643 2721 videtur,
2695 2667 2804 2708 non
2851 2659 3034 2704 autem
3096 2662 3219 2703 nos.
3268 2645 3409 2713 Quid
3453 2658 3587 2701 vero

1992 2757 2169 2827 ipsum
2202 2753 2373 2809 movit
2400 2759 2459 2805 ut
2490 2749 2646 2803 fieret
2672 2737 2878 2800 homo?
2911 2741 3045 2796 Nam
3080 2741 3150 2805 si,
3194 2747 3254 2794 ut
3284 2738 3583 2793 humanam

1994 2856 2243 2902 naturam
2269 2844 2507 2915 iuvaret,
2570 2837 2749 2893 inanis
2776 2844 2881 2900 est,
2929 2835 3085 2901 juxta
3117 2830 3259 2897 illos,
3299 2830 3384 2884 hic
3426 2844 3592 2885 cona-

1998 2947 2128 2992 tus:
2173 2943 2367 2990 natura
2395 2930 2542 2987 enim
2576 2926 2760 2998 adjuta
2788 2940 2897 2981 non
2946 2922 3115 2977 fuisse
3161 2922 3429 2987 cernitur,
3493 2920 3592 2976 sed

1998 3030 2115 3097 ipse
2154 3028 2369 3097 potius;
2418 3031 2474 3077 et
2521 3022 2589 3087 si,
2643 3019 2865 3090 quando
2899 3014 3077 3070 factus
3121 3023 3205 3069 est
3240 3014 3424 3078 homo,
3479 3022 3593 3068 tum

1998 3120 2161 3177 etiam
2193 3118 2423 3188 gloriam
2459 3112 2738 3181 accepisse
2765 3116 2820 3163 et
2850 3106 3365 3171 sanctiﬁcationem,
3398 3113 3454 3158 et
3490 3118 3589 3175 po-

2000 3220 2277 3275 testatem,
2328 3216 2383 3263 et
2415 3206 2519 3261 alia
2553 3217 2676 3273 qua:
2726 3200 2829 3270 ipsi
2877 3199 3197 3253 tribuuntur
3223 3236 3237 3261 ,
3291 3197 3540 3251 cernitur
3575 3211 3590 3248 :

2004 3302 2357 3358 manifestum
2414 3306 2502 3353 est
2546 3296 2747 3365 ipsum,
2780 3292 2941 3362 juxta
2989 3290 3208 3344 illorum
3260 3288 3597 3360 opinionem,

2005 3403 2131 3450 ante
2158 3390 2592 3449 incarnationem
2625 3386 2692 3441 iis
2721 3398 2955 3440 Vacuum
2987 3382 3181 3449 fuisse,
3229 3391 3285 3436 et
3334 3393 3447 3436 tum
3483 3382 3596 3452 pri-

2006 3502 2153 3542 mum
2184 3500 2307 3540 cum
2337 3495 2560 3538 carnem
2614 3476 2934 3545 assumpsit,
2990 3489 3053 3529 ea
3083 3475 3382 3543 accepisse.
3436 3473 3599 3529 Carni

2008 3578 2174 3649 igitur
2194 3584 2479 3642 acceptum
2514 3571 2677 3637 ferat,
2704 3569 2848 3640 quod
2886 3582 2983 3637 per
3014 3568 3132 3638 ejus
3167 3567 3600 3635 assumptionent

2010 3669 2204 3724 melior
2230 3666 2301 3721 sit
2322 3663 2569 3729 eﬂ'ectus,
2597 3677 2702 3717 non
2738 3676 2867 3716 vero
2896 3660 3069 3730 ipsam
3094 3659 3375 3714 meliorem
3399 3658 3601 3715 eﬂece-

2010 3764 2102 3817 rit.
2130 3757 2297 3828 Atqui
2328 3757 2433 3812 hoc
2452 3765 2508 3809 et
2532 3753 2773 3823 cogitatu
2797 3761 2851 3805 et
2873 3752 3020 3807 dictu
3047 3752 3275 3821 impium
3295 3761 3401 3806 εει.
3428 3751 3606 3807 incar-

2010 3859 2171 3908 natus
2193 3847 2337 3903 enim
2356 3854 2440 3901 est
2462 3852 2520 3899 ut
2542 3844 2819 3899 hominem
2840 3841 3177 3907 glorificaret
3202 3852 3259 3896 et
3284 3843 3599 3897 sanctiﬁca-

2013 3938 2367 3998 ret.Verbum
2386 3940 2593 4007 itaque,
2632 3945 2904 4006 quatenus
2917 3933 3181 4002 Verbum,
3202 3933 3337 3988 nihil
3358 3936 3568 4003 accepit
3588 3952 3604 3987 :

2018 4032 2323 4107 perfectum
2373 4030 2518 4085 enim
2548 4037 2652 4095 est,
2699 4026 3163 4097 quemadmodum
3187 4035 3243 4081 et
3276 4025 3468 4083 Pater.
3500 4026 3608 4084 Sed

2018 4142 2118 4184 nos
2140 4128 2194 4180 in
2230 4125 2350 4196 ipso
2386 4122 2707 4191 accipimus,
2733 4119 2951 4187 quando
2984 4132 3207 4174 carnem
3243 4130 3487 4174 nostram
3512 4136 3608 4189 ge.

2018 4217 2225 4273 stavit:
2260 4214 2407 4269 sicut
2432 4214 2579 4268 enim
2605 4227 2726 4267 cum
2757 4210 2873 4281 ipse
2923 4209 3246 4275 resurrexit,
3298 4225 3398 4266 nos
3443 4212 3610 4265 etiam

2020 4307 2463 4371 resurreximus;
2526 4316 2761 4372 cumque
2822 4302 2937 4371 ipse
2990 4315 3209 4355 rursum
3258 4303 3509 4357 ascendit
3556 4303 3610 4357 in

2023 4399 2213 4465 caelos,
2255 4409 2516 4453 ascensus
2556 4394 2712 4451 nobis
2770 4402 2855 4449 est
2916 4392 3252 4449 instauratus
3296 4410 3309 4446 :
3361 4393 3432 4448 ita
3490 4408 3612 4449 cum

332 4514 448 4582 ipse
485 4510 779 4585 gloriﬁcari
837 4518 893 4565 et
952 4506 1287 4563 sanctiﬁcari
1343 4508 1564 4573 dicitur,
1619 4521 1719 4563 nos
1748 4502 2124 4575 signiﬁcamur
2153 4496 2306 4551 hisce
2338 4493 2501 4549 rebus
2524 4490 2653 4547 frui.

330 4693 535 4752 AAAO.
586 4690 662 4745 δι’
689 4683 762 4747 οὗ
810 4686 1117 4757 δείκνυται
1166 4686 1412 4757 σαφῶς,
1442 4686 1593 4755 ἅπερ
1633 4680 1798 4755 εἶχεν
1844 4685 1889 4738 ὡ

2001 4670 2417 4757 ’Λιιυῡ,“ᾳιιο
2477 4667 2756 4757 manifeste
2801 4664 3101 4757 ostenditur
3152 4679 3272 4757 ιρις
3325 4664 3508 4721 habuit
3559 4675 3616 4720 ut

549 4761 716 4828 Θεὸς,
750 4758 827 4813 δι’
861 4756 1019 4829 ἡμᾶς
1047 4757 1231 4813 αίτῶν
1253 4754 1345 4823 ⁷ὼς
1375 4754 1709 4825 ἅνθρωπος.

404 4923 572 4991 Λᾶγει
626 4936 730 4975 που
782 4916 1053 4989 Χριστός·
1111 4935 1129 4969 ι
1174 4916 1377 4989 Πάτερ,
1424 4914 1650 4980 δόξασόν
1691 4932 1785 4968 σου
1832 4913 1926 4968 τὸν

336 5015 489 5072 Υιόν.
538 5033 557 5066 ι
588 5012 698 5066 Καὶ
726 5010 919 5065 πάλιν·
964 5026 983 5060 ι
1024 5007 1209 5062 Πάντα
1249 5025 1340 5078 μοι
1371 5006 1643 5078 παρεδόθη
1687 5005 1792 5060 ὑπὸ
1829 5005 1927 5059 τοῦ

337 5106 574 5178 Πατρός.
619 5123 638 5156 ι
673 5102 787 5158 Καὶ
822 5100 960 5172 μετά
1003 5098 1101 5170 τὴν
1147 5099 1475 5155 ἀνάστασιν·
1522 5117 1541 5151 r
1593 5097 1776 5169 Ἐδόθη
1811 5114 1925 5169 μοι,

341 5199 497 5269 φησὶ,
527 5196 678 5249 πᾶσα
700 5189 921 5258 ἐξουσία
948 5193 1005 5245 ἐν
1032 5188 1248 5261 οὐρανῷ
1278 5190 1372 5247 καὶ
1404 5189 1501 5243 ἐπὶ
1544 5188 1669 5260 γῆς.
1707 5208 1726 5241 ›
1770 5188 1931 5242 Ἀλλά

341 5289 614 5357 δείκνυται
661 5285 758 5339 καὶ
802 5284 933 5357 πρὶν
988 5281 1139 5353 αὐτῷ
1189 5282 1560 5354 παραδοθῆναι
1607 5282 1678 5335 τά
1730 5283 1931 5348 πάντα,

346 5381 564 5437 πάντων
597 5377 674 5431 ὢν
708 5376 934 5450 Κύριος.
970 5375 1169 5445 Γέγονε
1202 5375 1310 5446 γὰρ
1338 5375 1409 5428 τὰ
1446 5376 1624 5430 πάντα
1651 5375 1718 5429 δι’
1741 5375 1929 5442 αὐτοῦ,

346 5473 439 5526 καὶ
477 5473 507 5525 6
556 5469 864 5542 Ψαλμῳδὸς
915 5468 974 5521 δὲ
1018 5467 1181 5521 δοῦλα
1229 5466 1324 5520 τοῦ
1366 5467 1727 5538 πεποιηκότος
1779 5465 1935 5527 εἰδὼς

348 5560 487 5615 αὐτὰ
519 5559 692 5627 λέγει,
733 5559 814 5613 ὅτι
847 5577 867 5611 ι
899 5557 980 5612 Τὰ
1021 5557 1311 5628 σύμπαντα
1356 5557 1517 5611 δοῦλα
1566 5558 1654 5612 σά.
1700 5577 1718 5609 ι
1757 5557 1935 5612 Λίτῶν

348 5652 406 5705 δέ
424 5651 581 5716 δόξαν
607 5652 879 5721 φαίνεται,
912 5650 1089 5705 καίτοι
1114 5649 1214 5717 τῆς
1242 5649 1398 5721 δόξης
1421 5649 1495 5703 ὣν
1523 5651 1743 5720 Κύριος.
1780 5649 1935 5703 Οὕτω

353 5742 460 5814 γὰρ
492 5744 521 5796 6
550 5740 761 5805 Παῦλος
793 5740 947 5810 ἔλεγε
993 5740 1119 5813 περέ
1170 5758 1355 5806 τινων,
1382 5742 1576 5812 ὅτιπερ
1609 5758 1626 5791 ι
1673 5742 1738 5796 Ei
1771 5740 1937 5810 ἔγνω-

2253 4734 2419 4806 Dius,
2477 4734 2694 4809 petiisse
2722 4747 2941 4807 propter
2968 4752 3064 4792 nos
3114 4746 3172 4790 ut
3212 4734 3392 4790 homo.

2106 4920 2360 4978 Christus
2382 4915 2586 4973 alicubi
2615 4914 2833 4986 inquit:
2868 4934 2887 4966 ι
2926 4914 3105 4982 Pater,
3148 4912 3389 4982 gloriﬁca
3424 4915 3619 4971 Filium

2032 5020 2182 5067 tuum
2215 5009 2280 5062 ¹¹.
2318 5026 2338 5061 ι
2372 5007 2439 5063 Et
2469 5020 2700 5062 rursus:
2737 5023 2757 5058 ι
2794 5003 2989 5060 Omnia
3039 5004 3172 5059 mihi
3202 5007 3402 5060 tradita
3432 5017 3560 5062 sunt
3592 5024 3623 5061 a

2030 5102 2195 5157 Patre
2230 5102 2297 5153 ι’.
2338 5118 2357 5152 ι
2412 5099 2481 5154 Ει
2533 5107 2661 5167 post
2710 5096 3170 5153 resurrectionem
3213 5115 3227 5150 :
3286 5116 3304 5151 ε
3360 5098 3495 5153 Data
3542 5109 3627 5154 est

2030 5195 2163 5249 mihi
2225 5200 2470 5264 potestas
2517 5200 2571 5247 et
2602 5190 2658 5245 in
2710 5189 2854 5245 ccelo
2888 5189 3021 5243 etin
3070 5196 3219 5244 terra
3274 5190 3339 5243 ’³.
3401 5208 3420 5241 ι
3461 5190 3623 5259 Atqui

2031 5287 2194 5343 etiam
2238 5295 2529 5355 antequam
2587 5284 2663 5339 illi
2710 5284 3060 5338 traderentur
3096 5282 3319 5347 omnia,
3378 5286 3624 5338 omnium

2036 5377 2297 5433 Dominus
2325 5386 2463 5432 erat.
2496 5373 2691 5432 Omnia
2717 5374 2863 5431 enim
2888 5388 2987 5444 per
3018 5374 3197 5444 ipsum
3228 5373 3371 5428 facta
3401 5387 3529 5429 sunt
3558 5377 3626 5442 “,

2036 5476 2090 5521 et
2118 5466 2406 5521 Psalmista
2426 5466 2608 5521 sciens
2630 5463 2813 5519 omnia
2840 5475 2961 5518 esse
2990 5478 3151 5517 serva
3168 5461 3473 5527 Creatoris,
3511 5463 3622 5517 ait:

2045 5578 2063 5611 ι
2102 5558 2296 5614 Omnia
2331 5557 2578 5612 serviunt
2603 5554 2699 5610 tibi
2738 5554 2803 5608 ".
2840 5572 2859 5605 ι
2896 5552 3033 5607 Cum
3063 5567 3195 5607 vero
3219 5553 3448 5623 gloriam
3467 5554 3629 5622 petit,

2037 5650 2221 5720 gloria:
2248 5649 2508 5704 Dominus
2540 5661 2661 5703 esse
2689 5645 2956 5703 cernitur.
3011 5643 3089 5697 Ita
3137 5644 3284 5698 enim
3318 5642 3522 5698 Paulus
3563 5644 3632 5697 de

2040 5741 2361 5811 quibusdam
2408 5738 2568 5805 dixit,
2654 5737 2799 5808 quod
2859 5753 2879 5787 ι
2930 5735 2979 5791 si
3034 5735 3439 5805 cognovissent,
3521 5746 3629 5788 non

429 5897 472 5933 ι’
501 5896 656 5957 Joan.
689 5912 827 5972 xvn,
861 5898 913 5957 l.
992 5900 1035 5935 ”
1064 5896 1255 5959 Matth.
1288 5913 1361 5970 xl,
1391 5898 1481 5955 27.
1563 5898 1606 5931 ¹³
1634 5896 1829 5954 Matth.
1858 5910 2053 5967 xxvnt,
2089 5896 2175 5955 18.
2256 5896 2299 5929 ³⁵
2339 5893 2496 5955 Joan.
2528 5895 2639 5963 1,3.
2719 5892 2761 5926 "
2789 5891 2934 5951 Psal.
2968 5904 3161 5959 cxvxn,
3203 5890 3292 5947 οι.
