3986 6320
405 382 513 441 587

1396 367 1455 422 S.
1498 361 1773 419 CYRILLI
1810 358 2276 416 ALEXANDRINI
2315 359 2632 415 Αιιοιιιιῖιι.

3563 348 3674 404 7:83

406 500 594 569 utique
621 492 909 550 Dominum
936 484 1122 559 gloria:
1169 482 1573 539 cruciﬁxissent
1620 482 1691 535 ".
1746 498 1765 531 ι
1822 478 1977 546 Quod

2107 476 2328 541 παν,οὐκ
2389 475 2456 529 ἂν
2499 475 2591 527 τὸν
2635 470 2842 543 Κύριον
2880 470 2979 540 τῆς
3025 470 3181 541 δόξης
3221 470 3602 540 ἐσταύρωσαν.
3648 489 3667 521 ι

408 598 590 645 autem
640 595 931 652 antequam
997 579 1225 651 gloriam
1274 590 1302 630 a
1350 574 1511 630 Patre
1564 581 1805 644 peteret,
1862 584 1981 626 eam

406 679 679 742 habuerit,
719 684 779 730 ut
810 673 1003 736 Filius,
1040 672 1152 740 ipse
1188 666 1476 722 manifeste
1522 666 1699 730 docet,
1744 664 1933 718 dicens
1966 678 1980 715 :

413 789 431 822 ι
466 770 650 833 Pater,
687 764 930 837 gloriﬂca
953 762 1147 818 Filium
1170 768 1314 812 tuum
1340 772 1404 812 ea
1432 755 1602 827 gloria
1624 769 1785 823 quam
1816 754 1985 809 habe-

408 862 530 916 bam
545 860 685 929 apud
707 865 893 911 teante
911 850 1346 908 constitutionem
1368 846 1577 901 mundi.
1592 844 1677 900 ISi
1705 859 1831 900 vero
1850 843 1987 896 fate-

412 958 499 1002 tur
528 963 587 1003 se
604 947 805 1001 habere
829 943 1057 1014 gloriam
1085 950 1212 994 ante
1232 940 1587 993 constitutum
1617 937 1876 991 mundum
1898 977 1913 1000 ,
1933 941 1989 989 et

408 1054 554 1096 nunc
572 1053 689 1091 eam
704 1038 839 1107 petit
858 1043 917 1089 ut
948 1050 1054 1089 non
1082 1033 1308 1096 habens,
1335 1038 1519 1085 nostra
1548 1042 1710 1085 causa
1744 1028 1794 1082 id
1821 1027 1986 1093 facit;

412 1146 469 1189 et
494 1143 681 1189 nostra
719 1130 772 1181 in
810 1129 925 1197 ipso
984 1124 1124 1179 facta
1147 1131 1232 1178 est
1257 1123 1471 1192 petitio,
1505 1134 1736 1191 poscens
1758 1118 1987 1189 gloriam

410 1221 662 1276 humanze
694 1225 900 1270 natura:
922 1211 1180 1268 conferri.
1237 1210 1375 1265 Cum
1425 1218 1605 1264 autem
1643 1217 1765 1278 post
1808 1221 1991 1262 resur-

410 1313 709 1368 rectionem
740 1308 871 1361 dicit
902 1324 915 1361 :
948 1324 966 1357 ι
1004 1306 1135 1359 Data
1166 1313 1250 1359 est
1286 1303 1417 1357 mihi
1452 1306 1734 1373 potestas:
1775 1317 1795 1352 ι
1823 1300 1990 1355 etiam

414 1413 541 1458 ante
571 1399 1026 1455 resurrectionem
1057 1411 1177 1450 eam
1232 1395 1488 1449 habuisse
1543 1392 1810 1447 cernitur.
1857 1389 1991 1446 Nam

412 1494 457 1548 si
490 1508 594 1547 non
620 1492 831 1555 habuit,
854 1504 963 1559 quo
983 1498 1141 1555 pacto
1163 1486 1409 1555 increpat
1430 1484 1729 1549 diabolum,
1757 1483 1948 1537 dicens
1976 1497 1990 1535 :

420 1602 440 1635 ι
482 1582 630 1637 Vade
678 1590 847 1646 retro,
883 1577 1083 1632 Satana
1119 1576 1200 1630 "7
1245 1594 1264 1627 ι
1310 1584 1405 1629 aut
1444 1574 1715 1644 quomodo
1766 1574 1993 1643 largitus

415 1686 501 1730 est
525 1660 805 1741 discipulis
837 1679 1160 1739 potestatem
1191 1668 1241 1721 in
1273 1669 1545 1723 dannones
1573 1664 1844 1735 "3229
1861 1680 1996 1733 quo-

416 1765 767 1820 niodoliliam
798 1763 1062 1826 Abrahaa,
1111 1772 1169 1815 ut
1208 1760 1469 1829 scriptum
1521 1769 1639 1823 est,
1695 1760 1917 1828 ligatam
1963 1772 1992 1811 a

2087 566 2210 620 Ὅτι
2257 566 2313 619 δὲ
2348 567 2442 619 καὶ
2484 564 2611 634 πρὶν
2660 563 2880 633 αἰτῆσαι
2916 562 3067 632 παρά
3103 560 3315 632 Πατρὸς
3370 560 3471 632 τὴν
3512 562 3673 625 δόξαν

2086 652 2232 728 εἶχεν
2258 657 2333 719 ὠς
2371 655 2517 720 Υἱὸς,
2548 653 2710 715 αὐτὸς
2750 652 2988 705 διδάσκει
3027 651 3213 720 σαφῶς
3247 651 3459 718 λέγων’
3498 669 3517 702 ι
3560 650 3674 703 Πά-

2077 731 2206 821 2rep,
2247 747 2473 814 δόξασόν
2524 763 2619 800 σου
2675 746 2767 799 τὸν
2814 744 2939 800 Υίὸν
2973 748 3040 815 τῇ
3084 744 3212 815 δόξῃ
3337 740 3503 813 εἶχον,
3568 742 3678 812 πρὸ

2086 844 2182 896 τοῦ
2214 843 2307 895 τὸν
2352 843 2555 912 κόσμον
2597 839 2755 904 εἶναι,
2792 840 2940 909 παρὰ
2987 838 3091 893 σοί.
3138 860 3156 891 ι
3204 840 3267 893 Ei
3315 839 3373 893 δὲ
3421 838 3679 910 ὁμολογεῖ

2091 937 2190 1007 μὲν
2222 934 2367 1005 ἔχειν
2397 934 2491 987 καὶ
2530 933 2637 1003 πρὸ
2674 932 2765 986 τοῦ
2814 933 3022 1001 κόσμου
3065 932 3166 1001 τὴν
3214 930 3393 997 δόξαν,
3428 932 3573 985 αἰτεῖ
3614 931 3673 983 δὲ

2087 1026 2185 1081 νῦν
2214 1024 2383 1096 αὐτὴν
2415 1026 2491 1088 ὡς
2518 1026 2619 1079 οὐκ
2669 1024 2827 1094 ἔχων,
2859 1023 2927 1076 δι’
2975 1024 3124 1094 ἡμᾶς
3154 1022 3263 1092 ἄρα
3304 1022 3462 1075 τοῦτο
3492 1024 3671 1076 ποιεῖ·

2090 1116 2186 1172 καὶ
2229 1115 2386 1187 ἡμῶν
2428 1117 2487 1168 ὲν
2516 1115 2665 1185 αὑτῷ
2692 1116 2914 1183 γέγονεν
2954 1114 2989 1183 ἡ
3022 1114 3260 1185 αἴτησις,
3290 1110 3533 1166 καλοῦσα
3574 1111 3676 1181 τὴν

2089 1207 2246 1271 δόξαν
2275 1208 2354 1271 είς
2381 1206 2479 1277 τὴν
2523 1205 2813 1276 ἀνθρώπου
2846 1203 3026 1273 φύσιν.
3058 1204 3250 1273 Λέγων
3294 1204 3352 1257 δὲ
3387 1204 3525 1275 μετά
3574 1204 3676 1271 τὴν

2091 1297 2412 1363 ἀνάστασιν,
2458 1313 2477 1347 t
2528 1293 2715 1365 Ἐδόθη
2758 1312 2847 1364 μοι
2896 1295 3047 1347 πᾶσα
3078 1294 3331 1361 ἐξουσία,
3380 1313 3400 1346 ι
3436 1295 3530 1347 καὶ
3569 1292 3679 1363 πρὸ

2092 1393 2193 1460 τῆς
2225 1389 2578 1451 ἀναστάσεως
2623 1382 2825 1456 ταύτην
2855 1386 2994 1456 ἔχων
3045 1387 3313 1454 φαίνεται·
3348 1387 3412 1440 Et
3441 1386 3551 1456 γὰρ
3601 1386 3679 1457 μὴ

2092 1477 2229 1553 εἶχε,
2268 1480 2386 1545 πῶς
2425 1479 2663 1549 ἐπετίμα
2710 1479 2789 1550 τῷ
2838 1478 3070 1548 διαὸόλῳ
3124 1477 3332 1546 λέγων’
3384 1495 3403 1529 t
3456 1477 3679 1544 ’Ὕπαγε

2080 1576 2269 1630 ὀπίσω
2320 1594 2453 1646 μου.
2486 1576 2731 1642 Σατανᾶς
2771 1594 2787 1627 ι
2822 1574 2940 1639 πῶς
2982 1574 3039 1628 δὲ
3068 1577 3178 1639 τοῖς
3219 1574 3490 1645 μαθηταῖς
3537 1575 3681 1628 κατὰ

2093 1669 2361 1740 δαιμόνων
2416 1668 2697 1739 ἐχαρίζετο
2760 1669 2861 1738 τὴν
2931 1666 3209 1732 ὲξουσίαν;
3279 1667 3397 1729 πῶς
3458 1666 3516 1719 δὲ
3582 1667 3682 1736 τὴν

2110 1759 2362 1831 Ἀϐραάμ
2394 1758 2694 1828 θυγατέρα,
2728 1756 2873 1812 καθὰ
2898 1759 3228 1827 γέγραπται,
3258 1755 3548 1827 δεδεμένην
3576 1754 3681 1808 ὑπὸ

417 1852 634 1909 diabolo
682 1861 738 1904 ut
778 1857 1051 1920 potestate
1100 1850 1360 1919 praeditus
1427 1848 1589 1903 solvit
1622 1848 1707 1902 "i
1755 1856 1851 1902 aut
1890 1864 1997 1919 quo

2107 1850 2191 1905 τοῦ
2245 1850 2491 1904 διαϐόλου
2538 1849 2615 1912 ὡς
2667 1848 2917 1913 ἐξουσίαν
2978 1848 3116 1917 ἔχων
3172 1846 3361 1901 ἔλυσεν
3407 1846 3605 1912 aia-.64;
3646 1847 3679 1916 ἦ

416 1956 581 2014 pacto
627 1942 931 2014 paralytico
975 1941 1262 1997 sanitatem
1309 1940 1540 1996 contulit
1576 1940 1667 1993 ὀἳ
1721 1941 1999 2011 quomodo

422 2034 644 2090 mulieri
692 2031 986 2104 peccatrici
1034 2040 1257 2101 peccata
1313 2032 1529 2087 remisit
1581 2030 1674 2085 “l
1730 2032 1999 2101 quomodo

417 2137 667 2183 mortuos
702 2123 1155 2180 resuscitavit“?
1201 2123 1364 2177 caecis
1418 2122 1592 2177 visum
1631 2122 1869 2177 restituit
1913 2121 2000 2176 ’³2

421 2215 773 2273 Manifestum
812 2215 993 2284 itaque
1024 2223 1108 2268 est
1140 2212 1286 2267 illum
1319 2213 1501 2268 verbis
1525 2213 1603 2267 uti
1636 2227 1760 2281 qua:
1790 2214 1998 2269 homini

418 2308 767 2369 conveniant,
799 2319 904 2360 n0n
928 2305 1155 2375 quando
1179 2312 1297 2359 erat
1318 2303 1554 2358 Verbum
1573 2310 1727 2357 extra
1758 2318 1997 2371 carnem,

418 2404 515 2458 sed
543 2400 758 2471 quando
796 2398 968 2454 factus
994 2406 1081 2453 est
1126 2396 1286 2451 homo
1320 2394 1499 2449 Patris
1538 2395 1678 2451 dona
1720 2394 1877 2449 nobis
1908 2408 2003 2462 pe-

425 2502 569 2549 tens.
608 2490 684 2545 lta
716 2490 861 2545 enim
901 2489 1135 2545 dicimur
1182 2488 1349 2542 etiam
1388 2485 1585 2541 divina:
1628 2495 1836 2539 natura:
1872 2483 2001 2538 facti

430 2598 555 2640 esse
594 2581 889 2652 participes
920 2580 990 2643 “,
1050 2594 1171 2635 cum
1224 2577 1459 2631 Verbum
1511 2585 1751 2631 nostram
1798 2575 2005 2630 humili-

424 2683 591 2730 tatem
614 2673 878 2741 suscepit,
924 2679 983 2725 ut
1021 2686 1118 2725 nos
1156 2670 1223 2723 ad
1260 2682 1415 2723 suam
1458 2667 1831 2725 celsitudinem
1882 2681 2006 2721 eve-

424 2764 544 2829 hat,
585 2770 774 2817 nonut
808 2763 921 2831 ipse
965 2759 1105 2813 infra
1159 2768 1393 2823 maneat,
1440 2758 1583 2811 sicut
1634 2772 1757 2811 nos.
1804 2755 2006 2810 idcirco

426 2857 575 2912 enim
604 2869 727 2908 cum
760 2867 950 2908 sumus
981 2862 1172 2905 natura
1196 2850 1443 2905 homines
1470 2888 1484 2914 ,
1520 2850 1594 2904 dii
1652 2865 1912 2905 vocamur
1934 2849 2003 2913 ",

425 2954 623 3015 quippe
657 2946 746 3013 qui
789 2944 891 2998 hoc
940 2943 994 2997 in
1040 2941 1265 2997 Christo
1306 2941 1521 2995 simus:
1566 2941 1819 2996 Christus
1863 2943 2005 2995 enim

426 3037 571 3092 Deus
606 3044 710 3091 est.

1100 3144 1330 3201 ALIUD.

2099 1941 2218 2004 πῶς
2262 1938 2616 2009 παραλυτικῷ
2665 1938 2765 2010 τὴν
2810 1940 3021 2009 ὑγίειαν
3070 1938 3402 2010 ἑχαρίσατος
3455 1937 3573 2001 πῶς
3616 1939 3680 2007 τῇ

2099 2032 2321 2103 γυναικὶ
2348 2035 2414 2103 τῇ
2442 2030 2753 2103 ἁμαρτωλῷ
2780 2030 2880 2093 τὰς
2914 2030 3190 2101 ἁμαρτίας
3231 2031 3418 2100 quin;
3456 2030 3684 2100 νεκροὺς

2097 2124 2157 2178 δὲ
2187 2123 2304 2187 πῶς
2336 2124 2559 2194 ἧγειρες
2589 2120 2806 2191 τυφλῶν
2839 2121 2897 2174 δι
2921 2122 3038 2184 πῶς
3072 2122 3310 2192 ἀνέῳξεν
3337 2121 3681 2193 ὀφθαλμούςς

2102 2214 2270 2285 Δῆλον
2319 2210 2413 2267 οὖν
2450 2211 2699 2267 ἐντεῦθέν
2744 2213 2916 2279 ἐστιν,
2962 2213 3043 2266 ὅτι
3090 2212 3191 2277 τάς
3234 2211 3508 2285 ἀνθρώπῳ
3553 2229 3686 2283 πρε-

2102 2302 2312 2367 πούσας
2356 2303 2505 2372 λέγει
2554 2304 2760 2372 φωνὰς,
2817 2305 2916 2373 οὐχ
2962 2303 3051 2356 ὅτε
3087 2303 3262 2371 Λόγος
3308 2298 3377 2373 ἦν
3432 2303 3540 2374 πρὸ
3586 2302 3685 2372 τῆς

2102 2485 2183 2547 είς
2216 2485 2364 2554 ἡμᾶς
2398 2484 2581 2538 καλῶν
2606 2484 2703 2550 τάς
2733 2486 2884 2557 παρὰ
2911 2486 3004 2540 τοῦ
3032 2487 3243 2559 Πατρὸς
3271 2488 3498 2561 δωρεάς.
3531 2486 3686 2541 Οὕτω

2103 2576 2213 2648 γὰρ
2243 2576 2514 2645 λεγόμεθα
2564 2578 2659 2632 καὶ
2689 2577 2841 2641 Θείας
2885 2579 3100 2648 φύσεως
3131 2579 3385 2649 γενέσθαι
3415 2580 3683 2641 κοινωνοὶ,

2106 2668 2199 2724 τοῦ
2217 2670 2393 2738 Λόγου
2415 2670 2744 2739 φορέσαντος
2767 2672 2866 2741 τὴν
2891 2671 3047 2741 ἡμῶν
3077 2672 3425 2737 ταπείνωσιν,
3453 2672 3521 2725 ἶν’
3542 2672 3687 2742 ἡμᾶς

2107 2760 2362 2830 ἀναγάγῃ
2382 2760 2513 2830 πρὸς
2535 2762 2597 2813 τὸ
2632 2760 2765 2829 ὕψος
2792 2762 2851 2814 τὸ
2879 2762 3095 2826 ἑαυτοῦ,
3119 2765 3216 2833 οὐχ
3241 2764 3327 2818 ἵνα
3356 2765 3513 2837 μείνῃ
3540 2765 3688 2816 κάτω

2114 2847 2371 2918 καθάπερ
2418 2852 2603 2919 ἡμεῖς.
2637 2854 2735 2904 Διά
2779 2851 2887 2923 γὰρ
2932 2852 3089 2905 τοῦτο
3139 2856 3233 2906 καὶ
3273 2854 3549 2924 ἄνθρωποι
3589 2854 3689 2924 τὴν

2108 2939 2271 3007 φύσιν
2300 2941 2472 3005 ὄντες,
2505 2942 2619 2995 θεοὶ
2648 2944 3085 3015 χρηματίξομεν,
3110 2944 3185 3009 ὡς
3220 2945 3372 3006 ὄντες
3411 2947 3504 2999 καὶ
3533 2946 3689 2999 τοῦτο

2108 3031 2168 3082 ἐν
2209 3032 2458 3102 Χριστῷο
2488 3034 2617 3098 Θεὸς
2647 3036 2755 3105 γὰρ
2781 3037 2809 3088 ό
2837 3036 3091 3106 Χριστός.

2800 3147 3003 3201 ΑΛΛΟ.

502 3237 562 3294 Si
596 3239 819 3294 humilia
848 3239 1096 3307 quaedam
1140 3240 1302 3292 verba
1332 3252 1451 3307 quae
1480 3235 1628 3291 carni
1659 3237 2003 3299 conveniunt,

2181 3234 2244 3287 Ei
2273 3234 2340 3288 τὰ
2366 3235 2466 3305 τῆς
2500 3237 2698 3305 σαρκὸς
2737 3238 2967 3290 ταπεινά
3007 3238 3231 3308 ῥήματα
3262 3243 3325 3311 τῇ
3355 3239 3568 3311 θεότητι
3596 3238 3687 3293 τοῦ

428 3330 671 3386 nonnulli
727 3330 995 3383 divinitati
1035 3329 1195 3383 Verbi
1251 3330 1522 3383 ascribere
1554 3337 1857 3382 conantur:
1888 3344 2008 3382 cum

431 3422 669 3477 viderint
713 3422 990 3477 Christum
1042 3435 1140 3489 per
1182 3435 1398 3474 carnem
1436 3420 1693 3473 miracula
1739 3421 2008 3484 edentem,

430 3513 559 3581 quid
597 3512 823 3567 dicent?
867 3512 1003 3565 Cum
1057 3510 1199 3565 enim
1250 3525 1315 3564 ex
1350 3510 1515 3564 saliva
1546 3520 1600 3563 et
1647 3520 1789 3563 terra
1837 3511 2008 3564 lutum

431 3603 781 3666 confecisset,
816 3617 1017 3655 etccum
1064 3617 1129 3655 eo
1164 3602 1374 3655 curavit
1408 3620 1419 3654 :
1449 3613 1671 3656 extensa
1715 3618 1899 3667 manu,
1934 3603 2010 3656 fe-

431 3704 684 3763 retroque
714 3704 855 3749 tacto
889 3695 1061 3749 viduae
1097 3695 1263 3749 ﬁlium
1314 3695 1650 3764 unigenitum
1690 3696 2007 3762 suscitavit;

432 3797 566 3837 voce
597 3785 757 3837 etiam
785 3798 881 3853 per
910 3799 1108 3853 corpus
1139 3784 1280 3836 edita
1312 3782 1578 3837 Lazarum
1609 3798 1638 3838 e
1663 3796 2013 3839 monumento

433 3876 700 3929 evocavit.
741 3873 866 3928 Hice
898 3875 1041 3929 enim
1075 3876 1313 3942 prasstita
1348 3888 1474 3928 sunt
1507 3891 1602 3943 per
1639 3891 1884 3941 carnem,
1920 3877 2012 3931 sed

433 3981 539 4019 non
593 3974 749 4019 erant
799 3980 963 4035 opera
1012 3967 1215 4020 carnis.
1249 3966 1708 4033 Quemadmodum
1762 3968 1927 4036 igitur
1969 3968 2015 4022 si

436 4066 685 4111 naturam
720 4058 795 4110 rei
830 4056 1178 4125 aspiciamus,
1213 4072 1277 4112 ex
1308 4059 1609 4113 divinitatis
1642 4062 1689 4112 vi
1721 4075 1783 4114 ac
1814 4061 2014 4115 virtute

434 4161 657 4214 operum
710 4147 1039 4216 ejnscetnodi
1094 4158 1346 4203 eventum
1397 4152 1751 4217 aestimamus,
1801 4152 2011 4206 tametsi

436 4254 536 4309 per
570 4254 790 4293 carnem
824 4239 964 4293 facta
997 4240 1145 4294 sint:
1182 4242 1254 4294 ita
1286 4241 1503 4310 quando
1542 4252 1759 4312 propter
1795 4259 2013 4297 carnem

435 4329 732 4383 humanum
762 4330 964 4399 aliquid
1008 4331 1160 4396 dicit,
1193 4348 1297 4387 non
1338 4332 1444 4387 Deo
1475 4333 1654 4388 Verbo
1680 4334 1732 4387 id
1772 4336 2015 4389 ascriba—

438 4436 599 4487 mus;
642 4422 734 4474 sed
764 4438 883 4476 cum
914 4421 966 4474 id
1000 4437 1027 4474 a
1064 4422 1348 4477 divinitate
1384 4425 1618 4478 alienum
1658 4440 1779 4480 esse
1815 4426 2016 4481 videri-

2113 3322 2288 3391 Λόγου
2316 3326 2652 3395 προσάπτειν
2683 3328 3018 3397 ἐπιχειροῦσί
3043 3346 3209 3395 τινες,
3235 3332 3362 3385 ὅταν
3392 3332 3541 3385 ἴδωσι
3566 3333 3693 3386 θαυ-

2117 3416 2535 3485 ματουργοῦντα
2572 3419 2806 3489 Χριστὸν
2848 3421 2933 3474 διὰ
2982 3421 3083 3491 τῆς
3125 3424 3345 3492 σαρκὸς,
3394 3425 3446 3478 τί
3479 3426 3693 3496 ἐροῦσιν

2114 3505 2256 3575 ἄρα;
2288 3507 2504 3571 [It-doct;
2550 3511 2647 3578 μὲν
2693 3511 2801 3579 γὰρ
2849 3513 2943 3563 καὶ
2993 3516 3225 3584 ποιήσας
3271 3516 3461 3587 πηλὸν,
3506 3519 3694 3589 ὲοερά-

2113 3615 2282 3651 πευσε
2314 3598 2403 3652 τὸν
2428 3601 2626 3669 τυφλόν
2651 3618 2663 3630 ⁸
2704 3604 2950 3666 ἐκτείνας
2996 3604 3051 3657 δὲ
3095 3608 3196 3677 τὴν
3243 3611 3396 3679 χεῖρα
3423 3610 3517 3661 καὶ
3556 3612 3695 3679 ἀψά-

2117 3706 2275 3759 μενος
2311 3691 2413 3760 τῆς
2440 3692 2621 3763 σοροῦ,
2650 3694 2737 3745 τὸν
2770 3696 3034 3764 μονογενῆ
3066 3697 3166 3767 τῆς
3195 3701 3369 3771 χήρας
3398 3701 3693 3772 ἀνέστησεν

2114 3781 2261 3833 υἰόψ
2312 3783 2493 3853 φωνὴν
2537 3783 2593 3835 δὲ
2645 3786 2803 3853 ἀφεὶς
2858 3786 3084 3855 διάκτοῦ
3126 3789 3397 3859 σώματος,
3445 3792 3551 3859 ἔξω
3602 3793 3693 3846 τοῦ

2120 3874 2397 3943 μνήματος
2449 3875 2673 3929 ἐκάλεσε
2722 3878 2813 3931 τὸν
2862 3878 3130 3952 Λάζαρον.
3200 3882 3387 3935 Ταῦτα
3437 3885 3536 3953 μὲν
3586 3884 3695 3955 γάρ

2116 3962 2348 4016 ἐτελεῖτο
2380 3964 2468 4019 διὰ
2501 3967 2599 4036 τῆς
2634 3968 2855 4037 σαρκὸς,
2901 3971 3013 4023 ἀλλ’
3040 3972 3138 4024 οὐκ
3180 3967 3248 4042 ἦν
3294 3972 3432 4043 ἔργα
3469 3977 3692 4044 σαρκός.

2118 4051 2328 4123 Ὥσπερ
2353 4050 2446 4109 οὖν
2470 4057 2551 4119 είς
2577 4058 2675 4128 τὴν
2704 4058 2861 4127 φύσιν
2894 4061 2988 4113 τοῦ
3022 4063 3346 4131 πράγματος
3385 4062 3691 4133 βλέποντες,

2114 4147 2181 4215 τῇ
2196 4146 2421 4216 δυνάμει
2435 4148 2533 4218 τῆς
2552 4150 2804 4221 θεότητος
2828 4149 2925 4223 τὴν
2940 4153 3047 4205 τῶν
3062 4156 3520 4225 ἀποτελεσμάτων
3539 4158 3698 4211 ἔκϐα-

2120 4252 2202 4289 σιν
2230 4237 2575 4309 λογιζόμεθα,
2608 4244 2655 4294 εί
2682 4243 2775 4296 καὶ
2803 4244 2891 4296 διὰ
2919 4248 3018 4315 τῆς
3043 4247 3244 4318 σαρκὸς
3268 4249 3499 4315 ἐγένετοσ
3527 4250 3697 4313 οὕτως

2117 4323 2245 4378 ὅταν
2261 4325 2347 4378 διὰ
2360 4326 2458 4398 τὴν
2478 4330 2653 4399 σάρκα
2678 4330 2813 4403 λέγῃ
2827 4349 2877 4385 τι
2904 4333 2999 4385 καὶ
3012 4335 3373 4405 ἀνθρώπινον,
3390 4340 3465 4409 μὴ
3483 4340 3558 4409 τῷ
3583 4340 3698 4411 Θεῷ

2117 4415 2274 4486 Λόγῳ
2310 4418 2467 4471 τοῦτο
2509 4423 2932 4494 προσάπτωμεν,
2961 4425 3097 4479 ἀλλά
3127 4427 3225 4497 τῆς
3255 4428 3508 4499 θεότητος
3544 4432 3698 4486 ἁλλό-

438 4524 582 4579 mus,
615 4508 684 4562 ad
719 4523 937 4564 carnem
976 4510 1297 4565 referamus.
1325 4512 1400 4565 lta
1435 4516 1575 4566 enim
1610 4514 1820 4584 singula
1850 4516 2004 4584 ipsius

2120 4526 2268 4581 τριον
2297 4510 2531 4582 ὁρῶντες
2571 4516 2723 4580 αὐτὸ,
2767 4518 3021 4589 φέρωμεν
3053 4520 3143 4572 ἐπὶ
3172 4521 3269 4591 τὴν
3312 4524 3510 4594 σάρκα.
3547 4528 3698 4580 Οὕτω

438 4599 578 4654 facta
614 4600 698 4652 vel
749 4600 890 4654 dicta
942 4601 994 4655 in
1046 4615 1200 4653 suum
1242 4600 1421 4655 locum
1463 4603 1779 4669 referentes,
1830 4619 2011 4660 veram

437 4689 768 4758 minimeque
799 4704 1084 4746 erroneam
1116 4690 1424 4748 Servatoris
1452 4695 1618 4750 nostri
1650 4696 2012 4766 cognitionem

436 4794 852 4851 consequemur.

948 4984 1180 5051 ALlUD,
1212 4989 1491 5042 narratiue.

509 5074 673 5130 Sacra
757 5074 1039 5147 Scriptura
1107 5093 1272 5131 unum
1352 5076 1625 5133 Christum
1699 5082 2009 5149 prmdicat:
2100 5072 2103 5073 ⁷

439 5184 458 5215 ι
492 5164 643 5222 Unus
688 5169 829 5222 enim
883 5170 1021 5223 Deus
1065 5168 1246 5235 Pater,
1285 5179 1340 5223 et
1389 5186 1527 5225 unus
1561 5171 1819 5229 Dominus
1858 5173 2014 5231 Jesus

436 5258 690 5313 Christus
715 5261 783 5313 ".
827 5278 846 5311 ι
909 5260 1041 5315 Nam
1110 5277 1173 5316 ex
1252 5261 1504 5330 operibus
1562 5278 1682 5333 quae
1744 5268 1843 5321 soli
1902 5267 2013 5323 Deo

438 5350 792 5416 conveniunt,
844 5350 984 5406 Deus
1022 5352 1389 5422 Cognoscitur.
1422 5351 1557 5407 Cum
1604 5355 1746 5409 enim
1777 5354 2015 5412 Verbum

436 5454 564 5493 caro
597 5439 820 5509 factum,
858 5453 915 5497 ut
939 5444 1203 5512 scriptum
1233 5455 1318 5498 est
1338 5444 1406 5509 ",
1436 5445 1600 5501 homo
1628 5459 1841 5517 quoque
1867 5451 2014 5506 cerni

2120 4602 2229 4671 γὰρ
2272 4602 2501 4657 ἕκαστον
2547 4605 2656 4658 τῶν
2700 4608 3162 4681 γινομένωνῆτοι
3215 4611 3523 4683 λεγομένων
3572 4617 3697 4687 παρ’

2121 4692 2306 4760 αὐτοῦ,
2357 4692 2545 4765 ὥσπερ
2592 4696 2650 4747 ἐν
2690 4695 2769 4766 τῷ
2817 4698 2932 4768 ἰδίῳ
2985 4699 3133 4770 τόπῳ
3184 4700 3448 4769 τιθέντες,
3489 4704 3697 4777 ἀπλανῆ

2120 4782 2218 4853 τὴν
2268 4784 2396 4853 περὶ
2428 4786 2523 4838 τοῦ
2572 4781 2822 4857 Σωτῆρος
2869 4788 3025 4859 ἡμῶν
3054 4791 3255 4861 γνῶσιν
3296 4794 3512 4865 ἔχοντες
3553 4797 3699 4868 εὐρι-
3786 4824 3787 4827 η

2121 4875 2383 4945 σκόμεθα.

2552 4990 2736 5048 ΛΛΛΟ
2753 5036 2767 5059 ,
2812 4994 3269 5065 διηγηματικῶς.

2196 5081 2335 5135 Ἕνα
2363 5083 2595 5152 Χριστὸν
2621 5085 2983 5157 κηρύττουσιν
3009 5089 3064 5140 αί
3094 5088 3235 5141 θεῖαι
3274 5090 3312 5141 Γ
3316 5091 3489 5160 ραφαί
3510 5107 3522 5119 ·
3552 5109 3571 5142 ι
3605 5087 3699 5155 Εἷς

2121 5172 2231 5245 γὰρ
2256 5175 2387 5238 Θεὸς
2408 5178 2436 5229 ό
2458 5176 2669 5247 Πατὴρ,
2703 5180 2796 5231 καὶ
2818 5173 2897 5242 εἷς
2919 5179 3121 5249 Κύριος
3155 5180 3363 5251 Ἰησοῦς
3388 5183 3647 5253 Χριστός.
3675 5202 3694 5234 ι

2135 5267 2268 5321 Ἀπὸ
2294 5268 2393 5338 μὲν
2418 5268 2527 5339 γὰρ
2553 5270 2663 5323 τῶν
2698 5270 2875 5339 ἔργων
2903 5270 3032 5337 τῶν,
3068 5273 3169 5325 ὅσα
3194 5273 3395 5343 πρέπει
3441 5274 3590 5344 μόνῳ
3622 5272 3698 5343 τῷ

2119 5360 2260 5431 Θεῷ,
2296 5361 2620 5432 γνωρίζεται
2651 5363 2804 5427 Θεός.
2863 5364 3081 5435 Ἐπειδὴ
3129 5366 3185 5419 δὲ
3229 5366 3410 5437 σάρκα
3439 5366 3698 5435 γεγονότα

2119 5450 2214 5505 τὸν
2240 5453 2431 5520 Λόγον,
2460 5454 2603 5513 καθὰ
2642 5458 2976 5526 γέγραπται,
3010 5456 3090 5510 δεῖ
3124 5457 3219 5509 καὶ
3246 5457 3534 5529 ἄνθρωπον
3573 5458 3695 5527 (pai-

511 5618 752 5703 ‘°_!_Cor.
788 5632 848 5682 ll,
977 5616 1408 5703 ..ίῇιΜοιςοε-νιιι,
1449 5620 1591 5703 55...
1618 5620 1889 5703 ’ξΛΜειιιΙμ
1932 5624 2090 5703 x,8._
2140 5626 2182 5659 "
2217 5626 2735 5703 Matth._xv,22-28.
2812 5633 2855 5665 '°
2882 5631 3073 5687 Matth.
3100 5633 3233 5695 tx,2
3266 5648 3417 5703 seqq.
3500 5633 3690 5691 "Luc.

443 5705 537 5750 vn.
572 5690 637 5740 57
667 5704 818 5757 seqq.

439 5760 485 5794 “
525 5759 563 5814 ll
600 5756 759 5814 Petr.’
781 5756 818 5827 ι,
846 5758 901 5815 4.
978 5759 1023 5790 ³⁸
1061 5757 1082 5811 ι
1114 5756 1270 5815 Joau.
1310 5774 1393 5825 ιιι,
1428 5760 1483 5813 l.

894 5689 939 5719 “
974 5688 1339 5767 ibid._ll-l7;
1384 5705 1498 5767 vol,
1532 5689 1731 5767 ιμ’-ξος
1773 5691 1929 5747 Joan.
1962 5710 2037 5756 at,
2070 5696 2093 5749 1
2130 5711 2282 5767 seqq.

2394 5699 2438 5730 υ
2474 5702 2663 5777 nstin.
2706 5720 2795 5770 xx,
2836 5706 2907 5761 δυ
2933 5719 3085 5776 seqq.
3110 5721 3129 5777 ;
3165 5699 3447 5774 Joanﬁu,
3486 5707 3689 5777 Helm-

1559 5760 1653 5817 “l
1692 5764 1819 5818 Cor.
1854 5780 1968 5830 vm,
2002 5770 2054 5820 6.
2133 5768 2174 5798 ³⁷
2202 5760 2360 5826 Joan.
2404 5786 2443 5837 t,
2486 5770 2570 5825 14.
