3986 6320
418 408 517 467 3M

1436 397 1499 455 S.
1538 395 1813 454 CYRlLLI
1855 388 2329 451 ALEXANDRINI
2366 386 2681 444 ARCBIEP.

3563 388 3679 442 592

418 520 817 583 existimamus,
854 512 979 568 lleat
1026 520 1081 570 ut
1130 512 1313 577 homo,
1347 510 1640 578 timeatque
1675 519 1729 563 et
1766 513 1992 562 mortem

2112 501 2186 553 ιοῦ
2218 500 2315 563 τάς
2338 496 2588 559 τοιαύτας
2621 496 2871 567 εἰρῆσθαι
2899 494 3226 565 πιστεύομεν
3258 495 3459 562 φωνὰς,
3494 496 3678 551 κλαιέ-

424 617 772 683 expavescat,
808 606 1008 675 ﬁatque
1045 604 1216 660 tristis
1254 612 1309 659 et
1344 603 1611 664 turbetur,
1641 602 1853 669 aliaque
1877 614 1993 652 om-

2097 610 2174 645 τω
2224 593 2320 662 μὲν
2393 592 2468 652 ὡς
2520 589 2841 659 ἄνθρωπος,
2900 589 2994 641 καί⁵
3042 587 3315 657 φοϐείσθω
3367 589 3530 643 πάλιν
3581 591 3679 642 καὶ

421 680 510 759 nia
542 702 801 773 patiatur,
836 713 953 767 quae
979 707 1035 751 et
1071 697 1186 767 ipsa
1217 696 1452 750 humana
1482 702 1672 746 natura
1698 692 1803 759 pati
1840 690 1993 744 solut.

2112 683 2347 754 Βειλιάτω
2388 682 2477 734 τὸν
2520 680 2773 743 θάνατον,
2818 680 2911 734 καί¹
2952 680 3185 749 γινέσθω
3222 680 3535 750 περίλυπος.
3582 685 3682 733 καὶ

422 796 478 851 Si
521 808 648 847 vero
676 794 815 847 Deus
838 792 899 851 in
925 803 1089 844 carne
1126 797 1266 853 erat,
1296 798 1347 839 et
1374 784 1593 854 quidem
1629 792 1769 847 erat,
1801 790 1855 835 et
1891 796 1995 835 non

422 889 601 948 aliter,
622 900 784 955 quem
814 884 1000 937 limeat
1030 878 1208 935 Deus?
1244 878 1302 932 Si
1336 892 1460 932 vere
1486 876 1618 931 dicit
1645 893 1657 929 :
1687 892 1706 925 r
1736 874 1847 945 Ego
1879 888 1995 927 sum

425 981 533 1033 vita
561 980 628 1043 ³⁸,
660 997 679 1030 ι
714 975 988 1046 quomodo
1022 980 1250 1027 mortem
1302 971 1454 1023 timet
1496 968 1643 1021 vita?
1690 966 1749 1022 Si
1789 966 1924 1021 alios
1966 979 1997 1019 a

426 1079 597 1124 morte
634 1066 997 1128 conservavit,
1049 1062 1318 1133 quomodo
1360 1061 1476 1131 ipse
1520 1059 1697 1112 timuit
1734 1055 1998 1112 mortem?

426 1159 706 1226 Quomodo
753 1157 944 1211 timeat
984 1163 1237 1217 mortem,
1271 1151 1363 1222 qui
1403 1147 1694 1218 discipulos
1742 1149 1807 1201 ad
1839 1145 1997 1200 forti-

429 1250 690 1313 tudinem,
742 1247 1045 1315 mortisque
1102 1251 1468 1311 contemptum
1521 1241 1855 1303 cohortatur,
1913 1238 1999 1291 di-.

426 1358 554 1399 cens
594 1361 607 1397 :
647 1360 666 1395 ι
703 1341 882 1396 Nolite
932 1342 1124 1395 timere
1172 1353 1267 1393 eos
1320 1337 1412 1407 qui
1462 1336 1716 1391 occidunt
1761 1345 1994 1400 corpus,

426 1434 666 1490 animam
695 1442 875 1487 autem
905 1446 1009 1486 non
1035 1438 1256 1500 possunt
1288 1428 1539 1483 occidere
1559 1424 1640 1477 ιιι
1670 1443 1689 1476 ι
1719 1422 1999 1489 Quomodo

426 1528 544 1596 ipse
594 1526 696 1579 hoc
749 1524 975 1588 timeat,
1010 1522 1075 1577 si
1117 1521 1351 1575 Abrahae
1392 1520 1634 1573 animum
1684 1518 1868 1581 addit,
1916 1514 1998 1568 di-

428 1635 557 1677 cens
588 1637 601 1673 :
636 1638 655 1671 ι
690 1617 767 1671 Ne
801 1608 1013 1682 timeas,
1058 1615 1186 1685 quia
1213 1623 1388 1668 tecum
1423 1612 1627 1666 sum".
1664 1628 1682 1661 ι
1718 1609 1774 1663 Si
1816 1606 1997 1661 Mosen

429 1711 691 1767 adversus
722 1707 1065 1762 Pharaonem
1122 1703 1387 1768 incitavit,
1434 1711 1486 1757 et
1531 1701 1598 1755 ad
1642 1699 1807 1755 Josue
1854 1696 2001 1752 Nave

430 1802 599 1857 lilium
632 1801 765 1855 dicit
798 1819 810 1854 :
843 1817 862 1851 ι
897 1797 1220 1854 Conlortare
1247 1806 1302 1851 et
1343 1792 1572 1847 viriliter
1601 1806 1700 1861 age
1722 1790 1788 1855 ",
1822 1808 1841 1840 ι
1873 1804 2002 1858 quo-

2097 775 2467 846 ταραττέσθω,
2522 774 2616 826 καί
2662 775 2781 849 ὅσα.
2816 772 3059 841 πέφυκεν
3105 774 3137 842 ἡ
3174 773 3461 843 ἀνθρώπου
3514 772 3681 841 φύσις

2100 865 2411 936 ὑπομένειν,
2439 864 2616 919 ταῦτα
2643 864 2736 917 καὶ
2766 864 2945 927 αὐτός.
2976 864 3039 916 Εἰ
3063 862 3119 917 δὲ
3151 864 3283 927 Θεὸς
3310 860 3377 935 ἦν
3406 866 3461 918 ἐν
3494 866 3679 936 σαρκὶ,

2097 953 2165 1027 ἦν
2196 958 2250 1010 δέ
2276 956 2454 1021 τοῦτο,
2490 956 2582 1009 καὶ
2612 956 2709 1025 οὐχ
2736 955 2958 1025 ἑτέρως,
2990 955 3111 1010 τίνα
3139 954 3384 1024 φοϐεῖται
3414 956 3578 1021 Θεός;
3617 954 3681 1008 Εἰ

2097 1049 2302 1120 ἀληθὴς
2332 1045 2399 1120 ἦν
2430 1050 2631 1118 λέγων,
2672 1068 2688 1100 ι
2734 1048 2875 1118 Ἐγώ
2914 1051 3028 1119 εἰμι
3071 1051 3103 1119 ἡ
3136 1048 3284 1118 ζωὴ,
3311 1066 3339 1099 ο
3382 1047 3522 1100 κατὰ
3557 1047 3680 1099 τίνα

2097 1144 2298 1212 τρόπον
2338 1143 2583 1211 φοϐεῖται
2631 1144 2722 1196 τὸν
2756 1142 2985 1196 θάνατον
3025 1143 3057 1211 ἡ
3096 1141 3245 1211 Curi];
3297 1142 3359 1193 Εἰ
3393 1141 3584 1203 ἄλλους
3615 1142 3683 1192 ἐκ

2100 1232 2329 1287 θανάτου
2359 1234 2602 1298 διέσωσε,
2628 1233 2742 1296 πῶς
2762 1233 2815 1285 δὲ
2845 1232 3006 1295 αὐτὸς
3038 1232 3282 1301 ἐφοϐεῖτο
3306 1231 3396 1284 τόν
3424 1231 3677 1293 θάνατον,

2098 1328 2127 1378 6
2157 1328 2283 1388 τοὺς
2321 1326 2569 1396 μαθητὰς
2618 1325 2925 1394 ἐπαλείφων
2975 1326 3054 1387 εἰς
3108 1324 3363 1395 φρόνημα
3408 1323 3677 1387 νεανικὸν,

2099 1414 2194 1467 καὶ
2223 1414 2397 1481 λέγων
2418 1430 2431 1442 ³
2477 1433 2495 1465 ‹
2538 1415 2631 1484 Μὴ
2663 1414 2913 1482 φοϐεῖσθε
2944 1414 3054 1467 ἀπὸ
3096 1414 3205 1466 τῶν
3250 1414 3681 1466 ἀποκτεινόντων

2099 1502 2160 1555 τὸ
2185 1502 2366 1573 σῶμα,
2396 1501 2492 1573 τὴν
2521 1502 2578 1555 δὲ
2606 1502 2784 1573 ψυχὴν
2820 1501 2896 1573 μὴ
2923 1502 3237 1571 δυναμένων
3277 1506 3624 1566 ἀποκτεῖναι;
3655 1523 3673 1554 ι

2100 1594 2225 1656 Πῶς
2254 1594 2320 1647 ἂν
2351 1594 2507 1657 αὐτὸς
2530 1594 2778 1663 ἐφοϐεῖτο
2808 1594 2965 1647 τοῦτο
2990 1593 3201 1659 παθεῖν,
3225 1595 3273 1647 εἰ
3291 1595 3383 1647 τὸν
3425 1594 3680 1665 ’Δϐραὰμ

2100 1686 2534 1757 παραθαρσύνει,
2590 1686 2805 1753 λέγων’
2855 1705 2873 1738 ι
2923 1688 3013 1757 Μὴ
3044 1684 3231 1755 φοϐοῦ,
3272 1686 3351 1739 ὅτι
3392 1687 3529 1756 μετά
3581 1686 3678 1739 σοῦ

2102 1781 2255 1851 είμι;
2296 1799 2313 1831 ι
2364 1780 2424 1832 Εἰ
2455 1780 2659 1833 Μωσέα
2699 1780 3023 1851 γοργότερον
3055 1780 3227 1832 ἐποίει
3270 1780 3407 1832 κατά
3449 1778 3540 1831 τοῦ
3570 1781 3680 1831 Φα-

428 1895 587 1949 modo
617 1894 670 1947 in
703 1892 851 1946 illum
893 1898 1071 1945 metus
1110 1889 1287 1952 cadat,
1325 1898 1546 1956 autquo
1570 1893 1725 1956 pacto
1753 1884 2002 1937 homines

2112 1847 2242 1941 pat‘u,
2272 1870 2366 1924 καὶ
2395 1870 2529 1940 πρὸς
2570 1847 2885 1939 Ἰησοῦν-τὸν
2911 1847 3004 1922 τοῦ
3038 1869 3190 1938 Ναυῆ
3216 1868 3397 1936 λέγει’
3438 1888 3455 1918 ι
3494 1869 3676 1939 ἰσχυε

430 1982 629 2047 timuit,
665 1980 755 2051 qui
807 1980 942 2034 alios
975 1978 1041 2032 ad
1090 1976 1453 2047 abjiciendum
1490 1984 1690 2029 metum
1731 1974 2000 2036 hortatur,

429 2071 665 2140 facitque
718 2078 778 2124 ut
816 2068 1054 2124 clament
1088 2085 1101 2119 :
1137 2085 1156 2117 ι
1189 2064 1447 2121 Dominus
1493 2063 1625 2118 mihi
1669 2062 1903 2131 adiutor,
1948 2069 2005 2115 et

430 2177 538 2218 non
585 2161 785 2217 timebo
813 2158 943 2229 quid
975 2157 1139 2212 faciat
1176 2157 1309 2210 mihi
1367 2156 1529 2211 homo
1553 2153 1638 2205 ³⁵2
1667 2173 1686 2205 ι
1724 2153 2004 2220 Quomodo

429 2255 478 2310 is
516 2254 605 2323 qui
640 2254 705 2307 ad
738 2253 840 2307 hoc
879 2251 1047 2314 venit,
1078 2257 1135 2304 ut
1176 2258 1403 2303 mortem
1456 2247 1758 2312 interimat,
1789 2246 1903 2316 ipse
1941 2246 2006 2300 ti-

430 2351 577 2400 meat
640 2342 693 2397 id
743 2350 930 2396 contra
979 2340 1122 2411 quod
1173 2335 1357 2392 venit?
1412 2336 1520 2391 Aut
1580 2336 1848 2406 quomodo
1897 2349 2004 2389 non

428 2445 685 2492 extrema:
738 2430 1032 2501 impietatis
1076 2428 1243 2485 fuerit
1290 2430 1491 2495 dicere,
1546 2430 1716 2498 ipsum
1761 2428 2005 2483 timuisse

430 2526 728 2590 infernum,
794 2523 947 2594 cujus
997 2507 1252 2577 custodes
1310 2523 1375 2575 ad
1431 2520 1603 2590 ipsius
1656 2528 2003 2589 conspectum

430 2618 774 2690 expaverint,
830 2608 1198 2684 reschtisque
1244 2614 1436 2684 portis,
1496 2612 1720 2682 spiritus
1770 2611 2006 2667 inclusos

430 2712 775 2776 dimiserunt,
805 2707 968 2779 230
1030 2707 1164 2764 adeo
1194 2715 1252 2761 ut
1294 2705 1446 2760 multi
1480 2716 1791 2759 sanctorum
1827 2719 2008 2759 resur-

433 2803 696 2866 rexerint,
730 2803 1028 2870 urbemque
1074 2798 1326 2870 ingressi,
1371 2806 1428 2851 ut
1464 2798 1722 2865 scriptum
1772 2804 1855 2851 est
1879 2795 1945 2860 “,
1976 2810 2007 2850 a

434 2894 620 2951 multis
654 2893 752 2948 visi
778 2892 926 2947 sint?
957 2891 1238 2958 Quomodo
1273 2890 1450 2944 timuit
1472 2898 1727 2954 mortem,
1754 2888 1845 2956 qui
1882 2888 2007 2941 dum

431 2994 787 3059 quaereretur,
834 2983 969 3038 dixit
1013 2983 1094 3039 eis
1148 2983 1243 3052 qui
1299 2982 1367 3035 ad
1410 2981 1589 3051 ipsum
1652 2981 2007 3049 comprehen-

432 3077 664 3133 dendum
700 3083 1046 3131 accesserant
1075 3092 1088 3129 :
1128 3090 1145 3125 ι
1178 3072 1288 3144 Ego
1318 3088 1435 3128 sum
1459 3073 1545 3125 υτ
1576 3091 1596 3125 s
1633 3072 1908 3139 Quomodo
1943 3071 2008 3126 ti-

432 3169 567 3224 muit
621 3168 848 3221 mortem
897 3165 988 3236 qui
1032 3164 1165 3220 dicit
1205 3182 1270 3218 τι
1304 3164 1413 3235 Ego
1454 3170 1778 3233 potestatem
1835 3162 2010 3219 habeo
2036 3183 2079 3240 ο

422 3256 743 3312 dimittendi
768 3255 1004 3313 animam
1029 3270 1226 3320 meam,
1257 3264 1313 3308 ct
1342 3269 1532 3308 rursus
1559 3262 1883 3322 potestatem
1911 3254 2006 3307 ha-

433 3348 538 3404 bco
587 3345 886 3416 accipiendi
947 3359 1103 3411 eam;
1143 3362 1163 3395 ι
1213 3355 1270 3399 ει
1337 3363 1357 3395 ι
1415 3346 1597 3399 nullus
1643 3346 1836 3415 eripiet
1887 3360 2008 3400 eam

435 3436 597 3503 mihi,
642 3436 736 3492 sed
781 3449 881 3505 ego
913 3435 1126 3503 depono
1167 3447 1283 3487 eam
1317 3448 1346 3486 a
1381 3433 1589 3502 meipso
1612 3432 1689 3485 δί
1717 3452 1735 3483 ι
1776 3430 2010 3487 Verbum

437 3524 737 3597 itaqueDci
770 3523 825 3577 in
868 3538 928 3577 se
966 3531 1194 3577 riiortem
1236 3537 1342 3576 non
1382 3521 1597 3586 timuit;
1635 3520 1730 3575 sed
1763 3518 2009 3574 humani-

437 3627 521 3675 tas
548 3633 667 3689 qua:
699 3631 795 3673 sua
834 3622 1031 3671 natura
1066 3624 1293 3670 mortem
1319 3612 1659 3669 reformidat.

949 3896 1183 3965 ALIUD,
1210 3906 1493 3951 narraltse.

515 3990 894 4046 Necessarium
921 3989 1086 4061 plane
1131 3996 1237 4053 est,
1283 3997 1345 4044 ut
1386 3988 1480 4057 qui
1528 3995 1675 4044 recte
1717 3987 2014 4059 intelligere

443 4080 573 4137 velit
592 4096 713 4151 quae
742 4082 809 4136 de
832 4080 1123 4136 Servatore
1155 4086 1345 4135 nostro
1370 4080 1423 4133 in
1450 4094 1600 4134 sacra
1624 4078 1900 4148 Scriptura
1930 4079 2013 4132 di-

440 4182 661 4239 cuntur,
705 4174 1048 4229 occasionem
1094 4172 1271 4243 ipsam
1318 4178 1533 4242 spectet
1576 4180 1633 4226 et
1674 4180 1915 4242 tempora
1961 4170 2014 4224 in

438 4265 656 4336 quibus,
697 4273 794 4319 aut
823 4265 940 4335 ipse
966 4264 1033 4320 de
1065 4279 1146 4331 se,
1187 4272 1283 4319 aut
1314 4277 1469 4319 sacra
1502 4260 1779 4335 Scriptura
1814 4262 2013 4333 aliquid

443 4362 513 4415 de
557 4374 624 4415 eo
657 4358 815 4415 dixit.
858 4357 915 4413 Si
949 4374 1083 4428 ergo
1119 4357 1359 4414 Verbum
1394 4356 1489 4412 Dei
1536 4367 1825 4426 antequam
1866 4357 2018 4412 ﬁeret

442 4466 593 4515 caro,
642 4465 878 4520 unquam
909 4450 996 4505 vel
1044 4448 1312 4514 ﬂoruisse,
1347 4448 1433 4504 vel
1470 4456 1702 4503 mortem
1752 4446 2013 4513 timuisse,

2106 1963 2199 2016 καὶ
2236 1960 2506 2032 ἀνδρίζου,
2550 1980 2568 2012 ι
2604 1961 2719 2024 πῶς
2756 1961 2916 2025 αὐτὸς
2938 1960 3138 2024 δειλίας
3166 1962 3316 2015 ἔσται
3347 1962 3612 2025 δεκτικὸς,
3643 1962 3676 2032 ἢ

2108 2051 2224 2114 πῶς
2254 2049 2574 2120 ἀνθρώπους
2609 2050 2872 2121 ἐφοϐήθη,
2902 2052 2928 2103 6
2968 2050 3147 2115 ἄλλοις
3192 2051 3572 2122 συμϐουλεύων
3601 2056 3677 2117 εἰς

2106 2143 2165 2195 τὸ
2198 2141 2271 2213 μὴ
2309 2140 2614 2211 φοϐεῖσθαι,
2664 2141 2757 2194 καὶ
2799 2141 3000 2194 πείθων
3045 2141 3207 2213 βοᾷν·
3246 2161 3265 2195 ι
3309 2143 3513 2214 Κύριος
3556 2145 3682 2215 ἐμοὶ

2108 2233 2320 2305 βοηθὸς,
2354 2235 2413 2287 οὑ
2449 2232 2828 2303 φοϐηθήσομαι
2866 2232 2918 2286 τί
2950 2235 3166 2305 ποιήσει
3198 2252 3287 2304 μοι
3309 2234 3626 2306 ἀνθρωπος;
3656 2256 3674 2287 ι

2106 2326 2231 2390 Πῶς
2260 2327 2316 2379 δὲ
2343 2328 2372 2380 6
2404 2328 2484 2391 εἰς
2512 2325 2670 2379 τοῦτο
2700 2326 3004 2398 παρελθὼν,
3038 2327 3127 2381 ῖνα
3167 2329 3260 2382 τὸν
3299 2328 3526 2382 θάνατον
3550 2331 3685 2383 ἀπο-

2106 2416 2314 2489 κτείνῃ.
2366 2418 2529 2482 αὐτὸς
2576 2417 2827 2487 ἐφοϐεῖτο
2858 2419 2948 2472 τὸν
2998 2420 3119 2473 καθ’
3160 2414 3221 2476 οὗ
3271 2423 3681 2493 παραγέγονεν;

2110 2509 2181 2562 Ἢ
2211 2509 2329 2573 πῶς
2353 2509 2413 2562 ού
2442 2510 2623 2580 πάσης
2648 2510 2904 2564 ἐπέκεινα
2930 2511 3251 2577 δυσσεϐείας
3284 2515 3399 2567 ἐστὶ
3418 2514 3479 2567 τὸ
3506 2514 3684 2582 λέγειν

2107 2599 2388 2670 φοϐεῖσθαι
2422 2600 2511 2655 τὸν
2543 2600 2695 2671 ᾅδην,
2728 2601 2787 2654 ὃν
2819 2604 2870 2654 οἰ
2910 2604 3099 2657 τούτου
3127 2605 3369 2675 πυλωροί
3404 2608 3494 2661 καὶ
3523 2607 3685 2677 μόνον

2112 2690 2310 2753 ἰδόντες
2341 2690 2709 2761 κατέπτηξαν,
2764 2691 2858 2743 καί
2894 2691 2991 2755 τὰς
3035 2692 3311 2760 ἀφύκτους
3352 2696 3688 2759 πετάσαντες

2110 2779 2305 2844 πύλας,
2357 2782 2575 2851 ἀφῆκαν
2621 2782 2688 2835 τά
2726 2784 3213 2839 ἐναποκλεισθέντα
3267 2787 3569 2859 πνεύματα,
3610 2788 3688 2851 ὡς

2108 2870 2404 2942 ἀναστῆναι
2434 2871 2543 2925 τῶν
2574 2873 2745 2941 ἁγίων
2781 2874 3025 2941 πολλοὺς,
3061 2876 3154 2929 καὶ
3194 2877 3454 2931 εἰσελθεῖν
3481 2881 3559 2942 εἰς
3585 2879 3689 2949 ,τὴν

2110 2963 2285 3028 πόλιν,
2313 2964 2457 3017 καθά
2486 2965 2817 3036 γέγραπται,
2847 2968 2938 3020 καὶ
2974 2967 3207 3037 ὀφθῆναί
3234 2986 3376 3035 τισι;
3408 2970 3531 3034 Πῶς
3559 2973 3687 3041 ἐφο-

2112 3052 2263 3107 ϐεῖτο
2303 3055 2393 3109 τὸν
2435 3055 2663 3110 θάνατον
2694 3060 2723 3110 6
2772 3059 2830 3112 ἐν
2880 3058 2956 3129 τῷ
3002 3058 3278 3131 ζητεῖσθαι
3327 3061 3501 3130 λέγων
3550 3063 3691 3133 πρὸς

2110 3145 2237 3208 τοὺς
2295 3148 2737 3218 παραγεγονότας
2782 3150 2944 3203 αὑτὸν
3010 3152 3410 3209 συλλαϐέσθαιο
3459 3176 3479 3208 ι
3548 3156 3691 3224 Ἐγὼ

2111 3237 2264 3305 εἰμι;
2322 3256 2341 3288 ι
2416 3238 2539 3302 Πῶς
2598 3239 2845 3307 ἐφοϐεῖτο
2904 3242 2997 3294 τὸν
3052 3242 3279 3301 θάνατον
3356 3248 3384 3299 6
3450 3247 3623 3316 λέγων
3675 3268 3689 3281 ·

2114 3347 2133 3381 r
2187 3330 2465 3397 Ἐξουοιίαν
2513 3333 2622 3403 ἔχω
2659 3334 2832 3388 θεῖναι
2871 3337 2971 3408 τὴν
3020 3338 3198 3411 ψυχήν
3240 3359 3341 3411 μου
3387 3344 3476 3397 καὶ
3528 3344 3693 3400 πάλιν

2111 3421 2358 3488 ἐξουσίαν
2407 3422 2514 3493 ἔχω
2566 3422 2751 3479 λαϐεῖν
2776 3427 2947 3497 αὐτήν
2970 3444 2984 3458 ο
3029 3448 3048 3481 ι
3086 3430 3180 3483 καὶ
3214 3448 3227 3461 ·
3270 3451 3289 3484 ι
3326 3433 3514 3498 Οὐδεὶς
3547 3437 3693 3509 αἴρει

2110 3513 2281 3583 αὐτὴν
2315 3514 2410 3567 ἀπ’
2456 3514 2612 3581 ἐμοῦ,
2654 3517 2771 3570 ἀλλ’
2811 3518 2921 3588 ἐγὼ
2964 3520 3154 3593 τίθημι
3185 3523 3354 3594 αὐτὴν
3391 3527 3485 3579 ἀπ’
3515 3529 3693 3599 ἐμαυ-

2110 3602 2240 3670 τοῦ;
2283 3623 2302 3656 ι
2340 3606 2454 3659 Οὐκ
2481 3602 2550 3678 ἦν
2575 3603 2669 3662 οὖν
2704 3608 2810 3680 ἄρα
2850 3611 2972 3664 καθ’
3004 3614 3199 3669 ἑαυτὸν
3226 3617 3253 3668 6
3280 3616 3377 3670 τοῦ
3421 3618 3556 3673 Θεοῦ
3586 3621 3694 3674 Λό-

2110 3711 2206 3761 γος
2235 3696 2264 3747 6
2295 3694 2386 3747 τὸν
2415 3695 2643 3751 θάνατον
2687 3699 3037 3772 ὑποπτήξας·
3068 3703 3185 3757 ἀλλ’
3229 3701 3298 3776 ἦν
3345 3709 3403 3762 ἐν
3448 3708 3596 3780 αύτῷ
3633 3710 3697 3764 τὸ

2113 3781 2452 3854 ἀνθρώπινον
2484 3788 2725 3856 πεφυκὸς
2751 3789 2910 3844 τοῦτο
2936 3794 3164 3863 πάσχειν
3191 3796 3299 3852 ἀεί.

2552 3897 2759 3966 ΑΛΛΟ,
2793 3898 3250 3970 διηγηματικῶς.

2197 3983 2435 4056 Ἀνάγκη
2486 3987 2635 4041 πᾶσα
2684 3989 2811 4053 τοὺς
2862 3990 3036 4058 ὀρθῶς
3090 3993 3377 4060 ἐθέλοντας
3439 4001 3578 4052 νοεῖν
3622 4000 3696 4055 τά

2114 4076 2268 4146 παρὰ
2299 4079 2420 4141 ταῖς
2448 4077 2624 4142 θείαις
2654 4080 2921 4152 εἰρημένα
2943 4082 3185 4155 Γραφαῖς
3226 4088 3356 4159 περὶ
3381 4088 3478 4142 τοῦ
3509 4091 3694 4160 Σωτῆ-

2118 4182 2208 4237 ρος
2248 4168 2406 4238 ήμῶν
2450 4170 2715 4240 Χριστοῦ,
2751 4172 2841 4227 τὸν
2890 4174 3078 4245 καιρὸν
3122 4176 3392 4242 ἐξετάζειν
3431 4179 3524 4233 καί
3564 4184 3695 4244 τοὺς

2115 4259 2339 4328 χρόνους
2388 4260 2510 4313 καθ’
2541 4261 2635 4325 οὓς
2684 4263 2716 4334 ἢ
2767 4264 2927 4328 αὐτὸς
2969 4266 3205 4337 εἰρηκώς
3252 4285 3305 4321 τι
3341 4270 3468 4341 περί
3488 4272 3692 4326 ἐαυτοῦ

2117 4349 2385 4419 φαίνεται,
2420 4351 2453 4423 ῆ
2484 4353 2540 4405 αἰ
2566 4353 2706 4409 θεῖαι
2734 4354 2949 4427 Γραφαὶ
2983 4359 3112 4430 περὶ
3155 4359 3341 4415 αὑτοῦ.
3376 4363 3440 4415 Εἰ
3475 4362 3573 4434 μὲν
3597 4359 3697 4419 οῦν

2117 4442 2245 4515 πρὶν
2297 4444 2521 4514 γένηται
2570 4444 2710 4517 σὰρξ
2750 4449 2777 4500 6
2816 4446 2909 4500 τοῦ
2950 4448 3086 4503 Θεοῦ
3134 4451 3327 4520 Λόγος,
3368 4454 3402 4524 ἢ
3450 4454 3696 4522 κλαύσας

449 4551 542 4598 aut
574 4542 716 4596 aliud
750 4541 1031 4610 quidpiam
1067 4541 1368 4595 humanum
1404 4553 1623 4609 passum
1664 4537 1830 4593 fuisse
1865 4552 2007 4608 repe-

2119 4534 2310 4605 όρᾶται
2332 4532 2573 4601 πώποτε,
2608 4537 2642 4608 ἢ
2670 4538 2901 4594 θάνατον
2924 4540 3201 4612 φοϐηθεὶς,
3234 4544 3265 4613 ἦ
3293 4521 3479 4617 ἕτερόν
3509 4564 3561 4601 τι
3581 4521 3697 4602 τῶν

443 4632 607 4697 ritur,
632 4632 796 4685 etiam
822 4644 969 4685 nunc
997 4628 1086 4685 illa
1122 4630 1241 4699 ipsa
1272 4630 1451 4684 locum
1478 4630 1534 4683 in
1565 4643 1632 4683 eo
1656 4627 1910 4682 habeant.
1950 4627 2019 4681 At

445 4721 493 4777 si
531 4726 752 4791 quando
805 4720 981 4775 factus
1038 4727 1126 4775 est
1172 4720 1355 4786 homo,
1409 4729 1519 4773 tum
1566 4718 1802 4788 primum
1849 4729 2020 4770 sacrae

445 4810 741 4882 Scriptura
770 4807 1038 4879 ejusmodi
1063 4809 1130 4864 de
1159 4823 1226 4864 eo
1252 4810 1508 4865 dixerunt
1537 4822 1671 4863 :cur
1703 4821 1812 4861 non
1836 4804 2019 4875 potius

446 4902 683 4956 humano
720 4915 873 4956 more
924 4899 1014 4955 illa
1045 4898 1189 4954 dicta
1235 4914 1358 4955 esse
1389 4899 1753 4966 censebimus,
1788 4906 1847 4954 ut
1875 4896 2018 4953 blas-

454 4990 567 5061 pbe
579 4992 700 5049 mi:
727 4991 939 5049 crimen
965 4990 1329 5062 eﬂugiamus?

1111 5190 1339 5250 ALIUD.

828 5280 910 5336 Ea:
947 5282 1234 5351 objections
1264 5284 1650 5340 hereticorum.

520 5371 619 5439 Qui
668 5373 837 5440 licvit,
869 5374 1145 5444 inquiunt,
1185 5383 1241 5431 et
1287 5377 1539 5432 timorem
1589 5390 1651 5431 ac
1702 5373 2014 5431 maestitiam

450 5467 716 5537 concepit,
766 5468 1037 5538 quomodo
1085 5468 1192 5522 erit
1239 5476 1434 5525 natura
1478 5467 1659 5525 Deus?
1702 5466 1831 5523 Haec
1869 5466 2012 5522 enim

451 5556 729 5613 hominum
764 5566 889 5614 sunt
918 5561 1153 5630 propria.

525 5730 569 5809 ξ’
597 5730 910 5809 deamat},
945 5732 998 5789 6.
1076 5734 1120 5766 ³⁸
1155 5733 1538 5809 Μειιιιεκὶξε.
1616 5739 1661 5770 "
1696 5737 1956 5809 G_en.xv,
1989 5743 2013 5799 1

481 5799 571 5869 52,
597 5801 682 5858 53.
758 5802 799 5836 δ’
826 5799 990 5860 'Joan.
1020 5820 1169 5872 xvm,
1213 5804 1266 5861 6.
1342 5806 1562 5865 “Joan.
1593 5823 1650 5879 ι,
1681 5807 1883 5880 11,18.

2115 4625 2469 4707 ἀνθρωπίνων
2513 4628 2839 4699 ὑπομείνας,
2883 4633 3153 4703 κρατείτω
3181 4636 3275 4688 καὶ
3302 4637 3395 4690 νῦν
3438 4638 3507 4693 τά
3537 4641 3695 4711 εἰρη-

2120 4715 2255 4786 μένα
2283 4716 2412 4788 περὶ
2444 4717 2633 4772 αὑτοῦ.
2670 4719 2734 4771 Εἰ
2759 4719 2816 4772 δὲ
2842 4722 2930 4773 ὅτε
2969 4722 3193 4791 γέγονεν
3222 4724 3526 4798 ἄνθρωπος,
3571 4729 3697 4784 τότε

2118 4807 2211 4861 καὶ
2253 4807 2352 4871 τὰς
2402 4810 2658 4873 τοιαύτας
2696 4810 2879 4880 φωνὰς
2924 4814 3050 4885 περὶ
3101 4816 3264 4869 αὑτοῦ
3309 4819 3595 4890 εἰρήκασιν
3634 4824 3697 4876 αξ

2119 4899 2257 4953 θεῖαι
2284 4900 2520 4971 Γραφαί,
2548 4901 2602 4955 τί
2631 4902 2705 4973 μὴ
2734 4903 2935 4974 μᾶλλον
2967 4906 3323 4978 ἀνθρωπίνως
3351 4910 3601 4982 εἰρῆσθαι
3621 4914 3703 4969 τὰ

2113 4991 2338 5045 τοιαῦτα
2372 4993 2636 5064 φήσομεν,
2666 4994 2752 5049 ἵνα
2784 4996 2847 5049 τὸ
2885 4998 2950 5051 ἐκ
2980 4997 3077 5068 τῆς
3118 4998 3465 5072 βλασφημίας
3499 5002 3699 5073 διαφύ-

2117 5101 2303 5155 γωμεν
2333 5084 2499 5138 κακόν
2520 5102 2535 5146 ;

2808 5204 3010 5259 AAAO.

2304 5292 2401 5357 Ὠς
2429 5292 2499 5358 ἐξ
2536 5294 2895 5364 ἀντιθέσεως
2932 5297 3052 5353 τῶν
3085 5301 3521 5371 χριστομὰχων.

2204 5382 2261 5435 '0
2308 5384 2567 5451 κλαύσας,
2611 5388 2765 5458 φασὶ,
2816 5391 2909 5442 καὶ
2957 5390 3234 5461 φοϐηθεὶς,
3263 5392 3356 5445 καὶ
3399 5393 3707 5463 περίλυπος

2121 5475 2380 5544 γεγονὼς,
2426 5478 2544 5543 πῶς
2584 5479 2737 5535 ἔσται
2790 5483 2950 5551 φύσει
2987 5482 3155 5550 Θεός;
3213 5483 3538 5554 ’Λνθρώπων
3591 5488 3708 5555 γὰρ

2126 5567 2233 5621 tam
2260 5568 2329 5621 τὰ
2355 5572 2594 5625 τοιαῦτα.

2121 5742 2162 5778 ³⁸
2190 5742 2353 5804 Josue
2387 5763 2426 5814 ι,
2460 5747 2514 5804 6.
2593 5751 2637 5783 θ’
2669 5750 2815 5809 Psal.
2849 5767 3015 5824 cxvn,
3059 5757 3112 5811 6.
3140 5756 3156 5771 ’
3226 5759 3270 5790 ιο
3312 5757 3505 5815 Matth.
3547 5770 3699 5827 εχιτ,
