3986 6320
517 387 625 446 δυσ

1503 387 1559 442 3.
1601 386 1875 441 CYRlLLl
1917 383 2394 443 ALEXANDRINI
2430 388 2748 444 ARCHIEP.

3625 392 3734 446 396

514 513 835 575 repugnant,
867 504 1179 571 dictumque
1224 502 1274 555 in
1329 502 1486 556 aliam
1532 502 1851 557 sententiam
1897 502 2078 556 detor-

2190 523 2257 559 ιιν
2289 506 2555 569 ἀδούλως,
2589 508 2679 558 καὶ
2710 507 3006 575 πειρῶνται
3041 505 3099 557 τὸ
3122 503 3410 575 εἰρημένον
3429 504 3506 568 εἰς
3538 503 3733 575 ἰτίρας

515 611 685 663 quere
746 604 1043 658 conantur,
1098 608 1203 649 non
1262 593 1559 665 tribuentes
1615 589 1752 646 Filio
1812 593 1952 661 quod
2012 592 2081 645 sit

520 704 681 741 unum
714 701 835 740 cum
869 684 1049 749 Patre,
1078 684 1173 741 sed
1212 683 1263 739 id
1289 684 1430 754 quod
1466 692 1611 738 recte
1639 684 1967 753 pulchreque
1997 683 2080 735 di—

518 789 662 831 ctum
696 786 780 831 cst
825 774 1127 830 convellere
1161 782 1440 829 conantes.
1478 770 1711 825 Rursum
1745 771 2081 825 invenientes

520 870 573 922 in
613 866 939 937 Evangeliis,
974 877 1305 935 quaecunque
1353 873 1414 916 ut
1467 862 1627 915 homo
1670 871 1763 915 aut
1800 861 1954 923 dixit,
1991 869 2084 912 aut

523 959 672 1024 fecit,
702 960 953 1013 nimirum
982 958 1122 1025 quod
1147 955 1307 1016 ﬁerit,
1337 963 1429 1007 aut
1457 964 1692 1007 maerore
1722 949 1942 1005 aﬂ‘ectus
1966 949 2080 1004 iue-

521 1055 609 1115 rit,
646 1049 857 1118 aliaque
900 1048 987 1101 his
1017 1047 1234 1111 similia,
1270 1061 1374 1099 non
1409 1045 1645 1098 referunt
1678 1045 1744 1098 ad
1774 1043 2080 1096 humanitaa

521 1159 649 1207 tem,
706 1142 797 1196 sed
831 1138 991 1211 232
1019 1140 1193 1194 Verbo
1226 1137 1314 1192 illa
1363 1138 1722 1199 ascribentes,
1776 1148 1843 1189 ex
1891 1134 1958 1188 iis
1986 1132 2082 1187 de-

519 1232 821 1290 monstrare
868 1234 1112 1286 nituntur
1140 1246 1243 1286 non
1288 1245 1407 1286 esse
1436 1227 1600 1283 Deum
1629 1226 1721 1297 qui
1760 1226 1872 1280 btec
1897 1223 2084 1279 fecerit

516 1340 572 1381 et
598 1340 787 1396 passus
818 1323 997 1386 fuerit,
1042 1324 1175 1377 adeo
1222 1332 1278 1375 ut
1310 1330 1365 1375 et
1394 1322 1565 1389 ipsum
1613 1316 1875 1373 creaturis
1910 1328 2082 1369 anuu-

521 1427 749 1479 urerent,
804 1430 926 1469 eum
968 1428 1156 1468 earum
1199 1413 1272 1468 sit
1315 1419 1548 1469 creator.
1594 1410 1700 1462 Aut
1750 1420 1877 1475 ergo
1923 1406 2080 1459 attri-

516 1509 667 1564 buito
704 1506 840 1562 Filio
863 1506 1004 1573 quod
1036 1504 1110 1558 sit
1147 1518 1285 1558 unus
1312 1506 1433 1556 cum
1464 1501 1645 1565 Patre,
1679 1506 1774 1551 aut
1801 1505 1947 1551 certe
1976 1510 2083 1549 non

506 1600 804 1656 invenietis
847 1596 1083 1652 Verbum
1128 1597 1271 1666 quod
1324 1593 1464 1649 Patri
1514 1591 1718 1663 aequale
1753 1600 1836 1645 est
1871 1604 1966 1660 per
2000 1604 2080 1654 se,

518 1700 785 1760 quatenus
816 1688 1053 1743 Verbum
1088 1693 1194 1750 est,
1242 1684 1391 1747 llere,
1430 1691 1523 1736 aut
1556 1694 1789 1736 mterore
1820 1678 1907 1734 vel
1937 1686 2083 1733 metu

2176 598 2486 669 περιέλκειν
2514 598 2745 661 ιννοίας,
2776 598 2874 651 οὒκ
2915 596 3256 659 ἀποδιδόντες
3285 595 3363 665 τῷ
3409 595 3523 665 Υίῷ
3572 596 3633 649 τὸ
3673 596 3737 648 ιν

2177 684 2317 743 εἶναι
2346 687 2559 759 Πατρδς
2579 685 2759 759 (πρὸς)
2788 689 2878 741 τὸν
2905 687 3149 756 Πατέρα,
3181 687 3317 741 ἀλλά
3359 686 3419 741 τὸ
3473 687 3652 751 καλῶς
3674 704 3737 740 τε

2178 782 2269 833 καὶ
2296 780 2473 851 ὀρθῶς
2502 778 2795 849 εἰρημένον
2853 778 3256 850 ἐπιχειροῦντες
3286 778 3607 849 παραλύειν.
3635 778 3743 831 Εὕ-

2179 870 2456 938 ρίιντιοντες
2492 869 2549 921 ὁὶ
2578 869 2739 923 πάλιν
2763 871 2821 922 ιν
2870 871 2983 933 τοίς
3041 869 3394 937 Εὑαγγελίοις
3432 870 3500 923 τὰ
3530 869 3742 940 ὅσαπερ

2179 960 2252 1022 ὡς
2290 957 2574 1027 ἄνθρωπος
2600 957 2635 1029 ἢ
2663 958 2928 1011 πέπονθεν
2968 959 2999 1029 ἦ
3054 957 3146 1012 καὶ
3191 957 3429 1029 εἰρηκὼς
3468 958 3740 1025 φαίνεται,

2178 1045 2290 1104 οἷον
2319 1049 2378 1100 τί,
2394 1049 2657 1101 ικλαύσεν
2681 1048 2711 1119 ἢ
2736 1050 2827 1101 καὶ
2850 1048 3117 1119 ἐλυπήθη,
3145 1049 3239 1102 καὶ
3255 1048 3323 1101 τὰ
3342 1047 3547 1110 τούτοις
3559 1048 3745 1118 ὃμοια.

2180 1143 2241 1196 ού
2277 1142 2531 1212 φέρουσιν
2584 1140 2677 1193 ἐπὶ
2710 1140 2807 1212 τὴν
2851 1140 3270 1213 ἁνθρωπότητα,
3304 1140 3417 1193 ἀλλ’
3452 1139 3610 1203 εὐθὺς
3664 1140 3752 1209 τῷ

2180 1233 2337 1304 Λόγῳ
2367 1232 2540 1287 ταῦτα
2571 1235 2999 1302 προσάπτοντες,
3033 1231 3306 1298 ἀπόδειξιν
3351 1232 3624 1286 ποιοῦνται
3649 1231 3749 1285 τοῦ

2185 1324 2259 1395 μὴ
2287 1322 2425 1378 εἶναι
2455 1325 2588 1377 Θεὸν
2611 1324 2700 1380 τὸν
2734 1324 2907 1376 ταῦτα
2935 1323 3273 1377 «moved-ta"
3295 1321 3440 1377 ὥστε
3470 1326 3562 1378 καὶ
3583 1325 3754 1377 αὐτὸν

2186 1414 2633 1485 συναριθμεῖσθαι
2663 1416 2729 1482 τῇ
2770 1414 2965 1477 κτίσει,
3002 1413 3092 1466 τὸν
3108 1412 3311 1481 ταύτης
3342 1412 3471 1466 ὄντα
3494 1416 3755 1481 ποιητήν.

2192 1507 2259 1557 -ιι
2290 1506 2470 1560 τοίνυν
2498 1505 2694 1568 ἀπόδος
2708 1505 2784 1574 τῷ
2806 1505 2916 1575 γιῴ
2934 1505 2992 1557 τδ
3020 1503 3076 1557 ιν
3095 1498 3233 1557 εἶναι
3251 1504 3384 1573 πρὸς
3403 1505 3493 1558 τδν
3510 1486 3756 1574 Πατέρέι,

2191 1598 2283 1648 καὶ
2306 1597 2402 1665 οὐχ
2420 1596 2673 1665 εὑρήσεις
2695 1596 2785 1648 τὸν
2826 1596 2882 1648 ὲν
2915 1597 3114 1663 ίσάτητι
3139 1594 3230 1648 τοῦ
3263 1595 3472 1664 Πατρός
3500 1596 3628 1649 ὄντα
3648 1596 3759 1649 Λό-

2192 1705 2284 1755 γον
2325 1688 2445 1741 καθ’
2475 1687 2687 1752 ἑαυτὸν,
2717 1682 2750 1760 ᾖ
2786 1689 2957 1755 Λόγος
2985 1687 3123 1751 ἐστὶ,
3156 1686 3411 1741 κλαίοντα
3436 1686 3764 1757 ἣλυπούμε-

518 1781 675 1845 unici,
728 1787 843 1844 aut,
883 1778 926 1833 si
979 1791 1083 1831 non
1130 1774 1351 1831 creditis
1408 1773 1609 1829 dicenti
1660 1770 1759 1841 ipsi
1814 1770 1953 1839 quod
2014 1767 2082 1823 sit

2193 1796 2303 1835 νον.
2338 1779 2369 1849 ἦ
2397 1778 2547 1849 φόϐῳ
2580 1778 2910 1849 βαλλόμενον
2932 1795 2945 1809 ⁸
2976 1778 3011 1848 ἢ
3040 1778 3091 1829 εἰ
3120 1778 3195 1848 μὴ
3219 1778 3494 1841 πιστεύεις
3545 1778 3763 1846 λέγοντι

517 1844 680 1927 unum
732 1885 853 1926 cum
898 1867 1078 1931 Patre,
1133 1880 1199 1920 ne
1249 1866 1351 1920 hoc
1386 1864 1605 1934 quidem
1654 1860 1912 1925 credatis,
1960 1875 2080 1915 cum

2196 1844 2368 1941 αὐτῷ,
2393 1844 2661 1939 ότιπερεν
2691 1844 2808 1923 ἐστι
2827 1871 2961 1939 πρὸς
2980 1844 3071 1922 τὸν
3097 1844 3291 1925 tanta?)
3338 1869 3577 1940 Πατέρα,
3621 1844 3767 1939 μηδδ

518 1963 648 2017 dicit
677 1974 736 2016 se
768 1957 970 2013 lristari
1006 1975 1020 2010 :
1054 1966 1216 2025 atque
1252 1955 1324 2009 ita
1368 1952 1660 2009 incredulis
1688 1950 1885 2006 Judznis
1909 1948 2080 2004 ascri-

517 2054 742 2117 bemini,
776 2049 911 2105 nihil
941 2046 1161 2102 omnino
1188 2057 1377 2101 eurum
1403 2059 1520 2115 qua:
1550 2044 1613 2098 de
1645 2041 1932 2097 Senatore
1956 2041 2083 2093 scri-

518 2155 606 2217 pta
633 2152 776 2207 sunt,
814 2140 1153 2208 recipientes.

1183 2247 1407 2303 ALIUD.

584 2366 785 2423 Paulus
854 2363 1045 2417 alicubi
1100 2360 1234 2415 dicit
1280 2360 1347 2413 de
1394 2355 1531 2412 Filio
1584 2358 1677 2413 Dei
1728 2376 1741 2411 :
1790 2375 1808 2408 t
1862 2355 1965 2421 Qui
2024 2354 2080 2409 ill

518 2460 689 2513 forma
718 2456 897 2511 Patris
926 2454 1220 2515 exsistens,
1250 2465 1356 2503 non
1385 2450 1627 2518 rapinam
1660 2448 1954 2502 arbitratus
1999 2454 2082 2499 est

518 2566 577 2604 se
634 2561 753 2603 esse
819 2544 1078 2613 aqualem
1141 2539 1287 2605 Deo,
1368 2539 1458 2591 sed
1530 2539 1767 2607 selpsurn
1839 2537 2083 2590 exinani-

521 2642 615 2703 vit,
673 2636 841 2691 forma
891 2633 1031 2688 servi
1082 2641 1324 2699 accepta,
1366 2639 1421 2683 et
1458 2629 1665 2695 habitu
1718 2628 1969 2683 inventus
2027 2636 2085 2681 ut

523 2729 767 2785 homo".
802 2748 819 2778 ι
861 2726 1095 2780 Verbum
1134 2724 1315 2791 itaque
1363 2721 1455 2775 Dei
1509 2718 1706 2774 factum
1748 2730 1832 2774 est
1878 2720 2079 2773 homo:

520 2834 692 2890 neque
715 2819 859 2874 enim
894 2814 1118 2868 immisit
1152 2828 1211 2867 se
1248 2812 1299 2865 in
1326 2810 1619 2875 hominem,
1656 2820 1713 2863 ut
1752 2810 1805 2862 in
1844 2811 2081 2879 prophe-

525 2915 613 2975 tis,
649 2910 743 2965 sed
775 2921 963 2962 revera
982 2904 1035 2959 id
1065 2904 1240 2957 factus
1273 2911 1357 2955 est
1381 2900 1522 2970 quod
1560 2915 1681 2963 nos,
1715 2910 1939 2969 excepto
1970 2902 2083 2953 sulu

520 3010 765 3072 peccato.
800 2997 895 3051 Est
928 2995 1090 3063 igitur
1120 2994 1285 3054 Deus,
1322 3000 1584 3060 quatenus
1613 2999 1696 3043 est
1724 2989 1952 3042 Verbum
1988 2988 2084 3041 Pu-

522 3093 639 3153 tris,
673 3097 726 3144 el
758 3086 1059 3156 pr0prietas
1088 3082 1334 3137 essentia:
1374 3082 1523 3150 ejus;
1575 3081 1733 3134 homo
1773 3096 1921 3144 vero,
1955 3096 2086 3149 qua-

2198 1964 2277 2014 ὅτι
2302 1962 2598 2032 λελύπηται
2646 1961 2861 2029 λέγοντι
2914 1961 3213 2033 πιστεύσῃς
3241 1977 3254 1991 ο
3294 1963 3389 2014 καὶ
3437 1962 3609 2023 οὕτως
3655 1962 3765 2030 in

2202 2055 2337 2124 μετὰ
2372 2053 2483 2105 τῶν
2513 2053 2760 2105 ἀπίστων
2812 2052 3105 2120 Ἰουδαίων,
3135 2052 3286 2107 οὐδὲν
3313 2053 3446 2116 ὅλως
3473 2053 3583 2106 τῶν
3605 2055 3769 2123 παρὰ

2200 2146 2297 2200 τοῦ
2339 2147 2588 2217 Σωτῆρος
2631 2146 2936 2217 εἰρημένων
2958 2146 3267 2215 δεχόμενος.

2858 2253 3063 2308 ΔΑΜ).

2253 2367 2413 2440 Λέγει
2465 2387 2567 2423 που
2613 2359 2822 2430 Παῦλος
2851 2366 2980 2439 περὶ
3010 2364 3101 2419 τοῦ
3134 2362 3264 2418 Υἰσῦ
3294 2366 3386 2418 τοῦ
3419 2362 3581 2418 Θεοῦ·
3621 2362 3765 2429 ιὊς
3794 2420 3807 2421 ,

2185 2466 2240 2516 ὲν
2261 2465 2446 2535 μορφῇ
2474 2460 2609 2516 Θεοῦ
2639 2461 2920 2529 ὑπάρχων,
2951 2458 3048 2527 οὐχ
3089 2456 3382 2528 ἁρπαγμὸν
3421 2456 3664 2529 ἡγήσατο
3691 2456 3764 2509 τὸ

2184 2551 2321 2608 εἰναι
2364 2552 2454 2607 ἴσα
2488 2550 2625 2622 Θεῷ,
2660 2550 2775 2604 ἀλλ’
2802 2548 2993 2603 ἑαυτὸν
3018 2547 3273 2614 ὲκένωσε,
3306 2547 3519 2619 μορφὴν
3564 2546 3761 2600 δούλου

2184 2646 2381 2709 λαϐὼν,
2415 2646 2509 2699 καὶ
2536 2645 2772 2788 σγᾷιατι
2801 2641 3043 2713 εὑρεθεὶς
3068 2640 3141 2701 ὼς
3168 2638 3467 2708 ἄνθρωπος.
3484 2658 3501 2691 ι
3531 2639 3762 2708 Γέγονεν

2185 2732 2275 2788 οὖν
2299 2737 2579 2788 ἄνθρωπος
2666 2732 2757 2786 τοῦ
2789 2732 2923 2786 Θεοῦ
2956 2732 3126 2788 Λόγος
3149 2748 3163 2761 ⁸
3209 2730 3306 2783 οὐκ
3360 2732 3437 2788 είς
3470 2730 3761 2788 ἄνθρωπον

2185 2732 2275 2790 οῦν
2299 2730 2649 2807 ἄνθρωποςῖ
2666 2732 2757 2786 τοῦ
2789 2732 2923 2786 Θεοῦ
2956 2732 3126 2799 Λόγος
3149 2748 3163 2761 ο
3209 2730 3306 2783 οὐκ
3360 2732 3437 2803 εἰς
3470 2730 3761 2801 ἄνθρωπον

2182 2819 2366 2895 ἦλθεν,
2401 2822 2588 2888 ὥσπερ
2619 2823 2675 2875 ὲν
2721 2822 2832 2886 τοῖς
2885 2820 3191 2892 προφήταις
3216 2836 3228 2848 ·
3265 2818 3378 2871 ἀλλ’
3408 2818 3574 2882 ὅντως
3601 2817 3769 2872 τοῦτο

2184 2910 2404 2978 γέγονεν
2431 2911 2567 2980 ὅπερ
2599 2910 2689 2962 καὶ
2719 2910 2900 2979 ⁴ἡμεῖς,
2923 2908 3042 2978 δίχα
3071 2907 3239 2977 μόνης
3270 2906 3765 2977 ἀμαρτίας.”Εστιν

2182 2996 2275 3054 νοῦν
2311 3000 2441 3063 Θεὸς
2498 3002 2613 3069 μὲν,
2651 2994 2683 3071 ᾖ
2733 2999 2904 3067 Λόγος
2952 2998 3075 3051 ἐστὶ
3113 2996 3208 3050 τοῦ
3260 2997 3492 3067 [ἰατρὸς.
3524 2997 3614 3051 καὶ
3662 2997 3769 3068 τῆς

2186 3092 2373 3155 οὐσίας
2426 3090 2589 3145 αὑτοῦ
2640 3090 2699 3143 τὸ
2748 3090 2912 3143 ίδιον’
2942 3088 3229 3165 ἄνθρωπος
3270 3088 3347 3151 δὲ,
3383 3088 3518 3141 καθὸ
3570 3088 3766 3155 γέγονε

522 3190 677 3233 tenus
715 3175 887 3229 factus
932 3181 1018 3227 est
1061 3182 1212 3231 caro,
1258 3168 1395 3222 sicut
1433 3166 1691 3235 scriptum
1727 3176 1830 3228 est,
1875 3175 1930 3218 et
1984 3180 2081 3218 uo-

2190 3181 2344 3253 σὰρξ,
2398 3180 2473 3243 ὼς
2522 3180 2869 3250 γέγραπται,
2918 3180 3014 3231 καὶ
3057 3178 3154 3249 τὴν
3206 3176 3365 3249 ἡμῶν
3412 3177 3771 3248 περιεὸάλετο

521 3282 689 3325 stram
728 3280 942 3321 carnem
975 3261 1286 3327 assumpsit.
1330 3258 1467 3313 Cum
1502 3258 1680 3326 itaque
1708 3257 1793 3310 his
1835 3256 2080 3310 terminis

518 3361 653 3413 tides
675 3358 739 3410 de
785 3352 1074 3407 Servatore
1107 3360 1292 3403 nostro
1342 3347 1559 3402 Christo
1596 3346 1904 3410 deﬁniatur,
1965 3346 2079 3399 dis-

520 3454 811 3501 cernantur
846 3442 985 3495 dicta
1030 3454 1149 3507 qua:
1171 3438 1235 3491 ad
1264 3452 1387 3490 eum
1409 3436 1680 3504 pertinent
1704 3436 2083 3489 convenienter

522 3536 735 3591 rationi.
787 3533 854 3586 Et
897 3545 1019 3585 cum
1057 3530 1254 3583 audis:
1293 3545 1311 3576 ι
1342 3527 1451 3597 Ego
1483 3536 1539 3582 et
1589 3524 1746 3579 Pater
1784 3540 1947 3578 unum
1992 3539 2083 3577 sua

522 3644 659 3691 mus,
692 3645 709 3675 ι
747 3624 812 3677 ad
842 3621 1010 3679 solum
1035 3619 1156 3673 Filii
1192 3629 1243 3673 et
1274 3617 1451 3672 Patris
1484 3618 1818 3671 divinitatem
1850 3616 2079 3685 respice,

518 3726 573 3771 et
613 3718 777 3770 Deum
807 3711 981 3780 cogita
1011 3709 1207 3762 Filium
1248 3723 1313 3762 ex
1340 3707 1578 3761 essentia
1609 3704 1786 3759 Patris
1818 3707 2077 3774 genitum.

519 3805 623 3861 Ubi
651 3816 777 3856 vero
805 3798 1047 3856 audieris
1073 3812 1195 3852 eum
1240 3796 1469 3857 ﬂevisse,
1506 3803 1561 3849 et
1587 3808 1821 3849 maerore
1844 3809 1905 3848 ac
1935 3803 2081 3847 metu

521 3894 768 3948 allectum
794 3892 989 3953 fuisse,
1041 3900 1238 3956 praeter
1267 3890 1316 3940 id
1344 3888 1490 3968 qugd
1521 3884 1689 3940 fuerit
1720 3885 1881 3950 Deus,
1912 3886 2084 3939 homi-

522 4001 641 4037 nem
697 3998 912 4053 quoque
960 3980 1123 4033 fuisse
1168 3978 1459 4045 intelligas,
1509 3987 1564 4032 et
1617 3978 1793 4032 tribue
1838 3977 2087 4030 humana:

521 4087 727 4129 naturae
771 4082 890 4141 quae
935 4070 1011 4124 illi
1061 4070 1345 4123 debentur.
1386 4066 1523 4122 Cum
1569 4067 1713 4121 enim
1760 4066 1986 4120 mortale
2032 4074 2087 4120 et

520 4165 869 4233 eorruptibile
913 4176 1113 4231 corpus
1158 4161 1488 4229 assumpsit,
1540 4169 1596 4211 et
1647 4157 1908 4226 ejusmodi
1952 4156 2087 4212 atie-

517 4257 788 4312 rtionibus
839 4252 1171 4318 obnoxium,
1225 4250 1535 4307 necessario
1586 4250 1750 4303 etiam
1804 4264 1910 4303 una
1962 4264 2085 4304 cum

520 4360 681 4401 carne
731 4346 846 4413 eius
878 4345 1238 4413 proprietates
1270 4350 1323 4395 et
1352 4342 1634 4411 passiones
1662 4342 1719 4394 in
1756 4355 1813 4394 se
1844 4340 2039 4409 recipit
2068 4356 2080 4393 :

2190 3271 2561 3341 σάρκα.”ορον
2596 3265 2689 3322 οὖν
2739 3268 2968 3338 ἐχούσης
3016 3268 3204 3321 τοῦτον
3243 3268 3343 3337 τῆς
3392 3265 3626 3330 πίστεως
3667 3268 3771 3337 τῆς

2190 3363 2319 3434 περὶ
2346 3360 2439 3416 τοῦ
2470 3361 2718 3433 Σωτῆρος
2741 3359 2896 3429 ἡμῶν
2928 3357 3185 3428 Χριστοῦ,
3214 3356 3676 3428 διακρινέσθωσαν
3706 3360 3767 3411 σί

2190 3454 2319 3526 περὶ
2338 3452 2502 3506 αὐτοῦ
2530 3450 2705 3518 φωναὶ
2728 3449 2867 3503 κατά
2896 3450 2987 3502 τὸν
3017 3447 3171 3517 λόγον
3204 3447 3295 3501 τὸν
3323 3447 3617 3518 πρέποντα.
3642 3448 3774 3501 Κᾶν

2190 3540 2455 3610 ἀκούσῃς’
2508 3556 2525 3587 ι
2549 3536 2689 3604 Ἐγὼ
2721 3536 2815 3589 καὶ
2846 3538 2874 3588 ό
2918 3535 3107 3605 Πατὴρ
3134 3534 3191 3587 ἓν
3222 3535 3409 3603 ἔσμεν,
3441 3552 3459 3588 ι
3506 3534 3635 3606 μίαν
3664 3536 3773 3607 ὅρα

2188 3629 2284 3700 τὴν
2309 3627 2537 3697 θεότητα
2562 3626 2654 3679 τοῦ
2676 3625 2805 3679 Υίοῦ
2831 3626 2923 3679 καὶ
2950 3624 3044 3678 τοῦ
3074 3624 3308 3696 Πατρός,
3327 3626 3420 3678 καὶ
3442 3624 3572 3680 Θεὸν
3594 3627 3773 3681 ιννόει

2186 3720 2278 3773 τὸν
2304 3718 2433 3771 Υἰὸν
2460 3720 2521 3771 ἐκ
2549 3716 2646 3785 τῆς
2678 3716 2865 3779 οὐσίας
2890 3715 3020 3769 ὅντα
3047 3713 3141 3767 τοῦ
3170 3714 3399 3786 Πατρός.
3419 3715 3543 3769 Ἐὰν
3566 3714 3625 3768 δὲ
3654 3717 3773 3771 πά-

2190 3808 2273 3861 λιν
2326 3808 2563 3878 ἀκούσης
2609 3806 2735 3875 περί
2782 3804 2969 3869 αὐτοῦ,
2997 3806 3079 3857 ὅτι
3114 3802 3345 3856 ἔκλαυσε
3370 3810 3469 3858 καὶ
3494 3804 3773 3876 ελυπήθη,

2192 3901 2284 3953 καὶ
2341 3898 2601 3969 ἐπτοήθη,
2637 3897 2729 3950 καὶ
2780 3897 3066 3968 ἀδημονεῖν
3116 3894 3336 3966 ἦρξατο,
3385 3894 3555 3949 ιννόει
3603 3896 3775 3951 πάλιν

2188 3989 2475 4059 ἄνθρωπον
2500 3986 2627 4041 ὄντα
2664 3986 2803 4057 μετὰ
2831 3987 2891 4038 τὸ
2922 3982 3061 4038 εἶναι
3107 3984 3258 4050 Θεὸν,
3292 3984 3387 4039 καὶ
3423 3983 3666 4039 ἀνατίθει
3700 3990 3773 4059 τῇ

2190 4077 2565 4147 ἁνθρωπότητι
2619 4075 2688 4130 τά
2735 4076 2871 4145 αὐτῇ
2924 4073 3359 4145 χρεωστούμενα.
3394 4073 3607 4145 Ἐπειδὴ
3657 4074 3777 4145 γὰρ

2191 4168 2383 4239 θνητὸν
2410 4169 2503 4222 καὶ
2530 4166 2767 4237 φθαρτὸν
2796 4164 3033 4217 ἀπέλαϐε
3063 4163 3244 4234 σῶμα,
3262 4162 3354 4216 καὶ
3374 4165 3485 4226 τοϊς
3506 4162 3775 4225 τοιούτοις

2194 4258 2421 4313 πάθεσιν
2465 4256 2839 4326 ὑποκείμενον,
2872 4253 3183 4322 ἀναγκαίως
3233 4252 3370 4323 μετά
3415 4252 3516 4321 τῆς
3567 4252 3773 4323 σαρκὸς

2193 4350 2286 4403 καὶ
2314 4348 2382 4401 τὰ
2410 4348 2579 4419 αὐτῆς
2611 4345 2945 4399 ἰδιοποιείται
2973 4343 3121 4413 πάθη
3150 4344 3243 4395 καὶ
3266 4343 3442 4413 αὐτῆς
3467 4341 3775 4412 ύπομενούυ

519 4454 652 4507 quin
698 4453 818 4491 cum
869 4451 997 4491 caro
1047 4434 1347 4500 sustineat,
1390 4434 1505 4503 ipse
1567 4445 1660 4488 eas
1704 4432 1974 4488 sustinere
2021 4446 2082 4487 ac

2195 4456 2294 4510 σης
2342 4438 2501 4502 αὐτὰ,
2529 4436 2602 4501 ὡς
2652 4434 2809 4498 αὐτὸς
2843 4435 3129 4505 ὑπομένων
3160 4432 3399 4501 λέγεται,
3431 4432 3617 4496 Οὕτως
3658 4434 3775 4505 γάρ

522 4532 663 4583 terre
696 4528 912 4582 dicitur.
960 4526 1035 4579 ita
1086 4527 1227 4580 enim
1280 4502 1431 4578 illum
1478 4524 1799 4578 cruciﬁxum
1841 4533 1895 4579 et
1945 4538 2082 4579 mor-

2196 4502 2373 4601 φαμεν
2392 4531 2474 4583 ὅτι
2506 4530 2598 4583 καὶ
2628 4502 3068 4597 ἐσταυρώθη-καὶ
3094 4525 3353 4590 ἀπέθανε,
3382 4523 3541 4577 τοῦτο
3565 4502 3775 4577 παθούῠ-

516 4634 670 4673 tuum
715 4633 835 4673 esse
882 4618 1145 4681 dicimus,
1189 4630 1314 4671 cum
1368 4630 1495 4669 caro
1543 4615 1597 4669 id
1644 4630 1799 4684 passa
1851 4616 1939 4682 sit,
1978 4630 2085 4670 non

518 4715 691 4780 ipsum
723 4726 819 4779 per
858 4724 916 4763 se
965 4707 1231 4774 Verbum;
1283 4723 1407 4762 nam
1456 4708 1506 4763 id
1551 4707 1790 4777 passioni
1836 4716 1890 4762 et
1925 4708 2084 4763 morti

517 4803 808 4857 obnoxium
839 4814 945 4854 non
976 4809 1079 4854 est.
1106 4799 1197 4854 Pie
1225 4798 1392 4868 igitur
1422 4808 1584 4867 atque
1613 4797 1915 4853 orthodoxe
1939 4799 2080 4853 dicta

522 4891 1017 4962 interpretabimur,
1062 4890 1331 4944 divinitati
1372 4890 1587 4959 quidem
1635 4889 1936 4945 tribuentes
1968 4904 2087 4957 qua:

523 4986 703 5039 divino
733 5000 880 5038 more
913 4984 1055 5037 dicta
1086 4990 1213 5037 sunt
1245 4999 1258 5035 :
1286 4982 1438 5036 carni
1468 4996 1596 5036 vero
1620 4995 1739 5049 qua:
1768 4995 1866 5050 per
1892 4980 2086 5035 insitos

522 5073 676 5126 nobis
728 5071 999 5126 naturales
1042 5078 1241 5137 motus,
1288 5084 1517 5137 quorum
1556 5083 1714 5123 sensu
1765 5084 1889 5124 cum
1933 5084 2085 5124 mens

519 5164 805 5228 adiciatur,
843 5162 1035 5216 tacitus
1068 5162 1424 5231 occultusque
1476 5161 1669 5215 mentis
1706 5175 1960 5216 susurrus
1990 5175 2083 5230 per

518 5257 713 5323 linguae
744 5251 1125 5320 scaturiginem
1159 5251 1414 5319 erumpit.

934 5358 1092 5429 233
1132 5358 1359 5424 ALIUD,
1394 5361 1672 5414 narrative.

590 5472 821 5526 Verbum
877 5470 968 5523 Dei
1004 5485 1107 5522 non
1156 5470 1315 5522 aliam
1368 5471 1436 5524 ob
1481 5485 1699 5524 causam
1754 5468 1953 5527 factum
2000 5484 2075 5528 est

520 5566 694 5625 homo,
722 5576 880 5630 quam
906 5570 964 5612 ut
986 5560 1163 5613 omnia
1191 5575 1308 5627 qua:
1336 5574 1429 5613 sua
1456 5568 1598 5625 sunt,
1623 5561 1820 5617 nostris
1857 5563 2080 5618 inlirmi-

592 5738 640 5769 ⁸ο
669 5737 896 5806 Philipp.
936 5750 993 5802 ll,
1022 5735 1077 5798 6,
1104 5736 1159 5788 ἶ.

2196 4638 2294 4691 σης
2320 4622 2419 4693 τῆς
2448 4621 2671 4693 σαρκὸς,
2702 4622 2803 4674 οὐκ
2835 4619 2940 4690 ἰδίᾳ
2966 4618 3061 4671 καὶ
3087 4617 3208 4671 καθ’
3233 4616 3421 4669 ἑαυτὸν
3444 4615 3537 4669 τοῦ
3566 4616 3771 4684 Λόγου·

2192 4710 2404 4780 ἀπαθὴς
2452 4712 2559 4780 γάρ
2606 4711 2721 4762 ἐστι
2764 4708 2858 4761 καὶ
2896 4707 3180 4769 ἀθάνατος.
3218 4704 3428 4758 Οὐκοῦν
3472 4704 3773 4776 όρθοδόξως

2190 4800 2533 4869 ὲκληψόμεθα
2569 4798 2635 4850 τὰ
2683 4796 2969 4869 εἰρημένα,
3000 4796 3065 4865 τῇ
3117 4794 3217 4864 μὲν
3263 4791 3477 4862 θεότητι
3514 4793 3774 4863 νέμοντες

2191 4891 2257 4944 τὰ
2288 4890 2585 4961 θεοπρεπῆ,
2619 4887 2967 4950 ἀνατιθέντες
2996 4886 3053 4939 δὲ
3080 4887 3146 4955 τῇ
3177 4884 3342 4954 σαρκί⁸
3383 4884 3454 4937 τὰ
3498 4884 3565 4937 δι’
3595 4884 3773 4955 αὐτὴν

2193 4985 2286 5035 καὶ
2317 4982 2392 5044 ὼς
2421 4978 2481 5045 ἐξ
2518 4981 2685 5049 αὐτῆς
2721 4980 2988 5050 εἰρημένα
3016 4976 3105 5030 διὰ
3135 4975 3241 5029 τῶν
3266 4977 3323 5029 ὲν
3349 4976 3481 5046 ἡμῖν
3520 4974 3771 5044 φυσικῶν

2193 5073 2507 5144 κινημάτων
2529 5088 2542 5101 ·
2578 5064 2651 5124 ὧν
2676 5074 2703 5124 ὁ
2734 5070 2857 5133 νοῦς
2886 5069 3024 5139 έχων
3053 5067 3151 5137 τὴν
3174 5065 3445 5133 αἴσθησιν,
3474 5064 3769 5128 ἀναϐλύζει

2190 5163 2277 5217 διά
2322 5163 2568 5232 γλώττης
2614 5162 2681 5215 τὰ
2729 5164 2785 5214 ὲν
2840 5161 2994 5232 βάθει
3042 5160 3177 5213 κατά
3211 5158 3271 5211 τὸ
3299 5158 3499 5226 ἀφανὲς
3534 5158 3768 5227 ἀφώνως

2189 5254 2602 5324 ψιθυριζόμενα.

2622 5360 2801 5422 ΑΛΛΟ
2823 5409 2837 5434 ,
2876 5352 3328 5437 διηγηματικῶς.

2261 5480 2484 5547 Γέγονεν
2517 5481 2797 5551 ἄνθρωπος
2842 5485 2869 5534 ὁ
2918 5482 3013 5533 τοῦ
3066 5480 3199 5532 Θεοῦ
3227 5480 3397 5547 Λόγος
3426 5478 3486 5531 ού
3514 5478 3600 5530 διά
3641 5480 3768 5530 τινα

2192 5568 2369 5639 πρὸφα
2380 5587 2458 5621 σιν
2485 5569 2698 5640 ἑτέραν,
2720 5571 2833 5623 ἀλλ’
2856 5571 2939 5622 ἴνα
2968 5569 3142 5621 πάντα
3164 5570 3229 5620 τὰ
3254 5564 3445 5619 ἑαυτοῦ
3466 5567 3585 5627 ταῖς
3603 5564 3767 5634 ἡμῶν
