3986 6320
215 429 312 485 597

1628 405 2067 464 TllESAURUS.

3381 400 3489 457 $93

211 546 508 608 ἀσθενείαις
563 540 832 612 ἀναμίξας
879 541 1075 608 τρόπον
1120 537 1241 589 τινα
1275 533 1379 586 ικαὶ
1426 530 1792 598 συγκεράσας.

1910 521 2104 574 latibus
2125 517 2504 580 commiscens.
2538 529 2599 570 ac
2627 513 2788 570 veluti
2823 523 3263 586 contemperans,
3299 516 3497 570 tntum-

215 636 424 708 ιὺρὼσῃ
468 634 568 704 τὴν
616 631 905 702 ἀνθρώπου
939 628 1119 698 φύσιν,
1146 626 1238 678 καὶ
1275 623 1408 694 πρὸς
1455 621 1552 688 τὴν
1600 616 1790 708 ἑαυτοῦ

218 705 551 793 μεταποιήσῃ
595 718 1128 791 στερρότητα.”οταν
1158 711 1251 767 οὖν
1294 712 1550 782 φαίνηται
1583 705 1796 760 δειλιιῖλν

214 815 296 869 τὸν
323 815 550 867 θάνατον
574 813 668 864 καὶ
700 812 872 878 λέγων
893 825 906 840 ο
944 827 961 859 ι
987 808 1048 861 El
1079 806 1326 866 δυνατὸν.
1351 800 1666 875 παρελθέτω
1691 799 1769 851 ἀπ

216 904 341 976 ἐμοῦ
375 905 436 956 τὸ
482 904 739 973 ποτήριον
764 901 940 961 τοῦτο,
977 917 996 949 ι
1027 897 1196 952 ἐννόει
1228 894 1390 950 πάλιν
1420 895 1502 946 ὅτι
1545 889 1798 944 ὃειλιῶσα

215 996 298 1048 τὸν
327 996 560 1049 θάνατον
589 997 620 1064 ἠ
650 994 806 1062 σὰρξ,
837 992 1145 1045 ὲδιδάσκετο
1171 985 1482 1058 φορουμένη
1515 982 1666 1054 παρὰ
1703 979 1796 1032 τοῦ

215 1087 380 1153 Λόγου
441 1087 643 1156 μηκέτι
693 1084 851 1136 τοῦτο
903 1081 1356 1153 πάσχειν.”Ελεγε
1387 1077 1495 1147 γὰρ
1530 1075 1662 1144 πρὸς
1710 1073 1799 1126 τὸν

215 1179 458 1250 Πατέρα·
489 1197 508 1229 ι
540 1178 652 1246 υὺχ
677 1177 753 1240 ὡς
782 1174 891 1244 ἐγὼ
924 1175 1080 1236 θέλω,
1125 1173 1236 1225 ἀλλ’
1266 1171 1340 1234 ὡς
1370 1171 1454 1222 σύ.
1488 1189 1505 1219 ι
1540 1170 1653 1221 Οὐκ
1676 1169 1800 1234 ἐφοο

215 1266 354 1322 ϐεἶτο
387 1268 489 1336 μὲν
517 1267 645 1338 γὰρ.
674 1266 808 1320 καθὸ
835 1267 1006 1332 Λόγος
1035 1263 1151 1315 ἐστὶ
1196 1264 1288 1315 καὶ
1331 1261 1484 1322 Θεὸς,
1519 1259 1606 1310 τὸν
1635 1257 1797 1309 θάνα-

215 1379 298 1416 τον
341 1362 527 1425 αὐτὸς,
557 1361 670 1414 ἀλλ’
703 1363 778 1423 είς
830 1360 980 1422 τέλος
1030 1357 1291 1424 διεξάγειν
1339 1354 1437 1423 τὴν
1487 1347 1799 1417 οἰκονομίαν

214 1453 489 1519 ἠπείγετο.
509 1449 679 1502 Τοῦτο
703 1449 812 1520 γὰρ
842 1445 911 1519 ἦν
947 1449 1007 1500 τὸ
1040 1447 1250 1515 θέλημα
1280 1444 1373 1497 τοῦ
1407 1441 1800 1512 Πατρός.Ἕχει

212 1541 265 1595 δὲ
313 1542 406 1594 καὶ
457 1542 516 1594 τὸ
551 1540 627 1611 μὴ
657 1541 833 1594 θέλειν
867 1539 1176 1600 ἀποθανεῖν,
1203 1538 1289 1590 διὰ
1331 1534 1391 1588 τὸ
1420 1531 1801 1604 παραιτεῖσθαι

214 1636 309 1705 τῆς
358 1635 561 1706 σαρκὸς
606 1634 697 1687 τὸν
737 1634 964 1709 θάνατον
1005 1631 1267 1701 φυσικῶς.
1302 1629 1580 1682 Διδάσκων
1622 1626 1799 1677 τοίνυν

213 1726 306 1795 τὴν
338 1725 737 1796 ἀνθρωπότητα
773 1725 971 1795 μηκέτι
995 1725 1061 1774 τὰ
1091 1723 1227 1790 αὐτῇ
1266 1721 1537 1792 προσόντα
1560 1718 1798 1788 φρονεῖν,

217 1816 344 1869 ἀλλὰ
376 1815 438 1868 τὸ
472 1815 566 1868 τοῦ
596 1816 733 1868 Θεοῦ
764 1815 979 1884 θέλημα
1011 1814 1194 1883 ζητεῖν
1213 1813 1286 1874 ὼς
1313 1810 1595 1880 ἄνθρωπος
1621 1808 1794 1873 λέγει·

1902 628 2024 667 nam
2079 622 2325 665 naturain
2384 609 2756 674 conﬁrmaret,
2807 617 2969 677 atque
3014 607 3081 662 ad
3127 621 3283 662 suum
3325 607 3496 677 ipsius

1903 705 2067 757 robur
2094 704 2420 757 traduceret.
2447 699 2578 754 Cum
2614 699 2777 771 igitur
2799 700 3017 753 videtur
3039 709 3264 754 mortem
3303 701 3492 754 formi-

1901 798 2079 859 dasse,
2125 803 2178 848 οι
2221 793 2425 848 dixisse
2469 810 2480 844 :
2534 809 2552 842 ι
2584 791 2640 846 Si
2677 791 2792 845 fleri
2827 800 3024 861 potest,
3066 799 3306 847 transeat
3339 810 3366 844 ει
3414 809 3499 848 nte

1901 889 2039 941 calix
2077 887 2180 942 iste
2213 887 2283 952 ",
2318 904 2336 936 ι
2397 884 2680 940 considera
2723 888 2868 954 quod
2918 900 3046 940 caro
3093 901 3214 954 quae
3256 902 3283 940 a
3321 886 3500 940 Verbo

1901 977 2236 1045 gestabatur,
2267 993 2372 1031 non
2403 976 2541 1031 bene
2568 978 2633 1029 ad
2675 978 2777 1031 hoc
2811 975 3092 1031 ferendum
3131 974 3324 1031 aﬂ‘ecta
3354 987 3493 1031 erat.

1905 1071 2045 1125 Dixit
2074 1073 2218 1125 enim
2267 1072 2332 1124 ad
2376 1072 2590 1125 I'atrem
2626 1089 2639 1122 :
2686 1089 2703 1122 ι
2739 1069 2853 1125 Non
2901 1078 2958 1123 ut
2987 1084 3087 1139 ego
3122 1069 3263 1133 volo,
3299 1069 3392 1124 sed
3439 1079 3499 1122 ut

1901 1173 1955 1218 tu
1978 1165 2044 1218 ".
2084 1181 2103 1216 ι
2129 1162 2261 1216 Nam
2297 1163 2408 1230 ipse
2434 1177 2539 1216 non
2573 1162 2795 1216 timebat
2827 1173 3078 1222 mortem.
3113 1173 3380 1231 quatenus
3413 1173 3499 1215 est.

1907 1255 2137 1310 Verbum
2157 1265 2212 1309 et
2234 1255 2393 1318 Deus,
2416 1255 2507 1308 sed
2528 1254 3052 1309 administrationem
3079 1269 3230 1308 suam
3247 1255 3314 1307 ad
3335 1254 3495 1307 tinem

1903 1350 2199 1414 perducere
2229 1348 2466 1414 optabat.
2503 1348 2629 1402 ηερ
2674 1348 2818 1399 enim
2847 1354 2967 1399 erat
3016 1344 3263 1399 voluntas
3295 1344 3494 1398 Patris.

1903 1439 2255 1492 Exlmrrcscit
2284 1447 2463 1491 autem
2491 1448 2742 1503 mortem,
2771 1439 2897 1507 quia
2928 1453 3054 1491 caro
3082 1438 3403 1490 naturaliter
3430 1437 3498 1489 ab

1904 1544 1965 1582 ea
1994 1528 2271 1583 abhorret.
2307 1529 2515 1583 Doceus
2547 1530 2730 1597 itaque
2758 1528 3051 1582 humanam
3099 1538 3347 1581 naturam
3388 1543 3496 1580 non

1904 1638 2024 1692 quae
2054 1622 2157 1676 sibi
2190 1622 2346 1675 insita
2392 1631 2520 1676 sunt
2571 1622 2831 1688 cogitare,
2874 1623 2968 1674 sed
3020 1620 3110 1674 Dui
3161 1622 3496 1675 voluntatem

1904 1727 2170 1782 qurerere,
2203 1713 2377 1781 inquit
2408 1723 2460 1765 ut
2499 1715 2658 1764 homo
2685 1729 2697 1763 :
2739 1729 2757 1760 ι
2788 1707 2899 1764 Non
2932 1713 3073 1765 sicut
3103 1727 3202 1781 ego
3233 1713 3373 1774 rulo,
3404 1712 3500 1766 sed

1905 1806 2044 1859 sicut
2073 1814 2147 1858 tu.
2187 1824 2203 1853 ι
2236 1803 2445 1859 Idcirco
2474 1805 2637 1857 etiam
2678 1803 2876 1870 adjecit
2909 1821 2921 1856 :
2963 1823 2978 1853 ι
3015 1802 3253 1873 Spiritus
3276 1802 3496 1874 quidem

220 1925 238 1957 ι
263 1908 370 1976 uox
393 1907 474 1970 ὡς
499 1905 610 1974 ἐγὼ
635 1906 793 1969 θέλω,
969 1904 1040 1968 ὡς
1065 1879 1155 1956 ⁷σύ.
1191 1923 1208 1953 ι
1239 1902 1336 1955 Διά
1358 1879 1515 1954 τοῦτο
1541 1901 1647 1968 γὰρ
1669 1898 1797 1966 φοί-υ

1910 1907 2185 1966 promptus
2215 1908 2313 1963 est,
2347 1911 2474 1950 raro
2503 1906 2680 1950 autem
2710 1899 2922 1951 inﬁrma
2951 1898 3015 1950 ⁵³.
3058 1916 3075 1948 ι

217 2011 358 2050 νεται
379 1999 478 2050 καὶ
497 1997 752 2068 προσθείς
776 2016 784 2022 ·
817 2017 833 2047 ι
860 1997 931 2049 Τὸ
959 1995 1178 2065 πνεῦμα
1209 1994 1553 2065 πρόθυμοκή
1581 1991 1634 2042 δὲ
1663 1989 1798 2060 σὰρξ

215 2087 463 2158 ἀσθενής.
491 2108 511 2140 ι

901 2182 1109 2235 ΑΛΛΟ.

283 2291 345 2347 Εἰ
371 2293 607 2347 θανάτου
628 2291 1102 2360 καταφρονοῦντας
1128 2290 1303 2355 οὕτως
1329 2291 1654 2362 εὑρίσκομεν
1677 2293 1801 2354 τοὺς

219 2383 418 2453 ἁγίους,
457 2384 534 2448 ὡς
563 2383 771 2437 οἴεσθαι
805 2383 1006 2452 μᾶλλον
1048 2385 1127 2445 είς
1167 2382 1311 2450 ζωὴν
1348 2383 1719 2453 μεταϐαίνειν,
1752 2383 1805 2436 εἴ

219 2491 296 2538 τις
323 2476 526 2538 αὐτοὺς
549 2476 685 2545 πρὸς
710 2474 771 2526 τὸ
793 2475 886 2526 τοῦ
917 2474 1110 2526 παθεῖν
1127 2474 1318 2544 καλοίη
1338 2473 1548 2543 καιρὸς,
1568 2474 1801 2544 ἀνδρεῖοί

218 2585 273 2620 τε
306 2568 476 2627 ὅπως
509 2568 638 2631 εἰσὶ,
672 2567 758 2618 διὰ
807 2567 868 2618 τὸ
917 2567 1059 2635 ἔχειν
1093 2568 1152 2619 ἐν
1183 2567 1416 2628 ἑαυτοῖς,
1452 2567 1530 2628 είς
1576 2566 1666 2619 τὸν
1696 2567 1804 2620 ἔσω

218 2658 520 2729 ἄνθρωπον,
545 2658 686 2710 καθὰ
708 2657 1040 2725 γέγραπται,
1056 2656 1414 2709 κατοικοῦντα
1437 2655 1527 2720 τὸν
1546 2657 1801 2727 Χριστὸν,

221 2749 335 2812 πῶς
373 2749 552 2818 δειλιᾷ
579 2748 672 2800 τὸν
708 2749 937 2801 θάνατον
982 2749 1010 2800 ὁ
1042 2749 1165 2810 τοὺς
1196 2747 1386 2810 ἄλλους
1411 2747 1675 2800 διδάσκων
1702 2748 1801 2800 θα-

220 2842 374 2894 νάτου
424 2843 821 2910 καταφρονεῖνς
873 2839 998 2902 Πῶς
1043 2839 1099 2892 δὲ
1131 2839 1231 2892 οὐκ
1269 2839 1468 2892 ἄτοπον
1503 2839 1805 2910 θαυμάζειν

225 2933 317 3000 μὲν
357 2933 457 3002 τὴν
504 2931 728 3002 ἀνδρίαν
761 2932 870 2983 τῶν
897 2931 1130 3000 ἐχόντων
1159 2933 1216 2982 ὲν
1247 2934 1456 2994 ἑαυτοῖς
1483 2933 1575 2984 τὸν
1608 2933 1800 3000 Λόγον,

219 3025 374 3097 αὐτὸν
398 3027 456 3078 δὲ
493 3024 708 3078 οῖεσθαι
741 3026 830 3077 τὸν
863 3025 1033 3092 Λόγον
1066 3024 1263 3094 ἀσθενῆ
1298 3027 1392 3079 καὶ
1413 3026 1672 3097 ἄνανδρον
1705 3027 1804 3080 ὑπ-

220 3119 400 3190 άρχειν
446 3118 644 3182 οὕτως,
671 3118 747 3179 ὡς
796 3117 886 3171 καὶ
938 3118 1086 3187 φόϐῳ
1128 3117 1443 3188 κρατεῖσθαι
1475 3119 1565 3170 καὶ
1597 3119 1674 3189 τῷ
1701 3119 1800 3189 τῆς

219 3211 410 3274 δειλίας
440 3212 572 3279 νοσή
584 3226 710 3278 ματι
731 3226 742 3272 ;

914 3326 1117 3377 ΛΛΛΟ.

287 3437 375 3507 Τῷ
406 3439 597 3506 οἰκείῳ
631 3437 845 3506 θανάτῳ
883 3436 1229 3510 τδνσθάνατον
1256 3436 1606 3506 κατήργησεν
1632 3436 1658 3488 ὀ
1685 3435 1801 3488 Σω-

220 3530 563 3601 τήρ.Ὠσπερ
609 3525 700 3584 οὖν
747 3531 846 3583 οὐκ
896 3529 964 3582 ἂν
1015 3530 1044 3580 ό
1091 3527 1318 3589 θάνατος
1369 3527 1696 3598 κατηργήθη
1727 3526 1802 3598 μὴ

220 3620 580 3683 ἀποθανόντος
599 3619 789 3686 αὑτοῦ,
808 3619 982 3682 οὕτως
1007 3619 1090 3686 ἐφ’
1108 3618 1339 3672 ἑκάστου
1362 3617 1468 3669 τῶν
1482 3617 1579 3686 τῆς
1603 3616 1804 3687 σαρκὸς

221 3711 427 3767 παθῶν.
456 3713 521 3765 Εἰ
574 3710 649 3781 μὴ
694 3711 804 3782 γὰρ
851 3709 1159 3770 ἐδειλίασεν,
1192 3710 1292 3762 οὐκ
1321 3709 1386 3762 ἂν
1415 3707 1673 3778 ἐλευθέρα
1709 3706 1802 3760 τοῦ

220 3800 416 3873 δειλιᾷν
441 3805 476 3873 ἡ
516 3801 681 3871 φύσις
717 3802 953 3868 ἐγένετο,
982 3801 1030 3853 εί
1064 3799 1138 3870 μὴ
1179 3798 1446 3870 ἐλυπήθη,
1471 3798 1570 3851 οὐκ
1605 3797 1670 3851 ἂν
1698 3800 1804 3851 ἀπ-

222 3891 461 3962 ηλλάχθη
513 3890 610 3945 τοῦ
661 3889 949 3944 λυπεῖσθαί
991 3907 1146 3952 ποτε,
1183 3893 1231 3944 εἰ
1267 3891 1341 3961 μὴ
1371 3891 1670 3962 ἐταράχθη,
1707 3892 1804 3943 οὐκ

222 3984 284 4036 ἂν
329 3983 434 4048 ἔξω
489 3983 620 4036 ποτὲ
672 3983 877 4035 τούτων
907 3982 1146 4051 ἐγένετο.
1180 3983 1289 4038 Καὶ
1334 3982 1416 4050 ἐφ’
1447 3982 1660 4052 ἑκάστῳ
1695 3981 1804 4035 τῶν

221 4074 578 4146 ἀνθρωπίνως
606 4075 908 4142 γεγονότων
945 4075 1038 4127 τὸν
1081 4074 1242 4128 αὐτὸν
1270 4075 1596 4145 ἐφαρμόζων
1624 4073 1802 4141 λόγον,

220 4166 470 4237 εὑρήσεις
503 4168 563 4218 ἐν
583 4165 804 4236 Χριστῷ
831 4165 897 4219 τὰ
922 4165 1024 4236 τῆς
1046 4166 1247 4236 σαρκὸς
1273 4165 1415 4236 πάθη
1449 4165 1802 4234 κεκινημένα,

217 4257 310 4326 οὐχ
341 4257 426 4309 ἴνα
466 4256 720 4328 κρατήσῃ
765 4257 956 4326 ὥσπερ
998 4257 1089 4308 καὶ
1122 4257 1180 4308 ὲν
1207 4257 1358 4326 ἡμῖν,
1389 4255 1504 4308 ἀλλ’
1532 4256 1619 4309 ἵνα
1649 4273 1805 4326 κινη-

220 4345 374 4399 θέντα
419 4347 749 4416 καταργηθῇ
789 4348 854 4416 τῇ
905 4345 1135 4415 δυνάμει
1179 4345 1272 4399 τοῦ
1321 4347 1703 4417 ἑνοικήσαντος
1736 4348 1803 4415 τῇ

221 4440 377 4508 σαρκὶ
421 4438 624 4506 Λόγου,
657 4437 792 4507 πρὸς
822 4439 883 4490 τὸ
916 4436 1142 4508 ἀμεινον
1190 4439 1660 4508 μεταποιουμένης
1705 4440 1802 4509 τῆς

220 4529 284 4594 φύ
295 4543 446 4592 τεως.

404 4646 614 4707 ΛΛΛΟ,
655 4646 742 4708 εὶς
781 4644 866 4710 τό,
915 4663 932 4696 ι
964 4645 1069 4699 Θεέ
1098 4662 1240 4713 μου,
1279 4643 1385 4698 Θεέ
1416 4663 1552 4714 μου.
1587 4665 1602 4696 ι

293 4755 415 4809 Ἐπὶ
447 4755 526 4825 τῷ
558 4757 781 4825 σταυρῷ
808 4755 902 4810 τοῦ
934 4758 1182 4829 Σωτῆρος
1214 4759 1370 4828 ἡμῶν
1397 4759 1632 4828 Χριστοῦ
1661 4778 1795 4813 καν-

219 4848 452 4917 Λὡμεθα,
481 4847 576 4899 καὶ
619 4847 948 4916 πιστεύομεν
974 4846 1061 4900 διὰ
1091 4848 1248 4901 τοῦτο
1280 4848 1570 4914 σεσῶσθαι,
1606 4851 1796 4922 ὅτιπερ

218 4939 244 4990 ὁ
274 4938 363 4992 τοῦ
409 4937 550 4992 Θεοῦ
604 4938 776 5005 Λόγος
809 4936 1094 5007 ἄνθρωπος
1137 4939 1376 5006 γεγονὼς
1421 4939 1487 4991 δι’
1514 4941 1663 5010 ἡμᾶς
1712 4946 1805 4997 καὶ

222 5030 355 5101 ὑπὲρ
387 5030 549 5101 ἡμῶν
584 5026 928 5100 ἐσταυρώθη.
961 5029 1048 5082 ἵνα
1079 5029 1170 5082 τὸν
1215 5031 1273 5082 ὲν
1311 5032 1443 5100 ἡμῖν
1480 5036 1802 5108 καταργήσῃ

221 5119 465 5186 θάνατον,
498 5122 594 5173 καὶ
632 5119 793 5173 πάλιν
843 5122 988 5190 ἡμᾶς
1033 5120 1213 5190 ἐαυτῷ
1256 5125 1656 5196 συναναστήσῃ,
1697 5127 1805 5179 ἀπὸ

223 5209 312 5280 τῆς
349 5213 559 5284 φθορᾶς
614 5213 693 5273 εἰς
747 5211 1055 5281 ἀφθαρσίαν
1092 5212 1596 5282 μεταδαλών.Ἐδει
1624 5218 1805 5272 τοίνυν

221 5305 308 5357 καὶ
333 5308 460 5376 παρ’
492 5306 660 5359 αῦτδν
690 5305 782 5357 τὸν
813 5305 906 5358 τοῦ
941 5304 1143 5370 πάθους
1184 5308 1375 5378 καιρὸν
1401 5309 1687 5380 ἄνθρωπον
1717 5311 1803 5363 δν-

220 5409 320 5457 τως
347 5395 616 5463 γεγονότα
639 5394 950 5464 φαίνεσθαι,
978 5397 1072 5449 καὶ
1100 5396 1159 5449 οὐ
1188 5398 1329 5452 κατά
1351 5417 1472 5453 τινα
1499 5401 1802 5469 φαντασίαν

223 5487 558 5540 ὑπονοεῖσθαι
583 5487 659 5549 ὼς
681 5487 987 5559 ἄνθρωπον.
1010 5490 1117 5542 Καὶ
1144 5489 1232 5544 διὰ
1256 5495 1459 5561 ταύτην
1481 5499 1577 5564 τὴν
1616 5495 1797 5546 αἰτίαν

222 5572 389 5629 Utile:
433 5577 535 5647 μὲν
579 5575 650 5629 τὰ
694 5578 966 5650 ἀνθρώπῳ
1002 5580 1307 5649 πρέποντα·
1356 5603 1372 5633 ε
1406 5582 1506 5636 Θεέ
1541 5603 1666 5654 μου,
1703 5585 1803 5638 Θεέ

226 5683 338 5736 μου,
369 5668 454 5722 ἵνα
484 5670 538 5723 τί
570 5685 637 5739 με
663 5670 1051 5738 ὲγκατέλιπες;
1089 5692 1107 5724 ι
1145 5675 1260 5739 καὶ,
1299 5693 1315 5724 ι
1340 5676 1664 5745 Παρελθέτω
1697 5678 1805 5730 ἀπ’

963 5830 1006 5857 δ’
1036 5827 1160 5882 ibid.

287 5823 324 5853 "
364 5823 551 5880 Matth.
590 5840 738 5892 xm,
777 5827 861 5878 39.
963 5830 1006 5857 δ’
1036 5827 1160 5882 ibid.
1270 5830 1312 5860 ⁵³
1351 5830 1476 5882 ibid.
1518 5831 1604 5883 ιι.

1710 5834 1752 5864 ’δ
1786 5832 1977 5901 prcs.
2014 5849 2096 5897 ιιι,
2137 5828 2251 5888 Ιίῑ.’

2594 2163 2820 2220 ALIUD.

1975 2278 2031 2333 Si
2077 2287 2292 2334 sanctos
2337 2277 2408 2332 ita
2455 2287 2682 2331 mortem
2723 2284 3136 2332 contemnentes
3167 2277 3492 2347 reperimnz.

1905 2381 1964 2426 ut
1991 2371 2305 2427 existiment
2332 2385 2392 2425 se
2426 2370 2605 2440 potius
2635 2371 2687 2425 in
2716 2369 2880 2423 vitam
2903 2370 3208 2434 transferri,
3244 2370 3286 2425 si
3314 2364 3495 2438 aliqua

1905 2464 2202 2520 necessitas
2247 2463 2509 2519 moriendi
2546 2463 2628 2519 eis
2671 2461 2952 2530 otl‘eratnr,
2997 2472 3052 2517 et
3087 2463 3255 2519 fortes
3303 2479 3494 2519 revera

1905 2566 2053 2622 sunt,
2082 2560 2206 2627 quia
2239 2558 2440 2612 habent
2473 2557 2526 2612 in
2561 2569 2702 2620 sese,
2733 2556 2785 2610 In
2818 2555 3078 2612 interiore
3107 2557 3363 2612 nimirum
3395 2559 3494 2613 ho—

1907 2651 2071 2712 mine,
2121 2659 2180 2703 ut
2225 2649 2487 2719 scriptum
2537 2649 2712 2712 est“,
2762 2648 3098 2704 habitantem
3151 2648 3427 2704 Christum
3479 2669 3492 2701 :

1906 2743 2177 2811 quomodo
2207 2752 2436 2798 mortem
2479 2743 2691 2806 timeat,
2731 2743 2822 2811 qui
2861 2753 2915 2797 ut
2947 2742 3038 2797 alii
3084 2751 3312 2798 mortem
3359 2758 3492 2799 con-

1909 2843 2150 2889 temnant
2185 2834 2446 2901 praestat?
2486 2835 2591 2887 Aut
2621 2849 2728 2903 quo
2758 2849 2913 2903 pacto
2945 2849 3049 2888 non
3096 2835 3165 2890 sit
3199 2834 3494 2890 absurdum

1907 2927 2095 2980 mirari
2143 2925 2512 2981 fortitudinem
2544 2942 2733 2982 eorum
2783 2927 2872 2996 qui
2916 2925 3155 2982 Verbum
3209 2927 3262 2981 in
3303 2928 3498 2996 seipsis

1910 3017 2161 3072 habitans
2187 3020 2443 3082 habeant,
2477 3019 2573 3087 ipsi
2603 3028 2783 3073 autem
2819 3017 2992 3073 Verbo
3018 3027 3220 3072 tantam
3255 3019 3496 3073 imbecil-

1907 3110 2112 3165 litatem
2137 3118 2191 3164 et
2215 3111 2492 3164 mollitiem
2513 3113 2768 3174 tribuere,
2791 3121 2847 3165 ut
2873 3123 3015 3165 metu
3038 3120 3101 3164 ac
3127 3121 3335 3167 terrore
3353 3115 3502 3167 mur:

1831 3223 1875 3283 ρ
1911 3203 1977 3258 tis
2000 3217 2141 3273 paret
2167 3198 2216 3252 Ili
2249 3203 2635 3256 t-xiStivnetnr?

2581 3313 2807 3369 ALIUD.

1976 3425 2232 3479 Senator
2258 3435 2429 3478 morte
2456 3440 2553 3479 sua
2591 3437 2820 3480 mortem
2863 3427 3096 3484 abolevit
3120 3428 3192 3482 ⁸³.
3221 3428 3496 3496 Quemad-

1906 3516 2123 3571 modum
2177 3517 2339 3586 igitur
2387 3533 2534 3573 mors
2593 3518 2793 3573 abolita
2839 3534 2947 3575 non
2985 3518 3197 3586 fuisset,
3232 3520 3334 3576 nisi
3384 3523 3498 3590 ipse

1907 3618 2156 3663 mortuus
2203 3623 2368 3676 esset,
2405 3610 2479 3664 ita
2521 3611 2683 3664 etiam
2728 3612 2794 3667 de
2847 3612 3075 3683 singulis
3117 3613 3498 3670 affectionibus

1906 3702 2087 3757 carnis
2112 3703 2454 3758 sentiendum
2482 3712 2585 3758 est.
2624 3702 2737 3759 Nisi
2775 3705 2919 3759 enim
2955 3705 3043 3761 ille
3068 3705 3360 3772 timuisset,
3393 3723 3492 3762 na-

1908 3803 2028 3849 tura
2078 3803 2224 3849 metu
2268 3795 2496 3850 liberata
2527 3811 2633 3850 non
2683 3796 2896 3864 fuisset,
2949 3799 3047 3852 nisi
3094 3795 3375 3863 doluisset,
3429 3815 3496 3854 ne

1907 3897 2091 3943 noster
2114 3886 2331 3958 quidem
2351 3890 2503 3945 dolor
2523 3889 2770 3947 sublatus
2794 3903 2939 3948 esset
2972 3912 2984 3949 :
3007 3895 3107 3950 nisi
3141 3896 3491 3966 perturbatus

1909 3980 2118 4046 fuisset,
2151 3994 2250 4036 nos
2278 3991 2539 4052 perpetuo
2575 3983 2628 4037 in
2669 3983 3078 4053 perturbatione
3119 4001 3484 4043 versaremur.

1907 4071 2216 4140 Eademque
2255 4072 2466 4127 ratione
2504 4077 2572 4128 de
2606 4075 2830 4144 reliquis
2864 4085 2918 4128 et
2961 4075 3187 4147 singulis
3235 4092 3356 4148 qua:
3395 4079 3496 4132 hn-

1909 4178 2068 4218 mano
2100 4179 2248 4220 more
2277 4165 2431 4230 fiunt,
2460 4164 2735 4234 judicans,
2769 4167 3012 4222 invenies
3047 4169 3096 4222 in
3129 4168 3346 4225 Christo
3373 4186 3494 4225 car-

1906 4256 1991 4309 nis
2014 4253 2331 4310 affectiones
2361 4263 2535 4311 motas
2565 4275 2578 4310 :
2606 4272 2710 4312 non
2741 4267 2799 4313 ut
2827 4259 2879 4313 in
2909 4274 2972 4313 eo
3002 4257 3226 4328 perinde
3248 4263 3491 4332 atquein

1907 4350 2065 4404 nobis
2103 4349 2390 4420 imperium
2438 4350 2767 4417 obtinerent,
2807 4354 2899 4407 sed
2937 4362 2994 4406 ut
3035 4365 3302 4424 supC'atze
3345 4357 3493 4413 deie-

1909 4451 2097 4495 rentur
2129 4441 2178 4495 vi
2204 4456 2269 4497 ac
2303 4442 2501 4498 virtute
2528 4443 2883 4501 inhabitantis
2911 4461 3136 4501 carnem
3167 4447 3350 4517 Verbi,
3384 4460 3492 4505 tra-

1833 4561 1878 4615 D
1908 4535 2065 4588 docta
2097 4534 2149 4588 in
2183 4534 2460 4590 meliorem
2493 4544 2694 4590 statum
2727 4545 2939 4591 natura.

1909 4647 2071 4719 235
2111 4645 2339 4713 ALIUD,
2374 4648 2424 4700 in
2451 4648 2584 4702 illud
2610 4665 2627 4702 :
2656 4666 2673 4700 ι
2699 4649 2835 4704 Deus
2861 4666 3023 4714 utens,
3057 4652 3191 4708 Deus
3217 4671 3358 4711 meus
3378 4659 3422 4689 "
3467 4677 3486 4710 ι

1980 4761 2034 4812 In
2064 4775 2225 4815 cruce
2254 4761 2561 4816 Serratoris
2596 4762 2765 4816 nostri
2800 4762 2999 4818 Citriin
3033 4765 3490 4836 gloriamur,crc-

1905 4851 2189 4919 dimnsque
2219 4865 2316 4905 nos
2355 4866 2448 4919 per
2475 4854 2574 4906 hoc
2608 4854 2786 4909 salvos
2812 4857 2980 4910 factos
3007 4870 3148 4920 esse,
3184 4862 3326 4930 quod
3362 4862 3490 4916 Ver-

1908 4941 2034 4995 bum
2058 4941 2147 4996 Dei
2175 4943 2247 4995 sit
2279 4940 2477 4996 factum
2505 4944 2663 4998 homo
2693 4955 2912 5014 propter
2935 4963 3054 5014 nos,
3090 4959 3143 5004 et
3175 4955 3492 5011 crucifixum

1909 5047 2006 5099 pro
2034 5033 2188 5086 nobis
2215 5074 2230 5098 ,
2269 5047 2327 5089 nt
2361 5049 2590 5092 mortem
2631 5040 2682 5093 in
2718 5041 2872 5094 nobis
2903 5043 3228 5109 destrueret,
3255 5063 3495 5103 rursum-

1909 5140 2013 5193 que
2040 5141 2138 5180 nos
2168 5129 2332 5182 simul
2360 5143 2483 5183 cum
2524 5132 2636 5201 ipso
2660 5134 2833 5204 erigat
2864 5151 2894 5188 e
2926 5138 3273 5207 corruptione
3307 5143 3373 5194 ad
3414 5142 3495 5196 iu-

1909 5223 2316 5291 corruptioncm
2349 5223 2648 5279 traductos.
2675 5223 2973 5294 Oportebat
3009 5230 3190 5298 itaque
3231 5233 3397 5286 etiam
3439 5236 3492 5288 in

1909 5312 2025 5380 ipso
2065 5313 2332 5380 passionis
2363 5329 2476 5368 sua:
2523 5325 2765 5387 tempore
2814 5334 2940 5373 tere
2983 5322 3254 5378 hominem
3287 5325 3492 5381 factum

1904 5402 2099 5466 videri,
2157 5413 2338 5458 etnon
2373 5403 2746 5475 imaginariam
2781 5413 3070 5479 quamdam
3113 5415 3344 5470 hominis
3373 5419 3490 5488 opi-

1910 5496 2124 5548 nionem
2159 5497 2223 5548 de
2251 5509 2315 5549 eo
2350 5498 2583 5566 concipi.
2611 5498 2850 5569 Eamque
2875 5503 2944 5556 ob
2969 5519 3208 5572 causam,
3244 5523 3362 5577 quae
3394 5509 3463 5563 lnt
3482 5539 3497 5552 ο

1910 5586 2038 5640 mini
2078 5589 2406 5643 conveniunt
2431 5587 2641 5643 locutus
2675 5600 2779 5657 est,
2814 5592 3001 5649 dicens
3036 5614 3048 5650 :
3089 5616 3105 5647 ι
3141 5598 3279 5650 Dens’
3317 5616 3492 5658 lucu»

1914 5680 2055 5732 Deus
2083 5694 2255 5745 incus,
2290 5694 2390 5734 cur
2447 5695 2533 5736 me
2567 5681 2950 5754 dereliquisli?
2986 5704 3003 5735 ι
3051 5695 3135 5740 et:
3181 5708 3195 5739 ι
3231 5689 3496 5748 Transeat

2330 5833 2373 5865 "
2403 5834 2440 5887 ll
2469 5834 2606 5889 Tim.
2653 5851 2691 5905 ι,
2738 5838 2822 5890 HI.
2902 5841 2947 5868 "
2982 5841 3168 5898 Matth.
3209 5860 3375 5915 xu'tt,
3403 5848 3491 5904 4‘3.
