3986 6320
516 420 619 477 399

1504 417 1562 478 S.
1604 416 1876 476 CYRIIJJ
1915 416 2380 475 ALEXANDRNI
2419 418 2733 477 ARCIIIEP.

3651 420 3762 479 ιοο

516 555 545 593 a
577 554 664 595 me
694 534 827 594 calix
888 539 1005 594 iste.
1040 553 1061 589 ι
1093 536 1158 591 Et
1190 551 1249 592 re
1300 535 1415 607 ipsa
1470 538 1703 593 ostendit
1756 538 1900 609 quod
1944 537 2080 592 Deus

2186 537 2320 608 έμοῦ
2348 540 2409 592 τὸ
2441 541 2717 612 ποτήριον.
2750 557 2769 591 ι
2807 536 3043 591 Ἐδείκνυ
3092 538 3147 591 δέ
3189 535 3277 591 διὰ
3312 536 3422 591 τῶν
3464 535 3640 604 εργων
3671 537 3762 590 ὅτε

517 642 661 684 esset
690 629 779 699 qui
817 637 1032 699 propter
1060 640 1158 683 nos
1186 628 1499 684 incarnatus
1525 638 1663 693 erat,
1691 638 1853 699 atque
1886 628 2001 684 hac
2026 627 2079 681 in

517 733 677 775 cruce
711 720 985 775 sustinens
1027 727 1245 790 propter
1273 719 1513 775 omnium
1553 728 1796 775 nostrum
1823 720 2076 774 salutem.

518 808 735 865 Solares
773 809 917 865 enim
965 808 1146 866 radios
1182 808 1475 874 contraxit,
1520 817 1574 864 et
1624 809 1859 865 tenebris
1886 808 2079 865 celum

516 902 757 957 involvit.
783 900 955 956 Scidit
991 909 1192 971 petras,
1224 905 1280 954 et
1318 906 1537 965 terram,
1570 908 1625 955 et
1667 898 1841 955 velum
1877 892 2077 968 templi,

515 992 726 1063 aliaque
763 989 928 1046 multa
966 988 1222 1044 miracula
1250 986 1416 1043 edidit
1448 987 1516 1052 ⁸⁷,
1551 996 1611 1043 ut
1644 988 1787 1045 Deus
1824 1002 1964 1050 esse.
1989 987 2079 1058 qui

516 1083 828 1136 incarnatus
863 1086 1005 1143 erat,
1049 1076 1336 1132 manifeste
1386 1078 1785 1133 ostenderetur.
1842 1075 1992 1133 Unde
2026 1085 2082 1131 et

516 1173 548 1228 ii
578 1174 669 1243 qui
710 1186 831 1227 eum
877 1169 1288 1233 crucitlserunt,
1323 1175 1588 1240 anteaque
1637 1167 1960 1234 deriserant,
1997 1168 2080 1221 vi.

512 1262 700 1317 dentes
721 1274 843 1331 qua
874 1258 1130 1314 divinitus
1156 1258 1452 1314 edebantur
1480 1256 1759 1323 miracula,
1788 1257 2075 1314 dicebant:

514 1370 536 1407 ι
570 1352 705 1407 Vere
740 1350 908 1405 Filius
934 1349 1025 1405 Dei
1052 1358 1170 1405 erat
1202 1348 1303 1405 iste
1327 1349 1391 1403 ει.
1421 1367 1439 1400 s

1187 1452 1413 1517 ALIUD.

588 1580 816 1635 Verbum
868 1575 958 1632 Dei
987 1573 1187 1631 factum
1231 1585 1318 1630 est
1353 1577 1534 1642 homo,
1568 1591 1673 1630 non
1719 1586 1777 1630 ut
1822 1586 2080 1648 tanquam

511 1668 651 1726 Deus
680 1678 803 1725 ante
832 1667 1259 1723 incarnationem
1285 1667 1467 1721 omnia
1515 1665 1677 1723 iaciat
1705 1678 1761 1720 et
1809 1668 2079 1737 loquatur,

2180 630 2313 695 Θεός
2357 633 2527 694 ἐστιν,
2577 632 2605 683 ὁ
2651 630 2719 684 δι’
2748 633 2896 703 ἡμᾶς
2943 629 3393 701 ένανθρωπήσσς,
3446 644 3540 682 και
3581 626 3761 683 ταῦτα

2182 722 2467 794 ὑπομένων
2511 724 2569 775 έν
2621 720 2698 792 τῷ
2752 722 2993 795 σταυρῷ,
3029 721 3118 775 διὰ
3158 720 3260 791 τὴν
3304 718 3557 774 ἁπάντων
3594 714 3762 789 ἡμῶν

2182 814 2487 885 σωτηρίαν·
2520 800 2830 868 συνέστελλε
2861 815 2959 886 μιν
2987 814 3094 884 γὰρ
3123 814 3225 883 τὴν
3267 811 3498 884 ἡλιακὴν
3535 796 3758 876 ἀκτῖνα,

2180 905 2275 959 καὶ
2307 905 2481 963 σκότω
2510 906 2832 977 περιέϐαλλε
2853 907 2945 962 τὸν
2974 904 3224 978 οὐρανὸν,
3250 905 3427 975 εσχιζε
3452 903 3508 957 δὲ
3536 903 3633 968 τὰς
3657 886 3761 955 πέ-

2179 1014 2336 1068 τρας,
2368 997 2463 1051 καὶ
2504 1004 2604 1068 τὴν
2644 998 2748 1070 γῆν
2780 998 2875 1052 καὶ
2917 998 2980 1051 τὸ
3023 996 3418 1068 καταπέτασμα
3450 995 3544 1049 τοῦ
3578 993 3708 1049 ναοῦ
3737 1010 3757 1026 ·

2182 1090 2345 1162 ῑτερά
2396 1108 2450 1145 τε
2490 1090 2627 1162 πρὸς
2660 1089 2865 1153 τούτοις
2898 1091 3069 1144 tanta
3117 1088 3348 1161 μεγάλα,
3376 1087 3464 1141 ῐνα
3493 1086 3627 1151 θεὸς
3669 1087 3762 1139 έν-

2180 1180 2550 1251 ανθρωπήσας
2575 1179 2849 1250 φαίνηται.
2873 1180 2982 1234 Καὶ
3003 1178 3134 1248 γοῦν
3152 1182 3201 1233 ot
3226 1186 3637 1246 σταυρώσαντες
3659 1175 3761 1228 καὶ

2181 1269 2351 1323 πάλαι
2379 1268 2646 1338 γελῶντες
2675 1268 2864 1333 αὐτὸν,
2892 1270 2962 1322 τὰ
2993 1268 3259 1339 γενόμενα
3289 1264 3487 1328 θεῖκῶς
3521 1262 3760 1335 ὁρῶντες

2181 1361 2367 1428 ελεγον
2390 1378 2403 1392 ·
2439 1378 2457 1412 t
2504 1359 2741 1431 Ἀληθῶς
2768 1360 2903 1414 Θεοῦ
2932 1361 3062 1424 Υἱὸς
3083 1348 3151 1431 ἦν
3175 1342 3348 1422 οὗτος.
3381 1378 3398 1410 ι

2868 1474 3072 1527 ΔΛΛΟ.

2255 1589 2575 1662 ’Ἄνθρωπος
2606 1588 2822 1658 γέγονεν
2846 1590 2876 1641 ὀ
2901 1587 2997 1641 τοῦ
3029 1586 3165 1641 Θεοῦ
3198 1587 3391 1655 Λόγος,
3419 1587 3517 1656 οὐχ
3543 1587 3629 1639 ἴνα
3652 1585 3763 1638 πά-

2181 1680 2261 1732 λιν
2291 1680 2366 1741 ὼς
2391 1679 2525 1743 Θεὸς
2561 1680 2669 1751 πρὸ
2694 1682 2796 1751 τῆς
2823 1679 3291 1751 ένανθρωπήσεως
3320 1678 3497 1733 πάντα
3539 1677 3759 1747 πράττῃ

509 1762 605 1817 sed
653 1768 710 1814 ut
766 1758 957 1823 multa,
1006 1771 1071 1811 ex
1125 1756 1448 1812 necessitate
1494 1757 1979 1811 administrationis
2027 1758 2078 1811 in

2186 1773 2275 1826 atat
2319 1772 2475 1843 λαλῇ,
2499 1770 2615 1825 ἀλλ’
2644 1772 2732 1825 ἵνα
2776 1770 3039 1835 πολλάκις
3074 1771 3170 1824 καὶ
3192 1770 3281 1827 διὰ
3313 1768 3411 1842 τὴν
3441 1768 3625 1837 χρείαν
3654 1768 3765 1836 τῆς

506 1866 693 1917 carne,
723 1849 887 1905 etiam
922 1856 980 1901 ut
1005 1848 1166 1902 homo
1194 1846 1469 1916 loquatur.
1501 1846 1636 1902 Cum
1675 1848 1838 1915 igitur
1870 1848 1982 1902 haec
2009 1848 2080 1901 sit

2186 1863 2321 1934 μετὰ
2357 1862 2558 1934 σαρκὸς
2588 1862 2897 1933 οἰκονομίας
2920 1863 3013 1915 καὶ
3030 1861 3107 1925 ὡς
3132 1860 3419 1932 ἄνθρωπος
3450 1858 3582 1928 λέγῃ
3606 1858 3765 1911 τινά.-

507 1942 668 1999 Verbi
708 1943 977 2011 potentia,
1018 1938 1285 2009 quomodo
1311 1952 1415 1992 non
1446 1938 1737 1994 absurdum
1776 1941 1847 1994 sit
1883 1938 2080 1995 ollendi

2186 1954 2403 2026 Ταύτην
2433 1954 2647 2025 έχοντος
2676 1952 2771 2008 τοῦ
2807 1953 3105 2025 μυστηρίου
3128 1952 3228 2022 τὴν
3252 1950 3635 2023 ὄύναμιν,πῶς
3656 1949 3767 2001 οὐκ

506 2031 815 2092 nonnullos,
841 2045 961 2085 cum
991 2030 1214 2085 audiunt
1239 2030 1415 2100 ipsum
1443 2028 1678 2084 humano
1704 2043 1853 2085 more
1881 2028 2080 2098 aliquid

2186 2045 2383 2099 ἄτοπον
2420 2042 2867 2109 σκανδαλίζεσθαι
2905 2045 3032 2109 τοὺς
3064 2043 3454 2116 ἀκροωμένους
3485 2040 3767 2112 ἀνθρωπι-

507 2119 786 2177 iocutum?
818 2118 1080 2188 Loquitur
1103 2120 1247 2174 enim
1274 2126 1332 2172 ut
1360 2117 1548 2183 homo;
1583 2116 1820 2186 loquitur
1841 2120 2001 2172 etiam
2026 2128 2080 2174 ut

2186 2137 2417 2210 νώτερον
2460 2136 2571 2191 έσθ⁹
2603 2138 2691 2192 ὅτε
2740 2137 3028 2201 λαλοῦντος
3075 2136 3277 2202 absab;
3319 2136 3485 2190 Λαλεϊ
3526 2134 3633 2205 γὰρ
3680 2132 3767 2195 ὡς

508 2212 650 2267 Deus
683 2229 696 2264 :
734 2220 1024 2279 utrumque
1060 2210 1205 2265 enim
1248 2210 1299 2263 in
1339 2209 1509 2278 ipsius
1544 2216 1807 2277 potestate
1835 2218 1936 2263 est.
1975 2206 2084 2262 Ilu-

508 2317 666 2358 mano
693 2308 842 2357 certe
873 2315 1023 2355 more
1059 2300 1235 2354 dixit:
1276 2317 1295 2350 t
1336 2298 1487 2354 Nunc
1526 2300 1707 2353 anima
1746 2311 1866 2353 mea
1899 2299 2084 2353 turba-

507 2405 593 2450 tur
632 2393 709 2460 ";
750 2413 769 2447 ι
830 2393 1012 2448 divino
1045 2401 1225 2447 autem
1266 2405 1436 2455 more,
1490 2408 1507 2441 ι
1549 2388 1877 2445 Ροιεειοιειη
1911 2390 2081 2444 habeo

507 2501 709 2558 ponere
764 2487 969 2554 ipsam,
1035 2492 1088 2537 et
1146 2497 1330 2537 rursus
1389 2490 1709 2551 potestatem
1772 2481 1940 2535 habeo
1988 2494 2081 2535 su-

506 2592 653 2633 mere
683 2577 854 2645 ipsam
886 2575 955 2628 “.
996 2592 1015 2626 ι
1061 2573 1291 2628 Turbari
1325 2573 1526 2641 itaque,
1558 2570 1770 2626 all'ectio
1822 2581 1903 2626 est
1930 2570 2079 2625 carni

504 2671 723 2741 propria
778 2686 793 2723 :
855 2676 1176 2738 potestatem
1234 2678 1362 2719 vero
1420 2663 1615 2718 habere
1669 2663 1989 2733 deponedi,
2028 2672 2079 2716 et

508 2774 696 2818 rursus
724 2758 1031 2814 assumendi
1064 2758 1321 2817 animam.
1348 2756 1598 2825 potentiae
1630 2754 1787 2809 Verbi
1819 2768 1952 2819 opus
1978 2761 2079 2807 est.

506 2850 967 2918 Quemadmodum
1025 2847 1211 2917 igitur,
1256 2860 1378 2901 cmn
1428 2844 1631 2912 aliquid
1693 2844 1875 2898 divino
1933 2857 2081 2898 more

502 2940 659 3004 dicit,
699 2935 913 2993 tametsi
958 2943 1213 3005 appareat
1248 2937 1428 2997 homo,
1478 2948 1581 2987 non
1617 2930 1961 2997 ollendimur,
1988 2929 2079 2987 sed

502 3029 871 3099 intelligimus
921 3016 1159 3080 Verbum
1210 3024 1360 3080 carni
1427 3022 1739 3077 inhabitans
1776 3042 1786 3077 :
1826 3024 1896 3074 ita
1958 3036 2079 3075 cum

508 3118 711 3189 aliquid
729 3126 788 3171 ut
808 3117 969 3171 homo
990 3111 1252 3183 loquitur,
1272 3128 1340 3169 ne
1354 3109 2079 3180 oﬂ‘endamur,intclligentes

507 3210 647 3279 quod
677 3214 898 3279 propter
923 3220 1021 3261 nos
1053 3202 1227 3259 factus
1254 3212 1337 3258 est
1372 3204 1552 3269 homo,
1589 3210 1643 3256 et
1669 3216 1787 3270 qua:
1829 3200 2076 3256 humanae
2102 3199 2146 3257 C

510 3310 711 3354 naturae
738 3296 1084 3361 conveniunt,
1112 3293 1371 3363 loquitur.

1180 3401 1405 3460 ALIUD.

578 3526 660 3581 Ob
696 3524 917 3578 multam
960 3530 1125 3590 atque
1151 3521 1286 3575 adeo
1323 3521 1636 3574 immensam
1670 3513 2075 3589 benignitatem,

513 3616 743 3677 Verbum
768 3615 919 3671 nobis
941 3613 1176 3684 seipsum
1206 3610 1367 3682 235
1393 3611 1733 3666 commiscuit
1758 3618 1922 3679 atque
1950 3624 2078 3664 con-

508 3708 843 3778 temperavit,
872 3720 978 3759 non
1013 3714 1071 3757 ut
1106 3706 1156 3757 in
1194 3716 1430 3756 nostram
1460 3712 1703 3755 naturam
1749 3710 2073 3764 mutaretur,

509 3813 684 3867 neque
712 3797 854 3851 enim
887 3794 991 3847 ulla
1027 3794 1250 3848 mutatio
1281 3792 1332 3845 in
1364 3792 1534 3861 ipsum
1565 3795 1740 3857 cadit,
1776 3794 1869 3848 sed
1899 3804 1954 3848 ut
1978 3809 2077 3849 nos

506 3890 610 3944 sibi
639 3888 995 3943 commiscens
1014 3883 1080 3938 ad
1100 3899 1253 3938 suam
1282 3883 1593 3937 transferat.
1615 3884 2076 3948 Quemadmodum

508 3981 650 4033 enim
681 3994 780 4032 nos
807 3976 896 4046 qui
928 3975 1100 4043 ipsum
1128 3974 1463 4043 suscepimus
1491 3988 1587 4042 per
1613 3974 1783 4043 ipsius
1810 3974 2079 4030 inhabita-

508 4072 710 4124 tionem
746 4070 797 4123 in
824 4081 1011 4132 carne,
1038 4065 1218 4120 omnia
1257 4077 1375 4132 quae
1406 4063 1577 4132 ipsius
1611 4074 1739 4119 sunt
1777 4065 2073 4122 habemus:

512 4172 633 4213 nam
676 4166 729 4212 'ct
777 4155 867 4210 lilii
902 4156 1076 4211 vocati
1119 4167 1306 4208 sumus
1349 4153 1391 4183 “
1424 4161 1479 4206 et
1503 4153 1578 4208 dii
1612 4152 1678 4219 ⁶²,
1709 4154 1753 4209 si
1786 4170 1891 4211 non
1922 4166 2081 4210 natu-

511 4243 714 4312 raliter,
745 4258 802 4302 ut
834 4249 965 4318 ipse,
990 4246 1182 4302 saltem
1227 4260 1321 4315 per
1350 4247 1578 4315 gratiam
1610 4261 1625 4298 :
1661 4247 1735 4303 ita
1765 4249 1929 4303 etiam
1962 4251 2078 4320 ipse

510 4341 722 4413 quando
749 4341 901 4394 nobis
923 4339 1241 4391 commistus
1274 4346 1374 4403 est,
1407 4336 1582 4394 factus
1605 4338 1863 4395 nimirum
1892 4342 2074 4406 homo,

510 4447 696 4485 omnes
730 4429 1067 4484 inﬁrmitates
1092 4435 1305 4481 nostras
1338 4427 1610 4495 gestavit:
1644 4437 1695 4483 et
1739 4429 1853 4498 ipse
1887 4443 2079 4499 passus

2181 2229 2487 2300 ἄνθρωπος,
2506 2228 2655 2281 λαλεῖ
2681 2228 2739 2283 δὲ
2763 2229 2858 2282 καὶ
2887 2221 2963 2293 ὡς
2991 2228 3142 2293 Θεὸς,
3168 2228 3310 2299 έχων
3341 2228 3402 2281 ιν
3424 2224 3764 2297 ἀμφοτέροις

2180 2320 2277 2390 τὴν
2306 2319 2570 2387 έξουσίαν.
2591 2318 2967 2391 ’ἀνθρωπίνως
3012 2318 3109 2391 μὲν
3155 2320 3264 2390 γὰρ
3307 2316 3491 2385 ἔλεγε·
3529 2335 3548 2367 ι
3580 2314 3694 2369 Νῦν
3718 2317 3761 2383 ἡ

2180 2415 2323 2485 ψυχή
2359 2431 2460 2483 μου
2489 2413 2841 2484 τετάρακται,
2870 2430 2888 2463 ι
2917 2410 3111 2473 θεῖκῶς
3134 2410 3190 2464 δὲ
3216 2409 3407 2462 πάλιν·
3437 2426 3455 2459 ι
3478 2406 3763 2471 Ἐξουσὶαν

2181 2506 2291 2576 ἔχω
2323 2503 2496 2559 θεῖναι
2546 2504 2735 2574 αὐτὴν,
2770 2503 2864 2557 καὶ
2911 2502 3071 2555 πάλιν
3118 2499 3369 2567 ἐξουσίαν
3413 2496 3522 2567 ἔχω
3571 2496 3762 2551 λαϐεῖν

2180 2596 2367 2666 αὐτήν.
2402 2614 2420 2647 ι
2457 2593 2529 2648 Τὸ
2567 2594 2666 2664 μὲν
2700 2589 2793 2648 οὖν
2824 2590 3208 2663 ταράττεσθαι,
3249 2590 3349 2660 τῆς
3393 2589 3591 2659 σαρκὸς
3625 2587 3761 2641 ἴδιον

2182 2686 2379 2750 πάθος·
2414 2686 2478 2738 τὸ
2501 2685 2556 2738 δὲ
2587 2684 2834 2750 ἐξουσίαν
2860 2683 3003 2753 ἔχειν
3041 2681 3211 2735 θεῖναί
3244 2698 3303 2733 τε
3339 2683 3432 2734 καὶ
3462 2679 3625 2732 πάλιν
3658 2678 3758 2730 λα-

2181 2776 2317 2837 σεῖν,
2344 2775 2445 2843 τῆς
2485 2772 2578 2826 τοῦ
2631 2772 2802 2838 Λόγου
2850 2762 3127 2841 δυνάμεως
3164 2768 3325 2838 ἔργον
3371 2768 3764 2838 ἑστίν.”Ωσπερ

2181 2861 2274 2918 οὖν
2308 2866 2437 2919 ὅταν
2483 2864 2618 2936 λέγῃ
2647 2880 2699 2917 τι
2726 2861 2943 2925 θεῖκῶς,
2978 2860 3155 2913 καίτοι
3198 2858 3521 2928 φαινόμενος
3554 2858 3773 2927 ἄνθρωο

2183 2972 2302 3017 πος,
2343 2956 2404 3007 οὐ
2455 2951 2918 3023 σκανδαλιζόμεθα
2944 2989 2960 3013 ,
3004 2950 3119 3004 ἀλλ’
3148 2948 3438 3018 ἐννοοῦμεν
3482 2948 3573 3000 τὸν
3615 2947 3758 2999 ένοι-

2181 3044 2380 3098 κοῦντα
2408 3046 2474 3114 τῇ
2506 3043 2673 3115 σαρκὶ
2704 3043 2875 3110 Λόγον
2893 3058 2907 3072 ·
2935 3040 3107 3104 οὕτως
3134 3039 3262 3093 ὅταν
3292 3054 3345 3090 τι
3386 3036 3523 3107 λαλῇ
3564 3036 3658 3089 καὶ
3682 3036 3761 3098 ὡς

2179 3135 2486 3208 ἄνθρωπος,
2533 3134 2609 3206 μὴ
2650 3130 3156 3202 σκανδαλιζώμεθα,
3194 3127 3500 3192 ἐννοοῦντες
3546 3128 3629 3181 ὅτι
3680 3127 3762 3179 δι’

2179 3230 2325 3299 ἡμᾶς
2379 3227 2601 3295 γέγονεν
2650 3225 2957 3296 ἄνθρωπος,
2998 3224 3095 3277 καὶ
3144 3224 3213 3276 τὰ
3255 3225 3321 3292 τῇ
3375 3219 3763 3291 ἁνθρωπὸτητε

2180 3319 2458 3389 πρέποντα
2481 3317 2648 3372 λαλεῖ.

2856 3425 3062 3485 AAAO.

2251 3544 2349 3599 Διὰ
2379 3542 2580 3612 πολλὴν
2608 3540 2701 3594 καὶ
2718 3540 2956 3611 ἄμετρον
2977 3533 3386 3607 φιλανθρωπίαν
3407 3531 3600 3586 ἑαυτὸν
3623 3533 3760 3602 ἡμῖν

2180 3637 2445 3702 ἐκέρασεν
2488 3635 2518 3687 ὁ
2567 3632 2660 3687 τοῦ
2709 3630 2845 3685 Θεοῦ
2894 3630 3103 3698 Λόγος·
3150 3628 3250 3698 οὐχ
3283 3626 3369 3680 ἵνα
3413 3623 3762 3696 μεταποιηθῇ

2178 3729 2315 3801 πρὸς
2337 3727 2398 3781 τὸ
2421 3727 2687 3797 ἡμέτερον
2710 3721 2894 3785 αὐτὸς,
2941 3721 3208 3791 ἄτρεπτος
3241 3719 3352 3788 γάρ
3383 3718 3499 3770 ἐστι
3528 3715 3626 3769 καὶ
3661 3714 3761 3768 αλ-

2176 3818 2391 3873 λοίωσιν
2428 3818 2527 3870 οὐκ
2564 3813 2740 3879 είδὼς,
2790 3811 2905 3866 ἀλλ’
2941 3811 3006 3864 ἶν’
3034 3810 3182 3880 ἡμᾶς
3228 3806 3499 3877 ἀναμίξας
3554 3802 3755 3873 ἑαυτῷ,

2183 3894 2461 3981 μεταϐάλῃ
2508 3906 2643 3977 πρὸς
2683 3905 2744 3959 τὸ
2782 3902 3219 3971 οἱκεῖον.”οσπερ
3265 3901 3371 3971 γὰρ
3401 3901 3564 3970 ἡμεῖς
3594 3896 3762 3951 αὐτὸν

2178 3998 2460 4070 δεξάμενοι
2485 3996 2573 4049 διὰ
2598 3996 2660 4049 τὸ
2686 3994 2964 4065 ἐνοικῆσαι
2987 3992 3173 4063 σαρκὶ,
3204 3989 3385 4044 πάντα
3423 3986 3611 4040 λοιπὸν
3635 3985 3759 4055 ἐχο-

2181 4106 2280 4162 μεν
2308 4088 2376 4143 τὰ
2404 4087 2570 4142 αὐτοῦ
2587 4104 2601 4116 ·
2636 4085 2731 4139 καὶ⁵
2761 4085 2870 4156 γὰρ
2897 4084 2991 4137 καὶ
3023 4082 3131 4136 υίοὶ
3164 4077 3483 4151 κεκλήμεθα
3503 4076 3599 4129 καὶ
3620 4074 3760 4135 θεοὶ,

2180 4182 2227 4234 ει
2260 4179 2355 4234 καὶ
2387 4179 2463 4249 μὴ
2492 4176 2737 4248 φυσικῶς
2759 4175 2949 4247 ὥσπερ
2970 4172 3155 4238 αὐτὸς,
3171 4170 3313 4226 ἀλλά
3331 4186 3396 4238 γε
3416 4166 3559 4222 κατὰ
3576 4166 3756 4238 χάριν·

2177 4272 2319 4326 οὕτω
2346 4270 2441 4325 καὶ
2480 4270 2668 4334 αὐτὸς,
2708 4268 2795 4322 ὅτε
2827 4267 2964 4338 πρὸς
2995 4267 3141 4337 ἡμᾶς
3175 4260 3444 4334 ἀνεμίχθη
3469 4259 3760 4329 γενόμενκ

2180 4363 2486 4435 ἄνθρωπος,
2538 4360 2765 4432 έφόρεσε
2810 4358 2911 4422 τὰς
2960 4355 3245 4420 ἀσθενείας
3290 4352 3481 4425 ἡμῶν·
3538 4351 3633 4404 καὶ
3682 4355 3762 4412 ὼς

2178 4453 2342 4516 αὐτὸς
2371 4448 2653 4513 πεπονθὼς
2686 4448 2999 4519 νενόμισται
3031 4444 3455 4514 ἰδιοποιούμενος
3496 4440 3636 4511 μετὰ
3662 4439 3759 4492 τοῦ

511 4537 634 4577 esse
668 4529 936 4582 censetur,
964 4534 1086 4573 cum
1128 4532 1319 4573 omnes
1354 4518 1536 4589 templi
1566 4520 1719 4588 .quod
1758 4521 2080 4577 inliabitavit

2186 4541 2584 4613 ἀναληφθέντος
2615 4542 2742 4596 ναοῦ
2772 4518 2866 4594 καὶ
2892 4537 2961 4593 τὰ
2993 4538 3052 4592 έν
3081 4534 3251 4605 αὐτῷ,
3287 4534 3373 4587 ἵνα
3405 4532 3501 4586 καὶ
3532 4532 3591 4585 ὲν
3627 4531 3761 4601 ἡμῖν

512 4613 868 4682 pl'oprit'lales
920 4608 1018 4662 sibi
1072 4608 1432 4675 vindicasset,
1488 4620 1548 4665 ut
1596 4610 1758 4666 etiam
1808 4611 1861 4667 in
1919 4613 2076 4670 nobis

511 4704 791 4774 passiones
820 4700 1001 4754 carnis
1029 4699 1525 4771 esstinguerentur,
1560 4702 1869 4772 similesque
1896 4702 2076 4761 edice-

513 4809 693 4847 rentur
720 4790 964 4855 Christo,
1009 4791 1100 4859 qui
1143 4799 1328 4850 nostra
1372 4800 1592 4862 propter
1633 4807 1731 4851 nos
1780 4794 1835 4848 in
1888 4810 1947 4850 se
1993 4810 2078 4852 as-

510 4880 753 4950 sumpsit.

1186 4971 1410 5029 ALIUD.

585 5085 722 5139 Deus
766 5080 958 5139 alicubi
996 5099 1090 5154 per
1142 5094 1360 5140 sanctos
1402 5087 1691 5157 prophetas
1737 5092 1807 5144 ait
1846 5130 1860 5157 ,
1908 5090 2078 5150 Israe-

513 5175 636 5229 litas
663 5177 729 5229 de
760 5176 1081 5245 quibusdam
1124 5177 1360 5247 peccatis
1386 5193 1639 5249 arguens,
1676 5185 1929 5251 quoniam
1957 5188 2080 5249 «F1.

513 5268 614 5321 iios
642 5282 825 5323 eorum
872 5268 1223 5323 traduxerunt
1252 5283 1348 5337 per
1392 5270 1590 5340 ignem,
1618 5286 1775 5340 quem
1806 5292 1911 5329 nun
1941 5292 2081 5347 prmo

512 5361 629 5428 cepi
650 5360 749 5426 eis,
780 5374 951 5429 neque
986 5361 1213 5429 rogitavi
1241 5361 1291 5414 in
1323 5364 1485 5415 corde
1512 5377 1630 5417 meo
1652 5362 1717 5418 ".
1756 5383 1773 5415 ι
1803 5362 1865 5419 Et
1897 5383 2083 5423 rursus

515 5452 582 5504 ad
619 5449 916 5505 Jerusalem
984 5465 1000 5503 :
1039 5470 1057 5501 ι
1086 5449 1281 5506 Dolore
1308 5451 1531 5507 all'ecisli
1590 5470 1674 5509 me
1726 5456 1777 5509 in
1828 5461 2082 5517 omnibus

518 5543 602 5595 IIIS
632 5541 697 5595 ".
738 5560 755 5592 ι
794 5543 918 5595 Item
968 5546 1033 5596 de
1082 5542 1199 5597 aliis
1250 5546 1487 5615 peccatis
1529 5564 1543 5599 :
1584 5565 1601 5597 ι
1640 5542 1891 5619 Nunq’uid
1920 5568 2083 5623 super

588 5697 629 5728 ³⁷
658 5698 847 5750 Matth.
893 5713 1057 5763 xxv",
1096 5699 1295 5753 ill-55.

518 5777 705 5831 Lxui,
744 5769 774 5815 ti
802 5785 813 5832 ;
841 5765 994 5820 .luan.
1040 5769 1199 5837 x,35.
1278 5770 1321 5800 ⁸³
1358 5770 1558 5826 Jcrem.
1596 5777 1771 5838 sini}.

1402 5702 1448 5733 ⁵⁸
1479 5701 1609 5757 iltid.
1641 5704 1731 5759 54.
1826 5704 1870 5737 ⁵⁹
1897 5705 2054 5760 Junii.
2098 5725 2195 5773 xu,
2226 5709 2315 5765 27.

1850 5778 1893 5807 δδ
1926 5779 2053 5829 IIIIII.
2094 5779 2178 5834 15.

2182 4632 2428 4705 νεκρωθῇ
2459 4631 2528 4687 τὰ
2554 4634 2652 4703 τῆς
2685 4630 2887 4702 σαρκὸς
2918 4629 3088 4698 πάθη,
3122 4626 3427 4699 τρεχόντων
3465 4623 3545 4685 είς
3584 4622 3764 4692 ὁμοιό-

2182 4743 2320 4796 τητα
2363 4722 2459 4778 τοῦ
2503 4722 2573 4775 τὰ
2615 4722 2771 4793 ἡμῶν
2795 4722 2863 4775 δι’
2896 4722 3043 4791 ἡμᾶς
3069 4720 3149 4783 είς
3179 4716 3372 4771 ἑαυτὸν
3402 4711 3765 4775 ἀναλαϐόντος

2184 4814 2441 4887 Χριστοῦ.

2872 4986 3075 5042 ΔΛΛΟ.

2255 5105 2393 5176 Φησί
2422 5122 2526 5158 που
2553 5104 2687 5168 Θεὸς
2716 5104 2804 5158 διὰ
2827 5102 2932 5157 τῶν
2967 5102 3137 5170 ἁγίων
3159 5097 3479 5172 προφητῶν,
3505 5094 3598 5148 ἐπί
3619 5111 3767 5149 τισιν

2187 5193 2481 5268 ἁμαρτίαις
2522 5195 2648 5258 τοὺς
2690 5192 2751 5257 έξ
2785 5192 2998 5263 Ἰσραὴλ
3032 5188 3488 5258 καταιτιώμενος,
3517 5186 3597 5238 ὅτι
3632 5204 3650 5235 t
3680 5182 3765 5237 Τὰ

2186 5286 2350 5342 τέκνα
2396 5285 2577 5340 αὐτῶν
2626 5285 2809 5355 διῆγον
2855 5282 2944 5337 διὰ
2978 5283 3168 5354 πυρὸς,
3197 5282 3227 5334 ὃ
3270 5282 3370 5333 οὐκ
3407 5276 3765 5346 ἐνετειλάμην

2184 5379 2387 5443 αὐτοῖς,
2430 5378 2525 5431 καὶ
2574 5376 2633 5429 οὐ
2683 5362 2963 5447 διενοήθην
2997 5377 3055 5428 ἐν
3087 5376 3155 5444 τῇ
3202 5372 3400 5442 καρδίᾳ
3447 5386 3571 5438 μου.
3599 5392 3617 5419 ι
3651 5366 3768 5422 Καὶ

2185 5468 2347 5522 πάλιν
2374 5468 2449 5531 ὡς
2476 5467 2614 5539 πρὸς
2641 5468 2740 5538 τὴν
2765 5466 3146 5537 Ἰερουσαλήμ·
3184 5484 3201 5515 ι
3228 5463 3338 5516 Καὶ
3357 5460 3576 5523 ἐλύπεις
3610 5475 3678 5527 με
3706 5460 3768 5510 ἐν

2187 5551 2319 5611 πᾶσι
2348 5558 2575 5623 τούτοις.
2610 5576 2628 5607 t
2678 5550 2789 5611 Καὶ
2814 5557 2973 5611 πάλιν
3004 5556 3089 5624 ἐφ’
3116 5555 3327 5624 ἑτέροις
3362 5552 3551 5613 κακοῖς
3575 5568 3586 5578 ·
3623 5568 3639 5597 ι
3672 5547 3767 5619 Μὴ

3546 5706 3589 5735 ⁶¹
3612 5702 3761 5758 Psal.

2425 5712 2467 5742 ‘°
2494 5708 2646 5766 Joan.
2693 5727 2745 5778 ι,
2781 5712 2863 5765 l8.
2946 5710 2985 5741 τ’
3030 5708 3244 5765 Iloan.
3279 5724 3358 5775 ιιι,
3401 5708 3446 5760 l.
