3986 6320
228 417 329 477 ιοι

1660 418 2103 477 THESAURL'S.

3407 406 3513 463 492

218 537 318 591 ἀπὶ
361 538 569 603 τούτοις
620 538 722 593 οὐκ
768 537 1190 611 όργισθήσομαι,
1220 537 1369 609 λέγει
1406 537 1632 610 Κύριος,
1673 539 1706 610 ἢ
1758 540 1816 591 ἐν

1926 539 2008 594 his
2034 553 2142 594 non
2172 537 2400 598 irascar,
2425 531 2558 590 dicit
2588 528 2873 590 Dominus,
2914 533 2970 581 et
2996 523 3051 579 in
3089 532 3249 594 gente
3281 521 3372 575 tali
3403 536 3509 576 non

219 628 337 701 λαῷ
376 630 618 701 τοιούτῳ,
646 629 750 684 οὐκ
793 628 1071 701 uindicat
1125 630 1159 702 ἠ
1212 630 1358 702 ψυχή
1412 647 1545 703 pou;
1580 649 1600 683 ι
1636 630 1809 701 Δήλου

220 720 516 795 τοιγαροῦν
562 720 903 794 ὑπάρχοντος
938 721 1144 777 ἀπασιν
1168 720 1245 787 ὡς
1283 723 1313 776 ό
1348 720 1442 777 τοῦ
1472 718 1609 775 Θεοῦ
1638 720 1811 789 Λόγος

218 807 291 891 ἦν
322 814 354 875 6
384 814 443 867 ἓν
468 814 581 879 τοῖς
610 815 920 885 προφήταις
961 812 1032 868 τά
1072 812 1298 869 τοιαῦτα
1342 811 1539 878 λαλῶν,
1570 812 1624 866 τί
1654 812 1811 883 ποιή-

225 921 414 968 σουσιν
443 904 495 958 οἱ
522 904 918 977 χριστομάχοι;
945 904 1143 978 Ψυχὴν
1157 900 1268 977 ἄρα
1294 906 1389 960 καὶ
1412 904 1641 978 καρδίαν
1663 921 1812 976 περιρ

220 996 486 1068 θήσουσιν
508 995 677 1069 αὐτῷ,
706 996 895 1069 ἐροῦσι
931 996 990 1051 ει
1037 997 1116 1068 τῷ
1158 997 1258 1068 τῆς
1289 996 1468 1069 λύπης
1492 995 1811 1069 κρατεῖσθαι

220 1084 389 1148 πάθει
436 1086 531 1141 καὶ
560 1085 641 1157 τῷ
684 1085 788 1157 τῆς
830 1085 1022 1158 ὀργῆς,
1054 1086 1142 1141 ἵνα
1174 1085 1251 1159 μὴ
1278 1084 1439 1142 πλέον
1466 1104 1520 1141 τι
1549 1085 1690 1157 ἔχων
1713 1086 1809 1140 ἀν-

219 1177 443 1247 θρώπου
483 1178 764 1248 φαίνηται,
798 1178 829 1233 ό
854 1176 997 1250 ὑπὲρ
1028 1179 1208 1234 πᾶσαν
1234 1178 1473 1249 γενητὴν
1504 1176 1667 1247 φύσιν
1708 1177 1811 1231 ὑπ-

221 1266 409 1337 άρχων
428 1265 525 1321 τοῦ
548 1264 684 1320 Θεοῦ
709 1266 905 1336 Λόγος,
932 1265 1031 1321 καὶ
1062 1266 1318 1331 τοσοῦτος
1362 1267 1490 1331 όοος
1514 1266 1609 1322 καὶ
1640 1267 1670 1321 ό
1701 1268 1813 1321 Πα-

218 1358 360 1435 dm;
398 1356 539 1421 Ἀλλ’
571 1359 704 1423 ἴσως
732 1356 894 1413 τοῦτο
920 1358 1021 1430 μιν
1047 1359 1506 1431 παραιτήσονταιο
1541 1356 1729 1431 ἐροῦσι
1756 1357 1813 1412 δὲ

218 1445 479 1517 εἰρῆσθαι
524 1446 595 1502 τά
636 1447 859 1504 τοιαῦτα
907 1447 1063 1521 παρά
1107 1447 1203 1503 τοῦ
1232 1450 1409 1519 Λόγου
1441 1447 1719 1521 τροπικῶς
1752 1465 1811 1501 τε

219 1537 315 1591 καὶ
360 1537 876 1615 συγκαταόατικῶς.
900 1540 964 1594 El
989 1540 1170 1595 τοίνυν
1215 1540 1324 1611 πρὸ
1370 1542 1471 1612 τῆς
1515 1539 1812 1611 ιπιδημίας

217 1626 287 1681 τά
312 1627 541 1691 τοιαῦτα
564 1627 778 1698 λέγοντι
805 1628 884 1701 τῷ
908 1628 1026 1700 Υίῷ
1049 1628 1144 1684 τοῦ
1171 1630 1330 1697 Θεοῦ,
1347 1629 1407 1685 τὸ
1428 1628 1580 1702 αὐτῷ
1600 1629 1811 1701 πρέπον

218 1718 445 1790 ἀξίωμα
469 1718 740 1792 σώζομεν,
756 1720 870 1775 ἀνω
884 1720 982 1775 καὶ
1000 1720 1180 1792 λύπης
1196 1722 1291 1776 καὶ
1315 1723 1485 1794 ὀργῆς
1501 1720 1595 1781 καὶ
1611 1720 1811 1785 παντὸς

221 1808 431 1875 πάθους
478 1810 750 1883 ὑπάρχειν
776 1810 943 1867 αὑτὸν
979 1810 1477 1884 διαϐεϐαιούμενοι,
1507 1812 1613 1868 κάν
1635 1811 1725 1866 διὰ
1748 1810 1810 1866 τὸ

218 1901 496 1973 χρήσιμον
522 1902 817 1975 ὑπομένειν
846 1903 988 1960 αὐτά
1015 1904 1407 1977 προσποιῆται,
1426 1904 1544 1969 πῶς
1564 1905 1665 1959 οὐκ
1690 1904 1815 1959 ἀτο-
1843 1892 1887 1951 Β

225 2008 345 2057 πον,
366 1992 458 2047 ὅτε
489 1996 716 2064 γέγονεν
731 1995 1020 2067 ἅνθρωπος
1048 1996 1218 2050 καὶιν
1244 1997 1313 2068 τῇ
1330 1993 1506 2051 ταῦτα
1524 1994 1810 2068 πασχούσῃ

223 2085 391 2156 σαρκὶ
422 2084 792 2158 καταιωηκε,
826 2086 904 2159 μὴ
948 2090 1257 2161 συγχωρεῖν
1280 2087 1429 2160 αὐτῷ
1480 2089 1551 2143 τὰ
1585 2087 1814 2143 τοιαῦτα

220 2168 433 2240 λέγοντι
466 2171 654 2244 μένειν
701 2175 761 2232 ἐν
805 2175 1067 2250 ἀπαθείᾳ,
1094 2176 1326 2250 ιχούσης
1371 2176 1513 2233 αὐτὰ
1566 2177 1814 2248 φυσικῶς

220 2261 321 2332 τῆς
368 2262 597 2335 σαρκὸς,
631 2264 701 2335 ἢν
746 2266 816 2321 δι’
844 2269 995 2341 ἡμᾶς
1026 2268 1257 2331 ἀνέλαϐε
1294 2270 1435 2341 μετά
1462 2272 1680 2327 πάντων
1704 2271 1814 2325 τῶν

222 2355 362 2426 αὐτῇ
400 2357 717 2427 προσόντων
755 2361 1039 2430 quemme;
1083 2361 1531 2436 ’Δνθρωπόσητος
1568 2365 1625 2418 δὲ
1656 2364 1812 2428 ἴδιον.

221 2443 283 2498 τὸ
336 2445 571 2513 κλαίειν,
630 2448 726 2515 καὶ
766 2450 1152 2521 ταράττεσθαι,
1209 2454 1304 2508 καὶ
1346 2453 1637 2527 ἀδημονεῖν
1656 2492 1671 2517 ,
1720 2454 1815 2507 καὶ

222 2538 620 2609 παραιτεῖσθαι
670 2541 763 2599 τὸν
805 2540 1075 2612 θάνατον,
1129 2545 1222 2606 καὶ
1275 2550 1346 2599 τά
1389 2545 1602 2611 τούτοις
1652 2547 1815 2618 ὅμοια

224 2628 479 2701 πάσχειν.

694 2778 1063 2869 ΛΟΓΟΣ
1136 2784 1334 2870 ΚΕ.

261 2951 366 3019 Εἷς
394 2950 487 3022 τὸ,
519 2971 541 3008 s
562 2955 948 3032 Hpmdroarpc
988 2957 1199 3032 πᾴσης
1222 2962 1498 3032 κτίσεως,
1528 2983 1546 3017 ι
1586 2965 1676 3020 ὅτι
1709 2966 1783 3020 οὐ

786 3026 1010 3099 κτίσμα
1036 3027 1070 3083 ὁ
1102 3026 1254 3097 nec.

490 3160 819 3223 Ἀντιθεσις
857 3162 927 3219 ἐκ
962 3162 1083 3219 τῶν
1122 3166 1568 3239 χριστομάχων.

298 3294 363 3347 El
408 3292 485 3366 μὴ
531 3295 778 3367 κτίσμα,
815 3297 1018 3367 φασιν,
1059 3298 1296 3371 ὑπάρχει
1340 3302 1370 3356 ό
1404 3302 1551 3371 Υἱὸς,
1597 3304 1700 3360 οὐκ
1750 3307 1815 3363 ἂν

222 3380 433 3474 εκλήθη
461 3386 809 3457 πρωτότοκος
857 3387 1039 3459 πάσης
1085 3389 1347 3458 κτίσεως·
1378 3394 1455 3459 ὡς
1480 3394 1589 3465 γὰρ
1618 3396 1821 3474 πολλὴν

223 3473 369 3545 ἔχων
394 3475 534 3547 πρὸς
562 3475 632 3532 τά
656 3478 920 3548 γεγονότα
944 3480 1045 3553 τὴν
1072 3481 1379 3551 εὐγένειαν,
1406 3487 1456 3540 εί
1480 3493 1572 3542 καὶ
1604 3488 1822 3561 πρῶτος

224 3564 411 3653 αθτῶν
435 3566 525 3639 εἴη
559 3569 653 3623 καὶ
686 3570 794 3641 πρὸ
819 3571 1038 3628 πάντων
1064 3574 1204 3641 ἐστὶ,
1235 3574 1331 3629 καὶ
1364 3576 1537 3653 ταύτῃ
1561 3578 1822 3652 κέκληται

224 3652 292 3723 τῇ
321 3653 614 3727 ἐπωνυμίᾳ
631 3687 644 3703 .

727 3798 884 3867 Πρός
921 3800 1098 3857 τοῦτο
1131 3802 1332 3869 λύσις.

300 3914 453 3987 ῐιρδς
499 3912 600 3985 μὲν
621 3913 691 3969 τά
712 3913 938 3971 τοιαῦτα
966 3916 1075 3972 τῶν
1130 3918 1427 3990 αἱρετικῶν
1462 3919 1825 3994 προϐλήματα

228 4007 297 4059 οὐ
313 4005 553 4076 χαλεπὸν
585 4006 908 4076 ἀντιλέγειν.
927 4008 1137 4063 Ἐκεῖνο
1160 4009 1219 4064 δὲ
1246 4010 1353 4081 χρὴ
1377 4012 1597 4083 πρῶτον
1624 4014 1819 4067 εἰπεῖν·

233 4096 302 4149 El
324 4096 387 4149 τὸ
424 4096 771 4169 πρωτότοκος
790 4097 963 4169 όνομα
993 4100 1429 4169 συγκατατάττει
1450 4105 1515 4174 τῇ
1536 4104 1711 4157 κτίσει
1734 4106 1824 4159 τὸν

230 4184 388 4251 Tios,
417 4186 764 4252 ὑπεξελεῖται
814 4188 1035 4252 πάντως
1066 4188 1230 4251 αὑτὸν
1268 4189 1302 4261 ἡ
1348 4188 1441 4243 τοῦ
1485 4190 1825 4259 Μονογενοῦς

231 4278 612 4350 προσηγορία⁶
639 4276 831 4349 ὥσπερ
878 4278 989 4351 γάρ
1035 4280 1135 4333 οὐκ
1163 4280 1228 4335 ἄν
1252 4297 1338 4345 τις
1366 4280 1583 4336 καλοῖτο
1614 4282 1826 4353 πρωτό-

228 4385 418 4435 τοκος,
449 4371 499 4425 εί
555 4369 630 4443 μὴ
682 4370 910 4434 πολλοὺς
956 4369 1070 4442 ἔχοι
1098 4373 1226 4435 τοὺς
1269 4373 1553 4443 ἀδελφοὺς,
1588 4365 1663 4428 ὧν
1708 4374 1825 4427 ἐστι

233 4459 337 4516 καὶ
372 4460 737 4532 πρωτότοκος,
776 4459 949 4524 οὕτως
977 4460 1079 4514 οὐκ
1111 4460 1178 4514 ἂν
1205 4461 1293 4533 εἴη
1326 4464 1643 4535 μονογενὴς,
1676 4466 1726 4517 εί
1750 4463 1825 4534 μὴ

237 4549 405 4624 μόνος
445 4550 712 4623 ὑπάρχοι,
751 4551 961 4625 ἑτέροις
999 4553 1143 4607 τισὶν
1192 4554 1253 4607 οὐ
1298 4554 1821 4625 συναριθμούμενος.

232 4643 367 4709 Πῶς
382 4640 475 4700 οὗν
502 4648 620 4700 εστι
640 4644 738 4699 καὶ
768 4646 1111 4717 πρωτότοκος
1135 4646 1229 4701 καὶ
1250 4648 1547 4717 μονογενής
1569 4664 1585 4712 ;
1606 4650 1699 4700 Δεῖ
1717 4648 1826 4716 γὰρ

232 4736 275 4808 ἢ
300 4736 475 4789 ἐκεῖνο
508 4737 731 4808 κρατεῖν
767 4736 803 4806 ἦ
838 4734 1019 4790 τοῦτο.
1054 4735 1273 4808 Ἐπειδὴ
1314 4735 1373 4790 δὲ
1409 4738 1441 4809 ὴ
1478 4736 1601 4791 θεία
1636 4737 1826 4810 Γραφὴ

230 4828 571 4899 ἀμφοτέροις
598 4826 762 4881 αὐτὸν
778 4828 1047 4883 ἀποκαλεῖ
1057 4830 1169 4892 τοῖς
1191 4828 1437 4899 ὀνόμασι,
1457 4829 1642 4898 ζητεῖν
1654 4829 1826 4898 ἀναγ-

240 4921 399 4976 καῖον
435 4920 562 4983 τοὺς
595 4920 712 4974 ὅσοι
752 4922 873 4984 ταῖς
908 4921 1079 4985 θείαις
1102 4922 1349 4992 Γραφαῖς
1389 4920 1825 4992 προσϐάλλουσιν

238 5009 508 5084 ἀκριϐῶς,
545 5010 665 5073 πῶς
702 5010 803 5081 μὲν
832 5011 986 5066 ἔσται
1032 5012 1396 5083 πρωτότοκος,
1431 5013 1575 5068 κατά
1612 5013 1734 5067 τίνα
1774 5014 1833 5068 δὲ

237 5122 445 5177 τροπον
474 5104 570 5159 καὶ
602 5104 923 5177 μονογενής.
951 5104 1263 5177 Μονογενὴς
1295 5106 1395 5177 μὲν
1423 5102 1538 5173 οὖν,
1574 5106 1711 5160 καθὸ
1731 5107 1833 5161 Λό-

239 5216 341 5269 γος
373 5199 518 5253 ἐστὶν
544 5199 607 5253 ὲκ
625 5197 863 5269 Πατρδς,
894 5197 1156 5269 ἀδελφοὺς
1184 5198 1325 5253 κατά
1354 5198 1517 5270 φύσιν
1543 5200 1645 5254 οὐκ
1667 5199 1831 5271 ἔχων,

240 5288 367 5343 οὐδὲ
400 5290 571 5361 ἑτέρῳ
615 5290 721 5343 τινὶ
757 5289 1223 5360 συνταττόμενος⁶
1250 5284 1331 5354 εἷς
1372 5290 1479 5361 γάρ
1527 5292 1621 5345 mi.
1675 5292 1836 5361 μόνος

242 5385 278 5435 ὁ
315 5381 439 5446 Υἱὸς
481 5381 577 5435 τοῦ
633 5379 808 5436 Θεοῦο
859 5382 1199 5455 πρωτότοκος
1227 5382 1283 5437 δὲ
1326 5383 1425 5456 οὐχ
1471 5384 1681 5447 ἀπλῶς,
1710 5384 1833 5439 οὐδὲ

242 5473 688 5544 ἁπολελυμένως,
736 5472 848 5527 ἀλλ’
880 5476 938 5528 ὲν
986 5471 1199 5539 πολλοῖς
1246 5475 1515 5545 ἀδελφοῖς,
1550 5474 1697 5530 καθά
1744 5475 1836 5545 γέ-

242 5582 508 5638 γραπται.
539 5566 679 5618 Πότε
722 5561 817 5620 οὖν
864 5565 975 5637 ἄρα
1019 5565 1245 5636 γέγονεν
1293 5570 1450 5639 ἡμῶν
1495 5569 1743 5638 ἀδελφὸς,
1781 5571 1829 5621 εί

248 5656 322 5728 μὴ
350 5659 439 5713 ὅτε
473 5656 573 5727 τὴν
606 5656 764 5727 ἡμῶν
794 5658 1146 5727 περιεσάλετο
1196 5658 1409 5729 σάρκας
1446 5658 1660 5713 Οὐκοῦν
1706 5660 1828 5712 τότε

1914 630 2210 687 ulciscetur
2258 626 2442 682 anima
2488 638 2607 679 mea
2650 620 2744 675 “l
2790 639 2809 673 ι
2862 615 2996 675 Cum
3047 614 3213 686 igitur
3257 612 3514 669 omnibus

1914 720 2265 777 manifestum
2290 718 2367 774 si;
2394 716 2488 774 Dei
2535 713 2773 770 Verbum
2799 712 2854 767 in
2874 708 3155 782 prophetis
3175 704 3509 777 ejuscemodi

1913 814 2151 871 locutum
2185 826 2330 880 esse,
2386 810 2518 882 quid
2568 808 2774 865 facient
2834 807 3024 863 hostes
3081 798 3328 858 Christi?
3378 794 3513 853 Ani-

1913 919 2131 962 mamne
2174 912 2231 961 et
2272 901 2661 961 cor'tribuent
2708 899 2846 965 Deo,
2890 905 2948 954 et
2993 894 3169 952 dolori
3206 902 3373 962 atque
3418 888 3513 944 ira

1912 996 2205 1054 obnoxium
2263 993 2430 1051 fuisse
2483 994 2703 1058 dicent,
2754 999 2812 1046 ut
2876 988 3012 1045 nihil
3065 984 3302 1057 amplius
3344 983 3510 1054 quam

1911 1090 2074 1146 homo
2096 1087 2356 1145 habuisse
2370 1087 2622 1143 videatur
2640 1082 2879 1140 Verbum
2909 1081 3003 1138 Dei
3028 1091 3245 1136 omnem
3262 1084 3510 1132 creatam

1912 1189 2161 1236 naturam
2189 1192 2456 1249 superans
2476 1216 2492 1243 ,
2520 1178 2776 1248 quodque
2803 1183 3015 1231 tantum
3046 1176 3132 1226 est
3161 1173 3401 1239 quantus
3425 1172 3513 1220 est

1915 1272 2031 1342 ipse
2064 1268 2269 1325 Pater?
2314 1266 2433 1324 Non
2478 1266 2702 1333 facient,
2747 1264 2976 1335 opinor;
3026 1259 3122 1316 sed
3170 1252 3437 1325 ejusmodi
3482 1266 3513 1307 a

1914 1361 2095 1418 Verbo
2113 1359 2260 1420 dicta
2279 1372 2403 1416 esse
2424 1355 2772 1413 aﬂrmahunt
2795 1350 3107 1423 ligtlrative,
3129 1346 3211 1402 vel
3237 1344 3515 1402 humiliter

1912 1467 2037 1509 cum
2064 1450 2398 1508 demissione
2438 1448 2544 1505 sui.
2591 1446 2651 1503 Si
2683 1460 2816 1518 ergo
2861 1442 3001 1499 Filio
3032 1441 3129 1497 Dei
3176 1435 3509 1511 ejuseemodi

1914 1544 2063 1599 dicta
2086 1549 2213 1600 ante
2242 1539 2674 1597 incarnationem
2703 1536 2931 1601 dicenti,
2959 1534 3207 1590 eamdem
3236 1542 3391 1587 suam
3430 1525 3514 1581 di-

1913 1634 2174 1705 gnitatem
2206 1646 2515 1699 servamus,
2570 1643 2749 1701 neque
2785 1627 2893 1683 ulla
2944 1626 3026 1682 vel
3064 1625 3170 1692 ira,
3204 1621 3288 1677 vel
3322 1616 3511 1675 dolore

1913 1725 2050 1782 adici
2085 1738 2392 1791 censemus,
2432 1722 2719 1792 omnisque
2765 1718 3039 1789 passionis
3080 1721 3360 1786 expertem
3389 1726 3512 1765 esse

1913 1815 2265 1883 aﬂlrmamus,
2286 1813 2502 1871 tametsi
2532 1811 2785 1869 utilitatis
2814 1807 3043 1878 alicujus
3058 1820 3222 1863 causa
3243 1804 3310 1859 iis
3336 1802 3513 1863 obnu-

1916 1908 2039 1966 sius
2070 1922 2192 1965 esse
2220 1911 2453 1977 tingatur
2483 1924 2498 1962 :
2536 1904 2807 1975 quomodo
2834 1917 2947 1959 non
2986 1898 3286 1958 absurdum
3321 1894 3510 1957 fuerit.

1916 2015 2038 2057 cum
2066 2000 2242 2057 factus
2273 1999 2346 2056 sit
2370 1998 2532 2057 homo
2569 2006 2626 2055 et
2663 2000 2720 2054 in
2749 2010 2975 2055 carnem
3004 1994 3074 2051 iis
3123 1987 3513 2049 aﬂ'ectionihus

1915 2091 2207 2150 obnoxiam
2238 2090 2601 2158 descenderit,
2636 2105 2746 2147 non
2781 2087 3084 2147 concedere
3108 2085 3190 2151 ei,
3216 2092 3278 2140 ut
3293 2079 3515 2139 etiamsi

1914 2182 2180 2256 ejusmodi
2225 2183 2392 2249 dicat,
2444 2183 2714 2254 passionis
2758 2192 2943 2240 tamen
2974 2180 3071 2237 'sit
3106 2191 3324 2247 expers,
3386 2186 3511 2230 cum

1916 2274 2238 2332 naturaliter
2260 2274 2350 2332 illa
2382 2275 2554 2331 insint
2581 2273 2757 2341 carni,
2786 2288 2955 2344 quam
2982 2285 3085 2344 pro
3113 2269 3272 2326 nobis
3297 2279 3514 2322 assumo

1916 2368 2044 2440 psit,
2080 2382 2204 2424 cum
2230 2366 2485 2424 omnibus
2516 2366 2637 2437 ejus
2667 2364 3011 2422 naturalibus
3050 2355 3517 2434 proprietatibus!

1920 2456 2136 2513 Homini
2204 2464 2386 2513 autem
2446 2456 2727 2528 proprium
2782 2464 2910 2520 est,
2975 2453 3105 2509 ﬂere
3154 2456 3211 2506 et
3274 2444 3513 2507 turbari,

1918 2562 2261 2621 mmroreque
2285 2548 2450 2618 aﬂici,
2478 2559 2535 2607 et
2562 2557 2793 2607 mortem
2823 2546 3141 2611 formidare,
3182 2541 3400 2611 aliaque
3430 2536 3516 2592 his

1916 2638 2114 2699 similia
2141 2640 2273 2713 pati.

2230 2793 2817 2890 ASSERTIO
2886 2794 3195 2885 XXV.

1922 2972 2090 3045 m
2125 2971 2195 3027 In
2242 2970 2884 3055 illudne-permagnum
2906 2966 3366 3055 omisisdrnaturc
3388 2964 3457 3030 “,
3488 2983 3523 3029 ι

2276 3044 2416 3112 quod
2452 3040 2626 3096 Filius
2650 3040 2757 3095 non
2785 3041 2852 3094 sit
2891 3046 3155 3093 creatura.

2350 3177 2585 3245 Objectio
2617 3176 2844 3231 hostium
2877 3174 3097 3230 Christi.

1999 3315 2058 3372 Si
2100 3312 2295 3378 Filius,
2332 3313 2606 3382 inquiunt,
2642 3327 2751 3369 non
2798 3318 2884 3368 est
2913 3318 3189 3375 creatura,
3225 3325 3335 3366 non
3370 3324 3520 3365 esset

1924 3413 2148 3462 vocatus
2203 3405 2598 3476 primogenitus
2650 3401 2833 3459 omnis
2878 3410 3147 3458 creatura
3207 3418 3222 3456 :
3280 3416 3405 3455 nam
3460 3412 3521 3455 ut

1924 3510 2175 3567 magnam
2210 3495 2376 3551 habet
2417 3511 2543 3549 cum
2591 3492 2863 3551 creaturis
2912 3491 3250 3559 affinitatem,
3299 3494 3518 3548 tametsi

1924 3589 2132 3659 primus
2162 3589 2214 3642 in
2247 3588 2313 3643 iis
2347 3597 2510 3658 atque
2527 3595 2654 3642 ante
2676 3599 2866 3642 omnes
2894 3583 2988 3651 sit,
3026 3582 3230 3640 idcirco
3252 3583 3395 3640 hanc
3417 3598 3517 3654 ap-

1925 3678 2270 3749 pellationem
2306 3688 2498 3735 nactus
2535 3688 2641 3734 est.

2443 3813 2650 3870 Salutio
2675 3814 2931 3885 Objection
2941 3814 3003 3868 is.

2000 3926 2224 3982 Difﬁcile
2252 3941 2356 3981 non
2389 3936 2473 3982 est
2507 3926 2843 3993 eiuscemodi
2864 3924 3263 3994 objectionihus
3298 3925 3520 3981 haereti-

1927 4033 2114 4073 cormn
2137 4018 2485 4086 respondere.
2512 4017 2642 4073 Illud
2673 4033 2803 4073 vero
2830 4018 3063 4089 primum
3086 4016 3372 4072 dicendum
3396 4025 3517 4073 est:

1927 4109 1982 4165 Si
2017 4124 2210 4165 nomen
2256 4110 2600 4180 pritnngeniti
2651 4109 2846 4165 Filium
2886 4110 2940 4163 in
2972 4107 3165 4165 eodem
3205 4122 3329 4164 cum
3361 4122 3522 4165 crea-

1930 4201 2067 4256 turis
2094 4200 2286 4255 ordine
2321 4201 2577 4266 collocat,
2612 4200 2818 4256 eximet
2841 4210 2993 4255 certe
3034 4198 3185 4254 illum
3219 4202 3288 4253 ab
3328 4213 3520 4254 earum

1928 4308 2156 4349 numero
2190 4292 2462 4363 Unigeniti
2492 4291 2803 4362 appellatio.
2834 4291 3302 4358 Quemadmodum
3356 4290 3523 4361 igitur

1930 4398 2091 4440 nemo
2120 4384 2532 4453 primogenitus,
2561 4382 2666 4437 nisi
2695 4382 2892 4436 multos
2919 4380 3116 4436 haheat
3136 4379 3350 4446 fratres,
3379 4379 3525 4436 inter

1928 4490 2067 4546 quos
2103 4476 2218 4545 ipse
2255 4474 2327 4530 sit
2357 4474 2751 4545 primogenitus
2790 4490 2805 4527 :
2838 4475 2911 4527 ita
2941 4471 3106 4528 etiam
3156 4486 3320 4526 nemo
3357 4470 3525 4527 fuerit

1857 4590 1904 4646 ι)
1930 4566 2263 4634 unigenitus,
2299 4564 2403 4619 nisi
2438 4564 2509 4619 sit
2534 4563 2703 4628 solus,
2732 4562 2960 4633 aliisque
2984 4576 3089 4617 non
3112 4572 3520 4619 annumeretur.

1937 4657 2220 4725 Quomodo
2246 4671 2379 4727 ergo
2412 4656 2572 4713 simul
2608 4665 2692 4713 est
2735 4667 2789 4713 et
2818 4655 3215 4727 primogenitus
3244 4663 3299 4709 et
3330 4654 3523 4729 unige-

1937 4746 2127 4801 nitus‘l
2160 4744 2394 4801 Necesse
2435 4746 2581 4802 enim
2618 4753 2677 4801 ut
2717 4755 2810 4801 aut
2848 4745 2975 4810 hoc,
3017 4754 3113 4801 aut
3151 4744 3283 4800 illud
3316 4731 3522 4801 vincat.

1935 4836 2070 4891 Cum
2100 4852 2230 4893 vero
2261 4838 2541 4908 Scriptura
2586 4848 2817 4908 utroque
2852 4837 3069 4893 nomine
3112 4852 3235 4892 eum
3270 4836 3524 4907 appellet,

1939 4927 2252 4981 necessario
2268 4928 2620 4996 quaerendum
2650 4936 2736 4982 est
2760 4927 2829 4981 ab
2847 4926 3100 4981 omnibus
3125 4925 3217 4997 qui
3241 4926 3528 4995 diligenter

1933 5017 1988 5074 in
2021 5018 2197 5075 sacris
2237 5018 2537 5088 Scripturis
2569 5026 2879 5084 versantur,
2923 5033 3158 5087 quanam
3209 5018 3426 5074 ratione
3453 5019 3527 5074 sit

1933 5106 2349 5180 prilnosenitus,
2399 5117 2455 5164 et
2490 5121 2727 5177 quanam
2770 5108 2982 5163 ratione
3016 5107 3353 5179 unigenitus.
3391 5105 3492 5164 Uni

1936 5200 2151 5271 genitus
2182 5198 2365 5269 itaque
2397 5198 2619 5265 dicitur,
2646 5207 2919 5270 quatenus
2947 5206 3031 5254 est
3057 5196 3392 5269 Verbumiex
3419 5196 3522 5254 Pa-

1937 5300 2042 5356 tre,
2077 5290 2277 5347 fratres
2311 5291 2609 5347 secundum
2653 5302 2905 5349 naturam
2942 5306 3048 5346 non
3084 5291 3313 5360 habens,
3347 5305 3525 5359 neque

1936 5382 2093 5438 alteri
2122 5383 2355 5454 cuipiam
2382 5392 2775 5443 annumeratus
2800 5400 2815 5439 :
2845 5397 2985 5437 unus
3011 5390 3097 5437 est
3127 5384 3272 5437 enim
3295 5392 3351 5437 et
3380 5382 3529 5437 solus

1936 5474 2106 5529 Filius
2136 5475 2228 5530 Dei
2263 5494 2276 5529 :
2316 5474 2709 5546 primogenitus
2741 5489 2869 5530 vero
2898 5489 3005 5529 non
3036 5474 3381 5544 simpliciter,
3428 5475 3527 5530 sed

1942 5568 1995 5624 in
2026 5566 2207 5620 multis
2240 5564 2533 5631 fratribus,
2566 5574 2626 5620 ut
2651 5565 2915 5637 scriptum
2948 5575 3033 5622 est
3061 5565 3129 5620 υ.
3164 5566 3394 5631 Quando
3426 5565 3528 5635 igi-

1944 5669 2029 5712 tur
2083 5656 2258 5711 factus
2306 5665 2387 5711 est
2425 5665 2608 5712 noster
2656 5656 2847 5723 frater,
2896 5658 2999 5713 nisi
3045 5656 3265 5726 quando
3307 5671 3535 5721 carnem

318 5844 361 5877 ⁸⁸
393 5842 597 5897 lcrem.
647 5854 721 5907 ιχ,
755 5837 808 5894 9.
884 5841 929 5873 "
961 5840 1167 5897 Coloss.
1209 5857 1247 5906 ι,
1292 5842 1370 5895 15.
1454 5841 1495 5873 θ’
1538 5841 1693 5895 Heln.
1728 5858 1844 5902 vm,
1882 5839 1969 5894 ‘29.
