  <div class='ocr_page' id='page_1' title='image "/cluster/home/n/w/nwhite01/storage/ocr_20150623/75/pst.000005712748/218.png"; bbox 0 0 3986 6320; ppageno 0'>
   <div class='ocr_carea' id='block_1_1' title="bbox 242 452 347 518">
    <p class='ocr_par' dir='ltr' id='par_1_1' title="bbox 242 452 347 518">
     <span class='ocr_line' id='line_1_1' title="bbox 242 452 347 518; baseline -0.067 0"><span class='ocrx_word' id='word_1_1' title='bbox 242 452 347 518; x_wconf 68' lang='grc' dir='ltr'><strong>ωε</strong></span> 
     </span>
    </p>
   </div>
   <div class='ocr_carea' id='block_1_2' title="bbox 1671 434 2118 494">
    <p class='ocr_par' dir='ltr' id='par_1_2' title="bbox 1671 434 2118 494">
     <span class='ocr_line' id='line_1_2' title="bbox 1671 434 2118 494; baseline -0.002 0"><span class='ocrx_word' id='word_1_2' title='bbox 1671 434 2118 494; x_wconf 73' lang='grc' dir='ltr'><strong>τιιεεΑυιιυδ.</strong></span> 
     </span>
    </p>
   </div>
   <div class='ocr_carea' id='block_1_3' title="bbox 3424 424 3531 487">
    <p class='ocr_par' dir='ltr' id='par_1_3' title="bbox 3424 424 3531 487">
     <span class='ocr_line' id='line_1_3' title="bbox 3424 424 3531 487; baseline 0 -2"><span class='ocrx_word' id='word_1_3' title='bbox 3424 424 3531 487; x_wconf 78' lang='grc' dir='ltr'><strong>ιοσ</strong></span> 
     </span>
    </p>
   </div>
   <div class='ocr_carea' id='block_1_4' title="bbox 235 554 1861 639">
    <p class='ocr_par' dir='ltr' id='par_1_4' title="bbox 235 564 1861 639">
     <span class='ocr_line' id='line_1_4' title="bbox 235 564 1861 639; baseline -0.008 -9"><span class='ocrx_word' id='word_1_4' title='bbox 235 575 481 637; x_wconf 80' lang='grc' dir='ltr'><strong>τότοκος,</strong></span> <span class='ocrx_word' id='word_1_5' title='bbox 535 572 639 639; x_wconf 69' lang='grc' dir='ltr'><strong>ἔξω</strong></span> <span class='ocrx_word' id='word_1_6' title='bbox 685 572 789 625; x_wconf 79' lang='grc' dir='ltr'><strong>τῶν</strong></span> <span class='ocrx_word' id='word_1_7' title='bbox 825 570 1041 623; x_wconf 86' lang='grc' dir='ltr'><strong>πάντων</strong></span> <span class='ocrx_word' id='word_1_8' title='bbox 1069 568 1231 621; x_wconf 72' lang='grc' dir='ltr'><strong>αὑτὸν</strong></span> <span class='ocrx_word' id='word_1_9' title='bbox 1260 566 1472 620; x_wconf 68' lang='grc' dir='ltr'><strong>κεῖσθαι</strong></span> <span class='ocrx_word' id='word_1_10' title='bbox 1502 564 1819 635; x_wconf 70' lang='grc' dir='ltr'><strong>νοήσαιμεν,</strong></span> <span class='ocrx_word' id='word_1_11' title='bbox 1852 597 1861 617; x_wconf 70' lang='grc' dir='ltr'><em>Α</em></span> 
     </span>
    </p>
   </div>
   <div class='ocr_carea' id='block_1_5' title="bbox 1973 554 3531 639">
    <p class='ocr_par' dir='ltr' id='par_1_5' title="bbox 1973 554 3531 629">
     <span class='ocr_line' id='line_1_5' title="bbox 1973 554 3531 629; baseline -0.006 -16"><span class='ocrx_word' id='word_1_12' title='bbox 1973 560 2052 613; x_wconf 86' lang='lat' dir='ltr'><strong>uia</strong></span> <span class='ocrx_word' id='word_1_13' title='bbox 2083 558 2480 629; x_wconf 80' lang='lat' dir='ltr'><strong>primogenitus</strong></span> <span class='ocrx_word' id='word_1_14' title='bbox 2505 564 2587 610; x_wconf 85' lang='lat' dir='ltr'><strong>est</strong></span> <span class='ocrx_word' id='word_1_15' title='bbox 2617 554 2797 610; x_wconf 82' lang='lat' dir='ltr'><strong>omnis</strong></span> <span class='ocrx_word' id='word_1_16' title='bbox 2832 559 3122 615; x_wconf 74' lang='lat' dir='ltr'><strong>creaturae,</strong></span> <span class='ocrx_word' id='word_1_17' title='bbox 3154 555 3309 603; x_wconf 75' lang='lat' dir='ltr'><strong>extra</strong></span> <span class='ocrx_word' id='word_1_18' title='bbox 3339 562 3531 604; x_wconf 76' lang='lat' dir='ltr'><strong>attines</strong></span> 
     </span>
    </p>
   </div>
   <div class='ocr_carea' id='block_1_6' title="bbox 239 655 1827 740">
    <p class='ocr_par' dir='ltr' id='par_1_6' title="bbox 239 655 1827 740">
     <span class='ocr_line' id='line_1_6' title="bbox 239 655 1827 740; baseline -0.008 -19"><span class='ocrx_word' id='word_1_19' title='bbox 239 667 461 740; x_wconf 82' lang='grc' dir='ltr'><strong>πρῶτος</strong></span> <span class='ocrx_word' id='word_1_20' title='bbox 486 666 638 719; x_wconf 76' lang='grc' dir='ltr'><strong>ἔσται</strong></span> <span class='ocrx_word' id='word_1_21' title='bbox 659 664 769 717; x_wconf 83' lang='grc' dir='ltr'><strong>τῶν</strong></span> <span class='ocrx_word' id='word_1_22' title='bbox 790 664 1030 717; x_wconf 82' lang='grc' dir='ltr'><strong>πάντων.</strong></span> <span class='ocrx_word' id='word_1_23' title='bbox 1052 661 1115 715; x_wconf 82' lang='lat' dir='ltr'><strong>Ei</strong></span> <span class='ocrx_word' id='word_1_24' title='bbox 1146 660 1202 714; x_wconf 71' lang='grc' dir='ltr'><strong>δι</strong></span> <span class='ocrx_word' id='word_1_25' title='bbox 1228 662 1339 725; x_wconf 83' lang='grc' dir='ltr'><strong>τοῖς</strong></span> <span class='ocrx_word' id='word_1_26' title='bbox 1370 660 1505 713; x_wconf 74' lang='grc' dir='ltr'><strong>πᾶσι</strong></span> <span class='ocrx_word' id='word_1_27' title='bbox 1535 657 1631 712; x_wconf 80' lang='grc' dir='ltr'><strong>καὶ</strong></span> <span class='ocrx_word' id='word_1_28' title='bbox 1665 655 1827 719; x_wconf 74' lang='grc' dir='ltr'><strong>αὐτὸς</strong></span> 
     </span>
    </p>
   </div>
   <div class='ocr_carea' id='block_1_7' title="bbox 242 750 1822 830">
    <p class='ocr_par' dir='ltr' id='par_1_7' title="bbox 242 750 1822 830">
     <span class='ocr_line' id='line_1_7' title="bbox 242 750 1822 830; baseline -0.006 -17"><span class='ocrx_word' id='word_1_29' title='bbox 242 758 703 830; x_wconf 84' lang='grc' dir='ltr'><strong>συνταχθήσεται,</strong></span> <span class='ocrx_word' id='word_1_30' title='bbox 734 752 928 809; x_wconf 81' lang='grc' dir='ltr'><strong>ἑαυτὸῦ</strong></span> <span class='ocrx_word' id='word_1_31' title='bbox 960 753 1100 808; x_wconf 88' lang='grc' dir='ltr'><strong>κατά</strong></span> <span class='ocrx_word' id='word_1_32' title='bbox 1128 753 1319 825; x_wconf 85' lang='grc' dir='ltr'><strong>χρόνον</strong></span> <span class='ocrx_word' id='word_1_33' title='bbox 1348 752 1503 805; x_wconf 76' lang='grc' dir='ltr'><strong>ἔσται</strong></span> <span class='ocrx_word' id='word_1_34' title='bbox 1539 750 1789 821; x_wconf 74' lang='grc' dir='ltr'><strong>δεύτερος</strong></span> <span class='ocrx_word' id='word_1_35' title='bbox 1811 768 1822 777; x_wconf 93' lang='grc'><strong>·</strong></span> 
     </span>
    </p>
   </div>
   <div class='ocr_carea' id='block_1_8' title="bbox 242 842 1829 921">
    <p class='ocr_par' dir='ltr' id='par_1_8' title="bbox 242 842 1829 921">
     <span class='ocr_line' id='line_1_8' title="bbox 242 842 1829 921; baseline -0.006 -18"><span class='ocrx_word' id='word_1_36' title='bbox 242 850 463 921; x_wconf 79' lang='grc' dir='ltr'><strong>πρῶτος</strong></span> <span class='ocrx_word' id='word_1_37' title='bbox 513 850 610 918; x_wconf 67' lang='grc' dir='ltr'><strong>μὲν</strong></span> <span class='ocrx_word' id='word_1_38' title='bbox 658 849 777 901; x_wconf 85' lang='grc' dir='ltr'><strong>κατ’</strong></span> <span class='ocrx_word' id='word_1_39' title='bbox 806 849 1015 900; x_wconf 68' lang='grc' dir='ltr'><strong>ἐκεῖνον</strong></span> <span class='ocrx_word' id='word_1_40' title='bbox 1060 844 1150 898; x_wconf 79' lang='grc' dir='ltr'><strong>τὸν</strong></span> <span class='ocrx_word' id='word_1_41' title='bbox 1208 842 1432 915; x_wconf 81' lang='grc' dir='ltr'><strong>τρόπον,</strong></span> <span class='ocrx_word' id='word_1_42' title='bbox 1477 842 1731 913; x_wconf 82' lang='grc' dir='ltr'><strong>δεύτερος</strong></span> <span class='ocrx_word' id='word_1_43' title='bbox 1772 842 1829 894; x_wconf 73' lang='grc' dir='ltr'><strong>δὲ</strong></span> 
     </span>
    </p>
   </div>
   <div class='ocr_carea' id='block_1_9' title="bbox 248 936 629 999">
    <p class='ocr_par' dir='ltr' id='par_1_9' title="bbox 248 936 629 999">
     <span class='ocr_line' id='line_1_9' title="bbox 248 936 629 999; baseline -0.005 -9"><span class='ocrx_word' id='word_1_44' title='bbox 248 937 396 999; x_wconf 72' lang='grc' dir='ltr'><strong>κατά</strong></span> <span class='ocrx_word' id='word_1_45' title='bbox 424 936 629 991; x_wconf 76' lang='grc' dir='ltr'><strong>τοῦτον.</strong></span> 
     </span>
    </p>
   </div>
   <div class='ocr_carea' id='block_1_10' title="bbox 927 1144 1130 1198">
    <p class='ocr_par' dir='ltr' id='par_1_10' title="bbox 927 1144 1130 1198">
     <span class='ocr_line' id='line_1_10' title="bbox 927 1144 1130 1198; baseline 0 -2"><span class='ocrx_word' id='word_1_46' title='bbox 927 1144 1130 1198; x_wconf 82' lang='lat' dir='ltr'><strong>AAAO.</strong></span> 
     </span>
    </p>
   </div>
   <div class='ocr_carea' id='block_1_11' title="bbox 323 1253 1832 1325">
    <p class='ocr_par' dir='ltr' id='par_1_11' title="bbox 323 1253 1832 1325">
     <span class='ocr_line' id='line_1_11' title="bbox 323 1253 1832 1325; baseline -0.005 -11"><span class='ocrx_word' id='word_1_47' title='bbox 323 1262 385 1316; x_wconf 78' lang='grc' dir='ltr'><strong>Εί</strong></span> <span class='ocrx_word' id='word_1_48' title='bbox 416 1259 506 1317; x_wconf 77' lang='grc' dir='ltr'><strong>διὰ</strong></span> <span class='ocrx_word' id='word_1_49' title='bbox 554 1258 619 1312; x_wconf 62' lang='lat' dir='ltr'><strong>es</strong></span> <span class='ocrx_word' id='word_1_50' title='bbox 662 1256 941 1311; x_wconf 77' lang='grc' dir='ltr'><strong>καλεῖσθαι</strong></span> <span class='ocrx_word' id='word_1_51' title='bbox 985 1256 1329 1325; x_wconf 86' lang='grc' dir='ltr'><strong>πρωτότοκος</strong></span> <span class='ocrx_word' id='word_1_52' title='bbox 1360 1254 1544 1324; x_wconf 79' lang='grc' dir='ltr'><strong>πάσης</strong></span> <span class='ocrx_word' id='word_1_53' title='bbox 1577 1253 1832 1318; x_wconf 77' lang='grc' dir='ltr'><strong>κτίσεως,</strong></span> 
     </span>
    </p>
   </div>
   <div class='ocr_carea' id='block_1_12' title="bbox 249 1346 1837 1419">
    <p class='ocr_par' dir='ltr' id='par_1_12' title="bbox 249 1346 1837 1419">
     <span class='ocr_line' id='line_1_12' title="bbox 249 1346 1837 1419; baseline -0.005 -12"><span class='ocrx_word' id='word_1_54' title='bbox 249 1349 335 1416; x_wconf 70' lang='grc' dir='ltr'><strong>εἷς</strong></span> <span class='ocrx_word' id='word_1_55' title='bbox 353 1352 507 1406; x_wconf 71' lang='grc' dir='ltr'><strong>ἔσται</strong></span> <span class='ocrx_word' id='word_1_56' title='bbox 538 1350 631 1404; x_wconf 68' lang='grc' dir='ltr'><strong>καί</strong></span> <span class='ocrx_word' id='word_1_57' title='bbox 660 1350 824 1412; x_wconf 78' lang='grc' dir='ltr'><strong>αὐτὸς</strong></span> <span class='ocrx_word' id='word_1_58' title='bbox 844 1348 954 1406; x_wconf 81' lang='grc' dir='ltr'><strong>τῶν</strong></span> <span class='ocrx_word' id='word_1_59' title='bbox 984 1347 1322 1419; x_wconf 74' lang='grc' dir='ltr'><strong>κτισμάτων,</strong></span> <span class='ocrx_word' id='word_1_60' title='bbox 1345 1347 1537 1417; x_wconf 73' lang='grc' dir='ltr'><strong>γέγονε</strong></span> <span class='ocrx_word' id='word_1_61' title='bbox 1571 1346 1628 1400; x_wconf 80' lang='grc' dir='ltr'><strong>δὲ</strong></span> <span class='ocrx_word' id='word_1_62' title='bbox 1660 1347 1837 1400; x_wconf 83' lang='grc' dir='ltr'><strong>πάντα</strong></span> 
     </span>
    </p>
   </div>
   <div class='ocr_carea' id='block_1_13' title="bbox 248 1440 1839 1515">
    <p class='ocr_par' dir='ltr' id='par_1_13' title="bbox 248 1440 1839 1515">
     <span class='ocr_line' id='line_1_13' title="bbox 248 1440 1839 1515; baseline -0.004 -14"><span class='ocrx_word' id='word_1_63' title='bbox 248 1447 319 1501; x_wconf 79' lang='grc' dir='ltr'><strong>δι’</strong></span> <span class='ocrx_word' id='word_1_64' title='bbox 350 1445 539 1510; x_wconf 80' lang='grc' dir='ltr'><strong>αὑτοῦ,</strong></span> <span class='ocrx_word' id='word_1_65' title='bbox 574 1441 770 1497; x_wconf 74' lang='grc' dir='ltr'><strong>ἑαυτοῦ</strong></span> <span class='ocrx_word' id='word_1_66' title='bbox 799 1441 1028 1515; x_wconf 82' lang='grc' dir='ltr'><strong>ποιητὴς</strong></span> <span class='ocrx_word' id='word_1_67' title='bbox 1077 1441 1231 1495; x_wconf 73' lang='grc' dir='ltr'><strong>ἔσται</strong></span> <span class='ocrx_word' id='word_1_68' title='bbox 1253 1481 1266 1506; x_wconf 90' lang='grc'><strong>,</strong></span> <span class='ocrx_word' id='word_1_69' title='bbox 1313 1440 1435 1495; x_wconf 79' lang='grc' dir='ltr'><strong>καθ’</strong></span> <span class='ocrx_word' id='word_1_70' title='bbox 1485 1441 1651 1511; x_wconf 80' lang='grc' dir='ltr'><strong>ὑμᾶς,</strong></span> <span class='ocrx_word' id='word_1_71' title='bbox 1686 1440 1781 1494; x_wconf 74' lang='grc' dir='ltr'><strong>καὶ</strong></span> <span class='ocrx_word' id='word_1_72' title='bbox 1810 1442 1839 1494; x_wconf 82' lang='grc' dir='ltr'>ὁ</span> 
     </span>
    </p>
   </div>
   <div class='ocr_carea' id='block_1_14' title="bbox 253 1533 1840 1605">
    <p class='ocr_par' dir='ltr' id='par_1_14' title="bbox 253 1533 1840 1605">
     <span class='ocr_line' id='line_1_14' title="bbox 253 1533 1840 1605; baseline -0.003 -14"><span class='ocrx_word' id='word_1_73' title='bbox 253 1537 457 1602; x_wconf 77' lang='grc' dir='ltr'><strong>κτίζων</strong></span> <span class='ocrx_word' id='word_1_74' title='bbox 479 1536 749 1601; x_wconf 75' lang='grc' dir='ltr'><strong>κτίζεται,</strong></span> <span class='ocrx_word' id='word_1_75' title='bbox 774 1536 869 1591; x_wconf 80' lang='grc' dir='ltr'><strong>καὶ</strong></span> <span class='ocrx_word' id='word_1_76' title='bbox 896 1533 1055 1589; x_wconf 80' lang='grc' dir='ltr'><strong>τοῦτο</strong></span> <span class='ocrx_word' id='word_1_77' title='bbox 1084 1535 1153 1589; x_wconf 83' lang='grc' dir='ltr'><strong>δι’</strong></span> <span class='ocrx_word' id='word_1_78' title='bbox 1184 1533 1402 1589; x_wconf 72' lang='grc' dir='ltr'><strong>ἑαυτοῦ.</strong></span> <span class='ocrx_word' id='word_1_79' title='bbox 1427 1535 1490 1587; x_wconf 83' lang='lat' dir='ltr'><strong>Ei</strong></span> <span class='ocrx_word' id='word_1_80' title='bbox 1514 1534 1623 1605; x_wconf 83' lang='grc' dir='ltr'><strong>γάρ</strong></span> <span class='ocrx_word' id='word_1_81' title='bbox 1642 1534 1703 1587; x_wconf 66' lang='grc' dir='ltr'><strong>ἐν</strong></span> <span class='ocrx_word' id='word_1_82' title='bbox 1728 1534 1840 1597; x_wconf 80' lang='grc' dir='ltr'><strong>τοίς</strong></span> 
     </span>
    </p>
   </div>
   <div class='ocr_carea' id='block_1_15' title="bbox 253 1625 1843 1698">
    <p class='ocr_par' dir='ltr' id='par_1_15' title="bbox 253 1625 1843 1698">
     <span class='ocr_line' id='line_1_15' title="bbox 253 1625 1843 1698; baseline -0.001 -19"><span class='ocrx_word' id='word_1_83' title='bbox 253 1628 426 1681; x_wconf 74' lang='grc' dir='ltr'><strong>πᾶσίν</strong></span> <span class='ocrx_word' id='word_1_84' title='bbox 460 1628 579 1682; x_wconf 81' lang='grc' dir='ltr'><strong>ἐστι</strong></span> <span class='ocrx_word' id='word_1_85' title='bbox 613 1628 703 1681; x_wconf 71' lang='grc' dir='ltr'><strong>καὶ</strong></span> <span class='ocrx_word' id='word_1_86' title='bbox 738 1627 917 1680; x_wconf 85' lang='grc' dir='ltr'><strong>πάντα</strong></span> <span class='ocrx_word' id='word_1_87' title='bbox 943 1626 1010 1680; x_wconf 84' lang='grc' dir='ltr'><strong>δι’</strong></span> <span class='ocrx_word' id='word_1_88' title='bbox 1040 1625 1227 1691; x_wconf 78' lang='grc' dir='ltr'><strong>αὑτοῦ,</strong></span> <span class='ocrx_word' id='word_1_89' title='bbox 1263 1626 1465 1698; x_wconf 77' lang='grc' dir='ltr'><strong>ἀληθὲς</strong></span> <span class='ocrx_word' id='word_1_90' title='bbox 1500 1626 1651 1680; x_wconf 71' lang='grc' dir='ltr'><strong>ἔσται</strong></span> <span class='ocrx_word' id='word_1_91' title='bbox 1678 1626 1740 1679; x_wconf 80' lang='grc' dir='ltr'><strong>τὸ</strong></span> <span class='ocrx_word' id='word_1_92' title='bbox 1768 1627 1843 1678; x_wconf 85' lang='grc' dir='ltr'><strong>εί-</strong></span> 
     </span>
    </p>
   </div>
   <div class='ocr_carea' id='block_1_16' title="bbox 255 1718 1840 1791">
    <p class='ocr_par' dir='ltr' id='par_1_16' title="bbox 255 1718 1840 1791">
     <span class='ocr_line' id='line_1_16' title="bbox 255 1718 1840 1791; baseline 0.001 -19"><span class='ocrx_word' id='word_1_93' title='bbox 255 1719 520 1791; x_wconf 82' lang='grc' dir='ltr'><strong>ρημὲνον.</strong></span> <span class='ocrx_word' id='word_1_94' title='bbox 569 1720 683 1774; x_wconf 73' lang='grc' dir='ltr'><strong>Καὶ</strong></span> <span class='ocrx_word' id='word_1_95' title='bbox 708 1720 755 1772; x_wconf 83' lang='grc' dir='ltr'><strong>εί</strong></span> <span class='ocrx_word' id='word_1_96' title='bbox 787 1720 936 1778; x_wconf 81' lang='grc' dir='ltr'><strong>πᾶσα</strong></span> <span class='ocrx_word' id='word_1_97' title='bbox 966 1720 1000 1790; x_wconf 78' lang='grc' dir='ltr'><strong>ἡ</strong></span> <span class='ocrx_word' id='word_1_98' title='bbox 1035 1720 1214 1782; x_wconf 78' lang='grc' dir='ltr'><strong>κτίσις</strong></span> <span class='ocrx_word' id='word_1_99' title='bbox 1253 1720 1310 1773; x_wconf 82' lang='grc' dir='ltr'><strong>ὲν</strong></span> <span class='ocrx_word' id='word_1_100' title='bbox 1336 1718 1482 1789; x_wconf 78' lang='grc' dir='ltr'><strong>αὐτῷ</strong></span> <span class='ocrx_word' id='word_1_101' title='bbox 1517 1719 1840 1790; x_wconf 77' lang='grc' dir='ltr'><strong>συνέστηκε,</strong></span> 
     </span>
    </p>
   </div>
   <div class='ocr_carea' id='block_1_17' title="bbox 256 1805 1844 1877">
    <p class='ocr_par' dir='ltr' id='par_1_17' title="bbox 256 1805 1844 1877">
     <span class='ocr_line' id='line_1_17' title="bbox 256 1805 1844 1877; baseline -0.001 -12"><span class='ocrx_word' id='word_1_102' title='bbox 256 1812 376 1876; x_wconf 82' lang='grc' dir='ltr'><strong>πῶς</strong></span> <span class='ocrx_word' id='word_1_103' title='bbox 418 1805 502 1876; x_wconf 78' lang='grc' dir='ltr'><strong>εἷς</strong></span> <span class='ocrx_word' id='word_1_104' title='bbox 532 1810 639 1864; x_wconf 82' lang='grc' dir='ltr'><strong>τῶν</strong></span> <span class='ocrx_word' id='word_1_105' title='bbox 681 1810 899 1865; x_wconf 85' lang='grc' dir='ltr'><strong>πάντων</strong></span> <span class='ocrx_word' id='word_1_106' title='bbox 928 1806 1066 1865; x_wconf 75' lang='grc' dir='ltr'><strong>εἶναι</strong></span> <span class='ocrx_word' id='word_1_107' title='bbox 1104 1810 1355 1877; x_wconf 79' lang='grc' dir='ltr'><strong>δύναται,</strong></span> <span class='ocrx_word' id='word_1_108' title='bbox 1398 1812 1427 1865; x_wconf 80' lang='grc' dir='ltr'>ὁ</span> <span class='ocrx_word' id='word_1_109' title='bbox 1460 1813 1575 1874; x_wconf 80' lang='grc' dir='ltr'><strong>τοῖς</strong></span> <span class='ocrx_word' id='word_1_110' title='bbox 1615 1811 1751 1870; x_wconf 70' lang='grc' dir='ltr'><strong>πᾶσι</strong></span> <span class='ocrx_word' id='word_1_111' title='bbox 1782 1810 1844 1869; x_wconf 80' lang='grc' dir='ltr'><strong>τὸ</strong></span> 
     </span>
    </p>
   </div>
   <div class='ocr_carea' id='block_1_18' title="bbox 259 1904 807 1970">
    <p class='ocr_par' dir='ltr' id='par_1_18' title="bbox 259 1904 807 1970">
     <span class='ocr_line' id='line_1_18' title="bbox 259 1904 807 1970; baseline 0.004 -14"><span class='ocrx_word' id='word_1_112' title='bbox 259 1905 581 1959; x_wconf 77' lang='grc' dir='ltr'><strong>συνεστάναι</strong></span> <span class='ocrx_word' id='word_1_113' title='bbox 603 1904 807 1970; x_wconf 57' lang='grc' dir='ltr'><strong>διδούς</strong></span> 
     </span>
    </p>
   </div>
   <div class='ocr_carea' id='block_1_19' title="bbox 258 2099 1846 2173">
    <p class='ocr_par' dir='ltr' id='par_1_19' title="bbox 258 2099 1846 2173">
     <span class='ocr_line' id='line_1_19' title="bbox 258 2099 1846 2173; baseline 0.004 -21"><span class='ocrx_word' id='word_1_114' title='bbox 258 2100 444 2157; x_wconf 74' lang='grc' dir='ltr'><strong>ΑΛΛΟ</strong></span> <span class='ocrx_word' id='word_1_115' title='bbox 482 2099 950 2173; x_wconf 76' lang='grc' dir='ltr'><strong>διηγηματικῶς,</strong></span> <span class='ocrx_word' id='word_1_116' title='bbox 985 2102 1137 2156; x_wconf 80' lang='grc' dir='ltr'><strong>κατὰ</strong></span> <span class='ocrx_word' id='word_1_117' title='bbox 1185 2102 1299 2170; x_wconf 77' lang='grc' dir='ltr'><strong>τὴν</strong></span> <span class='ocrx_word' id='word_1_118' title='bbox 1337 2104 1560 2171; x_wconf 78' lang='grc' dir='ltr'><strong>εὐσεσῆ</strong></span> <span class='ocrx_word' id='word_1_119' title='bbox 1604 2106 1846 2173; x_wconf 78' lang='grc' dir='ltr'><strong>νόησιν,</strong></span> 
     </span>
    </p>
   </div>
   <div class='ocr_carea' id='block_1_20' title="bbox 526 2171 1577 2241">
    <p class='ocr_par' dir='ltr' id='par_1_20' title="bbox 526 2171 1577 2241">
     <span class='ocr_line' id='line_1_20' title="bbox 526 2171 1577 2241; baseline 0.003 -17"><span class='ocrx_word' id='word_1_120' title='bbox 526 2173 657 2225; x_wconf 81' lang='grc' dir='ltr'><strong>καθ’</strong></span> <span class='ocrx_word' id='word_1_121' title='bbox 696 2171 774 2239; x_wconf 80' lang='grc' dir='ltr'><strong>ἢν</strong></span> <span class='ocrx_word' id='word_1_122' title='bbox 796 2172 1016 2226; x_wconf 86' lang='grc' dir='ltr'><strong>νοεῖται</strong></span> <span class='ocrx_word' id='word_1_123' title='bbox 1048 2191 1065 2223; x_wconf 87' lang='lat' dir='ltr'><strong>t</strong></span> <span class='ocrx_word' id='word_1_124' title='bbox 1105 2174 1517 2241; x_wconf 79' lang='grc' dir='ltr'><strong>Πρωτότοκος.</strong></span> <span class='ocrx_word' id='word_1_125' title='bbox 1557 2192 1577 2227; x_wconf 72' lang='grc' dir='ltr'><strong>ι</strong></span> 
     </span>
    </p>
   </div>
   <div class='ocr_carea' id='block_1_21' title="bbox 334 2284 1850 2358">
    <p class='ocr_par' dir='ltr' id='par_1_21' title="bbox 334 2284 1850 2358">
     <span class='ocr_line' id='line_1_21' title="bbox 334 2284 1850 2358; baseline 0.003 -20"><span class='ocrx_word' id='word_1_126' title='bbox 334 2284 686 2354; x_wconf 61' lang='grc' dir='ltr'><strong>Πρωτιὴοκος</strong></span> <span class='ocrx_word' id='word_1_127' title='bbox 729 2286 786 2338; x_wconf 80' lang='grc' dir='ltr'><strong>ὲν</strong></span> <span class='ocrx_word' id='word_1_128' title='bbox 834 2286 1049 2349; x_wconf 77' lang='grc' dir='ltr'><strong>πολλοῖς</strong></span> <span class='ocrx_word' id='word_1_129' title='bbox 1098 2286 1385 2357; x_wconf 79' lang='grc' dir='ltr'><strong>ἀδελφοῖς,</strong></span> <span class='ocrx_word' id='word_1_130' title='bbox 1438 2288 1575 2342; x_wconf 82' lang='grc' dir='ltr'><strong>καθὸ</strong></span> <span class='ocrx_word' id='word_1_131' title='bbox 1626 2288 1850 2358; x_wconf 70' lang='grc' dir='ltr'><strong>γέγονεν</strong></span> 
     </span>
    </p>
   </div>
   <div class='ocr_carea' id='block_1_22' title="bbox 261 2377 1855 2451">
    <p class='ocr_par' dir='ltr' id='par_1_22' title="bbox 261 2377 1855 2451">
     <span class='ocr_line' id='line_1_22' title="bbox 261 2377 1855 2451; baseline 0.004 -20"><span class='ocrx_word' id='word_1_132' title='bbox 261 2378 449 2447; x_wconf 79' lang='grc' dir='ltr'><strong>ὅμοιος</strong></span> <span class='ocrx_word' id='word_1_133' title='bbox 488 2377 646 2448; x_wconf 80' lang='grc' dir='ltr'><strong>ἡμῶν</strong></span> <span class='ocrx_word' id='word_1_134' title='bbox 672 2378 810 2430; x_wconf 80' lang='grc' dir='ltr'><strong>κατά</strong></span> <span class='ocrx_word' id='word_1_135' title='bbox 845 2379 1021 2433; x_wconf 88' lang='grc' dir='ltr'><strong>πάντα</strong></span> <span class='ocrx_word' id='word_1_136' title='bbox 1054 2380 1227 2450; x_wconf 73' lang='grc' dir='ltr'><strong>χωρίς</strong></span> <span class='ocrx_word' id='word_1_137' title='bbox 1256 2381 1558 2451; x_wconf 82' lang='grc' dir='ltr'><strong>ἁμαρτίας,</strong></span> <span class='ocrx_word' id='word_1_138' title='bbox 1595 2382 1686 2435; x_wconf 70' lang='grc' dir='ltr'><strong>καὶ</strong></span> <span class='ocrx_word' id='word_1_139' title='bbox 1717 2382 1855 2437; x_wconf 78' lang='grc' dir='ltr'><strong>καθὸ</strong></span> 
     </span>
    </p>
   </div>
   <div class='ocr_carea' id='block_1_23' title="bbox 263 2468 1851 2547">
    <p class='ocr_par' dir='ltr' id='par_1_23' title="bbox 263 2468 1851 2547">
     <span class='ocr_line' id='line_1_23' title="bbox 263 2468 1851 2547; baseline 0.004 -27"><span class='ocrx_word' id='word_1_140' title='bbox 263 2469 365 2536; x_wconf 74' lang='grc' dir='ltr'><strong>τὴν</strong></span> <span class='ocrx_word' id='word_1_141' title='bbox 398 2468 683 2539; x_wconf 73' lang='grc' dir='ltr'><strong>ἡμετέραν</strong></span> <span class='ocrx_word' id='word_1_142' title='bbox 720 2468 899 2539; x_wconf 80' lang='grc' dir='ltr'><strong>σάρκα</strong></span> <span class='ocrx_word' id='word_1_143' title='bbox 934 2470 1173 2541; x_wconf 80' lang='grc' dir='ltr'><strong>φορέσας</strong></span> <span class='ocrx_word' id='word_1_144' title='bbox 1197 2471 1423 2540; x_wconf 74' lang='grc' dir='ltr'><strong>ἀδελφός</strong></span> <span class='ocrx_word' id='word_1_145' title='bbox 1444 2489 1504 2525; x_wconf 84' lang='grc' dir='ltr'><strong>τε</strong></span> <span class='ocrx_word' id='word_1_146' title='bbox 1532 2474 1688 2544; x_wconf 81' lang='grc' dir='ltr'><strong>ἡμῶν</strong></span> <span class='ocrx_word' id='word_1_147' title='bbox 1714 2491 1851 2547; x_wconf 78' lang='grc' dir='ltr'><strong>χρη-</strong></span> 
     </span>
    </p>
   </div>
   <div class='ocr_carea' id='block_1_24' title="bbox 269 2559 1856 2634">
    <p class='ocr_par' dir='ltr' id='par_1_24' title="bbox 269 2559 1856 2634">
     <span class='ocr_line' id='line_1_24' title="bbox 269 2559 1856 2634; baseline 0.004 -21"><span class='ocrx_word' id='word_1_148' title='bbox 269 2560 529 2629; x_wconf 86' lang='grc' dir='ltr'><strong>ματίσας,</strong></span> <span class='ocrx_word' id='word_1_149' title='bbox 556 2559 720 2613; x_wconf 82' lang='grc' dir='ltr'><strong>τοῦτο</strong></span> <span class='ocrx_word' id='word_1_150' title='bbox 746 2560 991 2614; x_wconf 88' lang='grc' dir='ltr'><strong>καλεῖται</strong></span> <span class='ocrx_word' id='word_1_151' title='bbox 1021 2562 1267 2627; x_wconf 83' lang='grc' dir='ltr'><strong>δικαίως.</strong></span> <span class='ocrx_word' id='word_1_152' title='bbox 1295 2565 1651 2634; x_wconf 86' lang='grc' dir='ltr'><strong>Πρωτότοκος</strong></span> <span class='ocrx_word' id='word_1_153' title='bbox 1681 2567 1738 2620; x_wconf 77' lang='grc' dir='ltr'><strong>δὲ</strong></span> <span class='ocrx_word' id='word_1_154' title='bbox 1763 2567 1856 2619; x_wconf 69' lang='grc' dir='ltr'><strong>καὶ</strong></span> 
     </span>
    </p>
   </div>
   <div class='ocr_carea' id='block_1_25' title="bbox 266 2643 1856 2726">
    <p class='ocr_par' dir='ltr' id='par_1_25' title="bbox 266 2643 1856 2726">
     <span class='ocr_line' id='line_1_25' title="bbox 266 2643 1856 2726; baseline 0.009 -31"><span class='ocrx_word' id='word_1_155' title='bbox 266 2643 334 2696; x_wconf 71' lang='grc' dir='ltr'><strong>ὲκ</strong></span> <span class='ocrx_word' id='word_1_156' title='bbox 360 2644 469 2696; x_wconf 81' lang='grc' dir='ltr'><strong>τῶν</strong></span> <span class='ocrx_word' id='word_1_157' title='bbox 516 2644 760 2715; x_wconf 78' lang='grc' dir='ltr'><strong>νεκρῶν·</strong></span> <span class='ocrx_word' id='word_1_158' title='bbox 800 2646 1017 2717; x_wconf 85' lang='grc' dir='ltr'><strong>πρῶτος</strong></span> <span class='ocrx_word' id='word_1_159' title='bbox 1061 2650 1170 2720; x_wconf 86' lang='grc' dir='ltr'><strong>γάρ</strong></span> <span class='ocrx_word' id='word_1_160' title='bbox 1216 2651 1380 2715; x_wconf 75' lang='grc' dir='ltr'><strong>αὐτὸς</strong></span> <span class='ocrx_word' id='word_1_161' title='bbox 1430 2654 1511 2715; x_wconf 83' lang='grc' dir='ltr'><strong>είς</strong></span> <span class='ocrx_word' id='word_1_162' title='bbox 1544 2653 1856 2726; x_wconf 81' lang='grc' dir='ltr'><strong>ἀφθαρσίαν</strong></span> 
     </span>
    </p>
   </div>
   <div class='ocr_carea' id='block_1_26' title="bbox 267 2735 1856 2820">
    <p class='ocr_par' dir='ltr' id='par_1_26' title="bbox 267 2735 1856 2820">
     <span class='ocr_line' id='line_1_26' title="bbox 267 2735 1856 2820; baseline 0.009 -31"><span class='ocrx_word' id='word_1_163' title='bbox 267 2735 572 2806; x_wconf 70' lang='grc' dir='ltr'><strong>ἀνέστησεν</strong></span> <span class='ocrx_word' id='word_1_164' title='bbox 599 2737 698 2809; x_wconf 80' lang='grc' dir='ltr'><strong>τὴν</strong></span> <span class='ocrx_word' id='word_1_165' title='bbox 727 2738 921 2792; x_wconf 64' lang='grc' dir='ltr'><strong>ἑαυτοῦ</strong></span> <span class='ocrx_word' id='word_1_166' title='bbox 951 2740 1131 2811; x_wconf 84' lang='grc' dir='ltr'><strong>σάρκα</strong></span> <span class='ocrx_word' id='word_1_167' title='bbox 1152 2783 1166 2805; x_wconf 90' lang='grc'><strong>,</strong></span> <span class='ocrx_word' id='word_1_168' title='bbox 1195 2744 1289 2798; x_wconf 70' lang='grc' dir='ltr'><strong>καὶ</strong></span> <span class='ocrx_word' id='word_1_169' title='bbox 1334 2744 1549 2816; x_wconf 84' lang='grc' dir='ltr'><strong>πρῶτος</strong></span> <span class='ocrx_word' id='word_1_170' title='bbox 1580 2748 1751 2820; x_wconf 74' lang='grc' dir='ltr'><strong>αὐτὴν</strong></span> <span class='ocrx_word' id='word_1_171' title='bbox 1778 2750 1856 2814; x_wconf 88' lang='grc' dir='ltr'><strong>είς</strong></span> 
     </span>
    </p>
   </div>
   <div class='ocr_carea' id='block_1_27' title="bbox 270 2826 1858 2912">
    <p class='ocr_par' dir='ltr' id='par_1_27' title="bbox 270 2826 1858 2912">
     <span class='ocr_line' id='line_1_27' title="bbox 270 2826 1858 2912; baseline 0.01 -34"><span class='ocrx_word' id='word_1_172' title='bbox 270 2826 539 2897; x_wconf 79' lang='grc' dir='ltr'><strong>οὐρανοὺς</strong></span> <span class='ocrx_word' id='word_1_173' title='bbox 581 2829 845 2900; x_wconf 82' lang='grc' dir='ltr'><strong>ἀνήγαγε.</strong></span> <span class='ocrx_word' id='word_1_174' title='bbox 898 2832 989 2887; x_wconf 60' lang='lat' dir='ltr'><strong>At?)</strong></span> <span class='ocrx_word' id='word_1_175' title='bbox 1036 2834 1129 2886; x_wconf 88' lang='grc' dir='ltr'><strong>καί</strong></span> <span class='ocrx_word' id='word_1_176' title='bbox 1172 2851 1371 2903; x_wconf 83' lang='grc' dir='ltr'><strong>φησιν·</strong></span> <span class='ocrx_word' id='word_1_177' title='bbox 1414 2855 1431 2888; x_wconf 84' lang='lat' dir='ltr'><strong>t</strong></span> <span class='ocrx_word' id='word_1_178' title='bbox 1479 2837 1622 2905; x_wconf 85' lang='grc' dir='ltr'><strong>Ἐγώ</strong></span> <span class='ocrx_word' id='word_1_179' title='bbox 1668 2841 1786 2910; x_wconf 83' lang='grc' dir='ltr'><strong>εἰμι</strong></span> <span class='ocrx_word' id='word_1_180' title='bbox 1826 2845 1858 2912; x_wconf 74' lang='grc' dir='ltr'>ἡ</span> 
     </span>
    </p>
   </div>
   <div class='ocr_carea' id='block_1_28' title="bbox 271 2923 1861 3004">
    <p class='ocr_par' dir='ltr' id='par_1_28' title="bbox 271 2923 1861 3004">
     <span class='ocr_line' id='line_1_28' title="bbox 271 2923 1861 3004; baseline 0.009 -28"><span class='ocrx_word' id='word_1_181' title='bbox 271 2923 411 2987; x_wconf 77' lang='grc' dir='ltr'><strong>ὁδὸς.</strong></span> <span class='ocrx_word' id='word_1_182' title='bbox 442 2923 539 2977; x_wconf 80' lang='grc' dir='ltr'><strong>καὶ</strong></span> <span class='ocrx_word' id='word_1_183' title='bbox 562 2924 675 2995; x_wconf 73' lang='grc' dir='ltr'><strong>ἐγώ</strong></span> <span class='ocrx_word' id='word_1_184' title='bbox 701 2929 818 2997; x_wconf 82' lang='grc' dir='ltr'><strong>είμι</strong></span> <span class='ocrx_word' id='word_1_185' title='bbox 855 2930 887 2998; x_wconf 80' lang='grc' dir='ltr'><strong>ὴ</strong></span> <span class='ocrx_word' id='word_1_186' title='bbox 916 2928 1076 2999; x_wconf 83' lang='grc' dir='ltr'><strong>θύρα.</strong></span> <span class='ocrx_word' id='word_1_187' title='bbox 1121 2949 1138 2981; x_wconf 77' lang='grc' dir='ltr'><strong>ι</strong></span> <span class='ocrx_word' id='word_1_188' title='bbox 1170 2931 1245 2982; x_wconf 88' lang='grc' dir='ltr'><strong>Δι’</strong></span> <span class='ocrx_word' id='word_1_189' title='bbox 1284 2930 1450 2984; x_wconf 80' lang='grc' dir='ltr'><strong>αὑτοῦ</strong></span> <span class='ocrx_word' id='word_1_190' title='bbox 1491 2935 1601 3003; x_wconf 75' lang='grc' dir='ltr'><strong>γάρ</strong></span> <span class='ocrx_word' id='word_1_191' title='bbox 1633 2936 1664 3004; x_wconf 76' lang='grc' dir='ltr'><strong>ἡ</strong></span> <span class='ocrx_word' id='word_1_192' title='bbox 1697 2937 1861 3004; x_wconf 82' lang='grc' dir='ltr'>φύσις</span> 
     </span>
    </p>
   </div>
   <div class='ocr_carea' id='block_1_29' title="bbox 272 3016 1860 3097">
    <p class='ocr_par' dir='ltr' id='par_1_29' title="bbox 272 3016 1860 3097">
     <span class='ocr_line' id='line_1_29' title="bbox 272 3016 1860 3097; baseline 0.009 -29"><span class='ocrx_word' id='word_1_193' title='bbox 272 3016 311 3087; x_wconf 70' lang='grc' dir='ltr'><strong>ἡ</strong></span> <span class='ocrx_word' id='word_1_194' title='bbox 342 3017 659 3087; x_wconf 88' lang='grc' dir='ltr'><strong>ἀνθρωπεία</strong></span> <span class='ocrx_word' id='word_1_195' title='bbox 703 3020 798 3073; x_wconf 75' lang='grc' dir='ltr'><strong>καὶ</strong></span> <span class='ocrx_word' id='word_1_196' title='bbox 828 3021 928 3092; x_wconf 79' lang='grc' dir='ltr'><strong>τὴν</strong></span> <span class='ocrx_word' id='word_1_197' title='bbox 959 3021 1154 3091; x_wconf 81' lang='grc' dir='ltr'><strong>καινὴν</strong></span> <span class='ocrx_word' id='word_1_198' title='bbox 1189 3022 1288 3090; x_wconf 77' lang='grc' dir='ltr'><strong>τῆς</strong></span> <span class='ocrx_word' id='word_1_199' title='bbox 1317 3024 1671 3090; x_wconf 78' lang='grc' dir='ltr'><strong>ἀναστάσεως</strong></span> <span class='ocrx_word' id='word_1_200' title='bbox 1706 3027 1860 3097; x_wconf 83' lang='grc' dir='ltr'><strong>βαδί-</strong></span> 
     </span>
    </p>
   </div>
   <div class='ocr_carea' id='block_1_30' title="bbox 274 3105 1862 3191">
    <p class='ocr_par' dir='ltr' id='par_1_30' title="bbox 274 3105 1862 3191">
     <span class='ocr_line' id='line_1_30' title="bbox 274 3105 1862 3191; baseline 0.009 -30"><span class='ocrx_word' id='word_1_201' title='bbox 274 3105 391 3171; x_wconf 73' lang='grc' dir='ltr'><strong>ζειν</strong></span> <span class='ocrx_word' id='word_1_202' title='bbox 425 3109 546 3164; x_wconf 76' lang='grc' dir='ltr'><strong>ὁδὸν</strong></span> <span class='ocrx_word' id='word_1_203' title='bbox 588 3111 985 3177; x_wconf 76' lang='grc' dir='ltr'><strong>ἐκδιδάσκεται,</strong></span> <span class='ocrx_word' id='word_1_204' title='bbox 1034 3116 1127 3168; x_wconf 76' lang='grc' dir='ltr'><strong>καὶ</strong></span> <span class='ocrx_word' id='word_1_205' title='bbox 1173 3115 1362 3187; x_wconf 80' lang='grc' dir='ltr'><strong>ὥσπερ</strong></span> <span class='ocrx_word' id='word_1_206' title='bbox 1396 3117 1484 3172; x_wconf 78' lang='grc' dir='ltr'><strong>διά</strong></span> <span class='ocrx_word' id='word_1_207' title='bbox 1512 3136 1659 3183; x_wconf 86' lang='grc' dir='ltr'><strong>τινος</strong></span> <span class='ocrx_word' id='word_1_208' title='bbox 1691 3119 1862 3191; x_wconf 77' lang='grc' dir='ltr'><strong>θύρας</strong></span> 
     </span>
    </p>
   </div>
   <div class='ocr_carea' id='block_1_31' title="bbox 276 3200 1289 3277">
    <p class='ocr_par' dir='ltr' id='par_1_31' title="bbox 276 3200 1289 3277">
     <span class='ocr_line' id='line_1_31' title="bbox 276 3200 1289 3277; baseline 0.008 -25"><span class='ocrx_word' id='word_1_209' title='bbox 276 3200 356 3263; x_wconf 67' lang='grc' dir='ltr'><strong>τίς</strong></span> <span class='ocrx_word' id='word_1_210' title='bbox 381 3201 547 3254; x_wconf 79' lang='grc' dir='ltr'><strong>αὑτὸν</strong></span> <span class='ocrx_word' id='word_1_211' title='bbox 580 3202 887 3275; x_wconf 77' lang='grc' dir='ltr'><strong>είσέρχεται</strong></span> <span class='ocrx_word' id='word_1_212' title='bbox 921 3206 1011 3259; x_wconf 79' lang='grc' dir='ltr'><strong>τὸν</strong></span> <span class='ocrx_word' id='word_1_213' title='bbox 1040 3207 1289 3277; x_wconf 75' lang='grc' dir='ltr'><strong>οὐρανόν.</strong></span> 
     </span>
    </p>
   </div>
   <div class='ocr_carea' id='block_1_32' title="bbox 280 3315 1870 3396">
    <p class='ocr_par' dir='ltr' id='par_1_32' title="bbox 280 3315 1870 3396">
     <span class='ocr_line' id='line_1_32' title="bbox 280 3315 1870 3396; baseline 0.009 -27"><span class='ocrx_word' id='word_1_214' title='bbox 280 3316 487 3380; x_wconf 74' lang='grc' dir='ltr'><strong>ΔΔᾹΟ,</strong></span> <span class='ocrx_word' id='word_1_215' title='bbox 529 3315 651 3384; x_wconf 72' lang='grc' dir='ltr'><strong>πῶς</strong></span> <span class='ocrx_word' id='word_1_216' title='bbox 692 3319 768 3373; x_wconf 82' lang='grc' dir='ltr'><strong>ἂν</strong></span> <span class='ocrx_word' id='word_1_217' title='bbox 797 3322 1062 3396; x_wconf 65' lang='grc' dir='ltr'><strong>εζισεόῶς</strong></span> <span class='ocrx_word' id='word_1_218' title='bbox 1088 3326 1331 3396; x_wconf 57' lang='grc' dir='ltr'><strong>νοηθείη</strong></span> <span class='ocrx_word' id='word_1_219' title='bbox 1357 3366 1369 3383; x_wconf 82' lang='grc'><strong>.</strong></span> <span class='ocrx_word' id='word_1_220' title='bbox 1406 3345 1423 3378; x_wconf 81' lang='lat' dir='ltr'><strong>t</strong></span> <span class='ocrx_word' id='word_1_221' title='bbox 1480 3329 1870 3396; x_wconf 81' lang='grc' dir='ltr'><strong>Πρωτότοκος,</strong></span> 
     </span>
    </p>
   </div>
   <div class='ocr_carea' id='block_1_33' title="bbox 774 3390 1346 3460">
    <p class='ocr_par' dir='ltr' id='par_1_33' title="bbox 774 3390 1346 3460">
     <span class='ocr_line' id='line_1_33' title="bbox 774 3390 1346 3460; baseline 0.003 -15"><span class='ocrx_word' id='word_1_222' title='bbox 774 3390 980 3459; x_wconf 79' lang='grc' dir='ltr'><strong>πάσης</strong></span> <span class='ocrx_word' id='word_1_223' title='bbox 1016 3393 1288 3460; x_wconf 78' lang='grc' dir='ltr'><strong>κτίσεως.</strong></span> <span class='ocrx_word' id='word_1_224' title='bbox 1328 3416 1346 3447; x_wconf 74' lang='grc' dir='ltr'><strong>ι</strong></span> 
     </span>
    </p>
   </div>
   <div class='ocr_carea' id='block_1_34' title="bbox 353 3495 1868 3583">
    <p class='ocr_par' dir='ltr' id='par_1_34' title="bbox 353 3495 1868 3583">
     <span class='ocr_line' id='line_1_34' title="bbox 353 3495 1868 3583; baseline 0.011 -34"><span class='ocrx_word' id='word_1_225' title='bbox 353 3495 453 3550; x_wconf 80' lang='grc' dir='ltr'><strong>Διά</strong></span> <span class='ocrx_word' id='word_1_226' title='bbox 478 3496 581 3568; x_wconf 80' lang='grc' dir='ltr'><strong>τὴν</strong></span> <span class='ocrx_word' id='word_1_227' title='bbox 608 3498 701 3552; x_wconf 81' lang='grc' dir='ltr'><strong>τοῦ</strong></span> <span class='ocrx_word' id='word_1_228' title='bbox 728 3500 944 3573; x_wconf 81' lang='grc' dir='ltr'><strong>Πατρὸς</strong></span> <span class='ocrx_word' id='word_1_229' title='bbox 966 3503 1381 3574; x_wconf 79' lang='grc' dir='ltr'><strong>φιλανθρωπίαν</strong></span> <span class='ocrx_word' id='word_1_230' title='bbox 1410 3508 1476 3580; x_wconf 80' lang='grc' dir='ltr'><strong>ἢν</strong></span> <span class='ocrx_word' id='word_1_231' title='bbox 1507 3508 1618 3580; x_wconf 75' lang='grc' dir='ltr'><strong>ἔχει</strong></span> <span class='ocrx_word' id='word_1_232' title='bbox 1650 3512 1776 3583; x_wconf 69' lang='grc' dir='ltr'><strong>περὶ</strong></span> <span class='ocrx_word' id='word_1_233' title='bbox 1799 3513 1868 3567; x_wconf 86' lang='grc' dir='ltr'><strong>τά</strong></span> 
     </span>
    </p>
   </div>
   <div class='ocr_carea' id='block_1_35' title="bbox 282 3586 1868 3673">
    <p class='ocr_par' dir='ltr' id='par_1_35' title="bbox 282 3586 1868 3673">
     <span class='ocr_line' id='line_1_35' title="bbox 282 3586 1868 3673; baseline 0.011 -34"><span class='ocrx_word' id='word_1_234' title='bbox 282 3586 451 3641; x_wconf 74' lang='grc' dir='ltr'><strong>αὑτοῦ</strong></span> <span class='ocrx_word' id='word_1_235' title='bbox 490 3591 789 3660; x_wconf 87' lang='grc' dir='ltr'><strong>κτίσματα,</strong></span> <span class='ocrx_word' id='word_1_236' title='bbox 827 3595 1173 3665; x_wconf 84' lang='grc' dir='ltr'><strong>πρωτότοκον</strong></span> <span class='ocrx_word' id='word_1_237' title='bbox 1199 3598 1390 3651; x_wconf 82' lang='grc' dir='ltr'><strong>ἑαυτὸν</strong></span> <span class='ocrx_word' id='word_1_238' title='bbox 1421 3600 1605 3673; x_wconf 82' lang='grc' dir='ltr'><strong>πάσης</strong></span> <span class='ocrx_word' id='word_1_239' title='bbox 1639 3604 1868 3668; x_wconf 78' lang='grc' dir='ltr'><strong>κτίσεως</strong></span> 
     </span>
    </p>
   </div>
   <div class='ocr_carea' id='block_1_36' title="bbox 288 3676 1870 3762">
    <p class='ocr_par' dir='ltr' id='par_1_36' title="bbox 288 3676 1870 3762">
     <span class='ocr_line' id='line_1_36' title="bbox 288 3676 1870 3762; baseline 0.011 -33"><span class='ocrx_word' id='word_1_240' title='bbox 288 3676 548 3732; x_wconf 73' lang='grc' dir='ltr'><strong>ικάλεστν</strong></span> <span class='ocrx_word' id='word_1_241' title='bbox 581 3682 609 3733; x_wconf 87' lang='grc' dir='ltr'>ὀ</span> <span class='ocrx_word' id='word_1_242' title='bbox 644 3680 802 3747; x_wconf 77' lang='grc' dir='ltr'><strong>Υἱὸς,</strong></span> <span class='ocrx_word' id='word_1_243' title='bbox 834 3685 928 3737; x_wconf 69' lang='grc' dir='ltr'><strong>καὶ</strong></span> <span class='ocrx_word' id='word_1_244' title='bbox 955 3687 1022 3757; x_wconf 81' lang='grc' dir='ltr'><strong>τῇ</strong></span> <span class='ocrx_word' id='word_1_245' title='bbox 1070 3686 1204 3756; x_wconf 84' lang='grc' dir='ltr'><strong>πρὸς</strong></span> <span class='ocrx_word' id='word_1_246' title='bbox 1236 3689 1305 3742; x_wconf 73' lang='grc' dir='ltr'><strong>τὰ</strong></span> <span class='ocrx_word' id='word_1_247' title='bbox 1354 3690 1701 3762; x_wconf 78' lang='grc' dir='ltr'><strong>πεποιημένα</strong></span> <span class='ocrx_word' id='word_1_248' title='bbox 1740 3710 1870 3762; x_wconf 85' lang='grc' dir='ltr'><strong>συγ-</strong></span> 
     </span>
    </p>
   </div>
   <div class='ocr_carea' id='block_1_37' title="bbox 288 3769 1871 3846">
    <p class='ocr_par' dir='ltr' id='par_1_37' title="bbox 288 3769 1871 3846">
     <span class='ocr_line' id='line_1_37' title="bbox 288 3769 1871 3846; baseline 0.009 -23"><span class='ocrx_word' id='word_1_249' title='bbox 288 3769 575 3825; x_wconf 62' lang='grc' dir='ltr'><strong>ηταῦᾶσα</strong></span> <span class='ocrx_word' id='word_1_250' title='bbox 611 3774 893 3846; x_wconf 72' lang='grc' dir='ltr'><strong>μονονουχὶ</strong></span> <span class='ocrx_word' id='word_1_251' title='bbox 936 3775 1031 3829; x_wconf 74' lang='grc' dir='ltr'><strong>καὶ</strong></span> <span class='ocrx_word' id='word_1_252' title='bbox 1064 3778 1258 3832; x_wconf 81' lang='grc' dir='ltr'><strong>ἑαυτὸν</strong></span> <span class='ocrx_word' id='word_1_253' title='bbox 1292 3779 1505 3846; x_wconf 84' lang='grc' dir='ltr'><strong>τούτοις</strong></span> <span class='ocrx_word' id='word_1_254' title='bbox 1554 3784 1871 3839; x_wconf 77' lang='grc' dir='ltr'><strong>συντάττειν</strong></span> 
     </span>
    </p>
   </div>
   <div class='ocr_carea' id='block_1_38' title="bbox 288 3859 1868 3946">
    <p class='ocr_par' dir='ltr' id='par_1_38' title="bbox 288 3859 1868 3946">
     <span class='ocr_line' id='line_1_38' title="bbox 288 3859 1868 3946; baseline 0.011 -34"><span class='ocrx_word' id='word_1_255' title='bbox 288 3859 391 3913; x_wconf 77' lang='grc' dir='ltr'><strong>οὐκ</strong></span> <span class='ocrx_word' id='word_1_256' title='bbox 420 3860 599 3915; x_wconf 80' lang='grc' dir='ltr'><strong>ὀκνεῖ·</strong></span> <span class='ocrx_word' id='word_1_257' title='bbox 645 3862 713 3917; x_wconf 70' lang='grc' dir='ltr'><strong>ἶν’</strong></span> <span class='ocrx_word' id='word_1_258' title='bbox 738 3864 1038 3938; x_wconf 71' lang='grc' dir='ltr'><strong>ὶπειδήπερ</strong></span> <span class='ocrx_word' id='word_1_259' title='bbox 1066 3868 1312 3923; x_wconf 82' lang='grc' dir='ltr'><strong>καλεῖται</strong></span> <span class='ocrx_word' id='word_1_260' title='bbox 1344 3870 1553 3926; x_wconf 81' lang='grc' dir='ltr'><strong>τούτων</strong></span> <span class='ocrx_word' id='word_1_261' title='bbox 1588 3876 1868 3946; x_wconf 85' lang='grc' dir='ltr'><strong>πρωτότο-</strong></span> 
     </span>
    </p>
   </div>
   <div class='ocr_carea' id='block_1_39' title="bbox 289 3948 1875 4033">
    <p class='ocr_par' dir='ltr' id='par_1_39' title="bbox 289 3948 1875 4033">
     <span class='ocr_line' id='line_1_39' title="bbox 289 3948 1875 4033; baseline 0.01 -31"><span class='ocrx_word' id='word_1_262' title='bbox 289 3964 408 4014; x_wconf 83' lang='grc' dir='ltr'><strong>κος,</strong></span> <span class='ocrx_word' id='word_1_263' title='bbox 454 3948 523 4004; x_wconf 79' lang='grc' dir='ltr'><strong>δι’</strong></span> <span class='ocrx_word' id='word_1_264' title='bbox 565 3951 732 4006; x_wconf 79' lang='grc' dir='ltr'><strong>αὐτὸν</strong></span> <span class='ocrx_word' id='word_1_265' title='bbox 778 3954 1021 4026; x_wconf 79' lang='grc' dir='ltr'><strong>σώζηται</strong></span> <span class='ocrx_word' id='word_1_266' title='bbox 1046 3955 1118 4010; x_wconf 82' lang='grc' dir='ltr'><strong>τὰ</strong></span> <span class='ocrx_word' id='word_1_267' title='bbox 1154 3957 1271 4028; x_wconf 84' lang='grc' dir='ltr'><strong>μετ’</strong></span> <span class='ocrx_word' id='word_1_268' title='bbox 1314 3959 1499 4015; x_wconf 82' lang='grc' dir='ltr'><strong>αὐτόν.</strong></span> <span class='ocrx_word' id='word_1_269' title='bbox 1550 3962 1614 4015; x_wconf 80' lang='lat' dir='ltr'><strong>Ei</strong></span> <span class='ocrx_word' id='word_1_270' title='bbox 1653 3964 1764 4033; x_wconf 84' lang='grc' dir='ltr'><strong>γάρ</strong></span> <span class='ocrx_word' id='word_1_271' title='bbox 1794 3964 1875 4018; x_wconf 81' lang='grc' dir='ltr'><strong>δεῖ</strong></span> 
     </span>
    </p>
   </div>
   <div class='ocr_carea' id='block_1_40' title="bbox 292 4040 1875 4120">
    <p class='ocr_par' dir='ltr' id='par_1_40' title="bbox 292 4040 1875 4120">
     <span class='ocr_line' id='line_1_40' title="bbox 292 4040 1875 4120; baseline 0.009 -26"><span class='ocrx_word' id='word_1_272' title='bbox 292 4040 512 4105; x_wconf 81' lang='grc' dir='ltr'><strong>πάντως</strong></span> <span class='ocrx_word' id='word_1_273' title='bbox 535 4043 697 4099; x_wconf 78' lang='grc' dir='ltr'><strong>αὐτὸν</strong></span> <span class='ocrx_word' id='word_1_274' title='bbox 718 4040 860 4099; x_wconf 77' lang='grc' dir='ltr'><strong>εἶναι</strong></span> <span class='ocrx_word' id='word_1_275' title='bbox 882 4047 1251 4119; x_wconf 83' lang='grc' dir='ltr'><strong>πρωτότοκον,</strong></span> <span class='ocrx_word' id='word_1_276' title='bbox 1281 4050 1504 4120; x_wconf 74' lang='grc' dir='ltr'><strong>μενοῦσι</strong></span> <span class='ocrx_word' id='word_1_277' title='bbox 1536 4053 1754 4118; x_wconf 86' lang='grc' dir='ltr'><strong>πάντως</strong></span> <span class='ocrx_word' id='word_1_278' title='bbox 1781 4057 1875 4111; x_wconf 75' lang='grc' dir='ltr'><strong>καὶ</strong></span> 
     </span>
    </p>
   </div>
   <div class='ocr_carea' id='block_1_41' title="bbox 292 4124 1876 4216">
    <p class='ocr_par' dir='ltr' id='par_1_41' title="bbox 292 4124 1876 4216">
     <span class='ocr_line' id='line_1_41' title="bbox 292 4124 1876 4216; baseline 0.009 -31"><span class='ocrx_word' id='word_1_279' title='bbox 292 4124 377 4187; x_wconf 82' lang='grc' dir='ltr'><strong>ὧν.</strong></span> <span class='ocrx_word' id='word_1_280' title='bbox 410 4133 528 4186; x_wconf 67' lang='grc' dir='ltr'><strong>ἔστι</strong></span> <span class='ocrx_word' id='word_1_281' title='bbox 575 4135 943 4208; x_wconf 85' lang='grc' dir='ltr'><strong>πρωτότοκος.</strong></span> <span class='ocrx_word' id='word_1_282' title='bbox 993 4139 1150 4193; x_wconf 85' lang='grc' dir='ltr'><strong>Ἐστι</strong></span> <span class='ocrx_word' id='word_1_283' title='bbox 1198 4140 1378 4197; x_wconf 88' lang='grc' dir='ltr'><strong>τοίνυν</strong></span> <span class='ocrx_word' id='word_1_284' title='bbox 1429 4144 1727 4215; x_wconf 82' lang='grc' dir='ltr'><strong>μονογενὴς</strong></span> <span class='ocrx_word' id='word_1_285' title='bbox 1774 4146 1876 4216; x_wconf 66' lang='grc' dir='ltr'><strong>μιν</strong></span> 
     </span>
    </p>
   </div>
   <div class='ocr_carea' id='block_1_42' title="bbox 292 4222 1874 4302">
    <p class='ocr_par' dir='ltr' id='par_1_42' title="bbox 292 4222 1874 4302">
     <span class='ocr_line' id='line_1_42' title="bbox 292 4222 1874 4302; baseline 0.006 -23"><span class='ocrx_word' id='word_1_286' title='bbox 292 4222 435 4279; x_wconf 77' lang='grc' dir='ltr'><strong>κατά</strong></span> <span class='ocrx_word' id='word_1_287' title='bbox 482 4222 665 4293; x_wconf 78' lang='grc' dir='ltr'><strong>φύσιν,</strong></span> <span class='ocrx_word' id='word_1_288' title='bbox 714 4224 809 4280; x_wconf 73' lang='grc' dir='ltr'><strong>ἅτε</strong></span> <span class='ocrx_word' id='word_1_289' title='bbox 848 4226 913 4298; x_wconf 77' lang='grc' dir='ltr'><strong>δὴ</strong></span> <span class='ocrx_word' id='word_1_290' title='bbox 949 4228 1106 4297; x_wconf 82' lang='grc' dir='ltr'><strong>μόνος</strong></span> <span class='ocrx_word' id='word_1_291' title='bbox 1146 4226 1224 4283; x_wconf 82' lang='grc' dir='ltr'><strong>ὢν</strong></span> <span class='ocrx_word' id='word_1_292' title='bbox 1255 4231 1323 4283; x_wconf 71' lang='grc' dir='ltr'><strong>ἐκ</strong></span> <span class='ocrx_word' id='word_1_293' title='bbox 1368 4232 1603 4302; x_wconf 75' lang='grc' dir='ltr'><strong>Πατρὸς,</strong></span> <span class='ocrx_word' id='word_1_294' title='bbox 1639 4234 1772 4299; x_wconf 79' lang='grc' dir='ltr'><strong>Θεὸς</strong></span> <span class='ocrx_word' id='word_1_295' title='bbox 1808 4238 1874 4288; x_wconf 82' lang='grc' dir='ltr'><strong>ὲκ</strong></span> 
     </span>
    </p>
   </div>
   <div class='ocr_carea' id='block_1_43' title="bbox 292 4313 1879 4394">
    <p class='ocr_par' dir='ltr' id='par_1_43' title="bbox 292 4313 1879 4394">
     <span class='ocr_line' id='line_1_43' title="bbox 292 4313 1879 4394; baseline 0.009 -28"><span class='ocrx_word' id='word_1_296' title='bbox 292 4313 452 4381; x_wconf 76' lang='grc' dir='ltr'><strong>Θεοῦ,</strong></span> <span class='ocrx_word' id='word_1_297' title='bbox 483 4314 601 4384; x_wconf 81' lang='grc' dir='ltr'><strong>φῶς</strong></span> <span class='ocrx_word' id='word_1_298' title='bbox 634 4317 698 4370; x_wconf 75' lang='grc' dir='ltr'><strong>ὲκ</strong></span> <span class='ocrx_word' id='word_1_299' title='bbox 725 4318 901 4386; x_wconf 79' lang='grc' dir='ltr'><strong>φωτὸς</strong></span> <span class='ocrx_word' id='word_1_300' title='bbox 933 4319 1261 4391; x_wconf 79' lang='grc' dir='ltr'><strong>ἀναλάμψας</strong></span> <span class='ocrx_word' id='word_1_301' title='bbox 1282 4339 1294 4351; x_wconf 90' lang='grc'><strong>·</strong></span> <span class='ocrx_word' id='word_1_302' title='bbox 1341 4324 1692 4394; x_wconf 82' lang='grc' dir='ltr'><strong>πρωτότοκος</strong></span> <span class='ocrx_word' id='word_1_303' title='bbox 1724 4326 1779 4379; x_wconf 75' lang='grc' dir='ltr'><strong>δὲ</strong></span> <span class='ocrx_word' id='word_1_304' title='bbox 1812 4327 1879 4381; x_wconf 83' lang='grc' dir='ltr'><strong>δι’</strong></span> 
     </span>
    </p>
   </div>
   <div class='ocr_carea' id='block_1_44' title="bbox 292 4406 1879 4486">
    <p class='ocr_par' dir='ltr' id='par_1_44' title="bbox 292 4406 1879 4486">
     <span class='ocr_line' id='line_1_44' title="bbox 292 4406 1879 4486; baseline 0.008 -28"><span class='ocrx_word' id='word_1_305' title='bbox 292 4406 462 4477; x_wconf 66' lang='grc' dir='ltr'><strong>ἡμᾶς,</strong></span> <span class='ocrx_word' id='word_1_306' title='bbox 497 4406 563 4460; x_wconf 79' lang='grc' dir='ltr'><strong>ἶν’</strong></span> <span class='ocrx_word' id='word_1_307' title='bbox 607 4406 796 4480; x_wconf 79' lang='grc' dir='ltr'><strong>ὥσπερ</strong></span> <span class='ocrx_word' id='word_1_308' title='bbox 837 4409 1092 4481; x_wconf 83' lang='grc' dir='ltr'><strong>ἀθανάτῳ</strong></span> <span class='ocrx_word' id='word_1_309' title='bbox 1126 4414 1232 4466; x_wconf 80' lang='grc' dir='ltr'><strong>τινὶ</strong></span> <span class='ocrx_word' id='word_1_310' title='bbox 1280 4413 1404 4485; x_wconf 79' lang='grc' dir='ltr'><strong>ῥίζῃ</strong></span> <span class='ocrx_word' id='word_1_311' title='bbox 1454 4417 1605 4469; x_wconf 78' lang='grc' dir='ltr'><strong>πᾶσα</strong></span> <span class='ocrx_word' id='word_1_312' title='bbox 1637 4419 1670 4486; x_wconf 80' lang='grc' dir='ltr'>ἠ</span> <span class='ocrx_word' id='word_1_313' title='bbox 1702 4418 1879 4483; x_wconf 87' lang='grc' dir='ltr'><strong>κτίσις</strong></span> 
     </span>
    </p>
   </div>
   <div class='ocr_carea' id='block_1_45' title="bbox 296 4495 1880 4578">
    <p class='ocr_par' dir='ltr' id='par_1_45' title="bbox 296 4495 1880 4578">
     <span class='ocr_line' id='line_1_45' title="bbox 296 4495 1880 4578; baseline 0.009 -31"><span class='ocrx_word' id='word_1_314' title='bbox 296 4495 800 4570; x_wconf 69' lang='grc' dir='ltr'><strong>ιγκεκεντρισμένη</strong></span> <span class='ocrx_word' id='word_1_315' title='bbox 834 4501 928 4555; x_wconf 67' lang='grc' dir='ltr'><strong>καλ⁵</strong></span> <span class='ocrx_word' id='word_1_316' title='bbox 960 4502 1025 4555; x_wconf 69' lang='grc' dir='ltr'><strong>ὲκ</strong></span> <span class='ocrx_word' id='word_1_317' title='bbox 1069 4501 1163 4555; x_wconf 81' lang='grc' dir='ltr'><strong>τοῦ</strong></span> <span class='ocrx_word' id='word_1_318' title='bbox 1214 4504 1301 4557; x_wconf 76' lang='grc' dir='ltr'><strong>ἀεὶ</strong></span> <span class='ocrx_word' id='word_1_319' title='bbox 1330 4503 1484 4568; x_wconf 72' lang='grc' dir='ltr'><strong>ὄντος</strong></span> <span class='ocrx_word' id='word_1_320' title='bbox 1534 4506 1880 4578; x_wconf 71' lang='grc' dir='ltr'><strong>ἀναϐλάστη-</strong></span> 
     </span>
    </p>
   </div>
   <div class='ocr_carea' id='block_1_46' title="bbox 1931 641 3533 722">
    <p class='ocr_par' dir='ltr' id='par_1_46' title="bbox 1931 641 3533 722">
     <span class='ocr_line' id='line_1_46' title="bbox 1931 641 3533 722; baseline -0.008 -16"><span class='ocrx_word' id='word_1_321' title='bbox 1931 652 2169 722; x_wconf 89' lang='lat' dir='ltr'><strong>positum</strong></span> <span class='ocrx_word' id='word_1_322' title='bbox 2210 665 2334 707; x_wconf 79' lang='lat' dir='ltr'><strong>esse</strong></span> <span class='ocrx_word' id='word_1_323' title='bbox 2361 650 2539 719; x_wconf 88' lang='lat' dir='ltr'><strong>ipsum</strong></span> <span class='ocrx_word' id='word_1_324' title='bbox 2586 646 2974 716; x_wconf 78' lang='lat' dir='ltr'><strong>intelligamus,</strong></span> <span class='ocrx_word' id='word_1_325' title='bbox 3022 642 3231 712; x_wconf 82' lang='lat' dir='ltr'><strong>primus</strong></span> <span class='ocrx_word' id='word_1_326' title='bbox 3272 641 3379 696; x_wconf 87' lang='lat' dir='ltr'><strong>erit</strong></span> <span class='ocrx_word' id='word_1_327' title='bbox 3413 656 3533 696; x_wconf 86' lang='lat' dir='ltr'><strong>orn-</strong></span> 
     </span>
    </p>
   </div>
   <div class='ocr_carea' id='block_1_47' title="bbox 1933 735 3532 809">
    <p class='ocr_par' dir='ltr' id='par_1_47' title="bbox 1933 735 3532 809">
     <span class='ocr_line' id='line_1_47' title="bbox 1933 735 3532 809; baseline -0.008 -11"><span class='ocrx_word' id='word_1_328' title='bbox 1933 744 2104 798; x_wconf 91' lang='lat' dir='ltr'><strong>nium.</strong></span> <span class='ocrx_word' id='word_1_329' title='bbox 2141 741 2197 797; x_wconf 90' lang='lat' dir='ltr'><strong>Si</strong></span> <span class='ocrx_word' id='word_1_330' title='bbox 2244 756 2373 797; x_wconf 85' lang='lat' dir='ltr'><strong>vero</strong></span> <span class='ocrx_word' id='word_1_331' title='bbox 2413 742 2527 809; x_wconf 86' lang='lat' dir='ltr'><strong>ipse</strong></span> <span class='ocrx_word' id='word_1_332' title='bbox 2568 752 2785 809; x_wconf 87' lang='lat' dir='ltr'><strong>quoque</strong></span> <span class='ocrx_word' id='word_1_333' title='bbox 2826 735 3083 793; x_wconf 83' lang='lat' dir='ltr'><strong>omnibus</strong></span> <span class='ocrx_word' id='word_1_334' title='bbox 3114 742 3532 795; x_wconf 84' lang='lat' dir='ltr'><strong>annumeretur,</strong></span> 
     </span>
    </p>
   </div>
   <div class='ocr_carea' id='block_1_48' title="bbox 1932 822 3533 903">
    <p class='ocr_par' dir='ltr' id='par_1_48' title="bbox 1932 822 3533 903">
     <span class='ocr_line' id='line_1_48' title="bbox 1932 822 3533 903; baseline -0.009 -14"><span class='ocrx_word' id='word_1_335' title='bbox 1932 836 2037 889; x_wconf 91' lang='lat' dir='ltr'><strong>erit</strong></span> <span class='ocrx_word' id='word_1_336' title='bbox 2063 834 2163 889; x_wconf 88' lang='lat' dir='ltr'><strong>sibi</strong></span> <span class='ocrx_word' id='word_1_337' title='bbox 2196 832 2295 903; x_wconf 88' lang='lat' dir='ltr'><strong>ipsi</strong></span> <span class='ocrx_word' id='word_1_338' title='bbox 2337 830 2505 902; x_wconf 66' lang='lat'><strong>238</strong></span> <span class='ocrx_word' id='word_1_339' title='bbox 2539 829 2752 886; x_wconf 90' lang='lat' dir='ltr'><strong>ratione</strong></span> <span class='ocrx_word' id='word_1_340' title='bbox 2784 824 3047 897; x_wconf 84' lang='lat' dir='ltr'><strong>temporis</strong></span> <span class='ocrx_word' id='word_1_341' title='bbox 3084 822 3378 889; x_wconf 74' lang='lat' dir='ltr'><strong>secundus,</strong></span> <span class='ocrx_word' id='word_1_342' title='bbox 3418 822 3533 892; x_wconf 80' lang='lat' dir='ltr'><strong>pri-</strong></span> 
     </span>
    </p>
   </div>
   <div class='ocr_carea' id='block_1_49' title="bbox 1935 911 3535 993">
    <p class='ocr_par' dir='ltr' id='par_1_49' title="bbox 1935 911 3535 993">
     <span class='ocr_line' id='line_1_49' title="bbox 1935 911 3535 993; baseline -0.004 -15"><span class='ocrx_word' id='word_1_343' title='bbox 1935 939 2054 982; x_wconf 84' lang='lat' dir='ltr'><strong>mus</strong></span> <span class='ocrx_word' id='word_1_344' title='bbox 2083 923 2300 993; x_wconf 77' lang='lat' dir='ltr'><strong>quidem</strong></span> <span class='ocrx_word' id='word_1_345' title='bbox 2342 922 2499 992; x_wconf 81' lang='lat' dir='ltr'><strong>juxta</strong></span> <span class='ocrx_word' id='word_1_346' title='bbox 2550 919 2701 976; x_wconf 88' lang='lat' dir='ltr'><strong>illum</strong></span> <span class='ocrx_word' id='word_1_347' title='bbox 2756 917 3002 981; x_wconf 87' lang='lat' dir='ltr'><strong>modum,</strong></span> <span class='ocrx_word' id='word_1_348' title='bbox 3060 913 3333 971; x_wconf 82' lang='lat' dir='ltr'><strong>secundus</strong></span> <span class='ocrx_word' id='word_1_349' title='bbox 3378 911 3535 982; x_wconf 71' lang='lat' dir='ltr'><strong>juxta</strong></span> 
     </span>
    </p>
   </div>
   <div class='ocr_carea' id='block_1_50' title="bbox 1934 1018 2103 1077">
    <p class='ocr_par' dir='ltr' id='par_1_50' title="bbox 1934 1018 2103 1077">
     <span class='ocr_line' id='line_1_50' title="bbox 1934 1018 2103 1077; baseline -0.036 0"><span class='ocrx_word' id='word_1_350' title='bbox 1934 1018 2103 1077; x_wconf 76' lang='lat' dir='ltr'><strong>hunc.</strong></span> 
     </span>
    </p>
   </div>
   <div class='ocr_carea' id='block_1_51' title="bbox 2598 1093 2829 1186">
    <p class='ocr_par' dir='ltr' id='par_1_51' title="bbox 2598 1093 2829 1186">
     <span class='ocr_line' id='line_1_51' title="bbox 2598 1093 2829 1186; baseline -0.017 -1"><span class='ocrx_word' id='word_1_351' title='bbox 2598 1093 2829 1186; x_wconf 60' lang='lat' dir='ltr'><strong>anno</strong></span> 
     </span>
    </p>
   </div>
   <div class='ocr_carea' id='block_1_52' title="bbox 2011 1234 3540 1312">
    <p class='ocr_par' dir='ltr' id='par_1_52' title="bbox 2011 1234 3540 1312">
     <span class='ocr_line' id='line_1_52' title="bbox 2011 1234 3540 1312; baseline -0.007 -13"><span class='ocrx_word' id='word_1_352' title='bbox 2011 1244 2067 1299; x_wconf 85' lang='lat' dir='ltr'><strong>Si</strong></span> <span class='ocrx_word' id='word_1_353' title='bbox 2098 1244 2303 1299; x_wconf 85' lang='lat' dir='ltr'><strong>idcirco</strong></span> <span class='ocrx_word' id='word_1_354' title='bbox 2336 1241 2461 1312; x_wconf 87' lang='lat' dir='ltr'><strong>quia</strong></span> <span class='ocrx_word' id='word_1_355' title='bbox 2495 1246 2720 1294; x_wconf 89' lang='lat' dir='ltr'><strong>vocatur</strong></span> <span class='ocrx_word' id='word_1_356' title='bbox 2749 1239 3149 1310; x_wconf 82' lang='lat' dir='ltr'><strong>primog‘emtus</strong></span> <span class='ocrx_word' id='word_1_357' title='bbox 3177 1234 3358 1295; x_wconf 75' lang='lat' dir='ltr'><strong>omnis</strong></span> <span class='ocrx_word' id='word_1_358' title='bbox 3381 1249 3540 1292; x_wconf 55' lang='lat' dir='ltr'><strong>cras-</strong></span> 
     </span>
    </p>
   </div>
   <div class='ocr_carea' id='block_1_53' title="bbox 1942 1329 3542 1405">
    <p class='ocr_par' dir='ltr' id='par_1_53' title="bbox 1942 1329 3542 1405">
     <span class='ocr_line' id='line_1_53' title="bbox 1942 1329 3542 1405; baseline -0.006 -15"><span class='ocrx_word' id='word_1_359' title='bbox 1942 1348 2098 1402; x_wconf 68' lang='lat' dir='ltr'><strong>turre,</strong></span> <span class='ocrx_word' id='word_1_360' title='bbox 2127 1336 2241 1403; x_wconf 89' lang='lat' dir='ltr'><strong>ipse</strong></span> <span class='ocrx_word' id='word_1_361' title='bbox 2269 1348 2489 1405; x_wconf 84' lang='lat' dir='ltr'><strong>quoque</strong></span> <span class='ocrx_word' id='word_1_362' title='bbox 2523 1341 2609 1388; x_wconf 87' lang='lat' dir='ltr'><strong>est</strong></span> <span class='ocrx_word' id='word_1_363' title='bbox 2636 1348 2779 1387; x_wconf 87' lang='lat' dir='ltr'><strong>unus</strong></span> <span class='ocrx_word' id='word_1_364' title='bbox 2819 1345 2887 1389; x_wconf 79' lang='lat' dir='ltr'><strong>ex</strong></span> <span class='ocrx_word' id='word_1_365' title='bbox 2934 1330 3228 1398; x_wconf 75' lang='lat' dir='ltr'><strong>creaturis,</strong></span> <span class='ocrx_word' id='word_1_366' title='bbox 3270 1337 3327 1385; x_wconf 91' lang='lat' dir='ltr'><strong>et</strong></span> <span class='ocrx_word' id='word_1_367' title='bbox 3358 1329 3542 1383; x_wconf 84' lang='lat' dir='ltr'><strong>omnia</strong></span> 
     </span>
    </p>
   </div>
   <div class='ocr_carea' id='block_1_54' title="bbox 1942 1420 3544 1498">
    <p class='ocr_par' dir='ltr' id='par_1_54' title="bbox 1942 1420 3544 1498">
     <span class='ocr_line' id='line_1_54' title="bbox 1942 1420 3544 1498; baseline -0.007 -15"><span class='ocrx_word' id='word_1_368' title='bbox 1942 1444 2040 1498; x_wconf 86' lang='lat' dir='ltr'><strong>per</strong></span> <span class='ocrx_word' id='word_1_369' title='bbox 2068 1429 2241 1496; x_wconf 82' lang='lat' dir='ltr'><strong>ipsum</strong></span> <span class='ocrx_word' id='word_1_370' title='bbox 2268 1426 2409 1481; x_wconf 78' lang='lat' dir='ltr'><strong>facta</strong></span> <span class='ocrx_word' id='word_1_371' title='bbox 2442 1434 2567 1480; x_wconf 89' lang='lat' dir='ltr'><strong>sunt</strong></span> <span class='ocrx_word' id='word_1_372' title='bbox 2588 1426 2659 1490; x_wconf 83' lang='lat'><strong>&quot;,</strong></span> <span class='ocrx_word' id='word_1_373' title='bbox 2693 1433 2961 1495; x_wconf 85' lang='lat' dir='ltr'><strong>sequetur</strong></span> <span class='ocrx_word' id='word_1_374' title='bbox 2979 1437 3047 1478; x_wconf 79' lang='lat' dir='ltr'><strong>ex</strong></span> <span class='ocrx_word' id='word_1_375' title='bbox 3080 1430 3261 1478; x_wconf 81' lang='lat' dir='ltr'><strong>vestra</strong></span> <span class='ocrx_word' id='word_1_376' title='bbox 3286 1420 3544 1491; x_wconf 84' lang='lat' dir='ltr'><strong>opinione</strong></span> 
     </span>
    </p>
   </div>
   <div class='ocr_carea' id='block_1_55' title="bbox 1943 1511 3541 1590">
    <p class='ocr_par' dir='ltr' id='par_1_55' title="bbox 1943 1511 3541 1590">
     <span class='ocr_line' id='line_1_55' title="bbox 1943 1511 3541 1590; baseline -0.006 -17"><span class='ocrx_word' id='word_1_377' title='bbox 1943 1520 2087 1590; x_wconf 92' lang='lat' dir='ltr'><strong>quod</strong></span> <span class='ocrx_word' id='word_1_378' title='bbox 2130 1520 2367 1588; x_wconf 88' lang='lat' dir='ltr'><strong>seipsum</strong></span> <span class='ocrx_word' id='word_1_379' title='bbox 2401 1516 2625 1583; x_wconf 83' lang='lat' dir='ltr'><strong>crearit,</strong></span> <span class='ocrx_word' id='word_1_380' title='bbox 2656 1524 2709 1571; x_wconf 91' lang='lat' dir='ltr'><strong>et</strong></span> <span class='ocrx_word' id='word_1_381' title='bbox 2751 1516 2893 1586; x_wconf 88' lang='lat' dir='ltr'><strong>quod</strong></span> <span class='ocrx_word' id='word_1_382' title='bbox 2924 1523 3147 1570; x_wconf 83' lang='lat' dir='ltr'><strong>creator</strong></span> <span class='ocrx_word' id='word_1_383' title='bbox 3180 1520 3408 1569; x_wconf 77' lang='lat' dir='ltr'><strong>creatus</strong></span> <span class='ocrx_word' id='word_1_384' title='bbox 3450 1511 3541 1573; x_wconf 83' lang='lat' dir='ltr'><strong>sit,</strong></span> 
     </span>
    </p>
   </div>
   <div class='ocr_carea' id='block_1_56' title="bbox 1945 1602 3547 1681">
    <p class='ocr_par' dir='ltr' id='par_1_56' title="bbox 1945 1602 3547 1681">
     <span class='ocr_line' id='line_1_56' title="bbox 1945 1602 3547 1681; baseline -0.004 -15"><span class='ocrx_word' id='word_1_385' title='bbox 1945 1622 1998 1666; x_wconf 91' lang='lat' dir='ltr'><strong>et</strong></span> <span class='ocrx_word' id='word_1_386' title='bbox 2025 1610 2242 1681; x_wconf 85' lang='lat' dir='ltr'><strong>quidem</strong></span> <span class='ocrx_word' id='word_1_387' title='bbox 2274 1625 2304 1663; x_wconf 86' lang='lat' dir='ltr'><strong>a</strong></span> <span class='ocrx_word' id='word_1_388' title='bbox 2331 1612 2533 1679; x_wconf 83' lang='lat' dir='ltr'><strong>seipso.</strong></span> <span class='ocrx_word' id='word_1_389' title='bbox 2574 1607 2712 1662; x_wconf 83' lang='lat' dir='ltr'><strong>Nam</strong></span> <span class='ocrx_word' id='word_1_390' title='bbox 2755 1607 2800 1662; x_wconf 87' lang='lat' dir='ltr'><strong>si</strong></span> <span class='ocrx_word' id='word_1_391' title='bbox 2832 1606 3077 1661; x_wconf 87' lang='lat' dir='ltr'><strong>omnium</strong></span> <span class='ocrx_word' id='word_1_392' title='bbox 3121 1617 3349 1660; x_wconf 90' lang='lat' dir='ltr'><strong>numero</strong></span> <span class='ocrx_word' id='word_1_393' title='bbox 3377 1602 3547 1659; x_wconf 84' lang='lat' dir='ltr'><strong>etiam</strong></span> 
     </span>
    </p>
   </div>
   <div class='ocr_carea' id='block_1_57' title="bbox 1949 1700 3545 1774">
    <p class='ocr_par' dir='ltr' id='par_1_57' title="bbox 1949 1700 3545 1774">
     <span class='ocr_line' id='line_1_57' title="bbox 1949 1700 3545 1774; baseline -0.008 -14"><span class='ocrx_word' id='word_1_394' title='bbox 1949 1706 2067 1774; x_wconf 91' lang='lat' dir='ltr'><strong>ipse</strong></span> <span class='ocrx_word' id='word_1_395' title='bbox 2107 1704 2439 1768; x_wconf 85' lang='lat' dir='ltr'><strong>continetur,</strong></span> <span class='ocrx_word' id='word_1_396' title='bbox 2474 1702 2770 1772; x_wconf 83' lang='lat' dir='ltr'><strong>omniaque</strong></span> <span class='ocrx_word' id='word_1_397' title='bbox 2795 1714 2894 1770; x_wconf 88' lang='lat' dir='ltr'><strong>per</strong></span> <span class='ocrx_word' id='word_1_398' title='bbox 2945 1700 3124 1769; x_wconf 89' lang='lat' dir='ltr'><strong>ipsum</strong></span> <span class='ocrx_word' id='word_1_399' title='bbox 3160 1706 3307 1763; x_wconf 85' lang='lat' dir='ltr'><strong>sunt,</strong></span> <span class='ocrx_word' id='word_1_400' title='bbox 3356 1711 3545 1751; x_wconf 82' lang='lat' dir='ltr'><strong>verum</strong></span> 
     </span>
    </p>
   </div>
   <div class='ocr_carea' id='block_1_58' title="bbox 1950 1789 3547 1862">
    <p class='ocr_par' dir='ltr' id='par_1_58' title="bbox 1950 1789 3547 1862">
     <span class='ocr_line' id='line_1_58' title="bbox 1950 1789 3547 1862; baseline -0.007 -10"><span class='ocrx_word' id='word_1_401' title='bbox 1950 1795 2173 1852; x_wconf 87' lang='lat' dir='ltr'><strong>omnino</strong></span> <span class='ocrx_word' id='word_1_402' title='bbox 2201 1794 2306 1851; x_wconf 89' lang='lat' dir='ltr'><strong>erit</strong></span> <span class='ocrx_word' id='word_1_403' title='bbox 2340 1794 2483 1862; x_wconf 89' lang='lat' dir='ltr'><strong>quod</strong></span> <span class='ocrx_word' id='word_1_404' title='bbox 2504 1793 2765 1848; x_wconf 82' lang='lat' dir='ltr'><strong>diximus.</strong></span> <span class='ocrx_word' id='word_1_405' title='bbox 2798 1792 2870 1848; x_wconf 86' lang='lat' dir='ltr'><strong>At</strong></span> <span class='ocrx_word' id='word_1_406' title='bbox 2914 1791 2959 1847; x_wconf 88' lang='lat' dir='ltr'><strong>si</strong></span> <span class='ocrx_word' id='word_1_407' title='bbox 2994 1790 3175 1848; x_wconf 91' lang='lat' dir='ltr'><strong>omnis</strong></span> <span class='ocrx_word' id='word_1_408' title='bbox 3203 1797 3453 1845; x_wconf 80' lang='lat' dir='ltr'><strong>creatura</strong></span> <span class='ocrx_word' id='word_1_409' title='bbox 3493 1789 3547 1841; x_wconf 87' lang='lat' dir='ltr'><strong>iu</strong></span> 
     </span>
    </p>
   </div>
   <div class='ocr_carea' id='block_1_59' title="bbox 1874 1880 3547 1969">
    <p class='ocr_par' dir='ltr' id='par_1_59' title="bbox 1874 1880 3547 1969">
     <span class='ocr_line' id='line_1_59' title="bbox 1874 1880 3547 1969; baseline -0.004 -23"><span class='ocrx_word' id='word_1_410' title='bbox 1874 1914 1918 1969; x_wconf 72' lang='grc' dir='ltr'>Β</span> <span class='ocrx_word' id='word_1_411' title='bbox 1951 1889 2070 1961; x_wconf 88' lang='lat' dir='ltr'><strong>ipso</strong></span> <span class='ocrx_word' id='word_1_412' title='bbox 2091 1888 2307 1945; x_wconf 79' lang='lat' dir='ltr'><strong>condita</strong></span> <span class='ocrx_word' id='word_1_413' title='bbox 2337 1896 2442 1953; x_wconf 89' lang='lat' dir='ltr'><strong>est,</strong></span> <span class='ocrx_word' id='word_1_414' title='bbox 2470 1886 2748 1957; x_wconf 89' lang='lat' dir='ltr'><strong>quomodo</strong></span> <span class='ocrx_word' id='word_1_415' title='bbox 2768 1891 2952 1955; x_wconf 87' lang='lat' dir='ltr'><strong>potest</strong></span> <span class='ocrx_word' id='word_1_416' title='bbox 2977 1896 3100 1939; x_wconf 78' lang='lat' dir='ltr'><strong>esse</strong></span> <span class='ocrx_word' id='word_1_417' title='bbox 3130 1895 3271 1938; x_wconf 86' lang='lat' dir='ltr'><strong>unus</strong></span> <span class='ocrx_word' id='word_1_418' title='bbox 3300 1880 3547 1939; x_wconf 81' lang='lat' dir='ltr'><strong>omnium</strong></span> 
     </span>
    </p>
   </div>
   <div class='ocr_carea' id='block_1_60' title="bbox 1948 1976 2870 2049">
    <p class='ocr_par' dir='ltr' id='par_1_60' title="bbox 1948 1976 2870 2049">
     <span class='ocr_line' id='line_1_60' title="bbox 1948 1976 2870 2049; baseline -0.008 -13"><span class='ocrx_word' id='word_1_419' title='bbox 1948 1981 1996 2036; x_wconf 88' lang='lat' dir='ltr'><strong>is</strong></span> <span class='ocrx_word' id='word_1_420' title='bbox 2026 1994 2057 2034; x_wconf 88' lang='lat' dir='ltr'><strong>a</strong></span> <span class='ocrx_word' id='word_1_421' title='bbox 2092 1993 2201 2049; x_wconf 91' lang='lat' dir='ltr'><strong>quo</strong></span> <span class='ocrx_word' id='word_1_422' title='bbox 2230 1978 2410 2037; x_wconf 85' lang='lat' dir='ltr'><strong>omnia</strong></span> <span class='ocrx_word' id='word_1_423' title='bbox 2450 1985 2577 2033; x_wconf 92' lang='lat' dir='ltr'><strong>sunt</strong></span> <span class='ocrx_word' id='word_1_424' title='bbox 2608 1976 2870 2033; x_wconf 83' lang='lat' dir='ltr'><strong>condita?</strong></span> 
     </span>
    </p>
   </div>
   <div class='ocr_carea' id='block_1_61' title="bbox 1950 2088 3549 2161">
    <p class='ocr_par' dir='ltr' id='par_1_61' title="bbox 1950 2088 3549 2161">
     <span class='ocr_line' id='line_1_61' title="bbox 1950 2088 3549 2161; baseline -0.006 -11"><span class='ocrx_word' id='word_1_425' title='bbox 1950 2091 2159 2151; x_wconf 75' lang='lat' dir='ltr'><strong>ALIUD</strong></span> <span class='ocrx_word' id='word_1_426' title='bbox 2209 2092 2504 2158; x_wconf 77' lang='lat' dir='ltr'><strong>norrative,</strong></span> <span class='ocrx_word' id='word_1_427' title='bbox 2557 2100 2604 2146; x_wconf 87' lang='lat' dir='ltr'><strong>et</strong></span> <span class='ocrx_word' id='word_1_428' title='bbox 2638 2090 2903 2161; x_wconf 81' lang='lat' dir='ltr'><strong>quomodo</strong></span> <span class='ocrx_word' id='word_1_429' title='bbox 2945 2092 3030 2159; x_wconf 81' lang='lat' dir='ltr'><strong>pie</strong></span> <span class='ocrx_word' id='word_1_430' title='bbox 3074 2088 3304 2161; x_wconf 77' lang='lat' dir='ltr'><strong>intelligi</strong></span> <span class='ocrx_word' id='word_1_431' title='bbox 3341 2088 3549 2154; x_wconf 71' lang='lat' dir='ltr'><strong>debeat,</strong></span> 
     </span>
    </p>
   </div>
   <div class='ocr_carea' id='block_1_62' title="bbox 2487 2160 3026 2232">
    <p class='ocr_par' dir='ltr' id='par_1_62' title="bbox 2487 2160 3026 2232">
     <span class='ocr_line' id='line_1_62' title="bbox 2487 2160 3026 2232; baseline -0.006 -17"><span class='ocrx_word' id='word_1_432' title='bbox 2487 2182 2506 2215; x_wconf 78' lang='grc' dir='ltr'><strong>ι</strong></span> <span class='ocrx_word' id='word_1_433' title='bbox 2549 2160 2966 2232; x_wconf 72' lang='lat' dir='ltr'><strong>Printogem&#39;tus.</strong></span> <span class='ocrx_word' id='word_1_434' title='bbox 3008 2181 3026 2212; x_wconf 76' lang='grc' dir='ltr'><strong>ι</strong></span> 
     </span>
    </p>
   </div>
   <div class='ocr_carea' id='block_1_63' title="bbox 2024 2273 3553 2348">
    <p class='ocr_par' dir='ltr' id='par_1_63' title="bbox 2024 2273 3553 2348">
     <span class='ocr_line' id='line_1_63' title="bbox 2024 2273 3553 2348; baseline -0.004 -15"><span class='ocrx_word' id='word_1_435' title='bbox 2024 2275 2427 2348; x_wconf 85' lang='lat' dir='ltr'><strong>Primogenitus</strong></span> <span class='ocrx_word' id='word_1_436' title='bbox 2453 2276 2508 2331; x_wconf 91' lang='lat' dir='ltr'><strong>in</strong></span> <span class='ocrx_word' id='word_1_437' title='bbox 2533 2274 2717 2331; x_wconf 72' lang='lat' dir='ltr'><strong>multis</strong></span> <span class='ocrx_word' id='word_1_438' title='bbox 2748 2273 3011 2330; x_wconf 80' lang='lat' dir='ltr'><strong>fratribus</strong></span> <span class='ocrx_word' id='word_1_439' title='bbox 3036 2273 3260 2341; x_wconf 88' lang='lat' dir='ltr'><strong>dicitur,</strong></span> <span class='ocrx_word' id='word_1_440' title='bbox 3284 2280 3553 2342; x_wconf 78' lang='lat' dir='ltr'><strong>quatenus</strong></span> 
     </span>
    </p>
   </div>
   <div class='ocr_carea' id='block_1_64' title="bbox 1954 2365 3552 2441">
    <p class='ocr_par' dir='ltr' id='par_1_64' title="bbox 1954 2365 3552 2441">
     <span class='ocr_line' id='line_1_64' title="bbox 1954 2365 3552 2441; baseline -0.004 -16"><span class='ocrx_word' id='word_1_441' title='bbox 1954 2385 2053 2441; x_wconf 89' lang='lat' dir='ltr'><strong>per</strong></span> <span class='ocrx_word' id='word_1_442' title='bbox 2081 2369 2260 2424; x_wconf 85' lang='lat' dir='ltr'><strong>omnia</strong></span> <span class='ocrx_word' id='word_1_443' title='bbox 2292 2368 2469 2424; x_wconf 82' lang='lat' dir='ltr'><strong>factus</strong></span> <span class='ocrx_word' id='word_1_444' title='bbox 2495 2376 2578 2425; x_wconf 87' lang='lat' dir='ltr'><strong>est</strong></span> <span class='ocrx_word' id='word_1_445' title='bbox 2610 2367 2769 2423; x_wconf 88' lang='lat' dir='ltr'><strong>nobis</strong></span> <span class='ocrx_word' id='word_1_446' title='bbox 2801 2365 3000 2421; x_wconf 84' lang='lat' dir='ltr'><strong>similis</strong></span> <span class='ocrx_word' id='word_1_447' title='bbox 3041 2372 3274 2432; x_wconf 80' lang='lat' dir='ltr'><strong>excepto</strong></span> <span class='ocrx_word' id='word_1_448' title='bbox 3305 2371 3552 2433; x_wconf 86' lang='lat' dir='ltr'><strong>peccato,</strong></span> 
     </span>
    </p>
   </div>
   <div class='ocr_carea' id='block_1_65' title="bbox 1956 2455 3559 2532">
    <p class='ocr_par' dir='ltr' id='par_1_65' title="bbox 1956 2455 3559 2532">
     <span class='ocr_line' id='line_1_65' title="bbox 1956 2455 3559 2532; baseline -0.004 -14"><span class='ocrx_word' id='word_1_449' title='bbox 1956 2473 2011 2520; x_wconf 85' lang='lat' dir='ltr'><strong>et</strong></span> <span class='ocrx_word' id='word_1_450' title='bbox 2060 2470 2331 2532; x_wconf 80' lang='lat' dir='ltr'><strong>quatenus</strong></span> <span class='ocrx_word' id='word_1_451' title='bbox 2389 2474 2610 2516; x_wconf 88' lang='lat' dir='ltr'><strong>carnem</strong></span> <span class='ocrx_word' id='word_1_452' title='bbox 2673 2468 2916 2514; x_wconf 87' lang='lat' dir='ltr'><strong>nostram</strong></span> <span class='ocrx_word' id='word_1_453' title='bbox 2979 2466 3221 2528; x_wconf 75' lang='lat' dir='ltr'><strong>gestans,</strong></span> <span class='ocrx_word' id='word_1_454' title='bbox 3277 2455 3559 2524; x_wconf 76' lang='lat' dir='ltr'><strong>fraterque</strong></span> 
     </span>
    </p>
   </div>
   <div class='ocr_carea' id='block_1_66' title="bbox 1958 2547 3559 2619">
    <p class='ocr_par' dir='ltr' id='par_1_66' title="bbox 1958 2547 3559 2619">
     <span class='ocr_line' id='line_1_66' title="bbox 1958 2547 3559 2619; baseline -0.006 -10"><span class='ocrx_word' id='word_1_455' title='bbox 1958 2561 2144 2611; x_wconf 87' lang='lat' dir='ltr'><strong>noster</strong></span> <span class='ocrx_word' id='word_1_456' title='bbox 2168 2554 2368 2619; x_wconf 86' lang='lat' dir='ltr'><strong>dictus,</strong></span> <span class='ocrx_word' id='word_1_457' title='bbox 2405 2552 2602 2607; x_wconf 90' lang='lat' dir='ltr'><strong>merito</strong></span> <span class='ocrx_word' id='word_1_458' title='bbox 2635 2553 2707 2605; x_wconf 85' lang='lat' dir='ltr'><strong>ita</strong></span> <span class='ocrx_word' id='word_1_459' title='bbox 2741 2559 2988 2605; x_wconf 84' lang='lat' dir='ltr'><strong>vocatur.</strong></span> <span class='ocrx_word' id='word_1_460' title='bbox 3022 2547 3559 2616; x_wconf 85' lang='lat' dir='ltr'><strong>Primogenitus-au-.</strong></span> 
     </span>
    </p>
   </div>
   <div class='ocr_carea' id='block_1_67' title="bbox 1963 2637 3557 2711">
    <p class='ocr_par' dir='ltr' id='par_1_67' title="bbox 1963 2637 3557 2711">
     <span class='ocr_line' id='line_1_67' title="bbox 1963 2637 3557 2711; baseline -0.007 -11"><span class='ocrx_word' id='word_1_461' title='bbox 1963 2656 2069 2703; x_wconf 87' lang='lat' dir='ltr'><strong>tem</strong></span> <span class='ocrx_word' id='word_1_462' title='bbox 2118 2661 2187 2702; x_wconf 79' lang='lat' dir='ltr'><strong>ex</strong></span> <span class='ocrx_word' id='word_1_463' title='bbox 2235 2645 2463 2701; x_wconf 87' lang='lat' dir='ltr'><strong>mortuis</strong></span> <span class='ocrx_word' id='word_1_464' title='bbox 2504 2642 2725 2707; x_wconf 88' lang='lat' dir='ltr'><strong>dicitur,</strong></span> <span class='ocrx_word' id='word_1_465' title='bbox 2777 2642 2906 2710; x_wconf 82' lang='lat' dir='ltr'><strong>quia</strong></span> <span class='ocrx_word' id='word_1_466' title='bbox 2970 2640 3086 2711; x_wconf 86' lang='lat' dir='ltr'><strong>ipse</strong></span> <span class='ocrx_word' id='word_1_467' title='bbox 3140 2637 3349 2708; x_wconf 90' lang='lat' dir='ltr'><strong>primus</strong></span> <span class='ocrx_word' id='word_1_468' title='bbox 3402 2650 3557 2690; x_wconf 79' lang='lat' dir='ltr'><strong>suam</strong></span> 
     </span>
    </p>
   </div>
   <div class='ocr_carea' id='block_1_68' title="bbox 1962 2728 3561 2807">
    <p class='ocr_par' dir='ltr' id='par_1_68' title="bbox 1962 2728 3561 2807">
     <span class='ocr_line' id='line_1_68' title="bbox 1962 2728 3561 2807; baseline -0.009 -14"><span class='ocrx_word' id='word_1_469' title='bbox 1962 2738 2134 2807; x_wconf 81' lang='lat' dir='ltr'><strong>ipsius</strong></span> <span class='ocrx_word' id='word_1_470' title='bbox 2158 2753 2376 2793; x_wconf 84' lang='lat' dir='ltr'><strong>carnem</strong></span> <span class='ocrx_word' id='word_1_471' title='bbox 2400 2735 2465 2789; x_wconf 87' lang='lat' dir='ltr'><strong>ad</strong></span> <span class='ocrx_word' id='word_1_472' title='bbox 2491 2734 2955 2802; x_wconf 84' lang='lat' dir='ltr'><strong>incorruptionem</strong></span> <span class='ocrx_word' id='word_1_473' title='bbox 2980 2729 3221 2797; x_wconf 75' lang='lat' dir='ltr'><strong>reduxit,</strong></span> <span class='ocrx_word' id='word_1_474' title='bbox 3242 2728 3561 2798; x_wconf 84' lang='lat' dir='ltr'><strong>primusque</strong></span> 
     </span>
    </p>
   </div>
   <div class='ocr_carea' id='block_1_69' title="bbox 1963 2819 3562 2895">
    <p class='ocr_par' dir='ltr' id='par_1_69' title="bbox 1963 2819 3562 2895">
     <span class='ocr_line' id='line_1_69' title="bbox 1963 2819 3562 2895; baseline -0.009 -9"><span class='ocrx_word' id='word_1_475' title='bbox 1963 2844 2083 2886; x_wconf 86' lang='lat' dir='ltr'><strong>eam</strong></span> <span class='ocrx_word' id='word_1_476' title='bbox 2120 2829 2175 2885; x_wconf 93' lang='lat' dir='ltr'><strong>in</strong></span> <span class='ocrx_word' id='word_1_477' title='bbox 2204 2829 2401 2884; x_wconf 71' lang='lat' dir='ltr'><strong>omium</strong></span> <span class='ocrx_word' id='word_1_478' title='bbox 2440 2837 2641 2881; x_wconf 79' lang='lat' dir='ltr'><strong>erexit.</strong></span> <span class='ocrx_word' id='word_1_479' title='bbox 2692 2823 2905 2880; x_wconf 89' lang='lat' dir='ltr'><strong>Idcirco</strong></span> <span class='ocrx_word' id='word_1_480' title='bbox 2931 2823 3097 2878; x_wconf 83' lang='lat' dir='ltr'><strong>etiam</strong></span> <span class='ocrx_word' id='word_1_481' title='bbox 3126 2820 3304 2895; x_wconf 82' lang='lat' dir='ltr'><strong>inquit</strong></span> <span class='ocrx_word' id='word_1_482' title='bbox 3348 2838 3360 2874; x_wconf 88' lang='lat'><strong>:</strong></span> <span class='ocrx_word' id='word_1_483' title='bbox 3401 2836 3418 2871; x_wconf 76' lang='grc' dir='ltr'><strong>ι</strong></span> <span class='ocrx_word' id='word_1_484' title='bbox 3449 2819 3562 2887; x_wconf 84' lang='lat' dir='ltr'><strong>Ego</strong></span> 
     </span>
    </p>
   </div>
   <div class='ocr_carea' id='block_1_70' title="bbox 1965 2910 3560 2990">
    <p class='ocr_par' dir='ltr' id='par_1_70' title="bbox 1965 2910 3560 2990">
     <span class='ocr_line' id='line_1_70' title="bbox 1965 2910 3560 2990; baseline -0.009 -14"><span class='ocrx_word' id='word_1_485' title='bbox 1965 2937 2083 2976; x_wconf 84' lang='lat' dir='ltr'><strong>sunt</strong></span> <span class='ocrx_word' id='word_1_486' title='bbox 2115 2921 2199 2975; x_wconf 91' lang='lat' dir='ltr'><strong>via</strong></span> <span class='ocrx_word' id='word_1_487' title='bbox 2226 2920 2295 2984; x_wconf 81' lang='lat'><strong>&quot;,</strong></span> <span class='ocrx_word' id='word_1_488' title='bbox 2326 2929 2379 2974; x_wconf 93' lang='lat' dir='ltr'><strong>et</strong></span> <span class='ocrx_word' id='word_1_489' title='bbox 2406 2934 2508 2990; x_wconf 77' lang='lat' dir='ltr'><strong>ego</strong></span> <span class='ocrx_word' id='word_1_490' title='bbox 2533 2932 2652 2975; x_wconf 82' lang='lat' dir='ltr'><strong>sum</strong></span> <span class='ocrx_word' id='word_1_491' title='bbox 2688 2916 2855 2984; x_wconf 85' lang='lat' dir='ltr'><strong>janua</strong></span> <span class='ocrx_word' id='word_1_492' title='bbox 2886 2916 2954 2967; x_wconf 61' lang='grc' dir='ltr'><strong>τι.</strong></span> <span class='ocrx_word' id='word_1_493' title='bbox 2990 2932 3009 2967; x_wconf 75' lang='grc' dir='ltr'><strong>ι</strong></span> <span class='ocrx_word' id='word_1_494' title='bbox 3054 2911 3158 2967; x_wconf 82' lang='lat' dir='ltr'><strong>Per</strong></span> <span class='ocrx_word' id='word_1_495' title='bbox 3201 2912 3378 2982; x_wconf 90' lang='lat' dir='ltr'><strong>ipsum</strong></span> <span class='ocrx_word' id='word_1_496' title='bbox 3414 2910 3560 2966; x_wconf 87' lang='lat' dir='ltr'><strong>enim</strong></span> 
     </span>
    </p>
   </div>
   <div class='ocr_carea' id='block_1_71' title="bbox 1966 3004 3567 3077">
    <p class='ocr_par' dir='ltr' id='par_1_71' title="bbox 1966 3004 3567 3077">
     <span class='ocr_line' id='line_1_71' title="bbox 1966 3004 3567 3077; baseline -0.009 -10"><span class='ocrx_word' id='word_1_497' title='bbox 1966 3024 2159 3068; x_wconf 85' lang='lat' dir='ltr'><strong>natura</strong></span> <span class='ocrx_word' id='word_1_498' title='bbox 2192 3012 2425 3067; x_wconf 83' lang='lat' dir='ltr'><strong>humana</strong></span> <span class='ocrx_word' id='word_1_499' title='bbox 2480 3025 2682 3073; x_wconf 90' lang='lat' dir='ltr'><strong>novum</strong></span> <span class='ocrx_word' id='word_1_500' title='bbox 2733 3009 2836 3074; x_wconf 79' lang='lat' dir='ltr'><strong>iter</strong></span> <span class='ocrx_word' id='word_1_501' title='bbox 2890 3005 3099 3077; x_wconf 85' lang='lat' dir='ltr'><strong>ingredi</strong></span> <span class='ocrx_word' id='word_1_502' title='bbox 3149 3004 3307 3060; x_wconf 88' lang='lat' dir='ltr'><strong>docta</strong></span> <span class='ocrx_word' id='word_1_503' title='bbox 3359 3010 3465 3066; x_wconf 86' lang='lat' dir='ltr'><strong>est,</strong></span> <span class='ocrx_word' id='word_1_504' title='bbox 3501 3014 3567 3054; x_wconf 88' lang='lat' dir='ltr'><strong>ac</strong></span> 
     </span>
    </p>
   </div>
   <div class='ocr_carea' id='block_1_72' title="bbox 1970 3094 3560 3172">
    <p class='ocr_par' dir='ltr' id='par_1_72' title="bbox 1970 3094 3560 3172">
     <span class='ocr_line' id='line_1_72' title="bbox 1970 3094 3560 3172; baseline -0.006 -18"><span class='ocrx_word' id='word_1_505' title='bbox 1970 3101 2132 3157; x_wconf 90' lang='lat' dir='ltr'><strong>veluti</strong></span> <span class='ocrx_word' id='word_1_506' title='bbox 2171 3115 2267 3172; x_wconf 89' lang='lat' dir='ltr'><strong>per</strong></span> <span class='ocrx_word' id='word_1_507' title='bbox 2308 3101 2530 3170; x_wconf 79' lang='lat' dir='ltr'><strong>ianuam</strong></span> <span class='ocrx_word' id='word_1_508' title='bbox 2567 3098 2859 3169; x_wconf 84' lang='lat' dir='ltr'><strong>quamdam</strong></span> <span class='ocrx_word' id='word_1_509' title='bbox 2906 3096 3108 3152; x_wconf 74' lang='lat' dir='ltr'><strong>omium</strong></span> <span class='ocrx_word' id='word_1_510' title='bbox 3155 3095 3331 3166; x_wconf 83' lang='lat' dir='ltr'><strong>ipsum</strong></span> <span class='ocrx_word' id='word_1_511' title='bbox 3375 3094 3560 3161; x_wconf 86' lang='lat' dir='ltr'><strong>ingre-</strong></span> 
     </span>
    </p>
   </div>
   <div class='ocr_carea' id='block_1_73' title="bbox 1970 3192 2135 3248">
    <p class='ocr_par' dir='ltr' id='par_1_73' title="bbox 1970 3192 2135 3248">
     <span class='ocr_line' id='line_1_73' title="bbox 1970 3192 2135 3248; baseline -0.012 0"><span class='ocrx_word' id='word_1_512' title='bbox 1970 3192 2135 3248; x_wconf 87' lang='lat' dir='ltr'><strong>ditur.</strong></span> 
     </span>
    </p>
   </div>
   <div class='ocr_carea' id='block_1_74' title="bbox 2004 3300 3528 3384">
    <p class='ocr_par' dir='ltr' id='par_1_74' title="bbox 2004 3300 3528 3384">
     <span class='ocr_line' id='line_1_74' title="bbox 2004 3300 3528 3384; baseline -0.006 -23"><span class='ocrx_word' id='word_1_513' title='bbox 2004 3305 2236 3373; x_wconf 75' lang='lat' dir='ltr'><strong>ALIUD,</strong></span> <span class='ocrx_word' id='word_1_514' title='bbox 2268 3322 2369 3375; x_wconf 81' lang='lat' dir='ltr'><strong>quo</strong></span> <span class='ocrx_word' id='word_1_515' title='bbox 2401 3314 2553 3375; x_wconf 82' lang='lat' dir='ltr'><strong>pacta</strong></span> <span class='ocrx_word' id='word_1_516' title='bbox 2593 3304 2818 3384; x_wconf 62' lang='lat' dir='ltr'><strong>intelligi</strong></span> <span class='ocrx_word' id='word_1_517' title='bbox 2854 3304 3041 3384; x_wconf 74' lang='lat' dir='ltr'><strong>possit,</strong></span> <span class='ocrx_word' id='word_1_518' title='bbox 3076 3321 3094 3354; x_wconf 71' lang='grc' dir='ltr'><strong>ι</strong></span> <span class='ocrx_word' id='word_1_519' title='bbox 3134 3300 3528 3369; x_wconf 75' lang='lat' dir='ltr'><strong>Primogenitus</strong></span> 
     </span>
    </p>
   </div>
   <div class='ocr_carea' id='block_1_75' title="bbox 2520 3383 3062 3427">
    <p class='ocr_par' dir='ltr' id='par_1_75' title="bbox 2520 3383 3062 3427">
     <span class='ocr_line' id='line_1_75' title="bbox 2520 3383 3062 3427; baseline -0.004 -1"><span class='ocrx_word' id='word_1_520' title='bbox 2520 3383 2689 3427; x_wconf 71' lang='lat' dir='ltr'><strong>omnis</strong></span> <span class='ocrx_word' id='word_1_521' title='bbox 2727 3383 3006 3427; x_wconf 77' lang='lat' dir='ltr'><strong>creaturw.</strong></span> <span class='ocrx_word' id='word_1_522' title='bbox 3044 3392 3062 3424; x_wconf 75' lang='grc' dir='ltr'><strong>ι</strong></span> 
     </span>
    </p>
   </div>
   <div class='ocr_carea' id='block_1_76' title="bbox 2041 3484 3568 3559">
    <p class='ocr_par' dir='ltr' id='par_1_76' title="bbox 2041 3484 3568 3559">
     <span class='ocr_line' id='line_1_76' title="bbox 2041 3484 3568 3559; baseline -0.004 -14"><span class='ocrx_word' id='word_1_523' title='bbox 2041 3491 2210 3545; x_wconf 84' lang='lat' dir='ltr'><strong>Filius</strong></span> <span class='ocrx_word' id='word_1_524' title='bbox 2237 3497 2456 3559; x_wconf 90' lang='lat' dir='ltr'><strong>pr0pter</strong></span> <span class='ocrx_word' id='word_1_525' title='bbox 2479 3486 2869 3557; x_wconf 77' lang='lat' dir='ltr'><strong>benignitatem</strong></span> <span class='ocrx_word' id='word_1_526' title='bbox 2900 3484 3076 3540; x_wconf 83' lang='lat' dir='ltr'><strong>Patris</strong></span> <span class='ocrx_word' id='word_1_527' title='bbox 3104 3499 3233 3556; x_wconf 80' lang='lat' dir='ltr'><strong>erga</strong></span> <span class='ocrx_word' id='word_1_528' title='bbox 3257 3499 3384 3538; x_wconf 84' lang='lat' dir='ltr'><strong>suas</strong></span> <span class='ocrx_word' id='word_1_529' title='bbox 3413 3499 3568 3539; x_wconf 86' lang='lat' dir='ltr'><strong>crea-</strong></span> 
     </span>
    </p>
   </div>
   <div class='ocr_carea' id='block_1_77' title="bbox 1971 3575 3566 3652">
    <p class='ocr_par' dir='ltr' id='par_1_77' title="bbox 1971 3575 3566 3652">
     <span class='ocr_line' id='line_1_77' title="bbox 1971 3575 3566 3652; baseline -0.004 -15"><span class='ocrx_word' id='word_1_530' title='bbox 1971 3593 2122 3637; x_wconf 91' lang='lat' dir='ltr'><strong>turas</strong></span> <span class='ocrx_word' id='word_1_531' title='bbox 2142 3583 2382 3652; x_wconf 85' lang='lat' dir='ltr'><strong>seipsum</strong></span> <span class='ocrx_word' id='word_1_532' title='bbox 2402 3580 2616 3634; x_wconf 86' lang='lat' dir='ltr'><strong>vocavit</strong></span> <span class='ocrx_word' id='word_1_533' title='bbox 2636 3578 3055 3649; x_wconf 78' lang='lat' dir='ltr'><strong>primogenitum</strong></span> <span class='ocrx_word' id='word_1_534' title='bbox 3075 3575 3255 3633; x_wconf 89' lang='lat' dir='ltr'><strong>omnis</strong></span> <span class='ocrx_word' id='word_1_535' title='bbox 3274 3585 3566 3644; x_wconf 67' lang='lat' dir='ltr'><strong>creatum,</strong></span> 
     </span>
    </p>
   </div>
   <div class='ocr_carea' id='block_1_78' title="bbox 1971 3670 3561 3737">
    <p class='ocr_par' dir='ltr' id='par_1_78' title="bbox 1971 3670 3561 3737">
     <span class='ocr_line' id='line_1_78' title="bbox 1971 3670 3561 3737; baseline -0.004 -8"><span class='ocrx_word' id='word_1_536' title='bbox 1971 3681 2027 3729; x_wconf 88' lang='lat' dir='ltr'><strong>et</strong></span> <span class='ocrx_word' id='word_1_537' title='bbox 2062 3683 2265 3728; x_wconf 87' lang='lat' dir='ltr'><strong>tantum</strong></span> <span class='ocrx_word' id='word_1_538' title='bbox 2307 3686 2413 3726; x_wconf 90' lang='lat' dir='ltr'><strong>non</strong></span> <span class='ocrx_word' id='word_1_539' title='bbox 2450 3686 2511 3727; x_wconf 88' lang='lat' dir='ltr'><strong>se</strong></span> <span class='ocrx_word' id='word_1_540' title='bbox 2539 3672 2834 3731; x_wconf 84' lang='lat' dir='ltr'><strong>demittens</strong></span> <span class='ocrx_word' id='word_1_541' title='bbox 2867 3670 2935 3727; x_wconf 85' lang='lat' dir='ltr'><strong>ad</strong></span> <span class='ocrx_word' id='word_1_542' title='bbox 2976 3680 3183 3737; x_wconf 89' lang='lat' dir='ltr'><strong>creata,</strong></span> <span class='ocrx_word' id='word_1_543' title='bbox 3212 3672 3561 3725; x_wconf 83' lang='lat' dir='ltr'><strong>annumerari</strong></span> 
     </span>
    </p>
   </div>
   <div class='ocr_carea' id='block_1_79' title="bbox 1973 3761 3568 3832">
    <p class='ocr_par' dir='ltr' id='par_1_79' title="bbox 1973 3761 3568 3832">
     <span class='ocr_line' id='line_1_79' title="bbox 1973 3761 3568 3832; baseline -0.003 -12"><span class='ocrx_word' id='word_1_544' title='bbox 1973 3765 2137 3820; x_wconf 90' lang='lat' dir='ltr'><strong>etiam</strong></span> <span class='ocrx_word' id='word_1_545' title='bbox 2170 3763 2237 3819; x_wconf 89' lang='lat' dir='ltr'><strong>iis</strong></span> <span class='ocrx_word' id='word_1_546' title='bbox 2276 3778 2380 3817; x_wconf 90' lang='lat' dir='ltr'><strong>non</strong></span> <span class='ocrx_word' id='word_1_547' title='bbox 2415 3774 2633 3818; x_wconf 81' lang='lat' dir='ltr'><strong>recusat</strong></span> <span class='ocrx_word' id='word_1_548' title='bbox 2663 3780 2676 3817; x_wconf 90' lang='lat'><strong>:</strong></span> <span class='ocrx_word' id='word_1_549' title='bbox 2714 3772 2772 3817; x_wconf 91' lang='lat' dir='ltr'><strong>nt</strong></span> <span class='ocrx_word' id='word_1_550' title='bbox 2806 3761 3145 3818; x_wconf 77' lang='lat' dir='ltr'><strong>cumbarum</strong></span> <span class='ocrx_word' id='word_1_551' title='bbox 3173 3762 3568 3832; x_wconf 83' lang='lat' dir='ltr'><strong>primogenitus</strong></span> 
     </span>
    </p>
   </div>
   <div class='ocr_carea' id='block_1_80' title="bbox 1974 3852 3568 3925">
    <p class='ocr_par' dir='ltr' id='par_1_80' title="bbox 1974 3852 3568 3925">
     <span class='ocr_line' id='line_1_80' title="bbox 1974 3852 3568 3925; baseline -0.001 -20"><span class='ocrx_word' id='word_1_552' title='bbox 1974 3862 2218 3919; x_wconf 79' lang='lat' dir='ltr'><strong>vocetur,</strong></span> <span class='ocrx_word' id='word_1_553' title='bbox 2245 3868 2341 3923; x_wconf 84' lang='lat' dir='ltr'><strong>per</strong></span> <span class='ocrx_word' id='word_1_554' title='bbox 2366 3854 2541 3922; x_wconf 85' lang='lat' dir='ltr'><strong>ipsum</strong></span> <span class='ocrx_word' id='word_1_555' title='bbox 2573 3862 2882 3919; x_wconf 84' lang='lat' dir='ltr'><strong>serventur,</strong></span> <span class='ocrx_word' id='word_1_556' title='bbox 2903 3868 3024 3925; x_wconf 63' lang='lat' dir='ltr'><strong>qua</strong></span> <span class='ocrx_word' id='word_1_557' title='bbox 3048 3852 3223 3922; x_wconf 81' lang='lat' dir='ltr'><strong>ipsum</strong></span> <span class='ocrx_word' id='word_1_558' title='bbox 3244 3860 3568 3924; x_wconf 79' lang='lat' dir='ltr'><strong>sequuntur.</strong></span> 
     </span>
    </p>
   </div>
   <div class='ocr_carea' id='block_1_81' title="bbox 1976 3946 3569 4017">
    <p class='ocr_par' dir='ltr' id='par_1_81' title="bbox 1976 3946 3569 4017">
     <span class='ocr_line' id='line_1_81' title="bbox 1976 3946 3569 4017; baseline -0.003 -15"><span class='ocrx_word' id='word_1_559' title='bbox 1976 3946 2109 4002; x_wconf 83' lang='lat' dir='ltr'><strong>Nam</strong></span> <span class='ocrx_word' id='word_1_560' title='bbox 2141 3948 2186 4002; x_wconf 90' lang='lat' dir='ltr'><strong>si</strong></span> <span class='ocrx_word' id='word_1_561' title='bbox 2226 3954 2443 4017; x_wconf 87' lang='lat' dir='ltr'><strong>oportet</strong></span> <span class='ocrx_word' id='word_1_562' title='bbox 2470 3946 2691 4002; x_wconf 84' lang='lat' dir='ltr'><strong>omnino</strong></span> <span class='ocrx_word' id='word_1_563' title='bbox 2740 3946 2917 4017; x_wconf 92' lang='lat' dir='ltr'><strong>ipsum</strong></span> <span class='ocrx_word' id='word_1_564' title='bbox 2953 3960 3076 4001; x_wconf 88' lang='lat' dir='ltr'><strong>esse</strong></span> <span class='ocrx_word' id='word_1_565' title='bbox 3122 3946 3569 4017; x_wconf 77' lang='lat' dir='ltr'><strong>primogenitum,</strong></span> 
     </span>
    </p>
   </div>
   <div class='ocr_carea' id='block_1_82' title="bbox 1978 4036 3572 4109">
    <p class='ocr_par' dir='ltr' id='par_1_82' title="bbox 1978 4036 3572 4109">
     <span class='ocr_line' id='line_1_82' title="bbox 1978 4036 3572 4109; baseline -0.003 -14"><span class='ocrx_word' id='word_1_566' title='bbox 1978 4040 2275 4101; x_wconf 79' lang='lat' dir='ltr'><strong>manebunt</strong></span> <span class='ocrx_word' id='word_1_567' title='bbox 2326 4038 2569 4109; x_wconf 81' lang='lat' dir='ltr'><strong>profecto</strong></span> <span class='ocrx_word' id='word_1_568' title='bbox 2612 4037 2776 4093; x_wconf 88' lang='lat' dir='ltr'><strong>etiam</strong></span> <span class='ocrx_word' id='word_1_569' title='bbox 2814 4036 2850 4092; x_wconf 89' lang='lat' dir='ltr'><strong>ii</strong></span> <span class='ocrx_word' id='word_1_570' title='bbox 2893 4051 3125 4105; x_wconf 90' lang='lat' dir='ltr'><strong>quorum</strong></span> <span class='ocrx_word' id='word_1_571' title='bbox 3158 4048 3243 4093; x_wconf 90' lang='lat' dir='ltr'><strong>est</strong></span> <span class='ocrx_word' id='word_1_572' title='bbox 3297 4039 3572 4107; x_wconf 81' lang='lat' dir='ltr'><strong>primOge-</strong></span> 
     </span>
    </p>
   </div>
   <div class='ocr_carea' id='block_1_83' title="bbox 1978 4132 3565 4203">
    <p class='ocr_par' dir='ltr' id='par_1_83' title="bbox 1978 4132 3565 4203">
     <span class='ocr_line' id='line_1_83' title="bbox 1978 4132 3565 4203; baseline -0.003 -14"><span class='ocrx_word' id='word_1_573' title='bbox 1978 4134 2143 4191; x_wconf 86' lang='lat' dir='ltr'><strong>nitus.</strong></span> <span class='ocrx_word' id='word_1_574' title='bbox 2180 4133 2274 4188; x_wconf 82' lang='lat' dir='ltr'><strong>Est</strong></span> <span class='ocrx_word' id='word_1_575' title='bbox 2326 4133 2490 4203; x_wconf 83' lang='lat' dir='ltr'><strong>igitur</strong></span> <span class='ocrx_word' id='word_1_576' title='bbox 2525 4132 2837 4203; x_wconf 82' lang='lat' dir='ltr'><strong>uuigenitus</strong></span> <span class='ocrx_word' id='word_1_577' title='bbox 2880 4132 3099 4203; x_wconf 80' lang='lat' dir='ltr'><strong>quidem</strong></span> <span class='ocrx_word' id='word_1_578' title='bbox 3134 4133 3436 4187; x_wconf 87' lang='lat' dir='ltr'><strong>secundum</strong></span> <span class='ocrx_word' id='word_1_579' title='bbox 3470 4147 3565 4186; x_wconf 88' lang='lat' dir='ltr'><strong>na-</strong></span> 
     </span>
    </p>
   </div>
   <div class='ocr_carea' id='block_1_84' title="bbox 1980 4216 3639 4295">
    <p class='ocr_par' dir='ltr' id='par_1_84' title="bbox 1980 4216 3639 4295">
     <span class='ocr_line' id='line_1_84' title="bbox 1980 4216 3639 4295; baseline -0.001 -16"><span class='ocrx_word' id='word_1_580' title='bbox 1980 4236 2183 4291; x_wconf 90' lang='lat' dir='ltr'><strong>turam,</strong></span> <span class='ocrx_word' id='word_1_581' title='bbox 2228 4225 2430 4295; x_wconf 80' lang='lat' dir='ltr'><strong>quippe</strong></span> <span class='ocrx_word' id='word_1_582' title='bbox 2468 4225 2557 4293; x_wconf 89' lang='lat' dir='ltr'><strong>qui</strong></span> <span class='ocrx_word' id='word_1_583' title='bbox 2595 4224 2746 4281; x_wconf 87' lang='lat' dir='ltr'><strong>solus</strong></span> <span class='ocrx_word' id='word_1_584' title='bbox 2772 4224 2988 4280; x_wconf 75' lang='lat' dir='ltr'><strong>exsistit</strong></span> <span class='ocrx_word' id='word_1_585' title='bbox 3018 4240 3047 4280; x_wconf 92' lang='lat' dir='ltr'><strong>e</strong></span> <span class='ocrx_word' id='word_1_586' title='bbox 3091 4224 3275 4289; x_wconf 85' lang='lat' dir='ltr'><strong>Patre,</strong></span> <span class='ocrx_word' id='word_1_587' title='bbox 3324 4225 3466 4279; x_wconf 82' lang='lat' dir='ltr'><strong>Deus</strong></span> <span class='ocrx_word' id='word_1_588' title='bbox 3507 4241 3573 4278; x_wconf 76' lang='lat' dir='ltr'><strong>cx</strong></span> <span class='ocrx_word' id='word_1_589' title='bbox 3624 4216 3639 4230; x_wconf 87' lang='grc'><em>’</em></span> 
     </span>
    </p>
   </div>
   <div class='ocr_carea' id='block_1_85' title="bbox 1979 4315 3575 4386">
    <p class='ocr_par' dir='ltr' id='par_1_85' title="bbox 1979 4315 3575 4386">
     <span class='ocr_line' id='line_1_85' title="bbox 1979 4315 3575 4386; baseline -0.001 -15"><span class='ocrx_word' id='word_1_590' title='bbox 1979 4317 2091 4373; x_wconf 85' lang='lat' dir='ltr'><strong>Deo</strong></span> <span class='ocrx_word' id='word_1_591' title='bbox 2124 4357 2138 4381; x_wconf 96' lang='lat'><strong>,</strong></span> <span class='ocrx_word' id='word_1_592' title='bbox 2172 4315 2357 4372; x_wconf 88' lang='lat' dir='ltr'><strong>lumen</strong></span> <span class='ocrx_word' id='word_1_593' title='bbox 2388 4331 2453 4371; x_wconf 80' lang='lat' dir='ltr'><strong>ex</strong></span> <span class='ocrx_word' id='word_1_594' title='bbox 2498 4315 2701 4371; x_wconf 90' lang='lat' dir='ltr'><strong>lumine</strong></span> <span class='ocrx_word' id='word_1_595' title='bbox 2735 4334 2748 4371; x_wconf 90' lang='lat'><strong>:</strong></span> <span class='ocrx_word' id='word_1_596' title='bbox 2785 4316 3181 4386; x_wconf 87' lang='lat' dir='ltr'><strong>prirnogenitus</strong></span> <span class='ocrx_word' id='word_1_597' title='bbox 3214 4324 3396 4369; x_wconf 85' lang='lat' dir='ltr'><strong>autem</strong></span> <span class='ocrx_word' id='word_1_598' title='bbox 3440 4331 3575 4386; x_wconf 81' lang='lat' dir='ltr'><strong>pro-</strong></span> 
     </span>
    </p>
   </div>
   <div class='ocr_carea' id='block_1_86' title="bbox 1981 4407 3576 4479">
    <p class='ocr_par' dir='ltr' id='par_1_86' title="bbox 1981 4407 3576 4479">
     <span class='ocr_line' id='line_1_86' title="bbox 1981 4407 3576 4479; baseline -0.003 -15"><span class='ocrx_word' id='word_1_599' title='bbox 1981 4419 2101 4479; x_wconf 88' lang='lat' dir='ltr'><strong>pter</strong></span> <span class='ocrx_word' id='word_1_600' title='bbox 2127 4422 2247 4475; x_wconf 89' lang='lat' dir='ltr'><strong>nos,</strong></span> <span class='ocrx_word' id='word_1_601' title='bbox 2305 4418 2365 4463; x_wconf 92' lang='lat' dir='ltr'><strong>ut</strong></span> <span class='ocrx_word' id='word_1_602' title='bbox 2397 4415 2658 4477; x_wconf 87' lang='lat' dir='ltr'><strong>tauquam</strong></span> <span class='ocrx_word' id='word_1_603' title='bbox 2696 4407 2986 4461; x_wconf 86' lang='lat' dir='ltr'><strong>immortali</strong></span> <span class='ocrx_word' id='word_1_604' title='bbox 3016 4408 3229 4463; x_wconf 87' lang='lat' dir='ltr'><strong>cuidam</strong></span> <span class='ocrx_word' id='word_1_605' title='bbox 3264 4408 3431 4463; x_wconf 85' lang='lat' dir='ltr'><strong>radici</strong></span> <span class='ocrx_word' id='word_1_606' title='bbox 3456 4422 3576 4462; x_wconf 86' lang='lat' dir='ltr'><strong>om-</strong></span> 
     </span>
    </p>
   </div>
   <div class='ocr_carea' id='block_1_87' title="bbox 1984 4500 3572 4571">
    <p class='ocr_par' dir='ltr' id='par_1_87' title="bbox 1984 4500 3572 4571">
     <span class='ocr_line' id='line_1_87' title="bbox 1984 4500 3572 4571; baseline -0.001 -16"><span class='ocrx_word' id='word_1_607' title='bbox 1984 4503 2067 4557; x_wconf 80' lang='lat' dir='ltr'><strong>uia</strong></span> <span class='ocrx_word' id='word_1_608' title='bbox 2111 4509 2358 4556; x_wconf 86' lang='lat' dir='ltr'><strong>creatura</strong></span> <span class='ocrx_word' id='word_1_609' title='bbox 2409 4500 2595 4565; x_wconf 88' lang='lat' dir='ltr'><strong>insita,</strong></span> <span class='ocrx_word' id='word_1_610' title='bbox 2630 4510 2685 4555; x_wconf 92' lang='lat' dir='ltr'><strong>et</strong></span> <span class='ocrx_word' id='word_1_611' title='bbox 2716 4516 2780 4555; x_wconf 84' lang='lat' dir='ltr'><strong>ex</strong></span> <span class='ocrx_word' id='word_1_612' title='bbox 2814 4516 2879 4556; x_wconf 92' lang='lat' dir='ltr'><strong>co</strong></span> <span class='ocrx_word' id='word_1_613' title='bbox 2912 4504 3003 4571; x_wconf 89' lang='lat' dir='ltr'><strong>qui</strong></span> <span class='ocrx_word' id='word_1_614' title='bbox 3051 4516 3269 4571; x_wconf 84' lang='lat' dir='ltr'><strong>semper</strong></span> <span class='ocrx_word' id='word_1_615' title='bbox 3301 4507 3403 4567; x_wconf 88' lang='lat' dir='ltr'><strong>est,</strong></span> <span class='ocrx_word' id='word_1_616' title='bbox 3449 4514 3572 4569; x_wconf 86' lang='lat' dir='ltr'><strong>ger-</strong></span> 
     </span>
    </p>
   </div>
   <div class='ocr_carea' id='block_1_88' title="bbox 299 4583 1861 4662">
    <p class='ocr_par' dir='ltr' id='par_1_88' title="bbox 299 4583 1861 4662">
     <span class='ocr_line' id='line_1_88' title="bbox 299 4583 1861 4662; baseline 0.007 -22"><span class='ocrx_word' id='word_1_617' title='bbox 299 4602 441 4641; x_wconf 82' lang='grc' dir='ltr'><strong>σασα</strong></span> <span class='ocrx_word' id='word_1_618' title='bbox 560 4587 760 4658; x_wconf 65' lang='grc' dir='ltr'><strong>Ηγονε</strong></span> <span class='ocrx_word' id='word_1_619' title='bbox 800 4590 909 4662; x_wconf 89' lang='grc' dir='ltr'><strong>γὰρ</strong></span> <span class='ocrx_word' id='word_1_620' title='bbox 947 4592 1016 4645; x_wconf 87' lang='grc' dir='ltr'><strong>τά</strong></span> <span class='ocrx_word' id='word_1_621' title='bbox 1055 4592 1234 4646; x_wconf 87' lang='grc' dir='ltr'><strong>πάντα</strong></span> <span class='ocrx_word' id='word_1_622' title='bbox 1262 4594 1329 4646; x_wconf 84' lang='grc' dir='ltr'><strong>δι’</strong></span> <span class='ocrx_word' id='word_1_623' title='bbox 1363 4596 1529 4650; x_wconf 79' lang='grc' dir='ltr'><strong>αὐτοῦ</strong></span> <span class='ocrx_word' id='word_1_624' title='bbox 1556 4638 1569 4660; x_wconf 87' lang='grc'><strong>,</strong></span> <span class='ocrx_word' id='word_1_625' title='bbox 1608 4600 1701 4650; x_wconf 69' lang='grc' dir='ltr'><strong>καὶ</strong></span> <span class='ocrx_word' id='word_1_626' title='bbox 1750 4615 1861 4651; x_wconf 80' lang='grc' dir='ltr'><strong>συν·</strong></span> 
     </span>
    </p>
   </div>
   <div class='ocr_carea' id='block_1_89' title="bbox 1973 4583 3575 4662">
    <p class='ocr_par' dir='ltr' id='par_1_89' title="bbox 1986 4590 3575 4661">
     <span class='ocr_line' id='line_1_89' title="bbox 1986 4590 3575 4661; baseline -0.002 -15"><span class='ocrx_word' id='word_1_627' title='bbox 1986 4593 2173 4647; x_wconf 91' lang='lat' dir='ltr'><strong>minet.</strong></span> <span class='ocrx_word' id='word_1_628' title='bbox 2205 4590 2396 4646; x_wconf 86' lang='lat' dir='ltr'><strong>Omnia</strong></span> <span class='ocrx_word' id='word_1_629' title='bbox 2431 4592 2575 4645; x_wconf 88' lang='lat' dir='ltr'><strong>enim</strong></span> <span class='ocrx_word' id='word_1_630' title='bbox 2619 4605 2715 4659; x_wconf 92' lang='lat' dir='ltr'><strong>per</strong></span> <span class='ocrx_word' id='word_1_631' title='bbox 2754 4593 2929 4661; x_wconf 90' lang='lat' dir='ltr'><strong>ipsum</strong></span> <span class='ocrx_word' id='word_1_632' title='bbox 2978 4591 3118 4647; x_wconf 79' lang='lat' dir='ltr'><strong>facta</strong></span> <span class='ocrx_word' id='word_1_633' title='bbox 3166 4600 3313 4655; x_wconf 89' lang='lat' dir='ltr'><strong>sunt,</strong></span> <span class='ocrx_word' id='word_1_634' title='bbox 3348 4600 3403 4645; x_wconf 89' lang='lat' dir='ltr'><strong>et</strong></span> <span class='ocrx_word' id='word_1_635' title='bbox 3442 4591 3575 4644; x_wconf 83' lang='lat' dir='ltr'><strong>sub-</strong></span> 
     </span>
    </p>
   </div>
   <div class='ocr_carea' id='block_1_90' title="bbox 302 4677 1469 4754">
    <p class='ocr_par' dir='ltr' id='par_1_90' title="bbox 302 4677 1469 4754">
     <span class='ocr_line' id='line_1_90' title="bbox 302 4677 1469 4754; baseline 0.009 -23"><span class='ocrx_word' id='word_1_636' title='bbox 302 4677 538 4751; x_wconf 66' lang='grc' dir='ltr'><strong>ἕστηκεν</strong></span> <span class='ocrx_word' id='word_1_637' title='bbox 569 4682 650 4746; x_wconf 75' lang='grc' dir='ltr'><strong>τίς</strong></span> <span class='ocrx_word' id='word_1_638' title='bbox 675 4683 763 4736; x_wconf 75' lang='grc' dir='ltr'><strong>ἀεὶ</strong></span> <span class='ocrx_word' id='word_1_639' title='bbox 781 4722 795 4746; x_wconf 88' lang='grc'><strong>,</strong></span> <span class='ocrx_word' id='word_1_640' title='bbox 828 4684 923 4737; x_wconf 80' lang='grc' dir='ltr'><strong>καὶ</strong></span> <span class='ocrx_word' id='word_1_641' title='bbox 948 4683 1099 4754; x_wconf 84' lang='grc' dir='ltr'><strong>αὐτῷ</strong></span> <span class='ocrx_word' id='word_1_642' title='bbox 1122 4685 1469 4749; x_wconf 75' lang='grc' dir='ltr'><strong>διασώζεται.</strong></span> 
     </span>
    </p>
   </div>
   <div class='ocr_carea' id='block_1_91' title="bbox 981 4796 1181 4851">
    <p class='ocr_par' dir='ltr' id='par_1_91' title="bbox 981 4796 1181 4851">
     <span class='ocr_line' id='line_1_91' title="bbox 981 4796 1181 4851; baseline 0.005 -2"><span class='ocrx_word' id='word_1_643' title='bbox 981 4796 1181 4851; x_wconf 77' lang='grc' dir='ltr'><strong>ΑΛΛΟ.</strong></span> 
     </span>
    </p>
   </div>
   <div class='ocr_carea' id='block_1_92' title="bbox 367 4902 1877 4983">
    <p class='ocr_par' dir='ltr' id='par_1_92' title="bbox 367 4902 1877 4983">
     <span class='ocr_line' id='line_1_92' title="bbox 367 4902 1877 4983; baseline 0.009 -26"><span class='ocrx_word' id='word_1_644' title='bbox 367 4902 432 4957; x_wconf 81' lang='lat' dir='ltr'><strong>Ei</strong></span> <span class='ocrx_word' id='word_1_645' title='bbox 483 4903 547 4957; x_wconf 74' lang='grc' dir='ltr'><strong>τὸ</strong></span> <span class='ocrx_word' id='word_1_646' title='bbox 591 4904 872 4961; x_wconf 77' lang='grc' dir='ltr'><strong>καλεῖσθαι</strong></span> <span class='ocrx_word' id='word_1_647' title='bbox 916 4910 1263 4980; x_wconf 84' lang='grc' dir='ltr'><strong>πρωτότοκον</strong></span> <span class='ocrx_word' id='word_1_648' title='bbox 1308 4912 1487 4983; x_wconf 85' lang='grc' dir='ltr'><strong>πάσης</strong></span> <span class='ocrx_word' id='word_1_649' title='bbox 1534 4915 1763 4980; x_wconf 86' lang='grc' dir='ltr'><strong>κτίσεως</strong></span> <span class='ocrx_word' id='word_1_650' title='bbox 1802 4918 1877 4981; x_wconf 81' lang='grc' dir='ltr'><strong>ὡς</strong></span> 
     </span>
    </p>
   </div>
   <div class='ocr_carea' id='block_1_93' title="bbox 300 4994 1879 5075">
    <p class='ocr_par' dir='ltr' id='par_1_93' title="bbox 300 4994 1879 5075">
     <span class='ocr_line' id='line_1_93' title="bbox 300 4994 1879 5075; baseline 0.006 -26"><span class='ocrx_word' id='word_1_651' title='bbox 300 4994 507 5065; x_wconf 83' lang='grc' dir='ltr'><strong>κτίσμα</strong></span> <span class='ocrx_word' id='word_1_652' title='bbox 542 4995 686 5049; x_wconf 86' lang='grc' dir='ltr'><strong>κατά</strong></span> <span class='ocrx_word' id='word_1_653' title='bbox 715 4996 875 5065; x_wconf 79' lang='grc' dir='ltr'><strong>φύσιν</strong></span> <span class='ocrx_word' id='word_1_654' title='bbox 910 4998 1061 5064; x_wconf 69' lang='grc' dir='ltr'><strong>ὄντα,</strong></span> <span class='ocrx_word' id='word_1_655' title='bbox 1094 5004 1162 5073; x_wconf 74' lang='grc' dir='ltr'><strong>τῇ</strong></span> <span class='ocrx_word' id='word_1_656' title='bbox 1206 5002 1381 5055; x_wconf 88' lang='grc' dir='ltr'><strong>κτίσει</strong></span> <span class='ocrx_word' id='word_1_657' title='bbox 1410 5002 1747 5075; x_wconf 80' lang='grc' dir='ltr'><strong>συνταξομεν</strong></span> <span class='ocrx_word' id='word_1_658' title='bbox 1788 5007 1879 5059; x_wconf 82' lang='grc' dir='ltr'><strong>τὸν</strong></span> 
     </span>
    </p>
   </div>
   <div class='ocr_carea' id='block_1_94' title="bbox 301 5082 1853 5167">
    <p class='ocr_par' dir='ltr' id='par_1_94' title="bbox 301 5082 1853 5167">
     <span class='ocr_line' id='line_1_94' title="bbox 301 5082 1853 5167; baseline 0.009 -28"><span class='ocrx_word' id='word_1_659' title='bbox 301 5082 446 5150; x_wconf 65' lang='lat' dir='ltr'><strong>nev,</strong></span> <span class='ocrx_word' id='word_1_660' title='bbox 490 5086 649 5142; x_wconf 68' lang='grc' dir='ltr'><strong>ἔσται</strong></span> <span class='ocrx_word' id='word_1_661' title='bbox 690 5088 907 5161; x_wconf 80' lang='grc' dir='ltr'><strong>πρῶτος</strong></span> <span class='ocrx_word' id='word_1_662' title='bbox 959 5092 1061 5163; x_wconf 75' lang='grc' dir='ltr'><strong>μὲν</strong></span> <span class='ocrx_word' id='word_1_663' title='bbox 1096 5092 1301 5166; x_wconf 77' lang='grc' dir='ltr'><strong>ταύτης</strong></span> <span class='ocrx_word' id='word_1_664' title='bbox 1340 5096 1481 5151; x_wconf 88' lang='grc' dir='ltr'><strong>κατά</strong></span> <span class='ocrx_word' id='word_1_665' title='bbox 1524 5096 1615 5151; x_wconf 82' lang='grc' dir='ltr'><strong>τὸν</strong></span> <span class='ocrx_word' id='word_1_666' title='bbox 1662 5098 1853 5167; x_wconf 79' lang='grc' dir='ltr'><strong>χρόνον</strong></span> 
     </span>
    </p>
   </div>
   <div class='ocr_carea' id='block_1_95' title="bbox 302 5177 1877 5256">
    <p class='ocr_par' dir='ltr' id='par_1_95' title="bbox 302 5177 1877 5256">
     <span class='ocr_line' id='line_1_95' title="bbox 302 5177 1877 5256; baseline 0.009 -25"><span class='ocrx_word' id='word_1_667' title='bbox 302 5177 567 5250; x_wconf 80' lang='grc' dir='ltr'><strong>συγγενὴς</strong></span> <span class='ocrx_word' id='word_1_668' title='bbox 601 5180 657 5234; x_wconf 64' lang='grc' dir='ltr'><strong>δὲ</strong></span> <span class='ocrx_word' id='word_1_669' title='bbox 700 5182 852 5251; x_wconf 80' lang='grc' dir='ltr'><strong>ὅμως</strong></span> <span class='ocrx_word' id='word_1_670' title='bbox 879 5183 1023 5238; x_wconf 87' lang='grc' dir='ltr'><strong>κατά</strong></span> <span class='ocrx_word' id='word_1_671' title='bbox 1059 5186 1160 5256; x_wconf 79' lang='grc' dir='ltr'><strong>τὴν</strong></span> <span class='ocrx_word' id='word_1_672' title='bbox 1188 5186 1371 5255; x_wconf 82' lang='grc' dir='ltr'><strong>φύσιν,</strong></span> <span class='ocrx_word' id='word_1_673' title='bbox 1408 5188 1502 5242; x_wconf 79' lang='grc' dir='ltr'><strong>καὶ</strong></span> <span class='ocrx_word' id='word_1_674' title='bbox 1530 5188 1618 5242; x_wconf 89' lang='grc' dir='ltr'><strong>διά</strong></span> <span class='ocrx_word' id='word_1_675' title='bbox 1643 5189 1703 5243; x_wconf 78' lang='grc' dir='ltr'><strong>τὸ</strong></span> <span class='ocrx_word' id='word_1_676' title='bbox 1737 5186 1877 5245; x_wconf 81' lang='grc' dir='ltr'><strong>εἶναι</strong></span> 
     </span>
    </p>
   </div>
   <div class='ocr_carea' id='block_1_96' title="bbox 300 5266 1880 5350">
    <p class='ocr_par' dir='ltr' id='par_1_96' title="bbox 300 5266 1880 5350">
     <span class='ocr_line' id='line_1_96' title="bbox 300 5266 1880 5350; baseline 0.008 -30"><span class='ocrx_word' id='word_1_677' title='bbox 300 5266 509 5337; x_wconf 75' lang='grc' dir='ltr'><strong>κτίσμα</strong></span> <span class='ocrx_word' id='word_1_678' title='bbox 537 5271 649 5335; x_wconf 78' lang='grc' dir='ltr'><strong>τοῖς</strong></span> <span class='ocrx_word' id='word_1_679' title='bbox 677 5269 860 5334; x_wconf 77' lang='grc' dir='ltr'><strong>ἀλλοις</strong></span> <span class='ocrx_word' id='word_1_680' title='bbox 892 5272 1064 5329; x_wconf 70' lang='grc' dir='ltr'><strong>ἃπασι</strong></span> <span class='ocrx_word' id='word_1_681' title='bbox 1089 5276 1449 5346; x_wconf 84' lang='grc' dir='ltr'><strong>προσεοικώς.</strong></span> <span class='ocrx_word' id='word_1_682' title='bbox 1478 5277 1755 5350; x_wconf 79' lang='grc' dir='ltr'><strong>Συγγενὴς</strong></span> <span class='ocrx_word' id='word_1_683' title='bbox 1786 5274 1880 5334; x_wconf 75' lang='grc' dir='ltr'><strong>οὖν</strong></span> 
     </span>
    </p>
   </div>
   <div class='ocr_carea' id='block_1_97' title="bbox 301 5354 1881 5439">
    <p class='ocr_par' dir='ltr' id='par_1_97' title="bbox 301 5354 1881 5439">
     <span class='ocr_line' id='line_1_97' title="bbox 301 5354 1881 5439; baseline 0.008 -30"><span class='ocrx_word' id='word_1_684' title='bbox 301 5354 455 5419; x_wconf 81' lang='grc' dir='ltr'><strong>ισται</strong></span> <span class='ocrx_word' id='word_1_685' title='bbox 485 5360 581 5415; x_wconf 72' lang='grc' dir='ltr'><strong>καὶ</strong></span> <span class='ocrx_word' id='word_1_686' title='bbox 608 5359 827 5428; x_wconf 80' lang='grc' dir='ltr'><strong>ἀλόγοις</strong></span> <span class='ocrx_word' id='word_1_687' title='bbox 853 5362 1034 5430; x_wconf 77' lang='grc' dir='ltr'><strong>ζώοις,</strong></span> <span class='ocrx_word' id='word_1_688' title='bbox 1058 5364 1267 5436; x_wconf 79' lang='grc' dir='ltr'><strong>ὀρνέοις</strong></span> <span class='ocrx_word' id='word_1_689' title='bbox 1297 5383 1357 5419; x_wconf 82' lang='grc' dir='ltr'><strong>τε</strong></span> <span class='ocrx_word' id='word_1_690' title='bbox 1385 5368 1479 5421; x_wconf 73' lang='grc' dir='ltr'><strong>καὶ</strong></span> <span class='ocrx_word' id='word_1_691' title='bbox 1499 5372 1742 5439; x_wconf 82' lang='grc' dir='ltr'><strong>νηκτοίς.</strong></span> <span class='ocrx_word' id='word_1_692' title='bbox 1768 5370 1881 5429; x_wconf 81' lang='grc' dir='ltr'><strong>Καὶ</strong></span> 
     </span>
    </p>
   </div>
   <div class='ocr_carea' id='block_1_98' title="bbox 301 5446 1883 5531">
    <p class='ocr_par' dir='ltr' id='par_1_98' title="bbox 301 5446 1883 5531">
     <span class='ocr_line' id='line_1_98' title="bbox 301 5446 1883 5531; baseline 0.007 -29"><span class='ocrx_word' id='word_1_693' title='bbox 301 5446 475 5503; x_wconf 82' lang='grc' dir='ltr'><strong>ταῦτα</strong></span> <span class='ocrx_word' id='word_1_694' title='bbox 502 5450 633 5522; x_wconf 84' lang='grc' dir='ltr'><strong>γάρ,</strong></span> <span class='ocrx_word' id='word_1_695' title='bbox 682 5452 736 5505; x_wconf 79' lang='grc' dir='ltr'><strong>εί</strong></span> <span class='ocrx_word' id='word_1_696' title='bbox 772 5452 881 5506; x_wconf 71' lang='grc' dir='ltr'><strong>καὶ</strong></span> <span class='ocrx_word' id='word_1_697' title='bbox 907 5452 1168 5526; x_wconf 69' lang='grc' dir='ltr'><strong>ἐλάχιστα</strong></span> <span class='ocrx_word' id='word_1_698' title='bbox 1188 5496 1202 5517; x_wconf 85' lang='grc'><strong>,</strong></span> <span class='ocrx_word' id='word_1_699' title='bbox 1236 5455 1377 5528; x_wconf 82' lang='grc' dir='ltr'><strong>μέρη</strong></span> <span class='ocrx_word' id='word_1_700' title='bbox 1409 5456 1542 5526; x_wconf 82' lang='grc' dir='ltr'><strong>γοῦν</strong></span> <span class='ocrx_word' id='word_1_701' title='bbox 1570 5457 1751 5528; x_wconf 77' lang='grc' dir='ltr'><strong>πάσης</strong></span> <span class='ocrx_word' id='word_1_702' title='bbox 1781 5458 1883 5531; x_wconf 78' lang='grc' dir='ltr'><strong>τῆς</strong></span> 
     </span>
    </p>
   </div>
   <div class='ocr_carea' id='block_1_99' title="bbox 302 5538 1881 5615">
    <p class='ocr_par' dir='ltr' id='par_1_99' title="bbox 302 5538 1881 5615">
     <span class='ocr_line' id='line_1_99' title="bbox 302 5538 1881 5615; baseline 0.008 -24"><span class='ocrx_word' id='word_1_703' title='bbox 302 5538 534 5603; x_wconf 76' lang='grc' dir='ltr'><strong>κτίσεώς</strong></span> <span class='ocrx_word' id='word_1_704' title='bbox 556 5542 727 5597; x_wconf 66' lang='grc' dir='ltr'><strong>ἐστιν.</strong></span> <span class='ocrx_word' id='word_1_705' title='bbox 768 5543 929 5598; x_wconf 76' lang='grc' dir='ltr'><strong>Ἀλλά</strong></span> <span class='ocrx_word' id='word_1_706' title='bbox 957 5543 1117 5599; x_wconf 85' lang='grc' dir='ltr'><strong>τοῦτο</strong></span> <span class='ocrx_word' id='word_1_707' title='bbox 1150 5547 1369 5601; x_wconf 76' lang='grc' dir='ltr'><strong>ἄτοπον.</strong></span> <span class='ocrx_word' id='word_1_708' title='bbox 1395 5547 1608 5602; x_wconf 79' lang='grc' dir='ltr'><strong>Οὐκοῦν</strong></span> <span class='ocrx_word' id='word_1_709' title='bbox 1639 5548 1881 5615; x_wconf 80' lang='grc' dir='ltr'><strong>εὐσεϐῶς</strong></span> 
     </span>
    </p>
   </div>
   <div class='ocr_carea' id='block_1_100' title="bbox 302 5631 1882 5709">
    <p class='ocr_par' dir='ltr' id='par_1_100' title="bbox 302 5631 1882 5709">
     <span class='ocr_line' id='line_1_100' title="bbox 302 5631 1882 5709; baseline 0.008 -25"><span class='ocrx_word' id='word_1_710' title='bbox 302 5631 649 5702; x_wconf 81' lang='grc' dir='ltr'><strong>πρωτότοκος</strong></span> <span class='ocrx_word' id='word_1_711' title='bbox 690 5634 789 5704; x_wconf 75' lang='grc' dir='ltr'><strong>μὲν</strong></span> <span class='ocrx_word' id='word_1_712' title='bbox 812 5675 829 5700; x_wconf 85' lang='grc'><strong>,</strong></span> <span class='ocrx_word' id='word_1_713' title='bbox 860 5635 934 5701; x_wconf 82' lang='grc' dir='ltr'><strong>ὡς</strong></span> <span class='ocrx_word' id='word_1_714' title='bbox 980 5639 1037 5691; x_wconf 75' lang='grc' dir='ltr'><strong>ὲν</strong></span> <span class='ocrx_word' id='word_1_715' title='bbox 1082 5638 1299 5702; x_wconf 76' lang='grc' dir='ltr'><strong>πολλοῖς</strong></span> <span class='ocrx_word' id='word_1_716' title='bbox 1334 5638 1583 5709; x_wconf 81' lang='grc' dir='ltr'><strong>ἀδελφοῖς</strong></span> <span class='ocrx_word' id='word_1_717' title='bbox 1626 5640 1719 5695; x_wconf 78' lang='grc' dir='ltr'><strong>διὰ</strong></span> <span class='ocrx_word' id='word_1_718' title='bbox 1753 5641 1882 5705; x_wconf 68' lang='grc' dir='ltr'><strong>τοὺς</strong></span> 
     </span>
    </p>
   </div>
   <div class='ocr_carea' id='block_1_101' title="bbox 307 5721 1880 5803">
    <p class='ocr_par' dir='ltr' id='par_1_101' title="bbox 307 5721 1880 5803">
     <span class='ocr_line' id='line_1_101' title="bbox 307 5721 1880 5803; baseline 0.008 -29"><span class='ocrx_word' id='word_1_719' title='bbox 307 5721 445 5776; x_wconf 86' lang='grc' dir='ltr'><strong>κατά</strong></span> <span class='ocrx_word' id='word_1_720' title='bbox 492 5721 655 5795; x_wconf 85' lang='grc' dir='ltr'><strong>χάριν</strong></span> <span class='ocrx_word' id='word_1_721' title='bbox 693 5727 772 5788; x_wconf 80' lang='grc' dir='ltr'><strong>τίς</strong></span> <span class='ocrx_word' id='word_1_722' title='bbox 812 5726 1082 5783; x_wconf 73' lang='grc' dir='ltr'><strong>υἱοθεσίαν</strong></span> <span class='ocrx_word' id='word_1_723' title='bbox 1114 5728 1487 5799; x_wconf 50' lang='grc' dir='ltr'><strong>ηκῆμένους</strong></span> <span class='ocrx_word' id='word_1_724' title='bbox 1532 5730 1880 5803; x_wconf 84' lang='grc' dir='ltr'><strong>νοηθήσεται.</strong></span> 
     </span>
    </p>
   </div>
   <div class='ocr_carea' id='block_1_102' title="bbox 374 5874 1773 5952">
    <p class='ocr_par' dir='ltr' id='par_1_102' title="bbox 374 5874 1773 5952">
     <span class='ocr_line' id='line_1_102' title="bbox 374 5874 1773 5952; baseline 0.009 -22"><span class='ocrx_word' id='word_1_725' title='bbox 374 5877 421 5909; x_wconf 89' lang='lat'><em>&quot;</em></span> <span class='ocrx_word' id='word_1_726' title='bbox 450 5874 602 5933; x_wconf 82' lang='lat' dir='ltr'><strong>Joan.</strong></span> <span class='ocrx_word' id='word_1_727' title='bbox 639 5896 677 5945; x_wconf 85' lang='grc' dir='ltr'><strong>ι,</strong></span> <span class='ocrx_word' id='word_1_728' title='bbox 718 5880 769 5932; x_wconf 76' lang='lat'><strong>2.</strong></span> <span class='ocrx_word' id='word_1_729' title='bbox 849 5882 895 5913; x_wconf 78' lang='lat'><strong>&quot;</strong></span> <span class='ocrx_word' id='word_1_730' title='bbox 928 5882 1083 5937; x_wconf 75' lang='lat' dir='ltr'><strong>Joan.</strong></span> <span class='ocrx_word' id='word_1_731' title='bbox 1114 5899 1217 5945; x_wconf 72' lang='lat' dir='ltr'><strong>xiv,</strong></span> <span class='ocrx_word' id='word_1_732' title='bbox 1255 5882 1287 5936; x_wconf 82' lang='lat'><strong><em>6</em></strong></span> <span class='ocrx_word' id='word_1_733' title='bbox 1382 5886 1424 5915; x_wconf 73' lang='lat'><strong>&quot;‘</strong></span> <span class='ocrx_word' id='word_1_734' title='bbox 1451 5884 1605 5939; x_wconf 82' lang='lat' dir='ltr'><strong>Joan.</strong></span> <span class='ocrx_word' id='word_1_735' title='bbox 1644 5902 1693 5952; x_wconf 74' lang='grc' dir='ltr'><strong>χ,</strong></span> <span class='ocrx_word' id='word_1_736' title='bbox 1723 5886 1773 5943; x_wconf 82' lang='lat'><strong>9.</strong></span> 
     </span>
    </p>
   </div>
   <div class='ocr_carea' id='block_1_103' title="bbox 1978 4684 3070 4756">
    <p class='ocr_par' dir='ltr' id='par_1_103' title="bbox 1978 4684 3070 4756">
     <span class='ocr_line' id='line_1_103' title="bbox 1978 4684 3070 4756; baseline -0.001 -16"><span class='ocrx_word' id='word_1_737' title='bbox 1978 4688 2197 4751; x_wconf 78' lang='lat' dir='ltr'><strong>sistunt,</strong></span> <span class='ocrx_word' id='word_1_738' title='bbox 2231 4695 2285 4740; x_wconf 91' lang='lat' dir='ltr'><strong>et</strong></span> <span class='ocrx_word' id='word_1_739' title='bbox 2314 4700 2410 4756; x_wconf 88' lang='lat' dir='ltr'><strong>per</strong></span> <span class='ocrx_word' id='word_1_740' title='bbox 2448 4684 2624 4754; x_wconf 87' lang='lat' dir='ltr'><strong>ipsum</strong></span> <span class='ocrx_word' id='word_1_741' title='bbox 2653 4693 3070 4739; x_wconf 83' lang='lat' dir='ltr'><strong>conservantur.</strong></span> 
     </span>
    </p>
   </div>
   <div class='ocr_carea' id='block_1_104' title="bbox 2666 4796 2896 4853">
    <p class='ocr_par' dir='ltr' id='par_1_104' title="bbox 2666 4796 2896 4853">
     <span class='ocr_line' id='line_1_104' title="bbox 2666 4796 2896 4853; baseline -0.009 -1"><span class='ocrx_word' id='word_1_742' title='bbox 2666 4796 2896 4853; x_wconf 85' lang='lat' dir='ltr'><strong>ALIUD.</strong></span> 
     </span>
    </p>
   </div>
   <div class='ocr_carea' id='block_1_105' title="bbox 2056 4910 3581 4981">
    <p class='ocr_par' dir='ltr' id='par_1_105' title="bbox 2056 4910 3581 4981">
     <span class='ocr_line' id='line_1_105' title="bbox 2056 4910 3581 4981; baseline -0.002 -16"><span class='ocrx_word' id='word_1_743' title='bbox 2056 4911 2110 4965; x_wconf 81' lang='lat' dir='ltr'><strong>Si</strong></span> <span class='ocrx_word' id='word_1_744' title='bbox 2175 4920 2458 4981; x_wconf 83' lang='lat' dir='ltr'><strong>propterea</strong></span> <span class='ocrx_word' id='word_1_745' title='bbox 2494 4911 2640 4979; x_wconf 88' lang='lat' dir='ltr'><strong>quod</strong></span> <span class='ocrx_word' id='word_1_746' title='bbox 2691 4910 2863 4967; x_wconf 82' lang='lat' dir='ltr'><strong>Filius</strong></span> <span class='ocrx_word' id='word_1_747' title='bbox 2910 4921 3135 4967; x_wconf 86' lang='lat' dir='ltr'><strong>vocetur</strong></span> <span class='ocrx_word' id='word_1_748' title='bbox 3182 4910 3581 4981; x_wconf 83' lang='lat' dir='ltr'><strong>primogenitus</strong></span> 
     </span>
    </p>
   </div>
   <div class='ocr_carea' id='block_1_106' title="bbox 1983 5003 3579 5064">
    <p class='ocr_par' dir='ltr' id='par_1_106' title="bbox 1983 5003 3579 5064">
     <span class='ocr_line' id='line_1_106' title="bbox 1983 5003 3579 5064; baseline -0.005 -6"><span class='ocrx_word' id='word_1_749' title='bbox 1983 5003 2160 5058; x_wconf 88' lang='lat' dir='ltr'><strong>omnis</strong></span> <span class='ocrx_word' id='word_1_750' title='bbox 2218 5009 2517 5064; x_wconf 73' lang='lat' dir='ltr'><strong>creatum,</strong></span> <span class='ocrx_word' id='word_1_751' title='bbox 2570 5016 2691 5056; x_wconf 91' lang='lat' dir='ltr'><strong>eum</strong></span> <span class='ocrx_word' id='word_1_752' title='bbox 2752 5014 2811 5057; x_wconf 92' lang='lat' dir='ltr'><strong>ut</strong></span> <span class='ocrx_word' id='word_1_753' title='bbox 2868 5013 3175 5059; x_wconf 83' lang='lat' dir='ltr'><strong>creaturam</strong></span> <span class='ocrx_word' id='word_1_754' title='bbox 3232 5010 3424 5056; x_wconf 83' lang='lat' dir='ltr'><strong>natura</strong></span> <span class='ocrx_word' id='word_1_755' title='bbox 3484 5016 3579 5053; x_wconf 74' lang='lat' dir='ltr'><strong>sua</strong></span> 
     </span>
    </p>
   </div>
   <div class='ocr_carea' id='block_1_107' title="bbox 1987 5087 3585 5152">
    <p class='ocr_par' dir='ltr' id='par_1_107' title="bbox 1987 5087 3585 5152">
     <span class='ocr_line' id='line_1_107' title="bbox 1987 5087 3585 5152; baseline -0.005 -5"><span class='ocrx_word' id='word_1_756' title='bbox 1987 5093 2337 5152; x_wconf 75' lang='lat' dir='ltr'><strong>exsistantem</strong></span> <span class='ocrx_word' id='word_1_757' title='bbox 2367 5091 2564 5149; x_wconf 82' lang='lat' dir='ltr'><strong>creatis</strong></span> <span class='ocrx_word' id='word_1_758' title='bbox 2597 5106 2963 5147; x_wconf 82' lang='lat' dir='ltr'><strong>annuurerare</strong></span> <span class='ocrx_word' id='word_1_759' title='bbox 2990 5090 3217 5145; x_wconf 87' lang='lat' dir='ltr'><strong>velimus</strong></span> <span class='ocrx_word' id='word_1_760' title='bbox 3246 5102 3261 5142; x_wconf 85' lang='lat'><strong>:</strong></span> <span class='ocrx_word' id='word_1_761' title='bbox 3293 5087 3400 5144; x_wconf 91' lang='lat' dir='ltr'><strong>erit</strong></span> <span class='ocrx_word' id='word_1_762' title='bbox 3433 5096 3585 5142; x_wconf 82' lang='lat' dir='ltr'><strong>certe</strong></span> 
     </span>
    </p>
   </div>
   <div class='ocr_carea' id='block_1_108' title="bbox 1987 5184 3583 5255">
    <p class='ocr_par' dir='ltr' id='par_1_108' title="bbox 1987 5184 3583 5255">
     <span class='ocr_line' id='line_1_108' title="bbox 1987 5184 3583 5255; baseline -0.005 -16"><span class='ocrx_word' id='word_1_763' title='bbox 1987 5185 2197 5255; x_wconf 88' lang='lat' dir='ltr'><strong>primus</strong></span> <span class='ocrx_word' id='word_1_764' title='bbox 2230 5185 2374 5240; x_wconf 88' lang='lat' dir='ltr'><strong>inter</strong></span> <span class='ocrx_word' id='word_1_765' title='bbox 2403 5193 2584 5239; x_wconf 89' lang='lat' dir='ltr'><strong>creata</strong></span> <span class='ocrx_word' id='word_1_766' title='bbox 2622 5184 2835 5240; x_wconf 84' lang='lat' dir='ltr'><strong>ratione</strong></span> <span class='ocrx_word' id='word_1_767' title='bbox 2882 5184 3168 5252; x_wconf 83' lang='lat' dir='ltr'><strong>temporis,</strong></span> <span class='ocrx_word' id='word_1_768' title='bbox 3194 5188 3462 5249; x_wconf 82' lang='lat' dir='ltr'><strong>cognatus</strong></span> <span class='ocrx_word' id='word_1_769' title='bbox 3487 5192 3583 5231; x_wconf 84' lang='lat' dir='ltr'><strong>ve-</strong></span> 
     </span>
    </p>
   </div>
   <div class='ocr_carea' id='block_1_109' title="bbox 1989 5275 3581 5345">
    <p class='ocr_par' dir='ltr' id='par_1_109' title="bbox 1989 5275 3581 5345">
     <span class='ocr_line' id='line_1_109' title="bbox 1989 5275 3581 5345; baseline -0.006 -14"><span class='ocrx_word' id='word_1_770' title='bbox 1989 5292 2051 5331; x_wconf 91' lang='lat' dir='ltr'><strong>ro</strong></span> <span class='ocrx_word' id='word_1_771' title='bbox 2083 5276 2378 5341; x_wconf 74' lang='lat' dir='ltr'><strong>secundum</strong></span> <span class='ocrx_word' id='word_1_772' title='bbox 2413 5284 2686 5342; x_wconf 86' lang='lat' dir='ltr'><strong>naturam,</strong></span> <span class='ocrx_word' id='word_1_773' title='bbox 2721 5285 2774 5331; x_wconf 91' lang='lat' dir='ltr'><strong>et</strong></span> <span class='ocrx_word' id='word_1_774' title='bbox 2804 5290 2907 5345; x_wconf 89' lang='lat' dir='ltr'><strong>qua</strong></span> <span class='ocrx_word' id='word_1_775' title='bbox 2950 5275 3164 5329; x_wconf 86' lang='lat' dir='ltr'><strong>ratione</strong></span> <span class='ocrx_word' id='word_1_776' title='bbox 3193 5281 3445 5329; x_wconf 88' lang='lat' dir='ltr'><strong>creatura</strong></span> <span class='ocrx_word' id='word_1_777' title='bbox 3477 5281 3581 5331; x_wconf 78' lang='lat' dir='ltr'><strong>est,</strong></span> 
     </span>
    </p>
   </div>
   <div class='ocr_carea' id='block_1_110' title="bbox 1990 5364 3582 5439">
    <p class='ocr_par' dir='ltr' id='par_1_110' title="bbox 1990 5364 3582 5439">
     <span class='ocr_line' id='line_1_110' title="bbox 1990 5364 3582 5439; baseline -0.003 -19"><span class='ocrx_word' id='word_1_778' title='bbox 1990 5368 2109 5426; x_wconf 82' lang='lat' dir='ltr'><strong>aliis</strong></span> <span class='ocrx_word' id='word_1_779' title='bbox 2139 5368 2333 5424; x_wconf 80' lang='lat' dir='ltr'><strong>similis</strong></span> <span class='ocrx_word' id='word_1_780' title='bbox 2353 5369 2481 5423; x_wconf 91' lang='lat' dir='ltr'><strong>erit.</strong></span> <span class='ocrx_word' id='word_1_781' title='bbox 2529 5367 2805 5439; x_wconf 79' lang='lat' dir='ltr'><strong>Cognatus</strong></span> <span class='ocrx_word' id='word_1_782' title='bbox 2854 5366 3020 5439; x_wconf 72' lang='lat'><strong>239</strong></span> <span class='ocrx_word' id='word_1_783' title='bbox 3051 5368 3234 5437; x_wconf 85' lang='lat' dir='ltr'><strong>itaque</strong></span> <span class='ocrx_word' id='word_1_784' title='bbox 3274 5365 3378 5420; x_wconf 90' lang='lat' dir='ltr'><strong>erit</strong></span> <span class='ocrx_word' id='word_1_785' title='bbox 3420 5364 3582 5418; x_wconf 86' lang='lat' dir='ltr'><strong>etiam</strong></span> 
     </span>
    </p>
   </div>
   <div class='ocr_carea' id='block_1_111' title="bbox 1991 5458 3585 5524">
    <p class='ocr_par' dir='ltr' id='par_1_111' title="bbox 1991 5458 3585 5524">
     <span class='ocr_line' id='line_1_111' title="bbox 1991 5458 3585 5524; baseline -0.003 -11"><span class='ocrx_word' id='word_1_786' title='bbox 1991 5459 2318 5515; x_wconf 74' lang='lat' dir='ltr'><strong>animalibus</strong></span> <span class='ocrx_word' id='word_1_787' title='bbox 2367 5462 2577 5516; x_wconf 86' lang='lat' dir='ltr'><strong>ratione</strong></span> <span class='ocrx_word' id='word_1_788' title='bbox 2616 5462 2952 5524; x_wconf 86' lang='lat' dir='ltr'><strong>carentibus,</strong></span> <span class='ocrx_word' id='word_1_789' title='bbox 2996 5459 3189 5514; x_wconf 87' lang='lat' dir='ltr'><strong>avibus</strong></span> <span class='ocrx_word' id='word_1_790' title='bbox 3228 5458 3485 5511; x_wconf 88' lang='lat' dir='ltr'><strong>nimirum</strong></span> <span class='ocrx_word' id='word_1_791' title='bbox 3529 5466 3585 5510; x_wconf 91' lang='lat' dir='ltr'><strong>et</strong></span> 
     </span>
    </p>
   </div>
   <div class='ocr_carea' id='block_1_112' title="bbox 1991 5552 3582 5624">
    <p class='ocr_par' dir='ltr' id='par_1_112' title="bbox 1991 5552 3582 5624">
     <span class='ocr_line' id='line_1_112' title="bbox 1991 5552 3582 5624; baseline -0.004 -17"><span class='ocrx_word' id='word_1_792' title='bbox 1991 5554 2252 5623; x_wconf 81' lang='lat' dir='ltr'><strong>piscibus.</strong></span> <span class='ocrx_word' id='word_1_793' title='bbox 2296 5553 2431 5610; x_wconf 82' lang='lat' dir='ltr'><strong>Nam</strong></span> <span class='ocrx_word' id='word_1_794' title='bbox 2463 5566 2518 5610; x_wconf 92' lang='lat' dir='ltr'><strong>et</strong></span> <span class='ocrx_word' id='word_1_795' title='bbox 2558 5556 2673 5611; x_wconf 62' lang='lat' dir='ltr'><strong>hac</strong></span> <span class='ocrx_word' id='word_1_796' title='bbox 2721 5554 2999 5619; x_wconf 85' lang='lat' dir='ltr'><strong>animalia,</strong></span> <span class='ocrx_word' id='word_1_797' title='bbox 3047 5552 3296 5624; x_wconf 87' lang='lat' dir='ltr'><strong>quamvis</strong></span> <span class='ocrx_word' id='word_1_798' title='bbox 3332 5552 3582 5613; x_wconf 86' lang='lat' dir='ltr'><strong>minima,</strong></span> 
     </span>
    </p>
   </div>
   <div class='ocr_carea' id='block_1_113' title="bbox 1992 5645 3580 5714">
    <p class='ocr_par' dir='ltr' id='par_1_113' title="bbox 1992 5645 3580 5714">
     <span class='ocr_line' id='line_1_113' title="bbox 1992 5645 3580 5714; baseline -0.001 -14"><span class='ocrx_word' id='word_1_799' title='bbox 1992 5660 2118 5714; x_wconf 84' lang='lat' dir='ltr'><strong>pars</strong></span> <span class='ocrx_word' id='word_1_800' title='bbox 2153 5646 2315 5703; x_wconf 86' lang='lat' dir='ltr'><strong>totius</strong></span> <span class='ocrx_word' id='word_1_801' title='bbox 2352 5655 2617 5703; x_wconf 65' lang='lat' dir='ltr'><strong>creaturae</strong></span> <span class='ocrx_word' id='word_1_802' title='bbox 2654 5656 2800 5703; x_wconf 90' lang='lat' dir='ltr'><strong>sunt.</strong></span> <span class='ocrx_word' id='word_1_803' title='bbox 2844 5647 2950 5702; x_wconf 76' lang='lat' dir='ltr'><strong>Sed</strong></span> <span class='ocrx_word' id='word_1_804' title='bbox 2998 5646 3103 5701; x_wconf 90' lang='lat' dir='ltr'><strong>hoc</strong></span> <span class='ocrx_word' id='word_1_805' title='bbox 3141 5645 3437 5701; x_wconf 84' lang='lat' dir='ltr'><strong>absurdum</strong></span> <span class='ocrx_word' id='word_1_806' title='bbox 3474 5654 3580 5699; x_wconf 83' lang='lat' dir='ltr'><strong>est.</strong></span> 
     </span>
    </p>
   </div>
   <div class='ocr_carea' id='block_1_114' title="bbox 1993 5732 3583 5811">
    <p class='ocr_par' dir='ltr' id='par_1_114' title="bbox 1993 5732 3583 5811">
     <span class='ocr_line' id='line_1_114' title="bbox 1993 5732 3583 5811; baseline -0.002 -20"><span class='ocrx_word' id='word_1_807' title='bbox 1993 5734 2086 5795; x_wconf 78' lang='lat' dir='ltr'><strong>Pie</strong></span> <span class='ocrx_word' id='word_1_808' title='bbox 2129 5737 2295 5809; x_wconf 85' lang='lat' dir='ltr'><strong>igitur</strong></span> <span class='ocrx_word' id='word_1_809' title='bbox 2337 5738 2731 5811; x_wconf 80' lang='lat' dir='ltr'><strong>primogenitus</strong></span> <span class='ocrx_word' id='word_1_810' title='bbox 2772 5738 2989 5810; x_wconf 88' lang='lat' dir='ltr'><strong>quidem</strong></span> <span class='ocrx_word' id='word_1_811' title='bbox 3044 5736 3375 5799; x_wconf 83' lang='lat' dir='ltr'><strong>censebitur,</strong></span> <span class='ocrx_word' id='word_1_812' title='bbox 3427 5743 3487 5789; x_wconf 80' lang='lat' dir='ltr'><strong>ut</strong></span> <span class='ocrx_word' id='word_1_813' title='bbox 3528 5732 3583 5788; x_wconf 90' lang='lat' dir='ltr'><strong>in</strong></span> 
     </span>
    </p>
   </div>
  </div>
