  <div class='ocr_page' id='page_1' title='image "/cluster/home/n/w/nwhite01/storage/ocr_20150623/75/pst.000005712748/604.png"; bbox 0 0 4036 6336; ppageno 0'>
   <div class='ocr_carea' id='block_1_1' title="bbox 330 418 473 476">
    <p class='ocr_par' dir='ltr' id='par_1_1' title="bbox 330 418 473 476">
     <span class='ocr_line' id='line_1_1' title="bbox 330 418 473 476; baseline 0 0"><span class='ocrx_word' id='word_1_1' title='bbox 330 418 473 476; x_wconf 76' lang='lat'><strong>“5‘5</strong></span> 
     </span>
    </p>
   </div>
   <div class='ocr_carea' id='block_1_2' title="bbox 1668 412 2191 473">
    <p class='ocr_par' dir='ltr' id='par_1_2' title="bbox 1668 412 2191 473">
     <span class='ocr_line' id='line_1_2' title="bbox 1668 412 2191 473; baseline 0 -2"><span class='ocrx_word' id='word_1_2' title='bbox 1668 415 1757 473; x_wconf 86' lang='lat' dir='ltr'><strong>DE</strong></span> <span class='ocrx_word' id='word_1_3' title='bbox 1798 412 2191 471; x_wconf 76' lang='lat' dir='ltr'><strong>TRINITATE.</strong></span> 
     </span>
    </p>
   </div>
   <div class='ocr_carea' id='block_1_3' title="bbox 3493 414 3628 468">
    <p class='ocr_par' dir='ltr' id='par_1_3' title="bbox 3493 414 3628 468">
     <span class='ocr_line' id='line_1_3' title="bbox 3493 414 3628 468; baseline 0.015 -2"><span class='ocrx_word' id='word_1_4' title='bbox 3493 414 3628 468; x_wconf 67' lang='lat' dir='ltr'><strong>HM</strong></span> 
     </span>
    </p>
   </div>
   <div class='ocr_carea' id='block_1_4' title="bbox 326 523 1904 609">
    <p class='ocr_par' dir='ltr' id='par_1_4' title="bbox 326 533 1904 609">
     <span class='ocr_line' id='line_1_4' title="bbox 326 533 1904 609; baseline -0.004 -19"><span class='ocrx_word' id='word_1_5' title='bbox 326 537 502 607; x_wconf 80' lang='grc' dir='ltr'>Λόγος</span> <span class='ocrx_word' id='word_1_6' title='bbox 566 537 785 609; x_wconf 72' lang='grc' dir='ltr'>εὐδοκία</span> <span class='ocrx_word' id='word_1_7' title='bbox 857 538 948 592; x_wconf 86' lang='grc' dir='ltr'>τοῦ</span> <span class='ocrx_word' id='word_1_8' title='bbox 1036 537 1244 609; x_wconf 74' lang='grc' dir='ltr'>Πατρὸς</span> <span class='ocrx_word' id='word_1_9' title='bbox 1317 533 1718 605; x_wconf 62' lang='grc' dir='ltr'><strong>ἐδημιούργησε.</strong></span> <span class='ocrx_word' id='word_1_10' title='bbox 1783 533 1904 603; x_wconf 63' lang='grc' dir='ltr'>λόγη</span> 
     </span>
    </p>
   </div>
   <div class='ocr_carea' id='block_1_5' title="bbox 2014 523 3627 609">
    <p class='ocr_par' dir='ltr' id='par_1_5' title="bbox 2014 523 3627 596">
     <span class='ocr_line' id='line_1_5' title="bbox 2014 523 3627 596; baseline -0.006 -8"><span class='ocrx_word' id='word_1_11' title='bbox 2014 564 2026 594; x_wconf 62' lang='grc' dir='ltr'><strong>ι</strong></span> <span class='ocrx_word' id='word_1_12' title='bbox 2055 542 2109 588; x_wconf 90' lang='lat' dir='ltr'><strong>et</strong></span> <span class='ocrx_word' id='word_1_13' title='bbox 2143 533 2442 587; x_wconf 86' lang='lat' dir='ltr'><strong>metiuntur</strong></span> <span class='ocrx_word' id='word_1_14' title='bbox 2472 549 2482 583; x_wconf 91' lang='lat'>:</span> <span class='ocrx_word' id='word_1_15' title='bbox 2521 526 2637 583; x_wconf 84' lang='lat' dir='ltr'><strong>dies</strong></span> <span class='ocrx_word' id='word_1_16' title='bbox 2667 541 2794 583; x_wconf 78' lang='lat' dir='ltr'><strong>vero</strong></span> <span class='ocrx_word' id='word_1_17' title='bbox 2826 534 3120 596; x_wconf 83' lang='lat' dir='ltr'><strong>noctesque</strong></span> <span class='ocrx_word' id='word_1_18' title='bbox 3151 523 3279 581; x_wconf 79' lang='lat' dir='ltr'><strong>facit</strong></span> <span class='ocrx_word' id='word_1_19' title='bbox 3309 524 3444 579; x_wconf 85' lang='lat' dir='ltr'><strong>lucis</strong></span> <span class='ocrx_word' id='word_1_20' title='bbox 3471 534 3627 580; x_wconf 82' lang='lat' dir='ltr'><strong>ortus</strong></span> 
     </span>
    </p>
   </div>
   <div class='ocr_carea' id='block_1_6' title="bbox 325 618 3626 704">
    <p class='ocr_par' dir='ltr' id='par_1_6' title="bbox 325 618 3626 704">
     <span class='ocr_line' id='line_1_6' title="bbox 325 618 3626 704; baseline -0.004 -19"><span class='ocrx_word' id='word_1_21' title='bbox 325 639 384 685; x_wconf 85' lang='lat' dir='ltr'><strong>et</strong></span> <span class='ocrx_word' id='word_1_22' title='bbox 413 647 641 688; x_wconf 79' lang='lat' dir='ltr'><strong>occasus</strong></span> <span class='ocrx_word' id='word_1_23' title='bbox 675 653 688 688; x_wconf 90' lang='lat'>:</span> <span class='ocrx_word' id='word_1_24' title='bbox 725 649 846 704; x_wconf 65' lang='lat' dir='ltr'><strong>quae</strong></span> <span class='ocrx_word' id='word_1_25' title='bbox 872 634 1088 703; x_wconf 91' lang='lat' dir='ltr'><strong>quidem</strong></span> <span class='ocrx_word' id='word_1_26' title='bbox 1139 633 1228 686; x_wconf 81' lang='lat' dir='ltr'><strong>lux</strong></span> <span class='ocrx_word' id='word_1_27' title='bbox 1291 639 1416 700; x_wconf 86' lang='lat' dir='ltr'><strong>post</strong></span> <span class='ocrx_word' id='word_1_28' title='bbox 1467 627 1664 683; x_wconf 61' lang='lat' dir='ltr'><strong>coelum</strong></span> <span class='ocrx_word' id='word_1_29' title='bbox 1703 641 1765 679; x_wconf 88' lang='lat' dir='ltr'><strong>ac</strong></span> <span class='ocrx_word' id='word_1_30' title='bbox 1807 636 2011 681; x_wconf 88' lang='lat' dir='ltr'><strong>terram</strong></span> <span class='ocrx_word' id='word_1_31' title='bbox 2068 635 2127 681; x_wconf 88' lang='lat' dir='ltr'><strong>et</strong></span> <span class='ocrx_word' id='word_1_32' title='bbox 2187 639 2370 679; x_wconf 88' lang='lat' dir='ltr'><strong>aerem</strong></span> <span class='ocrx_word' id='word_1_33' title='bbox 2404 622 2544 678; x_wconf 80' lang='lat' dir='ltr'><strong>facta</strong></span> <span class='ocrx_word' id='word_1_34' title='bbox 2573 619 2696 676; x_wconf 80' lang='lat' dir='ltr'><strong>fuit.</strong></span> <span class='ocrx_word' id='word_1_35' title='bbox 2729 618 2858 675; x_wconf 73' lang='lat' dir='ltr'><strong>[hcc</strong></span> <span class='ocrx_word' id='word_1_36' title='bbox 2918 634 3080 691; x_wconf 90' lang='lat' dir='ltr'><strong>porro</strong></span> <span class='ocrx_word' id='word_1_37' title='bbox 3152 620 3362 685; x_wconf 89' lang='lat' dir='ltr'><strong>omnia,</strong></span> <span class='ocrx_word' id='word_1_38' title='bbox 3387 624 3439 673; x_wconf 90' lang='lat' dir='ltr'><strong>et</strong></span> <span class='ocrx_word' id='word_1_39' title='bbox 3463 618 3626 688; x_wconf 88' lang='lat' dir='ltr'><strong>quid-</strong></span> 
     </span>
    </p>
   </div>
   <div class='ocr_carea' id='block_1_7' title="bbox 325 723 2390 796">
    <p class='ocr_par' dir='ltr' id='par_1_7' title="bbox 325 723 2390 796">
     <span class='ocr_line' id='line_1_7' title="bbox 325 723 2390 796; baseline -0.002 -16"><span class='ocrx_word' id='word_1_40' title='bbox 325 728 456 796; x_wconf 82' lang='lat' dir='ltr'><strong>quid</strong></span> <span class='ocrx_word' id='word_1_41' title='bbox 494 729 545 782; x_wconf 92' lang='lat' dir='ltr'><strong>in</strong></span> <span class='ocrx_word' id='word_1_42' title='bbox 570 730 651 784; x_wconf 85' lang='lat' dir='ltr'><strong>eis</strong></span> <span class='ocrx_word' id='word_1_43' title='bbox 679 738 780 794; x_wconf 89' lang='lat' dir='ltr'><strong>est,</strong></span> <span class='ocrx_word' id='word_1_44' title='bbox 818 729 958 784; x_wconf 90' lang='lat' dir='ltr'><strong>Deus</strong></span> <span class='ocrx_word' id='word_1_45' title='bbox 1008 728 1262 793; x_wconf 79' lang='lat' dir='ltr'><strong>Verbum,</strong></span> <span class='ocrx_word' id='word_1_46' title='bbox 1316 726 1654 794; x_wconf 88' lang='lat' dir='ltr'><strong>beneplacito</strong></span> <span class='ocrx_word' id='word_1_47' title='bbox 1695 723 1872 778; x_wconf 91' lang='lat' dir='ltr'><strong>Patris</strong></span> <span class='ocrx_word' id='word_1_48' title='bbox 1904 765 1918 789; x_wconf 86' lang='lat'><strong>,</strong></span> <span class='ocrx_word' id='word_1_49' title='bbox 1964 724 2130 778; x_wconf 86' lang='lat' dir='ltr'><strong>verbo</strong></span> <span class='ocrx_word' id='word_1_50' title='bbox 2161 724 2390 778; x_wconf 76' lang='lat' dir='ltr'><strong>creavit.</strong></span> 
     </span>
    </p>
   </div>
   <div class='ocr_carea' id='block_1_8' title="bbox 399 820 1916 896">
    <p class='ocr_par' dir='ltr' id='par_1_8' title="bbox 399 820 1916 896">
     <span class='ocr_line' id='line_1_8' title="bbox 399 820 1916 896; baseline -0.003 -20"><span class='ocrx_word' id='word_1_51' title='bbox 399 824 591 876; x_wconf 84' lang='grc' dir='ltr'><strong>Τοίνυν</strong></span> <span class='ocrx_word' id='word_1_52' title='bbox 614 823 724 877; x_wconf 84' lang='grc' dir='ltr'>τῶν</span> <span class='ocrx_word' id='word_1_53' title='bbox 750 825 955 896; x_wconf 85' lang='grc' dir='ltr'>χρόνων</span> <span class='ocrx_word' id='word_1_54' title='bbox 995 823 1221 878; x_wconf 75' lang='grc' dir='ltr'>καὶτῶν</span> <span class='ocrx_word' id='word_1_55' title='bbox 1259 823 1470 877; x_wconf 80' lang='grc' dir='ltr'>αἰώνων</span> <span class='ocrx_word' id='word_1_56' title='bbox 1505 821 1644 892; x_wconf 81' lang='grc' dir='ltr'>με·τά</span> <span class='ocrx_word' id='word_1_57' title='bbox 1677 820 1786 874; x_wconf 84' lang='grc' dir='ltr'>τῶν</span> <span class='ocrx_word' id='word_1_58' title='bbox 1821 821 1916 875; x_wconf 82' lang='grc' dir='ltr'><strong>ἀλ-</strong></span> 
     </span>
    </p>
   </div>
   <div class='ocr_carea' id='block_1_9' title="bbox 323 913 1917 990">
    <p class='ocr_par' dir='ltr' id='par_1_9' title="bbox 323 913 1917 990">
     <span class='ocr_line' id='line_1_9' title="bbox 323 913 1917 990; baseline -0.002 -21"><span class='ocrx_word' id='word_1_59' title='bbox 323 915 435 970; x_wconf 85' lang='grc' dir='ltr'><strong>λων</strong></span> <span class='ocrx_word' id='word_1_60' title='bbox 467 916 725 970; x_wconf 78' lang='grc' dir='ltr'>ἁπάντων</span> <span class='ocrx_word' id='word_1_61' title='bbox 776 917 1110 990; x_wconf 79' lang='grc' dir='ltr'><strong>ποιηθέντων</strong></span> <span class='ocrx_word' id='word_1_62' title='bbox 1164 917 1267 968; x_wconf 75' lang='grc' dir='ltr'>ὑπὸ</span> <span class='ocrx_word' id='word_1_63' title='bbox 1309 915 1403 968; x_wconf 88' lang='grc' dir='ltr'>τοῦ</span> <span class='ocrx_word' id='word_1_64' title='bbox 1440 916 1637 982; x_wconf 85' lang='grc' dir='ltr'>Λόγου,</span> <span class='ocrx_word' id='word_1_65' title='bbox 1670 914 1823 967; x_wconf 78' lang='grc' dir='ltr'>οὐδὲν</span> <span class='ocrx_word' id='word_1_66' title='bbox 1850 913 1917 967; x_wconf 75' lang='grc' dir='ltr'>ἂν</span> 
     </span>
    </p>
   </div>
   <div class='ocr_carea' id='block_1_10' title="bbox 2103 811 3626 888">
    <p class='ocr_par' dir='ltr' id='par_1_10' title="bbox 2103 811 3626 888">
     <span class='ocr_line' id='line_1_10' title="bbox 2103 811 3626 888; baseline -0.005 -14"><span class='ocrx_word' id='word_1_67' title='bbox 2103 819 2234 875; x_wconf 84' lang='lat' dir='ltr'><strong>Cum</strong></span> <span class='ocrx_word' id='word_1_68' title='bbox 2285 817 2446 888; x_wconf 83' lang='lat' dir='ltr'><strong>igitur</strong></span> <span class='ocrx_word' id='word_1_69' title='bbox 2499 827 2740 886; x_wconf 89' lang='lat' dir='ltr'><strong>tempora</strong></span> <span class='ocrx_word' id='word_1_70' title='bbox 2792 830 2857 870; x_wconf 82' lang='lat' dir='ltr'><strong>ac</strong></span> <span class='ocrx_word' id='word_1_71' title='bbox 2906 813 3102 869; x_wconf 67' lang='lat' dir='ltr'><strong>saecula</strong></span> <span class='ocrx_word' id='word_1_72' title='bbox 3145 828 3266 868; x_wconf 90' lang='lat' dir='ltr'><strong>cum</strong></span> <span class='ocrx_word' id='word_1_73' title='bbox 3304 811 3427 866; x_wconf 91' lang='lat' dir='ltr'><strong>aliis</strong></span> <span class='ocrx_word' id='word_1_74' title='bbox 3460 812 3626 866; x_wconf 81' lang='lat' dir='ltr'><strong>rebus</strong></span> 
     </span>
    </p>
   </div>
   <div class='ocr_carea' id='block_1_11' title="bbox 2023 902 3623 970">
    <p class='ocr_par' dir='ltr' id='par_1_11' title="bbox 2023 902 3623 970">
     <span class='ocr_line' id='line_1_11' title="bbox 2023 902 3623 970; baseline -0.007 -3"><span class='ocrx_word' id='word_1_75' title='bbox 2023 911 2278 967; x_wconf 86' lang='lat' dir='ltr'><strong>omnibus</strong></span> <span class='ocrx_word' id='word_1_76' title='bbox 2309 927 2336 964; x_wconf 92' lang='lat' dir='ltr'><strong>a</strong></span> <span class='ocrx_word' id='word_1_77' title='bbox 2370 909 2552 964; x_wconf 88' lang='lat' dir='ltr'><strong>Verbo</strong></span> <span class='ocrx_word' id='word_1_78' title='bbox 2591 911 2729 964; x_wconf 84' lang='lat' dir='ltr'><strong>facta</strong></span> <span class='ocrx_word' id='word_1_79' title='bbox 2770 908 2994 970; x_wconf 81' lang='lat' dir='ltr'><strong>fuerint,</strong></span> <span class='ocrx_word' id='word_1_80' title='bbox 3045 905 3178 960; x_wconf 83' lang='lat' dir='ltr'><strong>nihil</strong></span> <span class='ocrx_word' id='word_1_81' title='bbox 3231 907 3375 959; x_wconf 88' lang='lat' dir='ltr'><strong>inter</strong></span> <span class='ocrx_word' id='word_1_82' title='bbox 3404 902 3623 958; x_wconf 89' lang='lat' dir='ltr'><strong>Patrem</strong></span> 
     </span>
    </p>
   </div>
   <div class='ocr_carea' id='block_1_12' title="bbox 322 998 1904 1080">
    <p class='ocr_par' dir='ltr' id='par_1_12' title="bbox 322 1002 1904 1080">
     <span class='ocr_line' id='line_1_12' title="bbox 322 1002 1904 1080; baseline -0.001 -20"><span class='ocrx_word' id='word_1_83' title='bbox 322 1002 396 1079; x_wconf 74' lang='grc' dir='ltr'>ἦν</span> <span class='ocrx_word' id='word_1_84' title='bbox 427 1007 630 1078; x_wconf 78' lang='grc' dir='ltr'>μεταξὺ</span> <span class='ocrx_word' id='word_1_85' title='bbox 671 1009 880 1080; x_wconf 77' lang='grc' dir='ltr'>Πατρὸς</span> <span class='ocrx_word' id='word_1_86' title='bbox 916 1012 1008 1064; x_wconf 81' lang='grc' dir='ltr'>καὶ</span> <span class='ocrx_word' id='word_1_87' title='bbox 1039 1007 1169 1061; x_wconf 79' lang='grc' dir='ltr'>Υίοῦ</span> <span class='ocrx_word' id='word_1_88' title='bbox 1192 1049 1204 1073; x_wconf 90' lang='grc'><strong>,</strong></span> <span class='ocrx_word' id='word_1_89' title='bbox 1249 1008 1367 1061; x_wconf 77' lang='grc' dir='ltr'>ἀλλ’</span> <span class='ocrx_word' id='word_1_90' title='bbox 1401 1009 1488 1061; x_wconf 77' lang='grc' dir='ltr'><strong>ἀεὶ</strong></span> <span class='ocrx_word' id='word_1_91' title='bbox 1523 1009 1622 1079; x_wconf 82' lang='grc' dir='ltr'>μὲν</span> <span class='ocrx_word' id='word_1_92' title='bbox 1668 1006 1859 1077; x_wconf 80' lang='grc' dir='ltr'>Πατὴρ</span> <span class='ocrx_word' id='word_1_93' title='bbox 1888 1008 1904 1059; x_wconf 78' lang='grc' dir='ltr'><strong>ί</strong></span> 
     </span>
    </p>
   </div>
   <div class='ocr_carea' id='block_1_13' title="bbox 2014 998 3626 1080">
    <p class='ocr_par' dir='ltr' id='par_1_13' title="bbox 2019 998 3626 1072">
     <span class='ocr_line' id='line_1_13' title="bbox 2019 998 3626 1072; baseline -0.007 -13"><span class='ocrx_word' id='word_1_94' title='bbox 2019 1015 2073 1059; x_wconf 92' lang='lat' dir='ltr'><strong>et</strong></span> <span class='ocrx_word' id='word_1_95' title='bbox 2107 1003 2302 1058; x_wconf 73' lang='lat' dir='ltr'><strong>Filium</strong></span> <span class='ocrx_word' id='word_1_96' title='bbox 2324 1003 2492 1072; x_wconf 83' lang='lat' dir='ltr'><strong>jacet,</strong></span> <span class='ocrx_word' id='word_1_97' title='bbox 2518 1004 2610 1056; x_wconf 90' lang='lat' dir='ltr'><strong>sed</strong></span> <span class='ocrx_word' id='word_1_98' title='bbox 2645 1001 2805 1055; x_wconf 86' lang='lat' dir='ltr'><strong>Pater</strong></span> <span class='ocrx_word' id='word_1_99' title='bbox 2832 1015 3050 1070; x_wconf 79' lang='lat' dir='ltr'><strong>semper</strong></span> <span class='ocrx_word' id='word_1_100' title='bbox 3077 999 3177 1054; x_wconf 77' lang='lat' dir='ltr'><strong>fuit</strong></span> <span class='ocrx_word' id='word_1_101' title='bbox 3211 998 3372 1062; x_wconf 87' lang='lat' dir='ltr'><strong>Deus,</strong></span> <span class='ocrx_word' id='word_1_102' title='bbox 3409 1010 3626 1064; x_wconf 88' lang='lat' dir='ltr'><strong>semper</strong></span> 
     </span>
    </p>
   </div>
   <div class='ocr_carea' id='block_1_14' title="bbox 317 1098 1914 1172">
    <p class='ocr_par' dir='ltr' id='par_1_14' title="bbox 317 1098 1914 1172">
     <span class='ocr_line' id='line_1_14' title="bbox 317 1098 1914 1172; baseline -0.001 -20"><span class='ocrx_word' id='word_1_103' title='bbox 317 1100 478 1166; x_wconf 80' lang='grc' dir='ltr'>Θεὸς,</span> <span class='ocrx_word' id='word_1_104' title='bbox 510 1101 596 1154; x_wconf 77' lang='grc' dir='ltr'><strong>ἀεὶ</strong></span> <span class='ocrx_word' id='word_1_105' title='bbox 634 1100 689 1154; x_wconf 79' lang='grc' dir='ltr'>δὲ</span> <span class='ocrx_word' id='word_1_106' title='bbox 720 1103 749 1155; x_wconf 99' lang='lat'><strong>6</strong></span> <span class='ocrx_word' id='word_1_107' title='bbox 779 1101 904 1172; x_wconf 71' lang='grc' dir='ltr'>Υἱὸς</span> <span class='ocrx_word' id='word_1_108' title='bbox 943 1102 1041 1155; x_wconf 83' lang='grc' dir='ltr'>σὺν</span> <span class='ocrx_word' id='word_1_109' title='bbox 1064 1101 1236 1172; x_wconf 75' lang='lat' dir='ltr'><strong>lla-cpi</strong></span> <span class='ocrx_word' id='word_1_110' title='bbox 1261 1117 1274 1129; x_wconf 85' lang='grc'><strong>·</strong></span> <span class='ocrx_word' id='word_1_111' title='bbox 1315 1100 1396 1153; x_wconf 84' lang='grc' dir='ltr'><strong>διὸ</strong></span> <span class='ocrx_word' id='word_1_112' title='bbox 1435 1100 1531 1153; x_wconf 80' lang='grc' dir='ltr'>καὶ</span> <span class='ocrx_word' id='word_1_113' title='bbox 1569 1103 1596 1153; x_wconf 89' lang='lat'><strong>6</strong></span> <span class='ocrx_word' id='word_1_114' title='bbox 1625 1098 1914 1166; x_wconf 81' lang='grc' dir='ltr'>εὐαγγελι-</span> 
     </span>
    </p>
   </div>
   <div class='ocr_carea' id='block_1_15' title="bbox 324 1179 1915 1264">
    <p class='ocr_par' dir='ltr' id='par_1_15' title="bbox 324 1179 1915 1264">
     <span class='ocr_line' id='line_1_15' title="bbox 324 1179 1915 1264; baseline 0 -22"><span class='ocrx_word' id='word_1_115' title='bbox 324 1191 480 1261; x_wconf 75' lang='grc' dir='ltr'>στὴς,</span> <span class='ocrx_word' id='word_1_116' title='bbox 515 1211 532 1242; x_wconf 80' lang='grc' dir='ltr'>ι</span> <span class='ocrx_word' id='word_1_117' title='bbox 572 1188 660 1244; x_wconf 81' lang='grc' dir='ltr'>Ἑν</span> <span class='ocrx_word' id='word_1_118' title='bbox 683 1179 916 1264; x_wconf 73' lang='grc' dir='ltr'>άρχῇῆν</span> <span class='ocrx_word' id='word_1_119' title='bbox 947 1194 976 1246; x_wconf 92' lang='lat'><strong>6</strong></span> <span class='ocrx_word' id='word_1_120' title='bbox 1014 1193 1186 1263; x_wconf 83' lang='grc' dir='ltr'>Λόγος</span> <span class='ocrx_word' id='word_1_121' title='bbox 1218 1211 1235 1244; x_wconf 79' lang='lat' dir='ltr'><strong>t</strong></span> <span class='ocrx_word' id='word_1_122' title='bbox 1272 1191 1389 1263; x_wconf 77' lang='grc' dir='ltr'>βοᾷ.</span> <span class='ocrx_word' id='word_1_123' title='bbox 1424 1192 1532 1244; x_wconf 68' lang='grc' dir='ltr'><strong>Καὶ</strong></span> <span class='ocrx_word' id='word_1_124' title='bbox 1563 1195 1590 1244; x_wconf 92' lang='lat'><strong>6</strong></span> <span class='ocrx_word' id='word_1_125' title='bbox 1619 1189 1915 1254; x_wconf 72' lang='grc' dir='ltr'><strong>ἀπόστολος</strong></span> 
     </span>
    </p>
   </div>
   <div class='ocr_carea' id='block_1_16' title="bbox 324 1281 1914 1353">
    <p class='ocr_par' dir='ltr' id='par_1_16' title="bbox 324 1281 1914 1353">
     <span class='ocr_line' id='line_1_16' title="bbox 324 1281 1914 1353; baseline 0 -19"><span class='ocrx_word' id='word_1_126' title='bbox 324 1281 538 1345; x_wconf 84' lang='grc' dir='ltr'>Παῦλός</span> <span class='ocrx_word' id='word_1_127' title='bbox 564 1300 696 1353; x_wconf 76' lang='grc' dir='ltr'>φησι</span> <span class='ocrx_word' id='word_1_128' title='bbox 723 1299 734 1313; x_wconf 91' lang='grc'><strong>·</strong></span> <span class='ocrx_word' id='word_1_129' title='bbox 766 1301 783 1333; x_wconf 83' lang='grc' dir='ltr'>ι</span> <span class='ocrx_word' id='word_1_130' title='bbox 830 1285 927 1346; x_wconf 88' lang='grc' dir='ltr'>Ὂς</span> <span class='ocrx_word' id='word_1_131' title='bbox 973 1281 1049 1337; x_wconf 84' lang='grc' dir='ltr'>ὣν</span> <span class='ocrx_word' id='word_1_132' title='bbox 1074 1283 1414 1353; x_wconf 75' lang='grc' dir='ltr'>ἀπαύγασμα</span> <span class='ocrx_word' id='word_1_133' title='bbox 1461 1283 1562 1352; x_wconf 79' lang='grc' dir='ltr'>τῆς</span> <span class='ocrx_word' id='word_1_134' title='bbox 1608 1282 1787 1353; x_wconf 53' lang='lat'><strong>66511;,</strong></span> <span class='ocrx_word' id='word_1_135' title='bbox 1819 1284 1914 1335; x_wconf 76' lang='grc' dir='ltr'><strong>καὶ</strong></span> 
     </span>
    </p>
   </div>
   <div class='ocr_carea' id='block_1_17' title="bbox 321 1375 1910 1446">
    <p class='ocr_par' dir='ltr' id='par_1_17' title="bbox 321 1375 1910 1446">
     <span class='ocr_line' id='line_1_17' title="bbox 321 1375 1910 1446; baseline 0.002 -21"><span class='ocrx_word' id='word_1_136' title='bbox 321 1376 617 1446; x_wconf 79' lang='grc' dir='ltr'>χαρακτὴρ</span> <span class='ocrx_word' id='word_1_137' title='bbox 654 1375 753 1444; x_wconf 83' lang='grc' dir='ltr'>τῆς</span> <span class='ocrx_word' id='word_1_138' title='bbox 796 1376 1152 1439; x_wconf 82' lang='grc' dir='ltr'><strong>ὑποστάσεως</strong></span> <span class='ocrx_word' id='word_1_139' title='bbox 1185 1376 1372 1430; x_wconf 81' lang='grc' dir='ltr'>αὑτοῦ.</span> <span class='ocrx_word' id='word_1_140' title='bbox 1413 1397 1434 1426; x_wconf 70' lang='grc' dir='ltr'><strong>ιι</strong></span> <span class='ocrx_word' id='word_1_141' title='bbox 1465 1377 1576 1430; x_wconf 82' lang='grc' dir='ltr'><strong>Καὶ</strong></span> <span class='ocrx_word' id='word_1_142' title='bbox 1606 1376 1872 1446; x_wconf 74' lang='grc' dir='ltr'><strong>ἑτέρωθεν</strong></span> <span class='ocrx_word' id='word_1_143' title='bbox 1898 1394 1910 1404; x_wconf 89' lang='grc'><strong>·</strong></span> 
     </span>
    </p>
   </div>
   <div class='ocr_carea' id='block_1_18' title="bbox 325 1467 1911 1540">
    <p class='ocr_par' dir='ltr' id='par_1_18' title="bbox 325 1467 1911 1540">
     <span class='ocr_line' id='line_1_18' title="bbox 325 1467 1911 1540; baseline 0.001 -21"><span class='ocrx_word' id='word_1_144' title='bbox 325 1483 347 1518; x_wconf 74' lang='grc' dir='ltr'><strong>ε</strong></span> <span class='ocrx_word' id='word_1_145' title='bbox 383 1467 480 1530; x_wconf 78' lang='grc' dir='ltr'>ὐς</span> <span class='ocrx_word' id='word_1_146' title='bbox 511 1470 570 1521; x_wconf 81' lang='grc' dir='ltr'>ὲν</span> <span class='ocrx_word' id='word_1_147' title='bbox 605 1471 786 1539; x_wconf 76' lang='grc' dir='ltr'>μορφῇ</span> <span class='ocrx_word' id='word_1_148' title='bbox 818 1468 952 1522; x_wconf 83' lang='grc' dir='ltr'>Θεοῦ</span> <span class='ocrx_word' id='word_1_149' title='bbox 980 1469 1264 1540; x_wconf 86' lang='grc' dir='ltr'>ὑπάρχων,</span> <span class='ocrx_word' id='word_1_150' title='bbox 1293 1471 1390 1540; x_wconf 80' lang='grc' dir='ltr'>οὐχ</span> <span class='ocrx_word' id='word_1_151' title='bbox 1444 1468 1736 1540; x_wconf 80' lang='grc' dir='ltr'>ἁρπαγμὸν</span> <span class='ocrx_word' id='word_1_152' title='bbox 1779 1469 1911 1538; x_wconf 79' lang='grc' dir='ltr'><strong>ἡγή-</strong></span> 
     </span>
    </p>
   </div>
   <div class='ocr_carea' id='block_1_19' title="bbox 321 1557 1910 1631">
    <p class='ocr_par' dir='ltr' id='par_1_19' title="bbox 321 1557 1910 1631">
     <span class='ocr_line' id='line_1_19' title="bbox 321 1557 1910 1631; baseline 0.002 -23"><span class='ocrx_word' id='word_1_153' title='bbox 321 1571 455 1609; x_wconf 83' lang='grc' dir='ltr'>σατο</span> <span class='ocrx_word' id='word_1_154' title='bbox 478 1557 540 1610; x_wconf 79' lang='grc' dir='ltr'>τὸ</span> <span class='ocrx_word' id='word_1_155' title='bbox 571 1557 707 1611; x_wconf 80' lang='grc' dir='ltr'>εἶναι</span> <span class='ocrx_word' id='word_1_156' title='bbox 756 1562 847 1613; x_wconf 81' lang='grc' dir='ltr'><strong>ῐσα</strong></span> <span class='ocrx_word' id='word_1_157' title='bbox 893 1560 1031 1631; x_wconf 85' lang='grc' dir='ltr'><strong>Θεῷ.</strong></span> <span class='ocrx_word' id='word_1_158' title='bbox 1081 1581 1099 1612; x_wconf 84' lang='grc'><strong>›</strong></span> <span class='ocrx_word' id='word_1_159' title='bbox 1132 1563 1240 1614; x_wconf 80' lang='grc' dir='ltr'><strong>Καὶ</strong></span> <span class='ocrx_word' id='word_1_160' title='bbox 1283 1560 1405 1614; x_wconf 78' lang='grc' dir='ltr'>οὔτε</span> <span class='ocrx_word' id='word_1_161' title='bbox 1441 1561 1649 1623; x_wconf 81' lang='grc' dir='ltr'>ἐκεῖνος</span> <span class='ocrx_word' id='word_1_162' title='bbox 1689 1561 1750 1612; x_wconf 84' lang='grc' dir='ltr'>τὸ</span> <span class='ocrx_word' id='word_1_163' title='bbox 1791 1557 1871 1629; x_wconf 80' lang='grc' dir='ltr'><strong>ἦν</strong></span> <span class='ocrx_word' id='word_1_164' title='bbox 1895 1600 1910 1623; x_wconf 93' lang='grc'><strong>,</strong></span> 
     </span>
    </p>
   </div>
   <div class='ocr_carea' id='block_1_20' title="bbox 317 1644 1914 1724">
    <p class='ocr_par' dir='ltr' id='par_1_20' title="bbox 317 1644 1914 1724">
     <span class='ocr_line' id='line_1_20' title="bbox 317 1644 1914 1724; baseline 0.001 -22"><span class='ocrx_word' id='word_1_165' title='bbox 317 1649 448 1703; x_wconf 73' lang='grc' dir='ltr'>οὔτε</span> <span class='ocrx_word' id='word_1_166' title='bbox 476 1644 629 1715; x_wconf 76' lang='grc' dir='ltr'>οὗτος</span> <span class='ocrx_word' id='word_1_167' title='bbox 657 1652 719 1704; x_wconf 77' lang='grc' dir='ltr'>τὸ</span> <span class='ocrx_word' id='word_1_168' title='bbox 737 1652 822 1706; x_wconf 77' lang='grc' dir='ltr'><strong>ὢν</strong></span> <span class='ocrx_word' id='word_1_169' title='bbox 856 1654 950 1706; x_wconf 82' lang='grc' dir='ltr'>καὶ</span> <span class='ocrx_word' id='word_1_170' title='bbox 983 1654 1290 1724; x_wconf 80' lang='grc' dir='ltr'>ὑπάρχων,</span> <span class='ocrx_word' id='word_1_171' title='bbox 1331 1655 1424 1724; x_wconf 79' lang='grc' dir='ltr'><strong>ἐᾷ·</strong></span> <span class='ocrx_word' id='word_1_172' title='bbox 1479 1651 1664 1722; x_wconf 76' lang='grc' dir='ltr'>ἐπειδὴ</span> <span class='ocrx_word' id='word_1_173' title='bbox 1709 1652 1800 1705; x_wconf 81' lang='grc' dir='ltr'>τὸν</span> <span class='ocrx_word' id='word_1_174' title='bbox 1828 1652 1914 1704; x_wconf 73' lang='grc' dir='ltr'>ἀεὶ</span> 
     </span>
    </p>
   </div>
   <div class='ocr_carea' id='block_1_21' title="bbox 316 1741 1914 1818">
    <p class='ocr_par' dir='ltr' id='par_1_21' title="bbox 316 1741 1914 1818">
     <span class='ocr_line' id='line_1_21' title="bbox 316 1741 1914 1818; baseline -0.001 -22"><span class='ocrx_word' id='word_1_175' title='bbox 316 1743 452 1797; x_wconf 70' lang='grc' dir='ltr'>ὄντα</span> <span class='ocrx_word' id='word_1_176' title='bbox 475 1742 872 1814; x_wconf 78' lang='grc' dir='ltr'>κηρύττουσινο</span> <span class='ocrx_word' id='word_1_177' title='bbox 913 1741 975 1800; x_wconf 76' lang='grc' dir='ltr'>οὗ</span> <span class='ocrx_word' id='word_1_178' title='bbox 999 1748 1158 1818; x_wconf 82' lang='grc' dir='ltr'>χάριν</span> <span class='ocrx_word' id='word_1_179' title='bbox 1209 1748 1304 1800; x_wconf 73' lang='grc' dir='ltr'>καὶ</span> <span class='ocrx_word' id='word_1_180' title='bbox 1338 1747 1455 1817; x_wconf 78' lang='grc' dir='ltr'>μετ’</span> <span class='ocrx_word' id='word_1_181' title='bbox 1501 1745 1657 1813; x_wconf 80' lang='grc' dir='ltr'>όλίγα</span> <span class='ocrx_word' id='word_1_182' title='bbox 1688 1745 1716 1796; x_wconf 91' lang='lat'><strong>6</strong></span> <span class='ocrx_word' id='word_1_183' title='bbox 1751 1745 1914 1811; x_wconf 81' lang='grc' dir='ltr'>εὐαγ-</span> 
     </span>
    </p>
   </div>
   <div class='ocr_carea' id='block_1_22' title="bbox 318 1833 1914 1909">
    <p class='ocr_par' dir='ltr' id='par_1_22' title="bbox 318 1833 1914 1909">
     <span class='ocr_line' id='line_1_22' title="bbox 318 1833 1914 1909; baseline 0.001 -20"><span class='ocrx_word' id='word_1_184' title='bbox 318 1836 578 1908; x_wconf 78' lang='grc' dir='ltr'>γελιστὴς</span> <span class='ocrx_word' id='word_1_185' title='bbox 599 1877 615 1900; x_wconf 97' lang='grc'><strong>,</strong></span> <span class='ocrx_word' id='word_1_186' title='bbox 653 1855 672 1889; x_wconf 86' lang='grc'><strong><em>‹</em></strong></span> <span class='ocrx_word' id='word_1_187' title='bbox 706 1838 828 1909; x_wconf 80' lang='grc' dir='ltr'><strong>Ζωὴ</strong></span> <span class='ocrx_word' id='word_1_188' title='bbox 857 1833 947 1909; x_wconf 78' lang='grc' dir='ltr'>ἦν,</span> <span class='ocrx_word' id='word_1_189' title='bbox 982 1840 1138 1908; x_wconf 78' lang='grc' dir='ltr'>φησὶ,</span> <span class='ocrx_word' id='word_1_190' title='bbox 1163 1839 1256 1892; x_wconf 73' lang='grc' dir='ltr'>καὶ</span> <span class='ocrx_word' id='word_1_191' title='bbox 1280 1840 1312 1908; x_wconf 85' lang='grc' dir='ltr'><strong>ή</strong></span> <span class='ocrx_word' id='word_1_192' title='bbox 1345 1837 1458 1908; x_wconf 73' lang='grc' dir='ltr'><strong>ζωὴ</strong></span> <span class='ocrx_word' id='word_1_193' title='bbox 1479 1833 1547 1909; x_wconf 78' lang='grc' dir='ltr'>ἦν</span> <span class='ocrx_word' id='word_1_194' title='bbox 1575 1837 1636 1890; x_wconf 75' lang='grc' dir='ltr'>τὸ</span> <span class='ocrx_word' id='word_1_195' title='bbox 1663 1837 1779 1906; x_wconf 79' lang='grc' dir='ltr'><strong>φῶς</strong></span> <span class='ocrx_word' id='word_1_196' title='bbox 1804 1837 1914 1890; x_wconf 79' lang='grc' dir='ltr'>τῶν</span> 
     </span>
    </p>
   </div>
   <div class='ocr_carea' id='block_1_23' title="bbox 318 1926 1909 2000">
    <p class='ocr_par' dir='ltr' id='par_1_23' title="bbox 318 1926 1909 2000">
     <span class='ocr_line' id='line_1_23' title="bbox 318 1926 1909 2000; baseline 0 -18"><span class='ocrx_word' id='word_1_197' title='bbox 318 1927 642 1999; x_wconf 80' lang='grc' dir='ltr'>ἀνθρώπων.</span> <span class='ocrx_word' id='word_1_198' title='bbox 684 1949 702 1981; x_wconf 72' lang='grc' dir='ltr'><strong>ι</strong></span> <span class='ocrx_word' id='word_1_199' title='bbox 737 1931 845 1983; x_wconf 75' lang='grc' dir='ltr'><strong>Καὶ</strong></span> <span class='ocrx_word' id='word_1_200' title='bbox 866 1926 1023 1994; x_wconf 79' lang='grc' dir='ltr'>αὖθις</span> <span class='ocrx_word' id='word_1_201' title='bbox 1051 1946 1065 1961; x_wconf 87' lang='grc'><strong>·</strong></span> <span class='ocrx_word' id='word_1_202' title='bbox 1103 1950 1120 1983; x_wconf 86' lang='lat' dir='ltr'><strong>t</strong></span> <span class='ocrx_word' id='word_1_203' title='bbox 1157 1927 1266 1984; x_wconf 84' lang='grc' dir='ltr'>Ἦν</span> <span class='ocrx_word' id='word_1_204' title='bbox 1299 1931 1358 1984; x_wconf 79' lang='grc' dir='ltr'>τὸ</span> <span class='ocrx_word' id='word_1_205' title='bbox 1388 1929 1505 1998; x_wconf 79' lang='grc' dir='ltr'>φῶς</span> <span class='ocrx_word' id='word_1_206' title='bbox 1534 1929 1594 1983; x_wconf 84' lang='grc' dir='ltr'>τὸ</span> <span class='ocrx_word' id='word_1_207' title='bbox 1634 1929 1909 2000; x_wconf 80' lang='grc' dir='ltr'>ἀληθινὸν,</span> 
     </span>
    </p>
   </div>
   <div class='ocr_carea' id='block_1_24' title="bbox 317 2018 1912 2093">
    <p class='ocr_par' dir='ltr' id='par_1_24' title="bbox 317 2018 1912 2093">
     <span class='ocr_line' id='line_1_24' title="bbox 317 2018 1912 2093; baseline 0.003 -23"><span class='ocrx_word' id='word_1_208' title='bbox 317 2018 350 2070; x_wconf 82' lang='grc' dir='ltr'><strong>ὃ</strong></span> <span class='ocrx_word' id='word_1_209' title='bbox 405 2019 630 2086; x_wconf 75' lang='grc' dir='ltr'><strong>φωτίζει</strong></span> <span class='ocrx_word' id='word_1_210' title='bbox 675 2022 851 2075; x_wconf 87' lang='grc' dir='ltr'>πάντα</span> <span class='ocrx_word' id='word_1_211' title='bbox 899 2021 1187 2093; x_wconf 77' lang='grc' dir='ltr'>ἄνθρωπον</span> <span class='ocrx_word' id='word_1_212' title='bbox 1226 2023 1519 2093; x_wconf 84' lang='grc' dir='ltr'>ἐρχόμενον</span> <span class='ocrx_word' id='word_1_213' title='bbox 1563 2024 1644 2085; x_wconf 85' lang='grc' dir='ltr'><strong>είς</strong></span> <span class='ocrx_word' id='word_1_214' title='bbox 1689 2022 1781 2075; x_wconf 78' lang='grc' dir='ltr'><strong>τὸν</strong></span> <span class='ocrx_word' id='word_1_215' title='bbox 1823 2023 1912 2075; x_wconf 85' lang='grc' dir='ltr'>κό-</span> 
     </span>
    </p>
   </div>
   <div class='ocr_carea' id='block_1_25' title="bbox 2020 1089 3623 1159">
    <p class='ocr_par' dir='ltr' id='par_1_25' title="bbox 2020 1089 3623 1159">
     <span class='ocr_line' id='line_1_25' title="bbox 2020 1089 3623 1159; baseline -0.006 -10"><span class='ocrx_word' id='word_1_216' title='bbox 2020 1107 2202 1150; x_wconf 84' lang='lat' dir='ltr'><strong>autent</strong></span> <span class='ocrx_word' id='word_1_217' title='bbox 2227 1112 2349 1149; x_wconf 90' lang='lat' dir='ltr'><strong>cum</strong></span> <span class='ocrx_word' id='word_1_218' title='bbox 2386 1093 2547 1149; x_wconf 88' lang='lat' dir='ltr'><strong>Patre</strong></span> <span class='ocrx_word' id='word_1_219' title='bbox 2583 1093 2773 1147; x_wconf 85' lang='lat' dir='ltr'><strong>Filius.</strong></span> <span class='ocrx_word' id='word_1_220' title='bbox 2827 1093 3007 1158; x_wconf 83' lang='lat' dir='ltr'><strong>Quare</strong></span> <span class='ocrx_word' id='word_1_221' title='bbox 3065 1095 3231 1146; x_wconf 88' lang='lat' dir='ltr'><strong>etiam</strong></span> <span class='ocrx_word' id='word_1_222' title='bbox 3265 1089 3623 1159; x_wconf 81' lang='lat' dir='ltr'><strong>evangelista,</strong></span> 
     </span>
    </p>
   </div>
   <div class='ocr_carea' id='block_1_26' title="bbox 2025 1181 3622 1255">
    <p class='ocr_par' dir='ltr' id='par_1_26' title="bbox 2025 1181 3622 1255">
     <span class='ocr_line' id='line_1_26' title="bbox 2025 1181 3622 1255; baseline -0.003 -17"><span class='ocrx_word' id='word_1_223' title='bbox 2025 1207 2041 1237; x_wconf 78' lang='grc' dir='ltr'>ι</span> <span class='ocrx_word' id='word_1_224' title='bbox 2084 1187 2139 1239; x_wconf 93' lang='lat' dir='ltr'><strong>In</strong></span> <span class='ocrx_word' id='word_1_225' title='bbox 2168 1187 2433 1255; x_wconf 83' lang='lat' dir='ltr'><strong>principio</strong></span> <span class='ocrx_word' id='word_1_226' title='bbox 2467 1193 2582 1240; x_wconf 81' lang='lat' dir='ltr'><strong>erat</strong></span> <span class='ocrx_word' id='word_1_227' title='bbox 2619 1183 2877 1247; x_wconf 83' lang='lat' dir='ltr'><strong>Verbum,</strong></span> <span class='ocrx_word' id='word_1_228' title='bbox 2917 1201 2936 1235; x_wconf 75' lang='grc' dir='ltr'><strong>ι</strong></span> <span class='ocrx_word' id='word_1_229' title='bbox 2967 1183 3187 1237; x_wconf 86' lang='lat' dir='ltr'><strong>clamat.</strong></span> <span class='ocrx_word' id='word_1_230' title='bbox 3247 1182 3312 1235; x_wconf 86' lang='lat' dir='ltr'><strong>Et</strong></span> <span class='ocrx_word' id='word_1_231' title='bbox 3342 1181 3622 1250; x_wconf 80' lang='lat' dir='ltr'><strong>apostolus</strong></span> 
     </span>
    </p>
   </div>
   <div class='ocr_carea' id='block_1_27' title="bbox 2020 1275 3621 1346">
    <p class='ocr_par' dir='ltr' id='par_1_27' title="bbox 2020 1275 3621 1346">
     <span class='ocr_line' id='line_1_27' title="bbox 2020 1275 3621 1346; baseline -0.005 -12"><span class='ocrx_word' id='word_1_232' title='bbox 2020 1280 2218 1334; x_wconf 85' lang='lat' dir='ltr'><strong>Paulus</strong></span> <span class='ocrx_word' id='word_1_233' title='bbox 2248 1280 2322 1332; x_wconf 86' lang='lat' dir='ltr'><strong>ait</strong></span> <span class='ocrx_word' id='word_1_234' title='bbox 2357 1296 2370 1333; x_wconf 94' lang='lat'><strong>:</strong></span> <span class='ocrx_word' id='word_1_235' title='bbox 2409 1298 2426 1330; x_wconf 79' lang='grc' dir='ltr'>ι</span> <span class='ocrx_word' id='word_1_236' title='bbox 2469 1278 2711 1345; x_wconf 81' lang='lat' dir='ltr'><strong>Quicum</strong></span> <span class='ocrx_word' id='word_1_237' title='bbox 2738 1278 2807 1332; x_wconf 91' lang='lat' dir='ltr'><strong>sit</strong></span> <span class='ocrx_word' id='word_1_238' title='bbox 2836 1278 3092 1346; x_wconf 83' lang='lat' dir='ltr'><strong>splendor</strong></span> <span class='ocrx_word' id='word_1_239' title='bbox 3122 1275 3328 1345; x_wconf 68' lang='lat' dir='ltr'><strong>gloriae,</strong></span> <span class='ocrx_word' id='word_1_240' title='bbox 3363 1286 3417 1329; x_wconf 90' lang='lat' dir='ltr'><strong>et</strong></span> <span class='ocrx_word' id='word_1_241' title='bbox 3449 1276 3621 1346; x_wconf 84' lang='lat' dir='ltr'><strong>ligura</strong></span> 
     </span>
    </p>
   </div>
   <div class='ocr_carea' id='block_1_28' title="bbox 2017 1369 3675 1446">
    <p class='ocr_par' dir='ltr' id='par_1_28' title="bbox 2017 1369 3675 1446">
     <span class='ocr_line' id='line_1_28' title="bbox 2017 1369 3675 1446; baseline -0.004 -18"><span class='ocrx_word' id='word_1_242' title='bbox 2017 1373 2339 1428; x_wconf 73' lang='lat' dir='ltr'><strong>substantite</strong></span> <span class='ocrx_word' id='word_1_243' title='bbox 2365 1372 2498 1446; x_wconf 67' lang='lat' dir='ltr'><strong>ejus~</strong></span> <span class='ocrx_word' id='word_1_244' title='bbox 2523 1372 2590 1425; x_wconf 73' lang='grc'><strong>’⁸.</strong></span> <span class='ocrx_word' id='word_1_245' title='bbox 2630 1390 2650 1424; x_wconf 72' lang='grc' dir='ltr'><strong>ι</strong></span> <span class='ocrx_word' id='word_1_246' title='bbox 2686 1372 2752 1426; x_wconf 88' lang='lat' dir='ltr'><strong>Et</strong></span> <span class='ocrx_word' id='word_1_247' title='bbox 2782 1371 2909 1426; x_wconf 86' lang='lat' dir='ltr'><strong>alibi</strong></span> <span class='ocrx_word' id='word_1_248' title='bbox 2943 1389 2955 1424; x_wconf 95' lang='lat'>:</span> <span class='ocrx_word' id='word_1_249' title='bbox 2991 1391 3009 1422; x_wconf 79' lang='grc' dir='ltr'>ι</span> <span class='ocrx_word' id='word_1_250' title='bbox 3051 1371 3154 1436; x_wconf 91' lang='lat' dir='ltr'><strong>Qui</strong></span> <span class='ocrx_word' id='word_1_251' title='bbox 3195 1386 3318 1424; x_wconf 87' lang='lat' dir='ltr'><strong>cmn</strong></span> <span class='ocrx_word' id='word_1_252' title='bbox 3350 1369 3402 1423; x_wconf 94' lang='lat' dir='ltr'><strong>in</strong></span> <span class='ocrx_word' id='word_1_253' title='bbox 3445 1370 3622 1425; x_wconf 77' lang='lat' dir='ltr'><strong>forma</strong></span> <span class='ocrx_word' id='word_1_254' title='bbox 3672 1419 3675 1421; x_wconf 81' lang='lat'><strong>.</strong></span> 
     </span>
    </p>
   </div>
   <div class='ocr_carea' id='block_1_29' title="bbox 2020 1463 3621 1535">
    <p class='ocr_par' dir='ltr' id='par_1_29' title="bbox 2020 1463 3621 1535">
     <span class='ocr_line' id='line_1_29' title="bbox 2020 1463 3621 1535; baseline -0.002 -16"><span class='ocrx_word' id='word_1_255' title='bbox 2020 1467 2111 1521; x_wconf 85' lang='lat' dir='ltr'><strong>Dei</strong></span> <span class='ocrx_word' id='word_1_256' title='bbox 2137 1475 2301 1527; x_wconf 76' lang='lat' dir='ltr'><strong>esset.</strong></span> <span class='ocrx_word' id='word_1_257' title='bbox 2325 1482 2429 1520; x_wconf 89' lang='lat' dir='ltr'><strong>non</strong></span> <span class='ocrx_word' id='word_1_258' title='bbox 2451 1468 2694 1535; x_wconf 81' lang='lat' dir='ltr'><strong>rapinam</strong></span> <span class='ocrx_word' id='word_1_259' title='bbox 2711 1466 3011 1521; x_wconf 85' lang='lat' dir='ltr'><strong>arbitratus</strong></span> <span class='ocrx_word' id='word_1_260' title='bbox 3029 1475 3113 1519; x_wconf 89' lang='lat' dir='ltr'><strong>est</strong></span> <span class='ocrx_word' id='word_1_261' title='bbox 3131 1479 3258 1519; x_wconf 85' lang='lat' dir='ltr'><strong>esse</strong></span> <span class='ocrx_word' id='word_1_262' title='bbox 3281 1479 3339 1518; x_wconf 91' lang='lat' dir='ltr'><strong>se</strong></span> <span class='ocrx_word' id='word_1_263' title='bbox 3358 1463 3621 1531; x_wconf 77' lang='lat' dir='ltr'><strong>:equalem</strong></span> 
     </span>
    </p>
   </div>
   <div class='ocr_carea' id='block_1_30' title="bbox 2020 1555 3624 1626">
    <p class='ocr_par' dir='ltr' id='par_1_30' title="bbox 2020 1555 3624 1626">
     <span class='ocr_line' id='line_1_30' title="bbox 2020 1555 3624 1626; baseline -0.002 -15"><span class='ocrx_word' id='word_1_264' title='bbox 2020 1559 2129 1612; x_wconf 88' lang='lat' dir='ltr'><strong>Deo</strong></span> <span class='ocrx_word' id='word_1_265' title='bbox 2159 1560 2226 1610; x_wconf 72' lang='lat'><strong>99.</strong></span> <span class='ocrx_word' id='word_1_266' title='bbox 2272 1579 2290 1609; x_wconf 73' lang='grc' dir='ltr'><strong>ι</strong></span> <span class='ocrx_word' id='word_1_267' title='bbox 2352 1559 2406 1610; x_wconf 84' lang='grc' dir='ltr'><strong>ΕΙ</strong></span> <span class='ocrx_word' id='word_1_268' title='bbox 2469 1572 2647 1626; x_wconf 87' lang='lat' dir='ltr'><strong>neque</strong></span> <span class='ocrx_word' id='word_1_269' title='bbox 2700 1555 2940 1611; x_wconf 79' lang='lat' dir='ltr'><strong>Joannes</strong></span> <span class='ocrx_word' id='word_1_270' title='bbox 2989 1566 3105 1609; x_wconf 87' lang='lat' dir='ltr'><strong>erat</strong></span> <span class='ocrx_word' id='word_1_271' title='bbox 3165 1557 3369 1610; x_wconf 90' lang='lat' dir='ltr'><strong>omittit</strong></span> <span class='ocrx_word' id='word_1_272' title='bbox 3402 1573 3417 1622; x_wconf 88' lang='lat'><strong>;</strong></span> <span class='ocrx_word' id='word_1_273' title='bbox 3448 1571 3624 1624; x_wconf 87' lang='lat' dir='ltr'><strong>neque</strong></span> 
     </span>
    </p>
   </div>
   <div class='ocr_carea' id='block_1_31' title="bbox 2019 1649 3622 1718">
    <p class='ocr_par' dir='ltr' id='par_1_31' title="bbox 2019 1649 3622 1718">
     <span class='ocr_line' id='line_1_31' title="bbox 2019 1649 3622 1718; baseline 0 -15"><span class='ocrx_word' id='word_1_274' title='bbox 2019 1650 2144 1704; x_wconf 87' lang='lat' dir='ltr'><strong>item</strong></span> <span class='ocrx_word' id='word_1_275' title='bbox 2186 1649 2384 1703; x_wconf 78' lang='lat' dir='ltr'><strong>Paulus</strong></span> <span class='ocrx_word' id='word_1_276' title='bbox 2441 1666 2560 1703; x_wconf 79' lang='lat' dir='ltr'><strong>cum</strong></span> <span class='ocrx_word' id='word_1_277' title='bbox 2614 1660 2744 1703; x_wconf 77' lang='lat' dir='ltr'><strong>esset</strong></span> <span class='ocrx_word' id='word_1_278' title='bbox 2779 1661 2832 1703; x_wconf 90' lang='lat' dir='ltr'><strong>et</strong></span> <span class='ocrx_word' id='word_1_279' title='bbox 2877 1665 2996 1703; x_wconf 86' lang='lat' dir='ltr'><strong>cum</strong></span> <span class='ocrx_word' id='word_1_280' title='bbox 3020 1650 3336 1712; x_wconf 72' lang='lat' dir='ltr'><strong>exsisteret;</strong></span> <span class='ocrx_word' id='word_1_281' title='bbox 3377 1649 3622 1718; x_wconf 83' lang='lat' dir='ltr'><strong>quando-</strong></span> 
     </span>
    </p>
   </div>
   <div class='ocr_carea' id='block_1_32' title="bbox 2017 1740 3616 1811">
    <p class='ocr_par' dir='ltr' id='par_1_32' title="bbox 2017 1740 3616 1811">
     <span class='ocr_line' id='line_1_32' title="bbox 2017 1740 3616 1811; baseline 0 -17"><span class='ocrx_word' id='word_1_282' title='bbox 2017 1741 2236 1809; x_wconf 80' lang='lat' dir='ltr'><strong>quidem</strong></span> <span class='ocrx_word' id='word_1_283' title='bbox 2293 1757 2513 1811; x_wconf 85' lang='lat' dir='ltr'><strong>semper</strong></span> <span class='ocrx_word' id='word_1_284' title='bbox 2571 1741 2930 1798; x_wconf 82' lang='lat' dir='ltr'><strong>exsistentem</strong></span> <span class='ocrx_word' id='word_1_285' title='bbox 3001 1751 3230 1811; x_wconf 89' lang='lat' dir='ltr'><strong>uterque</strong></span> <span class='ocrx_word' id='word_1_286' title='bbox 3295 1740 3616 1808; x_wconf 67' lang='lat' dir='ltr'><strong>praedicant.</strong></span> 
     </span>
    </p>
   </div>
   <div class='ocr_carea' id='block_1_33' title="bbox 2016 1833 3618 1905">
    <p class='ocr_par' dir='ltr' id='par_1_33' title="bbox 2016 1833 3618 1905">
     <span class='ocr_line' id='line_1_33' title="bbox 2016 1833 3618 1905; baseline 0.001 -18"><span class='ocrx_word' id='word_1_287' title='bbox 2016 1835 2360 1904; x_wconf 83' lang='lat' dir='ltr'><strong>Quapmpter</strong></span> <span class='ocrx_word' id='word_1_288' title='bbox 2402 1846 2458 1890; x_wconf 89' lang='lat' dir='ltr'><strong>et</strong></span> <span class='ocrx_word' id='word_1_289' title='bbox 2501 1837 2666 1904; x_wconf 90' lang='lat' dir='ltr'><strong>paulo</strong></span> <span class='ocrx_word' id='word_1_290' title='bbox 2701 1846 2822 1905; x_wconf 88' lang='lat' dir='ltr'><strong>post</strong></span> <span class='ocrx_word' id='word_1_291' title='bbox 2849 1834 3221 1905; x_wconf 76' lang='lat' dir='ltr'><strong>evangelista,</strong></span> <span class='ocrx_word' id='word_1_292' title='bbox 3263 1853 3281 1886; x_wconf 79' lang='grc' dir='ltr'>ι</span> <span class='ocrx_word' id='word_1_293' title='bbox 3316 1833 3436 1889; x_wconf 84' lang='lat' dir='ltr'><strong>Vita</strong></span> <span class='ocrx_word' id='word_1_294' title='bbox 3476 1846 3618 1900; x_wconf 88' lang='lat' dir='ltr'><strong>erat,</strong></span> 
     </span>
    </p>
   </div>
   <div class='ocr_carea' id='block_1_34' title="bbox 2020 1925 3616 1995">
    <p class='ocr_par' dir='ltr' id='par_1_34' title="bbox 2020 1925 3616 1995">
     <span class='ocr_line' id='line_1_34' title="bbox 2020 1925 3616 1995; baseline 0 -16"><span class='ocrx_word' id='word_1_295' title='bbox 2020 1927 2217 1995; x_wconf 89' lang='lat' dir='ltr'><strong>inquit,</strong></span> <span class='ocrx_word' id='word_1_296' title='bbox 2275 1934 2330 1981; x_wconf 89' lang='lat' dir='ltr'><strong>et</strong></span> <span class='ocrx_word' id='word_1_297' title='bbox 2395 1927 2501 1981; x_wconf 82' lang='lat' dir='ltr'><strong>vita</strong></span> <span class='ocrx_word' id='word_1_298' title='bbox 2560 1938 2680 1982; x_wconf 86' lang='lat' dir='ltr'><strong>erat</strong></span> <span class='ocrx_word' id='word_1_299' title='bbox 2717 1927 2805 1980; x_wconf 74' lang='lat' dir='ltr'><strong>lux</strong></span> <span class='ocrx_word' id='word_1_300' title='bbox 2843 1927 3123 1981; x_wconf 84' lang='lat' dir='ltr'><strong>hominum</strong></span> <span class='ocrx_word' id='word_1_301' title='bbox 3156 1927 3199 1979; x_wconf 85' lang='grc'><strong>¹.</strong></span> <span class='ocrx_word' id='word_1_302' title='bbox 3237 1946 3257 1978; x_wconf 75' lang='grc' dir='ltr'><strong>ι</strong></span> <span class='ocrx_word' id='word_1_303' title='bbox 3293 1925 3362 1980; x_wconf 86' lang='lat' dir='ltr'><strong>Et</strong></span> <span class='ocrx_word' id='word_1_304' title='bbox 3399 1926 3616 1982; x_wconf 87' lang='lat' dir='ltr'><strong>denuo:</strong></span> 
     </span>
    </p>
   </div>
   <div class='ocr_carea' id='block_1_35' title="bbox 2022 2016 3617 2089">
    <p class='ocr_par' dir='ltr' id='par_1_35' title="bbox 2022 2016 3617 2089">
     <span class='ocr_line' id='line_1_35' title="bbox 2022 2016 3617 2089; baseline -0.001 -21"><span class='ocrx_word' id='word_1_305' title='bbox 2022 2037 2039 2068; x_wconf 76' lang='grc' dir='ltr'>ι</span> <span class='ocrx_word' id='word_1_306' title='bbox 2079 2017 2210 2072; x_wconf 88' lang='lat' dir='ltr'><strong>Erat</strong></span> <span class='ocrx_word' id='word_1_307' title='bbox 2264 2019 2354 2071; x_wconf 78' lang='lat' dir='ltr'><strong>lux</strong></span> <span class='ocrx_word' id='word_1_308' title='bbox 2401 2034 2525 2072; x_wconf 90' lang='lat' dir='ltr'><strong>vera</strong></span> <span class='ocrx_word' id='word_1_309' title='bbox 2578 2034 2699 2088; x_wconf 77' lang='lat' dir='ltr'><strong>qua:</strong></span> <span class='ocrx_word' id='word_1_310' title='bbox 2742 2018 3019 2072; x_wconf 85' lang='lat' dir='ltr'><strong>illuminat</strong></span> <span class='ocrx_word' id='word_1_311' title='bbox 3065 2031 3284 2089; x_wconf 87' lang='lat' dir='ltr'><strong>omnem</strong></span> <span class='ocrx_word' id='word_1_312' title='bbox 3339 2016 3617 2072; x_wconf 79' lang='lat' dir='ltr'><strong>hominem</strong></span> 
     </span>
    </p>
   </div>
   <div class='ocr_carea' id='block_1_36' title="bbox 319 2103 1904 2186">
    <p class='ocr_par' dir='ltr' id='par_1_36' title="bbox 319 2111 1904 2186">
     <span class='ocr_line' id='line_1_36' title="bbox 319 2111 1904 2186; baseline 0.003 -24"><span class='ocrx_word' id='word_1_313' title='bbox 319 2126 478 2180; x_wconf 85' lang='grc' dir='ltr'>σμον.</span> <span class='ocrx_word' id='word_1_314' title='bbox 510 2130 527 2160; x_wconf 75' lang='grc' dir='ltr'><strong>ι</strong></span> <span class='ocrx_word' id='word_1_315' title='bbox 563 2111 666 2165; x_wconf 75' lang='grc' dir='ltr'><strong>Καὶ</strong></span> <span class='ocrx_word' id='word_1_316' title='bbox 690 2112 850 2166; x_wconf 73' lang='grc' dir='ltr'>πάλιν</span> <span class='ocrx_word' id='word_1_317' title='bbox 872 2129 885 2144; x_wconf 89' lang='grc'><strong>·</strong></span> <span class='ocrx_word' id='word_1_318' title='bbox 923 2133 940 2164; x_wconf 80' lang='grc' dir='ltr'>ι</span> <span class='ocrx_word' id='word_1_319' title='bbox 973 2114 1030 2168; x_wconf 77' lang='grc'><strong>’0</strong></span> <span class='ocrx_word' id='word_1_320' title='bbox 1064 2114 1358 2185; x_wconf 85' lang='grc' dir='ltr'>μονογενὴς</span> <span class='ocrx_word' id='word_1_321' title='bbox 1390 2115 1538 2186; x_wconf 81' lang='grc' dir='ltr'>Υἱός,</span> <span class='ocrx_word' id='word_1_322' title='bbox 1558 2115 1586 2167; x_wconf 90' lang='lat'><strong>6</strong></span> <span class='ocrx_word' id='word_1_323' title='bbox 1615 2113 1690 2167; x_wconf 82' lang='grc' dir='ltr'>ὢν</span> <span class='ocrx_word' id='word_1_324' title='bbox 1713 2115 1792 2177; x_wconf 84' lang='grc' dir='ltr'><strong>εἰς</strong></span> <span class='ocrx_word' id='word_1_325' title='bbox 1822 2116 1904 2168; x_wconf 74' lang='grc' dir='ltr'><strong>τὸν</strong></span> 
     </span>
    </p>
   </div>
   <div class='ocr_carea' id='block_1_37' title="bbox 2014 2103 3618 2186">
    <p class='ocr_par' dir='ltr' id='par_1_37' title="bbox 2019 2103 3618 2165">
     <span class='ocr_line' id='line_1_37' title="bbox 2019 2103 3618 2165; baseline -0.003 -3"><span class='ocrx_word' id='word_1_326' title='bbox 2019 2110 2325 2165; x_wconf 73' lang='lat' dir='ltr'><strong>venientem</strong></span> <span class='ocrx_word' id='word_1_327' title='bbox 2360 2109 2412 2162; x_wconf 89' lang='lat' dir='ltr'><strong>in</strong></span> <span class='ocrx_word' id='word_1_328' title='bbox 2453 2110 2597 2164; x_wconf 88' lang='lat' dir='ltr'><strong>hunc</strong></span> <span class='ocrx_word' id='word_1_329' title='bbox 2629 2108 2888 2162; x_wconf 87' lang='lat' dir='ltr'><strong>mundum</strong></span> <span class='ocrx_word' id='word_1_330' title='bbox 2930 2109 2972 2160; x_wconf 85' lang='grc'>¹.</span> <span class='ocrx_word' id='word_1_331' title='bbox 3019 2126 3038 2159; x_wconf 81' lang='grc'>›</span> <span class='ocrx_word' id='word_1_332' title='bbox 3071 2106 3140 2160; x_wconf 86' lang='grc' dir='ltr'>Ει</span> <span class='ocrx_word' id='word_1_333' title='bbox 3163 2105 3341 2160; x_wconf 86' lang='lat' dir='ltr'><strong>adhuc</strong></span> <span class='ocrx_word' id='word_1_334' title='bbox 3374 2122 3389 2158; x_wconf 92' lang='lat'><strong>:</strong></span> <span class='ocrx_word' id='word_1_335' title='bbox 3427 2124 3446 2157; x_wconf 76' lang='grc' dir='ltr'>ι</span> <span class='ocrx_word' id='word_1_336' title='bbox 3489 2103 3618 2159; x_wconf 85' lang='lat' dir='ltr'><strong>Uni-</strong></span> 
     </span>
    </p>
   </div>
   <div class='ocr_carea' id='block_1_38' title="bbox 316 2202 1905 2278">
    <p class='ocr_par' dir='ltr' id='par_1_38' title="bbox 316 2202 1905 2278">
     <span class='ocr_line' id='line_1_38' title="bbox 316 2202 1905 2278; baseline 0.005 -25"><span class='ocrx_word' id='word_1_337' title='bbox 316 2202 517 2256; x_wconf 78' lang='grc' dir='ltr'>κόλπον</span> <span class='ocrx_word' id='word_1_338' title='bbox 546 2204 642 2256; x_wconf 84' lang='grc' dir='ltr'>τοῦ</span> <span class='ocrx_word' id='word_1_339' title='bbox 677 2206 914 2275; x_wconf 86' lang='grc' dir='ltr'>Πατρός.</span> <span class='ocrx_word' id='word_1_340' title='bbox 954 2224 974 2258; x_wconf 72' lang='grc' dir='ltr'><strong><em>ι</em></strong></span> <span class='ocrx_word' id='word_1_341' title='bbox 1013 2207 1124 2260; x_wconf 82' lang='grc' dir='ltr'><strong>Καὶ</strong></span> <span class='ocrx_word' id='word_1_342' title='bbox 1161 2208 1219 2259; x_wconf 82' lang='grc' dir='ltr'>ὲν</span> <span class='ocrx_word' id='word_1_343' title='bbox 1243 2210 1310 2277; x_wconf 81' lang='grc' dir='ltr'>τῇ</span> <span class='ocrx_word' id='word_1_344' title='bbox 1354 2207 1636 2278; x_wconf 72' lang='grc' dir='ltr'><strong>ἐπιστολῇ,</strong></span> <span class='ocrx_word' id='word_1_345' title='bbox 1673 2227 1690 2258; x_wconf 80' lang='grc' dir='ltr'>ι</span> <span class='ocrx_word' id='word_1_346' title='bbox 1725 2207 1784 2260; x_wconf 78' lang='grc' dir='ltr'>Ὀ</span> <span class='ocrx_word' id='word_1_347' title='bbox 1815 2204 1905 2278; x_wconf 76' lang='grc' dir='ltr'><strong>ἧν,</strong></span> 
     </span>
    </p>
   </div>
   <div class='ocr_carea' id='block_1_39' title="bbox 313 2293 1908 2366">
    <p class='ocr_par' dir='ltr' id='par_1_39' title="bbox 313 2293 1908 2366">
     <span class='ocr_line' id='line_1_39' title="bbox 313 2293 1908 2366; baseline 0.004 -22"><span class='ocrx_word' id='word_1_348' title='bbox 313 2293 482 2364; x_wconf 61' lang='grc' dir='ltr'>φησιν</span> <span class='ocrx_word' id='word_1_349' title='bbox 505 2337 519 2358; x_wconf 98' lang='grc'><strong>,</strong></span> <span class='ocrx_word' id='word_1_350' title='bbox 553 2296 647 2348; x_wconf 79' lang='grc' dir='ltr'><strong>ἀπ’</strong></span> <span class='ocrx_word' id='word_1_351' title='bbox 699 2297 892 2366; x_wconf 79' lang='grc' dir='ltr'>ἀρχῆς.</span> <span class='ocrx_word' id='word_1_352' title='bbox 934 2316 951 2348; x_wconf 69' lang='grc' dir='ltr'><strong>ι</strong></span> <span class='ocrx_word' id='word_1_353' title='bbox 986 2297 1142 2350; x_wconf 79' lang='grc' dir='ltr'>Οὕτω</span> <span class='ocrx_word' id='word_1_354' title='bbox 1173 2297 1444 2366; x_wconf 84' lang='grc' dir='ltr'>θεολογεῖν</span> <span class='ocrx_word' id='word_1_355' title='bbox 1489 2298 1594 2352; x_wconf 83' lang='grc' dir='ltr'><strong>ὑπὸ</strong></span> <span class='ocrx_word' id='word_1_356' title='bbox 1623 2298 1717 2351; x_wconf 88' lang='grc' dir='ltr'>τοῦ</span> <span class='ocrx_word' id='word_1_357' title='bbox 1764 2299 1908 2352; x_wconf 80' lang='grc' dir='ltr'>θείου</span> 
     </span>
    </p>
   </div>
   <div class='ocr_carea' id='block_1_40' title="bbox 316 2380 1910 2460">
    <p class='ocr_par' dir='ltr' id='par_1_40' title="bbox 316 2380 1910 2460">
     <span class='ocr_line' id='line_1_40' title="bbox 316 2380 1910 2460; baseline 0.008 -30"><span class='ocrx_word' id='word_1_358' title='bbox 316 2380 456 2432; x_wconf 79' lang='grc' dir='ltr'><strong>Ιῐνεύ</strong></span> <span class='ocrx_word' id='word_1_359' title='bbox 466 2399 634 2450; x_wconf 89' lang='grc' dir='ltr'>ματος</span> <span class='ocrx_word' id='word_1_360' title='bbox 663 2383 751 2436; x_wconf 65' lang='grc' dir='ltr'><strong>τὴν</strong></span> <span class='ocrx_word' id='word_1_361' title='bbox 781 2387 1043 2455; x_wconf 81' lang='grc' dir='ltr'>μονογενῆ</span> <span class='ocrx_word' id='word_1_362' title='bbox 1073 2387 1168 2438; x_wconf 88' lang='grc' dir='ltr'>τοῦ</span> <span class='ocrx_word' id='word_1_363' title='bbox 1194 2387 1329 2440; x_wconf 85' lang='grc' dir='ltr'>Θεοῦ</span> <span class='ocrx_word' id='word_1_364' title='bbox 1354 2389 1526 2456; x_wconf 84' lang='grc' dir='ltr'>Λόγον</span> <span class='ocrx_word' id='word_1_365' title='bbox 1553 2389 1910 2460; x_wconf 78' lang='grc' dir='ltr'><strong>ἐδιδάχθησαν</strong></span> 
     </span>
    </p>
   </div>
   <div class='ocr_carea' id='block_1_41' title="bbox 310 2473 1909 2550">
    <p class='ocr_par' dir='ltr' id='par_1_41' title="bbox 310 2473 1909 2550">
     <span class='ocr_line' id='line_1_41' title="bbox 310 2473 1909 2550; baseline 0.007 -27"><span class='ocrx_word' id='word_1_366' title='bbox 310 2475 363 2524; x_wconf 87' lang='grc' dir='ltr'>οἱ</span> <span class='ocrx_word' id='word_1_367' title='bbox 399 2473 456 2540; x_wconf 77' lang='grc' dir='ltr'>ἐξ</span> <span class='ocrx_word' id='word_1_368' title='bbox 495 2476 670 2544; x_wconf 81' lang='grc' dir='ltr'>ἀρχῆς</span> <span class='ocrx_word' id='word_1_369' title='bbox 705 2477 971 2531; x_wconf 81' lang='grc' dir='ltr'><strong>αὐτόπται</strong></span> <span class='ocrx_word' id='word_1_370' title='bbox 1000 2480 1096 2530; x_wconf 72' lang='grc' dir='ltr'><strong>καὶ</strong></span> <span class='ocrx_word' id='word_1_371' title='bbox 1123 2481 1397 2550; x_wconf 78' lang='grc' dir='ltr'><strong>ὑπηρέται</strong></span> <span class='ocrx_word' id='word_1_372' title='bbox 1430 2480 1526 2533; x_wconf 86' lang='grc' dir='ltr'>τοῦ</span> <span class='ocrx_word' id='word_1_373' title='bbox 1550 2482 1726 2550; x_wconf 91' lang='grc' dir='ltr'>Λόγου</span> <span class='ocrx_word' id='word_1_374' title='bbox 1757 2482 1909 2550; x_wconf 86' lang='grc' dir='ltr'>γενό-</span> 
     </span>
    </p>
   </div>
   <div class='ocr_carea' id='block_1_42' title="bbox 314 2566 1905 2642">
    <p class='ocr_par' dir='ltr' id='par_1_42' title="bbox 314 2566 1905 2642">
     <span class='ocr_line' id='line_1_42' title="bbox 314 2566 1905 2642; baseline 0.008 -26"><span class='ocrx_word' id='word_1_375' title='bbox 314 2581 469 2633; x_wconf 85' lang='grc' dir='ltr'>μενοι</span> <span class='ocrx_word' id='word_1_376' title='bbox 491 2582 504 2596; x_wconf 79' lang='grc' dir='ltr'><strong>ο</strong></span> <span class='ocrx_word' id='word_1_377' title='bbox 532 2566 613 2619; x_wconf 78' lang='grc' dir='ltr'>διὸ</span> <span class='ocrx_word' id='word_1_378' title='bbox 642 2568 702 2619; x_wconf 82' lang='grc' dir='ltr'>οὐ</span> <span class='ocrx_word' id='word_1_379' title='bbox 736 2568 1153 2640; x_wconf 79' lang='grc' dir='ltr'>συνηρίϐμησαν</span> <span class='ocrx_word' id='word_1_380' title='bbox 1187 2574 1252 2642; x_wconf 81' lang='grc' dir='ltr'>τῇ</span> <span class='ocrx_word' id='word_1_381' title='bbox 1282 2571 1459 2625; x_wconf 81' lang='grc' dir='ltr'>κτίσει</span> <span class='ocrx_word' id='word_1_382' title='bbox 1486 2573 1577 2627; x_wconf 82' lang='grc' dir='ltr'>τὸν</span> <span class='ocrx_word' id='word_1_383' title='bbox 1605 2574 1868 2628; x_wconf 72' lang='grc' dir='ltr'><strong>κτίσαντα</strong></span> <span class='ocrx_word' id='word_1_384' title='bbox 1893 2591 1905 2603; x_wconf 90' lang='grc'><strong>·</strong></span> 
     </span>
    </p>
   </div>
   <div class='ocr_carea' id='block_1_43' title="bbox 307 2653 1908 2736">
    <p class='ocr_par' dir='ltr' id='par_1_43' title="bbox 307 2653 1908 2736">
     <span class='ocr_line' id='line_1_43' title="bbox 307 2653 1908 2736; baseline 0.008 -32"><span class='ocrx_word' id='word_1_385' title='bbox 307 2653 375 2705; x_wconf 77' lang='grc' dir='ltr'>οὐ</span> <span class='ocrx_word' id='word_1_386' title='bbox 409 2655 705 2722; x_wconf 75' lang='grc' dir='ltr'>συνέταξαν</span> <span class='ocrx_word' id='word_1_387' title='bbox 731 2658 822 2711; x_wconf 74' lang='grc' dir='ltr'>τὸν</span> <span class='ocrx_word' id='word_1_388' title='bbox 870 2657 1116 2730; x_wconf 83' lang='grc' dir='ltr'>ποιητὴν</span> <span class='ocrx_word' id='word_1_389' title='bbox 1142 2663 1258 2726; x_wconf 86' lang='grc' dir='ltr'>τοῖς</span> <span class='ocrx_word' id='word_1_390' title='bbox 1300 2664 1602 2734; x_wconf 81' lang='grc' dir='ltr'>ποιήμασιν</span> <span class='ocrx_word' id='word_1_391' title='bbox 1623 2681 1635 2694; x_wconf 79' lang='lat'><strong>&#39;</strong></span> <span class='ocrx_word' id='word_1_392' title='bbox 1671 2664 1908 2736; x_wconf 80' lang='grc' dir='ltr'>οὐδαμοῦ</span> 
     </span>
    </p>
   </div>
   <div class='ocr_carea' id='block_1_44' title="bbox 312 2745 1905 2828">
    <p class='ocr_par' dir='ltr' id='par_1_44' title="bbox 312 2745 1905 2828">
     <span class='ocr_line' id='line_1_44' title="bbox 312 2745 1905 2828; baseline 0.009 -31"><span class='ocrx_word' id='word_1_393' title='bbox 312 2745 521 2810; x_wconf 78' lang='grc' dir='ltr'>κτίσμα</span> <span class='ocrx_word' id='word_1_394' title='bbox 551 2749 611 2801; x_wconf 80' lang='grc' dir='ltr'>τὸ</span> <span class='ocrx_word' id='word_1_395' title='bbox 640 2751 823 2820; x_wconf 88' lang='grc' dir='ltr'>τίμιον</span> <span class='ocrx_word' id='word_1_396' title='bbox 845 2753 939 2804; x_wconf 84' lang='grc' dir='ltr'>τοῦ</span> <span class='ocrx_word' id='word_1_397' title='bbox 971 2752 1105 2805; x_wconf 83' lang='grc' dir='ltr'>Θεοῦ</span> <span class='ocrx_word' id='word_1_398' title='bbox 1141 2757 1593 2826; x_wconf 86' lang='grc' dir='ltr'>προσηγόρευσαν</span> <span class='ocrx_word' id='word_1_399' title='bbox 1625 2757 1872 2828; x_wconf 81' lang='grc' dir='ltr'>γέννημα</span> <span class='ocrx_word' id='word_1_400' title='bbox 1893 2776 1905 2788; x_wconf 91' lang='grc'>·</span> 
     </span>
    </p>
   </div>
   <div class='ocr_carea' id='block_1_45' title="bbox 309 2838 1908 2917">
    <p class='ocr_par' dir='ltr' id='par_1_45' title="bbox 309 2838 1908 2917">
     <span class='ocr_line' id='line_1_45' title="bbox 309 2838 1908 2917; baseline 0.008 -28"><span class='ocrx_word' id='word_1_401' title='bbox 309 2838 550 2908; x_wconf 75' lang='grc' dir='ltr'>οὐδαμοῦ</span> <span class='ocrx_word' id='word_1_402' title='bbox 578 2839 637 2892; x_wconf 81' lang='grc' dir='ltr'>τὸ</span> <span class='ocrx_word' id='word_1_403' title='bbox 657 2841 895 2909; x_wconf 74' lang='grc' dir='ltr'>ἐγένετο</span> <span class='ocrx_word' id='word_1_404' title='bbox 924 2845 1250 2909; x_wconf 77' lang='grc' dir='ltr'>συνέζευξαν</span> <span class='ocrx_word' id='word_1_405' title='bbox 1277 2849 1342 2917; x_wconf 83' lang='grc' dir='ltr'><strong>τῇ</strong></span> <span class='ocrx_word' id='word_1_406' title='bbox 1373 2847 1599 2916; x_wconf 86' lang='grc' dir='ltr'>Θεότητι</span> <span class='ocrx_word' id='word_1_407' title='bbox 1622 2866 1634 2878; x_wconf 75' lang='grc' dir='ltr'><strong>ο</strong></span> <span class='ocrx_word' id='word_1_408' title='bbox 1665 2849 1780 2901; x_wconf 87' lang='grc' dir='ltr'>ἀλλ’</span> <span class='ocrx_word' id='word_1_409' title='bbox 1813 2845 1908 2902; x_wconf 69' lang='grc' dir='ltr'><strong>οῧοα</strong></span> 
     </span>
    </p>
   </div>
   <div class='ocr_carea' id='block_1_46' title="bbox 308 2930 1909 3013">
    <p class='ocr_par' dir='ltr' id='par_1_46' title="bbox 308 2930 1909 3013">
     <span class='ocr_line' id='line_1_46' title="bbox 308 2930 1909 3013; baseline 0.009 -33"><span class='ocrx_word' id='word_1_410' title='bbox 308 2945 404 2992; x_wconf 83' lang='grc' dir='ltr'><strong>τος</strong></span> <span class='ocrx_word' id='word_1_411' title='bbox 441 2930 561 3000; x_wconf 85' lang='grc' dir='ltr'>μὲν,</span> <span class='ocrx_word' id='word_1_412' title='bbox 602 2950 620 2983; x_wconf 80' lang='lat' dir='ltr'><strong>t</strong></span> <span class='ocrx_word' id='word_1_413' title='bbox 678 2934 765 2987; x_wconf 82' lang='lat' dir='ltr'><strong>’Ev</strong></span> <span class='ocrx_word' id='word_1_414' title='bbox 799 2936 944 3007; x_wconf 81' lang='grc' dir='ltr'>ἀρχῇ</span> <span class='ocrx_word' id='word_1_415' title='bbox 985 2932 1051 3006; x_wconf 80' lang='grc' dir='ltr'>ἦν</span> <span class='ocrx_word' id='word_1_416' title='bbox 1081 2939 1109 2990; x_wconf 97' lang='lat'><strong>6</strong></span> <span class='ocrx_word' id='word_1_417' title='bbox 1153 2939 1363 3006; x_wconf 86' lang='grc' dir='ltr'>Λόγος·</span> <span class='ocrx_word' id='word_1_418' title='bbox 1411 2958 1428 2990; x_wconf 72' lang='grc' dir='ltr'><strong>ι</strong></span> <span class='ocrx_word' id='word_1_419' title='bbox 1463 2942 1564 2993; x_wconf 76' lang='grc' dir='ltr'><strong>οὐκ</strong></span> <span class='ocrx_word' id='word_1_420' title='bbox 1605 2942 1663 2994; x_wconf 88' lang='grc' dir='ltr'>ὲν</span> <span class='ocrx_word' id='word_1_421' title='bbox 1702 2943 1844 3013; x_wconf 82' lang='grc' dir='ltr'>ἀρχῇ</span> <span class='ocrx_word' id='word_1_422' title='bbox 1881 2943 1909 2994; x_wconf 91' lang='lat'><strong>6</strong></span> 
     </span>
    </p>
   </div>
   <div class='ocr_carea' id='block_1_47' title="bbox 310 3021 1908 3104">
    <p class='ocr_par' dir='ltr' id='par_1_47' title="bbox 310 3021 1908 3104">
     <span class='ocr_line' id='line_1_47' title="bbox 310 3021 1908 3104; baseline 0.009 -32"><span class='ocrx_word' id='word_1_423' title='bbox 310 3021 486 3088; x_wconf 83' lang='grc' dir='ltr'>Λόγος</span> <span class='ocrx_word' id='word_1_424' title='bbox 513 3023 748 3089; x_wconf 80' lang='grc' dir='ltr'>ἐγένετο.</span> <span class='ocrx_word' id='word_1_425' title='bbox 786 3026 1024 3090; x_wconf 84' lang='grc' dir='ltr'>Ἐκεῖνος</span> <span class='ocrx_word' id='word_1_426' title='bbox 1059 3029 1136 3093; x_wconf 81' lang='grc' dir='ltr'>δὲ,</span> <span class='ocrx_word' id='word_1_427' title='bbox 1177 3049 1194 3080; x_wconf 83' lang='lat' dir='ltr'><strong>t</strong></span> <span class='ocrx_word' id='word_1_428' title='bbox 1217 3031 1304 3094; x_wconf 80' lang='grc' dir='ltr'>Ὠς</span> <span class='ocrx_word' id='word_1_429' title='bbox 1326 3029 1400 3082; x_wconf 81' lang='grc' dir='ltr'>ὢν</span> <span class='ocrx_word' id='word_1_430' title='bbox 1434 3031 1779 3103; x_wconf 84' lang='grc' dir='ltr'>ἀπαύγασμα</span> <span class='ocrx_word' id='word_1_431' title='bbox 1809 3035 1908 3104; x_wconf 78' lang='grc' dir='ltr'>τῆς</span> 
     </span>
    </p>
   </div>
   <div class='ocr_carea' id='block_1_48' title="bbox 306 3110 1908 3193">
    <p class='ocr_par' dir='ltr' id='par_1_48' title="bbox 306 3110 1908 3193">
     <span class='ocr_line' id='line_1_48' title="bbox 306 3110 1908 3193; baseline 0.009 -29"><span class='ocrx_word' id='word_1_432' title='bbox 306 3110 490 3182; x_wconf 83' lang='grc' dir='ltr'>δόξης,</span> <span class='ocrx_word' id='word_1_433' title='bbox 522 3115 616 3166; x_wconf 73' lang='grc' dir='ltr'>καὶ</span> <span class='ocrx_word' id='word_1_434' title='bbox 658 3117 942 3189; x_wconf 83' lang='grc' dir='ltr'>χαρακτὴρ</span> <span class='ocrx_word' id='word_1_435' title='bbox 988 3119 1085 3191; x_wconf 82' lang='grc' dir='ltr'>τῆς</span> <span class='ocrx_word' id='word_1_436' title='bbox 1131 3121 1502 3186; x_wconf 75' lang='grc' dir='ltr'>ὑποστάσεως·</span> <span class='ocrx_word' id='word_1_437' title='bbox 1541 3143 1558 3174; x_wconf 72' lang='grc' dir='ltr'><strong>ι</strong></span> <span class='ocrx_word' id='word_1_438' title='bbox 1611 3125 1732 3187; x_wconf 79' lang='grc' dir='ltr'>οὐκ,</span> <span class='ocrx_word' id='word_1_439' title='bbox 1786 3127 1908 3193; x_wconf 81' lang='grc' dir='ltr'>ἐγέ-</span> 
     </span>
    </p>
   </div>
   <div class='ocr_carea' id='block_1_49' title="bbox 310 3205 1906 3282">
    <p class='ocr_par' dir='ltr' id='par_1_49' title="bbox 310 3205 1906 3282">
     <span class='ocr_line' id='line_1_49' title="bbox 310 3205 1906 3282; baseline 0.009 -26"><span class='ocrx_word' id='word_1_440' title='bbox 310 3220 434 3256; x_wconf 90' lang='grc' dir='ltr'>νετο</span> <span class='ocrx_word' id='word_1_441' title='bbox 466 3205 807 3278; x_wconf 82' lang='grc' dir='ltr'>ἀπαύγασμα</span> <span class='ocrx_word' id='word_1_442' title='bbox 835 3211 930 3262; x_wconf 77' lang='grc' dir='ltr'>καὶ</span> <span class='ocrx_word' id='word_1_443' title='bbox 953 3213 1262 3282; x_wconf 85' lang='grc' dir='ltr'>χαρακτήρ.</span> <span class='ocrx_word' id='word_1_444' title='bbox 1295 3215 1403 3267; x_wconf 81' lang='grc' dir='ltr'><strong>Καὶ</strong></span> <span class='ocrx_word' id='word_1_445' title='bbox 1446 3215 1608 3269; x_wconf 89' lang='grc' dir='ltr'>πάλιν</span> <span class='ocrx_word' id='word_1_446' title='bbox 1634 3233 1647 3246; x_wconf 90' lang='grc'><strong>·</strong></span> <span class='ocrx_word' id='word_1_447' title='bbox 1683 3237 1699 3268; x_wconf 80' lang='grc' dir='ltr'>ι</span> <span class='ocrx_word' id='word_1_448' title='bbox 1720 3219 1815 3281; x_wconf 87' lang='grc' dir='ltr'>Ὃς</span> <span class='ocrx_word' id='word_1_449' title='bbox 1848 3220 1906 3271; x_wconf 84' lang='grc' dir='ltr'>ἐν</span> 
     </span>
    </p>
   </div>
   <div class='ocr_carea' id='block_1_50' title="bbox 312 3298 1903 3379">
    <p class='ocr_par' dir='ltr' id='par_1_50' title="bbox 312 3298 1903 3379">
     <span class='ocr_line' id='line_1_50' title="bbox 312 3298 1903 3379; baseline 0.011 -32"><span class='ocrx_word' id='word_1_450' title='bbox 312 3299 500 3367; x_wconf 78' lang='grc' dir='ltr'>μορφῇ</span> <span class='ocrx_word' id='word_1_451' title='bbox 523 3298 659 3350; x_wconf 85' lang='grc' dir='ltr'>Θεοῦ</span> <span class='ocrx_word' id='word_1_452' title='bbox 695 3300 956 3372; x_wconf 83' lang='grc' dir='ltr'>ὑπάρχων</span> <span class='ocrx_word' id='word_1_453' title='bbox 982 3345 997 3368; x_wconf 90' lang='grc'><strong>,</strong></span> <span class='ocrx_word' id='word_1_454' title='bbox 1032 3322 1050 3355; x_wconf 70' lang='grc' dir='ltr'><strong>ι</strong></span> <span class='ocrx_word' id='word_1_455' title='bbox 1095 3305 1154 3357; x_wconf 85' lang='grc' dir='ltr'>οὐ</span> <span class='ocrx_word' id='word_1_456' title='bbox 1185 3305 1367 3377; x_wconf 76' lang='grc' dir='ltr'>μορφὴ</span> <span class='ocrx_word' id='word_1_457' title='bbox 1405 3306 1542 3361; x_wconf 86' lang='grc' dir='ltr'>Θεοῦ</span> <span class='ocrx_word' id='word_1_458' title='bbox 1587 3309 1903 3379; x_wconf 85' lang='grc' dir='ltr'>γενόμενος,</span> 
     </span>
    </p>
   </div>
   <div class='ocr_carea' id='block_1_51' title="bbox 307 3385 1903 3473">
    <p class='ocr_par' dir='ltr' id='par_1_51' title="bbox 307 3385 1903 3473">
     <span class='ocr_line' id='line_1_51' title="bbox 307 3385 1903 3473; baseline 0.01 -34"><span class='ocrx_word' id='word_1_459' title='bbox 307 3385 428 3439; x_wconf 82' lang='grc' dir='ltr'>ἀλλ’</span> <span class='ocrx_word' id='word_1_460' title='bbox 461 3407 478 3439; x_wconf 84' lang='lat' dir='ltr'><strong>t</strong></span> <span class='ocrx_word' id='word_1_461' title='bbox 537 3389 829 3461; x_wconf 83' lang='grc' dir='ltr'>Ὑπάρχων</span> <span class='ocrx_word' id='word_1_462' title='bbox 878 3395 936 3447; x_wconf 85' lang='grc' dir='ltr'>ὲν</span> <span class='ocrx_word' id='word_1_463' title='bbox 981 3393 1119 3448; x_wconf 86' lang='grc' dir='ltr'>Θεοῦ</span> <span class='ocrx_word' id='word_1_464' title='bbox 1152 3399 1357 3468; x_wconf 71' lang='grc' dir='ltr'>μορφῇ.</span> <span class='ocrx_word' id='word_1_465' title='bbox 1402 3417 1421 3450; x_wconf 76' lang='grc' dir='ltr'><strong>ι</strong></span> <span class='ocrx_word' id='word_1_466' title='bbox 1481 3401 1593 3453; x_wconf 77' lang='grc' dir='ltr'><strong>Καὶ</strong></span> <span class='ocrx_word' id='word_1_467' title='bbox 1640 3401 1903 3473; x_wconf 76' lang='grc' dir='ltr'>ἑτέρωθιο</span> 
     </span>
    </p>
   </div>
   <div class='ocr_carea' id='block_1_52' title="bbox 2016 2191 3618 2268">
    <p class='ocr_par' dir='ltr' id='par_1_52' title="bbox 2016 2191 3618 2268">
     <span class='ocr_line' id='line_1_52' title="bbox 2016 2191 3618 2268; baseline -0.004 -14"><span class='ocrx_word' id='word_1_468' title='bbox 2016 2201 2232 2266; x_wconf 75' lang='lat' dir='ltr'><strong>genitus</strong></span> <span class='ocrx_word' id='word_1_469' title='bbox 2263 2200 2357 2253; x_wconf 86' lang='lat' dir='ltr'><strong>Dei</strong></span> <span class='ocrx_word' id='word_1_470' title='bbox 2390 2199 2560 2254; x_wconf 81' lang='lat' dir='ltr'><strong>Filius</strong></span> <span class='ocrx_word' id='word_1_471' title='bbox 2603 2200 2693 2268; x_wconf 89' lang='lat' dir='ltr'><strong>qui</strong></span> <span class='ocrx_word' id='word_1_472' title='bbox 2741 2211 2825 2252; x_wconf 74' lang='grc' dir='ltr'>ρει</span> <span class='ocrx_word' id='word_1_473' title='bbox 2866 2201 2916 2251; x_wconf 90' lang='lat' dir='ltr'><strong>in</strong></span> <span class='ocrx_word' id='word_1_474' title='bbox 2961 2198 3084 2250; x_wconf 90' lang='lat' dir='ltr'><strong>sinu</strong></span> <span class='ocrx_word' id='word_1_475' title='bbox 3143 2194 3324 2250; x_wconf 87' lang='lat' dir='ltr'><strong>Patris</strong></span> <span class='ocrx_word' id='word_1_476' title='bbox 3353 2193 3396 2250; x_wconf 88' lang='grc'><strong>³.</strong></span> <span class='ocrx_word' id='word_1_477' title='bbox 3440 2211 3458 2244; x_wconf 76' lang='grc' dir='ltr'>ι</span> <span class='ocrx_word' id='word_1_478' title='bbox 3508 2191 3618 2248; x_wconf 83' lang='lat' dir='ltr'><strong>Nec</strong></span> 
     </span>
    </p>
   </div>
   <div class='ocr_carea' id='block_1_53' title="bbox 2014 2268 3611 2362">
    <p class='ocr_par' dir='ltr' id='par_1_53' title="bbox 2014 2268 3611 2362">
     <span class='ocr_line' id='line_1_53' title="bbox 2014 2268 3611 2362; baseline -0.006 -15"><span class='ocrx_word' id='word_1_479' title='bbox 2014 2309 2121 2348; x_wconf 90' lang='lat' dir='ltr'><strong>non</strong></span> <span class='ocrx_word' id='word_1_480' title='bbox 2163 2293 2215 2347; x_wconf 93' lang='lat' dir='ltr'><strong>in</strong></span> <span class='ocrx_word' id='word_1_481' title='bbox 2257 2292 2521 2362; x_wconf 86' lang='lat' dir='ltr'><strong>Epistola,</strong></span> <span class='ocrx_word' id='word_1_482' title='bbox 2558 2309 2575 2342; x_wconf 78' lang='grc' dir='ltr'>ι</span> <span class='ocrx_word' id='word_1_483' title='bbox 2616 2291 2717 2357; x_wconf 88' lang='lat' dir='ltr'><strong>Qui</strong></span> <span class='ocrx_word' id='word_1_484' title='bbox 2768 2268 2890 2355; x_wconf 73' lang='lat' dir='ltr'><strong>fuit,</strong></span> <span class='ocrx_word' id='word_1_485' title='bbox 2936 2290 3136 2358; x_wconf 88' lang='lat' dir='ltr'><strong>inquit,</strong></span> <span class='ocrx_word' id='word_1_486' title='bbox 3199 2286 3268 2342; x_wconf 89' lang='lat' dir='ltr'><strong>ab</strong></span> <span class='ocrx_word' id='word_1_487' title='bbox 3317 2285 3472 2341; x_wconf 92' lang='lat' dir='ltr'><strong>initio</strong></span> <span class='ocrx_word' id='word_1_488' title='bbox 3499 2284 3546 2340; x_wconf 68' lang='lat'><strong>‘.</strong></span> <span class='ocrx_word' id='word_1_489' title='bbox 3592 2305 3611 2336; x_wconf 72' lang='grc' dir='ltr'><strong>ι</strong></span> 
     </span>
    </p>
   </div>
   <div class='ocr_carea' id='block_1_54' title="bbox 2014 2377 3616 2455">
    <p class='ocr_par' dir='ltr' id='par_1_54' title="bbox 2014 2377 3616 2455">
     <span class='ocr_line' id='line_1_54' title="bbox 2014 2377 3616 2455; baseline -0.006 -15"><span class='ocrx_word' id='word_1_490' title='bbox 2014 2387 2164 2441; x_wconf 86' lang='lat' dir='ltr'><strong>llanc</strong></span> <span class='ocrx_word' id='word_1_491' title='bbox 2199 2386 2526 2455; x_wconf 82' lang='lat' dir='ltr'><strong>theologiam</strong></span> <span class='ocrx_word' id='word_1_492' title='bbox 2583 2401 2612 2438; x_wconf 88' lang='lat' dir='ltr'><strong>a</strong></span> <span class='ocrx_word' id='word_1_493' title='bbox 2663 2385 2846 2438; x_wconf 89' lang='lat' dir='ltr'><strong>divino</strong></span> <span class='ocrx_word' id='word_1_494' title='bbox 2899 2382 3108 2451; x_wconf 88' lang='lat' dir='ltr'><strong>Spiritu</strong></span> <span class='ocrx_word' id='word_1_495' title='bbox 3155 2379 3375 2435; x_wconf 88' lang='lat' dir='ltr'><strong>tradere</strong></span> <span class='ocrx_word' id='word_1_496' title='bbox 3435 2377 3616 2433; x_wconf 91' lang='lat' dir='ltr'><strong>edocti</strong></span> 
     </span>
    </p>
   </div>
   <div class='ocr_carea' id='block_1_55' title="bbox 2012 2470 3618 2548">
    <p class='ocr_par' dir='ltr' id='par_1_55' title="bbox 2012 2470 3618 2548">
     <span class='ocr_line' id='line_1_55' title="bbox 2012 2470 3618 2548; baseline -0.005 -16"><span class='ocrx_word' id='word_1_497' title='bbox 2012 2479 2226 2533; x_wconf 81' lang='lat' dir='ltr'><strong>fuerunt</strong></span> <span class='ocrx_word' id='word_1_498' title='bbox 2289 2480 2433 2533; x_wconf 87' lang='lat' dir='ltr'><strong>circa</strong></span> <span class='ocrx_word' id='word_1_499' title='bbox 2497 2477 2836 2548; x_wconf 88' lang='lat' dir='ltr'><strong>unigenitum</strong></span> <span class='ocrx_word' id='word_1_500' title='bbox 2901 2475 2994 2529; x_wconf 84' lang='lat' dir='ltr'><strong>Dei</strong></span> <span class='ocrx_word' id='word_1_501' title='bbox 3046 2474 3282 2530; x_wconf 85' lang='lat' dir='ltr'><strong>Verbum</strong></span> <span class='ocrx_word' id='word_1_502' title='bbox 3328 2472 3362 2526; x_wconf 89' lang='lat' dir='ltr'><strong>ii</strong></span> <span class='ocrx_word' id='word_1_503' title='bbox 3408 2470 3502 2540; x_wconf 89' lang='lat' dir='ltr'><strong>qui</strong></span> <span class='ocrx_word' id='word_1_504' title='bbox 3548 2472 3618 2524; x_wconf 84' lang='lat' dir='ltr'><strong>ab</strong></span> 
     </span>
    </p>
   </div>
   <div class='ocr_carea' id='block_1_56' title="bbox 2013 2563 3691 2640">
    <p class='ocr_par' dir='ltr' id='par_1_56' title="bbox 2013 2563 3691 2640">
     <span class='ocr_line' id='line_1_56' title="bbox 2013 2563 3691 2640; baseline -0.004 -18"><span class='ocrx_word' id='word_1_505' title='bbox 2013 2570 2167 2625; x_wconf 91' lang='lat' dir='ltr'><strong>initio</strong></span> <span class='ocrx_word' id='word_1_506' title='bbox 2197 2580 2534 2640; x_wconf 77' lang='lat' dir='ltr'><strong>Spectatores</strong></span> <span class='ocrx_word' id='word_1_507' title='bbox 2579 2570 2924 2638; x_wconf 87' lang='lat' dir='ltr'><strong>ministrique</strong></span> <span class='ocrx_word' id='word_1_508' title='bbox 2947 2566 3108 2622; x_wconf 85' lang='lat' dir='ltr'><strong>Verbi</strong></span> <span class='ocrx_word' id='word_1_509' title='bbox 3135 2566 3376 2621; x_wconf 81' lang='lat' dir='ltr'><strong>luerunt.</strong></span> <span class='ocrx_word' id='word_1_510' title='bbox 3408 2563 3616 2630; x_wconf 87' lang='lat' dir='ltr'><strong>Quam-</strong></span> <span class='ocrx_word' id='word_1_511' title='bbox 3688 2590 3691 2594; x_wconf 96' lang='lat'><strong><em>-</em></strong></span> 
     </span>
    </p>
   </div>
   <div class='ocr_carea' id='block_1_57' title="bbox 2010 2648 3617 2721">
    <p class='ocr_par' dir='ltr' id='par_1_57' title="bbox 2010 2648 3617 2721">
     <span class='ocr_line' id='line_1_57' title="bbox 2010 2648 3617 2721; baseline -0.007 -4"><span class='ocrx_word' id='word_1_512' title='bbox 2010 2664 2196 2721; x_wconf 71' lang='grc' dir='ltr'>οΙ)ι“ειιι</span> <span class='ocrx_word' id='word_1_513' title='bbox 2241 2648 2347 2716; x_wconf 81' lang='grc' dir='ltr'>ιιὸιι</span> <span class='ocrx_word' id='word_1_514' title='bbox 2385 2670 2849 2715; x_wconf 85' lang='lat' dir='ltr'><strong>connumerarunt</strong></span> <span class='ocrx_word' id='word_1_515' title='bbox 2901 2675 3023 2713; x_wconf 90' lang='lat' dir='ltr'><strong>cum</strong></span> <span class='ocrx_word' id='word_1_516' title='bbox 3071 2669 3324 2712; x_wconf 85' lang='lat' dir='ltr'><strong>creatura</strong></span> <span class='ocrx_word' id='word_1_517' title='bbox 3392 2657 3617 2709; x_wconf 83' lang='lat' dir='ltr'><strong>Creato-</strong></span> 
     </span>
    </p>
   </div>
   <div class='ocr_carea' id='block_1_58' title="bbox 2012 2740 3614 2824">
    <p class='ocr_par' dir='ltr' id='par_1_58' title="bbox 2012 2740 3614 2824">
     <span class='ocr_line' id='line_1_58' title="bbox 2012 2740 3614 2824; baseline -0.004 -18"><span class='ocrx_word' id='word_1_518' title='bbox 2012 2769 2126 2808; x_wconf 89' lang='lat' dir='ltr'><strong>rem</strong></span> <span class='ocrx_word' id='word_1_519' title='bbox 2154 2772 2178 2819; x_wconf 54' lang='grc' dir='ltr'>,ε</span> <span class='ocrx_word' id='word_1_520' title='bbox 2215 2770 2320 2807; x_wconf 91' lang='lat' dir='ltr'><strong>non</strong></span> <span class='ocrx_word' id='word_1_521' title='bbox 2383 2763 2686 2824; x_wconf 88' lang='lat' dir='ltr'><strong>posuerunt</strong></span> <span class='ocrx_word' id='word_1_522' title='bbox 2747 2755 2799 2806; x_wconf 90' lang='lat' dir='ltr'><strong>in</strong></span> <span class='ocrx_word' id='word_1_523' title='bbox 2860 2740 3054 2808; x_wconf 72' lang='lat' dir='ltr'><strong>ordine</strong></span> <span class='ocrx_word' id='word_1_524' title='bbox 3095 2749 3369 2805; x_wconf 82' lang='lat' dir='ltr'><strong>factarum</strong></span> <span class='ocrx_word' id='word_1_525' title='bbox 3433 2762 3614 2803; x_wconf 88' lang='lat' dir='ltr'><strong>rerum</strong></span> 
     </span>
    </p>
   </div>
   <div class='ocr_carea' id='block_1_59' title="bbox 1985 2842 3618 2916">
    <p class='ocr_par' dir='ltr' id='par_1_59' title="bbox 1985 2842 3618 2916">
     <span class='ocr_line' id='line_1_59' title="bbox 1985 2842 3618 2916; baseline -0.005 -15"><span class='ocrx_word' id='word_1_526' title='bbox 1985 2849 2274 2904; x_wconf 79' lang='lat' dir='ltr'><strong>&#39;l‘actorem</strong></span> <span class='ocrx_word' id='word_1_527' title='bbox 2312 2864 2326 2902; x_wconf 91' lang='lat'>:</span> <span class='ocrx_word' id='word_1_528' title='bbox 2369 2863 2638 2916; x_wconf 88' lang='lat' dir='ltr'><strong>nusquam</strong></span> <span class='ocrx_word' id='word_1_529' title='bbox 2698 2856 2967 2901; x_wconf 74' lang='lat' dir='ltr'><strong>creatura:</strong></span> <span class='ocrx_word' id='word_1_530' title='bbox 3015 2845 3237 2900; x_wconf 87' lang='lat' dir='ltr'><strong>nomine</strong></span> <span class='ocrx_word' id='word_1_531' title='bbox 3272 2842 3618 2912; x_wconf 84' lang='lat' dir='ltr'><strong>appellarunt</strong></span> 
     </span>
    </p>
   </div>
   <div class='ocr_carea' id='block_1_60' title="bbox 2012 2935 3613 3008">
    <p class='ocr_par' dir='ltr' id='par_1_60' title="bbox 2012 2935 3613 3008">
     <span class='ocr_line' id='line_1_60' title="bbox 2012 2935 3613 3008; baseline -0.003 -17"><span class='ocrx_word' id='word_1_532' title='bbox 2012 2939 2383 2994; x_wconf 82' lang='lat' dir='ltr'><strong>venerabilem</strong></span> <span class='ocrx_word' id='word_1_533' title='bbox 2445 2938 2536 2993; x_wconf 91' lang='lat' dir='ltr'><strong>Dei</strong></span> <span class='ocrx_word' id='word_1_534' title='bbox 2596 2938 2950 3008; x_wconf 73' lang='lat' dir='ltr'><strong>genituram:</strong></span> <span class='ocrx_word' id='word_1_535' title='bbox 3000 2950 3270 3005; x_wconf 84' lang='lat' dir='ltr'><strong>nusquam</strong></span> <span class='ocrx_word' id='word_1_536' title='bbox 3323 2935 3613 2988; x_wconf 81' lang='lat' dir='ltr'><strong>dictionem</strong></span> 
     </span>
    </p>
   </div>
   <div class='ocr_carea' id='block_1_61' title="bbox 2010 3025 3614 3102">
    <p class='ocr_par' dir='ltr' id='par_1_61' title="bbox 2010 3025 3614 3102">
     <span class='ocr_line' id='line_1_61' title="bbox 2010 3025 3614 3102; baseline -0.006 -16"><span class='ocrx_word' id='word_1_537' title='bbox 2010 3033 2210 3102; x_wconf 75' lang='lat' dir='ltr'><strong>factum</strong></span> <span class='ocrx_word' id='word_1_538' title='bbox 2236 3043 2309 3085; x_wconf 77' lang='lat' dir='ltr'><strong>est</strong></span> <span class='ocrx_word' id='word_1_539' title='bbox 2337 3032 2614 3086; x_wconf 78' lang='lat' dir='ltr'><strong>Diviuilati</strong></span> <span class='ocrx_word' id='word_1_540' title='bbox 2646 3031 2987 3099; x_wconf 83' lang='lat' dir='ltr'><strong>copularunt.</strong></span> <span class='ocrx_word' id='word_1_541' title='bbox 3048 3029 3155 3083; x_wconf 81' lang='lat' dir='ltr'><strong>Sed</strong></span> <span class='ocrx_word' id='word_1_542' title='bbox 3211 3028 3350 3081; x_wconf 85' lang='lat' dir='ltr'><strong>alius</strong></span> <span class='ocrx_word' id='word_1_543' title='bbox 3395 3025 3614 3094; x_wconf 79' lang='lat' dir='ltr'><strong>quidem</strong></span> 
     </span>
    </p>
   </div>
   <div class='ocr_carea' id='block_1_62' title="bbox 2012 3117 3611 3193">
    <p class='ocr_par' dir='ltr' id='par_1_62' title="bbox 2012 3117 3611 3193">
     <span class='ocr_line' id='line_1_62' title="bbox 2012 3117 3611 3193; baseline -0.007 -14"><span class='ocrx_word' id='word_1_544' title='bbox 2012 3125 2191 3179; x_wconf 76' lang='lat' dir='ltr'><strong>dixit:</strong></span> <span class='ocrx_word' id='word_1_545' title='bbox 2228 3142 2246 3175; x_wconf 84' lang='lat' dir='ltr'><strong>t</strong></span> <span class='ocrx_word' id='word_1_546' title='bbox 2285 3125 2338 3177; x_wconf 93' lang='lat' dir='ltr'><strong>In</strong></span> <span class='ocrx_word' id='word_1_547' title='bbox 2374 3123 2641 3193; x_wconf 87' lang='lat' dir='ltr'><strong>principio</strong></span> <span class='ocrx_word' id='word_1_548' title='bbox 2663 3132 2784 3177; x_wconf 84' lang='lat' dir='ltr'><strong>erat</strong></span> <span class='ocrx_word' id='word_1_549' title='bbox 2813 3121 3054 3177; x_wconf 87' lang='lat' dir='ltr'><strong>Verbum</strong></span> <span class='ocrx_word' id='word_1_550' title='bbox 3084 3137 3100 3187; x_wconf 88' lang='lat'><strong>;</strong></span> <span class='ocrx_word' id='word_1_551' title='bbox 3131 3139 3149 3173; x_wconf 75' lang='grc' dir='ltr'><strong>ι</strong></span> <span class='ocrx_word' id='word_1_552' title='bbox 3183 3136 3286 3175; x_wconf 89' lang='lat' dir='ltr'><strong>non</strong></span> <span class='ocrx_word' id='word_1_553' title='bbox 3327 3130 3531 3178; x_wconf 88' lang='lat' dir='ltr'><strong>autem,</strong></span> <span class='ocrx_word' id='word_1_554' title='bbox 3561 3117 3611 3169; x_wconf 87' lang='lat' dir='ltr'><strong>in</strong></span> 
     </span>
    </p>
   </div>
   <div class='ocr_carea' id='block_1_63' title="bbox 2009 3207 3612 3289">
    <p class='ocr_par' dir='ltr' id='par_1_63' title="bbox 2009 3207 3612 3289">
     <span class='ocr_line' id='line_1_63' title="bbox 2009 3207 3612 3289; baseline -0.007 -18"><span class='ocrx_word' id='word_1_555' title='bbox 2009 3215 2280 3286; x_wconf 84' lang='lat' dir='ltr'><strong>principio</strong></span> <span class='ocrx_word' id='word_1_556' title='bbox 2306 3215 2508 3270; x_wconf 82' lang='lat' dir='ltr'><strong>factum</strong></span> <span class='ocrx_word' id='word_1_557' title='bbox 2561 3226 2646 3269; x_wconf 90' lang='lat' dir='ltr'><strong>est</strong></span> <span class='ocrx_word' id='word_1_558' title='bbox 2711 3215 2970 3289; x_wconf 60' lang='lat' dir='ltr'><strong>Verbum.</strong></span> <span class='ocrx_word' id='word_1_559' title='bbox 3023 3213 3177 3269; x_wconf 88' lang='lat' dir='ltr'><strong>Alius</strong></span> <span class='ocrx_word' id='word_1_560' title='bbox 3230 3227 3410 3267; x_wconf 80' lang='lat' dir='ltr'><strong>vero:</strong></span> <span class='ocrx_word' id='word_1_561' title='bbox 3451 3227 3468 3260; x_wconf 78' lang='grc' dir='ltr'>ι</span> <span class='ocrx_word' id='word_1_562' title='bbox 3509 3207 3612 3275; x_wconf 85' lang='lat' dir='ltr'><strong>Qui</strong></span> 
     </span>
    </p>
   </div>
   <div class='ocr_carea' id='block_1_64' title="bbox 2010 3304 3608 3378">
    <p class='ocr_par' dir='ltr' id='par_1_64' title="bbox 2010 3304 3608 3378">
     <span class='ocr_line' id='line_1_64' title="bbox 2010 3304 3608 3378; baseline -0.006 -14"><span class='ocrx_word' id='word_1_563' title='bbox 2010 3324 2133 3364; x_wconf 90' lang='lat' dir='ltr'><strong>cum</strong></span> <span class='ocrx_word' id='word_1_564' title='bbox 2159 3317 2304 3363; x_wconf 87' lang='lat' dir='ltr'><strong>esset</strong></span> <span class='ocrx_word' id='word_1_565' title='bbox 2335 3308 2594 3377; x_wconf 85' lang='lat' dir='ltr'><strong>splendor</strong></span> <span class='ocrx_word' id='word_1_566' title='bbox 2627 3307 2836 3378; x_wconf 52' lang='grc' dir='ltr'>εισι-ἰαί,</span> <span class='ocrx_word' id='word_1_567' title='bbox 2875 3317 2931 3362; x_wconf 90' lang='lat' dir='ltr'><strong>et</strong></span> <span class='ocrx_word' id='word_1_568' title='bbox 2984 3305 3156 3378; x_wconf 82' lang='lat' dir='ltr'><strong>ﬁgura</strong></span> <span class='ocrx_word' id='word_1_569' title='bbox 3207 3304 3547 3359; x_wconf 76' lang='lat' dir='ltr'><strong>substantim.</strong></span> <span class='ocrx_word' id='word_1_570' title='bbox 3590 3320 3608 3353; x_wconf 72' lang='grc' dir='ltr'><strong>ι</strong></span> 
     </span>
    </p>
   </div>
   <div class='ocr_carea' id='block_1_65' title="bbox 2010 3398 3609 3469">
    <p class='ocr_par' dir='ltr' id='par_1_65' title="bbox 2010 3398 3609 3469">
     <span class='ocr_line' id='line_1_65' title="bbox 2010 3398 3609 3469; baseline -0.004 -13"><span class='ocrx_word' id='word_1_571' title='bbox 2010 3401 2126 3456; x_wconf 79' lang='lat' dir='ltr'><strong>Non</strong></span> <span class='ocrx_word' id='word_1_572' title='bbox 2170 3401 2248 3456; x_wconf 88' lang='lat' dir='ltr'><strong>ait</strong></span> <span class='ocrx_word' id='word_1_573' title='bbox 2278 3419 2291 3454; x_wconf 96' lang='lat'>:</span> <span class='ocrx_word' id='word_1_574' title='bbox 2323 3400 2500 3457; x_wconf 78' lang='lat' dir='ltr'><strong>factus</strong></span> <span class='ocrx_word' id='word_1_575' title='bbox 2530 3410 2614 3457; x_wconf 90' lang='lat' dir='ltr'><strong>est</strong></span> <span class='ocrx_word' id='word_1_576' title='bbox 2643 3401 2899 3468; x_wconf 86' lang='lat' dir='ltr'><strong>splendor</strong></span> <span class='ocrx_word' id='word_1_577' title='bbox 2943 3410 2999 3454; x_wconf 88' lang='lat' dir='ltr'><strong>et</strong></span> <span class='ocrx_word' id='word_1_578' title='bbox 3033 3399 3224 3469; x_wconf 82' lang='lat' dir='ltr'><strong>ﬁgura.</strong></span> <span class='ocrx_word' id='word_1_579' title='bbox 3269 3398 3332 3452; x_wconf 86' lang='lat' dir='ltr'><strong>Et</strong></span> <span class='ocrx_word' id='word_1_580' title='bbox 3370 3410 3557 3450; x_wconf 90' lang='lat' dir='ltr'><strong>rursus</strong></span> <span class='ocrx_word' id='word_1_581' title='bbox 3595 3413 3609 3449; x_wconf 86' lang='lat'><strong>:</strong></span> 
     </span>
    </p>
   </div>
   <div class='ocr_carea' id='block_1_66' title="bbox 316 3478 1904 3571">
    <p class='ocr_par' dir='ltr' id='par_1_66' title="bbox 316 3478 1901 3560">
     <span class='ocr_line' id='line_1_66' title="bbox 316 3478 1901 3560; baseline 0.009 -30"><span class='ocrx_word' id='word_1_582' title='bbox 316 3497 335 3530; x_wconf 77' lang='grc' dir='ltr'>ι</span> <span class='ocrx_word' id='word_1_583' title='bbox 361 3478 462 3544; x_wconf 81' lang='grc' dir='ltr'>Ὃς</span> <span class='ocrx_word' id='word_1_584' title='bbox 490 3481 637 3534; x_wconf 72' lang='grc' dir='ltr'>ἐστιν</span> <span class='ocrx_word' id='word_1_585' title='bbox 656 3483 821 3535; x_wconf 73' lang='grc' dir='ltr'>εἰκὼν</span> <span class='ocrx_word' id='word_1_586' title='bbox 848 3485 942 3537; x_wconf 84' lang='grc' dir='ltr'>τοῦ</span> <span class='ocrx_word' id='word_1_587' title='bbox 969 3485 1105 3540; x_wconf 87' lang='grc' dir='ltr'>Θεοῦ</span> <span class='ocrx_word' id='word_1_588' title='bbox 1125 3487 1222 3540; x_wconf 86' lang='grc' dir='ltr'>τοῦ</span> <span class='ocrx_word' id='word_1_589' title='bbox 1245 3489 1507 3560; x_wconf 81' lang='grc' dir='ltr'>ἀοράτου,</span> <span class='ocrx_word' id='word_1_590' title='bbox 1534 3509 1551 3540; x_wconf 76' lang='grc' dir='ltr'><strong>ι</strong></span> <span class='ocrx_word' id='word_1_591' title='bbox 1592 3492 1693 3544; x_wconf 84' lang='grc' dir='ltr'>οὐκ</span> <span class='ocrx_word' id='word_1_592' title='bbox 1726 3491 1901 3556; x_wconf 80' lang='grc' dir='ltr'>εἶπεν,</span> 
     </span>
    </p>
   </div>
   <div class='ocr_carea' id='block_1_67' title="bbox 2014 3478 3610 3571">
    <p class='ocr_par' dir='ltr' id='par_1_67' title="bbox 2017 3483 3610 3559">
     <span class='ocr_line' id='line_1_67' title="bbox 2017 3483 3610 3559; baseline -0.006 -14"><span class='ocrx_word' id='word_1_593' title='bbox 2017 3513 2034 3545; x_wconf 81' lang='grc' dir='ltr'>ι</span> <span class='ocrx_word' id='word_1_594' title='bbox 2070 3493 2173 3559; x_wconf 88' lang='lat' dir='ltr'><strong>Qui</strong></span> <span class='ocrx_word' id='word_1_595' title='bbox 2198 3507 2318 3548; x_wconf 87' lang='lat' dir='ltr'><strong>eum</strong></span> <span class='ocrx_word' id='word_1_596' title='bbox 2343 3493 2394 3546; x_wconf 91' lang='lat' dir='ltr'><strong>in</strong></span> <span class='ocrx_word' id='word_1_597' title='bbox 2420 3491 2592 3546; x_wconf 81' lang='lat' dir='ltr'><strong>forma</strong></span> <span class='ocrx_word' id='word_1_598' title='bbox 2615 3491 2707 3546; x_wconf 89' lang='lat' dir='ltr'><strong>Dei</strong></span> <span class='ocrx_word' id='word_1_599' title='bbox 2749 3501 2938 3556; x_wconf 86' lang='lat' dir='ltr'><strong>esset;</strong></span> <span class='ocrx_word' id='word_1_600' title='bbox 2971 3509 2990 3541; x_wconf 74' lang='grc' dir='ltr'><strong>ι</strong></span> <span class='ocrx_word' id='word_1_601' title='bbox 3025 3505 3129 3542; x_wconf 87' lang='lat' dir='ltr'><strong>non</strong></span> <span class='ocrx_word' id='word_1_602' title='bbox 3153 3497 3334 3541; x_wconf 83' lang='lat' dir='ltr'><strong>autem</strong></span> <span class='ocrx_word' id='word_1_603' title='bbox 3382 3483 3610 3556; x_wconf 75' lang='lat' dir='ltr'><strong>683m</strong></span> 
     </span>
    </p>
   </div>
   <div class='ocr_carea' id='block_1_68' title="bbox 229 3571 1896 3654">
    <p class='ocr_par' dir='ltr' id='par_1_68' title="bbox 229 3571 1896 3654">
     <span class='ocr_line' id='line_1_68' title="bbox 229 3571 1896 3654; baseline 0.011 -31"><span class='ocrx_word' id='word_1_604' title='bbox 229 3603 250 3622; x_wconf 70' lang='grc'>.</span> <span class='ocrx_word' id='word_1_605' title='bbox 307 3571 370 3636; x_wconf 78' lang='grc' dir='ltr'>ὃς</span> <span class='ocrx_word' id='word_1_606' title='bbox 391 3572 609 3641; x_wconf 71' lang='grc' dir='ltr'>ἐγένετο</span> <span class='ocrx_word' id='word_1_607' title='bbox 635 3575 798 3628; x_wconf 75' lang='grc' dir='ltr'>εἰκὼν</span> <span class='ocrx_word' id='word_1_608' title='bbox 816 3575 908 3629; x_wconf 85' lang='grc' dir='ltr'>τοῦ</span> <span class='ocrx_word' id='word_1_609' title='bbox 930 3578 1065 3631; x_wconf 87' lang='grc' dir='ltr'>Θεοῦ</span> <span class='ocrx_word' id='word_1_610' title='bbox 1093 3579 1188 3633; x_wconf 88' lang='grc' dir='ltr'>τοῦ</span> <span class='ocrx_word' id='word_1_611' title='bbox 1207 3582 1462 3654; x_wconf 81' lang='grc' dir='ltr'>ἀοράτου,</span> <span class='ocrx_word' id='word_1_612' title='bbox 1491 3584 1626 3649; x_wconf 79' lang='grc' dir='ltr'>ἀλλ’,</span> <span class='ocrx_word' id='word_1_613' title='bbox 1647 3586 1704 3649; x_wconf 77' lang='grc' dir='ltr'>ὃς</span> <span class='ocrx_word' id='word_1_614' title='bbox 1731 3587 1896 3642; x_wconf 83' lang='grc' dir='ltr'>ἐστίν.</span> 
     </span>
    </p>
   </div>
   <div class='ocr_carea' id='block_1_69' title="bbox 2010 3579 3611 3652">
    <p class='ocr_par' dir='ltr' id='par_1_69' title="bbox 2010 3579 3611 3652">
     <span class='ocr_line' id='line_1_69' title="bbox 2010 3579 3611 3652; baseline -0.007 -11"><span class='ocrx_word' id='word_1_615' title='bbox 2010 3588 2148 3642; x_wconf 81' lang='lat' dir='ltr'><strong>dixit</strong></span> <span class='ocrx_word' id='word_1_616' title='bbox 2179 3606 2192 3643; x_wconf 90' lang='lat'><strong>:</strong></span> <span class='ocrx_word' id='word_1_617' title='bbox 2220 3587 2395 3642; x_wconf 78' lang='lat' dir='ltr'><strong>forma</strong></span> <span class='ocrx_word' id='word_1_618' title='bbox 2435 3586 2529 3641; x_wconf 86' lang='lat' dir='ltr'><strong>Dei</strong></span> <span class='ocrx_word' id='word_1_619' title='bbox 2565 3585 2762 3652; x_wconf 66' lang='lat' dir='ltr'><strong>fac-tus,</strong></span> <span class='ocrx_word' id='word_1_620' title='bbox 2792 3585 2886 3639; x_wconf 89' lang='lat' dir='ltr'><strong>sed</strong></span> <span class='ocrx_word' id='word_1_621' title='bbox 2926 3603 2946 3636; x_wconf 73' lang='grc' dir='ltr'>ι</span> <span class='ocrx_word' id='word_1_622' title='bbox 2986 3598 3132 3650; x_wconf 91' lang='lat' dir='ltr'><strong>cum,</strong></span> <span class='ocrx_word' id='word_1_623' title='bbox 3166 3592 3312 3636; x_wconf 87' lang='lat' dir='ltr'><strong>esset</strong></span> <span class='ocrx_word' id='word_1_624' title='bbox 3357 3581 3409 3634; x_wconf 90' lang='lat' dir='ltr'><strong>in</strong></span> <span class='ocrx_word' id='word_1_625' title='bbox 3436 3579 3611 3634; x_wconf 79' lang='lat' dir='ltr'><strong>forma</strong></span> 
     </span>
    </p>
   </div>
   <div class='ocr_carea' id='block_1_70' title="bbox 311 3667 3606 3753">
    <p class='ocr_par' dir='ltr' id='par_1_70' title="bbox 311 3667 3606 3753">
     <span class='ocr_line' id='line_1_70' title="bbox 311 3667 3606 3753; baseline 0.002 -31"><span class='ocrx_word' id='word_1_626' title='bbox 311 3667 428 3722; x_wconf 88' lang='lat' dir='ltr'><strong>Dei.</strong></span> <span class='ocrx_word' id='word_1_627' title='bbox 473 3687 492 3719; x_wconf 75' lang='grc' dir='ltr'><strong>ι</strong></span> <span class='ocrx_word' id='word_1_628' title='bbox 525 3668 781 3725; x_wconf 87' lang='lat' dir='ltr'><strong>Etalibi:</strong></span> <span class='ocrx_word' id='word_1_629' title='bbox 822 3689 841 3724; x_wconf 76' lang='grc' dir='ltr'>ι</span> <span class='ocrx_word' id='word_1_630' title='bbox 881 3670 982 3739; x_wconf 90' lang='lat' dir='ltr'><strong>Qui</strong></span> <span class='ocrx_word' id='word_1_631' title='bbox 1023 3684 1107 3730; x_wconf 81' lang='lat' dir='ltr'><strong>est</strong></span> <span class='ocrx_word' id='word_1_632' title='bbox 1145 3677 1325 3745; x_wconf 84' lang='lat' dir='ltr'><strong>imago</strong></span> <span class='ocrx_word' id='word_1_633' title='bbox 1363 3679 1453 3733; x_wconf 92' lang='lat' dir='ltr'><strong>Dei</strong></span> <span class='ocrx_word' id='word_1_634' title='bbox 1475 3679 1766 3737; x_wconf 86' lang='lat' dir='ltr'><strong>invisibilis</strong></span> <span class='ocrx_word' id='word_1_635' title='bbox 1787 3684 1828 3739; x_wconf 83' lang='grc'><strong>⁵.</strong></span> <span class='ocrx_word' id='word_1_636' title='bbox 1869 3703 1886 3734; x_wconf 75' lang='grc' dir='ltr'><strong>ι</strong></span> <span class='ocrx_word' id='word_1_637' title='bbox 1933 3683 2050 3739; x_wconf 86' lang='grc' dir='ltr'>Νοιι</span> <span class='ocrx_word' id='word_1_638' title='bbox 2090 3684 2228 3739; x_wconf 77' lang='lat' dir='ltr'><strong>dixit</strong></span> <span class='ocrx_word' id='word_1_639' title='bbox 2257 3683 2382 3753; x_wconf 90' lang='lat' dir='ltr'><strong>:qui</strong></span> <span class='ocrx_word' id='word_1_640' title='bbox 2449 3681 2626 3738; x_wconf 83' lang='lat' dir='ltr'><strong>factus</strong></span> <span class='ocrx_word' id='word_1_641' title='bbox 2673 3692 2756 3736; x_wconf 90' lang='lat' dir='ltr'><strong>est</strong></span> <span class='ocrx_word' id='word_1_642' title='bbox 2792 3681 2971 3751; x_wconf 82' lang='lat' dir='ltr'><strong>imago</strong></span> <span class='ocrx_word' id='word_1_643' title='bbox 3003 3678 3096 3733; x_wconf 89' lang='lat' dir='ltr'><strong>Dei</strong></span> <span class='ocrx_word' id='word_1_644' title='bbox 3148 3674 3463 3742; x_wconf 87' lang='lat' dir='ltr'><strong>invisibilis,</strong></span> <span class='ocrx_word' id='word_1_645' title='bbox 3488 3673 3606 3738; x_wconf 89' lang='lat' dir='ltr'><strong>sed,</strong></span> 
     </span>
    </p>
   </div>
   <div class='ocr_carea' id='block_1_71' title="bbox 310 3765 529 3833">
    <p class='ocr_par' dir='ltr' id='par_1_71' title="bbox 310 3765 529 3833">
     <span class='ocr_line' id='line_1_71' title="bbox 310 3765 529 3833; baseline 0.018 -20"><span class='ocrx_word' id='word_1_646' title='bbox 310 3765 529 3833; x_wconf 74' lang='lat' dir='ltr'><strong>quiest.</strong></span> 
     </span>
    </p>
   </div>
   <div class='ocr_carea' id='block_1_72' title="bbox 383 3902 1831 4030">
    <p class='ocr_par' dir='ltr' id='par_1_72' title="bbox 383 3902 1831 4030">
     <span class='ocr_line' id='line_1_72' title="bbox 383 3902 1831 4030; baseline 0.01 -75"><span class='ocrx_word' id='word_1_647' title='bbox 383 3904 456 3956; x_wconf 83' lang='lat' dir='ltr'><strong>Z’.</strong></span> <span class='ocrx_word' id='word_1_648' title='bbox 503 3902 838 3969; x_wconf 73' lang='grc' dir='ltr'>Ἀπόδειξις</span> <span class='ocrx_word' id='word_1_649' title='bbox 869 3903 938 3959; x_wconf 74' lang='grc' dir='ltr'>ἐκ</span> <span class='ocrx_word' id='word_1_650' title='bbox 1116 3907 1417 3992; x_wconf 49' lang='grc' dir='ltr'>[Ιαλαιᾶιη</span> <span class='ocrx_word' id='word_1_651' title='bbox 1464 3911 1550 3965; x_wconf 80' lang='grc' dir='ltr'>ὅτι</span> <span class='ocrx_word' id='word_1_652' title='bbox 1580 3913 1771 3982; x_wconf 78' lang='grc' dir='ltr'>ἀΐδιος</span> <span class='ocrx_word' id='word_1_653' title='bbox 1799 3920 1831 3970; x_wconf 83' lang='grc' dir='ltr'><em>ὀ</em></span> 
     </span>
     <span class='ocr_line' id='line_1_73' title="bbox 1094 3993 1180 4030; baseline -0.012 0"><span class='ocrx_word' id='word_1_654' title='bbox 1094 3993 1180 4030; x_wconf 75' lang='lat' dir='ltr'><strong>CC.</strong></span> 
     </span>
    </p>
   </div>
   <div class='ocr_carea' id='block_1_73' title="bbox 1094 3993 1180 4044">
    <p class='ocr_par' dir='ltr' id='par_1_73' title="bbox 1094 3993 1180 4044">
     <span class='ocr_line' id='line_1_74' title="bbox 1094 3993 1180 4044; baseline -0.012 -14"><span class='ocrx_word' id='word_1_655' title='bbox 1094 3993 1180 4044; x_wconf 80' lang='grc' dir='ltr'>ος.</span> 
     </span>
    </p>
   </div>
   <div class='ocr_carea' id='block_1_74' title="bbox 382 4107 1897 4194">
    <p class='ocr_par' dir='ltr' id='par_1_74' title="bbox 382 4107 1897 4194">
     <span class='ocr_line' id='line_1_75' title="bbox 382 4107 1897 4194; baseline 0.008 -32"><span class='ocrx_word' id='word_1_656' title='bbox 382 4107 538 4162; x_wconf 76' lang='grc' dir='ltr'>Οὕτω</span> <span class='ocrx_word' id='word_1_657' title='bbox 587 4111 652 4178; x_wconf 80' lang='grc' dir='ltr'><strong>τῇ</strong></span> <span class='ocrx_word' id='word_1_658' title='bbox 693 4108 942 4182; x_wconf 71' lang='grc' dir='ltr'>θεολογία</span> <span class='ocrx_word' id='word_1_659' title='bbox 975 4115 1252 4185; x_wconf 83' lang='grc' dir='ltr'>πανταχοῦ</span> <span class='ocrx_word' id='word_1_660' title='bbox 1298 4117 1652 4182; x_wconf 76' lang='grc' dir='ltr'>συνέζευκται</span> <span class='ocrx_word' id='word_1_661' title='bbox 1683 4122 1744 4175; x_wconf 83' lang='grc' dir='ltr'>τὸ</span> <span class='ocrx_word' id='word_1_662' title='bbox 1797 4119 1897 4194; x_wconf 79' lang='grc' dir='ltr'><strong>ἦν,</strong></span> 
     </span>
    </p>
   </div>
   <div class='ocr_carea' id='block_1_75' title="bbox 307 4194 1900 4285">
    <p class='ocr_par' dir='ltr' id='par_1_75' title="bbox 307 4194 1900 4285">
     <span class='ocr_line' id='line_1_76' title="bbox 307 4194 1900 4285; baseline 0.01 -36"><span class='ocrx_word' id='word_1_663' title='bbox 307 4198 405 4250; x_wconf 76' lang='grc' dir='ltr'><strong>καὶ</strong></span> <span class='ocrx_word' id='word_1_664' title='bbox 434 4199 494 4251; x_wconf 85' lang='grc' dir='ltr'>τὸ</span> <span class='ocrx_word' id='word_1_665' title='bbox 513 4194 618 4260; x_wconf 85' lang='grc' dir='ltr'><strong>ὢν,</strong></span> <span class='ocrx_word' id='word_1_666' title='bbox 652 4201 743 4252; x_wconf 60' lang='grc' dir='ltr'><strong>καὶ¹</strong></span> <span class='ocrx_word' id='word_1_667' title='bbox 775 4201 835 4253; x_wconf 76' lang='grc' dir='ltr'><strong>τὸ</strong></span> <span class='ocrx_word' id='word_1_668' title='bbox 865 4204 1172 4271; x_wconf 76' lang='grc' dir='ltr'>ὑπάρχων,</span> <span class='ocrx_word' id='word_1_669' title='bbox 1203 4207 1298 4259; x_wconf 72' lang='grc' dir='ltr'><strong>καὶ</strong></span> <span class='ocrx_word' id='word_1_670' title='bbox 1326 4208 1387 4261; x_wconf 86' lang='grc' dir='ltr'><strong>τὺ</strong></span> <span class='ocrx_word' id='word_1_671' title='bbox 1417 4209 1592 4264; x_wconf 80' lang='grc' dir='ltr'>ἔστιν</span> <span class='ocrx_word' id='word_1_672' title='bbox 1611 4228 1626 4243; x_wconf 78' lang='grc' dir='ltr'>ο</span> <span class='ocrx_word' id='word_1_673' title='bbox 1657 4212 1802 4268; x_wconf 78' lang='grc' dir='ltr'>οὕτω</span> <span class='ocrx_word' id='word_1_674' title='bbox 1821 4214 1900 4285; x_wconf 82' lang='grc' dir='ltr'>τῷ</span> 
     </span>
    </p>
   </div>
   <div class='ocr_carea' id='block_1_76' title="bbox 313 4290 1895 4375">
    <p class='ocr_par' dir='ltr' id='par_1_76' title="bbox 313 4290 1895 4375">
     <span class='ocr_line' id='line_1_77' title="bbox 313 4290 1895 4375; baseline 0.011 -34"><span class='ocrx_word' id='word_1_675' title='bbox 313 4290 535 4359; x_wconf 84' lang='grc' dir='ltr'>μεγάλῳ</span> <span class='ocrx_word' id='word_1_676' title='bbox 564 4291 772 4362; x_wconf 79' lang='grc' dir='ltr'><strong>Μωῦσῇ</strong></span> <span class='ocrx_word' id='word_1_677' title='bbox 801 4293 994 4346; x_wconf 72' lang='grc' dir='ltr'>ἑαυτὸν</span> <span class='ocrx_word' id='word_1_678' title='bbox 1019 4294 1401 4368; x_wconf 82' lang='grc' dir='ltr'>διαλεγόμενος</span> <span class='ocrx_word' id='word_1_679' title='bbox 1431 4303 1895 4375; x_wconf 79' lang='grc' dir='ltr'>προσηγόρευσεν·</span> 
     </span>
    </p>
   </div>
   <div class='ocr_carea' id='block_1_77' title="bbox 313 4377 1899 4464">
    <p class='ocr_par' dir='ltr' id='par_1_77' title="bbox 313 4377 1899 4464">
     <span class='ocr_line' id='line_1_78' title="bbox 313 4377 1899 4464; baseline 0.011 -35"><span class='ocrx_word' id='word_1_680' title='bbox 313 4396 332 4428; x_wconf 82' lang='lat' dir='ltr'><strong>t</strong></span> <span class='ocrx_word' id='word_1_681' title='bbox 386 4377 528 4446; x_wconf 79' lang='grc' dir='ltr'><strong>Ἐγώ</strong></span> <span class='ocrx_word' id='word_1_682' title='bbox 561 4380 677 4450; x_wconf 80' lang='grc' dir='ltr'>εἰμι</span> <span class='ocrx_word' id='word_1_683' title='bbox 707 4382 736 4433; x_wconf 89' lang='lat'><strong>6</strong></span> <span class='ocrx_word' id='word_1_684' title='bbox 779 4379 875 4436; x_wconf 78' lang='grc' dir='ltr'><strong>ὧν.</strong></span> <span class='ocrx_word' id='word_1_685' title='bbox 915 4401 934 4432; x_wconf 71' lang='grc' dir='ltr'><strong>ι</strong></span> <span class='ocrx_word' id='word_1_686' title='bbox 972 4383 1080 4437; x_wconf 78' lang='grc' dir='ltr'><strong>Καὶ</strong></span> <span class='ocrx_word' id='word_1_687' title='bbox 1111 4387 1274 4440; x_wconf 86' lang='grc' dir='ltr'>πάλιν</span> <span class='ocrx_word' id='word_1_688' title='bbox 1297 4405 1311 4420; x_wconf 75' lang='grc' dir='ltr'><strong>ο</strong></span> <span class='ocrx_word' id='word_1_689' title='bbox 1365 4407 1384 4440; x_wconf 82' lang='lat' dir='ltr'><strong>t</strong></span> <span class='ocrx_word' id='word_1_690' title='bbox 1428 4389 1567 4444; x_wconf 85' lang='grc' dir='ltr'><strong>Τάδε</strong></span> <span class='ocrx_word' id='word_1_691' title='bbox 1608 4393 1755 4464; x_wconf 78' lang='grc' dir='ltr'>ἐρεῖς</span> <span class='ocrx_word' id='word_1_692' title='bbox 1786 4396 1899 4459; x_wconf 77' lang='grc' dir='ltr'>τοῖς</span> 
     </span>
    </p>
   </div>
   <div class='ocr_carea' id='block_1_78' title="bbox 309 4472 1900 4554">
    <p class='ocr_par' dir='ltr' id='par_1_78' title="bbox 309 4472 1900 4554">
     <span class='ocr_line' id='line_1_79' title="bbox 309 4472 1900 4554; baseline 0.011 -31"><span class='ocrx_word' id='word_1_693' title='bbox 309 4472 448 4536; x_wconf 82' lang='grc' dir='ltr'>υἱοῖς</span> <span class='ocrx_word' id='word_1_694' title='bbox 486 4472 727 4544; x_wconf 75' lang='grc' dir='ltr'><strong>Ἰσραήλ“</strong></span> <span class='ocrx_word' id='word_1_695' title='bbox 770 4473 830 4526; x_wconf 84' lang='grc' dir='ltr'>Ὀ</span> <span class='ocrx_word' id='word_1_696' title='bbox 847 4473 924 4528; x_wconf 84' lang='grc' dir='ltr'>ὣν</span> <span class='ocrx_word' id='word_1_697' title='bbox 944 4476 1252 4532; x_wconf 84' lang='grc' dir='ltr'>ἀπέσταλκέ</span> <span class='ocrx_word' id='word_1_698' title='bbox 1285 4496 1352 4550; x_wconf 87' lang='grc' dir='ltr'><strong>με</strong></span> <span class='ocrx_word' id='word_1_699' title='bbox 1383 4481 1518 4552; x_wconf 80' lang='grc' dir='ltr'>πρὸς</span> <span class='ocrx_word' id='word_1_700' title='bbox 1547 4483 1744 4554; x_wconf 79' lang='grc' dir='ltr'><strong>ὑμᾶς.»</strong></span> <span class='ocrx_word' id='word_1_701' title='bbox 1777 4487 1900 4540; x_wconf 78' lang='grc' dir='ltr'><strong>Ὀτι</strong></span> 
     </span>
    </p>
   </div>
   <div class='ocr_carea' id='block_1_79' title="bbox 304 4562 1899 4648">
    <p class='ocr_par' dir='ltr' id='par_1_79' title="bbox 304 4562 1899 4648">
     <span class='ocr_line' id='line_1_80' title="bbox 304 4562 1899 4648; baseline 0.011 -33"><span class='ocrx_word' id='word_1_702' title='bbox 304 4562 365 4616; x_wconf 86' lang='grc' dir='ltr'>δὲ</span> <span class='ocrx_word' id='word_1_703' title='bbox 397 4562 491 4616; x_wconf 89' lang='grc' dir='ltr'>τοῦ</span> <span class='ocrx_word' id='word_1_704' title='bbox 523 4563 655 4617; x_wconf 83' lang='grc' dir='ltr'>Υίοῦ</span> <span class='ocrx_word' id='word_1_705' title='bbox 693 4563 865 4620; x_wconf 89' lang='grc' dir='ltr'>ταῦτα</span> <span class='ocrx_word' id='word_1_706' title='bbox 895 4567 962 4622; x_wconf 90' lang='grc' dir='ltr'><strong>τά</strong></span> <span class='ocrx_word' id='word_1_707' title='bbox 994 4570 1238 4641; x_wconf 79' lang='grc' dir='ltr'>ῥήματα,</span> <span class='ocrx_word' id='word_1_708' title='bbox 1261 4571 1356 4625; x_wconf 74' lang='grc' dir='ltr'>καὶ</span> <span class='ocrx_word' id='word_1_709' title='bbox 1381 4573 1534 4627; x_wconf 70' lang='grc' dir='ltr'>αὐτοὶ</span> <span class='ocrx_word' id='word_1_710' title='bbox 1558 4575 1658 4646; x_wconf 85' lang='grc' dir='ltr'>μὲν</span> <span class='ocrx_word' id='word_1_711' title='bbox 1687 4595 1899 4648; x_wconf 87' lang='grc' dir='ltr'>μαρτυ-</span> 
     </span>
    </p>
   </div>
   <div class='ocr_carea' id='block_1_80' title="bbox 281 4655 1899 4744">
    <p class='ocr_par' dir='ltr' id='par_1_80' title="bbox 281 4655 1899 4744">
     <span class='ocr_line' id='line_1_81' title="bbox 281 4655 1899 4744; baseline 0.013 -37"><span class='ocrx_word' id='word_1_712' title='bbox 281 4723 286 4726; x_wconf 87' lang='lat'>_</span> <span class='ocrx_word' id='word_1_713' title='bbox 307 4655 464 4726; x_wconf 83' lang='grc' dir='ltr'>ροῦσι</span> <span class='ocrx_word' id='word_1_714' title='bbox 484 4658 580 4727; x_wconf 85' lang='grc' dir='ltr'>τῆς</span> <span class='ocrx_word' id='word_1_715' title='bbox 608 4658 956 4730; x_wconf 75' lang='grc' dir='ltr'>βλασφημίας</span> <span class='ocrx_word' id='word_1_716' title='bbox 979 4665 1028 4716; x_wconf 75' lang='grc' dir='ltr'><strong>οἱ</strong></span> <span class='ocrx_word' id='word_1_717' title='bbox 1051 4665 1346 4736; x_wconf 83' lang='grc' dir='ltr'>πρόμαχοι,</span> <span class='ocrx_word' id='word_1_718' title='bbox 1372 4668 1658 4742; x_wconf 82' lang='grc' dir='ltr'>άχὼρητον</span> <span class='ocrx_word' id='word_1_719' title='bbox 1682 4673 1782 4744; x_wconf 85' lang='grc' dir='ltr'>μὲν</span> <span class='ocrx_word' id='word_1_720' title='bbox 1807 4675 1899 4728; x_wconf 85' lang='grc' dir='ltr'>τὸν</span> 
     </span>
    </p>
   </div>
   <div class='ocr_carea' id='block_1_81' title="bbox 2014 3909 3608 3977">
    <p class='ocr_par' dir='ltr' id='par_1_81' title="bbox 2014 3909 3608 3977">
     <span class='ocr_line' id='line_1_82' title="bbox 2014 3909 3608 3977; baseline -0.003 -7"><span class='ocrx_word' id='word_1_721' title='bbox 2014 3915 2125 3970; x_wconf 69' lang='grc' dir='ltr'>γιι.</span> <span class='ocrx_word' id='word_1_722' title='bbox 2221 3913 2307 3967; x_wconf 81' lang='lat' dir='ltr'><strong>Ea:</strong></span> <span class='ocrx_word' id='word_1_723' title='bbox 2370 3910 2548 3967; x_wconf 78' lang='lat' dir='ltr'><strong>Vetere</strong></span> <span class='ocrx_word' id='word_1_724' title='bbox 2601 3909 2936 3963; x_wconf 68' lang='lat' dir='ltr'><strong>Testamento</strong></span> <span class='ocrx_word' id='word_1_725' title='bbox 2991 3909 3340 3977; x_wconf 71' lang='lat' dir='ltr'><strong>sempiternus</strong></span> <span class='ocrx_word' id='word_1_726' title='bbox 3391 3911 3608 3966; x_wconf 81' lang='lat' dir='ltr'><strong>demon-</strong></span> 
     </span>
    </p>
   </div>
   <div class='ocr_carea' id='block_1_82' title="bbox 2586 3979 3016 4036">
    <p class='ocr_par' dir='ltr' id='par_1_82' title="bbox 2586 3979 3016 4036">
     <span class='ocr_line' id='line_1_83' title="bbox 2586 3979 3016 4036; baseline 0.002 -1"><span class='ocrx_word' id='word_1_727' title='bbox 2586 3993 2789 4035; x_wconf 74' lang='lat' dir='ltr'><strong>stratur</strong></span> <span class='ocrx_word' id='word_1_728' title='bbox 2821 3979 3016 4036; x_wconf 76' lang='lat' dir='ltr'><strong>Filius.</strong></span> 
     </span>
    </p>
   </div>
   <div class='ocr_carea' id='block_1_83' title="bbox 2083 4115 3607 4188">
    <p class='ocr_par' dir='ltr' id='par_1_83' title="bbox 2083 4115 3607 4188">
     <span class='ocr_line' id='line_1_84' title="bbox 2083 4115 3607 4188; baseline -0.001 -13"><span class='ocrx_word' id='word_1_729' title='bbox 2083 4119 2173 4175; x_wconf 89' lang='lat' dir='ltr'><strong>Sic</strong></span> <span class='ocrx_word' id='word_1_730' title='bbox 2223 4119 2275 4172; x_wconf 92' lang='lat' dir='ltr'><strong>in</strong></span> <span class='ocrx_word' id='word_1_731' title='bbox 2327 4133 2580 4173; x_wconf 89' lang='lat' dir='ltr'><strong>sermone</strong></span> <span class='ocrx_word' id='word_1_732' title='bbox 2641 4117 2947 4187; x_wconf 77' lang='lat' dir='ltr'><strong>tltcologiro</strong></span> <span class='ocrx_word' id='word_1_733' title='bbox 2999 4115 3332 4185; x_wconf 83' lang='lat' dir='ltr'><strong>copulantur</strong></span> <span class='ocrx_word' id='word_1_734' title='bbox 3387 4131 3607 4188; x_wconf 86' lang='lat' dir='ltr'><strong>semper</strong></span> 
     </span>
    </p>
   </div>
   <div class='ocr_carea' id='block_1_84' title="bbox 2006 4210 3604 4280">
    <p class='ocr_par' dir='ltr' id='par_1_84' title="bbox 2006 4210 3604 4280">
     <span class='ocr_line' id='line_1_85' title="bbox 2006 4210 3604 4280; baseline 0 -14"><span class='ocrx_word' id='word_1_735' title='bbox 2006 4223 2142 4276; x_wconf 79' lang='lat' dir='ltr'><strong>erat,</strong></span> <span class='ocrx_word' id='word_1_736' title='bbox 2172 4222 2225 4266; x_wconf 88' lang='lat' dir='ltr'><strong>et</strong></span> <span class='ocrx_word' id='word_1_737' title='bbox 2255 4228 2371 4265; x_wconf 80' lang='lat' dir='ltr'><strong>cum</strong></span> <span class='ocrx_word' id='word_1_738' title='bbox 2402 4222 2556 4274; x_wconf 76' lang='lat' dir='ltr'><strong>esset,</strong></span> <span class='ocrx_word' id='word_1_739' title='bbox 2582 4221 2636 4265; x_wconf 89' lang='lat' dir='ltr'><strong>et</strong></span> <span class='ocrx_word' id='word_1_740' title='bbox 2679 4210 3029 4275; x_wconf 74' lang='lat' dir='ltr'><strong>exsisteitr,et</strong></span> <span class='ocrx_word' id='word_1_741' title='bbox 3055 4220 3150 4263; x_wconf 82' lang='lat' dir='ltr'><strong>est.</strong></span> <span class='ocrx_word' id='word_1_742' title='bbox 3217 4211 3310 4265; x_wconf 75' lang='lat' dir='ltr'><strong>Sic</strong></span> <span class='ocrx_word' id='word_1_743' title='bbox 3366 4212 3604 4280; x_wconf 86' lang='lat' dir='ltr'><strong>seipsum</strong></span> 
     </span>
    </p>
   </div>
   <div class='ocr_carea' id='block_1_85' title="bbox 2012 4303 3606 4387">
    <p class='ocr_par' dir='ltr' id='par_1_85' title="bbox 2012 4303 3606 4387">
     <span class='ocr_line' id='line_1_86' title="bbox 2012 4303 3606 4387; baseline 0.001 -30"><span class='ocrx_word' id='word_1_744' title='bbox 2012 4305 2173 4387; x_wconf 56' lang='lat' dir='ltr'><strong>Deus,</strong></span> <span class='ocrx_word' id='word_1_745' title='bbox 2203 4321 2325 4359; x_wconf 89' lang='lat' dir='ltr'><strong>cum</strong></span> <span class='ocrx_word' id='word_1_746' title='bbox 2348 4320 2543 4374; x_wconf 86' lang='lat' dir='ltr'><strong>magno</strong></span> <span class='ocrx_word' id='word_1_747' title='bbox 2569 4303 2750 4373; x_wconf 85' lang='lat' dir='ltr'><strong>Moyse</strong></span> <span class='ocrx_word' id='word_1_748' title='bbox 2791 4304 3038 4372; x_wconf 88' lang='lat' dir='ltr'><strong>loquens,</strong></span> <span class='ocrx_word' id='word_1_749' title='bbox 3070 4303 3364 4373; x_wconf 86' lang='lat' dir='ltr'><strong>appellavit</strong></span> <span class='ocrx_word' id='word_1_750' title='bbox 3398 4321 3411 4357; x_wconf 93' lang='lat'>:</span> <span class='ocrx_word' id='word_1_751' title='bbox 3447 4322 3465 4355; x_wconf 80' lang='grc' dir='ltr'>ι</span> <span class='ocrx_word' id='word_1_752' title='bbox 3495 4304 3606 4374; x_wconf 79' lang='lat' dir='ltr'><strong>Ego</strong></span> 
     </span>
    </p>
   </div>
   <div class='ocr_carea' id='block_1_86' title="bbox 2008 4396 3602 4467">
    <p class='ocr_par' dir='ltr' id='par_1_86' title="bbox 2008 4396 3602 4467">
     <span class='ocr_line' id='line_1_87' title="bbox 2008 4396 3602 4467; baseline 0 -14"><span class='ocrx_word' id='word_1_753' title='bbox 2008 4413 2126 4453; x_wconf 90' lang='lat' dir='ltr'><strong>sum</strong></span> <span class='ocrx_word' id='word_1_754' title='bbox 2159 4399 2248 4467; x_wconf 89' lang='lat' dir='ltr'><strong>qui</strong></span> <span class='ocrx_word' id='word_1_755' title='bbox 2270 4414 2410 4452; x_wconf 91' lang='lat' dir='ltr'><strong>sum.</strong></span> <span class='ocrx_word' id='word_1_756' title='bbox 2451 4417 2470 4448; x_wconf 73' lang='grc' dir='ltr'>ι</span> <span class='ocrx_word' id='word_1_757' title='bbox 2512 4397 2576 4451; x_wconf 85' lang='lat' dir='ltr'><strong>Et</strong></span> <span class='ocrx_word' id='word_1_758' title='bbox 2603 4403 2726 4451; x_wconf 64' lang='lat' dir='ltr'><strong>mox</strong></span> <span class='ocrx_word' id='word_1_759' title='bbox 2756 4419 2766 4451; x_wconf 88' lang='lat'>:</span> <span class='ocrx_word' id='word_1_760' title='bbox 2809 4415 2826 4446; x_wconf 77' lang='grc' dir='ltr'>ι</span> <span class='ocrx_word' id='word_1_761' title='bbox 2859 4396 2982 4451; x_wconf 66' lang='lat' dir='ltr'><strong>llaec</strong></span> <span class='ocrx_word' id='word_1_762' title='bbox 3015 4397 3163 4451; x_wconf 89' lang='lat' dir='ltr'><strong>dices</strong></span> <span class='ocrx_word' id='word_1_763' title='bbox 3191 4397 3314 4452; x_wconf 80' lang='lat' dir='ltr'><strong>[iliis</strong></span> <span class='ocrx_word' id='word_1_764' title='bbox 3340 4397 3558 4453; x_wconf 86' lang='lat' dir='ltr'><strong>lsraelis</strong></span> <span class='ocrx_word' id='word_1_765' title='bbox 3588 4417 3602 4453; x_wconf 92' lang='lat'><strong>:</strong></span> 
     </span>
    </p>
   </div>
   <div class='ocr_carea' id='block_1_87' title="bbox 2007 4489 3603 4560">
    <p class='ocr_par' dir='ltr' id='par_1_87' title="bbox 2007 4489 3603 4560">
     <span class='ocr_line' id='line_1_88' title="bbox 2007 4489 3603 4560; baseline 0.002 -17"><span class='ocrx_word' id='word_1_766' title='bbox 2007 4489 2110 4556; x_wconf 87' lang='lat' dir='ltr'><strong>Qui</strong></span> <span class='ocrx_word' id='word_1_767' title='bbox 2143 4498 2225 4546; x_wconf 89' lang='lat' dir='ltr'><strong>est</strong></span> <span class='ocrx_word' id='word_1_768' title='bbox 2258 4491 2402 4545; x_wconf 85' lang='lat' dir='ltr'><strong>misit</strong></span> <span class='ocrx_word' id='word_1_769' title='bbox 2433 4506 2517 4546; x_wconf 83' lang='lat' dir='ltr'><strong>me</strong></span> <span class='ocrx_word' id='word_1_770' title='bbox 2561 4492 2626 4544; x_wconf 86' lang='lat' dir='ltr'><strong>ad</strong></span> <span class='ocrx_word' id='word_1_771' title='bbox 2659 4506 2758 4544; x_wconf 86' lang='lat' dir='ltr'><strong>vos</strong></span> <span class='ocrx_word' id='word_1_772' title='bbox 2796 4491 2836 4545; x_wconf 80' lang='grc'><strong>⁸.</strong></span> <span class='ocrx_word' id='word_1_773' title='bbox 2889 4509 2908 4542; x_wconf 72' lang='grc' dir='ltr'>δ</span> <span class='ocrx_word' id='word_1_774' title='bbox 2943 4489 3063 4544; x_wconf 78' lang='lat' dir='ltr'><strong>1am</strong></span> <span class='ocrx_word' id='word_1_775' title='bbox 3118 4505 3250 4546; x_wconf 86' lang='lat' dir='ltr'><strong>vero</strong></span> <span class='ocrx_word' id='word_1_776' title='bbox 3307 4492 3451 4560; x_wconf 91' lang='lat' dir='ltr'><strong>quod</strong></span> <span class='ocrx_word' id='word_1_777' title='bbox 3489 4492 3603 4546; x_wconf 69' lang='lat' dir='ltr'><strong>hanc</strong></span> 
     </span>
    </p>
   </div>
   <div class='ocr_carea' id='block_1_88' title="bbox 2008 4581 3603 4655">
    <p class='ocr_par' dir='ltr' id='par_1_88' title="bbox 2008 4581 3603 4655">
     <span class='ocr_line' id='line_1_89' title="bbox 2008 4581 3603 4655; baseline 0.002 -20"><span class='ocrx_word' id='word_1_778' title='bbox 2008 4581 2126 4635; x_wconf 77' lang='lat' dir='ltr'><strong>Filii</strong></span> <span class='ocrx_word' id='word_1_779' title='bbox 2159 4582 2323 4634; x_wconf 86' lang='lat' dir='ltr'><strong>verba</strong></span> <span class='ocrx_word' id='word_1_780' title='bbox 2355 4582 2486 4644; x_wconf 82' lang='lat' dir='ltr'><strong>sint,</strong></span> <span class='ocrx_word' id='word_1_781' title='bbox 2506 4591 2776 4636; x_wconf 86' lang='lat' dir='ltr'><strong>testantur</strong></span> <span class='ocrx_word' id='word_1_782' title='bbox 2805 4583 2902 4651; x_wconf 91' lang='lat' dir='ltr'><strong>ipsi</strong></span> <span class='ocrx_word' id='word_1_783' title='bbox 2929 4581 3280 4651; x_wconf 63' lang='lat' dir='ltr'><strong>blasphemia}</strong></span> <span class='ocrx_word' id='word_1_784' title='bbox 3299 4584 3603 4655; x_wconf 85' lang='lat' dir='ltr'><strong>antesigna-</strong></span> 
     </span>
    </p>
   </div>
   <div class='ocr_carea' id='block_1_89' title="bbox 2008 4672 3600 4743">
    <p class='ocr_par' dir='ltr' id='par_1_89' title="bbox 2008 4672 3600 4743">
     <span class='ocr_line' id='line_1_90' title="bbox 2008 4672 3600 4743; baseline 0.003 -17"><span class='ocrx_word' id='word_1_785' title='bbox 2008 4673 2085 4739; x_wconf 89' lang='lat' dir='ltr'><strong>ni,</strong></span> <span class='ocrx_word' id='word_1_786' title='bbox 2113 4672 2202 4743; x_wconf 92' lang='lat' dir='ltr'><strong>qui</strong></span> <span class='ocrx_word' id='word_1_787' title='bbox 2235 4672 2449 4728; x_wconf 85' lang='lat' dir='ltr'><strong>Patrem</strong></span> <span class='ocrx_word' id='word_1_788' title='bbox 2476 4673 3082 4743; x_wconf 80' lang='lat' dir='ltr'><strong>incomprehensibilern</strong></span> <span class='ocrx_word' id='word_1_789' title='bbox 3127 4675 3339 4740; x_wconf 90' lang='lat' dir='ltr'><strong>dicunt,</strong></span> <span class='ocrx_word' id='word_1_790' title='bbox 3401 4675 3600 4730; x_wconf 82' lang='lat' dir='ltr'><strong>Filium</strong></span> 
     </span>
    </p>
   </div>
   <div class='ocr_carea' id='block_1_90' title="bbox 306 4747 1904 4840">
    <p class='ocr_par' dir='ltr' id='par_1_90' title="bbox 306 4747 1897 4833">
     <span class='ocr_line' id='line_1_91' title="bbox 306 4747 1897 4833; baseline 0.014 -35"><span class='ocrx_word' id='word_1_791' title='bbox 306 4747 528 4819; x_wconf 86' lang='grc' dir='ltr'>Πατέρα</span> <span class='ocrx_word' id='word_1_792' title='bbox 554 4748 822 4817; x_wconf 80' lang='grc' dir='ltr'>λέγοντες,</span> <span class='ocrx_word' id='word_1_793' title='bbox 845 4753 1071 4824; x_wconf 85' lang='grc' dir='ltr'>μεσίτην</span> <span class='ocrx_word' id='word_1_794' title='bbox 1097 4755 1152 4809; x_wconf 84' lang='grc' dir='ltr'>δὲ</span> <span class='ocrx_word' id='word_1_795' title='bbox 1172 4756 1267 4809; x_wconf 87' lang='grc' dir='ltr'>τοῦ</span> <span class='ocrx_word' id='word_1_796' title='bbox 1293 4759 1507 4832; x_wconf 82' lang='grc' dir='ltr'>Πατρὸς</span> <span class='ocrx_word' id='word_1_797' title='bbox 1535 4763 1628 4816; x_wconf 68' lang='grc' dir='ltr'><strong>κα)⁸</strong></span> <span class='ocrx_word' id='word_1_798' title='bbox 1653 4764 1752 4833; x_wconf 85' lang='grc' dir='ltr'>τῆς</span> <span class='ocrx_word' id='word_1_799' title='bbox 1778 4767 1897 4819; x_wconf 85' lang='grc' dir='ltr'>κτί-</span> 
     </span>
    </p>
   </div>
   <div class='ocr_carea' id='block_1_91' title="bbox 2014 4747 3596 4840">
    <p class='ocr_par' dir='ltr' id='par_1_91' title="bbox 2014 4764 3596 4840">
     <span class='ocr_line' id='line_1_92' title="bbox 2014 4764 3596 4840; baseline 0.003 -20"><span class='ocrx_word' id='word_1_800' title='bbox 2014 4775 2184 4821; x_wconf 76' lang='lat' dir='ltr'><strong>autem</strong></span> <span class='ocrx_word' id='word_1_801' title='bbox 2215 4766 2357 4820; x_wconf 90' lang='lat' dir='ltr'><strong>inter</strong></span> <span class='ocrx_word' id='word_1_802' title='bbox 2398 4764 2615 4820; x_wconf 87' lang='lat' dir='ltr'><strong>Patrem</strong></span> <span class='ocrx_word' id='word_1_803' title='bbox 2675 4779 3096 4836; x_wconf 84' lang='lat' dir='ltr'><strong>creaturamquc</strong></span> <span class='ocrx_word' id='word_1_804' title='bbox 3147 4769 3383 4823; x_wconf 89' lang='lat' dir='ltr'><strong>medium</strong></span> <span class='ocrx_word' id='word_1_805' title='bbox 3409 4769 3596 4840; x_wconf 85' lang='lat' dir='ltr'><strong>appel-</strong></span> 
     </span>
    </p>
   </div>
   <div class='ocr_carea' id='block_1_92' title="bbox 306 4841 1895 4920">
    <p class='ocr_par' dir='ltr' id='par_1_92' title="bbox 306 4841 1895 4920">
     <span class='ocr_line' id='line_1_93' title="bbox 306 4841 1895 4920; baseline 0.013 -29"><span class='ocrx_word' id='word_1_806' title='bbox 306 4855 446 4902; x_wconf 85' lang='grc' dir='ltr'>σεως</span> <span class='ocrx_word' id='word_1_807' title='bbox 490 4841 583 4894; x_wconf 79' lang='grc' dir='ltr'>τὸν</span> <span class='ocrx_word' id='word_1_808' title='bbox 620 4843 746 4895; x_wconf 69' lang='grc' dir='ltr'>Τίον</span> <span class='ocrx_word' id='word_1_809' title='bbox 798 4844 1225 4911; x_wconf 80' lang='grc' dir='ltr'>ἀποκαλοῦντες,</span> <span class='ocrx_word' id='word_1_810' title='bbox 1264 4851 1356 4904; x_wconf 73' lang='grc' dir='ltr'><strong>καὶ</strong></span> <span class='ocrx_word' id='word_1_811' title='bbox 1386 4851 1688 4920; x_wconf 79' lang='grc' dir='ltr'>φάσκοντες</span> <span class='ocrx_word' id='word_1_812' title='bbox 1732 4858 1895 4911; x_wconf 84' lang='grc' dir='ltr'>αὑτὸν</span> 
     </span>
    </p>
   </div>
   <div class='ocr_carea' id='block_1_93' title="bbox 304 4934 1894 5015">
    <p class='ocr_par' dir='ltr' id='par_1_93' title="bbox 304 4934 1894 5015">
     <span class='ocr_line' id='line_1_94' title="bbox 304 4934 1894 5015; baseline 0.013 -31"><span class='ocrx_word' id='word_1_813' title='bbox 304 4934 417 4995; x_wconf 81' lang='grc' dir='ltr'>τοῖς</span> <span class='ocrx_word' id='word_1_814' title='bbox 448 4934 817 5004; x_wconf 84' lang='grc' dir='ltr'>πατριάρχαις</span> <span class='ocrx_word' id='word_1_815' title='bbox 841 4938 935 4990; x_wconf 72' lang='grc' dir='ltr'>καὶ</span> <span class='ocrx_word' id='word_1_816' title='bbox 964 4941 1075 5001; x_wconf 83' lang='grc' dir='ltr'>τοῖς</span> <span class='ocrx_word' id='word_1_817' title='bbox 1111 4941 1417 5012; x_wconf 79' lang='grc' dir='ltr'>προφήταις</span> <span class='ocrx_word' id='word_1_818' title='bbox 1450 4945 1684 5015; x_wconf 72' lang='grc' dir='ltr'>ὀφθῆναί</span> <span class='ocrx_word' id='word_1_819' title='bbox 1715 4965 1774 5001; x_wconf 86' lang='grc' dir='ltr'>τε</span> <span class='ocrx_word' id='word_1_820' title='bbox 1800 4952 1894 5004; x_wconf 70' lang='grc' dir='ltr'>καὶ</span> 
     </span>
    </p>
   </div>
   <div class='ocr_carea' id='block_1_94' title="bbox 303 5022 1893 5107">
    <p class='ocr_par' dir='ltr' id='par_1_94' title="bbox 303 5022 1893 5107">
     <span class='ocr_line' id='line_1_95' title="bbox 303 5022 1893 5107; baseline 0.013 -31"><span class='ocrx_word' id='word_1_821' title='bbox 303 5022 684 5094; x_wconf 78' lang='grc' dir='ltr'>διαλεχθῆναιο</span> <span class='ocrx_word' id='word_1_822' title='bbox 726 5028 914 5097; x_wconf 81' lang='grc' dir='ltr'>σαφῶς</span> <span class='ocrx_word' id='word_1_823' title='bbox 961 5029 1017 5083; x_wconf 88' lang='grc' dir='ltr'>δὲ</span> <span class='ocrx_word' id='word_1_824' title='bbox 1067 5032 1215 5102; x_wconf 78' lang='grc' dir='ltr'>ἡμᾶς</span> <span class='ocrx_word' id='word_1_825' title='bbox 1258 5035 1422 5100; x_wconf 79' lang='grc' dir='ltr'>αὐτὸς</span> <span class='ocrx_word' id='word_1_826' title='bbox 1468 5038 1497 5089; x_wconf 90' lang='lat'><strong>6</strong></span> <span class='ocrx_word' id='word_1_827' title='bbox 1541 5038 1674 5104; x_wconf 82' lang='grc' dir='ltr'>Θεὸς</span> <span class='ocrx_word' id='word_1_828' title='bbox 1721 5042 1893 5107; x_wconf 87' lang='grc' dir='ltr'>Λόγος</span> 
     </span>
    </p>
   </div>
   <div class='ocr_carea' id='block_1_95' title="bbox 203 5115 1893 5201">
    <p class='ocr_par' dir='ltr' id='par_1_95' title="bbox 203 5115 1893 5201">
     <span class='ocr_line' id='line_1_96' title="bbox 203 5115 1893 5201; baseline 0.015 -36"><span class='ocrx_word' id='word_1_829' title='bbox 203 5196 220 5201; x_wconf 37' lang='grc' dir='ltr'><strong><em>ο</em></strong></span> <span class='ocrx_word' id='word_1_830' title='bbox 303 5115 544 5168; x_wconf 71' lang='grc' dir='ltr'>διδάσκει</span> <span class='ocrx_word' id='word_1_831' title='bbox 571 5117 656 5171; x_wconf 85' lang='grc' dir='ltr'>διὰ</span> <span class='ocrx_word' id='word_1_832' title='bbox 695 5119 960 5191; x_wconf 82' lang='grc' dir='ltr'>Ἱερεμίου</span> <span class='ocrx_word' id='word_1_833' title='bbox 998 5122 1093 5177; x_wconf 87' lang='grc' dir='ltr'>τοῦ</span> <span class='ocrx_word' id='word_1_834' title='bbox 1142 5127 1426 5198; x_wconf 78' lang='grc' dir='ltr'>προφήτου</span> <span class='ocrx_word' id='word_1_835' title='bbox 1475 5129 1686 5200; x_wconf 80' lang='grc' dir='ltr'>λέγων·</span> <span class='ocrx_word' id='word_1_836' title='bbox 1730 5153 1749 5186; x_wconf 77' lang='grc' dir='ltr'>ι</span> <span class='ocrx_word' id='word_1_837' title='bbox 1801 5138 1893 5191; x_wconf 84' lang='grc' dir='ltr'>Ἐν</span> 
     </span>
    </p>
   </div>
   <div class='ocr_carea' id='block_1_96' title="bbox 305 5207 1892 5296">
    <p class='ocr_par' dir='ltr' id='par_1_96' title="bbox 305 5207 1892 5296">
     <span class='ocr_line' id='line_1_97' title="bbox 305 5207 1892 5296; baseline 0.015 -39"><span class='ocrx_word' id='word_1_838' title='bbox 305 5210 422 5270; x_wconf 82' lang='grc' dir='ltr'>ταῖς</span> <span class='ocrx_word' id='word_1_839' title='bbox 454 5207 687 5279; x_wconf 82' lang='grc' dir='ltr'>ἡμέραις</span> <span class='ocrx_word' id='word_1_840' title='bbox 717 5211 975 5279; x_wconf 73' lang='grc' dir='ltr'>ἐκείναις,</span> <span class='ocrx_word' id='word_1_841' title='bbox 1006 5219 1101 5268; x_wconf 72' lang='grc' dir='ltr'>καὶ</span> <span class='ocrx_word' id='word_1_842' title='bbox 1124 5216 1182 5268; x_wconf 77' lang='grc' dir='ltr'>ἐν</span> <span class='ocrx_word' id='word_1_843' title='bbox 1218 5217 1296 5288; x_wconf 82' lang='grc' dir='ltr'>τῷ</span> <span class='ocrx_word' id='word_1_844' title='bbox 1331 5221 1509 5292; x_wconf 85' lang='grc' dir='ltr'>καιρῷ</span> <span class='ocrx_word' id='word_1_845' title='bbox 1541 5225 1732 5296; x_wconf 80' lang='grc' dir='ltr'>ἐκείνῳ</span> <span class='ocrx_word' id='word_1_846' title='bbox 1773 5227 1892 5281; x_wconf 89' lang='grc' dir='ltr'>δια-</span> 
     </span>
    </p>
   </div>
   <div class='ocr_carea' id='block_1_97' title="bbox 305 5299 1890 5394">
    <p class='ocr_par' dir='ltr' id='par_1_97' title="bbox 305 5299 1890 5394">
     <span class='ocr_line' id='line_1_98' title="bbox 305 5299 1890 5394; baseline 0.016 -43"><span class='ocrx_word' id='word_1_847' title='bbox 305 5299 544 5372; x_wconf 78' lang='grc' dir='ltr'>θήσομαι</span> <span class='ocrx_word' id='word_1_848' title='bbox 573 5303 649 5374; x_wconf 80' lang='grc' dir='ltr'>τῷ</span> <span class='ocrx_word' id='word_1_849' title='bbox 677 5307 812 5372; x_wconf 81' lang='grc' dir='ltr'>οἴκῳ</span> <span class='ocrx_word' id='word_1_850' title='bbox 855 5309 1090 5380; x_wconf 81' lang='grc' dir='ltr'>Ἰσραὴλ,</span> <span class='ocrx_word' id='word_1_851' title='bbox 1121 5313 1212 5366; x_wconf 75' lang='grc' dir='ltr'>καὶ</span> <span class='ocrx_word' id='word_1_852' title='bbox 1231 5312 1311 5384; x_wconf 83' lang='grc' dir='ltr'><strong>τῷ</strong></span> <span class='ocrx_word' id='word_1_853' title='bbox 1332 5315 1465 5386; x_wconf 78' lang='grc' dir='ltr'>οἴκῳ</span> <span class='ocrx_word' id='word_1_854' title='bbox 1507 5319 1675 5373; x_wconf 76' lang='grc' dir='ltr'>Ἰούδα</span> <span class='ocrx_word' id='word_1_855' title='bbox 1696 5321 1890 5394; x_wconf 86' lang='grc' dir='ltr'>διαθή-</span> 
     </span>
    </p>
   </div>
   <div class='ocr_carea' id='block_1_98' title="bbox 305 5395 1891 5485">
    <p class='ocr_par' dir='ltr' id='par_1_98' title="bbox 305 5395 1891 5485">
     <span class='ocr_line' id='line_1_99' title="bbox 305 5395 1891 5485; baseline 0.016 -42"><span class='ocrx_word' id='word_1_856' title='bbox 305 5409 408 5463; x_wconf 81' lang='grc' dir='ltr'><strong>κην</strong></span> <span class='ocrx_word' id='word_1_857' title='bbox 431 5395 645 5467; x_wconf 76' lang='grc' dir='ltr'>καινὴν,</span> <span class='ocrx_word' id='word_1_858' title='bbox 680 5397 738 5450; x_wconf 83' lang='grc' dir='ltr'>οὐ</span> <span class='ocrx_word' id='word_1_859' title='bbox 772 5400 914 5453; x_wconf 84' lang='grc' dir='ltr'><strong>κατά</strong></span> <span class='ocrx_word' id='word_1_860' title='bbox 948 5400 1046 5474; x_wconf 79' lang='grc' dir='ltr'>τὴν</span> <span class='ocrx_word' id='word_1_861' title='bbox 1074 5402 1340 5475; x_wconf 81' lang='grc' dir='ltr'>διαθήκην</span> <span class='ocrx_word' id='word_1_862' title='bbox 1378 5407 1444 5478; x_wconf 84' lang='grc' dir='ltr'>ῆν</span> <span class='ocrx_word' id='word_1_863' title='bbox 1479 5408 1739 5485; x_wconf 84' lang='grc' dir='ltr'>διεθέμην</span> <span class='ocrx_word' id='word_1_864' title='bbox 1777 5418 1891 5480; x_wconf 84' lang='grc' dir='ltr'>τοῖς</span> 
     </span>
    </p>
   </div>
   <div class='ocr_carea' id='block_1_99' title="bbox 306 5487 1890 5578">
    <p class='ocr_par' dir='ltr' id='par_1_99' title="bbox 306 5487 1890 5578">
     <span class='ocr_line' id='line_1_100' title="bbox 306 5487 1890 5578; baseline 0.015 -42"><span class='ocrx_word' id='word_1_865' title='bbox 306 5487 580 5556; x_wconf 81' lang='grc' dir='ltr'>πατράσιν</span> <span class='ocrx_word' id='word_1_866' title='bbox 624 5489 804 5544; x_wconf 78' lang='grc' dir='ltr'>αὐτῶν</span> <span class='ocrx_word' id='word_1_867' title='bbox 849 5493 906 5544; x_wconf 82' lang='grc' dir='ltr'>ὲν</span> <span class='ocrx_word' id='word_1_868' title='bbox 939 5494 1172 5565; x_wconf 81' lang='grc' dir='ltr'>ἡμέραις</span> <span class='ocrx_word' id='word_1_869' title='bbox 1226 5498 1620 5572; x_wconf 78' lang='grc' dir='ltr'>ἐπιλαϐομένου</span> <span class='ocrx_word' id='word_1_870' title='bbox 1660 5523 1763 5574; x_wconf 88' lang='grc' dir='ltr'><strong>μου</strong></span> <span class='ocrx_word' id='word_1_871' title='bbox 1791 5507 1890 5578; x_wconf 85' lang='grc' dir='ltr'>τῆς</span> 
     </span>
    </p>
   </div>
   <div class='ocr_carea' id='block_1_100' title="bbox 307 5578 1883 5665">
    <p class='ocr_par' dir='ltr' id='par_1_100' title="bbox 307 5578 1883 5665">
     <span class='ocr_line' id='line_1_101' title="bbox 307 5578 1883 5665; baseline 0.016 -37"><span class='ocrx_word' id='word_1_872' title='bbox 307 5578 490 5647; x_wconf 74' lang='grc' dir='ltr'>χειρὸς</span> <span class='ocrx_word' id='word_1_873' title='bbox 517 5579 699 5635; x_wconf 83' lang='grc' dir='ltr'>αὐτῶν</span> <span class='ocrx_word' id='word_1_874' title='bbox 729 5581 1016 5653; x_wconf 79' lang='grc' dir='ltr'>ἐξαγαγεῖν</span> <span class='ocrx_word' id='word_1_875' title='bbox 1048 5587 1248 5653; x_wconf 79' lang='grc' dir='ltr'>αὐτοὺς</span> <span class='ocrx_word' id='word_1_876' title='bbox 1288 5590 1352 5644; x_wconf 72' lang='grc' dir='ltr'>ἐκ</span> <span class='ocrx_word' id='word_1_877' title='bbox 1393 5593 1490 5663; x_wconf 85' lang='grc' dir='ltr'>τῆς</span> <span class='ocrx_word' id='word_1_878' title='bbox 1528 5595 1828 5665; x_wconf 78' lang='grc' dir='ltr'>Αἰγύπτου.</span> <span class='ocrx_word' id='word_1_879' title='bbox 1863 5619 1883 5653; x_wconf 73' lang='grc' dir='ltr'><strong>ι</strong></span> 
     </span>
    </p>
   </div>
   <div class='ocr_carea' id='block_1_101' title="bbox 2004 4858 3603 4934">
    <p class='ocr_par' dir='ltr' id='par_1_101' title="bbox 2004 4858 3603 4934">
     <span class='ocr_line' id='line_1_102' title="bbox 2004 4858 3603 4934; baseline 0.002 -22"><span class='ocrx_word' id='word_1_880' title='bbox 2004 4858 2140 4924; x_wconf 88' lang='lat' dir='ltr'><strong>lant,</strong></span> <span class='ocrx_word' id='word_1_881' title='bbox 2171 4860 2468 4930; x_wconf 74' lang='lat' dir='ltr'><strong>dicuntque</strong></span> <span class='ocrx_word' id='word_1_882' title='bbox 2507 4860 2683 4928; x_wconf 89' lang='lat' dir='ltr'><strong>ipsum</strong></span> <span class='ocrx_word' id='word_1_883' title='bbox 2711 4861 3040 4929; x_wconf 84' lang='lat' dir='ltr'><strong>patriarchis</strong></span> <span class='ocrx_word' id='word_1_884' title='bbox 3096 4870 3152 4914; x_wconf 90' lang='lat' dir='ltr'><strong>et</strong></span> <span class='ocrx_word' id='word_1_885' title='bbox 3199 4860 3481 4930; x_wconf 86' lang='lat' dir='ltr'><strong>prophetis</strong></span> <span class='ocrx_word' id='word_1_886' title='bbox 3505 4875 3603 4934; x_wconf 79' lang='lat' dir='ltr'><strong>ap-</strong></span> 
     </span>
    </p>
   </div>
   <div class='ocr_carea' id='block_1_102' title="bbox 2002 4952 3602 5023">
    <p class='ocr_par' dir='ltr' id='par_1_102' title="bbox 2002 4952 3602 5023">
     <span class='ocr_line' id='line_1_103' title="bbox 2002 4952 3602 5023; baseline 0.002 -17"><span class='ocrx_word' id='word_1_887' title='bbox 2002 4953 2252 5023; x_wconf 86' lang='lat' dir='ltr'><strong>paruisse</strong></span> <span class='ocrx_word' id='word_1_888' title='bbox 2283 4967 2406 5008; x_wconf 92' lang='lat' dir='ltr'><strong>cum</strong></span> <span class='ocrx_word' id='word_1_889' title='bbox 2438 4953 2614 5023; x_wconf 86' lang='lat' dir='ltr'><strong>iisque</strong></span> <span class='ocrx_word' id='word_1_890' title='bbox 2643 4952 2901 5008; x_wconf 90' lang='lat' dir='ltr'><strong>locutum.</strong></span> <span class='ocrx_word' id='word_1_891' title='bbox 2965 4952 3248 5008; x_wconf 71' lang='lat' dir='ltr'><strong>Madifesue</strong></span> <span class='ocrx_word' id='word_1_892' title='bbox 3310 4968 3439 5009; x_wconf 80' lang='lat' dir='ltr'><strong>vero</strong></span> <span class='ocrx_word' id='word_1_893' title='bbox 3502 4969 3602 5009; x_wconf 89' lang='lat' dir='ltr'><strong>nos</strong></span> 
     </span>
    </p>
   </div>
   <div class='ocr_carea' id='block_1_103' title="bbox 2004 5043 3597 5116">
    <p class='ocr_par' dir='ltr' id='par_1_103' title="bbox 2004 5043 3597 5116">
     <span class='ocr_line' id='line_1_104' title="bbox 2004 5043 3597 5116; baseline 0.001 -18"><span class='ocrx_word' id='word_1_894' title='bbox 2004 5044 2119 5114; x_wconf 89' lang='lat' dir='ltr'><strong>ipse</strong></span> <span class='ocrx_word' id='word_1_895' title='bbox 2152 5044 2293 5099; x_wconf 89' lang='lat' dir='ltr'><strong>Deus</strong></span> <span class='ocrx_word' id='word_1_896' title='bbox 2331 5044 2567 5099; x_wconf 90' lang='lat' dir='ltr'><strong>Verbum</strong></span> <span class='ocrx_word' id='word_1_897' title='bbox 2599 5046 2763 5100; x_wconf 91' lang='lat' dir='ltr'><strong>docet</strong></span> <span class='ocrx_word' id='word_1_898' title='bbox 2793 5061 2889 5114; x_wconf 89' lang='lat' dir='ltr'><strong>per</strong></span> <span class='ocrx_word' id='word_1_899' title='bbox 2919 5043 3216 5101; x_wconf 86' lang='lat' dir='ltr'><strong>Jcremiam</strong></span> <span class='ocrx_word' id='word_1_900' title='bbox 3280 5045 3597 5116; x_wconf 84' lang='lat' dir='ltr'><strong>prophetam</strong></span> 
     </span>
    </p>
   </div>
   <div class='ocr_carea' id='block_1_104' title="bbox 2002 5136 3596 5208">
    <p class='ocr_par' dir='ltr' id='par_1_104' title="bbox 2002 5136 3596 5208">
     <span class='ocr_line' id='line_1_105' title="bbox 2002 5136 3596 5208; baseline 0.001 -16"><span class='ocrx_word' id='word_1_901' title='bbox 2002 5138 2229 5192; x_wconf 90' lang='lat' dir='ltr'><strong>dicens:</strong></span> <span class='ocrx_word' id='word_1_902' title='bbox 2265 5155 2284 5189; x_wconf 83' lang='grc' dir='ltr'>ι</span> <span class='ocrx_word' id='word_1_903' title='bbox 2335 5137 2533 5192; x_wconf 88' lang='lat' dir='ltr'><strong>Diebus</strong></span> <span class='ocrx_word' id='word_1_904' title='bbox 2559 5137 2686 5203; x_wconf 87' lang='lat' dir='ltr'><strong>illis,</strong></span> <span class='ocrx_word' id='word_1_905' title='bbox 2729 5136 2932 5208; x_wconf 90' lang='lat' dir='ltr'><strong>illoque</strong></span> <span class='ocrx_word' id='word_1_906' title='bbox 2959 5148 3202 5207; x_wconf 87' lang='lat' dir='ltr'><strong>tempore</strong></span> <span class='ocrx_word' id='word_1_907' title='bbox 3255 5138 3448 5192; x_wconf 81' lang='lat' dir='ltr'><strong>feriam</strong></span> <span class='ocrx_word' id='word_1_908' title='bbox 3473 5153 3596 5194; x_wconf 90' lang='lat' dir='ltr'><strong>cum</strong></span> 
     </span>
    </p>
   </div>
   <div class='ocr_carea' id='block_1_105' title="bbox 2001 5229 3596 5299">
    <p class='ocr_par' dir='ltr' id='par_1_105' title="bbox 2001 5229 3596 5299">
     <span class='ocr_line' id='line_1_106' title="bbox 2001 5229 3596 5299; baseline 0.001 -15"><span class='ocrx_word' id='word_1_909' title='bbox 2001 5229 2214 5286; x_wconf 83' lang='lat' dir='ltr'><strong>lsraelis</strong></span> <span class='ocrx_word' id='word_1_910' title='bbox 2247 5232 2430 5295; x_wconf 83' lang='lat' dir='ltr'><strong>domo,</strong></span> <span class='ocrx_word' id='word_1_911' title='bbox 2463 5239 2516 5287; x_wconf 89' lang='lat' dir='ltr'><strong>et</strong></span> <span class='ocrx_word' id='word_1_912' title='bbox 2566 5247 2689 5285; x_wconf 90' lang='lat' dir='ltr'><strong>cum</strong></span> <span class='ocrx_word' id='word_1_913' title='bbox 2747 5229 2899 5287; x_wconf 71' lang='lat' dir='ltr'><strong>Judte</strong></span> <span class='ocrx_word' id='word_1_914' title='bbox 2935 5232 3097 5287; x_wconf 89' lang='lat' dir='ltr'><strong>domo</strong></span> <span class='ocrx_word' id='word_1_915' title='bbox 3142 5247 3339 5286; x_wconf 87' lang='lat' dir='ltr'><strong>novqu</strong></span> <span class='ocrx_word' id='word_1_916' title='bbox 3395 5232 3596 5299; x_wconf 65' lang='lat' dir='ltr'><strong>foedus,</strong></span> 
     </span>
    </p>
   </div>
   <div class='ocr_carea' id='block_1_106' title="bbox 2000 5322 3596 5394">
    <p class='ocr_par' dir='ltr' id='par_1_106' title="bbox 2000 5322 3596 5394">
     <span class='ocr_line' id='line_1_107' title="bbox 2000 5322 3596 5394; baseline 0.002 -17"><span class='ocrx_word' id='word_1_917' title='bbox 2000 5337 2107 5377; x_wconf 87' lang='lat' dir='ltr'><strong>non</strong></span> <span class='ocrx_word' id='word_1_918' title='bbox 2151 5322 2303 5391; x_wconf 65' lang='lat' dir='ltr'><strong>quIa</strong></span> <span class='ocrx_word' id='word_1_919' title='bbox 2365 5322 2544 5380; x_wconf 74' lang='lat' dir='ltr'><strong>foedus</strong></span> <span class='ocrx_word' id='word_1_920' title='bbox 2606 5326 2749 5394; x_wconf 86' lang='lat' dir='ltr'><strong>quod</strong></span> <span class='ocrx_word' id='word_1_921' title='bbox 2809 5340 2936 5380; x_wconf 89' lang='lat' dir='ltr'><strong>cum</strong></span> <span class='ocrx_word' id='word_1_922' title='bbox 2996 5323 3209 5379; x_wconf 87' lang='lat' dir='ltr'><strong>illorum</strong></span> <span class='ocrx_word' id='word_1_923' title='bbox 3277 5327 3596 5394; x_wconf 86' lang='lat' dir='ltr'><strong>parentibus</strong></span> 
     </span>
    </p>
   </div>
   <div class='ocr_carea' id='block_1_107' title="bbox 2000 5412 3596 5487">
    <p class='ocr_par' dir='ltr' id='par_1_107' title="bbox 2000 5412 3596 5487">
     <span class='ocr_line' id='line_1_108' title="bbox 2000 5412 3596 5487; baseline 0.003 -18"><span class='ocrx_word' id='word_1_924' title='bbox 2000 5412 2208 5485; x_wconf 77' lang='lat' dir='ltr'><strong>pepigi,</strong></span> <span class='ocrx_word' id='word_1_925' title='bbox 2258 5425 2501 5485; x_wconf 78' lang='lat' dir='ltr'><strong>tempore</strong></span> <span class='ocrx_word' id='word_1_926' title='bbox 2547 5433 2652 5485; x_wconf 88' lang='lat' dir='ltr'><strong>quo</strong></span> <span class='ocrx_word' id='word_1_927' title='bbox 2715 5434 2876 5472; x_wconf 91' lang='lat' dir='ltr'><strong>manu</strong></span> <span class='ocrx_word' id='word_1_928' title='bbox 2904 5434 3026 5473; x_wconf 88' lang='lat' dir='ltr'><strong>mea</strong></span> <span class='ocrx_word' id='word_1_929' title='bbox 3080 5427 3268 5487; x_wconf 87' lang='lat' dir='ltr'><strong>captos</strong></span> <span class='ocrx_word' id='word_1_930' title='bbox 3334 5419 3477 5486; x_wconf 88' lang='lat' dir='ltr'><strong>ipsos</strong></span> <span class='ocrx_word' id='word_1_931' title='bbox 3527 5418 3596 5474; x_wconf 89' lang='lat' dir='ltr'><strong>de</strong></span> 
     </span>
    </p>
   </div>
   <div class='ocr_carea' id='block_1_108' title="bbox 1999 5512 3595 5587">
    <p class='ocr_par' dir='ltr' id='par_1_108' title="bbox 1999 5512 3595 5587">
     <span class='ocr_line' id='line_1_109' title="bbox 1999 5512 3595 5587; baseline 0.002 -19"><span class='ocrx_word' id='word_1_932' title='bbox 1999 5515 2221 5584; x_wconf 79' lang='lat' dir='ltr'><strong>regione</strong></span> <span class='ocrx_word' id='word_1_933' title='bbox 2257 5512 2476 5586; x_wconf 64' lang='lat' dir='ltr'><strong>Egypti</strong></span> <span class='ocrx_word' id='word_1_934' title='bbox 2506 5517 2696 5570; x_wconf 79' lang='lat' dir='ltr'><strong>reduxi</strong></span> <span class='ocrx_word' id='word_1_935' title='bbox 2735 5519 2778 5571; x_wconf 84' lang='grc'><strong>⁷.</strong></span> <span class='ocrx_word' id='word_1_936' title='bbox 2823 5536 2842 5571; x_wconf 70' lang='grc' dir='ltr'>ι</span> <span class='ocrx_word' id='word_1_937' title='bbox 2875 5517 3196 5584; x_wconf 65' lang='lat' dir='ltr'><strong>Quaeramus</strong></span> <span class='ocrx_word' id='word_1_938' title='bbox 3231 5516 3416 5584; x_wconf 88' lang='lat' dir='ltr'><strong>itaque</strong></span> <span class='ocrx_word' id='word_1_939' title='bbox 3469 5518 3595 5587; x_wconf 91' lang='lat' dir='ltr'><strong>quis</strong></span> 
     </span>
    </p>
   </div>
   <div class='ocr_carea' id='block_1_109' title="bbox 1996 5609 3596 5680">
    <p class='ocr_par' dir='ltr' id='par_1_109' title="bbox 1996 5609 3596 5680">
     <span class='ocr_line' id='line_1_110' title="bbox 1996 5609 3596 5680; baseline 0.004 -20"><span class='ocrx_word' id='word_1_940' title='bbox 1996 5622 2196 5662; x_wconf 85' lang='lat' dir='ltr'><strong>novum</strong></span> <span class='ocrx_word' id='word_1_941' title='bbox 2256 5609 2436 5664; x_wconf 75' lang='lat' dir='ltr'><strong>l&#39;trdus</strong></span> <span class='ocrx_word' id='word_1_942' title='bbox 2498 5609 2804 5664; x_wconf 85' lang='lat' dir='ltr'><strong>tradiderit.</strong></span> <span class='ocrx_word' id='word_1_943' title='bbox 2865 5609 3054 5666; x_wconf 76' lang='lat' dir='ltr'><strong>Nonne</strong></span> <span class='ocrx_word' id='word_1_944' title='bbox 3127 5610 3381 5666; x_wconf 88' lang='lat' dir='ltr'><strong>omnibus</strong></span> <span class='ocrx_word' id='word_1_945' title='bbox 3444 5621 3596 5680; x_wconf 86' lang='lat' dir='ltr'><strong>patet</strong></span> 
     </span>
    </p>
   </div>
   <div class='ocr_carea' id='block_1_110' title="bbox 383 5760 1904 5860">
    <p class='ocr_par' dir='ltr' id='par_1_110' title="bbox 383 5760 1904 5860">
     <span class='ocr_line' id='line_1_111' title="bbox 383 5760 1904 5860; baseline 0.019 -49"><span class='ocrx_word' id='word_1_946' title='bbox 383 5760 763 5860; x_wconf 48' lang='lat' dir='ltr'><strong>::E!:BI)FI.-l,l3..</strong></span> <span class='ocrx_word' id='word_1_947' title='bbox 839 5766 885 5860; x_wconf 57' lang='grc' dir='ltr'><em>’ς</em></span> <span class='ocrx_word' id='word_1_948' title='bbox 909 5766 1138 5860; x_wconf 65' lang='lat' dir='ltr'><strong>Philipp.</strong></span> <span class='ocrx_word' id='word_1_949' title='bbox 1174 5786 1233 5839; x_wconf 89' lang='lat' dir='ltr'><strong>ll,</strong></span> <span class='ocrx_word' id='word_1_950' title='bbox 1260 5772 1408 5860; x_wconf 51' lang='lat'><strong>6._.&#39;</strong></span> <span class='ocrx_word' id='word_1_951' title='bbox 1437 5773 1594 5835; x_wconf 81' lang='lat' dir='ltr'><strong>Joau.</strong></span> <span class='ocrx_word' id='word_1_952' title='bbox 1639 5795 1676 5848; x_wconf 87' lang='lat' dir='ltr'><strong>t,</strong></span> <span class='ocrx_word' id='word_1_953' title='bbox 1713 5781 1768 5842; x_wconf 80' lang='grc'><strong>4.</strong></span> <span class='ocrx_word' id='word_1_954' title='bbox 1848 5783 1868 5816; x_wconf 77' lang='grc'><strong><em>³</em></strong></span> <span class='ocrx_word' id='word_1_955' title='bbox 1900 5783 1904 5840; x_wconf 70' lang='lat' dir='ltr'><strong>l</strong></span> 
     </span>
    </p>
   </div>
   <div class='ocr_carea' id='block_1_111' title="bbox 2014 5760 3586 5860">
    <p class='ocr_par' dir='ltr' id='par_1_111' title="bbox 2023 5787 3586 5860">
     <span class='ocr_line' id='line_1_112' title="bbox 2023 5787 3586 5860; baseline 0.004 -18"><span class='ocrx_word' id='word_1_956' title='bbox 2023 5827 2034 5840; x_wconf 93' lang='lat'><strong>.</strong></span> <span class='ocrx_word' id='word_1_957' title='bbox 2070 5787 2126 5844; x_wconf 80' lang='lat'><strong>9.</strong></span> <span class='ocrx_word' id='word_1_958' title='bbox 2205 5789 2227 5822; x_wconf 85' lang='grc'>³</span> <span class='ocrx_word' id='word_1_959' title='bbox 2259 5788 2394 5848; x_wconf 88' lang='lat' dir='ltr'><strong>Ibid.</strong></span> <span class='ocrx_word' id='word_1_960' title='bbox 2435 5792 2521 5849; x_wconf 82' lang='lat' dir='ltr'><strong>l8.</strong></span> <span class='ocrx_word' id='word_1_961' title='bbox 2602 5789 2854 5852; x_wconf 71' lang='lat' dir='ltr'><strong>‘lJoan.</strong></span> <span class='ocrx_word' id='word_1_962' title='bbox 2893 5810 2933 5860; x_wconf 89' lang='grc' dir='ltr'><strong>ι,</strong></span> <span class='ocrx_word' id='word_1_963' title='bbox 2977 5795 3030 5851; x_wconf 78' lang='grc'><strong>1.</strong></span> <span class='ocrx_word' id='word_1_964' title='bbox 3108 5794 3128 5826; x_wconf 81' lang='grc'>⁸</span> <span class='ocrx_word' id='word_1_965' title='bbox 3167 5790 3382 5849; x_wconf 88' lang='lat' dir='ltr'><strong>Coloss.</strong></span> <span class='ocrx_word' id='word_1_966' title='bbox 3421 5809 3460 5860; x_wconf 93' lang='grc' dir='ltr'><strong>ι,</strong></span> <span class='ocrx_word' id='word_1_967' title='bbox 3499 5791 3586 5849; x_wconf 82' lang='lat' dir='ltr'><strong>l5.</strong></span> 
     </span>
    </p>
   </div>
   <div class='ocr_carea' id='block_1_112' title="bbox 309 5830 1410 5912">
    <p class='ocr_par' dir='ltr' id='par_1_112' title="bbox 309 5830 1410 5912">
     <span class='ocr_line' id='line_1_113' title="bbox 309 5830 1410 5912; baseline 0.013 -26"><span class='ocrx_word' id='word_1_968' title='bbox 309 5832 328 5865; x_wconf 78' lang='lat'>‘</span> <span class='ocrx_word' id='word_1_969' title='bbox 356 5830 524 5889; x_wconf 73' lang='lat' dir='ltr'><strong>Exod.</strong></span> <span class='ocrx_word' id='word_1_970' title='bbox 562 5849 647 5905; x_wconf 83' lang='grc' dir='ltr'>ιιι,</span> <span class='ocrx_word' id='word_1_971' title='bbox 686 5837 772 5892; x_wconf 73' lang='grc'><strong>14.</strong></span> <span class='ocrx_word' id='word_1_972' title='bbox 862 5839 882 5870; x_wconf 84' lang='grc'><strong>⁷</strong></span> <span class='ocrx_word' id='word_1_973' title='bbox 907 5830 1109 5899; x_wconf 60' lang='grc' dir='ltr'>λετειὶί.</span> <span class='ocrx_word' id='word_1_974' title='bbox 1144 5830 1293 5912; x_wconf 57' lang='lat' dir='ltr'><strong>uiti,</strong></span> <span class='ocrx_word' id='word_1_975' title='bbox 1321 5844 1410 5901; x_wconf 78' lang='grc'><strong>5-1.</strong></span> 
     </span>
    </p>
   </div>
  </div>
