4036 6336
507 394 642 455 N55

1496 394 1553 452 S.
1604 394 1877 451 CYRILIJ
1917 396 2383 455 ALEXANDRINI
2417 396 2738 457 ARCIIIEP.

3632 398 3758 455 H53

511 512 804 569 Dominum
862 520 1111 567 nostrum
1139 511 1325 568 Jesum
1359 511 1633 569 Christum
1681 514 1798 585 ejus
1850 529 1971 570 esse
1995 515 2075 569 da-

2195 516 2527 589 Ζητήσωμεν
2547 519 2726 572 τοίνυν
2740 519 2823 581 τίς
2851 517 2948 588 τὴν
2976 515 3165 589 καινὴν
3182 514 3351 571 ἔδωκε
3380 516 3672 588 διαθήκην.
3690 512 3763 569 Ἶι

520 606 737 660 torem?
786 606 903 673 Ipse
951 605 1096 659 enim
1158 606 1211 659 in
1266 605 1439 659 sacris
1487 603 1793 676 Evangeliis
1840 606 2082 662 clamat:

510 712 529 746 ι
572 694 781 749 Dictum
816 703 897 749 est
950 695 1211 765 antiquis,
1264 694 1380 750 Non
1433 696 1693 763 occides;
1757 712 1856 766 ego
1906 707 2086 751 autem

501 786 625 840 dico
683 786 859 850 vobis,
900 784 1090 842 Omnis
1158 786 1249 857 qui
1313 786 1487 843 iratus
1522 787 1677 842 fratri
1733 804 1832 843 suo
1887 798 2088 846 temere

502 876 689 943 fuerit,
721 891 847 933 reus
877 878 982 932 erit
1019 877 1246 949 judicio.
1279 877 1491 934 Dictum
1532 887 1617 935 est
1645 880 1924 949 antiquis:
1967 878 2085 935 Non

499 968 849 1037 perjurabis;
909 983 1010 1041 ego
1080 980 1259 1025 autem
1335 970 1459 1025 dico
1532 971 1705 1038 vobis,
1754 985 1854 1027 nee
1902 971 2089 1041 jurare

498 1061 723 1114 omnino
762 1059 804 1115 '.
842 1077 861 1111 ι
922 1060 989 1115 Ει
1049 1061 1155 1115 alia
1196 1060 1449 1117 similiter
1495 1062 1687 1133 ponit:
1721 1063 1923 1120 dictum
1987 1063 2089 1119 fuit

498 1149 716 1219 quidem
740 1150 895 1216 illud,
918 1164 1019 1221 ego
1047 1162 1225 1209 autem
1264 1150 1365 1209 hoc
1392 1154 1569 1210 istboc
1599 1156 1760 1211 modo
1792 1157 2084 1227 pracipio;

500 1238 640 1294 haud
665 1254 795 1295 sane
822 1242 1169 1307 exsistentem
1206 1243 1377 1314 legem
1424 1246 1772 1315 subvertens,
1826 1248 1924 1304 sed
1962 1264 2085 1320 per-

506 1331 783 1387 fectiorem
816 1332 1205 1402 legislationem
1233 1333 1457 1399 iaciens.
1476 1337 1705 1408 ejusque
1735 1338 2087 1397 observanda:

499 1423 764 1480 rationem
810 1426 1035 1481 docens.
1094 1424 1305 1482 Novum
1358 1429 1522 1500 igitur
1566 1429 1745 1486 ftedus
1786 1433 1931 1488 dedit
1990 1433 2089 1488 Do-

499 1516 678 1568 minus
700 1516 858 1571 nobis
881 1514 1157 1572 Christus.
1193 1517 1293 1586 Qui
1322 1529 1503 1575 autem
1535 1520 1635 1576 hoc
1660 1523 1897 1588 tradidit,
1943 1524 2084 1579 idem

500 1615 653 1661 vetus
675 1620 890 1676 quoque
936 1618 1059 1675 post
1085 1607 1460 1666 liberationem
1492 1627 1556 1666 ex
1599 1610 1834 1684 Aigypto
1864 1614 2085 1671 dederat

498 1696 705 1753 lsraeli.
725 1696 824 1764 Qui
846 1712 973 1752 vero
1002 1698 1134 1755 illud
1161 1700 1559 1766 dederat,idem
1589 1712 1647 1757 ut
1669 1719 1735 1759 ex
1760 1703 2083 1776 Egyptiaca

2188 607 2309 677 οὐχ).
2328 607 2487 677 δῆλον
2510 608 2714 662 ἅπασιν
2729 609 2804 672 ὡς
2826 611 2854 662 6
2880 609 3149 680 δεσπότης
3163 600 3397 681 Χριστὸς
3423 607 3627 678 ταύτης
3652 607 3765 659 ἐστὶ

2189 702 2459 771 χορηγός;
2489 702 2658 765 Αὐτὸς
2688 702 2797 772 γὰρ
2824 703 2880 755 ὲν
2905 705 3017 766 τοῖς
3049 702 3213 769 ἱεροῖς
3248 696 3601 769 Εὑαγγελεοις
3637 697 3761 767 βοᾷ·

2194 812 2211 844 ι
2256 793 2489 864 Ἐρρέθη
2512 796 2626 857 τοῖς
2663 795 2933 866 ἀρχαίοις,
2964 794 3038 846 Οὐ
3070 792 3371 862 φονεύσεις⁶
3396 790 3507 861 ἐγὼ
3538 790 3597 843 δὲ
3626 790 3765 858 λέγω

2196 886 2346 957 ὑμῖν.
2389 887 2504 950 ua;
2536 888 2565 939 6
2593 887 2941 958 ὀργιζόμενος
2963 883 3038 956 τῷ
3066 884 3281 957 άδελφῷ
3305 884 3467 939 αὑτοῦ
3498 884 3644 953 εἰκῆ,
3680 883 3764 935 ἔν-

2187 993 2311 1047 οχος
2331 976 2484 1031 ἔσται
2501 980 2566 1048 τῇ
2587 978 2788 1048 κρίσιν
2807 977 3005 1050 ιρῤιθη
3022 979 3135 1042 τοῖς
3157 977 3429 1049 ἀρχαίοις,
3446 976 3561 1029 Οὐκ
3582 978 3765 1045 ὲπιορ-

2188 1070 2380 1139 κήσεις
2406 1084 2418 1097 ·
2461 1068 2574 1137 ἐγὼ
2602 1069 2658 1123 δὲ
2686 1070 2829 1139 λέγω
2864 1071 3014 1141 ὑμῖν,
3064 1069 3142 1141 μὴ
3166 1068 3365 1141 ὀμόσαι
3406 1067 3565 1131 ὅλως.
3602 1085 3621 1118 ο
3659 1064 3767 1119 Καὲ⁵

2187 1160 2256 1214 τά
2288 1158 2423 1213 ἀλλα
2455 1160 2511 1213 δὲ
2540 1160 2740 1232 ὁμοίως
2768 1161 3003 1233 τίθησιν,
3030 1162 3112 1215 ὅτι
3134 1159 3334 1233 ὲρῤέθη
3360 1159 3460 1231 μὲν
3495 1156 3637 1223 τόδε,
3656 1157 3768 1225 ἐγὼ

2185 1252 2241 1304 δὲ
2281 1251 2437 1306 τοῦτο
2473 1252 2698 1305 τοιῶσδε
2724 1251 3017 1322 νομοθετῶ,
3048 1253 3149 1307 οὐκ
3177 1251 3499 1322 ἀνατρέπων
3526 1250 3617 1304 τὸν
3656 1249 3768 1303 κεί-

2189 1360 2352 1413 μενον
2406 1345 2607 1414 νόμον,
2663 1344 2798 1398 ἀλλὰ
2845 1346 2944 1416 τὴν
2996 1343 3321 1415 νομοθεσίαν
3366 1341 3766 1414 ἀκριϐεστέραν

2186 1435 2357 1489 ποιῶν
2380 1477 2395 1501 ,
2447 1436 2541 1490 καὶ
2580 1437 2679 1507 τῆς
2702 1436 2952 1507 φυλακῆς
2980 1437 3077 1489 τὸν
3111 1436 3312 1508 τρόπον
3337 1435 3629 1490 διδάσκων.
3652 1433 3767 1504 Τὴν

2185 1525 2314 1578 νέαν
2340 1524 2521 1583 τοίνυν
2552 1525 2820 1597 διαθήκην
2851 1528 2881 1581 6
2914 1526 3180 1597 δεσπότης
3219 1528 3357 1597 ήμῖν
3388 1525 3589 1579 δέδωκε
3629 1524 3765 1594 Χρι-

2186 1615 2343 1680 στόςο
2386 1618 2416 1671 6
2452 1617 2509 1670 δὲ
2553 1617 2759 1690 ταύτην
2802 1616 3203 1690 παρεσχηκὼς,
3250 1619 3345 1673 καὶ
3371 1617 3472 1689 τὴν
3524 1617 3767 1689 παλαιὰν

2187 1704 2326 1776 μετὰ
2368 1706 2465 1777 τήν
2505 1707 2824 1780 ἀπαλλαγήν
2865 1708 2966 1779 τῆς
2994 1708 3271 1778 Αἰγύπτου
3308 1707 3503 1762 δέδωκε
3538 1705 3619 1778 τῷ
3660 1706 3766 1758 Ἰσ-

499 1787 761 1844 servitute
790 1788 1101 1858 expediret,
1132 1789 1354 1863 Moysen
1406 1793 1616 1849 scilicet
1648 1794 1716 1851 ad
1744 1795 2075 1855 Pharaonem

2188 1799 2326 1871 ραήλ
2348 1816 2359 1827 ·
2391 1802 2419 1852 6
2452 1799 2509 1853 δὲ
2538 1801 2754 1870 εκείνην
2800 1799 3083 1867 δεδωκὼς,
3117 1801 3213 1854 καὶ
3248 1800 3349 1871 τῆς
3377 1797 3764 1867 Αἰγυπτιακῆς

499 1876 741 1935 miserat.
798 1879 943 1935 Idem
990 1860 1237 1955 mm'
1260 1900 1475 1956 quoque
1496 1886 1632 1943 dixit
1664 1907 1677 1943 :
1715 1906 1735 1939 ι
1771 1887 1897 1945 Haec
1936 1877 2075 1957 dices

2184 1860 2426 1954 δουλείας
2450 1860 2787 1957 ἀπαλλάξας,
2814 1889 2976 1955 αὐτὸς
3010 1860 3585 1963 άπέστειλινόηλόνότι
3625 1860 3765 1961 πρὸς

503 1965 633 2025 aliis
672 1968 892 2028 lsraelis
923 1989 942 2026 :
1003 1973 1109 2039 Qui
1161 1983 1245 2030 est
1277 1976 1424 2031 misit
1458 1992 1543 2033 me
1596 1981 1663 2032 ad
1696 1995 1811 2035 vos.
1846 1998 1865 2033 ι
1898 1980 2012 2037 lloc
2030 1993 2084 2038 et

503 2060 631 2115 alibi
697 2063 957 2131 propheta
1013 2064 1360 2121 maniiestum
1411 2064 1542 2123 iacit
1572 2087 1586 2121 :
1622 2087 1641 2120 ι
1673 2069 1773 2124 Hic
1801 2080 1884 2125 est
1912 2072 2079 2139 enim,

499 2150 694 2220 inquit,
732 2152 871 2207 Deus
913 2164 1140 2221 noster;
1177 2170 1359 2225 neque,
1399 2159 1756 2215 atstiutabitur
1802 2162 1944 2217 alius
1984 2165 2081 2220 ad-

498 2253 690 2296 versus
714 2257 837 2298 eum
866 2261 882 2299 :
911 2245 1189 2302 adinveoit
1223 2262 1440 2303 omnem
1490 2250 1633 2305 viam
1662 2252 1984 2322 disciplinae,
2024 2264 2081 2311 et

499 2332 717 2388 tradidit
747 2334 890 2389 illam
918 2333 1124 2390 Iacobo
1154 2351 1325 2407 puero
1354 2354 1478 2405 suo,
1540 2350 1595 2396 et
1642 2341 1828 2399 lsraeli
1878 2345 2079 2402 dilecto

494 2437 615 2479 suo.
645 2423 774 2480 Post
804 2427 917 2481 haec
946 2428 1001 2483 iu
1033 2438 1180 2484 terra
1213 2430 1361 2486 visus
1386 2441 1490 2498 est,
1526 2442 1581 2487 et
1610 2448 1733 2489 cum
1765 2435 2079 2495 hominibus

493 2526 850 2572 conversatus
896 2529 982 2576 est
1008 2519 1053 2576 ’.
1088 2536 1107 2572 ›

565 2692 612 2748 Δ
648 2703 926 2763 postremo
950 2696 1132 2768 itaque
1148 2696 1358 2755 initium
1393 2699 1677 2771 iacientes,
1702 2705 2076 2776 propheticum

493 2782 813 2857 lndagemus
838 2803 1085 2849 sensum.
1144 2791 1405 2859 Quisnam
1438 2797 1490 2850 in
1526 2807 1669 2852 terra
1703 2800 1851 2856 visus
1880 2810 1985 2865 est,
2023 2812 2079 2859 et

492 2889 616 2933 cum
661 2878 973 2935 hominibus
1024 2887 1430 2941 conversatus?
1458 2888 1804 2958 exploratum
1838 2903 1944 2956 est,
2015 2901 2075 2951 ut

498 2970 890 3056 reor,cunctis
923 2973 1082 3028 modo
1135 2985 1315 3031 mente
1361 2980 1623 3047 praeditis,
1675 2984 1819 3052 quod
1883 3000 2077 3056 nempe

496 3054 736 3113 Verbum
796 3059 961 3128 Deus,
1007 3064 1098 3133 qui
1163 3077 1413 3123 naturam
1464 3082 1705 3126 nostram
1753 3054 2071 3148 assumpsit,

494 3148 593 3219 qui
618 3150 860 3220 rapinam
913 3168 1018 3209 non
1048 3166 1149 3211 est
1190 3158 1486 3217 arbitratus
1545 3177 1668 3219 esse
1705 3180 1766 3221 se
1807 3167 2070 3237 aqualem

494 3236 628 3305 Deo,
673 3241 779 3309 sed
844 3246 1195 3316 semetipsum
1274 3250 1590 3318 exinanivit,
1643 3236 1883 3311 formant
1930 3262 2070 3314 servi

460 3370 463 3371 ν
495 3332 789 3401 accipiens.
818 3332 916 3391 Hic
944 3352 1075 3409 ergo
1108 3340 1245 3395 viam
1288 3342 1582 3415 disciplina:
1616 3350 1836 3403 tradidit
1870 3348 2074 3409 Jacobo

493 3436 662 3493 puero
685 3441 803 3492 suo,
853 3438 907 3483 et
931 3427 1114 3487 lsraeli
1156 3432 1351 3489 dilecto
1396 3451 1518 3502 suo,
1541 3448 1779 3495 veterem
1835 3444 2075 3511 promul-

490 3528 630 3586 gatas
657 3516 709 3570 in
736 3517 952 3575 deserto
979 3534 1074 3589 per
1097 3518 1319 3593 Moysen
1382 3524 1575 3595 legem.
1605 3526 1707 3594 Qui
1734 3545 1860 3585 vero
1902 3532 2073 3603 legem

493 3605 640 3660 illam
694 3608 836 3674 tulit,
886 3621 1183 3683 antequam
1232 3629 1353 3678 eam
1421 3620 1679 3689 traderet,
1726 3638 1850 3677 cum
1890 3623 2075 3696 Moyse

494 3698 719 3768 loquens
773 3700 983 3757 dixerat
1019 3720 1035 3757 :
1085 3722 1105 3756 ι
1164 3704 1290 3761 Hzec
1329 3705 1478 3763 dices
1516 3710 1642 3767 [iliis
1668 3711 1929 3772 lsraelis:
1969 3719 2071 3786 Qui

491 3799 577 3844 est
602 3790 750 3844 misit
784 3806 869 3845 me
924 3793 991 3847 ad
1025 3807 1139 3850 vos.
1178 3814 1198 3848 ι
1255 3796 1548 3868 Propterea
1591 3806 1851 3874 propheta
1891 3810 2073 3864 excla-

492 3879 659 3932 mavit
693 3899 706 3934 :
738 3897 758 3931 ι
814 3877 912 3936 Hic
977 3882 1120 3939 Deus
1174 3896 1354 3942 noster
1410 3899 1513 3958 est,
1555 3909 1661 3950 non
1711 3898 2074 3958 testimabitur

493 3970 629 4024 alius
652 3970 911 4027 adversus
939 3986 1084 4029 eum.
1122 3994 1141 4027 ι
1180 3976 1391 4042 Quibus
1416 3985 1614 4049 verbis,
1650 4003 1755 4043 non
1813 4000 1919 4045 tam
1946 4008 2069 4048 eum

495 4059 759 4114 minorem
812 4073 995 4131 negat,
1047 4078 1212 4133 quam
1277 4068 1753 4141 incomparabilem
1816 4077 2066 4137 alllrmat.

491 4150 921 4241 Animadvertite
943 4158 1215 4223 quomodo
1254 4164 1583 4234 evangelicis
1605 4166 1766 4225 dictis
1790 4175 2070 4241 propheti-

492 4253 556 4295 ca
610 4240 827 4296 oracula
868 4256 1188 4303 consonent.
1217 4247 1429 4321 Moyses
1476 4255 1551 4310 ait
1598 4259 1688 4327 qui
1731 4276 1848 4315 sum
1960 4262 2069 4320 imo

491 4344 622 4387 vero
650 4332 765 4402 ipse
786 4333 930 4390 Deus
959 4333 1190 4392 Verbum
1212 4341 1289 4395 ait
1325 4344 1414 4412 qui
1453 4360 1569 4400 sum
1606 4362 1627 4411 ;
1657 4346 1861 4407 Paulus
1882 4363 2065 4411 autem

490 4436 634 4492 saepe
662 4423 791 4479 dicit
830 4427 919 4496 qui
942 4436 1072 4495 ut;
1104 4428 1238 4487 dicit
1254 4434 1419 4489 etiam
1470 4438 1679 4493 exsistit
1706 4458 1727 4509 ;
1754 4457 1874 4513 quae
1906 4460 2066 4503 voca-

2183 1979 2385 2050 Φαραὼ
2428 1979 2521 2033 τὸν
2566 1980 2832 2035 Μωῦσέαο
2861 1979 3033 2044 αὐτὸς
3058 1975 3182 2036 εἷπε
3201 1997 3216 2011 ’
3253 2000 3271 2032 ι
3302 1978 3439 2034 τάδε
3469 1981 3613 2052 ἐρεῖς
3649 1981 3765 2041 τοῖς

2183 2073 2317 2135 υἱοῖς
2360 2070 2608 2142 Ἰσραήλ·
2662 2072 2721 2126 '0
2752 2071 2829 2126 ῶν
2861 2071 3171 2126 ἀπέσταλκὲ
3209 2090 3276 2144 με
3344 2072 3473 2143 πρὸς
3512 2072 3693 2141 ὑμᾶς·
3738 2089 3758 2120 s

2180 2160 2341 2216 τοῦτο
2384 2161 2443 2215 δὲ
2490 2160 2581 2216 καὶ
2628 2160 2859 2232 ἑτέρωθι
2884 2164 2913 2216 6
2940 2162 3017 2234 (1)
3062 2165 3349 2234 προφήτης
3379 2163 3549 2232 σαφὲς
3579 2164 3760 2215 ποιεῖ’

2187 2270 2205 2303 ι
2240 2243 2410 2317 Οὗτος
2438 2250 2567 2323 γὰρ,
2614 2254 2800 2322 φησιν,
2833 2253 2862 2305 6
2884 2252 3019 2317 Θεὸς
3047 2252 3209 2324 ήμῶν
3229 2269 3241 2283 ·
3270 2254 3329 2307 οὐ
3368 2251 3762 2325 λογισθήσεται

2179 2344 2366 2415 ἕτερος
2414 2343 2552 2415 πρὸς
2597 2343 2759 2396 αὐτόν
2784 2360 2798 2374 ·
2834 2340 3022 2414 ἐξεῦρε
3063 2344 3243 2397 πᾶσαν
3270 2340 3389 2398 ὁδὸν
3419 2343 3758 2416 ἐπιστήμης.

2180 2436 2274 2490 καὶ
2294 2434 2495 2488 ιδωκεν
2515 2435 2686 2506 αὐτὴν
2720 2435 2914 2489 Ἰακὼϐ
2930 2433 3008 2506 τῷ
3031 2433 3185 2489 παιδὶ
3210 2432 3400 2499 αὐτοῦ,
3423 2434 3517 2490 καὶ
3536 2433 3763 2507 Ἰσραήλ

2177 2526 2256 2597 τῷ
2283 2527 2727 2599 ἠγαπημένῳύπ⁹
2746 2526 2912 2581 αὑτοῦ
2933 2542 2946 2558 ο
2980 2524 3306 2599 μετὰταῦτα
3336 2524 3427 2581 ἐπὶ
3454 2528 3560 2599 γῆς
3574 2526 3759 2599 ὤφθη.

2180 2618 2406 2680 καὶτοῖς
2429 2617 2738 2690 ἀνθρώποις
2766 2618 3180 2689 συνανεστράφη
3213 2614 3313 2690 (2).
3351 2637 3373 2672 s

2252 2706 2515 2761 Κάτωθεν
2538 2708 2719 2761 τοίνυν
2742 2708 3061 2779 ἀρξάμενοι,
3090 2710 3189 2781 τήν
3223 2708 3568 2782 προφητικὴν
3595 2711 3759 2781 ἔρευ-

2180 2796 2432 2867 νήσωμεν
2462 2796 2688 2851 ἔννοιαν.
2719 2799 2815 2861 Τίς
2842 2798 2871 2849 6
2894 2800 2987 2852 ἐπὶ
3020 2799 3120 2869 τῆς
3147 2799 3249 2870 γῆς
3286 2799 3492 2869 ὀφθεὶς,
3518 2802 3613 2854 καὶ
3643 2802 3760 2863 τοῖς

2178 2888 2489 2961 ἀνθρώποις
2516 2891 2978 2961 συναναστραφείς
3004 2910 3019 2959 ;
3043 2888 3283 2962 εὔδηλον,
3322 2891 3398 2957 ὡς
3424 2887 3602 2963 οῐμαι.
3620 2895 3758 2946 πᾶσι

2177 2980 2292 3041 τοῖς
2322 2994 2385 3046 γε
2424 2978 2549 3032 νοῦν
2578 2977 2814 3049 ἔχουσιν,
2844 2980 2917 3044 ὼς
2949 2983 2978 3035 6
2997 2979 3132 3046 Θεὸς
3152 2982 3324 3053 Λόγος
3346 2984 3448 3055 τὴν
3477 2984 3759 3055 ἡμετέραν

2177 3069 2338 3139 φύσιν
2356 3070 2664 3135 άναλαδὼν,
2679 3072 2708 3124 6
2740 3071 2815 3144 μῆ
2841 3072 3135 3145 ἁρπαγμὸν
3158 3073 3509 3145 ἡγησάμενος
3534 3071 3597 3128 τὸ
3612 3070 3757 3129 εἶναι

2180 3160 2275 3215 ῖσα
2306 3162 2446 3233 Θεῷ,
2477 3163 2593 3217 ἀλλ’
2622 3165 2813 3219 ἑαυτὸν
2850 3164 3092 3230 κενώσας
3113 3207 3128 3232 ,
3174 3166 3273 3220 καὶ
3322 3166 3537 3241 μορφὴν
3563 3165 3759 3221 δούλου

2178 3252 2378 3309 λαϐὼν.
2408 3249 2575 3318 Οὗτος
2596 3257 2775 3309 τοίνυν
2796 3258 2892 3329 τὴν
2914 3258 3033 3331 ὁδὸν
3062 3260 3161 3331 τῆς
3199 3259 3512 3333 ἐπιστήμης
3551 3260 3757 3315 ῐδωκεν

2188 3345 2384 3399 Ἰακὼὸ
2418 3346 2495 3418 τῷ
2519 3346 2670 3400 παιδὶ
2694 3347 2880 3417 αὑτοῦ,
2910 3350 3004 3404 καὶ
3048 3350 3265 3424 Ἰσραὴλ
3300 3350 3382 3424 τῷ
3410 3352 3757 3425 ἠγαπημένῳ

2177 3436 2268 3490 ὑπ’
2290 3436 2479 3501 αὐτοῦ,
2508 3437 2600 3490 τὸν
2633 3439 2860 3494 παλαιὸν
2879 3440 3236 3513 διαγορεύσας
3264 3443 3324 3497 ἐν
3358 3446 3425 3515 τῇ
3451 3446 3645 3517 ὶρήμῳ
3661 3444 3758 3501 διά

2174 3528 2452 3592 Μωῦσέως
2474 3529 2657 3599 νόμον.
2674 3530 2733 3583 '0
2751 3531 2807 3585 δὲ
2829 3532 2920 3586 τὸν
2938 3533 3102 3603 νόμον
3120 3534 3328 3589 ἐκεῖνον
3352 3535 3621 3602 δεδωκὼς,
3645 3536 3756 3610 πρὸ

2174 3620 2269 3673 τοῦ
2298 3619 2480 3674 δοῦναι
2508 3622 2599 3675 τὸν
2629 3623 2811 3693 νόμον,
2843 3620 2923 3696 τῷ
2949 3625 3159 3698 Μωῦσῇ
3185 3625 3570 3700 διαλεγόμενος
3601 3629 3711 3703 ἔφη
3734 3648 3748 3661 ε

2180 3733 2201 3768 ε
2228 3714 2365 3769 Τάδε
2391 3716 2538 3786 ἐρεῖς
2556 3718 2667 3780 τοῖς
2689 3719 2822 3782 υἱοῖς
2857 3719 3098 3791 Ἰσραήλ.
3144 3720 3202 3774 Ὅ
3232 3720 3306 3775 ῶν
3334 3723 3645 3779 άπέσταλκέ
3680 3741 3751 3796 με

2175 3805 2311 3874 πρὸς
2340 3806 2505 3876 ὑμᾶς.
2545 3827 2565 3860 ›
2602 3808 2693 3861 Διὸ
2733 3810 2763 3861 6
2794 3811 3081 3882 προφήτης
3114 3811 3244 3866 ἐϐόα
3266 3830 3282 3847 ·
3327 3832 3347 3867 ι
3378 3809 3547 3879 υῦτος
3567 3818 3596 3869 6
3616 3816 3751 3881 Θεὸς

2175 3892 2349 3961 ήμῶν,
2373 3894 2435 3947 οὐ
2464 3894 2844 3968 λογισθήσεται
2872 3899 3059 3971 ἕτερος
3089 3902 3227 3973 πρὸς
3250 3904 3452 3959 αὐτόν·
3486 3923 3510 3959 s
3541 3923 3748 3979 μαρτυ-

2174 3982 2283 4052 ρῶν
2308 3983 2475 4054 αὐτῷ,
2492 3985 2552 4037 οὐ
2584 3986 2646 4038 τὸ
2665 3987 2907 4054 ἔλαττον,
2930 3990 3066 4045 ἀλλὰ
3093 3993 3153 4046 τὸ
3175 3993 3525 4066 ἀσύγκριτον.
3553 4000 3750 4069 Ὁρᾶτε

2172 4073 2288 4138 πῶς
2320 4074 2464 4129 ἔοικε
2503 4079 2614 4140 τοῖς
2647 4079 3025 4148 εὐαγγελικοῖς
3064 4082 3390 4155 διδάγμασιν
3431 4087 3499 4142 τά
3535 4105 3751 4162 προφη-

2168 4166 2295 4220 τικά
2328 4167 2682 4239 κηρύγματα.
2744 4173 3280 4248 Μωῡσῆς-κηρύττει
3303 4179 3370 4233 τὸ
3392 4177 3510 4233 ὤν’
3543 4181 3750 4253 μᾶλλον

2168 4255 2223 4309 δὲ
2255 4256 2418 4329 αὐτὸς
2442 4260 2471 4312 6
2513 4260 2647 4325 Θεὸς
2674 4262 2849 4331 Λόγος
2899 4266 3030 4337 περὶ
3071 4267 3269 4323 ἑαυτοῦ
3319 4269 3470 4340 λέγει
3521 4272 3590 4326 τὸ
3622 4272 3745 4327 ὤν’

2168 4346 2380 4412 Παῦλος
2407 4348 2465 4403 δὲ
2491 4350 2751 4417 πολλάκις
2778 4354 2927 4425 λέγει
2962 4356 3027 4411 τὸ
3057 4355 3163 4424 ὢν,
3200 4360 3529 4434 προστίθησι
3556 4362 3617 4419 δὲ
3651 4365 3749 4419 καὶ

2166 4437 2229 4492 τὸ
2251 4437 2560 4511 ὑπάρχων,
2588 4442 2781 4497 ταύτὸν
2808 4444 3105 4517 δυνάμενον
3130 4446 3207 4519 τῷ
3234 4449 3321 4504 ὥν
3339 4467 3351 4479 ·
3382 4450 3534 4522 λέγει
3562 4452 3659 4507 καὶ
3684 4455 3748 4510 τὸ

489 4513 635 4616 bula.
673 4528 858 4584 parem
923 4517 1126 4616 habent
1174 4536 1421 4584 sensum.
1490 4527 1755 4589 Similiter
1824 4533 2065 4595 Joannes

2178 4527 2338 4594 ίστιν,
2365 4530 2721 4603 ἰσοδυναμοῦν
2741 4513 2971 4601 ἐκείνοις
3000 4537 3143 4593 κατὰ
3167 4513 3266 4613 τὴν
3281 4513 3493 4597 ἔννοιαν
3516 4559 3532 4575 ·
3558 4544 3746 4616 ὡσαύο-

492 4602 774 4700 ιιιοοιοξυε
793 4608 1133 4700 vocabulum
1175 4614 1361 4682 quiest
1391 4622 1719 4693 evangelica
1768 4624 2065 4700 Scriptura

491 4694 1109 4788 multoties__interserit;
1143 4713 1200 4758 et
1243 4706 1417 4776 ipsum
1472 4726 1691 4785 quoque
1736 4694 2061 4788 proemium

491 4782 796 4854 imjusmodi
829 4789 1105 4846 vocabulis
1130 4802 1311 4860 ornat,
1358 4812 1464 4854 non
1510 4782 1679 4859 semel
1719 4782 1817 4863 aut
1860 4807 2061 4866 iterum

490 4889 557 4933 ae
603 4876 786 4945 tertio,
820 4880 914 4936 sed
948 4883 1222 4943 multoties
1249 4889 1550 4969 pradicas
1570 4905 1706 4952 erat.

485 5089 707 5164 “si.
751 5088 887 5149 Vlll.
925 5094 1079 5183 Quod
1095 5100 1204 5155 alia
1244 5110 1559 5163 muniunt
1596 5110 1702 5167 Deo
1735 5113 1919 5183 Verbo,
1950 5120 2063 5177 alia

1007 5182 1531 5241 eminentium.

556 5289 678 5351 lam
701 5310 831 5353 vero
855 5312 976 5356 cum
1019 5304 1266 5363 veritatis
1311 5310 1589 5379 pracones
1628 5314 1701 5371 lta
1745 5318 2052 5393 docuerint,

488 5385 611 5457 quis
632 5387 855 5447 adsosit
900 5394 1073 5450 audax
1103 5409 1168 5453 ac
1210 5404 1553 5473 temerarius,
1608 5405 1909 5470 utdictioni
1941 5385 2054 5473 erat

554 5555 579 5593 '
608 5557 804 5653 latth.
845 5581 898 5631 v,
928 5569 1118 5627 τιοδδ.
1194 5574 1215 5606 ⁸
1249 5573 1458 5635 Baruch
1490 5596 1571 5650 Ill,
1611 5583 1800 5644 56-58.

670 5718 726 5807 in
764 5722 948 5807 codice
985 5726 1337 5807 interscritur
1369 5736 1625 5794 mendose
1656 5741 1837 5807 αὐτός,
1880 5744 2042 5803 idem.

551 5788 629 5851 (ii
673 5791 824 5849 lluuc
842 5792 1067 5855 Baruclti
1094 5808 1299 5858 textum
1324 5788 2047 5878 ἱιιιε]ίίᾆῖιῖῙε-Ιεεῖδιιῖἷεῖδ

2169 4636 2277 4683 τως
2304 4620 2364 4675 δὲ
2405 4621 2499 4676 καὶ
2532 4623 2562 4676 6
2600 4622 2845 4695 θεολόγος
2888 4628 3140 4700 Ἰωάννης
3162 4630 3431 4704 πολλαχοῦ
3469 4633 3536 4688 τὸ
3562 4634 3651 4690 ὢν
3676 4639 3743 4708 τῇ

2167 4711 2278 4763 τῶν
2306 4712 2651 4783 Εὐαγγελίων
2682 4722 3038 4794 πραγματείᾳ
3071 4725 3370 4797 ἐνσπείρει,
3406 4727 3501 4781 καὶ
3528 4729 3661 4783 αὐτὸ
3684 4729 3743 4783 δὲ

2167 4802 2229 4856 τὸ
2276 4806 2565 4877 προοίμιον
2605 4809 2831 4877 ταύταις
2885 4816 3007 4879 ταῖς
3056 4820 3263 4887 φωναῖς
3309 4818 3598 4888 άγλαῖζει,
3645 4824 3745 4893 οὐχ

2167 4894 2336 4988 απαξ,
2366 4896 2491 4953 οὐδὲ
2518 4899 2625 4968 δὶς,
2648 4903 2771 4959 οὐδὲ
2799 4905 2942 4978 τρὶς,
2977 4908 3114 4963 άλλὰ
3159 4910 3421 4978 πολλάκις
3454 4915 3745 4988 κηρύττων

2164 4984 2227 5041 τδ
2253 4982 2352 5059 ἦν.

2166 5119 2249 5175 η’.
2288 5122 2418 5177 Ὅτι
2445 5121 2519 5179 τὰ
2547 5127 2959 5218 μὲςὰρέιότξει
2979 5132 3061 5202 τῷ
3092 5136 3217 5218 ego
3256 5142 3447 5213 Λόγῳ,
3478 5145 3552 5201 τὰ
3574 5145 3644 5201 δὲ
3666 5147 3744 5218 τῇ

2619 5199 3042 5276 ἀναληφθεισῄ
3077 5199 3281 5278 Wst.

2234 5326 2356 5380 Τῶν
2388 5330 2645 5401 κηρύκων
2668 5335 2725 5390 δὲ
2761 5337 2861 5409 τῆς
2903 5338 3163 5412 ἀληθείας
3193 5344 3419 5402 τοιαῦτα
3462 5347 3743 5406 διδασκόν-

2162 5434 2290 5485 των,
2330 5419 2412 5485 τίς
2442 5421 2613 5491 οὕτως
2650 5427 2790 5498 ἄγαν
2817 5430 3025 5504 θρασὺς
3050 5436 3144 5491 καὶ
3184 5435 3426 5512 αύθάδης
3444 5482 3465 5509 ,
3513 5441 3591 5507 ὡς
3620 5444 3744 5500 ἀντὶ
