4036 6336
311 480 455 540 “37

1617 472 1704 529 DE
1745 470 2146 530 TRINITATE.

3480 472 3616 527 H58

286 666 289 667 ν
320 603 427 672 μιν
456 596 549 650 τοῦ
574 583 675 657 ἦν,
712 589 773 647 τδ
804 592 918 647 οὐκ
949 587 1030 664 ἦν
1058 590 1234 645 είπείν
1263 588 1378 659 (i);
1407 580 1534 642 ἀντὶ
1584 587 1641 643 δὲ
1681 588 1787 643 τοῦ
1824 586 1911 642 ὢν

2023 596 2257 658 opponat
2304 601 2407 640 non
2450 594 2565 640 erat
2593 584 2618 637 ?
2646 592 2702 638 ct
2743 595 2843 655 pro
2876 578 2969 655 qui
3008 598 3124 638 sum
3176 589 3230 637 et
3286 582 3382 650 qui
3399 584 3619 639 arista.

322 689 420 742 καί
449 686 761 756 ὑπάρχων,
784 687 988 756 κτίσμα
1019 680 1462 756 προσαγορεῦσαι
1493 680 1585 733 τὸν
1611 681 1676 734 ὲκ
1700 679 1917 751 Πατρός

325 777 428 849 μὲν
449 777 694 849 ἀχρόνως
722 776 819 829 καὶ
844 776 1071 842 ἀπαθῶς
1095 773 1448 846 γεννηθέντα,
1480 775 1539 826 ἐν
1567 773 1625 826 δὲ
1655 775 1768 835 τοῖς
1788 772 1915 824 κόλ-

324 886 451 932 ποις
488 866 583 921 τοῦ
618 867 835 938 Πατρὸς
878 866 1201 938 ίδρυμένον;
1242 866 1270 918 6
1305 863 1418 935 γὰρ
1445 862 1522 917 ὢν
1550 864 1611 918 οὐ
1644 863 1912 928 κτίζεται,

316 961 352 1011 6
378 962 643 1031 ὑπάρχων
675 959 736 1013 ού
758 959 1211 1031 δημιουργεῖται·
1236 959 1298 1012 τὸ
1321 958 1429 1029 γὰρ
1451 957 1715 1027 ἐγένετο,
1732 958 1839 1010 καὶ
1856 957 1915 1010 τὸ

320 1052 522 1116 ἔλασε,
566 1051 659 1105 καὶ
688 1052 788 1105 ὅσα
818 1050 1043 1105 τοιαῦτα
1065 1092 1081 1116 ,
1114 1052 1175 1104 οὐ
1200 1049 1578 1119 θεολογοῦντες
1598 1091 1612 1115 ,
1649 1049 1788 1105 ἀλλά
1820 1049 1916 1121 τὴν

318 1145 638 1214 οίκονομίαν
666 1143 1028 1215 κηρύττοντες
1058 1142 1247 1211 ἔλεγον
1280 1143 1329 1195 oi
1357 1142 1426 1197 τά
1445 1142 1549 1213 τῆς
1580 1142 1914 1220 θεογνωσίας

318 1236 755 1308 ἀγχειρισθέντες
781 1236 1077 1307 μυστήρια.
1096 1234 1205 1288 Καὶ
1228 1233 1444 1305 πρῶτος
1473 1233 1572 1304 μὲν
1589 1235 1619 1287 6
1642 1234 1913 1305 μακάριος

334 1328 609 1397 Ἰωάννης,
634 1327 729 1380 καὶ
758 1314 780 1378 ἰ
814 1326 875 1379 '0
898 1326 1088 1394 Λόγος,
1110 1326 1236 1398 ἔφη,
1255 1324 1395 1397 σὰρξ
1422 1326 1668 1394 ἐγένετο·
1690 1344 1710 1377 ι
1742 1326 1914 1380 είπὼν

317 1420 403 1483 τὸ,
433 1439 452 1472 ι
488 1421 576 1474 Ἐν
605 1421 747 1492 ἀρχῇ
777 1414 845 1490 ἦν
876 1420 905 1471 6
937 1419 1131 1487 Λόγος,
1166 1436 1187 1471 s
1229 1420 1324 1473 καὶ
1346 1418 1611 1484 πολλάκις
1639 1420 1701 1473 τὺ
1723 1419 1806 1488 ἦν
1820 1419 1913 1472 ἐπὶ

316 1511 417 1582 τῆς
456 1510 721 1583 Θεότητος
750 1509 1020 1579 δεδωκὼς,
1047 1511 1130 1575 είς
1165 1512 1266 1583 τὴν
1300 1511 1401 1583 τῆς
1444 1512 1912 1583 ὲνανθρωπήσεως

316 1602 637 1672 οἰκονομίαν
662 1601 859 1665 ἐλθὼν,
878 1603 1195 1672 ἀναγκαίως
1210 1603 1272 1657 τὸ
1287 1602 1525 1673 ἐγένετο
1548 1605 1792 1659 τέθεικεν
1812 1622 1823 1634 ·
1849 1606 1911 1659 οὐ

314 1697 428 1767 γάρ
461 1692 531 1768 ἦν
550 1697 640 1751 ἀεὶ
672 1698 705 1767 ή
732 1694 791 1761 ὲξ
814 1694 973 1767 ήμῶν
994 1693 1274 1767 οληφθεῖσα
1308 1696 1416 1750 ὑπὸ
1442 1694 1539 1749 τοῦ
1562 1694 1700 1749 Θεοῦ
1734 1696 1910 1765 Λόγου

315 1789 579 1861 ἀπαρχὴ,
617 1788 755 1843 ἀλλὰ
783 1788 922 1859 πρὸς
946 1786 1024 1858 τῷ
1051 1788 1197 1841 τέλει
1225 1786 1336 1842 τῶν
1365 1785 1579 1842 αίὼνων
1614 1786 1831 1856 ἐγένετό
1852 1800 1913 1840 τι

315 1882 415 1939 καὶ
439 1880 718 1954 ἀνελήφθη
750 1881 857 1935 ὑπὸ
887 1880 982 1935 τοῦ
1015 1879 1152 1934 Θεοῦ
1202 1880 1400 1950 Λόγου.
1442 1878 1616 1935 Τοῦτο
1647 1882 1792 1934 ποιεί
1818 1880 1913 1935 καὶ

2020 689 2329 735 creaturam
2347 672 2582 747 appellet
2604 690 2727 731 eum
2752 691 2845 745 qut
2870 672 3305 746 iutemporaliter
3333 683 3391 730 et
3416 678 3625 739 impas-

2019 768 2253 825 sibiliter
2307 768 2525 834 genitus
2586 765 2708 829 fuit,
2758 773 2813 821 et
2864 766 2921 819 in
2953 764 3078 820 sinu
3110 763 3285 821 Patris
3310 774 3394 820 est
3453 766 3625 820 collo-

2020 872 2177 917 catus
2206 862 2229 916 τ
2262 860 2397 916 Nam
2452 860 2547 930 qui
2593 869 2699 925 est,
2750 874 2857 913 non
2902 857 3207 914 conditur:
3258 859 3349 929 qui
3382 859 3623 922 exsistit,

2020 969 2127 1009 non
2150 961 2391 1009 creatur.
2438 952 2576 1008 Nam
2604 949 2865 1007 vocabula
2916 950 3120 1020 factum
3152 961 3254 1015 est,
3310 960 3367 1006 et
3396 951 3619 1020 accepit,

2018 1052 2073 1101 et
2095 1043 2353 1115 qualibet
2382 1041 2713 1111 huiusmodi,
2755 1054 2863 1098 non
2896 1041 2965 1101 de
2994 1040 3109 1096 Deo
3144 1040 3365 1111 proprie
3394 1040 3616 1111 loquen-

2018 1148 2121 1203 tes,
2169 1136 2264 1193 sed
2312 1134 2777 1204 dispensationem
2830 1134 3199 1204 pra-dicantes
3257 1132 3520 1187 dixerunt
3553 1130 3621 1203 ii,

2016 1230 2215 1298 quibus
2258 1228 2458 1285 divinae
2506 1225 2752 1284 scientia
2810 1226 3021 1281 credita
3066 1224 3289 1280 fuerunt
3333 1223 3619 1295 mysteria.

2019 1321 2084 1376 Et
2116 1322 2329 1391 primus
2379 1319 2602 1391 quidem
2645 1319 2841 1376 beatus
2882 1317 3171 1395 Joannes,
3208 1335 3227 1368 ι
3264 1315 3333 1371 Et
3354 1314 3619 1381 Verbum,

2017 1412 2213 1483 inquit,
2241 1428 2372 1468 caro
2409 1412 2615 1467 factum
2650 1420 2756 1467 est.
2794 1430 2814 1464 ι
2853 1410 2991 1465 Cum
3018 1420 3180 1465 antea
3215 1409 3468 1474 dixisset,
3505 1427 3524 1460 ι
3564 1407 3619 1460 lu

2021 1506 2291 1576 principio
2318 1494 2438 1561 erat
2463 1502 2730 1570 Verbum,
2756 1521 2776 1555 ι
2806 1515 2863 1557 et
2895 1516 3042 1572 saepe
3064 1501 3389 1555 vocabulum
3411 1511 3525 1554 erat
3555 1500 3626 1555 de

2016 1599 2312 1659 Divinitate
2372 1598 2816 1668 pronuntiasset,
2889 1612 3017 1652 mox
3086 1596 3153 1649 ad
3232 1592 3625 1649 incarnationis

2014 1692 2488 1762 dispensationem
2541 1692 2835 1756 accedens,
2896 1689 3212 1746 necessario
3274 1688 3478 1757 factum
3544 1697 3623 1743 est

2015 1784 2218 1853 posuit.
2250 1781 2370 1838 Non
2398 1783 2544 1845 enim
2578 1792 2698 1838 erat
2736 1782 2806 1839 ab
2832 1790 3040 1837 aeterno
3071 1780 3159 1833 illa
3208 1794 3332 1850 quas
3363 1794 3430 1833 ex
3466 1778 3624 1833 nobis

2015 1889 2047 1929 a
2094 1874 2205 1930 Deo
2262 1875 2441 1931 Verbo
2492 1883 2770 1943 assumpta
2805 1873 2906 1927 fuit
2960 1872 3256 1935 inchoatio,
3303 1870 3400 1927 sed
3432 1869 3485 1926 in
3516 1870 3624 1925 line

324 1978 355 2030 6
393 1946 667 2047 μακάριος
706 1946 962 2038 Ϊῐαῦλοςο
991 1972 1165 2027 εἰπὼν
1198 1946 1333 2045 γὰρ,
1370 1992 1392 2026 ε
1434 1974 1526 2026 Ἐν
1551 1976 1733 2045 μορφῇ
1770 1971 1908 2026 Θεοῦ

2023 1965 2341 2020 saeculorum
2365 1978 2429 2020 ea
2464 1963 2601 2018 facta
2641 1972 2746 2027 est,
2778 1970 2835 2016 et
2858 1976 2887 2016 a
2915 1960 3031 2017 Deo
3085 1959 3265 2016 Verbo
3316 1966 3620 2028 assumpta.

318 2067 605 2139 ὑπάρχων,
632 2085 653 2117 ι
676 2065 771 2120 καὶΙ
796 2064 1054 2136 προσθεὶς
1074 2064 1157 2132 τὺ,
1181 2066 1311 2135 «οὐχ
1326 2065 1622 2136 ἁρπαγμὸν
1640 2065 1909 2135 ἡγήσατο,

310 2155 379 2209 τὸ
413 2150 556 2209 εἶναι
590 2154 681 2209 ῐσα
711 2154 851 2226 Θεῷ,
898 2172 917 2207 ι
956 2154 1207 2224 ἐπήγαγε
1233 2154 1295 2207 τὸ
1324 2171 1343 2204 ι
1395 2152 1619 2207 Ἑαυτὸν
1649 2153 1910 2218 ὲκένωσε,

316 2248 537 2321 μορφὴν
556 2246 747 2301 δούλου
770 2245 953 2301 λαῦών
971 2260 984 2275 ⁸
1014 2264 1032 2297 ι
1078 2248 1147 2317 τῇ
1186 2262 1205 2296 ι
1229 2247 1413 2318 μορφῇ
1440 2245 1537 2299 τοῦ
1577 2242 1768 2297 δούλου
1798 2263 1819 2297 s
1849 2243 1913 2297 τὸ

318 2355 339 2389 ε
362 2336 544 2390 λαϐὼν
568 2354 587 2387 ι
614 2334 1029 2408 προσαρμόσας,
1072 2336 1137 2404 τῇ
1162 2333 1219 2386 δὲ
1248 2352 1267 2385 ι
1296 2336 1478 2406 μορφῇ
1499 2332 1594 2388 τοῦ
1627 2331 1761 2386 Θεοῦ
1790 2350 1809 2384 ι
1849 2332 1912 2386 τὸ

314 2448 337 2483 ε
350 2430 611 2501 ὑπάρχων
624 2449 643 2481 ι
655 2428 938 2494 συζεύξας.
955 2424 1170 2481 Οὐκοῦν
1186 2429 1219 2499 ή
1238 2426 1334 2480 τοῦ
1350 2427 1487 2481 Θεοῦ
1507 2425 1691 2499 μορφὴ
1708 2428 1917 2497 προῦπ-

308 2523 591 2594 άρχουσα,
631 2521 835 2593 μᾶλλον
868 2521 923 2575 δὲ
965 2522 1053 2574 ἀεὶ
1092 2521 1439 2593 ὑπάρχουσα,
1472 2518 1633 2572 ἔλαϐε
1676 2518 1777 2590 τὴν
1814 2517 1911 2571 τοῦ

307 2612 500 2667 δούλου
530 2614 776 2684 μορφήν·
809 2613 871 2665 οὐ
901 2612 1084 2666 τοίνυν
1104 2611 1335 2682 κτίσμα,
1364 2610 1488 2665 οὐδὲ
1520 2611 1755 2682 ποίημα,
1790 2610 1911 2664 οὐδὲ

308 2704 372 2772 ἐξ
396 2708 497 2760 οὐκ
525 2705 696 2759 ὄντων
714 2706 743 2757 6
772 2702 864 2757 τοῦ
894 2702 1031 2757 Θεοῦ
1062 2703 1235 2772 Λόγος
1259 2742 1275 2766 ,
1320 2701 1437 2755 ἀλλ’
1472 2702 1537 2754 ὲκ
1580 2699 1675 2753 τοῦ
1698 2699 1912 2773 Πατρὸς

307 2798 593 2870 γεννηθεὶς
610 2798 697 2853 ἀεὶ
726 2798 805 2867 τῷ
821 2797 1001 2867 Πατρὶ
1030 2794 1269 2861 σύνεστι,
1293 2794 1389 2849 καὶ
1409 2793 1507 2864 τὴν
1537 2792 1677 2864 μετά
1698 2791 1911 2862 [ἰατρὸς

308 2892 466 2962 παρά
492 2890 601 2944 τῶν
624 2889 985 2961 εὐγνωμόνων
1011 2885 1387 2960 προσκύνησιν
1422 2885 1661 2957 δέχεται.

2020 2056 2135 2112 lloc
2158 2055 2457 2126 agitetiam
2510 2055 2705 2109 beatus
2736 2051 2935 2107 Paulus
2969 2070 2987 2120 ;
3026 2068 3152 2106 nam
3208 2067 3333 2109 cum
3369 2043 3619 2113 dixisset,

2024 2164 2043 2198 ι
2087 2144 2145 2200 in
2188 2147 2359 2201 forma
2391 2144 2488 2207 Dei
2516 2146 2813 2209 exsistens,
2846 2162 2866 2195 ι
2897 2153 3062 2213 atque
3087 2143 3408 2207 addidisset,
3451 2159 3470 2192 ι
3502 2138 3621 2194 Non

2018 2238 2267 2308 rapinam
2290 2237 2593 2293 arbitratus
2631 2247 2716 2291 est
2748 2249 2871 2292 esse
2902 2252 2963 2291 se
2992 2235 3260 2305 aqualem
3297 2234 3411 2290 Deo
3445 2253 3463 2285 ι
3493 2234 3622 2289 sub-

2009 2332 2173 2399 'didit,
2218 2349 2240 2382 ι
2274 2328 2646 2401 Semelipsum
2680 2330 3007 2395 exinanivlt,
3040 2329 3272 2384 formam
3302 2328 3447 2385 servi
3479 2326 3623 2382 acci-

2023 2423 2203 2492 piens.
2244 2442 2264 2475 ι
2322 2420 2536 2489 Verbis,
2588 2441 2608 2475 ι
2649 2423 2702 2477 in
2760 2422 2937 2479 forma
3000 2421 3171 2487 servi,
3217 2440 3236 2473 ι
3300 2419 3620 2477 vocabulum

2025 2534 2045 2566 ε
2078 2514 2355 2585 accipiens
2396 2532 2417 2567 ι
2478 2513 2963 2579 accommodavit;
3009 2511 3191 2566 verbis
3245 2520 3453 2576 autem,
3496 2529 3515 2562 ι
3563 2509 3618 2565 in

2019 2604 2196 2661 forma
2247 2608 2366 2673 Dei,
2405 2625 2425 2659 ι
2466 2604 2791 2661 vocabulum
2839 2622 2859 2656 s
2908 2603 3183 2659 exsistens
3221 2620 3241 2653 ι
3297 2601 3617 2658 connexuit.
3671 2612 3674 2616 ‘

2023 2697 2165 2769 Ergo
2217 2698 2313 2755 Dei
2357 2698 2536 2754 forata
2594 2698 3002 2770 prcexsistens,
3037 2694 3121 2750 vel
3184 2694 3363 2764 potius
3403 2706 3620 2761 semper

2017 2791 2313 2857 exsistens,
2368 2791 2610 2861 suscepit
2655 2791 2801 2846 servi
2839 2788 3096 2844 formam.
3152 2785 3270 2841 Non
3319 2794 3403 2841 cst
3451 2785 3622 2857 igitur

2020 2893 2296 2950 creatura,
2326 2896 2506 2954 neque
2538 2883 2772 2948 iactura,
2804 2896 2985 2951 neque
3008 2895 3079 2935 ex
3103 2894 3212 2935 non
3236 2879 3367 2935 olim
3393 2886 3619 2935 exstan-

309 2982 460 3041 tibus
490 2980 583 3037 Dei
612 2979 869 3045 Verbum,
905 2980 1000 3037 sed
1024 2994 1092 3036 ex
1119 2978 1230 3037 Deo
1294 2978 1456 3035 Patre
1491 2978 1757 3049 genitum,
1792 2974 1941 3032 Patri
1976 2990 2196 3048 semper
2244 2976 2551 3043 coexsistit,
2591 2985 2651 3033 et
2708 2975 3088 3034 adorationem
3117 2990 3225 3031 una
3299 2987 3424 3030 cum
3459 2970 3621 3025 Patre
3697 3032 3703 3038 _

310 3090 342 3136 a
370 3073 621 3131 ﬁdelibus
646 3073 869 3144 excipit.

561 3216 637 3271 8'.
679 3214 819 3285 Περὶ
853 3211 965 3283 τῆς
996 3213 1063 3268 ἐκ
1097 3212 1247 3269 Θεοῦ
1284 3214 1652 3284 γεννήσεως.

382 3347 590 3420 Μηδεὶς
622 3346 678 3401 δὲ
705 3347 962 3418 γέννησιν
994 3346 1232 3411 ἀκούων,
1273 3348 1388 3410 τοῖς
1424 3346 1712 3418 λογισμοῖς
1755 3344 1906 3418 δεχέ-

2206 3206 2429 3280 θεθιιι
2502 3203 2595 3261 IX.
2663 3203 2742 3262 De
2797 3206 3132 3277 generatione
3179 3222 3246 3261 ex
3302 3207 3435 3263 Deo.

2079 3344 2251 3401 Nemo
2328 3360 2459 3400 vero
2518 3344 2922 3414 generationem
2979 3345 3231 3411 audiens,
3273 3356 3456 3401 mente
3512 3347 3619 3402 sibi

312 3442 427 3497 σθω
455 3440 527 3495 τά
564 3440 712 3512 πάθη
744 3440 847 3511 τῆς
888 3440 1169 3510 ἡμετέρας
1208 3441 1537 3509 γεννήσεως,
1573 3438 1771 3511 τομὴν,
1810 3440 1907 3494 καὶ

2023 3438 2289 3508 :oniingnt
2336 3436 2713 3507 generationis
2766 3446 2967 3493 nostra:
3016 3438 3345 3507 passiones,
3386 3439 3621 3494 decisic-

312 3533 525 3607 ρεῦσιν,
575 3535 672 3586 atat
709 3533 875 3587 ὠδῖνα
918 3532 1017 3603 (2),
1054 3533 1152 3587 καὶ
1198 3533 1269 3586 τὰ
1316 3532 1455 3587 ἀλλα
1505 3533 1609 3586 ὅσα
1655 3530 1902 3586 τοιαῦτα.

313 3621 594 3691 Σωμάτων
614 3623 726 3694 γὰρ
765 3621 939 3676 ταῦτα
969 3622 1272 3695 παθήματα
1291 3637 1305 3652 ·
1340 3620 1473 3686 Θεὸς
1500 3622 1557 3676 δὲ
1590 3620 1903 3694 ἀσώματος,

314 3715 408 3769 καὶ
433 3712 671 3784 ἀπαθὴς,
704 3712 975 3785 ἄτρεπτός
994 3730 1075 3779 τε,
1104 3714 1199 3768 καὶ
1216 3714 1598 3780 ἀναλλοίωτος,
1621 3715 1708 3769 ἀεὶ
1729 3714 1908 3768 ὡσαύ-

314 3821 425 3870 τως
462 3803 635 3877 ἔχων
672 3806 721 3858 εί
752 3806 811 3859 δέ
844 3823 928 3871 τις
973 3806 1143 3861 οῐεται
1187 3808 1443 3879 γέννησιν
1494 3808 1571 3880 μὴ
1619 3803 1761 3863 εἶναι
1795 3809 1906 3863 πά-

316 3898 444 3963 θους
471 3898 921 3973 ἀπηλλαγμένην,
955 3901 1050 3954 καὶ
1072 3902 1131 3955 ὲν
1157 3902 1272 3965 τοῖς
1302 3901 1431 3973 περὶ
1464 3901 1701 3966 κτίσεως
1728 3900 1907 3971 λόγοις

314 3990 539 4053 τούτους
580 3990 820 4061 δεχέσθω
853 3992 981 4056 τοὺς
1032 3991 1365 4063 λογισμούς·
1400 3992 1591 4065 ὥσπερ
1637 3992 1749 4065 γάρ
1792 3995 1909 4047 ἐκεῖ

314 4084 457 4154 τομὴ
479 4084 573 4138 καὶ
606 4083 816 4154 ῥεῦσις,
850 4083 1024 4148 οὕτως
1053 4083 1290 4139 ἐνταῦθα
1315 4084 1557 4158 φροντὶς,
1587 4084 1684 4138 καὶ
1722 4085 1905 4152 πόνος,

316 4176 414 4229 καὶ
446 4174 628 4247 ἱδρὼς,
666 4176 760 4230 καὶ
794 4174 1027 4246 δργανα,
1057 4175 1154 4229 καὶ
1199 4174 1302 4246 ὕλη
1324 4176 1770 4248 προῦποκειμένη
1804 4178 1905 4251 (5),

2010 3546 2156 3593 nem,
2186 3529 2414 3591 ﬂuxum,
2453 3540 2699 3600 partum.
2730 3538 2788 3583 et
2821 3529 2923 3582 alia
2958 3528 3289 3596 hujusmodi.
3326 3530 3460 3585 Nam
3490 3546 3617 3587 cor-

2008 3636 2201 3693 porum
2252 3621 2336 3675 hte
2367 3630 2494 3674 sunt
2524 3620 2844 3690 passiones;
2884 3619 3027 3677 Deus
3052 3632 3236 3677 autem
3265 3623 3620 3693 incorporeus

2009 3725 2114 3780 est,
2154 3711 2872 3783 itnpassibilis,invertibilis
2892 3756 2906 3780 ,
2926 3714 3314 3781 inunutabilis,
3344 3716 3397 3770 in
3426 3717 3618 3772 eodem

2010 3821 2231 3877 semper
2254 3813 2401 3859 statu
2430 3803 2757 3861 consistens.
2786 3804 2941 3873 Quod
2966 3806 3009 3861 si
3038 3808 3162 3877 quis
3185 3808 3465 3865 existimat
3494 3808 3619 3865 uul-

2009 3897 2116 3953 lam
2177 3912 2300 3954 esse
2347 3896 2761 3968 generationem
2832 3898 3088 3967 passione
3142 3911 3456 3970 carentem,
3487 3912 3619 3960 tunc

2008 3991 2172 4047 etiam
2203 4004 2327 4045 cum
2362 3990 2429 4046 de
2459 3989 2741 4045 creatione
2770 4005 2953 4047 sermo
2984 3990 3170 4058 fuerit,
3204 3994 3425 4050 eadem
3457 3996 3612 4067 cogi-

2014 4084 2246 4139 lationes
2276 4090 2459 4137 mente
2490 4081 2733 4138 revolvet
2772 4100 2786 4138 :
2825 4098 3065 4155 namque
3085 4096 3144 4140 ut
3178 4084 3231 4139 in
3263 4087 3622 4157 generatione

2009 4175 2214 4230 decisio
2234 4184 2289 4239 et
2311 4173 2510 4241 ﬂuxus,
2536 4173 2616 4228 sic
2646 4173 2702 4227 in
2726 4174 3007 4231 creatione
3029 4189 3182 4239 cura,
3216 4176 3395 4244 labor,
3426 4178 3618 4242 sudor.

315 4268 413 4321 καὶ
448 4267 763 4339 ἀποτυχίαι,
795 4269 888 4322 καὶ
923 4268 992 4322 τὰ
1018 4268 1154 4324 ἀλλα
1182 4270 1285 4326 ὅσα
1312 4273 1777 4343 συμπαρομαρτεῖ
1796 4273 1910 4336 τοῖς

2023 4269 2397 4331 instrumenta,
2431 4263 2659 4321 materia
2686 4264 3094 4335 praeexsistens,
3132 4266 3428 4325 frustratus
3480 4285 3609 4327 suc-

316 4359 614 4432 κτίσμασιν
640 4378 657 4395 ο
705 4362 754 4415 εί
789 4360 847 4415 δὲ
900 4362 1037 4432 μόνη
1081 4360 1337 4433 βούλησις
1396 4363 1475 4435 τῷ
1505 4362 1631 4435 Θεῷ
1674 4364 1756 4427 είς
1806 4362 1908 4436 τὴν

2023 4359 2412 4425 :cssus,etalia
2448 4356 2759 4427 huiusmodi
2790 4360 3236 4429 quaecreationes
3254 4363 3608 4419 comitantur.

314 4448 413 4504 τοῦ
440 4448 643 4513 παντδς
683 4450 893 4522 ήρκησε
922 4449 1309 4522 δημιουργίαν,
1340 4452 1437 4507 καὶ
1485 4449 1771 4526 βὸυληθεὶς
1803 4471 1911 4508 πα-

2010 4451 2109 4508 Sin
2134 4467 2263 4508 vero
2293 4466 2398 4506 una
2446 4452 2556 4508 Deo
2624 4451 2844 4509 suiiecit
2890 4451 3143 4509 voluntas
3175 4454 3242 4509 ad
3283 4470 3466 4512 rerum
3500 4471 3619 4511 oin-

321 4541 584 4615 ραχρῆμα
608 4541 678 4596 τὰ
724 4541 800 4614 μή
828 4541 958 4597 δντα
988 4540 1190 4609 ἔδειξεν
1216 4544 1366 4611 δντα,
1397 4541 1644 4611 δεξάσθω
1681 4546 1711 4601 6
1756 4548 1907 4602 ἀντιο

2023 4543 2165 4600 nium
2190 4543 2547 4611 creationem,
2564 4543 2861 4617 statimque
2884 4558 2951 4601 ao
2971 4544 3301 4617 voluit,qum
3326 4560 3433 4603 non
3461 4556 3622 4604 erant

319 4630 495 4702 λόγων
517 4631 615 4686 καὶ
638 4630 737 4703 τὴν
763 4631 1017 4703 γέννησιν
1040 4630 1137 4685 τοῦ
1156 4632 1293 4687 Θεοῦ
1319 4634 1527 4699 πάθους
1556 4634 1910 4708 ἀπηλλάχθαι

320 4723 546 4787 παντός.
584 4722 801 4796 Ὥσπερ
827 4723 887 4778 δὲ
935 4724 996 4777 ού
1048 4727 1162 4789 τοῖς
1204 4725 1515 4799 ἀνθρώποις
1548 4729 1750 4802 ὁμοίως
1782 4731 1906 4803 ἔδη-

320 4814 678 4889 μιούργησεν,
708 4815 882 4881 οὕτως
918 4814 1045 4871 οὔτε
1074 4819 1279 4891 ὁμοίως
1307 4819 1621 4893 ἐγέννησεν.

391 5039 452 5098 ι’.
497 5041 596 5110 τίς
626 5043 666 5112 ἠ
718 5042 925 5099 ἔννοια
967 5042 1089 5099 τῶν
1115 5043 1227 5100 τοῦ
1253 5044 1475 5114 Κυρίου
1504 5044 1833 5116 ὀνομάτων.

391 5175 485 5229 Διὸ
525 5174 622 5231 καὶ
669 5177 699 5229 6
744 5176 918 5247 Λόγος
942 5179 974 5231 6
1017 5176 1146 5243 Υίδς
1190 5168 1521 5251 ὀνομάζεται
1554 5177 1631 5243 ὡς
1680 5178 1913 5247 ἀπαθῶς

323 5264 637 5336 γεννηθεὶς,
669 5266 815 5322 κατά
861 5268 953 5323 τὸν
993 5269 1059 5323 ὲκ
1088 5267 1185 5324 τοῦ
1219 5270 1312 5325 νοῦ
1358 5270 1729 5342 γεγενημένον
1756 5270 1913 5342 λόγον

321 5358 574 5425 ἀπαθῶς.
623 5358 750 5425 Υίδς
783 5360 843 5416 δὲ
871 5360 1118 5419 καλεῖται
1142 5362 1219 5428 ὡς
1254 5364 1319 5417 ἐκ
1343 5362 1439 5418 τοῦ
1474 5363 1691 5435 [ἰατρὸς
1718 5382 1914 5439 γεννη-

403 5518 485 5595 (i)_
516 5516 882 5595 Reprehendit
910 5520 1057 5595 dicta
1084 5524 1154 5578 ab
1178 5522 1310 5577 Ario
1332 5524 1386 5579 in
1411 5524 1579 5595 impio
1603 5524 1743 5580 libro
1764 5525 1911 5581 Tha-

330 5588 423 5651 lia.
456 5588 523 5643 de
554 5588 664 5658 quo
694 5588 1045 5656 Athanasius.
1075 5602 1216 5648 orat.
1249 5608 1267 5648 ι
1299 5588 1732 5652 contra'Arium.
1762 5596 1914 5653 Gre-

324 5674 422 5714 cos
455 5658 786 5732 Latinosque
799 5658 991 5716 Patres
1015 5664 1105 5732 qui
1133 5664 1389 5719 Ariauam
1418 5664 1671 5721 haeresim
1710 5668 1913 5722 refuta-

329 5737 526 5808 verunt
572 5727 856 5808 diligenter
908 5747 1007 5788 nos
1032 5727 1440 5808 :recensuitnus
1484 5736 1541 5791 in
1575 5737 1811 5808 prologo
1844 5738 1912 5793 ad

331 5798 633 5886 fragm-cata
655 5798 1237 5886 rAgria‘norumhseript.
1259 5813 1392 5886 vet.,
1420 5815 1551 5886 tom:
1574 5798 1663 5872 ῘΙΙ,
1687 5798 1827 5886 pu'rt.
1849 5823 1909 5872 ιι,

331 5867 454 5939 pag.
491 5867 592 5924 i88
613 5884 729 5942 seq.
764 5868 985 5942 Plenam
1001 5867 1292 5929 Arianismi
1317 5867 1714 5942 expositionem
1741 5867 1913 5933 babes

330 5937 473 6011 apud
504 5937 819 6012 praedictum
844 5937 1199 6002 Athanasium
1224 5953 1285 6001 et-
1304 5937 1645 6015 Fulgentium
1676 5945 1911 6024 Ferran-

2018 4634 2150 4691 fecit
2182 4636 2479 4703 exsistere,
2504 4637 2755 4693 admittat
2798 4637 3149 4697 adversarius
3168 4683 3183 4708 ,
3209 4643 3619 4713 generationem

2017 4738 2236 4799 quoque
2266 4726 2396 4794 Dei,
2448 4731 2703 4799 passione
2752 4732 2903 4787 omni
2955 4747 3203 4790 vacasse.
3269 4733 3404 4789 Nam
3458 4736 3621 4793 sicuti

2019 4819 2167 4875 haud
2192 4834 2257 4875 ea
2300 4836 2411 4893 qna
2442 4823 2690 4880 homines
2736 4824 2916 4881 solent
2967 4828 3185 4883 ratione
3237 4828 3470 4895 creavit,
3526 4830 3613 4896 sie

2020 4912 2270 4969 dissimili
2300 4928 2519 4986 quoque
2546 4917 2706 4971 modo
2741 4918 2949 4989 genuit.

2277 5045 2347 5103 Χ.
2382 5045 2524 5114 Quid
2547 5049 2851 5121 signiﬁcent
2883 5050 3097 5108 Domini
3134 5054 3375 5112 nomine.

2090 5180 2216 5241 Ideo
2248 5195 2304 5240 et
2335 5183 2504 5241 Filius
2522 5185 2760 5243 Verbum
2782 5188 3095 5245 nominatur
3128 5204 3229 5247 ceu
3268 5189 3621 5262 inpassibili-

2021 5282 2107 5332 ter
2134 5276 2375 5348 genitus,
2411 5277 2578 5333 veluti
2602 5292 2672 5334 ex
2712 5288 2895 5335 mente
2954 5282 3202 5353 genitum
3244 5286 3473 5341 verbum
3498 5284 3620 5343 abs-

2020 5382 2131 5440 que
2156 5370 2432 5442 passione.
2466 5367 2639 5427 Filius
2664 5385 2796 5429 vero
2828 5383 3072 5441 vocatur,
3100 5375 3231 5446 quia
3249 5391 3318 5433 ex
3348 5374 3514 5436 Patre
3526 5394 3625 5452 ge-

2017 5529 2149 5607 dum
2182 5544 2211 5583 τι
2247 5530 2404 5607 nobis
2438 5530 2668 5599 editum,
2702 5546 2913 5607 necnon
2952 5532 3008 5607 in
3042 5532 3365 5607 fragmentis
3402 5551 3431 5592 ιι
3467 5538 3627 5597 nobis

2023 5600 2168 5688 item
2192 5613 2277 5688 clx
2300 5600 2656 5688 palimpsesto
2678 5606 2886 5688 lerutis,
2924 5606 2979 5688 ei.
3020 5600 3163 5688 saepe
3180 5607 3355 5688 _alib_i_.

2094 5670 2171 5741 (2)
2210 5670 2379 5747 Cod,
2402 5670 2619 5743 ὀδύνην,
2655 5674 2913 5731 dolorem.
2940 5673 3048 5732 Sed
3087 5670 3255 5733 malui
3283 5678 3471 5743 ὠδῖνα,
3497 5696 3624 5747 par-

2020 5750 2155 5814 iunt.
2196 5752 2255 5814 u_t
2297 5742 2436 5799 infra
2476 5742 2598 5814 cap.
2641 5760 2696 5799 ι.

2091 5811 2169 5891 (ὅ)
2212 5810 2763 5891 Ferrandus'coutra
2797 5816 3035 5891 Anan_o_s
3068 5817 3213 5891 apud
3249 5833 3381 5891 nos,
3409 5819 3619 5891 Script.

2020 5889 2151 5946 νει..
2186 5892 2317 5961 tum.
2351 5882 2434 5949 Ill,
2474 5892 2613 5957 part.
2654 5901 2714 5954 ιι,
2762 5894 2889 5959 pag.
2925 5888 3051 5952 171,
3087 5882 3219 5946 dicit
3264 5882 3623 5960 subjacrnt'em

2018 5961 2318 6010 materiam.
