4036 6336
474 409 614 467 41ςῖ9

1458 406 1515 464 S.
1560 404 1826 464 CYRlLlJ
1868 402 2337 460 ALEXANDRINI
2382 402 2703 459 ARCIIIEP.

3587 401 3725 455 1Ιὶδο

474 537 699 585 nerantc
721 523 1057 596 provenicns.
1086 524 1228 580 Deus
1251 522 1378 578 item
1403 521 1719 591 appellatur,
1745 537 1839 575 ceu
1866 529 2044 590 pater-

2149 518 2261 581 τῶς
2316 516 2611 587 προελθών.
2665 514 2798 576 Θεὸς
2860 512 2915 565 δὲ
2986 508 3449 585 προσαγορεύεται
3498 512 3575 577 ὡς
3627 518 3728 582 τῆς

474 636 555 676 na:
590 629 791 672 natura:
821 617 1107 685 particeps.
1136 624 1188 668 et
1241 612 1531 683 persimilis
1590 612 1679 667 Dei
1732 611 2043 682 generantis

474 714 686 780 imago:
723 708 1026 777 unigenitus
1053 718 1253 772 autem,
1281 720 1377 759 ceu
1409 707 1555 760 solus
1587 708 1651 761 de
1680 707 1819 770 solo,
1852 704 2041 759 unico-

471 818 575 873 que
615 802 771 856 modo
793 802 1006 871 genitus
1037 817 1049 853 :
1086 798 1336 869 splendor
1361 796 1563 867 gloriae,
1598 813 1696 853 ceu
1730 799 1828 868 qui
1851 799 1903 852 in
1952 812 2041 851 se-

472 898 587 965 ipso
624 893 834 948 Patrem
868 901 1237 961 reprmsentat,
1273 904 1591 960 semperque
1619 906 1743 946 cum
1776 894 2032 961 gignente

469 996 573 1052 est,
612 988 768 1042 sicuti
793 1000 913 1041 cum
945 985 1062 1040 luce
1087 983 1373 1052 splendor:
1415 981 1581 1051 figura
1612 983 1952 1045 substantia,
1977 998 2044 1037 ne

471 1082 609 1135 forte
658 1080 950 1147 simplicem
991 1076 1279 1139 actionem,
1340 1073 1432 1128 sed
1486 1075 1753 1131 viventem
1786 1075 2045 1129 substan-

471 1173 598 1225 tiam
630 1170 796 1225 Deum
841 1167 1075 1222 Verbum
1116 1181 1241 1221 esse
1263 1167 1475 1230 credas,
1511 1179 1634 1235 qua:
1660 1172 1829 1220 totum
1876 1164 1928 1220 in
1984 1179 2046 1219 sc

468 1264 764 1331 genitorem
823 1269 1194 1330 repraesentat.
1248 1259 1648 1330 Primogenitus
1703 1267 1882 1313 autem
1940 1271 2044 1311 non

471 1352 662 1405 divina:
682 1360 907 1414 natura),
932 1351 1025 1404 sed
1055 1350 1474 1418 dispensationis
1499 1350 1776 1417 proprium
1809 1348 2045 1401 vocabu-

471 1443 599 1497 lum.
623 1442 754 1496 Nam
787 1443 874 1511 qui
901 1440 1016 1495 fieri
1045 1449 1229 1512 posset
1262 1452 1322 1497 nt
1342 1441 1432 1497 Dei
1463 1440 1685 1512 387m
1740 1440 1970 1495 Verbum
1994 1447 2048 1491 ct

469 1535 805 1605 nnigenitmn
830 1542 974 1588 esset
1009 1544 1063 1588 et
1124 1534 1577 1606 primogenitum?
1620 1532 1867 1603 Pugnant
1902 1530 2046 1585 enim

468 1625 581 1680 haec
610 1625 749 1680 inter
778 1641 837 1680 se
874 1624 1131 1679 vocabula
1168 1641 1181 1676 :
1220 1638 1449 1694 namque
1474 1623 1802 1693 unigenitus,
1828 1612 2046 1677 unicum

466 1717 704 1785 genitum
740 1714 1034 1784 signiﬁcat;
1081 1716 1474 1784 primogenitus
1533 1724 1714 1768 autem
1776 1727 1900 1767 eum
1952 1712 2045 1782 qui

464 1819 589 1861 ante
614 1818 837 1862 ceteros
875 1806 1091 1876 genitus
1148 1806 1331 1870 fuerit,
1388 1818 1442 1861 et
1480 1805 1726 1875 reliquos
1756 1802 2045 1858 nativitate

2146 608 2417 679 πατρικῆς
2444 607 2659 676 φύσεως
2694 605 2955 676 μετέχων,
2988 606 3081 658 καὶ
3109 604 3529 676 ἀπαράλλακτος
3563 605 3727 657 εἰκὼν

2144 701 2404 771 ὑπάρχων
2444 699 2536 752 τοῦ
2577 698 2710 752 Θεοῦ
2755 698 3137 765 γεννήσαντος.
3178 697 3487 767 Μονογενὴς
3521 697 3603 759 δὲ,
3652 695 3726 759 ὡς

2146 793 2303 860 μόνος
2333 795 2396 845 ὲκ
2433 792 2615 861 μόνου,
2662 790 2755 844 καὶ
2796 788 3147 859 μονοτρόπως
3191 787 3473 858 γεννηθείς
3499 803 3515 819 ·
3545 788 3726 839 ame-

2144 897 2330 950 γασμα
2358 880 2536 951 δόξης,
2570 878 2646 943 ὼς
2693 881 2749 931 ὲν
2789 878 2938 948 αύτῷ
2967 879 3059 931 τὸν
3104 878 3323 949 Πατέρα
3349 877 3585 941 δεικνὺς,
3634 878 3731 930 καὶ

2146 978 2231 1029 ἀεὶ
2263 976 2441 1029 συνὼν
2480 974 2559 1045 τῷ
2598 976 2941 1045 γεννήσαντι,
2972 973 3161 1045 ὥσπερ
3186 973 3264 1043 τῷ
3292 974 3431 1041 φωτὶ
3459 973 3521 1025 τὸ
3544 971 3728 1025 ἀπαύ-

2144 1083 2364 1137 γασμα·
2394 1066 2684 1139 χαρακτὴρ
2730 1066 3099 1129 ὑποστάσεως,
3134 1065 3220 1118 ἵνα
3252 1064 3327 1135 μὴ
3371 1063 3535 1134 ψιλὴν
3574 1064 3728 1133 ἐνέρ-

2145 1175 2318 1227 γειαν,
2352 1158 2489 1212 ἀλλὰ
2536 1157 2719 1223 ζῶσαν
2760 1158 3056 1211 ὑπόστασιν
3083 1157 3173 1210 τὸν
3219 1157 3351 1209 Θεὸν
3379 1157 3552 1225 Λόγον
3590 1150 3730 1209 εἶναι

2148 1250 2442 1321 πιστεύσῃς
2460 1291 2475 1315 ,
2501 1249 2622 1310 ὅλον
2648 1252 2706 1303 ἐν
2733 1251 2896 1321 ἑαυτῇ
2929 1249 3020 1302 τὸν
3046 1250 3383 1318 γεννήσαντα
3407 1247 3728 1300 δεικνῦσαν·

2144 1341 2206 1394 τὸ
2234 1341 2291 1393 δὲ
2322 1342 2662 1412 πρωτότοκος
2708 1343 2809 1395 οὐκ
2844 1342 2957 1394 ἐστι
2990 1340 3089 1412 τῆς
3124 1339 3274 1404 θείας
3303 1340 3549 1410 φύσεως,
3590 1337 3730 1392 ἀλλὰ

2145 1432 2244 1501 τῆς
2269 1434 2583 1503 οἰκονομίας
2615 1432 2786 1505 ὄνομα
2806 1450 2818 1463 ·
2847 1433 2962 1497 ad);
2987 1434 3097 1504 γάρ
3120 1429 3234 1488 οἷόν
3257 1451 3315 1486 τε
3341 1434 3433 1487 τὸν
3456 1433 3593 1487 Θεὸν
3628 1432 3731 1485 Λό-

2147 1540 2265 1591 γον,
2301 1525 2395 1577 καὶ
2444 1525 2707 1595 μονογενῆ
2755 1527 2849 1579 καὶ
2881 1526 3225 1596 πρωτότοκον
3258 1520 3435 1592 srvat;
3481 1526 3735 1580 Ἐναντία

2147 1616 2252 1686 γὰρ
2298 1614 2366 1668 τά
2414 1616 2689 1686 ὀνόματα·
2736 1618 2830 1671 καὶ
2871 1619 2900 1671 6
2948 1619 3049 1688 μὲν
3093 1619 3390 1691 μονογενὴς
3428 1619 3520 1673 τὸν
3567 1622 3732 1689 μόνον

2148 1708 2476 1779 γεννηθέντα
2513 1711 2793 1781 σημαίνει,
2819 1714 2847 1764 ό
2877 1711 2933 1765 δὲ
2972 1713 3312 1783 πρωτότοκος
3358 1712 3449 1767 τὸν
3477 1714 3584 1783 πρὸ
3615 1712 3736 1767 ἐτέ-

2151 1815 2260 1868 ρων
2310 1799 2589 1869 τεχθέντα,
2625 1802 2716 1855 καὶ
2752 1802 2953 1873 ἐτέρων
2990 1802 3069 1872 τῷ
3110 1802 3256 1873 τόκῳ
3284 1802 3669 1874 πρωτεύοντα⁸
3696 1802 3734 1858 ὁ

467 1893 824 1968 praecesserit.
858 1899 1026 1953 Porro
1048 1896 1282 1953 Verbum
1308 1883 1447 1951 Deus
1477 1896 1697 1950 fratrem
1725 1910 1831 1950 non
1868 1892 2044 1957 habet,

2152 1890 2283 1951 Θεὸς
2316 1890 2369 1943 δὲ
2417 1891 2589 1959 Λόγος
2632 1892 2863 1962 ἀδελφὸν
2906 1895 3008 1948 οὐκ
3051 1894 3187 1966 ἔχει,
3236 1894 3531 1965 μονογενὴς
3580 1896 3733 1966 γάρ’

467 1996 657 2057 utpote
689 1986 1022 2058 unigenitus.
1052 1985 1334 2052 Quomodo
1364 1999 1494 2055 ergo
1520 1986 1592 2038 sit
1620 1982 2009 2053 primogenitus
2030 2020 2045 2043 ,

466 2078 557 2146 qui
586 2077 735 2131 solus
769 2092 797 2129 a
831 2076 989 2130 Patre
1037 2075 1139 2129 fuit
1163 2074 1413 2145 genitus?
1471 2072 1698 2128 Constat
1746 2076 1914 2142 igitur
1938 2070 2044 2123 dis—

468 2166 796 2237 pensationis
816 2181 937 2221 esse
968 2166 1309 2230 vocabulum,
1343 2184 1361 2216 ι
1393 2164 1799 2235 primogenitus.
1823 2180 1843 2214 ι

529 2257 682 2323 Quod
724 2258 765 2311 si
795 2257 917 2323 quis
944 2257 1118 2310 adhuc
1172 2254 1403 2317 dubitat,
1457 2268 1487 2307 a
1539 2253 1703 2309 Paulo
1729 2254 1900 2307 discat
1930 2251 2045 2305 cla—

468 2358 652 2403 mante
685 2367 698 2403 :
745 2366 763 2398 ι
802 2348 950 2414 Quos
978 2344 1251 2415 praescivit
1286 2352 1340 2397 et
1386 2342 1782 2412 praedestinavit
1830 2340 2044 2394 confor-

471 2456 585 2495 mes
608 2441 721 2495 fieri
756 2438 973 2509 imagini
1007 2436 1129 2491 Filii
1164 2437 1269 2504 sui,
1298 2446 1353 2489 ut
1385 2436 1456 2489 sit
1502 2435 1618 2504 ipse
1656 2434 2045 2503 primogenitus

472 2534 523 2585 in
564 2531 752 2586 multis
800 2531 1055 2584 fratribus
1093 2528 1158 2582 ".
1205 2547 1223 2579 ›
1266 2526 1383 2581 Jam
1419 2525 1702 2593 cujusnam
1747 2524 2043 2579 secundum

470 2634 718 2678 naturam
751 2623 944 2676 fratres
976 2628 1100 2675 sunt
1128 2621 1218 2689 qui
1240 2619 1509 2674 credunt?
1534 2617 1686 2671 llaud
1718 2630 1849 2671 sane
1885 2616 2043 2669 Verbi

472 2717 1026 2784 Dci,sedcongenitae
1079 2712 1483 2767 humanitatis:
1536 2724 1767 2778 namque
1798 2718 1852 2763 ct
1919 2708 2044 2762 huic

466 2819 592 2865 sunt
618 2808 945 2863 conformes.
987 2806 1118 2859 Item
1150 2804 1273 2857 alibi
1313 2804 1391 2857 ait
1426 2818 1440 2854 :
1485 2821 1505 2853 ι
1561 2800 1664 2868 Qui
1717 2800 2043 2855 reformabit

469 2912 666 2965 corpus
704 2894 1029 2949 humilitatis
1057 2902 1276 2958 nostrae,
1301 2900 1361 2946 ut
1396 2892 1485 2945 fiat
1522 2890 1802 2945 conforme
1827 2891 2042 2958 corpori

473 2985 659 3053 gloria:
693 3000 806 3036 sum
840 2984 897 3036 “.
941 3002 957 3035 ι
995 2983 1135 3051 Ergo
1172 2983 1310 3035 idem
1339 2992 1419 3035 est
1449 2997 1662 3051 quoque
1702 2982 2046 3049 primogeni-

471 3088 581 3140 tus,
627 3076 717 3146 qui
775 3074 991 3129 nndtos‘
1027 3077 1186 3129 habet
1230 3073 1451 3147 fratres.
1512 3072 1589 3134 De
1628 3073 1823 3143 quibus
1852 3072 2042 3141 ipsein

474 3168 699 3222 Psalmis
760 3166 874 3220 ait:
931 3185 948 3217 ι
1004 3164 1247 3220 Narrabo
1304 3178 1498 3219 nomen
1555 3173 1706 3217 tuum
1774 3162 2038 3219 fratribus

476 3261 611 3315 meis
642 3260 708 3315 ".
751 3277 771 3312 ι
801 3258 951 3312 llaud
999 3272 1125 3313 vero
1182 3256 1344 3311 alium
1393 3256 1749 3325 unigenitum,
1778 3266 1831 3310 et
1876 3256 2040 3311 alium

473 3350 888 3422 primogenitum
919 3363 1040 3406 esse
1063 3350 1313 3415 dicimus,
1346 3350 1440 3404 sed
1495 3351 1770 3414 eumdem,
1805 3365 1909 3404 non
1956 3360 2039 3403 ta-

473 3459 593 3498 men
634 3443 929 3498 secnndum
985 3442 1144 3497 idem.
1187 3440 1506 3511 Unigenitus
1556 3442 1699 3496 enim
1744 3442 2043 3512 appellatus

469 3544 551 3589 est
581 3534 873 3589 secundum
904 3532 1178 3588 caelestem
1238 3532 1610 3598 nativitatem;
1654 3531 2043 3603 primogenitus

470 3642 602 3681 vero
628 3635 873 3688 vocatus,
912 3637 1008 3678 ceu
1041 3624 1129 3692 qui
1180 3624 1389 3692 primus
1421 3621 1722 3684 nativitatis
1761 3622 1826 3677 ad
1875 3625 2041 3693 vitam

471 3716 787 3772 deducentis
806 3724 1018 3785 partum
1070 3714 1247 3769 solvit.
1286 3713 1409 3769 ldeo
1460 3726 1511 3769 et
1549 3714 1940 3789 primogenitus
1974 3732 2041 3771 ex

471 3809 700 3863 mortuis
725 3794 1030 3861 nominatur
1060 3804 1126 3869 ⁸⁸,
1152 3807 1274 3875 quia
1302 3806 1507 3874 primus
1536 3808 1853 3871 resurrexit,
1900 3822 2043 3863 mor-

474 3901 646 3969 tisque
668 3900 861 3969 januas
894 3898 1194 3953 reseravit:
1234 3898 1627 3968 primogenitus
1657 3912 1873 3968 quoque
1920 3912 2040 3952 om-

473 3993 556 4047 nis
580 4000 840 4045 creatura:
871 3989 935 4053 “,
959 4004 1056 4044 ceu
1085 3989 1297 4059 primus
1317 3988 1369 4042 iu
1410 4004 1548 4043 nova
1573 3989 1853 4043 creatione
1869 3989 2043 4044 editus

472 4099 631 4154 quam
660 4092 817 4138 natus
853 4084 1167 4137 renovavit:
1198 4082 1262 4137 de
1291 4096 1394 4151 qua
1424 4081 1610 4136 beatus
1633 4081 1829 4137 Paulus
1861 4083 1991 4137 dicit
2028 4100 2040 4136 :

476 4195 494 4226 ‹
535 4175 591 4231 Si
627 4189 730 4246 qua
763 4176 814 4229 in
844 4173 1059 4229 Christo
1106 4188 1242 4241 nova
1304 4182 1553 4228 creatura
1577 4213 1593 4238 ,
1631 4184 1814 4229 vetera
1865 4183 2043 4229 trans-

472 4269 671 4331 ierunt,
692 4280 819 4321 ecce
844 4281 980 4320 nova
1005 4266 1143 4319 facta
1168 4276 1295 4320 sunt
1320 4265 1500 4319 omnia
1519 4265 1581 4319 ¹⁸.
1597 4265 1775 4332 »Ωιιοά
1791 4266 1840 4321 si
1870 4267 2045 4321 adhuc

471 4361 702 4428 litigent,
742 4358 832 4428 qui
856 4359 1183 4413 contendere
1230 4356 1440 4411 malunt
1492 4372 1651 4427 quam
1707 4360 2043 4427 persuaderi,

468 4453 535 4507 de
570 4452 690 4521 ipso
723 4446 897 4505 Verbo
930 4448 1039 4505 Deo
1071 4450 1270 4504 dictum
1301 4462 1445 4513 esse,
1466 4466 1485 4500 ι
1510 4449 1899 4519 primogenitus
1924 4465 2043 4505 om-

471 4544 559 4597 nis
588 4551 869 4605 crealurae,
890 4557 909 4590 ι
939 4538 1175 4609 ipsorum
1197 4537 1467 4593 inscitiam
1499 4538 1793 4593 ridebimus
1824 4556 1837 4592 :
1870 4539 2044 4593 iudul-
2078 4579 2121 4633 Β

470 4632 713 4701 gebimus
749 4629 911 4683 simul
965 4627 1185 4696 aliquid,
1229 4637 1282 4682 ut
1339 4631 1500 4683 etiam
1556 4629 1636 4682 sic
1699 4628 1854 4683 valde
1902 4632 2041 4698 apud

470 4739 565 4778 nos
592 4723 866 4776 abundare
892 4722 1177 4777 veritatem
1200 4725 1569 4778 ostendamus.
1610 4722 1810 4777 Dicitur
1845 4725 2044 4794 quippe

470 4813 885 4883 primogenitus,
916 4829 1020 4867 non
1052 4824 1231 4868 autem
1260 4814 1465 4882 primus
1488 4826 1702 4869 creatus
1735 4815 1876 4869 inter
1925 4832 2043 4870 om-

471 4921 566 4959 nes
589 4914 866 4959 creaturas
893 4922 908 4959 :
932 4914 987 4958 nt
1009 4905 1210 4974 liquido
1237 4915 1516 4976 appareat,
1535 4920 1656 4961 eum
1677 4918 1801 4961 ante
1825 4924 2041 4963 omnem

468 5006 774 5050 creaturam
822 4996 1043 5069 688m
1090 4999 1328 5067 genitum
1385 4998 1581 5066 fuisse,
1632 4999 1870 5069 nihilque
1924 5016 2044 5056 esse

469 5085 604 5140 Fdio
638 5086 930 5155 antiquius,
962 5090 1053 5141 sed
1078 5103 1197 5143 cum
1218 5089 1381 5143 Patre
1403 5105 1618 5158 semper
1643 5089 1833 5155 fuisse,
1864 5100 1918 5144 et
1940 5107 2041 5144 an-

470 5188 523 5231 te
604 5192 821 5232 omnem
864 5188 1169 5233 creaturam
1219 5181 1515 5237 exstitisse.
1601 5182 1862 5238 Universa
1914 5196 2041 5238 vero

470 5279 773 5325 creatarum
798 5283 975 5324 rerum
1004 5280 1193 5325 natura
1224 5274 1409 5342 utique
1437 5274 1704 5341 posterior
1737 5283 1843 5338 est,
1871 5274 2042 5344 siqui-

468 5359 587 5413 dem
621 5358 689 5411 ab
719 5359 837 5428 ipso
861 5360 926 5412 ad
954 5361 1323 5416 exsistendum
1354 5361 1454 5416 fuit
1479 5364 1757 5433 perducta.
1780 5363 1924 5419 Nihil
1956 5381 2046 5420 cr-

468 5462 535 5518 go
570 5449 693 5503 hinc
724 5448 1054 5520 blasphemis
1085 5451 1217 5508 lucri
1251 5458 1491 5510 accedet.

539 5753 777 5833 ‘_°_llom.
816 5776 933 5833 vni,
964 5763 1051 5821 9.9.

462 5837 517 5883 ν.
556 5823 640 5880 Π.

1174 5767 1215 5799 “
1254 5765 1480 5839 Philipp.
1516 5785 1593 5837 ut,
1621 5768 1710 5824 τι.
1793 5772 1833 5803 ⁸⁸
1861 5769 2003 5844 Psal.
2059 5785 2169 5840 ut,
2194 5771 2290 5829 ‘35.

2150 1980 2267 2045 πῶς
2300 1978 2394 2035 οὖν
2424 1984 2770 2054 πρωτότοκος
2809 1988 2838 2039 6
2868 1988 3028 2058 μόνος
3057 1987 3122 2040 ὲκ
3149 1986 3244 2040 τοῦ
3291 1987 3503 2057 Πατρός
3548 2003 3736 2056 γεννη-

2152 2070 2265 2133 θείς
2287 2088 2301 2136 ;
2331 2073 2539 2125 Οὐκοῦν
2570 2073 2811 2145 εὔδηλον,
2832 2076 2907 2141 ὡς
2927 2078 3027 2148 τῆς
3052 2078 3364 2148 οἰκονομίας
3394 2098 3410 2129 ι
3431 2076 3491 2130 τὸ
3520 2079 3736 2148 πρωτόη

2147 2176 2303 2223 τοκος
2331 2180 2349 2213 ι
2385 2161 2577 2231 ὄνομα.

2220 2252 2283 2306 Εἰ
2312 2252 2368 2305 δέ
2410 2270 2495 2315 τις
2545 2255 2898 2325 ἀμφιϐάλλει,
2950 2258 3101 2328 παρὰ
3146 2257 3359 2313 Παύλου
3413 2260 3737 2329 μανθανέτω

2150 2344 2382 2413 βοῶντος
2402 2365 2414 2377 ”
2453 2365 2472 2398 ι
2509 2348 2629 2401 Ὀτι
2674 2348 2767 2413 οὓς
2797 2351 3071 2422 προέγνω,
3099 2353 3194 2406 xai.
3237 2352 3545 2425 προώρισεν
3590 2370 3733 2422 συμ-

2152 2435 2394 2508 μόρφους
2425 2438 2525 2507 τῆς
2568 2439 2774 2504 εἰκόνος
2816 2442 2911 2495 τοῦ
2966 2444 3095 2496 Υίοῦ
3145 2444 3312 2496 αὑτοῦ
3356 2447 3435 2507 εἰς
3481 2445 3543 2498 τὸ
3592 2441 3737 2497 εἶναι

2147 2526 2312 2580 αὑτὸν
2340 2528 2683 2597 πρωτότοκον
2717 2532 2774 2584 ὲν
2804 2531 3019 2596 πολλοῖς
3062 2533 3334 2601 ἀδελφοῖς.
3382 2555 3400 2586 ι
3440 2535 3597 2598 Τίνος
3623 2535 3733 2605 γὰρ

2149 2618 2291 2670 κατὰ
2330 2617 2490 2687 φύσιν
2532 2620 2755 2689 ἀδελφοὶ
2804 2623 2853 2673 οἱ
2880 2624 3290 2690 “πιστεύοντες;
3333 2627 3407 2679 Οὐ
3456 2626 3550 2679 τοῦ
3595 2626 3736 2680 Θεοῦ

2148 2708 2342 2776 Λόγου,
2388 2709 2527 2763 ἀλλὰ
2568 2711 2669 2781 τῆς
2713 2714 2988 2783 όμοφυοῦς
3037 2715 3487 2788 ἀνθρωπότητος·
3530 2718 3736 2787 ταύτης

2147 2800 2255 2869 γάρ
2285 2803 2389 2854 εἱσι
2412 2804 2505 2855 καὶ
2545 2803 2879 2876 σύμμορφοι.
2910 2808 3018 2860 Καὶ
3040 2808 3306 2881 ἑτέρωθεν
3339 2810 3526 2879 ἔλεγεν
3548 2827 3560 2840 ’
3587 2831 3605 2863 ι
3639 2814 3735 2875 Ὃς

2151 2894 2622 2963 μετασχηματίσει
2669 2896 2729 2949 τὸ
2791 2896 2950 2968 σῶμα
3005 2899 3101 2969 τῆς
3152 2902 3531 2967 ταπεινώσεως
3577 2904 3738 2974 ἡμῶν

2148 2985 2225 3044 εἰς
2279 2985 2338 3036 τὸ
2384 2985 2635 3051 γενέσθαι
2689 2989 2821 3042 αὐτὸ
2877 2990 3203 3061 σύμμορφον
3253 2993 3329 3065 τῷ
3380 2994 3591 3067 σώματι
3634 3000 3736 3067 τῆς

2147 3070 2305 3144 δόξης
2343 3073 2530 3129 αὐτοῦ.
2562 3093 2580 3127 ι
2619 3076 2831 3130 Οὐκοῦν
2871 3080 3031 3142 αύτός
3060 3082 3177 3133 ἐστι
3203 3082 3297 3133 καὶ
3324 3084 3671 3153 πρωτότοκος
3708 3088 3737 3136 6

2146 3160 2270 3222 τοὺς
2298 3162 2527 3225 πολλοὺς
2559 3163 2698 3233 ἔχων
2727 3166 2991 3235 ἀδελφούς
3013 3186 3025 3198 ⁸
3058 3170 3186 3239 περὶ
3214 3163 3288 3224 ὧν
3309 3172 3469 3236 αὐτὸς
3502 3174 3559 3225 ὲν
3589 3174 3731 3226 Ψαλ-

2152 3254 2274 3320 μοῖς
2318 3270 2482 3322 φησιν
2507 3270 2518 3282 ·
2558 3273 2575 3305 ι
2636 3256 2956 3325 ’Λπαγγελῶ
2993 3261 3055 3313 τὸ
3083 3261 3253 3332 όνομά
3292 3281 3384 3316 σου
3427 3267 3539 3328 τοῖς
3582 3265 3736 3320 ἀδελ·
3814 3288 3817 3289 ν

2151 3344 2273 3411 φοῖς
2304 3360 2427 3414 μου.
2484 3364 2501 3397 ι
2550 3349 2666 3400 Ούκ
2706 3349 2865 3404 ἄλλον
2905 3351 2961 3405 δὲ
2987 3352 3079 3406 τὸν
3131 3357 3416 3428 μονογενῆ,
3455 3360 3547 3413 καὶ
3576 3359 3737 3414 ἄλλον

2148 3432 2240 3485 τὸν
2290 3434 2634 3505 πρωτότοκον
2678 3432 2819 3492 εἷναί
2869 3458 3073 3512 φαμεν,
3125 3443 3273 3498 ἀλλὰ.
3309 3447 3400 3501 τὸν
3440 3448 3622 3516 αὐτὸν,
3672 3453 3736 3503 οὐ

2151 3525 2296 3578 κατὰ
2345 3526 2406 3579 τὸ
2438 3528 2571 3581 αὐτὸ
2622 3530 2699 3585 δέ.
2748 3533 3059 3606 Μονιγενὴς
3106 3536 3209 3609 μὲν
3261 3540 3370 3611 γάρ
3417 3540 3735 3611 ὠνόμασται

2152 3621 2292 3675 κατὰ
2329 3623 2427 3691 τὴν
2455 3622 2663 3677 ἄνωθεν
2692 3624 2967 3697 γέννησιν.
3002 3630 3345 3700 πρωτότοκος
3371 3633 3427 3687 δὲ
3470 3635 3736 3706 κέκληται

2150 3714 2224 3776 ὼς
2256 3713 2469 3783 πρῶτος
2511 3717 2609 3787 τῆς
2661 3719 2754 3771 ὲπὶ
2784 3721 2884 3791 τήν
2913 3720 3057 3793 ζωήν
3106 3725 3381 3798 φερούσης
3424 3730 3733 3801 γεννήσεως

2148 3805 2247 3868 τὰς
2278 3806 2471 3869 ὠδῖνας
2504 3807 2687 3872 λύσας.
2719 3811 2819 3864 Διὰ
2846 3812 3007 3865 τοῦτο
3035 3816 3127 3867 καὶ
3154 3818 3499 3888 πρωτότοκος
3530 3822 3595 3873 ἐκ
3625 3823 3734 3875 τῶν

2149 3896 2358 3966 νεκρῶν
2395 3896 2740 3968 ὀνομάζεται,
2799 3901 2875 3965 ὡς
2919 3903 3135 3974 πρῶτος
3177 3907 3453 3974 ἀναστὰς,
3498 3912 3592 3966 καὶ
3636 3912 3733 3966 τοῦ

2151 3987 2382 4041 θανάτου
2409 3988 2508 4052 τὰς
2546 3990 2721 4055 πύλας
2750 3992 2968 4058 ἀνοίξας
2993 4011 3008 4025 ·
3042 3997 3138 4048 καὶ
3170 3998 3515 4068 πρωτότοκος
3550 4002 3733 4072 πάσης

2149 4078 2247 4147 τῆς
2289 4078 2539 4147 κτίσεως,
2567 4080 2641 4145 ὡς
2664 4083 2881 4154 πρῶτος
2906 4087 2965 4139 ὲν
2994 4089 3062 4159 τῇ
3094 4092 3255 4161 καινῇ
3297 4091 3471 4144 κτίσει
3498 4092 3731 4163 τεχθεὶς,

2149 4167 2216 4237 ἣν
2243 4170 2551 4222 ἀνεκαίνισε
2580 4172 2861 4244 γεννηθείς
2882 4192 2895 4206 ’
2933 4178 3061 4247 περὶ
3103 4172 3173 4250 ἧς
3199 4179 3228 4231 6
3269 4181 3539 4252 μακάριος
3581 4182 3734 4252 λέγει

2151 4259 2390 4323 Παῦλος·
2436 4282 2454 4313 ι
2502 4263 2568 4315 Εἴ
2602 4280 2686 4326 τις
2728 4266 2785 4318 ὲν
2832 4266 3051 4338 Χριστῷ
3082 4269 3244 4341 καινὴ
3274 4272 3481 4338 κτίσις,
3525 4274 3593 4327 τὰ
3632 4280 3735 4346 ἀρ-

2150 4354 2277 4421 χαῖα
2328 4353 2629 4424 παρῆλθον,
2686 4356 2793 4409 ίδοὺ
2834 4358 3026 4427 γέγονε
3064 4362 3131 4415 τά
3176 4362 3355 4417 πάντα
3388 4367 3571 4421 καινά.
3612 4387 3630 4419 ι
3668 4369 3731 4422 Ei

2149 4442 2205 4496 δὲ
2240 4443 2615 4512 φιλονεικείεν,
2647 4448 2695 4500 οἱ
2725 4448 2824 4520 τὴν
2868 4449 2985 4522 ἔριν
3028 4455 3129 4525 τῆς
3168 4455 3389 4521 πειθοῦς
3410 4460 3734 4529 προτιμῶν-

2150 4552 2259 4598 τες,
2296 4540 2423 4608 περὶ
2480 4538 2574 4592 τοῦ
2620 4539 2755 4595 Θεοῦ
2789 4543 2963 4611 Λόγου
3005 4545 3067 4599 τὸ
3096 4548 3440 4618 πρωτότοκος
3480 4552 3731 4623 εἰρῆσθαι

2150 4629 2328 4699 πάσης
2348 4630 2716 4703 κτίσεως,τὴν
2753 4636 2852 4704 μὲν
2876 4636 3114 4707 ἀμαθίαν
3135 4640 3314 4694 αὐτῶν
3346 4641 3693 4713 γελασόμεθα
3714 4662 3727 4674 ·

2153 4721 2577 4791 συγχωρήσομεν
2627 4722 2683 4776 δὲ
2734 4725 2903 4796 ὅμως,
2945 4728 3031 4780 ἵνα
3079 4730 3176 4782 καὶ
3205 4729 3381 4797 οὕτως
3426 4734 3490 4786 ἐκ
3530 4734 3730 4788 πολλοῦ

2150 4811 2243 4863 τοῦ
2276 4814 2559 4883 περιόντος
2588 4818 2718 4890 παρ’
2751 4820 2883 4890 ἡμῖν
2911 4816 3075 4875 οὖσαν
3105 4822 3205 4895 τὴν
3242 4825 3499 4896 ἀλήθειαν
3541 4827 3729 4892 δείξω-

2154 4918 2285 4971 μεν·
2329 4906 2669 4973 πρωτότοκος
2698 4910 2828 4980 γὰρ,
2865 4912 2979 4964 ἀλλ’
3006 4914 3067 4966 ού
3111 4916 3515 4986 πρωτόκτιστος
3548 4921 3729 4993 πάσης

2152 4995 2379 5059 κτίσεως
2417 4998 2632 5067 λέγεται
2652 5018 2667 5031 ’
2700 5002 2775 5065 ὡς
2803 5000 2941 5058 εἶναι
2970 5006 3129 5076 δῆλον
3162 5008 3243 5061 ὅτι
3278 5010 3440 5073 αὐτὸς
3488 5012 3587 5081 μὲν
3624 5017 3731 5087 πρὸ

2150 5086 2331 5158 πάσης
2382 5090 2645 5163 ἐγεννήθη
2692 5096 2790 5165 τῆς
2839 5096 3091 5163 κτίσεως,
3144 5101 3239 5153 καὶ
3282 5101 3435 5156 οὐδὲν
3468 5103 3560 5157 τοῦ
3597 5106 3728 5160 Υίοῦ

2149 5178 2539 5252 πρεσϐύτερον,
2572 5184 2706 5238 ἀλλὰ
2738 5188 2912 5259 Πατρὶ
2941 5191 3038 5259 μὲν
3068 5191 3154 5244 ἀεὶ
3184 5194 3371 5265 συνῆν,
3401 5198 3499 5266 τῆς
3528 5197 3585 5249 δὲ
3612 5200 3729 5251 κτί-

2150 5290 2289 5336 σεως
2316 5274 2536 5345 ἁπάσης
2570 5280 2743 5349 προῆν
2769 5300 2779 5310 ·
2816 5285 2962 5337 πᾶσα
2993 5284 3049 5338 δὲ
3090 5286 3199 5339 τῶν
3226 5288 3727 5360 δημιουργημάτων

2142 5370 2175 5438 ή
2219 5366 2380 5435 φύσις
2415 5369 2639 5443 ὕστερόν
2684 5392 2836 5440 ποτε,
2886 5378 2936 5430 εί
2980 5380 3071 5431 ὑπ’
3104 5381 3268 5434 αὑτοῦ
3310 5384 3446 5455 πρὸς
3489 5386 3551 5436 τὸ
3583 5382 3730 5441 εἶναι

2143 5460 2426 5532 παρήχθη.
2480 5465 2643 5520 Ὥστε
2687 5467 2841 5522 οὐδὲν
2887 5472 3136 5526 ἐντεῦθεν
3172 5477 3284 5541 τοῖς
3340 5476 3725 5551 βλασφημοῦσι

2144 5552 2453 5623 περιέσται.

2400 5777 2441 5809 ¹³
2466 5776 2671 5836 Coloss.
2705 5796 2743 5849 ι,
2788 5783 2873 5838 i8.

2990 5787 3033 5819 "
3065 5789 3200 5847 Ibid.
3241 5793 3328 5849 i5.
3443 5795 3487 5830 ¹⁸
3521 5793 3561 5849 ll
3589 5794 3714 5859 Cor.
