4036 6336
329 442 459 501 μοι

1624 492 1648 516 η
1700 426 1789 485 ns
1826 421 2228 483 'l‘lthlTATE.

3460 415 3602 472 Hii!

326 562 427 616 ιε’.
470 561 611 641 Ὅτι
632 558 831 641 οὐδεὶς
862 553 986 641 016's
1004 557 1112 641 τόν
1141 554 1273 641 ὶξιὸν
1292 554 1463 641 εὶθμὴ
1490 553 1779 641 digium),
1806 550 1907 605 καὶ

2025 545 2106 603 Kl.
2142 547 2295 615 Quod
2329 560 2478 641 item?
2515 546 2654 598 novit
2692 541 2916 625 Fiiinm,
2946 538 3301 641 .nisilPuter,‘
3351 554 3605 609 nemoque

500 630 701 696 οὐδεὶς
737 626 862 682 οἵδε
895 628 1001 681 τὸν
1031 628 1282 695 Πατέρα,
1316 629 1369 679 εὶ
1392 626 1477 696 μὴ
1505 628 1538 678 d
1579 626 1728 689 Υἱός.

398 765 513 819 Ἵνα
541 766 596 817 δὲ
622 760 884 834 δείξωμεν
911 764 1125 835 Πατρὸς
1151 763 1245 815 καὶ
1270 760 1398 815 Υίοῦ
1426 761 1525 833 τὴν
1554 759 1796 832 ἰσότητα,
1821 761 1907 813 ἐπ’

322 856 496 925 αὐτὴν
539 854 781 923 ἔλθωμεν
813 854 913 924 τὴν
955 854 1050 907 τοῦ
1086 854 1295 924 Κυρίου
1323 851 1672 906 διδασκαλίαν
1697 868 1710 882 ·
1753 871 1770 901 ι
1803 849 1910 903 O6-

320 947 457 1011 δεὶς,
494 947 676 1015 φησιν,
708 938 818 998 οἵδε
855 944 947 998 τὸν
979 945 1129 1009 Υἱὸν,
1161 946 1209 997 εί
1242 943 1317 1013 μὴ
1351 945 1379 996 6
1406 944 1631 1013 Πατήρο
1667 940 1787 995 οὐδὲ
1816 942 1910 993 τὸν

325 1033 544 1103 Πατέρα
597 1051 680 1097 τις
717 1032 1090 1101 ἐπιγινώσκει,
1138 1033 1188 1085 εί
1235 1034 1311 1104 μὴ
1357 1030 1385 1084 6
1418 1034 1565 1097 Υἱὸς,
1615 1033 1711 1085 καὶ
1753 1027 1798 1099 ᾧ
1842 1030 1909 1085 ἀν

325 1123 583 1194 βούληται
612 1125 641 1175 6
674 1124 799 1187 Υἱὸς
844 1122 1215 1193 ἀποκαλύψαι.
1266 1142 1285 1174 ι
1326 1122 1390 1175 Τί
1424 1121 1629 1176 τούτων
1662 1123 1772 1176 τῶν
1808 1124 1909 1193 ῥη-

327 1214 516 1283 μάτων
546 1215 905 1285 σαφέστερον;
940 1213 1081 1283 Ἰση,
1105 1214 1291 1283 φησιν,
1317 1211 1501 1282 ἡμῖνή
1530 1211 1731 1278 γνῶσίς
1756 1213 1875 1265 ἐστι
1892 1229 1906 1242 ο

322 1303 578 1373 γινώσκω
610 1305 720 1375 γάρ
745 1305 835 1357 τὸν
868 1302 1111 1373 Πατέρα,
1146 1305 1551 1373 γινωσκόμενος
1585 1304 1675 1355 ὑπ’
1704 1303 1869 1357 αὑτοῦ
1893 1321 1906 1333 '

320 1396 421 1449 καὶ
472 1392 729 1465 γινώσκει
776 1412 843 1466 με
890 1398 918 1448 6
974 1395 1184 1466 Πατὴρ,
1234 1394 1327 1447 καὶ
1372 1393 1771 1463 γινωσκόμενος
1819 1394 1909 1445 ὑπ’

321 1484 482 1556 ἐμοῦ.
536 1488 690 1540 Πᾶσα
733 1486 789 1538 δὲ
824 1488 855 1557 ὴ
905 1487 1082 1550 κτίσις
1129 1486 1229 1555 τῆς
1265 1486 1541 1556 ἡμετέρας
1584 1485 1910 1555 ὲκϐέϐληται

321 1576 596 1645 γνώσεως.
628 1577 751 1640 Πῶς
781 1577 888 1648 γάρ
920 1576 1032 1630 οἷόν
1060 1594 1119 1629 τε
1148 1577 1247 1647 τῆς
1272 1575 1488 1644 φύσεως
1519 1575 1677 1646 ἡμῶν
1707 1574 1767 1627 o6
1800 1591 1911 1628 κοι-

320 1670 621 1731 νωνοῦσαν,
685 1669 1013 1738 κοινωνῆσαι
1061 1667 1161 1737 τῆς
1214 1666 1501 1735 γνώσεως;
1569 1666 1911 1735 μεταλαγχά-

322 1778 475 1813 νουσι
513 1760 568 1813 δέ
606 1776 749 1821 τινες
791 1760 943 1829 ὅμως
991 1758 1249 1829 βραχείας
1282 1758 1424 1821 τινὸς
1459 1756 1731 1828 θεωρίαςσ
1778 1758 1911 1811 ἀπο-

322 1850 585 1903 καλύπτω
616 1850 724 1919 γὰρ
757 1850 832 1913 ὼς
862 1843 972 1901 οἶόν
1002 1866 1061 1903 τε
1092 1842 1174 1911 οἷς
1201 1848 1268 1902 ἀν
1296 1848 1465 1901 ἐθέλω
1510 1848 1611 1919 τὴν
1660 1850 1788 1919 περὶ
1815 1848 1910 1901 τοῦ

322 1943 536 2016 ῐιατρὸς
594 1942 829 2010 γνῶσιν,
902 1941 976 2005 ώς
1033 1943 1090 1994 έν
1145 1941 1400 2011 ἐσόπτρῳ
1453 1941 1546 1993 καὶ
1600 1941 1907 2011 αἰνίγματι.

321 2038 510 2090 Ταῦτα
559 2039 623 2090 ὲκ
672 2037 779 2089 τῶν
810 2034 1158 2089 Δεσποτικῶν
1206 2033 1485 2104 ἐμάθομεν
1526 2032 1906 2103 διδαγμάτων·

324 2133 486 2185 ποίαν
516 2129 751 2183 ἐνταῦθα
802 2128 988 2198 χώραν
1039 2127 1149 2197 ἔχει
1186 2126 1247 2177 τὸ
1292 2126 1477 2193 μεῖζον
1520 2126 1615 2178 καὶ
1658 2125 1910 2188 ἔλαττονς

323 2223 483 2274 Ποῖον
523 2220 729 2289 κτίσμα
758 2220 849 2272 τὸν
880 2219 1102 2288 κτίστην
1124 2215 1402 2285 γινώσκει,
1437 2214 1514 2276 ώς
1543 2216 1648 2268 ὑπὸ
1678 2214 1772 2269 τοῦ
1800 2215 1914 2268 κτί-

324 2329 449 2365 στου
498 2311 863 2379 γινώσκεταις
914 2309 1072 2360 Ποῖον
1124 2307 1181 2360 δὲ
1232 2306 1445 2376 ποίημα
1491 2305 1590 2375 τὴν
1638 2304 1777 2375 πρὸς
1821 2304 1914 2357 τὸν

322 2406 556 2478 ποιητὴν
610 2406 829 2473 ἰσότητα
863 2404 1114 2472 δέχεται;
1161 2404 1230 2454 Ἦ
1264 2403 1365 2453 οὐκ
1402 2404 1559 2470 ἴσμεν
1590 2401 1739 2465 ὃπως
1786 2402 1915 2473 περὶ

321 2503 421 2570 τῆς
453 2500 683 2560 κτίσεως
713 2498 746 2567 ἡ
777 2495 895 2549 Θεία
924 2494 1114 2565 Γραφὴ
1143 2495 1483 2561 διαλέγεται;
1528 2494 1915 2564 ’Δναμνησθῶ-

327 2608 428 2661 μεν
465 2590 645 2641 τοίνυν
703 2588 810 2641 τῶν
864 2586 957 2638 τοῦ
1003 2587 1289 2657 upwaon
1338 2586 1632 2657 ῥημάτων
1699 2605 1717 2637 ι
1778 2586 1912 2639 Κατ’

323 2680 500 2750 ἀρχὰς
527 2681 615 2744 σὺ,
636 2678 939 2749 Κύριε,τὴν
968 2679 1070 2749 γῆν
1105 2678 1608 2748 ἐθεμελίωσας,οια“ι
1641 2678 1779 2750 ἔργα
1805 2678 1914 2734 τῶν

324 2772 526 2841 χειρῶν
566 2770 660 2824 σού
712 2773 849 2823 εἰσιν
898 2770 1136 2841 οὐρανοί.
1180 2770 1347 2823 Αὐτοὶ
1380 2770 1730 2834 ἀπολοῦνται,
1764 2771 1827 2823 σὺ
1857 2771 1916 2825 δὲ

323 2861 635 2930 διαμένεις·
686 2863 779 2914 καὶ
818 2858 1018 2922 πάντες
1052 2858 1127 2921 ώς
1159 2858 1373 2929 ίμάτιον
1410 2860 1915 2931 παλαιωθήσονται,

326 2952 422 3002 καὶ
467 2950 597 3002 tinet
640 2948 985 3020 περιϐόλαιον
1038 2949 1233 3015 ἑλίξεις
1278 2948 1497 3013 αὐτοὺς,
1538 2950 1633 3002 καὶ
1678 2951 1918 3023 ἀλλαγή-

328 3056 547 3093 σονται’
592 3041 655 3092 σὺ
695 3040 750 3092 δὲ
788 3040 952 3104 αὐτὸς
981 3034 1052 3105 εἶ,
1093 3041 1187 3093 καὶ
1219 3038 1288 3092 τὰ
1323 3040 1419 3110 ἐτη
1469 3059 1563 3093 σου
1608 3042 1709 3095 οὐκ
1740 3044 1919 3097 ἐκλεί-

324 3132 507 3201 ψουσι.
550 3150 567 3183 ι
604 3132 714 3185 Καὶ
743 3132 938 3186 πάλιν·
974 3152 993 3183 ι
1040 3132 1097 3185 Ὁ
1138 3131 1309 3184 ποιῶν
1348 3133 1476 3196 τοὺς
1523 3133 1789 3202 ἀγγέλους
1817 3136 1918 3189 αὺ-

2414 614 2631 669 Patrent
2663 617 2823 679 novit,
2856 613 2957 667 nisi
2992 610 3187 665 Filius.

2084 751 2260 819 Atque
2291 758 2347 804 ut
2377 749 2813 805 demonstremus
2840 746 3021 801 Patris
3048 746 3280 816 Filiiqne
3322 744 3606 814 aequalita-

2016 851 2144 905 tem,
2167 842 2233 895 ad
2260 842 2429 910 ipsam
2444 842 2723 894 veniamus
2757 838 2968 893 Domini
2997 839 3325 893 doctrinam.
3358 854 3375 888 ι
3410 836 3601 899 Nemo,

2014 933 2209 1001 inquit,
2245 932 2395 985 novit
2421 926 2637 995 Filium,
2663 931 2764 986 nisi
2792 926 2958 983 Pater
2986 946 2999 994 ;
3025 942 3293 999 nemoque
3324 928 3474 981 novit
3500 926 3606 979 Pa-

2014 1034 2173 1086 trem,
2198 1023 2298 1078 nisi
2330 1024 2519 1087 Filius,
2548 1032 2604 1077 et
2633 1024 2720 1077 cui
2751 1022 2983 1076 voluerit
3009 1021 3177 1075 Filius
3205 1019 3445 1076 revelare
3475 1020 3539 1073 ¹⁶.
3582 1038 3600 1070 ι

2012 1115 2151 1182 Quid
2174 1118 2257 1171 bis
2282 1116 2463 1171 verbis
2488 1116 2837 1171 evidentius?
2872 1114 2994 1177 Par,
3045 1113 3241 1184 inquit,
3303 1113 3460 1168 nobis
3514 1126 3611 1167 co-

2012 1207 2181 1276 gnitio
2220 1215 2335 1262 est:
2362 1220 2634 1275 cognosco
2654 1206 2799 1260 enim
2829 1205 3044 1260 Patrem
3076 1205 3326 1275 cognitus
3346 1206 3415 1259 ab
3439 1206 3555 1272 ipso
3590 1224 3601 1256 :

2014 1310 2069 1354 et
2095 1299 2375 1369 cognoscit
2401 1313 2487 1352 me
2516 1297 2678 1353 Pater
2705 1314 2734 1351 a
2768 1312 2853 1352 me
2882 1297 3123 1352 vicissim
3158 1297 3431 1367 cognitus.
3473 1293 3607 1350 Uni--

2014 1406 2173 1446 versa
2197 1401 2379 1447 autem
2413 1401 2666 1446 creatura
2705 1392 3015 1461 cognitione
3048 1400 3233 1445 nostra
3279 1389 3606 1446 excluditur.

2013 1481 2149 1536 Nam
2170 1483 2261 1551 qui
2288 1481 2404 1537 ﬁeri
2434 1492 2623 1551 posset
2651 1493 2710 1536 ut
2741 1492 2937 1536 natura
2960 1498 3064 1538 non
3086 1480 3361 1551 particeps
3384 1491 3608 1542 nostrae,

2013 1572 2383 1640 cognitionem
2417 1573 2814 1643 participaret?
2844 1571 3184 1643 Participant
3232 1583 3413 1629 autem
3474 1589 3613 1628 non-

2015 1662 2146 1716 nulli
2175 1678 2362 1732 parum
2394 1664 2525 1732 quid
2567 1664 3045 1734 contemplationis
3078 1678 3091 1716 :
3126 1680 3227 1735 ego
3270 1665 3414 1719 enim
3457 1679 3610 1719 reve-

2015 1754 2085 1820 lo,
2115 1756 2292 1823 quoad
2344 1754 2495 1819 licet,
2532 1756 2730 1824 quibus
2780 1756 2912 1809 mihi
2968 1755 3179 1809 libitum
3229 1754 3393 1810 fuerit
3430 1754 3613 1810 Patris

2016 1845 2290 1911 netitiam,
2326 1856 2582 1917 tanquam
2607 1847 2658 1900 in
2697 1846 2918 1916 speculo
2940 1854 2995 1901 et
3049 1848 3357 1918 amigmate.
3420 1847 3545 1902 llzec
3579 1865 3610 1900 a

2018 1938 2313 1992 Dominicis
2358 1938 2622 1992 doctrinis
2668 1938 2978 1992 didicimus.
3022 1939 3324 2004 Quemnam
3393 1940 3481 1993 hic
3532 1942 3613 1992 lo-

2016 2043 2140 2082 cum
2181 2029 2400 2095 babent,
2456 2029 2631 2097 majus
2685 2040 2741 2083 et
2792 2030 3005 2084 minus?
3061 2046 3309 2100 quamam
3352 2040 3611 2109 creatura

2015 2118 2332 2172 Creatorem
2356 2121 2659 2189 cognoscit,
2692 2120 2851 2173 sicuti
2874 2122 2988 2189 ipsa
3035 2135 3063 2173 a
3110 2119 3373 2175 Creatore
3404 2136 3611 2189 cogno-

2018 2210 2225 2264 scitur?
2253 2211 2511 2277 Quaanam
2555 2226 2644 2267 res
2685 2212 2822 2267 facta
2855 2213 3219 2283 aequalitatem
3251 2229 3373 2269 cum
3404 2214 3615 2269 factore

2019 2302 2243 2355 tuetur?
2272 2301 2353 2355 An
2394 2304 2707 2373 ignoramus
2766 2305 3039 2373 quomodo
3103 2305 3169 2359 de
3215 2307 3415 2360 creatis
3451 2306 3615 2360 rebus

2018 2394 2196 2447 divina
2230 2393 2510 2463 Scriptura
2542 2394 2830 2463 loquatur?
2859 2394 2913 2448 in
2944 2406 3179 2451 mentem
3209 2397 3396 2466 itaque
3455 2414 3613 2451 rev..-

2017 2498 2204 2540 cemus
2234 2490 2399 2539 verba
2436 2482 2761 2554 Prophetas:
2811 2505 2830 2538 ι
2866 2485 3025 2541 lnitio
3062 2499 3139 2553 tu,
3204 2487 3452 2553 Domine,
3506 2499 3617 2543 ter-

2020 2591 2136 2631 ram
2170 2577 2428 2642 fundasti,
2461 2587 2517 2633 et
2550 2594 2718 2648 opera
2750 2596 3006 2633 manuum
3041 2589 3257 2634 tuarum
3290 2594 3415 2635 sunt
3443 2583 3564 2637 casti
3597 2600 3613 2637 :
3672 2580 3675 2581 ⁷

2020 2669 2122 2739 ipsi
2154 2670 2428 2738 peribunt,
2467 2680 2521 2723 tu
2562 2682 2745 2725 autem
2774 2687 3061 2741 permanes
3094 2689 3108 2724 :
3159 2684 3211 2727 et
3236 2689 3430 2729 omnes
3471 2675 3616 2729 sit-ut

2018 2761 2404 2816 vestimentum
2438 2771 2798 2829 veterascent,
2821 2773 2876 2818 et
2908 2764 3052 2819 sicut
3078 2768 3412 2833 epertorium
3438 2768 3618 2821 inver-

2020 2862 2103 2909 tes
2124 2868 2238 2918 eos,
2262 2864 2317 2908 et
2352 2854 2788 2909 immutabuntur
2824 2872 2839 2909 :
2890 2868 2944 2911 tu
2978 2872 3108 2912 vero
3135 2858 3279 2911 idem
3308 2860 3423 2928 ipse
3444 2875 3536 2933 es,
3560 2869 3619 2913 et

2021 2946 2148 3000 anni
2176 2947 2252 3000 tui
2281 2961 2389 3000 non
2420 2948 2675 3001 deﬁcient
2703 2949 2767 3002 ¹⁷.
2802 2966 2821 2999 ι
2877 2949 2942 3002 Ει
2996 2965 3186 3005 rursus
3217 2968 3230 3003 :
3268 2971 3285 3001 ι
3330 2951 3429 3017 Qui
3479 2953 3620 3007 facis

2022 3038 2243 3107 angelos
2274 3048 2395 3092 tuos
2435 3038 2682 3106 spiritus,
2736 3048 2791 3092 et
2849 3040 3136 3095 ministros
3187 3051 3311 3097 tuos
3338 3042 3615 3097 ﬂammam

2022 3130 2163 3199 ignis
2194 3129 2257 3184 ³⁸.
2304 3148 2323 3181 ι
2356 3127 2481 3184 Haec
2506 3142 2589 3184 est
2609 3141 2881 3185 creatura:
2908 3146 2939 3185 a
2981 3130 3244 3187 Creatore
3302 3134 3616 3191 diversitas.

324 3220 422 3274 τοῦ
474 3218 781 3289 πνεύματα,
827 3221 919 3273 καὶ
956 3222 1082 3283 τοὺς
1128 3220 1479 3291 λειτουργοὺς
1533 3222 1698 3275 αὑτοῦ
1746 3224 1917 3293 πυρὸς

2026 3221 2127 3277 Ubi
2152 3236 2282 3291 ergo
2313 3221 2614 3285 aqualitas,
2650 3221 2720 3275 ibi
2755 3238 2859 3277 non
2882 3232 2969 3277 est
3000 3236 3252 3278 creatura
3280 3234 3334 3280 et
3364 3224 3617 3291 Creator,

327 3313 527 3381 φλόγα.
572 3330 589 3364 ι
628 3311 775 3382 Αὕτη
810 3311 1040 3375 κτίσεως
1073 3313 1168 3364 καὶ
1213 3312 1433 3365 κτίστου
1462 3312 1716 3385 διαφορά.
1754 3316 1922 3369 Ἔνθα

326 3403 509 3455 τοίνυν
548 3402 750 3470 ίσότης,
788 3400 971 3453 οὐκέτι
1003 3401 1209 3472 κτίσμα
1243 3402 1339 3455 και⁵
1364 3402 1609 3473 κτίστης,
1642 3404 1778 3459 ἀλλὰ
1808 3405 1922 3459 na-

324 3494 431 3564 τὴρ
479 3494 570 3546 καὶ
623 3493 785 3555 Υίόςο
825 3491 905 3545 διὸ
934 3492 1237 3546 καὶταῦτα
1278 3493 1491 3547 τέθεικε
1537 3494 1609 3549 τά
1654 3497 1919 3567 ὀνόματα,

328 3583 417 3633 ῖνα
449 3584 514 3634 ὲκ
543 3580 650 3633 τῶν
679 3582 959 3650 ὀνομάτων
989 3581 1251 3651 μάθωμεν
1280 3583 1379 3653 τὴν
1412 3584 1739 3654 ταυτότητα.
1773 3605 1790 3636 ι
1821 3587 1921 3639 O6-

326 3676 439 3737 δεὶς
478 3674 605 3744 γὰρ,
634 3675 789 3743 φησι,
832 3672 1089 3741 γινώσκει
1137 3675 1229 3727 τὸν
1275 3674 1402 3728 Υίὸν
1436 3678 1485 3729 εί
1528 3676 1603 3747 μὴ
1645 3679 1674 3731 6
1706 3679 1918 3751 Πατὴρ,

326 3769 448 3821 οὐδὲ
479 3768 569 3820 τὸν
600 3766 817 3838 Πατέρα
845 3784 931 3829 τις
957 3767 1311 3836 ἐπιγινώσκει
1349 3769 1397 3820 εί
1433 3767 1509 3839 μὴ
1536 3770 1565 3821 6
1602 3770 1746 3833 Υἱός.
1781 3790 1800 3822 ι
1828 3771 1919 3842 Τῷ

328 3862 503 3913 εἰπεῖν
539 3878 556 3911 ι
594 3859 787 3923 οὐδεὶς,
826 3878 845 3909 ι
881 3858 978 3929 τὴν
1019 3860 1197 3913 κτίσιν
1235 3860 1536 3931 ἐδήλωσεν·
1571 3862 1918 3935 ἐκϐαλομένη

326 3954 386 4007 δὲ
421 3956 455 4023 ἡ
506 3954 704 4017 κτίσις,
752 3952 995 4005 δείκνυσι
1039 3952 1131 4005 τὸν
1164 3952 1397 4022 μένοντα
1448 3952 1555 4005 τῶν
1602 3956 1920 4025 κτισμάτων

330 4048 654 4116 ὑπέρτερον,
685 4044 762 4115 τῷ
795 4044 852 4096 δὲ
880 4046 1203 4113 γεννήσαντι
1241 4044 1487 4113 φυσικῶς
1532 4047 1878 4115 συνημμένον
1900 4067 1917 4083 ι

334 4159 354 4190 ι
404 4140 595 4201 Οὐδεὶς
625 4136 882 4206 γινώσκει
910 4137 1000 4190 τὸν
1039 4138 1165 4190 Υίὺν
1200 4138 1249 4189 εί
1285 4140 1359 4207 μὴ
1415 4139 1443 4189 6
1490 4138 1703 4209 Πατὴρ,
1733 4140 1853 4195 οὐδὲ
1890 4145 1981 4201 τὸν

332 4232 585 4302 βούληται
612 4232 641 4283 6
674 4230 797 4295 Υίὸς
834 4231 1204 4301 ἀποκαλύψαι.
1243 4250 1261 4283 ι

402 4326 728 4379 Είπάτωοαν
761 4325 810 4377 οἱ
838 4328 937 4395 τῆς
981 4324 1243 4395 ἀληθείας
1278 4326 1487 4396 ἐχθροὶ,
1524 4327 1641 4391 πῶς
1682 4328 1787 4401 χρὴ
1822 4331 1921 4403 τὴν

331 4416 481 4469 θείαν
512 4414 907 4484 ἀναγινώσκειν
940 4416 1190 4487 Γραφὴν,
1224 4417 1303 4486 τῷ
1330 4420 1615 4487 γράμματι
1646 4422 1919 4490 στέργειν,

330 4508 362 4576 ἢ
397 4506 493 4577 τὴν
518 4505 730 4559 ἔννοιαν
762 4508 1010 4577 ὲρευνᾷν.
1056 4506 1171 4559 Κᾶν
1219 4508 1316 4577 μὲν
1345 4504 1437 4561 οὖν
1467 4508 1526 4560 τὸ
1550 4509 1806 4581 δεύτερον
1838 4514 1915 4565 εῖ-
1949 4532 2000 4590 D

332 4615 499 4661 πωσι,
535 4598 853 4668 μαθέτωσαν
881 4599 973 4667 ἀφ’
1006 4591 1081 4650 ὧν
1118 4598 1360 4666 λέγουσι,
1409 4602 1511 4653 κάν
1558 4604 1670 4664 τοῖς
1703 4605 1923 4668 οἰκείοις

331 4689 684 4759 προϐλήμασι
728 4687 887 4741 τοῦτο
928 4691 1123 4755 ποιεῖν,
1159 4691 1253 4743 καὶ
1293 4690 1392 4761 τὴν
1424 4691 1601 4761 ἀληθῆ
1630 4693 1739 4746 τῶν
1777 4713 1922 4765 πρα-

331 4780 558 4849 γμάτων
609 4780 793 4850 ζητεῖν
843 4780 1171 4851 ἑρμηνείαν·
1221 4782 1269 4833 εί
1304 4782 1361 4833 δὲ
1408 4785 1567 4851 φαῖεν
1619 4786 1814 4853 ἀρκεῖν
1864 4788 1925 4839 τὸ

331 4873 565 4942 γράμμα
600 4873 735 4942 πρὸς
770 4871 976 4943 ἀκριϐῆ
1007 4871 1379 4937 διδασκαλίαν,
1406 4875 1468 4925 ὲκ
1494 4874 1601 4926 τῶν
1626 4877 1925 4944 προκειμέ-

332 4983 439 5017 νων
470 4965 570 5034 τὴν
593 4965 801 5018 ἔννοιαν
832 4964 1014 5017 αὐτῶν
1046 4964 1439 5034 διελέγξωμαι·
1475 4966 1789 5034 εὑρίσκεται
1816 4968 1925 5037 γὰρ

332 5056 621 5123 ἀνέφικτος
668 5057 767 5125 μὲν
804 5058 832 5108 6
871 5055 1020 5121 Υἱὸς,
1064 5057 1092 5108 6
1140 5056 1196 5109 δὲ
1233 5058 1421 5127 Πατὴρ
1459 5058 1715 5125 temst
1766 5061 1862 5113 καὶ
1893 5061 1920 5110 6

335 5150 435 5219 μὲν
464 5149 842 5219 ἀπερινόητος,
872 5151 899 5201 6
930 5150 983 5201 δὲ
1030 5149 1219 5218 Πατὴρ
1251 5148 1441 5212 θεατός
1464 5165 1479 5180 ο
1510 5152 1639 5218 περὶ
1677 5150 1772 5219 μὲν
1812 5152 1921 5221 γὰρ

332 5240 528 5292 ἑαυτοῦ
561 5242 589 5292 6
622 5242 901 5309 Δεσπότης
935 5240 1172 5309 Χριστὸς
1216 5241 1403 5305 εἰπὼν,
1446 5242 1526 5293 ὃτι
1557 5262 1574 5291 ί
1625 5242 1811 5306 Οὐδεὶς
1839 5261 1921 5310 γι-

330 5330 532 5384 νώσκει
558 5331 648 5383 τὸν
686 5331 830 5395 Υίὸν,
864 5334 912 5384 εἰ
944 5333 1017 5402 μὴ
1050 5332 1078 5383 6
1112 5332 1323 5401 Πατὴρ,
1357 5351 1375 5382 ›
1402 5333 1502 5384 οὐκ
1535 5334 1803 5402 ἐπήγαγε,
1828 5337 1922 5387 καὶ

331 5417 377 5490 ᾧ
429 5424 495 5475 ἂν
550 5424 805 5493 βούληται
850 5426 876 5476 6
920 5423 1111 5494 Πατὴρ
1158 5423 1802 5493 ἀποκαλύψαι-εἰρηκὼς
1841 5426 1919 5489 δὲ,

339 5533 358 5564 ι
403 5513 537 5566 Οὐδὲ
567 5514 657 5565 τὸν
700 5514 918 5585 Πατέρα
950 5534 1031 5578 τις
1064 5516 1442 5583 ἐπιγινώσκει,
1473 5518 1520 5568 εί
1558 5518 1632 5586 μὴ
1657 5518 1686 5567 6
1719 5516 1863 5579 Υἱὸς,
1898 5535 1914 5565 ι

335 5604 511 5666 Εὐθὺς
539 5604 867 5675 προσέθηκε,
902 5625 920 5657 ‹
957 5608 1065 5660 Καὶ
1098 5600 1141 5674 ᾧ
1172 5608 1237 5661 ἂν
1266 5608 1521 5677 βούληται
1562 5610 1588 5660 6
1630 5608 1757 5670 Υἱὸς
1787 5609 1921 5660 ἁπο-

338 5691 575 5761 καλύψαι
601 5710 613 5723 ο
676 5714 695 5745 ι
743 5694 838 5746 καὶ
870 5695 927 5746 o6
968 5695 1130 5761 μόνον
1165 5695 1326 5747 αὑτὸν
1373 5694 1647 5765 θεωρητὸν
1692 5692 1920 5759 πεποίη-

2029 3314 2124 3368 sed
2162 3312 2324 3366 Pater
2354 3327 2417 3365 ac
2434 3311 2640 3365 Filius:
2674 3325 2844 3379 quare
2868 3321 2923 3364 et
2949 3313 3063 3367 haec
3085 3316 3266 3382 posuit
3289 3316 3533 3379 nomina,
3564 3330 3623 3370 ut

2028 3419 2095 3457 ex
2126 3403 2210 3457 his
2229 3401 2454 3472 689m
2487 3402 2621 3471 ipsis
2656 3405 2920 3456 unitatem
2954 3402 3277 3457 substantiae
3315 3405 3618 3461 discamus.

2034 3513 2052 3545 ι
2092 3494 2261 3549 Nemo
2284 3496 2454 3558 enim,
2478 3494 2843 3562 inquit,novit
2866 3491 3085 3557 Filium,
3116 3493 3222 3548 nisi
3243 3493 3426 3559 Pater,
3450 3511 3625 3565 neque

2028 3585 2246 3640 Patrem
2265 3585 2391 3654 quis
2426 3586 2598 3651 novit,
2628 3584 2729 3639 nisi
2766 3583 2955 3639 Filius.
2982 3602 3001 3636 ι
3032 3582 3308 3640 Vocabqu
3354 3604 3373 3637 ι
3412 3604 3569 3643 nemo
3600 3607 3620 3639 ι

2029 3687 2338 3733 creaturam
2360 3678 2605 3732 denotat.
2631 3675 2865 3730 Exclusa
2897 3686 3078 3730 autem
3113 3688 3364 3731 creatura
3400 3678 3625 3733 dentom

2028 3778 2165 3826 strat
2206 3784 2530 3839 permanere
2557 3784 2681 3823 eum
2714 3768 2803 3837 qui
2832 3766 3101 3822 creaturis
3130 3770 3379 3837 superior
3397 3780 3503 3833 est,
3530 3784 3625 3839 ge-

2030 3865 2192 3920 nitori
2235 3860 2905 3931 naturalitercopulatum.
2940 3879 2959 3912 ι
3002 3858 3175 3914 Nemo
3224 3861 3373 3914 novit
3402 3860 3621 3925 Filium,

2030 3958 2133 4014 nisi
2169 3957 2352 4022 Pater,
2379 3972 2555 4025 neque
2594 3955 2812 4009 Patrem
2841 3954 2966 4023 quis
2999 3954 3172 4019 novit,
3203 3954 3308 4009 nisi
3336 3952 3528 4023 Filius,
3568 3967 3627 4013 et

2028 4050 2116 4106 cui
2151 4050 2381 4104 voluerit
2410 4046 2582 4101 Filius
2607 4045 2869 4099 revelare.
2904 4066 2925 4097 ο

2030 4145 2251 4216 Πατέρα
2296 4160 2382 4206 τις
2436 4138 2813 4207 ἐπιγινώσκει,
2842 4139 2891 4191 εί
2948 4135 3079 4208 μὴὸ
3110 4138 3259 4205 Υἱὸς,
3314 4140 3410 4191 καὶ
3463 4132 3508 4208 ᾧ
3558 4139 3627 4194 ἂν

2096 4308 2292 4363 Dicant
2325 4302 2571 4360 veritatis
2602 4303 2809 4364 hostes,
2855 4299 3125 4370 quomodo
3164 4307 3418 4368 oporteat
3472 4298 3626 4355 Scri-

2026 4411 2241 4472 pturam
2268 4398 2479 4466 legere;
2522 4394 2786 4448 litterzene
2816 4392 3116 4454 adhaerere,
3143 4404 3210 4442 an
3242 4404 3463 4443 sensum
3496 4404 3625 4457 per-

2028 4493 2281 4547 scrutari.
2316 4492 2380 4544 Et
2420 4491 2463 4542 si
2495 4488 2596 4541 hoc
2631 4488 2860 4539 alterum
2894 4484 3152 4548 dixerint,
3184 4484 3397 4537 discant
3428 4483 3511 4537 vel
3556 4498 3623 4537 ex

2027 4586 2187 4640 dictis
2210 4583 2462 4653 propriis,
2498 4582 2551 4634 in
2612 4580 2725 4634 suis
2765 4593 2983 4647 quoque
3041 4577 3508 4647 propositionibus
3571 4578 3624 4630 ἰιΙ

2028 4690 2207 4745 agere,
2241 4684 2295 4728 et
2322 4689 2501 4727 veram
2529 4686 2708 4725 rerum
2736 4670 3025 4739 exquirere
3056 4668 3492 4738 intelligentiam.
3526 4670 3621 4722 Sin

2028 4770 2209 4823 dicant
2238 4765 2487 4821 suﬂicere
2516 4765 2624 4816 vim
2654 4764 2848 4817 litterae
2884 4762 2950 4814 ad
2982 4770 3291 4815 accuratam
3321 4762 3395 4814 rei
3447 4762 3626 4815 deela-

2030 4861 2323 4924 rationem,
2359 4875 2422 4912 es
2462 4857 2755 4925 propositis
2814 4854 2995 4908 verbis
3041 4854 3359 4907 eornmtlcm
3400 4867 3623 4905 sensum

2028 4964 2274 5019 arguam.
2325 4948 2670 5017 Comperitur
2726 4944 2869 4999 enim
2940 4941 3355 5012 inintelligibilis
3417 4940 3625 5004 Filius,

2030 5042 2193 5097 Pater
2242 5052 2423 5095 autem
2485 5037 2889 5108 intelligibilis:
2933 5044 2987 5090 et
3045 5033 3137 5087 ille
3204 5032 3423 5101 quidem
3476 5032 3625 5085 inco-

2028 5137 2301 5208 gitabilis,
2343 5138 2503 5190 Pater
2554 5145 2735 5188 autem
2766 5131 3013 5187 visibilis.
3074 5128 3208 5183 Nam
3244 5145 3365 5183 eum
3420 5128 3487 5181 de
3535 5143 3622 5182 se-

2031 5230 2149 5297 ipso
2220 5229 2478 5282 Dominus
2534 5227 2785 5280 Christus
2845 5223 3115 5288 dixisset,
3182 5240 3199 5271 ι
3250 5219 3419 5274 Nemo
3475 5221 3624 5272 novit

2033 5322 2253 5383 Filium,
2284 5321 2383 5373 nisi
2413 5320 2593 5381 Pater,
2628 5336 2645 5367 ε
2680 5333 2782 5369 non
2814 5316 3039 5377 addidit,
3070 5324 3125 5367 et
3156 5312 3242 5367 cui
3268 5312 3496 5366 voluerit
3520 5311 3621 5365 Pn-

2034 5421 2115 5466 ter
2145 5410 2405 5465 revelare.
2443 5408 2576 5461 Cum
2636 5423 2763 5461 vero
2819 5404 3068 5469 dixisset,
3127 5423 3143 5453 σ
3186 5418 3361 5471 neque
3405 5400 3619 5455 Patrem

2031 5504 2151 5571 quis
2182 5504 2331 5556 novit
2366 5502 2466 5554 nisi
2498 5499 2685 5561 Filius,
2728 5518 2745 5549 ι
2775 5499 2959 5552 statim
2990 5496 3249 5561 subdidit,
3288 5514 3305 5546 ι
3344 5504 3395 5549 et
3416 5496 3501 5547 cui
3531 5511 3619 5546 γη-

2029 5597 2189 5649 lnerit
2236 5594 2402 5647 Filius
2459 5592 2719 5645 revelare.
2752 5608 2770 5640 ι
2823 5586 3009 5656 Neque
3070 5587 3245 5641 solum
3304 5584 3621 5639 noscilnlem

2031 5689 2157 5744 fecit
2184 5686 2432 5752 Patrem,
2466 5682 2557 5740 sed
2588 5684 2728 5739 banc
2760 5698 2787 5735 a
2811 5696 2909 5737 sua
2956 5686 3225 5750 potestate
3251 5676 3486 5748 pendere
3525 5688 3619 5729 co-

413 5874 458 5906 “
489 5871 677 5928 Matth.
714 5889 789 5937 ιι,
821 5873 911 5927 9-7.
993 5873 1031 5904 ⁸⁷
1070 5872 1209 5927 Psal.
1251 5890 1323 5935 Cl,
1358 5871 1544 5926 9.6-9.8.
1626 5872 1667 5903 ¹⁸
1699 5869 1837 5925 Psal.
1876 5884 1994 5935 rm,
2034 5867 2078 5920 ί.

667 5966 939 6025 Parnm.
990 5964 1107 6026 Gn.
1158 5963 1406 6024 LXXV.

3221 5945 3295 6006 37
