  <div class='ocr_page' id='page_1' title='image "/cluster/home/n/w/nwhite01/storage/ocr_20150623/75/pst.000005712748/609.png"; bbox 0 0 4036 6336; ppageno 0'>
   <div class='ocr_carea' id='block_1_1' title="bbox 507 486 640 539">
    <p class='ocr_par' dir='ltr' id='par_1_1' title="bbox 507 486 640 539">
     <span class='ocr_line' id='line_1_1' title="bbox 507 486 640 539; baseline -0.008 -1"><span class='ocrx_word' id='word_1_1' title='bbox 507 486 640 539; x_wconf 72' lang='lat' dir='ltr'>H65</span> 
     </span>
    </p>
   </div>
   <div class='ocr_carea' id='block_1_2' title="bbox 1554 479 2782 537">
    <p class='ocr_par' dir='ltr' id='par_1_2' title="bbox 1554 479 2782 537">
     <span class='ocr_line' id='line_1_2' title="bbox 1554 479 2782 537; baseline 0.002 -4"><span class='ocrx_word' id='word_1_2' title='bbox 1554 483 1609 535; x_wconf 87' lang='lat' dir='ltr'><strong>S.</strong></span> <span class='ocrx_word' id='word_1_3' title='bbox 1651 480 1926 534; x_wconf 79' lang='lat' dir='ltr'><strong>CYlllLLl</strong></span> <span class='ocrx_word' id='word_1_4' title='bbox 1967 479 2428 535; x_wconf 68' lang='lat' dir='ltr'><strong>ALEXANDRINI</strong></span> <span class='ocrx_word' id='word_1_5' title='bbox 2467 482 2782 537; x_wconf 72' lang='lat' dir='ltr'><strong>ARCHIEP.</strong></span> 
     </span>
    </p>
   </div>
   <div class='ocr_carea' id='block_1_3' title="bbox 3605 489 3741 543">
    <p class='ocr_par' dir='ltr' id='par_1_3' title="bbox 3605 489 3741 543">
     <span class='ocr_line' id='line_1_3' title="bbox 3605 489 3741 543; baseline 0.015 -2"><span class='ocrx_word' id='word_1_6' title='bbox 3605 489 3741 543; x_wconf 61' lang='lat'><strong>“61</strong></span> 
     </span>
    </p>
   </div>
   <div class='ocr_carea' id='block_1_4' title="bbox 505 595 2057 668">
    <p class='ocr_par' dir='ltr' id='par_1_4' title="bbox 505 595 2057 666">
     <span class='ocr_line' id='line_1_4' title="bbox 505 595 2057 666; baseline -0.003 -13"><span class='ocrx_word' id='word_1_7' title='bbox 505 601 796 666; x_wconf 82' lang='lat' dir='ltr'><strong>guitionem</strong></span> <span class='ocrx_word' id='word_1_8' title='bbox 835 596 1144 651; x_wconf 76' lang='lat' dir='ltr'><strong>declaravit.</strong></span> <span class='ocrx_word' id='word_1_9' title='bbox 1177 595 1342 649; x_wconf 89' lang='lat' dir='ltr'><strong>Porro</strong></span> <span class='ocrx_word' id='word_1_10' title='bbox 1395 595 1601 648; x_wconf 77' lang='lat' dir='ltr'><strong>etiamsi</strong></span> <span class='ocrx_word' id='word_1_11' title='bbox 1661 595 1851 648; x_wconf 82' lang='lat' dir='ltr'><strong>millies</strong></span> <span class='ocrx_word' id='word_1_12' title='bbox 1880 596 2057 648; x_wconf 80' lang='lat' dir='ltr'><strong>adver-</strong></span> 
     </span>
    </p>
   </div>
   <div class='ocr_carea' id='block_1_5' title="bbox 2164 595 3740 668">
    <p class='ocr_par' dir='ltr' id='par_1_5' title="bbox 2177 595 3740 668">
     <span class='ocr_line' id='line_1_5' title="bbox 2177 595 3740 668; baseline 0.002 -21"><span class='ocrx_word' id='word_1_13' title='bbox 2177 612 2291 658; x_wconf 83' lang='grc' dir='ltr'>κεν,</span> <span class='ocrx_word' id='word_1_14' title='bbox 2341 595 2475 647; x_wconf 77' lang='grc' dir='ltr'>ἀλλὰ</span> <span class='ocrx_word' id='word_1_15' title='bbox 2535 597 2624 646; x_wconf 69' lang='grc' dir='ltr'><strong>καὶ</strong></span> <span class='ocrx_word' id='word_1_16' title='bbox 2669 596 2768 664; x_wconf 78' lang='grc' dir='ltr'>τῆς</span> <span class='ocrx_word' id='word_1_17' title='bbox 2815 595 3022 658; x_wconf 75' lang='grc' dir='ltr'><strong>οἰκείας</strong></span> <span class='ocrx_word' id='word_1_18' title='bbox 3071 595 3314 661; x_wconf 71' lang='grc' dir='ltr'>ἐξουσίας</span> <span class='ocrx_word' id='word_1_19' title='bbox 3362 598 3460 664; x_wconf 81' lang='grc' dir='ltr'><strong>τὴν</strong></span> <span class='ocrx_word' id='word_1_20' title='bbox 3508 597 3740 668; x_wconf 79' lang='grc' dir='ltr'>θεωρὶαν</span> 
     </span>
    </p>
   </div>
   <div class='ocr_carea' id='block_1_6' title="bbox 504 683 2065 755">
    <p class='ocr_par' dir='ltr' id='par_1_6' title="bbox 504 683 2065 755">
     <span class='ocr_line' id='line_1_6' title="bbox 504 683 2065 755; baseline -0.003 -12"><span class='ocrx_word' id='word_1_21' title='bbox 504 707 599 744; x_wconf 76' lang='lat' dir='ltr'><strong>sus</strong></span> <span class='ocrx_word' id='word_1_22' title='bbox 633 690 820 742; x_wconf 73' lang='lat' dir='ltr'><strong>Filium</strong></span> <span class='ocrx_word' id='word_1_23' title='bbox 855 688 1011 754; x_wconf 77' lang='lat' dir='ltr'><strong>impie</strong></span> <span class='ocrx_word' id='word_1_24' title='bbox 1033 701 1214 755; x_wconf 86' lang='lat' dir='ltr'><strong>agerc,</strong></span> <span class='ocrx_word' id='word_1_25' title='bbox 1248 694 1405 754; x_wconf 97' lang='lat' dir='ltr'><strong>prout</strong></span> <span class='ocrx_word' id='word_1_26' title='bbox 1435 683 1626 748; x_wconf 84' lang='lat' dir='ltr'><strong>solent,</strong></span> <span class='ocrx_word' id='word_1_27' title='bbox 1661 685 1946 746; x_wconf 88' lang='lat' dir='ltr'><strong>voluerint,</strong></span> <span class='ocrx_word' id='word_1_28' title='bbox 1969 700 2065 739; x_wconf 86' lang='lat' dir='ltr'><strong>nos</strong></span> 
     </span>
    </p>
   </div>
   <div class='ocr_carea' id='block_1_7' title="bbox 508 776 2065 850">
    <p class='ocr_par' dir='ltr' id='par_1_7' title="bbox 508 776 2065 850">
     <span class='ocr_line' id='line_1_7' title="bbox 508 776 2065 850; baseline -0.003 -15"><span class='ocrx_word' id='word_1_29' title='bbox 508 783 876 850; x_wconf 75' lang='lat' dir='ltr'><strong>lilaspliemam</strong></span> <span class='ocrx_word' id='word_1_30' title='bbox 931 781 1252 833; x_wconf 76' lang='lat' dir='ltr'><strong>sententiam</strong></span> <span class='ocrx_word' id='word_1_31' title='bbox 1311 777 1378 831; x_wconf 90' lang='lat' dir='ltr'><strong>de</strong></span> <span class='ocrx_word' id='word_1_32' title='bbox 1434 777 1539 829; x_wconf 88' lang='lat' dir='ltr'><strong>Dco</strong></span> <span class='ocrx_word' id='word_1_33' title='bbox 1596 776 1755 829; x_wconf 82' lang='lat' dir='ltr'><strong>l&#39;atrc</strong></span> <span class='ocrx_word' id='word_1_34' title='bbox 1793 777 2065 844; x_wconf 75' lang='lat' dir='ltr'><strong>suscipere</strong></span> 
     </span>
    </p>
   </div>
   <div class='ocr_carea' id='block_1_8' title="bbox 505 867 2064 937">
    <p class='ocr_par' dir='ltr' id='par_1_8' title="bbox 505 867 2064 937">
     <span class='ocr_line' id='line_1_8' title="bbox 505 867 2064 937; baseline -0.002 -12"><span class='ocrx_word' id='word_1_35' title='bbox 505 889 606 927; x_wconf 90' lang='lat' dir='ltr'><strong>non</strong></span> <span class='ocrx_word' id='word_1_36' title='bbox 627 872 877 925; x_wconf 77' lang='lat' dir='ltr'><strong>feremus.</strong></span> <span class='ocrx_word' id='word_1_37' title='bbox 907 868 1188 923; x_wconf 83' lang='lat' dir='ltr'><strong>Credimus</strong></span> <span class='ocrx_word' id='word_1_38' title='bbox 1211 869 1351 921; x_wconf 85' lang='lat' dir='ltr'><strong>enim</strong></span> <span class='ocrx_word' id='word_1_39' title='bbox 1378 867 1695 921; x_wconf 69' lang='lat' dir='ltr'><strong>invisibilem</strong></span> <span class='ocrx_word' id='word_1_40' title='bbox 1725 879 1778 920; x_wconf 92' lang='lat' dir='ltr'><strong>et</strong></span> <span class='ocrx_word' id='word_1_41' title='bbox 1812 867 2064 937; x_wconf 60' lang='lat' dir='ltr'><strong>incogita.</strong></span> 
     </span>
    </p>
   </div>
   <div class='ocr_carea' id='block_1_9' title="bbox 504 957 2064 1027">
    <p class='ocr_par' dir='ltr' id='par_1_9' title="bbox 504 957 2064 1027">
     <span class='ocr_line' id='line_1_9' title="bbox 504 957 2064 1027; baseline -0.004 -10"><span class='ocrx_word' id='word_1_42' title='bbox 504 963 660 1018; x_wconf 80' lang='lat' dir='ltr'><strong>bilem</strong></span> <span class='ocrx_word' id='word_1_43' title='bbox 693 976 811 1015; x_wconf 88' lang='lat' dir='ltr'><strong>esse</strong></span> <span class='ocrx_word' id='word_1_44' title='bbox 833 960 1185 1014; x_wconf 76' lang='lat' dir='ltr'><strong>universalem</strong></span> <span class='ocrx_word' id='word_1_45' title='bbox 1225 961 1406 1012; x_wconf 84' lang='lat' dir='ltr'><strong>Deum.</strong></span> <span class='ocrx_word' id='word_1_46' title='bbox 1449 957 1582 1012; x_wconf 85' lang='lat' dir='ltr'><strong>Nam</strong></span> <span class='ocrx_word' id='word_1_47' title='bbox 1635 958 1902 1027; x_wconf 89' lang='lat' dir='ltr'><strong>quomodo</strong></span> <span class='ocrx_word' id='word_1_48' title='bbox 1985 959 2064 1011; x_wconf 85' lang='lat' dir='ltr'><strong>in-</strong></span> 
     </span>
    </p>
   </div>
   <div class='ocr_carea' id='block_1_10' title="bbox 503 1049 2061 1120">
    <p class='ocr_par' dir='ltr' id='par_1_10' title="bbox 503 1049 2061 1120">
     <span class='ocr_line' id='line_1_10' title="bbox 503 1049 2061 1120; baseline -0.003 -14"><span class='ocrx_word' id='word_1_49' title='bbox 503 1051 998 1120; x_wconf 80' lang='lat' dir='ltr'><strong>comprehensibilis</strong></span> <span class='ocrx_word' id='word_1_50' title='bbox 1054 1049 1220 1104; x_wconf 82' lang='lat' dir='ltr'><strong>Filius</strong></span> <span class='ocrx_word' id='word_1_51' title='bbox 1267 1051 1334 1103; x_wconf 86' lang='lat' dir='ltr'><strong>sit</strong></span> <span class='ocrx_word' id='word_1_52' title='bbox 1373 1051 1488 1118; x_wconf 83' lang='lat' dir='ltr'><strong>ejus</strong></span> <span class='ocrx_word' id='word_1_53' title='bbox 1534 1051 1623 1118; x_wconf 93' lang='lat' dir='ltr'><strong>qui</strong></span> <span class='ocrx_word' id='word_1_54' title='bbox 1677 1050 2061 1117; x_wconf 87' lang='lat' dir='ltr'><strong>comprehendi</strong></span> 
     </span>
    </p>
   </div>
   <div class='ocr_carea' id='block_1_11' title="bbox 502 1139 2059 1213">
    <p class='ocr_par' dir='ltr' id='par_1_11' title="bbox 502 1139 2059 1213">
     <span class='ocr_line' id='line_1_11' title="bbox 502 1139 2059 1213; baseline -0.002 -16"><span class='ocrx_word' id='word_1_55' title='bbox 502 1143 711 1213; x_wconf 77' lang='lat' dir='ltr'><strong>potest?</strong></span> <span class='ocrx_word' id='word_1_56' title='bbox 736 1143 874 1212; x_wconf 81' lang='lat' dir='ltr'><strong>Ergo</strong></span> <span class='ocrx_word' id='word_1_57' title='bbox 897 1141 1104 1194; x_wconf 83' lang='lat' dir='ltr'><strong>Patrem</strong></span> <span class='ocrx_word' id='word_1_58' title='bbox 1133 1156 1282 1210; x_wconf 69' lang='lat' dir='ltr'><strong>teque.</strong></span> <span class='ocrx_word' id='word_1_59' title='bbox 1319 1156 1379 1193; x_wconf 87' lang='lat' dir='ltr'><strong>ac</strong></span> <span class='ocrx_word' id='word_1_60' title='bbox 1398 1139 1588 1194; x_wconf 89' lang='lat' dir='ltr'><strong>Filium</strong></span> <span class='ocrx_word' id='word_1_61' title='bbox 1623 1140 2059 1209; x_wconf 81' lang='lat' dir='ltr'><strong>inintelligibiles,</strong></span> 
     </span>
    </p>
   </div>
   <div class='ocr_carea' id='block_1_12' title="bbox 504 1230 2061 1301">
    <p class='ocr_par' dir='ltr' id='par_1_12' title="bbox 504 1230 2061 1301">
     <span class='ocr_line' id='line_1_12' title="bbox 504 1230 2061 1301; baseline -0.001 -15"><span class='ocrx_word' id='word_1_62' title='bbox 504 1234 806 1288; x_wconf 89' lang='lat' dir='ltr'><strong>inaccessos</strong></span> <span class='ocrx_word' id='word_1_63' title='bbox 849 1231 1521 1301; x_wconf 87' lang='lat' dir='ltr'><strong>incomprehensibilesque</strong></span> <span class='ocrx_word' id='word_1_64' title='bbox 1551 1232 1798 1285; x_wconf 84' lang='lat' dir='ltr'><strong>dicimus.</strong></span> <span class='ocrx_word' id='word_1_65' title='bbox 1834 1230 2061 1285; x_wconf 81' lang='lat' dir='ltr'><strong>Revela-</strong></span> 
     </span>
    </p>
   </div>
   <div class='ocr_carea' id='block_1_13' title="bbox 501 1320 2063 1376">
    <p class='ocr_par' dir='ltr' id='par_1_13' title="bbox 501 1320 2063 1376">
     <span class='ocr_line' id='line_1_13' title="bbox 501 1320 2063 1376; baseline -0.003 0"><span class='ocrx_word' id='word_1_66' title='bbox 501 1324 545 1376; x_wconf 91' lang='lat' dir='ltr'><strong>ri</strong></span> <span class='ocrx_word' id='word_1_67' title='bbox 569 1333 746 1376; x_wconf 87' lang='lat' dir='ltr'><strong>autem</strong></span> <span class='ocrx_word' id='word_1_68' title='bbox 777 1335 804 1374; x_wconf 88' lang='lat' dir='ltr'><strong>a</strong></span> <span class='ocrx_word' id='word_1_69' title='bbox 835 1320 990 1376; x_wconf 88' lang='lat' dir='ltr'><strong>Patre</strong></span> <span class='ocrx_word' id='word_1_70' title='bbox 1010 1322 1170 1375; x_wconf 92' lang='lat' dir='ltr'><strong>etiam</strong></span> <span class='ocrx_word' id='word_1_71' title='bbox 1196 1320 1313 1374; x_wconf 82' lang='lat' dir='ltr'><strong>Filii</strong></span> <span class='ocrx_word' id='word_1_72' title='bbox 1349 1322 1594 1375; x_wconf 89' lang='lat' dir='ltr'><strong>notitiam</strong></span> <span class='ocrx_word' id='word_1_73' title='bbox 1614 1322 1885 1375; x_wconf 83' lang='lat' dir='ltr'><strong>credimus</strong></span> <span class='ocrx_word' id='word_1_74' title='bbox 1915 1335 2063 1374; x_wconf 82' lang='lat' dir='ltr'><strong>inen-</strong></span> 
     </span>
    </p>
   </div>
   <div class='ocr_carea' id='block_1_14' title="bbox 502 1409 2061 1478">
    <p class='ocr_par' dir='ltr' id='par_1_14' title="bbox 502 1409 2061 1478">
     <span class='ocr_line' id='line_1_14' title="bbox 502 1409 2061 1478; baseline 0 -14"><span class='ocrx_word' id='word_1_75' title='bbox 502 1414 568 1466; x_wconf 87' lang='lat' dir='ltr'><strong>tis</strong></span> <span class='ocrx_word' id='word_1_76' title='bbox 597 1412 803 1464; x_wconf 88' lang='lat' dir='ltr'><strong>visuiet</strong></span> <span class='ocrx_word' id='word_1_77' title='bbox 831 1411 949 1463; x_wconf 87' lang='lat' dir='ltr'><strong>lidei</strong></span> <span class='ocrx_word' id='word_1_78' title='bbox 982 1411 1441 1478; x_wconf 89' lang='lat' dir='ltr'><strong>contemplationi.</strong></span> <span class='ocrx_word' id='word_1_79' title='bbox 1475 1429 1492 1461; x_wconf 75' lang='grc' dir='ltr'><strong>ι</strong></span> <span class='ocrx_word' id='word_1_80' title='bbox 1539 1409 1710 1464; x_wconf 84' lang='lat' dir='ltr'><strong>Nemo</strong></span> <span class='ocrx_word' id='word_1_81' title='bbox 1769 1411 1914 1464; x_wconf 84' lang='lat' dir='ltr'><strong>novit</strong></span> <span class='ocrx_word' id='word_1_82' title='bbox 1967 1410 2061 1464; x_wconf 83' lang='lat' dir='ltr'><strong>Fi-</strong></span> 
     </span>
    </p>
   </div>
   <div class='ocr_carea' id='block_1_15' title="bbox 501 1499 2063 1569">
    <p class='ocr_par' dir='ltr' id='par_1_15' title="bbox 501 1499 2063 1569">
     <span class='ocr_line' id='line_1_15' title="bbox 501 1499 2063 1569; baseline 0.002 -18"><span class='ocrx_word' id='word_1_83' title='bbox 501 1503 646 1562; x_wconf 91' lang='lat' dir='ltr'><strong>lium,</strong></span> <span class='ocrx_word' id='word_1_84' title='bbox 676 1501 775 1554; x_wconf 87' lang='lat' dir='ltr'><strong>nisi</strong></span> <span class='ocrx_word' id='word_1_85' title='bbox 809 1499 987 1562; x_wconf 88' lang='lat' dir='ltr'><strong>Pater,</strong></span> <span class='ocrx_word' id='word_1_86' title='bbox 1017 1515 1192 1569; x_wconf 91' lang='lat' dir='ltr'><strong>neque</strong></span> <span class='ocrx_word' id='word_1_87' title='bbox 1216 1501 1430 1554; x_wconf 84' lang='lat' dir='ltr'><strong>Patrem</strong></span> <span class='ocrx_word' id='word_1_88' title='bbox 1462 1505 1583 1569; x_wconf 81' lang='lat' dir='ltr'><strong>quis</strong></span> <span class='ocrx_word' id='word_1_89' title='bbox 1621 1503 1784 1563; x_wconf 86' lang='lat' dir='ltr'><strong>novit,</strong></span> <span class='ocrx_word' id='word_1_90' title='bbox 1832 1502 1933 1554; x_wconf 89' lang='lat' dir='ltr'><strong>nisi</strong></span> <span class='ocrx_word' id='word_1_91' title='bbox 1975 1500 2063 1554; x_wconf 75' lang='lat' dir='ltr'><strong>Fi-</strong></span> 
     </span>
    </p>
   </div>
   <div class='ocr_carea' id='block_1_16' title="bbox 501 1591 2058 1661">
    <p class='ocr_par' dir='ltr' id='par_1_16' title="bbox 501 1591 2058 1661">
     <span class='ocr_line' id='line_1_16' title="bbox 501 1591 2058 1661; baseline 0.001 -19"><span class='ocrx_word' id='word_1_92' title='bbox 501 1593 620 1643; x_wconf 88' lang='lat' dir='ltr'><strong>lius.</strong></span> <span class='ocrx_word' id='word_1_93' title='bbox 653 1609 670 1641; x_wconf 73' lang='lat' dir='ltr'><strong>i</strong></span> <span class='ocrx_word' id='word_1_94' title='bbox 712 1592 774 1644; x_wconf 81' lang='lat' dir='ltr'><strong>Et</strong></span> <span class='ocrx_word' id='word_1_95' title='bbox 816 1591 920 1645; x_wconf 88' lang='lat' dir='ltr'><strong>alio</strong></span> <span class='ocrx_word' id='word_1_96' title='bbox 943 1591 1059 1644; x_wconf 90' lang='lat' dir='ltr'><strong>loco</strong></span> <span class='ocrx_word' id='word_1_97' title='bbox 1095 1610 1107 1644; x_wconf 87' lang='lat'><strong>:</strong></span> <span class='ocrx_word' id='word_1_98' title='bbox 1155 1611 1170 1641; x_wconf 82' lang='grc' dir='ltr'><strong>ι</strong></span> <span class='ocrx_word' id='word_1_99' title='bbox 1203 1591 1353 1645; x_wconf 89' lang='lat' dir='ltr'><strong>Sicut</strong></span> <span class='ocrx_word' id='word_1_100' title='bbox 1417 1594 1694 1661; x_wconf 88' lang='lat' dir='ltr'><strong>c0gnoscit</strong></span> <span class='ocrx_word' id='word_1_101' title='bbox 1756 1609 1841 1646; x_wconf 90' lang='lat' dir='ltr'><strong>me</strong></span> <span class='ocrx_word' id='word_1_102' title='bbox 1879 1592 2058 1656; x_wconf 85' lang='lat' dir='ltr'><strong>Pater,</strong></span> 
     </span>
    </p>
   </div>
   <div class='ocr_carea' id='block_1_17' title="bbox 497 1681 2060 1750">
    <p class='ocr_par' dir='ltr' id='par_1_17' title="bbox 497 1681 2060 1750">
     <span class='ocr_line' id='line_1_17' title="bbox 497 1681 2060 1750; baseline 0.003 -18"><span class='ocrx_word' id='word_1_103' title='bbox 497 1691 550 1732; x_wconf 89' lang='lat' dir='ltr'><strong>et</strong></span> <span class='ocrx_word' id='word_1_104' title='bbox 573 1694 671 1750; x_wconf 80' lang='lat' dir='ltr'><strong>ego</strong></span> <span class='ocrx_word' id='word_1_105' title='bbox 713 1695 976 1749; x_wconf 86' lang='lat' dir='ltr'><strong>cognosco</strong></span> <span class='ocrx_word' id='word_1_106' title='bbox 1015 1681 1229 1734; x_wconf 80' lang='lat' dir='ltr'><strong>Patrem</strong></span> <span class='ocrx_word' id='word_1_107' title='bbox 1257 1681 1318 1734; x_wconf 84' lang='grc'><strong>¹⁹.</strong></span> <span class='ocrx_word' id='word_1_108' title='bbox 1354 1700 1371 1731; x_wconf 72' lang='grc' dir='ltr'>ι</span> <span class='ocrx_word' id='word_1_109' title='bbox 1405 1681 1552 1734; x_wconf 80' lang='lat' dir='ltr'><strong>[laud</strong></span> <span class='ocrx_word' id='word_1_110' title='bbox 1598 1683 1872 1735; x_wconf 83' lang='lat' dir='ltr'><strong>enimvero</strong></span> <span class='ocrx_word' id='word_1_111' title='bbox 1923 1683 2060 1736; x_wconf 84' lang='lat' dir='ltr'><strong>alter</strong></span> 
     </span>
    </p>
   </div>
   <div class='ocr_carea' id='block_1_18' title="bbox 499 1771 2055 1844">
    <p class='ocr_par' dir='ltr' id='par_1_18' title="bbox 499 1771 2055 1844">
     <span class='ocr_line' id='line_1_18' title="bbox 499 1771 2055 1844; baseline 0.006 -24"><span class='ocrx_word' id='word_1_112' title='bbox 499 1771 712 1837; x_wconf 90' lang='lat' dir='ltr'><strong>quidem</strong></span> <span class='ocrx_word' id='word_1_113' title='bbox 738 1771 925 1839; x_wconf 89' lang='lat' dir='ltr'><strong>magis,</strong></span> <span class='ocrx_word' id='word_1_114' title='bbox 963 1772 1100 1823; x_wconf 80' lang='lat' dir='ltr'><strong>alter</strong></span> <span class='ocrx_word' id='word_1_115' title='bbox 1137 1773 1333 1836; x_wconf 89' lang='lat' dir='ltr'><strong>minus,</strong></span> <span class='ocrx_word' id='word_1_116' title='bbox 1365 1774 1458 1826; x_wconf 88' lang='lat' dir='ltr'><strong>sed</strong></span> <span class='ocrx_word' id='word_1_117' title='bbox 1483 1773 1748 1842; x_wconf 88' lang='lat' dir='ltr'><strong>quomodo</strong></span> <span class='ocrx_word' id='word_1_118' title='bbox 1773 1789 2055 1844; x_wconf 76' lang='lat' dir='ltr'><strong>cognosco,</strong></span> 
     </span>
    </p>
   </div>
   <div class='ocr_carea' id='block_1_19' title="bbox 499 1863 994 1928">
    <p class='ocr_par' dir='ltr' id='par_1_19' title="bbox 499 1863 994 1928">
     <span class='ocr_line' id='line_1_19' title="bbox 499 1863 994 1928; baseline -0.002 -14"><span class='ocrx_word' id='word_1_119' title='bbox 499 1863 566 1914; x_wconf 74' lang='grc' dir='ltr'><strong>ιω</strong></span> <span class='ocrx_word' id='word_1_120' title='bbox 594 1869 646 1914; x_wconf 88' lang='lat' dir='ltr'><strong>et</strong></span> <span class='ocrx_word' id='word_1_121' title='bbox 685 1875 994 1928; x_wconf 82' lang='lat' dir='ltr'><strong>cognoscor.</strong></span> 
     </span>
    </p>
   </div>
   <div class='ocr_carea' id='block_1_20' title="bbox 526 2078 2022 2152">
    <p class='ocr_par' dir='ltr' id='par_1_20' title="bbox 526 2078 2022 2152">
     <span class='ocr_line' id='line_1_20' title="bbox 526 2078 2022 2152; baseline 0.001 -20"><span class='ocrx_word' id='word_1_122' title='bbox 526 2081 738 2152; x_wconf 73' lang='lat' dir='ltr'><strong>690m</strong></span> <span class='ocrx_word' id='word_1_123' title='bbox 771 2079 883 2134; x_wconf 75' lang='lat' dir='ltr'><strong>XII.</strong></span> <span class='ocrx_word' id='word_1_124' title='bbox 917 2080 1068 2144; x_wconf 84' lang='lat' dir='ltr'><strong>Quod</strong></span> <span class='ocrx_word' id='word_1_125' title='bbox 1090 2095 1184 2148; x_wconf 85' lang='lat' dir='ltr'><strong>par</strong></span> <span class='ocrx_word' id='word_1_126' title='bbox 1220 2082 1282 2132; x_wconf 74' lang='lat' dir='ltr'><strong>ait</strong></span> <span class='ocrx_word' id='word_1_127' title='bbox 1325 2078 1495 2134; x_wconf 78' lang='lat' dir='ltr'><strong>Patris</strong></span> <span class='ocrx_word' id='word_1_128' title='bbox 1530 2092 1574 2133; x_wconf 71' lang='lat' dir='ltr'><strong>et</strong></span> <span class='ocrx_word' id='word_1_129' title='bbox 1614 2079 1748 2134; x_wconf 74' lang='lat' dir='ltr'><strong>Filii</strong></span> <span class='ocrx_word' id='word_1_130' title='bbox 1767 2081 2022 2150; x_wconf 79' lang='lat' dir='ltr'><strong>potentia.</strong></span> 
     </span>
    </p>
   </div>
   <div class='ocr_carea' id='block_1_21' title="bbox 564 2270 2059 2341">
    <p class='ocr_par' dir='ltr' id='par_1_21' title="bbox 564 2270 2059 2341">
     <span class='ocr_line' id='line_1_21' title="bbox 564 2270 2059 2341; baseline -0.003 -14"><span class='ocrx_word' id='word_1_131' title='bbox 564 2278 795 2341; x_wconf 81' lang='lat' dir='ltr'><strong>Quorum</strong></span> <span class='ocrx_word' id='word_1_132' title='bbox 829 2287 955 2341; x_wconf 88' lang='lat' dir='ltr'><strong>ergo</strong></span> <span class='ocrx_word' id='word_1_133' title='bbox 985 2271 1128 2325; x_wconf 86' lang='lat' dir='ltr'><strong>notio</strong></span> <span class='ocrx_word' id='word_1_134' title='bbox 1151 2271 1372 2338; x_wconf 76' lang='lat' dir='ltr'><strong>:equalis</strong></span> <span class='ocrx_word' id='word_1_135' title='bbox 1404 2281 1506 2334; x_wconf 90' lang='lat' dir='ltr'><strong>est,</strong></span> <span class='ocrx_word' id='word_1_136' title='bbox 1539 2272 1727 2324; x_wconf 86' lang='lat' dir='ltr'><strong>horum</strong></span> <span class='ocrx_word' id='word_1_137' title='bbox 1773 2270 1938 2323; x_wconf 90' lang='lat' dir='ltr'><strong>etiam</strong></span> <span class='ocrx_word' id='word_1_138' title='bbox 1966 2283 2059 2337; x_wconf 92' lang='lat' dir='ltr'><strong>po-</strong></span> 
     </span>
    </p>
   </div>
   <div class='ocr_carea' id='block_1_22' title="bbox 499 2359 2060 2430">
    <p class='ocr_par' dir='ltr' id='par_1_22' title="bbox 499 2359 2060 2430">
     <span class='ocr_line' id='line_1_22' title="bbox 499 2359 2060 2430; baseline -0.003 -13"><span class='ocrx_word' id='word_1_139' title='bbox 499 2365 657 2418; x_wconf 87' lang='lat' dir='ltr'><strong>tentia</strong></span> <span class='ocrx_word' id='word_1_140' title='bbox 690 2363 928 2430; x_wconf 77' lang='lat' dir='ltr'><strong>aequalis.</strong></span> <span class='ocrx_word' id='word_1_141' title='bbox 953 2361 1381 2427; x_wconf 83' lang='lat' dir='ltr'><strong>Quorumautem</strong></span> <span class='ocrx_word' id='word_1_142' title='bbox 1413 2361 1635 2428; x_wconf 75' lang='lat' dir='ltr'><strong>aequalis</strong></span> <span class='ocrx_word' id='word_1_143' title='bbox 1654 2361 1908 2429; x_wconf 89' lang='lat' dir='ltr'><strong>potentia,</strong></span> <span class='ocrx_word' id='word_1_144' title='bbox 1967 2359 2060 2413; x_wconf 87' lang='lat' dir='ltr'><strong>ho-</strong></span> 
     </span>
    </p>
   </div>
   <div class='ocr_carea' id='block_1_23' title="bbox 495 2451 2062 2521">
    <p class='ocr_par' dir='ltr' id='par_1_23' title="bbox 495 2451 2062 2521">
     <span class='ocr_line' id='line_1_23' title="bbox 495 2451 2062 2521; baseline -0.003 -13"><span class='ocrx_word' id='word_1_145' title='bbox 495 2471 610 2508; x_wconf 89' lang='lat' dir='ltr'><strong>rum</strong></span> <span class='ocrx_word' id='word_1_146' title='bbox 633 2455 837 2508; x_wconf 85' lang='lat' dir='ltr'><strong>scilicet</strong></span> <span class='ocrx_word' id='word_1_147' title='bbox 864 2453 1160 2507; x_wconf 88' lang='lat' dir='ltr'><strong>substantia</strong></span> <span class='ocrx_word' id='word_1_148' title='bbox 1193 2466 1403 2521; x_wconf 90' lang='lat' dir='ltr'><strong>quoque</strong></span> <span class='ocrx_word' id='word_1_149' title='bbox 1438 2466 1542 2504; x_wconf 92' lang='lat' dir='ltr'><strong>una</strong></span> <span class='ocrx_word' id='word_1_150' title='bbox 1598 2460 1701 2504; x_wconf 88' lang='lat' dir='ltr'><strong>est.</strong></span> <span class='ocrx_word' id='word_1_151' title='bbox 1735 2451 1884 2516; x_wconf 87' lang='lat' dir='ltr'><strong>Quod</strong></span> <span class='ocrx_word' id='word_1_152' title='bbox 1935 2465 2062 2505; x_wconf 87' lang='lat' dir='ltr'><strong>vero</strong></span> 
     </span>
    </p>
   </div>
   <div class='ocr_carea' id='block_1_24' title="bbox 495 2542 2062 2612">
    <p class='ocr_par' dir='ltr' id='par_1_24' title="bbox 495 2542 2062 2612">
     <span class='ocr_line' id='line_1_24' title="bbox 495 2542 2062 2612; baseline 0.001 -16"><span class='ocrx_word' id='word_1_153' title='bbox 495 2544 671 2597; x_wconf 83' lang='lat' dir='ltr'><strong>Patris</strong></span> <span class='ocrx_word' id='word_1_154' title='bbox 705 2558 767 2598; x_wconf 86' lang='lat' dir='ltr'><strong>ac</strong></span> <span class='ocrx_word' id='word_1_155' title='bbox 807 2542 928 2596; x_wconf 85' lang='lat' dir='ltr'><strong>Filii</strong></span> <span class='ocrx_word' id='word_1_156' title='bbox 960 2544 1181 2612; x_wconf 76' lang='lat' dir='ltr'><strong>:rqualis</strong></span> <span class='ocrx_word' id='word_1_157' title='bbox 1213 2545 1278 2597; x_wconf 87' lang='lat' dir='ltr'><strong>sit</strong></span> <span class='ocrx_word' id='word_1_158' title='bbox 1313 2544 1574 2612; x_wconf 88' lang='lat' dir='ltr'><strong>potentia,</strong></span> <span class='ocrx_word' id='word_1_159' title='bbox 1603 2543 1715 2610; x_wconf 91' lang='lat' dir='ltr'><strong>ipse</strong></span> <span class='ocrx_word' id='word_1_160' title='bbox 1755 2557 1940 2596; x_wconf 88' lang='lat' dir='ltr'><strong>rursus</strong></span> <span class='ocrx_word' id='word_1_161' title='bbox 1965 2556 2062 2597; x_wconf 88' lang='lat' dir='ltr'><strong>nos</strong></span> 
     </span>
    </p>
   </div>
   <div class='ocr_carea' id='block_1_25' title="bbox 495 2632 2058 2696">
    <p class='ocr_par' dir='ltr' id='par_1_25' title="bbox 495 2632 2058 2696">
     <span class='ocr_line' id='line_1_25' title="bbox 495 2632 2058 2696; baseline -0.001 -10"><span class='ocrx_word' id='word_1_162' title='bbox 495 2634 738 2687; x_wconf 77' lang='lat' dir='ltr'><strong>Salvator</strong></span> <span class='ocrx_word' id='word_1_163' title='bbox 759 2632 944 2687; x_wconf 88' lang='lat' dir='ltr'><strong>docuit</strong></span> <span class='ocrx_word' id='word_1_164' title='bbox 966 2633 1034 2685; x_wconf 89' lang='lat' dir='ltr'><strong>ita</strong></span> <span class='ocrx_word' id='word_1_165' title='bbox 1062 2633 1281 2686; x_wconf 81' lang='lat' dir='ltr'><strong>dicens:</strong></span> <span class='ocrx_word' id='word_1_166' title='bbox 1322 2649 1338 2681; x_wconf 77' lang='grc' dir='ltr'><strong>ι</strong></span> <span class='ocrx_word' id='word_1_167' title='bbox 1365 2633 1462 2696; x_wconf 82' lang='lat' dir='ltr'><strong>Qui</strong></span> <span class='ocrx_word' id='word_1_168' title='bbox 1483 2642 1604 2685; x_wconf 91' lang='lat' dir='ltr'><strong>sunt</strong></span> <span class='ocrx_word' id='word_1_169' title='bbox 1623 2648 1686 2686; x_wconf 86' lang='lat' dir='ltr'><strong>ex</strong></span> <span class='ocrx_word' id='word_1_170' title='bbox 1705 2632 1893 2685; x_wconf 86' lang='lat' dir='ltr'><strong>ovibus</strong></span> <span class='ocrx_word' id='word_1_171' title='bbox 1907 2633 2058 2695; x_wconf 87' lang='lat' dir='ltr'><strong>meis,</strong></span> 
     </span>
    </p>
   </div>
   <div class='ocr_carea' id='block_1_26' title="bbox 495 2724 2063 2789">
    <p class='ocr_par' dir='ltr' id='par_1_26' title="bbox 495 2724 2063 2789">
     <span class='ocr_line' id='line_1_26' title="bbox 495 2724 2063 2789; baseline -0.001 -12"><span class='ocrx_word' id='word_1_172' title='bbox 495 2726 546 2777; x_wconf 80' lang='lat' dir='ltr'><strong>iii</strong></span> <span class='ocrx_word' id='word_1_173' title='bbox 583 2738 763 2779; x_wconf 83' lang='lat' dir='ltr'><strong>vocem</strong></span> <span class='ocrx_word' id='word_1_174' title='bbox 792 2738 962 2776; x_wconf 89' lang='lat' dir='ltr'><strong>meam</strong></span> <span class='ocrx_word' id='word_1_175' title='bbox 995 2724 1238 2785; x_wconf 88' lang='lat' dir='ltr'><strong>audiunt,</strong></span> <span class='ocrx_word' id='word_1_176' title='bbox 1271 2733 1325 2775; x_wconf 91' lang='lat' dir='ltr'><strong>et</strong></span> <span class='ocrx_word' id='word_1_177' title='bbox 1355 2738 1452 2789; x_wconf 87' lang='lat' dir='ltr'><strong>ego</strong></span> <span class='ocrx_word' id='word_1_178' title='bbox 1481 2737 1609 2776; x_wconf 85' lang='lat' dir='ltr'><strong>oves</strong></span> <span class='ocrx_word' id='word_1_179' title='bbox 1671 2737 1819 2776; x_wconf 88' lang='lat' dir='ltr'><strong>meas</strong></span> <span class='ocrx_word' id='word_1_180' title='bbox 1867 2736 2063 2789; x_wconf 83' lang='lat' dir='ltr'><strong>cogno-</strong></span> 
     </span>
    </p>
   </div>
   <div class='ocr_carea' id='block_1_27' title="bbox 495 2811 2063 2882">
    <p class='ocr_par' dir='ltr' id='par_1_27' title="bbox 495 2811 2063 2882">
     <span class='ocr_line' id='line_1_27' title="bbox 495 2811 2063 2882; baseline 0 -17"><span class='ocrx_word' id='word_1_181' title='bbox 495 2829 606 2876; x_wconf 83' lang='lat' dir='ltr'><strong>sco,</strong></span> <span class='ocrx_word' id='word_1_182' title='bbox 643 2828 759 2882; x_wconf 67' lang='lat' dir='ltr'><strong>qua:</strong></span> <span class='ocrx_word' id='word_1_183' title='bbox 781 2828 866 2866; x_wconf 90' lang='lat' dir='ltr'><strong>me</strong></span> <span class='ocrx_word' id='word_1_184' title='bbox 895 2823 1213 2879; x_wconf 89' lang='lat' dir='ltr'><strong>sequuntur,</strong></span> <span class='ocrx_word' id='word_1_185' title='bbox 1239 2821 1291 2865; x_wconf 90' lang='lat' dir='ltr'><strong>et</strong></span> <span class='ocrx_word' id='word_1_186' title='bbox 1327 2811 1487 2864; x_wconf 75' lang='lat' dir='ltr'><strong>vitam</strong></span> <span class='ocrx_word' id='word_1_187' title='bbox 1518 2822 1772 2864; x_wconf 68' lang='lat' dir='ltr'><strong>aeternam</strong></span> <span class='ocrx_word' id='word_1_188' title='bbox 1826 2826 1924 2880; x_wconf 91' lang='lat' dir='ltr'><strong>ego</strong></span> <span class='ocrx_word' id='word_1_189' title='bbox 1959 2813 2063 2865; x_wconf 86' lang='lat' dir='ltr'><strong>illis</strong></span> 
     </span>
    </p>
   </div>
   <div class='ocr_carea' id='block_1_28' title="bbox 494 2901 2064 2970">
    <p class='ocr_par' dir='ltr' id='par_1_28' title="bbox 494 2901 2064 2970">
     <span class='ocr_line' id='line_1_28' title="bbox 494 2901 2064 2970; baseline -0.001 -14"><span class='ocrx_word' id='word_1_190' title='bbox 494 2906 580 2968; x_wconf 87' lang='lat' dir='ltr'><strong>do,</strong></span> <span class='ocrx_word' id='word_1_191' title='bbox 613 2913 665 2959; x_wconf 93' lang='lat' dir='ltr'><strong>et</strong></span> <span class='ocrx_word' id='word_1_192' title='bbox 695 2904 745 2957; x_wconf 91' lang='lat' dir='ltr'><strong>in</strong></span> <span class='ocrx_word' id='word_1_193' title='bbox 775 2912 1030 2958; x_wconf 63' lang='lat' dir='ltr'><strong>aeternum</strong></span> <span class='ocrx_word' id='word_1_194' title='bbox 1059 2917 1162 2955; x_wconf 92' lang='lat' dir='ltr'><strong>non</strong></span> <span class='ocrx_word' id='word_1_195' title='bbox 1203 2901 1482 2970; x_wconf 86' lang='lat' dir='ltr'><strong>peribunt;</strong></span> <span class='ocrx_word' id='word_1_196' title='bbox 1537 2915 1711 2970; x_wconf 89' lang='lat' dir='ltr'><strong>neque</strong></span> <span class='ocrx_word' id='word_1_197' title='bbox 1761 2916 1854 2955; x_wconf 91' lang='lat' dir='ltr'><strong>eas</strong></span> <span class='ocrx_word' id='word_1_198' title='bbox 1915 2901 2064 2970; x_wconf 77' lang='lat' dir='ltr'><strong>quis-</strong></span> 
     </span>
    </p>
   </div>
   <div class='ocr_carea' id='block_1_29' title="bbox 493 2992 2060 3064">
    <p class='ocr_par' dir='ltr' id='par_1_29' title="bbox 493 2992 2060 3064">
     <span class='ocr_line' id='line_1_29' title="bbox 493 2992 2060 3064; baseline -0.002 -17"><span class='ocrx_word' id='word_1_199' title='bbox 493 3011 651 3064; x_wconf 85' lang='lat' dir='ltr'><strong>quam</strong></span> <span class='ocrx_word' id='word_1_200' title='bbox 696 2994 762 3049; x_wconf 91' lang='lat' dir='ltr'><strong>de</strong></span> <span class='ocrx_word' id='word_1_201' title='bbox 814 3009 976 3049; x_wconf 87' lang='lat' dir='ltr'><strong>manu</strong></span> <span class='ocrx_word' id='word_1_202' title='bbox 1009 3009 1125 3047; x_wconf 83' lang='lat' dir='ltr'><strong>mea</strong></span> <span class='ocrx_word' id='word_1_203' title='bbox 1152 2992 1341 3061; x_wconf 88' lang='lat' dir='ltr'><strong>rapiet.</strong></span> <span class='ocrx_word' id='word_1_204' title='bbox 1373 2993 1548 3057; x_wconf 79' lang='lat' dir='ltr'><strong>Pater,</strong></span> <span class='ocrx_word' id='word_1_205' title='bbox 1599 2993 1689 3062; x_wconf 87' lang='lat' dir='ltr'><strong>qui</strong></span> <span class='ocrx_word' id='word_1_206' title='bbox 1727 2992 1870 3047; x_wconf 88' lang='lat' dir='ltr'><strong>dedit</strong></span> <span class='ocrx_word' id='word_1_207' title='bbox 1910 2993 2060 3056; x_wconf 87' lang='lat' dir='ltr'><strong>mihi,</strong></span> 
     </span>
    </p>
   </div>
   <div class='ocr_carea' id='block_1_30' title="bbox 496 3083 2061 3156">
    <p class='ocr_par' dir='ltr' id='par_1_30' title="bbox 496 3083 2061 3156">
     <span class='ocr_line' id='line_1_30' title="bbox 496 3083 2061 3156; baseline -0.001 -16"><span class='ocrx_word' id='word_1_208' title='bbox 496 3088 665 3156; x_wconf 84' lang='lat' dir='ltr'><strong>major</strong></span> <span class='ocrx_word' id='word_1_209' title='bbox 711 3087 957 3140; x_wconf 90' lang='lat' dir='ltr'><strong>omnibus</strong></span> <span class='ocrx_word' id='word_1_210' title='bbox 1015 3093 1122 3148; x_wconf 87' lang='lat' dir='ltr'><strong>est,</strong></span> <span class='ocrx_word' id='word_1_211' title='bbox 1181 3099 1442 3152; x_wconf 89' lang='lat' dir='ltr'><strong>nemoque</strong></span> <span class='ocrx_word' id='word_1_212' title='bbox 1468 3086 1534 3139; x_wconf 88' lang='lat' dir='ltr'><strong>de</strong></span> <span class='ocrx_word' id='word_1_213' title='bbox 1558 3100 1715 3138; x_wconf 88' lang='lat' dir='ltr'><strong>manu</strong></span> <span class='ocrx_word' id='word_1_214' title='bbox 1739 3083 1913 3138; x_wconf 84' lang='lat' dir='ltr'><strong>Patris</strong></span> <span class='ocrx_word' id='word_1_215' title='bbox 1957 3085 2061 3138; x_wconf 82' lang='lat' dir='ltr'><strong>ntei</strong></span> 
     </span>
    </p>
   </div>
   <div class='ocr_carea' id='block_1_31' title="bbox 496 3176 2061 3246">
    <p class='ocr_par' dir='ltr' id='par_1_31' title="bbox 496 3176 2061 3246">
     <span class='ocr_line' id='line_1_31' title="bbox 496 3176 2061 3246; baseline -0.002 -15"><span class='ocrx_word' id='word_1_216' title='bbox 496 3191 685 3246; x_wconf 84' lang='lat' dir='ltr'><strong>rapere</strong></span> <span class='ocrx_word' id='word_1_217' title='bbox 705 3186 895 3246; x_wconf 85' lang='lat' dir='ltr'><strong>potest.</strong></span> <span class='ocrx_word' id='word_1_218' title='bbox 929 3176 1037 3245; x_wconf 86' lang='lat' dir='ltr'><strong>Ego</strong></span> <span class='ocrx_word' id='word_1_219' title='bbox 1063 3186 1115 3230; x_wconf 91' lang='lat' dir='ltr'><strong>et</strong></span> <span class='ocrx_word' id='word_1_220' title='bbox 1148 3176 1306 3229; x_wconf 85' lang='lat' dir='ltr'><strong>Pater</strong></span> <span class='ocrx_word' id='word_1_221' title='bbox 1333 3191 1496 3229; x_wconf 90' lang='lat' dir='ltr'><strong>unum</strong></span> <span class='ocrx_word' id='word_1_222' title='bbox 1525 3191 1710 3230; x_wconf 86' lang='lat' dir='ltr'><strong>sumus</strong></span> <span class='ocrx_word' id='word_1_223' title='bbox 1735 3178 1800 3230; x_wconf 81' lang='lat'><strong>’°.</strong></span> <span class='ocrx_word' id='word_1_224' title='bbox 1833 3193 1851 3226; x_wconf 75' lang='grc' dir='ltr'>ι</span> <span class='ocrx_word' id='word_1_225' title='bbox 1875 3176 2061 3228; x_wconf 85' lang='lat' dir='ltr'><strong>Anim-</strong></span> 
     </span>
    </p>
   </div>
   <div class='ocr_carea' id='block_1_32' title="bbox 2171 687 3740 755">
    <p class='ocr_par' dir='ltr' id='par_1_32' title="bbox 2171 687 3740 755">
     <span class='ocr_line' id='line_1_32' title="bbox 2171 687 3740 755; baseline 0.004 -20"><span class='ocrx_word' id='word_1_226' title='bbox 2171 687 2482 755; x_wconf 73' lang='grc' dir='ltr'><strong>ἐξήρτησεν.</strong></span> <span class='ocrx_word' id='word_1_227' title='bbox 2535 687 2691 738; x_wconf 78' lang='grc' dir='ltr'>Ἀλλά</span> <span class='ocrx_word' id='word_1_228' title='bbox 2723 687 2824 739; x_wconf 72' lang='grc' dir='ltr'><strong>κᾶν</strong></span> <span class='ocrx_word' id='word_1_229' title='bbox 2858 688 3113 755; x_wconf 81' lang='grc' dir='ltr'><strong>μυριάκις</strong></span> <span class='ocrx_word' id='word_1_230' title='bbox 3146 691 3224 752; x_wconf 80' lang='grc' dir='ltr'>εἰς</span> <span class='ocrx_word' id='word_1_231' title='bbox 3249 689 3336 741; x_wconf 76' lang='grc' dir='ltr'><strong>τὸν</strong></span> <span class='ocrx_word' id='word_1_232' title='bbox 3367 690 3488 741; x_wconf 71' lang='grc' dir='ltr'>Υιὸν</span> <span class='ocrx_word' id='word_1_233' title='bbox 3524 691 3740 742; x_wconf 73' lang='grc' dir='ltr'>ἀσεϐεῖν</span> 
     </span>
    </p>
   </div>
   <div class='ocr_carea' id='block_1_33' title="bbox 2170 772 3738 848">
    <p class='ocr_par' dir='ltr' id='par_1_33' title="bbox 2170 772 3738 848">
     <span class='ocr_line' id='line_1_33' title="bbox 2170 772 3738 848; baseline 0.004 -23"><span class='ocrx_word' id='word_1_234' title='bbox 2170 775 2457 840; x_wconf 78' lang='grc' dir='ltr'><strong>ἐθέλωσιν,</strong></span> <span class='ocrx_word' id='word_1_235' title='bbox 2515 772 2593 838; x_wconf 73' lang='grc' dir='ltr'>οἷς</span> <span class='ocrx_word' id='word_1_236' title='bbox 2643 775 2798 827; x_wconf 86' lang='grc' dir='ltr'>τοῦτο</span> <span class='ocrx_word' id='word_1_237' title='bbox 2845 776 3026 844; x_wconf 73' lang='grc' dir='ltr'>φίλον,</span> <span class='ocrx_word' id='word_1_238' title='bbox 3079 780 3236 845; x_wconf 74' lang='grc' dir='ltr'>ἡμεῖς</span> <span class='ocrx_word' id='word_1_239' title='bbox 3291 779 3388 830; x_wconf 77' lang='grc' dir='ltr'>οὐκ</span> <span class='ocrx_word' id='word_1_240' title='bbox 3438 779 3738 848; x_wconf 72' lang='grc' dir='ltr'>ἀνεξόμεθα</span> 
     </span>
    </p>
   </div>
   <div class='ocr_carea' id='block_1_34' title="bbox 2173 863 3736 937">
    <p class='ocr_par' dir='ltr' id='par_1_34' title="bbox 2173 863 3736 937">
     <span class='ocr_line' id='line_1_34' title="bbox 2173 863 3736 937; baseline 0.004 -22"><span class='ocrx_word' id='word_1_241' title='bbox 2173 863 2485 935; x_wconf 67' lang='grc' dir='ltr'>βλάσφημον</span> <span class='ocrx_word' id='word_1_242' title='bbox 2518 866 2724 917; x_wconf 80' lang='grc' dir='ltr'>ἔννοιαν</span> <span class='ocrx_word' id='word_1_243' title='bbox 2753 866 3142 930; x_wconf 78' lang='grc' dir='ltr'><strong>καταδέξασθαι</strong></span> <span class='ocrx_word' id='word_1_244' title='bbox 3175 869 3301 937; x_wconf 71' lang='grc' dir='ltr'>περὶ</span> <span class='ocrx_word' id='word_1_245' title='bbox 3331 868 3463 921; x_wconf 88' lang='grc' dir='ltr'>Θεοῦ</span> <span class='ocrx_word' id='word_1_246' title='bbox 3498 870 3590 921; x_wconf 70' lang='grc' dir='ltr'><strong>καὶ</strong></span> <span class='ocrx_word' id='word_1_247' title='bbox 3624 870 3736 921; x_wconf 87' lang='grc' dir='ltr'>Πα-</span> 
     </span>
    </p>
   </div>
   <div class='ocr_carea' id='block_1_35' title="bbox 2169 956 3737 1029">
    <p class='ocr_par' dir='ltr' id='par_1_35' title="bbox 2169 956 3737 1029">
     <span class='ocr_line' id='line_1_35' title="bbox 2169 956 3737 1029; baseline 0.004 -24"><span class='ocrx_word' id='word_1_248' title='bbox 2169 956 2293 1024; x_wconf 74' lang='grc' dir='ltr'>τρός</span> <span class='ocrx_word' id='word_1_249' title='bbox 2321 972 2330 980; x_wconf 89' lang='grc'>·</span> <span class='ocrx_word' id='word_1_250' title='bbox 2363 956 2686 1024; x_wconf 68' lang='grc' dir='ltr'>πιστεύομεν</span> <span class='ocrx_word' id='word_1_251' title='bbox 2713 957 2819 1026; x_wconf 84' lang='grc' dir='ltr'><strong>γὰρ</strong></span> <span class='ocrx_word' id='word_1_252' title='bbox 2844 958 3068 1011; x_wconf 81' lang='grc' dir='ltr'>ἀθέατον</span> <span class='ocrx_word' id='word_1_253' title='bbox 3099 958 3191 1010; x_wconf 81' lang='grc' dir='ltr'><strong>καὶ</strong></span> <span class='ocrx_word' id='word_1_254' title='bbox 3217 960 3571 1029; x_wconf 85' lang='grc' dir='ltr'>ἀπερινόητον</span> <span class='ocrx_word' id='word_1_255' title='bbox 3598 956 3737 1012; x_wconf 78' lang='grc' dir='ltr'>εἶναι</span> 
     </span>
    </p>
   </div>
   <div class='ocr_carea' id='block_1_36' title="bbox 2167 1045 3738 1120">
    <p class='ocr_par' dir='ltr' id='par_1_36' title="bbox 2167 1045 3738 1120">
     <span class='ocr_line' id='line_1_36' title="bbox 2167 1045 3738 1120; baseline 0.003 -23"><span class='ocrx_word' id='word_1_256' title='bbox 2167 1047 2257 1098; x_wconf 74' lang='grc' dir='ltr'><strong>τὸν</strong></span> <span class='ocrx_word' id='word_1_257' title='bbox 2286 1045 2392 1098; x_wconf 82' lang='grc' dir='ltr'><strong>τῶν</strong></span> <span class='ocrx_word' id='word_1_258' title='bbox 2436 1047 2571 1098; x_wconf 80' lang='grc' dir='ltr'>ὅλων</span> <span class='ocrx_word' id='word_1_259' title='bbox 2605 1048 2738 1099; x_wconf 80' lang='grc' dir='ltr'>Θεόν</span> <span class='ocrx_word' id='word_1_260' title='bbox 2767 1065 2780 1077; x_wconf 67' lang='grc' dir='ltr'><strong>θ</strong></span> <span class='ocrx_word' id='word_1_261' title='bbox 2839 1048 2953 1110; x_wconf 87' lang='grc' dir='ltr'><strong>πῶς</strong></span> <span class='ocrx_word' id='word_1_262' title='bbox 2978 1049 3084 1118; x_wconf 78' lang='grc' dir='ltr'><strong>γὰρ</strong></span> <span class='ocrx_word' id='word_1_263' title='bbox 3131 1051 3157 1101; x_wconf 99' lang='lat'><strong>6</strong></span> <span class='ocrx_word' id='word_1_264' title='bbox 3194 1049 3575 1120; x_wconf 72' lang='grc' dir='ltr'>ἀκατάληπτος</span> <span class='ocrx_word' id='word_1_265' title='bbox 3611 1051 3738 1112; x_wconf 68' lang='grc' dir='ltr'>Υἱὸς</span> 
     </span>
    </p>
   </div>
   <div class='ocr_carea' id='block_1_37' title="bbox 2170 1135 3739 1209">
    <p class='ocr_par' dir='ltr' id='par_1_37' title="bbox 2170 1135 3739 1209">
     <span class='ocr_line' id='line_1_37' title="bbox 2170 1135 3739 1209; baseline 0.003 -21"><span class='ocrx_word' id='word_1_266' title='bbox 2170 1135 2234 1188; x_wconf 83' lang='grc' dir='ltr'><strong>ἂν</strong></span> <span class='ocrx_word' id='word_1_267' title='bbox 2274 1137 2354 1204; x_wconf 82' lang='grc' dir='ltr'>εἴη</span> <span class='ocrx_word' id='word_1_268' title='bbox 2384 1135 2476 1186; x_wconf 80' lang='grc' dir='ltr'><strong>τοῦ</strong></span> <span class='ocrx_word' id='word_1_269' title='bbox 2499 1137 2909 1205; x_wconf 74' lang='grc' dir='ltr'>καταληφθῆναι</span> <span class='ocrx_word' id='word_1_270' title='bbox 2935 1139 3233 1209; x_wconf 76' lang='grc' dir='ltr'>δυναμένου</span> <span class='ocrx_word' id='word_1_271' title='bbox 3256 1159 3270 1203; x_wconf 91' lang='grc'><strong>;</strong></span> <span class='ocrx_word' id='word_1_272' title='bbox 3301 1140 3532 1208; x_wconf 81' lang='grc' dir='ltr'>Ὁμοίως</span> <span class='ocrx_word' id='word_1_273' title='bbox 3555 1142 3739 1194; x_wconf 79' lang='grc' dir='ltr'>τοίνυν</span> 
     </span>
    </p>
   </div>
   <div class='ocr_carea' id='block_1_38' title="bbox 2169 1226 3736 1300">
    <p class='ocr_par' dir='ltr' id='par_1_38' title="bbox 2169 1226 3736 1300">
     <span class='ocr_line' id='line_1_38' title="bbox 2169 1226 3736 1300; baseline 0.004 -22"><span class='ocrx_word' id='word_1_274' title='bbox 2169 1226 2382 1295; x_wconf 86' lang='grc' dir='ltr'>Πατέρα</span> <span class='ocrx_word' id='word_1_275' title='bbox 2413 1227 2504 1276; x_wconf 71' lang='grc' dir='ltr'><strong>καὶ</strong></span> <span class='ocrx_word' id='word_1_276' title='bbox 2533 1226 2658 1277; x_wconf 70' lang='grc' dir='ltr'>Υἰον</span> <span class='ocrx_word' id='word_1_277' title='bbox 2684 1227 2963 1298; x_wconf 76' lang='grc' dir='ltr'>ἀχώρητον</span> <span class='ocrx_word' id='word_1_278' title='bbox 2989 1226 3126 1282; x_wconf 76' lang='grc' dir='ltr'>εἶναι</span> <span class='ocrx_word' id='word_1_279' title='bbox 3158 1249 3334 1300; x_wconf 72' lang='grc' dir='ltr'>φαμεν</span> <span class='ocrx_word' id='word_1_280' title='bbox 3363 1233 3649 1297; x_wconf 67' lang='grc' dir='ltr'>ἀνέφικτον</span> <span class='ocrx_word' id='word_1_281' title='bbox 3677 1249 3736 1285; x_wconf 81' lang='grc' dir='ltr'><strong>τε</strong></span> 
     </span>
    </p>
   </div>
   <div class='ocr_carea' id='block_1_39' title="bbox 2169 1316 3738 1391">
    <p class='ocr_par' dir='ltr' id='par_1_39' title="bbox 2169 1316 3738 1391">
     <span class='ocr_line' id='line_1_39' title="bbox 2169 1316 3738 1391; baseline 0.006 -25"><span class='ocrx_word' id='word_1_282' title='bbox 2169 1316 2261 1367; x_wconf 78' lang='grc' dir='ltr'><strong>καὶ</strong></span> <span class='ocrx_word' id='word_1_283' title='bbox 2302 1318 2710 1387; x_wconf 80' lang='grc' dir='ltr'>ἀκατάληπτον·</span> <span class='ocrx_word' id='word_1_284' title='bbox 2758 1320 3230 1374; x_wconf 76' lang='grc' dir='ltr'>ἀποκαλύπτεσθαι</span> <span class='ocrx_word' id='word_1_285' title='bbox 3279 1323 3334 1374; x_wconf 84' lang='grc' dir='ltr'><strong>δὲ</strong></span> <span class='ocrx_word' id='word_1_286' title='bbox 3374 1323 3470 1374; x_wconf 65' lang='grc' dir='ltr'><strong>διὰ</strong></span> <span class='ocrx_word' id='word_1_287' title='bbox 3523 1325 3738 1391; x_wconf 72' lang='grc' dir='ltr'>Πατρὸς</span> 
     </span>
    </p>
   </div>
   <div class='ocr_carea' id='block_1_40' title="bbox 2168 1404 3737 1479">
    <p class='ocr_par' dir='ltr' id='par_1_40' title="bbox 2168 1404 3737 1479">
     <span class='ocr_line' id='line_1_40' title="bbox 2168 1404 3737 1479; baseline 0.007 -26"><span class='ocrx_word' id='word_1_288' title='bbox 2168 1404 2260 1454; x_wconf 81' lang='grc' dir='ltr'>καὶ</span> <span class='ocrx_word' id='word_1_289' title='bbox 2299 1404 2425 1456; x_wconf 76' lang='grc' dir='ltr'>Υἰοῦ</span> <span class='ocrx_word' id='word_1_290' title='bbox 2468 1407 2567 1475; x_wconf 76' lang='grc' dir='ltr'><strong>τὴν</strong></span> <span class='ocrx_word' id='word_1_291' title='bbox 2619 1408 2818 1474; x_wconf 79' lang='grc' dir='ltr'>γνῶσιν</span> <span class='ocrx_word' id='word_1_292' title='bbox 2859 1411 3183 1476; x_wconf 65' lang='grc' dir='ltr'>πιστεύομεν</span> <span class='ocrx_word' id='word_1_293' title='bbox 3230 1411 3304 1476; x_wconf 76' lang='grc' dir='ltr'>τῷ</span> <span class='ocrx_word' id='word_1_294' title='bbox 3349 1411 3448 1479; x_wconf 69' lang='grc' dir='ltr'>τῆς</span> <span class='ocrx_word' id='word_1_295' title='bbox 3495 1412 3737 1474; x_wconf 73' lang='grc' dir='ltr'>διανοίας</span> 
     </span>
    </p>
   </div>
   <div class='ocr_carea' id='block_1_41' title="bbox 2167 1493 3735 1568">
    <p class='ocr_par' dir='ltr' id='par_1_41' title="bbox 2167 1493 3735 1568">
     <span class='ocr_line' id='line_1_41' title="bbox 2167 1493 3735 1568; baseline 0.004 -24"><span class='ocrx_word' id='word_1_296' title='bbox 2167 1493 2372 1562; x_wconf 83' lang='grc' dir='ltr'>ὀπτικῷ</span> <span class='ocrx_word' id='word_1_297' title='bbox 2398 1495 2489 1546; x_wconf 69' lang='grc' dir='ltr'><strong>καὶ</strong></span> <span class='ocrx_word' id='word_1_298' title='bbox 2507 1498 2570 1565; x_wconf 78' lang='grc' dir='ltr'>τῇ</span> <span class='ocrx_word' id='word_1_299' title='bbox 2603 1497 2698 1563; x_wconf 85' lang='grc' dir='ltr'>τῆς</span> <span class='ocrx_word' id='word_1_300' title='bbox 2731 1497 2964 1559; x_wconf 85' lang='grc' dir='ltr'>πίστεως</span> <span class='ocrx_word' id='word_1_301' title='bbox 2992 1497 3212 1568; x_wconf 51' lang='grc' dir='ltr'>θεωρία</span> <span class='ocrx_word' id='word_1_302' title='bbox 3244 1499 3456 1561; x_wconf 66' lang='grc' dir='ltr'><strong>«Οὐδεὶς</strong></span> <span class='ocrx_word' id='word_1_303' title='bbox 3474 1499 3735 1566; x_wconf 76' lang='grc' dir='ltr'>γινώσκει</span> 
     </span>
    </p>
   </div>
   <div class='ocr_carea' id='block_1_42' title="bbox 2167 1581 3736 1658">
    <p class='ocr_par' dir='ltr' id='par_1_42' title="bbox 2167 1581 3736 1658">
     <span class='ocr_line' id='line_1_42' title="bbox 2167 1581 3736 1658; baseline 0.006 -27"><span class='ocrx_word' id='word_1_304' title='bbox 2167 1581 2256 1632; x_wconf 84' lang='grc' dir='ltr'><strong>τὸν</strong></span> <span class='ocrx_word' id='word_1_305' title='bbox 2286 1581 2431 1645; x_wconf 71' lang='grc' dir='ltr'>Υἱδν,</span> <span class='ocrx_word' id='word_1_306' title='bbox 2471 1584 2516 1634; x_wconf 72' lang='grc' dir='ltr'>εἰ</span> <span class='ocrx_word' id='word_1_307' title='bbox 2548 1585 2621 1652; x_wconf 79' lang='grc' dir='ltr'>μὴ</span> <span class='ocrx_word' id='word_1_308' title='bbox 2645 1587 2672 1636; x_wconf 87' lang='lat'><strong>6</strong></span> <span class='ocrx_word' id='word_1_309' title='bbox 2701 1586 2914 1655; x_wconf 73' lang='grc' dir='ltr'><strong>Πατήρ⁸</strong></span> <span class='ocrx_word' id='word_1_310' title='bbox 2947 1587 3066 1638; x_wconf 70' lang='grc' dir='ltr'>οὐδὲ</span> <span class='ocrx_word' id='word_1_311' title='bbox 3101 1588 3190 1639; x_wconf 77' lang='grc' dir='ltr'><strong>τον</strong></span> <span class='ocrx_word' id='word_1_312' title='bbox 3221 1588 3438 1658; x_wconf 81' lang='grc' dir='ltr'>Πατέρα</span> <span class='ocrx_word' id='word_1_313' title='bbox 3467 1605 3548 1650; x_wconf 93' lang='grc' dir='ltr'><strong>τις</strong></span> <span class='ocrx_word' id='word_1_314' title='bbox 3573 1588 3736 1655; x_wconf 75' lang='grc' dir='ltr'>γινώ-</span> 
     </span>
    </p>
   </div>
   <div class='ocr_carea' id='block_1_43' title="bbox 2169 1675 3731 1753">
    <p class='ocr_par' dir='ltr' id='par_1_43' title="bbox 2169 1675 3731 1753">
     <span class='ocr_line' id='line_1_43' title="bbox 2169 1675 3731 1753; baseline 0.006 -29"><span class='ocrx_word' id='word_1_315' title='bbox 2169 1690 2306 1735; x_wconf 88' lang='grc' dir='ltr'>σκει,</span> <span class='ocrx_word' id='word_1_316' title='bbox 2339 1675 2387 1726; x_wconf 79' lang='grc' dir='ltr'>εἰ</span> <span class='ocrx_word' id='word_1_317' title='bbox 2425 1675 2498 1744; x_wconf 86' lang='grc' dir='ltr'>μὴ</span> <span class='ocrx_word' id='word_1_318' title='bbox 2528 1677 2555 1728; x_wconf 92' lang='lat'><strong>6</strong></span> <span class='ocrx_word' id='word_1_319' title='bbox 2591 1677 2745 1739; x_wconf 75' lang='grc' dir='ltr'>Υἱός·</span> <span class='ocrx_word' id='word_1_320' title='bbox 2789 1698 2804 1727; x_wconf 77' lang='grc' dir='ltr'>ι</span> <span class='ocrx_word' id='word_1_321' title='bbox 2843 1681 2934 1730; x_wconf 72' lang='grc' dir='ltr'>καὶ</span> <span class='ocrx_word' id='word_1_322' title='bbox 2964 1679 3226 1748; x_wconf 82' lang='grc' dir='ltr'>ἀλλαχοῦ·</span> <span class='ocrx_word' id='word_1_323' title='bbox 3263 1701 3281 1732; x_wconf 84' lang='grc'><strong><em>‹</em></strong></span> <span class='ocrx_word' id='word_1_324' title='bbox 3322 1681 3535 1745; x_wconf 79' lang='grc' dir='ltr'>Καθὼς,</span> <span class='ocrx_word' id='word_1_325' title='bbox 3576 1685 3731 1753; x_wconf 71' lang='grc' dir='ltr'>φησὶ.</span> 
     </span>
    </p>
   </div>
   <div class='ocr_carea' id='block_1_44' title="bbox 2165 1764 3726 1842">
    <p class='ocr_par' dir='ltr' id='par_1_44' title="bbox 2165 1764 3726 1842">
     <span class='ocr_line' id='line_1_44' title="bbox 2165 1764 3726 1842; baseline 0.005 -28"><span class='ocrx_word' id='word_1_326' title='bbox 2165 1764 2419 1830; x_wconf 83' lang='grc' dir='ltr'>γινώσκει</span> <span class='ocrx_word' id='word_1_327' title='bbox 2451 1782 2514 1834; x_wconf 87' lang='grc' dir='ltr'><strong>με</strong></span> <span class='ocrx_word' id='word_1_328' title='bbox 2547 1768 2574 1818; x_wconf 93' lang='lat'><strong>6</strong></span> <span class='ocrx_word' id='word_1_329' title='bbox 2606 1766 2810 1836; x_wconf 77' lang='grc' dir='ltr'>Πατὴρ,</span> <span class='ocrx_word' id='word_1_330' title='bbox 2858 1768 3010 1834; x_wconf 83' lang='grc' dir='ltr'><strong>κάγὼ</strong></span> <span class='ocrx_word' id='word_1_331' title='bbox 3043 1769 3292 1835; x_wconf 85' lang='grc' dir='ltr'>γινώσκω</span> <span class='ocrx_word' id='word_1_332' title='bbox 3317 1771 3405 1822; x_wconf 76' lang='grc' dir='ltr'><strong>τον</strong></span> <span class='ocrx_word' id='word_1_333' title='bbox 3433 1773 3671 1842; x_wconf 79' lang='grc' dir='ltr'>Πατέρα.</span> <span class='ocrx_word' id='word_1_334' title='bbox 3707 1792 3726 1822; x_wconf 76' lang='grc' dir='ltr'>ι</span> 
     </span>
    </p>
   </div>
   <div class='ocr_carea' id='block_1_45' title="bbox 2165 1855 3728 1930">
    <p class='ocr_par' dir='ltr' id='par_1_45' title="bbox 2165 1855 3728 1930">
     <span class='ocr_line' id='line_1_45' title="bbox 2165 1855 3728 1930; baseline 0.007 -25"><span class='ocrx_word' id='word_1_335' title='bbox 2165 1855 2275 1922; x_wconf 78' lang='grc' dir='ltr'><strong>Οὐχ</strong></span> <span class='ocrx_word' id='word_1_336' title='bbox 2293 1856 2321 1906; x_wconf 89' lang='lat'><strong>6</strong></span> <span class='ocrx_word' id='word_1_337' title='bbox 2344 1856 2441 1924; x_wconf 85' lang='grc' dir='ltr'>μὲν</span> <span class='ocrx_word' id='word_1_338' title='bbox 2471 1857 2648 1919; x_wconf 83' lang='grc' dir='ltr'>πλέον,</span> <span class='ocrx_word' id='word_1_339' title='bbox 2673 1859 2700 1909; x_wconf 91' lang='lat'><strong>6</strong></span> <span class='ocrx_word' id='word_1_340' title='bbox 2726 1858 2779 1910; x_wconf 86' lang='grc' dir='ltr'><strong>δὲ</strong></span> <span class='ocrx_word' id='word_1_341' title='bbox 2810 1858 3048 1924; x_wconf 80' lang='grc' dir='ltr'>ἔλαττον,</span> <span class='ocrx_word' id='word_1_342' title='bbox 3075 1862 3208 1913; x_wconf 77' lang='grc' dir='ltr'><strong>ἀλλά</strong></span> <span class='ocrx_word' id='word_1_343' title='bbox 3247 1862 3427 1926; x_wconf 86' lang='grc' dir='ltr'>καθὼς</span> <span class='ocrx_word' id='word_1_344' title='bbox 3453 1863 3728 1930; x_wconf 84' lang='grc' dir='ltr'>γινώσκω,</span> 
     </span>
    </p>
   </div>
   <div class='ocr_carea' id='block_1_46' title="bbox 2087 1945 2519 2016">
    <p class='ocr_par' dir='ltr' id='par_1_46' title="bbox 2087 1945 2519 2016">
     <span class='ocr_line' id='line_1_46' title="bbox 2087 1945 2519 2016; baseline 0.009 -22"><span class='ocrx_word' id='word_1_345' title='bbox 2087 1953 2130 2012; x_wconf 74' lang='grc' dir='ltr'><strong>Β</strong></span> <span class='ocrx_word' id='word_1_346' title='bbox 2161 1945 2519 2016; x_wconf 81' lang='grc' dir='ltr'>γινώσκομαι.</span> 
     </span>
    </p>
   </div>
   <div class='ocr_carea' id='block_1_47' title="bbox 2165 2078 3733 2156">
    <p class='ocr_par' dir='ltr' id='par_1_47' title="bbox 2165 2078 3733 2156">
     <span class='ocr_line' id='line_1_47' title="bbox 2165 2078 3733 2156; baseline 0.009 -26"><span class='ocrx_word' id='word_1_347' title='bbox 2165 2078 2262 2131; x_wconf 87' lang='lat' dir='ltr'><strong>lB&#39;.</strong></span> <span class='ocrx_word' id='word_1_348' title='bbox 2319 2080 2443 2134; x_wconf 88' lang='grc' dir='ltr'>’Ὁτι</span> <span class='ocrx_word' id='word_1_349' title='bbox 2492 2081 2596 2147; x_wconf 83' lang='grc' dir='ltr'><strong>ῑση</strong></span> <span class='ocrx_word' id='word_1_350' title='bbox 2648 2082 2750 2134; x_wconf 84' lang='grc' dir='ltr'><strong>τοῦ</strong></span> <span class='ocrx_word' id='word_1_351' title='bbox 2799 2084 3027 2150; x_wconf 79' lang='grc' dir='ltr'>Πατρός</span> <span class='ocrx_word' id='word_1_352' title='bbox 3064 2089 3160 2139; x_wconf 79' lang='grc' dir='ltr'>καὶ</span> <span class='ocrx_word' id='word_1_353' title='bbox 3205 2087 3308 2142; x_wconf 85' lang='grc' dir='ltr'><strong>τοῦ</strong></span> <span class='ocrx_word' id='word_1_354' title='bbox 3353 2090 3486 2143; x_wconf 83' lang='grc' dir='ltr'><strong>ΥΙοῦ</strong></span> <span class='ocrx_word' id='word_1_355' title='bbox 3533 2089 3571 2156; x_wconf 73' lang='grc' dir='ltr'><strong><em>ἠ</em></strong></span> <span class='ocrx_word' id='word_1_356' title='bbox 3625 2090 3733 2144; x_wconf 73' lang='grc' dir='ltr'><strong>δύο</strong></span> 
     </span>
    </p>
   </div>
   <div class='ocr_carea' id='block_1_48' title="bbox 2847 2172 3041 2223">
    <p class='ocr_par' dir='ltr' id='par_1_48' title="bbox 2847 2172 3041 2223">
     <span class='ocr_line' id='line_1_48' title="bbox 2847 2172 3041 2223; baseline 0.015 -16"><span class='ocrx_word' id='word_1_357' title='bbox 2847 2172 3041 2223; x_wconf 74' lang='grc' dir='ltr'>ναμις.</span> 
     </span>
    </p>
   </div>
   <div class='ocr_carea' id='block_1_49' title="bbox 2233 2275 3736 2361">
    <p class='ocr_par' dir='ltr' id='par_1_49' title="bbox 2233 2275 3736 2361">
     <span class='ocr_line' id='line_1_49' title="bbox 2233 2275 3736 2361; baseline 0.009 -29"><span class='ocrx_word' id='word_1_358' title='bbox 2233 2275 2330 2333; x_wconf 80' lang='grc' dir='ltr'>Ὧν</span> <span class='ocrx_word' id='word_1_359' title='bbox 2367 2284 2546 2336; x_wconf 73' lang='grc' dir='ltr'>τοίνυν</span> <span class='ocrx_word' id='word_1_360' title='bbox 2592 2287 2622 2354; x_wconf 76' lang='grc' dir='ltr'>ὴ</span> <span class='ocrx_word' id='word_1_361' title='bbox 2671 2286 2869 2351; x_wconf 87' lang='grc' dir='ltr'>γνῶσις</span> <span class='ocrx_word' id='word_1_362' title='bbox 2916 2289 3026 2357; x_wconf 70' lang='grc' dir='ltr'>ἴση,</span> <span class='ocrx_word' id='word_1_363' title='bbox 3058 2288 3258 2342; x_wconf 83' lang='grc' dir='ltr'>τούτων</span> <span class='ocrx_word' id='word_1_364' title='bbox 3302 2291 3394 2342; x_wconf 78' lang='grc' dir='ltr'><strong>καὶ</strong></span> <span class='ocrx_word' id='word_1_365' title='bbox 3421 2292 3454 2360; x_wconf 81' lang='grc' dir='ltr'>ὴ</span> <span class='ocrx_word' id='word_1_366' title='bbox 3505 2291 3736 2361; x_wconf 84' lang='grc' dir='ltr'>δύναμις</span> 
     </span>
    </p>
   </div>
   <div class='ocr_carea' id='block_1_50' title="bbox 2163 2365 3734 2452">
    <p class='ocr_par' dir='ltr' id='par_1_50' title="bbox 2163 2365 3734 2452">
     <span class='ocr_line' id='line_1_50' title="bbox 2163 2365 3734 2452; baseline 0.008 -29"><span class='ocrx_word' id='word_1_367' title='bbox 2163 2371 2288 2438; x_wconf 73' lang='grc' dir='ltr'><strong>ἴση·</strong></span> <span class='ocrx_word' id='word_1_368' title='bbox 2329 2365 2405 2425; x_wconf 81' lang='grc' dir='ltr'>ὧν</span> <span class='ocrx_word' id='word_1_369' title='bbox 2451 2373 2510 2426; x_wconf 81' lang='grc' dir='ltr'><strong>δὲ</strong></span> <span class='ocrx_word' id='word_1_370' title='bbox 2556 2376 2587 2442; x_wconf 82' lang='grc' dir='ltr'>ἠ</span> <span class='ocrx_word' id='word_1_371' title='bbox 2634 2375 2858 2445; x_wconf 81' lang='grc' dir='ltr'>δύναμις</span> <span class='ocrx_word' id='word_1_372' title='bbox 2905 2377 3013 2447; x_wconf 74' lang='grc' dir='ltr'>ἴση,</span> <span class='ocrx_word' id='word_1_373' title='bbox 3049 2379 3249 2432; x_wconf 74' lang='grc' dir='ltr'>τούτων</span> <span class='ocrx_word' id='word_1_374' title='bbox 3277 2379 3514 2449; x_wconf 66' lang='grc' dir='ltr'>δηλονότι</span> <span class='ocrx_word' id='word_1_375' title='bbox 3559 2384 3654 2434; x_wconf 80' lang='grc' dir='ltr'><strong>καὶ</strong></span> <span class='ocrx_word' id='word_1_376' title='bbox 3698 2385 3734 2452; x_wconf 82' lang='grc' dir='ltr'>ή</span> 
     </span>
    </p>
   </div>
   <div class='ocr_carea' id='block_1_51' title="bbox 2160 2461 3732 2540">
    <p class='ocr_par' dir='ltr' id='par_1_51' title="bbox 2160 2461 3732 2540">
     <span class='ocr_line' id='line_1_51' title="bbox 2160 2461 3732 2540; baseline 0.007 -28"><span class='ocrx_word' id='word_1_377' title='bbox 2160 2461 2317 2513; x_wconf 81' lang='grc' dir='ltr'>οὐσία</span> <span class='ocrx_word' id='word_1_378' title='bbox 2355 2463 2486 2530; x_wconf 81' lang='grc' dir='ltr'>μία·</span> <span class='ocrx_word' id='word_1_379' title='bbox 2533 2464 2614 2514; x_wconf 84' lang='grc' dir='ltr'>ὅτι</span> <span class='ocrx_word' id='word_1_380' title='bbox 2643 2464 2698 2516; x_wconf 81' lang='grc' dir='ltr'><strong>δὲ</strong></span> <span class='ocrx_word' id='word_1_381' title='bbox 2729 2464 2815 2531; x_wconf 83' lang='grc' dir='ltr'>ἴση</span> <span class='ocrx_word' id='word_1_382' title='bbox 2857 2466 3069 2536; x_wconf 65' lang='lat' dir='ltr'><strong>Ila-:96;</strong></span> <span class='ocrx_word' id='word_1_383' title='bbox 3112 2469 3206 2520; x_wconf 72' lang='grc' dir='ltr'>καὶ</span> <span class='ocrx_word' id='word_1_384' title='bbox 3254 2468 3384 2520; x_wconf 70' lang='lat' dir='ltr'><strong>Tia-3</strong></span> <span class='ocrx_word' id='word_1_385' title='bbox 3418 2470 3450 2539; x_wconf 72' lang='grc' dir='ltr'>ἡ</span> <span class='ocrx_word' id='word_1_386' title='bbox 3480 2469 3732 2540; x_wconf 78' lang='grc' dir='ltr'>δύναμις,</span> 
     </span>
    </p>
   </div>
   <div class='ocr_carea' id='block_1_52' title="bbox 2163 2553 3728 2630">
    <p class='ocr_par' dir='ltr' id='par_1_52' title="bbox 2163 2553 3728 2630">
     <span class='ocr_line' id='line_1_52' title="bbox 2163 2553 3728 2630; baseline 0.008 -27"><span class='ocrx_word' id='word_1_387' title='bbox 2163 2553 2322 2615; x_wconf 84' lang='grc' dir='ltr'>αὐτὸς</span> <span class='ocrx_word' id='word_1_388' title='bbox 2357 2555 2502 2622; x_wconf 75' lang='grc' dir='ltr'>ἡμᾶς</span> <span class='ocrx_word' id='word_1_389' title='bbox 2545 2554 2704 2606; x_wconf 85' lang='grc' dir='ltr'>πάλιν</span> <span class='ocrx_word' id='word_1_390' title='bbox 2734 2557 2762 2608; x_wconf 92' lang='lat'><strong>6</strong></span> <span class='ocrx_word' id='word_1_391' title='bbox 2809 2556 2996 2626; x_wconf 80' lang='grc' dir='ltr'>Σωτὴρ</span> <span class='ocrx_word' id='word_1_392' title='bbox 3028 2556 3262 2621; x_wconf 75' lang='grc' dir='ltr'>ἐδίδαξεν</span> <span class='ocrx_word' id='word_1_393' title='bbox 3282 2561 3478 2612; x_wconf 76' lang='grc' dir='ltr'>οὑτωσὶ</span> <span class='ocrx_word' id='word_1_394' title='bbox 3526 2561 3728 2630; x_wconf 75' lang='grc' dir='ltr'>λέγων·</span> 
     </span>
    </p>
   </div>
   <div class='ocr_carea' id='block_1_53' title="bbox 2171 2645 3735 2724">
    <p class='ocr_par' dir='ltr' id='par_1_53' title="bbox 2171 2645 3735 2724">
     <span class='ocr_line' id='line_1_53' title="bbox 2171 2645 3735 2724; baseline 0.009 -30"><span class='ocrx_word' id='word_1_395' title='bbox 2171 2661 2189 2694; x_wconf 81' lang='grc' dir='ltr'>ι</span> <span class='ocrx_word' id='word_1_396' title='bbox 2237 2645 2300 2696; x_wconf 84' lang='grc' dir='ltr'>Οἱ</span> <span class='ocrx_word' id='word_1_397' title='bbox 2347 2646 2409 2696; x_wconf 81' lang='grc' dir='ltr'>ὲκ</span> <span class='ocrx_word' id='word_1_398' title='bbox 2445 2646 2548 2697; x_wconf 84' lang='grc' dir='ltr'><strong>τῶν</strong></span> <span class='ocrx_word' id='word_1_399' title='bbox 2586 2647 2869 2716; x_wconf 74' lang='grc' dir='ltr'>προϐάτων</span> <span class='ocrx_word' id='word_1_400' title='bbox 2915 2650 3023 2700; x_wconf 84' lang='grc' dir='ltr'>τῶν</span> <span class='ocrx_word' id='word_1_401' title='bbox 3069 2651 3214 2718; x_wconf 84' lang='grc' dir='ltr'><strong>ὲμῶν</strong></span> <span class='ocrx_word' id='word_1_402' title='bbox 3254 2651 3350 2719; x_wconf 77' lang='grc' dir='ltr'>τῆς</span> <span class='ocrx_word' id='word_1_403' title='bbox 3399 2654 3580 2722; x_wconf 80' lang='grc' dir='ltr'>φωνῆς</span> <span class='ocrx_word' id='word_1_404' title='bbox 3630 2673 3735 2724; x_wconf 57' lang='grc' dir='ltr'>που</span> 
     </span>
    </p>
   </div>
   <div class='ocr_carea' id='block_1_54' title="bbox 2166 2735 3730 2815">
    <p class='ocr_par' dir='ltr' id='par_1_54' title="bbox 2166 2735 3730 2815">
     <span class='ocr_line' id='line_1_54' title="bbox 2166 2735 3730 2815; baseline 0.007 -27"><span class='ocrx_word' id='word_1_405' title='bbox 2166 2735 2442 2798; x_wconf 72' lang='grc' dir='ltr'>ἀκούουσι,</span> <span class='ocrx_word' id='word_1_406' title='bbox 2480 2738 2634 2804; x_wconf 83' lang='grc' dir='ltr'>κάγὼ</span> <span class='ocrx_word' id='word_1_407' title='bbox 2659 2737 2911 2805; x_wconf 86' lang='grc' dir='ltr'>γινώσκω</span> <span class='ocrx_word' id='word_1_408' title='bbox 2939 2740 3096 2803; x_wconf 76' lang='grc' dir='ltr'>αὐτὰ,</span> <span class='ocrx_word' id='word_1_409' title='bbox 3125 2741 3217 2793; x_wconf 69' lang='grc' dir='ltr'><strong>καὶ</strong></span> <span class='ocrx_word' id='word_1_410' title='bbox 3239 2742 3591 2798; x_wconf 76' lang='grc' dir='ltr'>ἀκολουθοῦσι</span> <span class='ocrx_word' id='word_1_411' title='bbox 3620 2763 3730 2815; x_wconf 89' lang='grc' dir='ltr'>μοι,</span> 
     </span>
    </p>
   </div>
   <div class='ocr_carea' id='block_1_55' title="bbox 2165 2825 3738 2905">
    <p class='ocr_par' dir='ltr' id='par_1_55' title="bbox 2165 2825 3738 2905">
     <span class='ocr_line' id='line_1_55' title="bbox 2165 2825 3738 2905; baseline 0.008 -29"><span class='ocrx_word' id='word_1_412' title='bbox 2165 2825 2320 2891; x_wconf 88' lang='grc' dir='ltr'>κάγὼ</span> <span class='ocrx_word' id='word_1_413' title='bbox 2362 2825 2506 2897; x_wconf 71' lang='grc' dir='ltr'>ζωὴν</span> <span class='ocrx_word' id='word_1_414' title='bbox 2546 2827 2760 2880; x_wconf 84' lang='grc' dir='ltr'>αἰώνιον</span> <span class='ocrx_word' id='word_1_415' title='bbox 2787 2829 2976 2898; x_wconf 78' lang='grc' dir='ltr'>δίδωμι</span> <span class='ocrx_word' id='word_1_416' title='bbox 3025 2831 3227 2894; x_wconf 79' lang='grc' dir='ltr'>αὐτοῖς,</span> <span class='ocrx_word' id='word_1_417' title='bbox 3260 2833 3352 2884; x_wconf 75' lang='grc' dir='ltr'><strong>καὶ</strong></span> <span class='ocrx_word' id='word_1_418' title='bbox 3385 2834 3444 2884; x_wconf 83' lang='grc' dir='ltr'><strong>οὐ</strong></span> <span class='ocrx_word' id='word_1_419' title='bbox 3481 2836 3555 2905; x_wconf 77' lang='grc' dir='ltr'>μὴ</span> <span class='ocrx_word' id='word_1_420' title='bbox 3601 2837 3738 2888; x_wconf 81' lang='grc' dir='ltr'>ἀπο-</span> 
     </span>
    </p>
   </div>
   <div class='ocr_carea' id='block_1_56' title="bbox 2167 2915 3734 2995">
    <p class='ocr_par' dir='ltr' id='par_1_56' title="bbox 2167 2915 3734 2995">
     <span class='ocr_line' id='line_1_56' title="bbox 2167 2915 3734 2995; baseline 0.007 -27"><span class='ocrx_word' id='word_1_421' title='bbox 2167 2915 2380 2969; x_wconf 80' lang='grc' dir='ltr'>λοῦνται</span> <span class='ocrx_word' id='word_1_422' title='bbox 2411 2918 2490 2980; x_wconf 83' lang='grc' dir='ltr'>εἱς</span> <span class='ocrx_word' id='word_1_423' title='bbox 2519 2918 2609 2969; x_wconf 83' lang='grc' dir='ltr'><strong>τὸν</strong></span> <span class='ocrx_word' id='word_1_424' title='bbox 2643 2919 2834 2983; x_wconf 85' lang='grc' dir='ltr'>αἰῶνα,</span> <span class='ocrx_word' id='word_1_425' title='bbox 2868 2919 2975 2972; x_wconf 80' lang='grc' dir='ltr'><strong>οὐδ’</strong></span> <span class='ocrx_word' id='word_1_426' title='bbox 3013 2923 3073 2974; x_wconf 82' lang='grc' dir='ltr'>οὐ</span> <span class='ocrx_word' id='word_1_427' title='bbox 3111 2924 3181 2991; x_wconf 80' lang='grc' dir='ltr'>μὴ</span> <span class='ocrx_word' id='word_1_428' title='bbox 3220 2940 3303 2985; x_wconf 85' lang='grc' dir='ltr'><strong>τις</strong></span> <span class='ocrx_word' id='word_1_429' title='bbox 3342 2925 3562 2995; x_wconf 77' lang='grc' dir='ltr'>ἁρπάσῃ</span> <span class='ocrx_word' id='word_1_430' title='bbox 3595 2927 3734 2979; x_wconf 78' lang='grc' dir='ltr'>αὐτὰ</span> 
     </span>
    </p>
   </div>
   <div class='ocr_carea' id='block_1_57' title="bbox 2166 3007 3733 3084">
    <p class='ocr_par' dir='ltr' id='par_1_57' title="bbox 2166 3007 3733 3084">
     <span class='ocr_line' id='line_1_57' title="bbox 2166 3007 3733 3084; baseline 0.006 -26"><span class='ocrx_word' id='word_1_431' title='bbox 2166 3009 2230 3059; x_wconf 83' lang='grc' dir='ltr'>ὲκ</span> <span class='ocrx_word' id='word_1_432' title='bbox 2255 3007 2364 3076; x_wconf 77' lang='grc' dir='ltr'>τῆς,</span> <span class='ocrx_word' id='word_1_433' title='bbox 2394 3009 2573 3078; x_wconf 82' lang='grc' dir='ltr'>χειρός</span> <span class='ocrx_word' id='word_1_434' title='bbox 2610 3027 2710 3077; x_wconf 86' lang='grc' dir='ltr'><strong>μου</strong></span> <span class='ocrx_word' id='word_1_435' title='bbox 2731 3026 2745 3040; x_wconf 75' lang='grc' dir='ltr'><strong><em>ο</em></strong></span> <span class='ocrx_word' id='word_1_436' title='bbox 2781 3011 2808 3061; x_wconf 97' lang='lat'><strong>6</strong></span> <span class='ocrx_word' id='word_1_437' title='bbox 2836 3011 3041 3081; x_wconf 83' lang='grc' dir='ltr'>Πατὴρ,</span> <span class='ocrx_word' id='word_1_438' title='bbox 3070 3011 3126 3073; x_wconf 84' lang='grc' dir='ltr'>ὃς</span> <span class='ocrx_word' id='word_1_439' title='bbox 3158 3012 3354 3065; x_wconf 80' lang='grc' dir='ltr'><strong>δέδωκέ</strong></span> <span class='ocrx_word' id='word_1_440' title='bbox 3386 3032 3494 3083; x_wconf 89' lang='grc' dir='ltr'>μοι,</span> <span class='ocrx_word' id='word_1_441' title='bbox 3531 3016 3733 3084; x_wconf 71' lang='grc' dir='ltr'>μείζων</span> 
     </span>
    </p>
   </div>
   <div class='ocr_carea' id='block_1_58' title="bbox 2167 3100 3734 3177">
    <p class='ocr_par' dir='ltr' id='par_1_58' title="bbox 2167 3100 3734 3177">
     <span class='ocr_line' id='line_1_58' title="bbox 2167 3100 3734 3177; baseline 0.006 -26"><span class='ocrx_word' id='word_1_442' title='bbox 2167 3100 2382 3151; x_wconf 84' lang='grc' dir='ltr'>πάντων</span> <span class='ocrx_word' id='word_1_443' title='bbox 2427 3101 2562 3163; x_wconf 73' lang='grc' dir='ltr'>ἐστὶ,</span> <span class='ocrx_word' id='word_1_444' title='bbox 2615 3101 2708 3152; x_wconf 74' lang='grc' dir='ltr'>καὶ</span> <span class='ocrx_word' id='word_1_445' title='bbox 2757 3101 2925 3163; x_wconf 74' lang='grc' dir='ltr'>οὐδεὶς</span> <span class='ocrx_word' id='word_1_446' title='bbox 2969 3100 3187 3154; x_wconf 79' lang='grc' dir='ltr'>δύναται</span> <span class='ocrx_word' id='word_1_447' title='bbox 3238 3106 3479 3172; x_wconf 81' lang='grc' dir='ltr'>ἁρπάσαι</span> <span class='ocrx_word' id='word_1_448' title='bbox 3527 3109 3591 3159; x_wconf 82' lang='grc' dir='ltr'>ὲκ</span> <span class='ocrx_word' id='word_1_449' title='bbox 3637 3109 3734 3177; x_wconf 77' lang='grc' dir='ltr'>τῆς</span> 
     </span>
    </p>
   </div>
   <div class='ocr_carea' id='block_1_59' title="bbox 2166 3189 3728 3267">
    <p class='ocr_par' dir='ltr' id='par_1_59' title="bbox 2166 3189 3728 3267">
     <span class='ocr_line' id='line_1_59' title="bbox 2166 3189 3728 3267; baseline 0.006 -25"><span class='ocrx_word' id='word_1_450' title='bbox 2166 3191 2343 3260; x_wconf 83' lang='grc' dir='ltr'>χειρὸς</span> <span class='ocrx_word' id='word_1_451' title='bbox 2367 3189 2457 3242; x_wconf 84' lang='grc' dir='ltr'><strong>τοῦ</strong></span> <span class='ocrx_word' id='word_1_452' title='bbox 2490 3191 2697 3260; x_wconf 77' lang='grc' dir='ltr'>Πατρός</span> <span class='ocrx_word' id='word_1_453' title='bbox 2726 3209 2845 3261; x_wconf 90' lang='grc' dir='ltr'>μου.</span> <span class='ocrx_word' id='word_1_454' title='bbox 2879 3192 3017 3261; x_wconf 83' lang='grc' dir='ltr'>Ἐγὼ</span> <span class='ocrx_word' id='word_1_455' title='bbox 3049 3196 3184 3248; x_wconf 69' lang='grc' dir='ltr'><strong>καὶὸ</strong></span> <span class='ocrx_word' id='word_1_456' title='bbox 3214 3197 3401 3266; x_wconf 77' lang='grc' dir='ltr'>Πατὴρ</span> <span class='ocrx_word' id='word_1_457' title='bbox 3426 3199 3482 3249; x_wconf 77' lang='grc' dir='ltr'>ἓν</span> <span class='ocrx_word' id='word_1_458' title='bbox 3509 3201 3728 3267; x_wconf 66' lang='grc' dir='ltr'>ἐσμεν.»</span> 
     </span>
    </p>
   </div>
   <div class='ocr_carea' id='block_1_60' title="bbox 496 3265 2057 3355">
    <p class='ocr_par' dir='ltr' id='par_1_60' title="bbox 496 3265 2054 3335">
     <span class='ocr_line' id='line_1_60' title="bbox 496 3265 2054 3335; baseline -0.001 -13"><span class='ocrx_word' id='word_1_459' title='bbox 496 3271 713 3322; x_wconf 79' lang='lat' dir='ltr'><strong>adverte</strong></span> <span class='ocrx_word' id='word_1_460' title='bbox 737 3267 1000 3335; x_wconf 90' lang='lat' dir='ltr'><strong>quomodo</strong></span> <span class='ocrx_word' id='word_1_461' title='bbox 1029 3281 1134 3319; x_wconf 89' lang='lat' dir='ltr'><strong>non</strong></span> <span class='ocrx_word' id='word_1_462' title='bbox 1153 3267 1468 3335; x_wconf 85' lang='lat' dir='ltr'><strong>simpliciter</strong></span> <span class='ocrx_word' id='word_1_463' title='bbox 1485 3268 1684 3334; x_wconf 84' lang='lat' dir='ltr'><strong>posuit,</strong></span> <span class='ocrx_word' id='word_1_464' title='bbox 1705 3285 1722 3316; x_wconf 76' lang='grc' dir='ltr'><strong>ι</strong></span> <span class='ocrx_word' id='word_1_465' title='bbox 1745 3267 1851 3335; x_wconf 85' lang='lat' dir='ltr'><strong>Ego</strong></span> <span class='ocrx_word' id='word_1_466' title='bbox 1871 3277 1925 3320; x_wconf 90' lang='lat' dir='ltr'><strong>et</strong></span> <span class='ocrx_word' id='word_1_467' title='bbox 1954 3265 2054 3320; x_wconf 84' lang='lat' dir='ltr'><strong>Pa-</strong></span> 
     </span>
    </p>
   </div>
   <div class='ocr_carea' id='block_1_61' title="bbox 2164 3265 3732 3355">
    <p class='ocr_par' dir='ltr' id='par_1_61' title="bbox 2172 3265 3732 3355">
     <span class='ocr_line' id='line_1_61' title="bbox 2172 3265 3732 3355; baseline 0.006 -22"><span class='ocrx_word' id='word_1_468' title='bbox 2172 3281 2364 3352; x_wconf 84' lang='grc' dir='ltr'>Ὁρᾶτε</span> <span class='ocrx_word' id='word_1_469' title='bbox 2405 3281 2519 3344; x_wconf 84' lang='grc' dir='ltr'><strong>πῶς</strong></span> <span class='ocrx_word' id='word_1_470' title='bbox 2548 3283 2645 3350; x_wconf 77' lang='grc' dir='ltr'><strong>οὐχ</strong></span> <span class='ocrx_word' id='word_1_471' title='bbox 2675 3283 2858 3345; x_wconf 88' lang='grc' dir='ltr'>ἀπλῶς</span> <span class='ocrx_word' id='word_1_472' title='bbox 2903 3284 3116 3338; x_wconf 84' lang='grc' dir='ltr'>τέθεικε</span> <span class='ocrx_word' id='word_1_473' title='bbox 3144 3286 3202 3338; x_wconf 76' lang='grc' dir='ltr'><strong>τὸ</strong></span> <span class='ocrx_word' id='word_1_474' title='bbox 3241 3307 3258 3336; x_wconf 71' lang='grc' dir='ltr'>ι</span> <span class='ocrx_word' id='word_1_475' title='bbox 3282 3265 3420 3355; x_wconf 80' lang='grc' dir='ltr'>Ἐγώ</span> <span class='ocrx_word' id='word_1_476' title='bbox 3446 3289 3540 3342; x_wconf 67' lang='grc' dir='ltr'>καὶ</span> <span class='ocrx_word' id='word_1_477' title='bbox 3624 3291 3732 3343; x_wconf 81' lang='grc' dir='ltr'>Πα-</span> 
     </span>
    </p>
   </div>
   <div class='ocr_carea' id='block_1_62' title="bbox 499 3357 2053 3425">
    <p class='ocr_par' dir='ltr' id='par_1_62' title="bbox 499 3357 2053 3425">
     <span class='ocr_line' id='line_1_62' title="bbox 499 3357 2053 3425; baseline -0.001 -13"><span class='ocrx_word' id='word_1_478' title='bbox 499 3371 579 3413; x_wconf 89' lang='lat' dir='ltr'><strong>ter</strong></span> <span class='ocrx_word' id='word_1_479' title='bbox 637 3375 798 3412; x_wconf 90' lang='lat' dir='ltr'><strong>unum</strong></span> <span class='ocrx_word' id='word_1_480' title='bbox 838 3374 1042 3422; x_wconf 88' lang='lat' dir='ltr'><strong>sumus,</strong></span> <span class='ocrx_word' id='word_1_481' title='bbox 1077 3376 1094 3409; x_wconf 74' lang='grc' dir='ltr'>ι</span> <span class='ocrx_word' id='word_1_482' title='bbox 1151 3358 1449 3425; x_wconf 62' lang='lat' dir='ltr'><strong>praevidens</strong></span> <span class='ocrx_word' id='word_1_483' title='bbox 1499 3358 1703 3411; x_wconf 86' lang='lat' dir='ltr'><strong>scilicet</strong></span> <span class='ocrx_word' id='word_1_484' title='bbox 1746 3357 2053 3411; x_wconf 78' lang='lat' dir='ltr'><strong>haereticam</strong></span> 
     </span>
    </p>
   </div>
   <div class='ocr_carea' id='block_1_63' title="bbox 501 3449 2052 3517">
    <p class='ocr_par' dir='ltr' id='par_1_63' title="bbox 501 3449 2052 3517">
     <span class='ocr_line' id='line_1_63' title="bbox 501 3449 2052 3517; baseline -0.002 -13"><span class='ocrx_word' id='word_1_485' title='bbox 501 3451 780 3512; x_wconf 78' lang='lat' dir='ltr'><strong>malitiam,</strong></span> <span class='ocrx_word' id='word_1_486' title='bbox 813 3465 878 3502; x_wconf 90' lang='lat' dir='ltr'><strong>ne</strong></span> <span class='ocrx_word' id='word_1_487' title='bbox 905 3451 968 3503; x_wconf 91' lang='lat' dir='ltr'><strong>de</strong></span> <span class='ocrx_word' id='word_1_488' title='bbox 987 3450 1210 3503; x_wconf 84' lang='lat' dir='ltr'><strong>consilio</strong></span> <span class='ocrx_word' id='word_1_489' title='bbox 1236 3465 1299 3502; x_wconf 89' lang='lat' dir='ltr'><strong>ac</strong></span> <span class='ocrx_word' id='word_1_490' title='bbox 1326 3450 1600 3502; x_wconf 72' lang='lat' dir='ltr'><strong>voluntate</strong></span> <span class='ocrx_word' id='word_1_491' title='bbox 1621 3451 1758 3503; x_wconf 84' lang='lat' dir='ltr'><strong>hanc</strong></span> <span class='ocrx_word' id='word_1_492' title='bbox 1790 3449 2052 3517; x_wconf 89' lang='lat' dir='ltr'><strong>intellige-</strong></span> 
     </span>
    </p>
   </div>
   <div class='ocr_carea' id='block_1_64' title="bbox 499 3538 2054 3607">
    <p class='ocr_par' dir='ltr' id='par_1_64' title="bbox 499 3538 2054 3607">
     <span class='ocr_line' id='line_1_64' title="bbox 499 3538 2054 3607; baseline -0.001 -15"><span class='ocrx_word' id='word_1_493' title='bbox 499 3553 612 3595; x_wconf 87' lang='lat' dir='ltr'><strong>rent</strong></span> <span class='ocrx_word' id='word_1_494' title='bbox 638 3541 944 3593; x_wconf 72' lang='lat' dir='ltr'><strong>diirtionem.</strong></span> <span class='ocrx_word' id='word_1_495' title='bbox 979 3538 1082 3591; x_wconf 89' lang='lat' dir='ltr'><strong>Sed</strong></span> <span class='ocrx_word' id='word_1_496' title='bbox 1122 3541 1291 3606; x_wconf 88' lang='lat' dir='ltr'><strong>primo</strong></span> <span class='ocrx_word' id='word_1_497' title='bbox 1317 3541 1566 3606; x_wconf 76' lang='lat' dir='ltr'><strong>potentia:</strong></span> <span class='ocrx_word' id='word_1_498' title='bbox 1600 3539 1904 3607; x_wconf 62' lang='lat' dir='ltr'><strong>aequalitate</strong></span> <span class='ocrx_word' id='word_1_499' title='bbox 1945 3550 2054 3593; x_wconf 85' lang='lat' dir='ltr'><strong>sta-</strong></span> 
     </span>
    </p>
   </div>
   <div class='ocr_carea' id='block_1_65' title="bbox 496 3629 2054 3700">
    <p class='ocr_par' dir='ltr' id='par_1_65' title="bbox 496 3629 2054 3700">
     <span class='ocr_line' id='line_1_65' title="bbox 496 3629 2054 3700; baseline -0.001 -16"><span class='ocrx_word' id='word_1_500' title='bbox 496 3631 662 3694; x_wconf 76' lang='lat' dir='ltr'><strong>bilita,</strong></span> <span class='ocrx_word' id='word_1_501' title='bbox 698 3639 875 3700; x_wconf 88' lang='lat' dir='ltr'><strong>postea</strong></span> <span class='ocrx_word' id='word_1_502' title='bbox 901 3630 1095 3683; x_wconf 90' lang='lat' dir='ltr'><strong>dictam</strong></span> <span class='ocrx_word' id='word_1_503' title='bbox 1145 3631 1466 3683; x_wconf 88' lang='lat' dir='ltr'><strong>sententiam</strong></span> <span class='ocrx_word' id='word_1_504' title='bbox 1521 3630 1766 3697; x_wconf 80' lang='lat' dir='ltr'><strong>subjecit.</strong></span> <span class='ocrx_word' id='word_1_505' title='bbox 1814 3629 2054 3699; x_wconf 82' lang='lat' dir='ltr'><strong>Namque</strong></span> 
     </span>
    </p>
   </div>
   <div class='ocr_carea' id='block_1_66' title="bbox 495 3722 2056 3791">
    <p class='ocr_par' dir='ltr' id='par_1_66' title="bbox 495 3722 2056 3791">
     <span class='ocr_line' id='line_1_66' title="bbox 495 3722 2056 3791; baseline -0.001 -15"><span class='ocrx_word' id='word_1_506' title='bbox 495 3723 704 3784; x_wconf 81' lang='lat' dir='ltr'><strong>ovibus,</strong></span> <span class='ocrx_word' id='word_1_507' title='bbox 736 3723 925 3790; x_wconf 81' lang='lat' dir='ltr'><strong>inquit,</strong></span> <span class='ocrx_word' id='word_1_508' title='bbox 955 3736 1039 3773; x_wconf 89' lang='lat' dir='ltr'><strong>me</strong></span> <span class='ocrx_word' id='word_1_509' title='bbox 1067 3722 1414 3788; x_wconf 82' lang='lat' dir='ltr'><strong>sequentibus</strong></span> <span class='ocrx_word' id='word_1_510' title='bbox 1443 3723 1604 3774; x_wconf 85' lang='lat' dir='ltr'><strong>vitam</strong></span> <span class='ocrx_word' id='word_1_511' title='bbox 1652 3732 1906 3775; x_wconf 68' lang='lat' dir='ltr'><strong>aeternam</strong></span> <span class='ocrx_word' id='word_1_512' title='bbox 1959 3737 2056 3791; x_wconf 90' lang='lat' dir='ltr'><strong>ego</strong></span> 
     </span>
    </p>
   </div>
   <div class='ocr_carea' id='block_1_67' title="bbox 497 3811 2055 3879">
    <p class='ocr_par' dir='ltr' id='par_1_67' title="bbox 497 3811 2055 3879">
     <span class='ocr_line' id='line_1_67' title="bbox 497 3811 2055 3879; baseline 0.001 -16"><span class='ocrx_word' id='word_1_513' title='bbox 497 3815 659 3876; x_wconf 89' lang='lat' dir='ltr'><strong>do,ut</strong></span> <span class='ocrx_word' id='word_1_514' title='bbox 682 3812 820 3866; x_wconf 89' lang='lat' dir='ltr'><strong>nulla</strong></span> <span class='ocrx_word' id='word_1_515' title='bbox 851 3828 914 3866; x_wconf 83' lang='lat' dir='ltr'><strong>ex</strong></span> <span class='ocrx_word' id='word_1_516' title='bbox 944 3811 1008 3864; x_wconf 91' lang='lat' dir='ltr'><strong>iis</strong></span> <span class='ocrx_word' id='word_1_517' title='bbox 1027 3822 1209 3879; x_wconf 90' lang='lat' dir='ltr'><strong>pereat</strong></span> <span class='ocrx_word' id='word_1_518' title='bbox 1236 3814 1285 3864; x_wconf 93' lang='lat' dir='ltr'><strong>in</strong></span> <span class='ocrx_word' id='word_1_519' title='bbox 1317 3821 1596 3865; x_wconf 70' lang='lat' dir='ltr'><strong>mternum.</strong></span> <span class='ocrx_word' id='word_1_520' title='bbox 1626 3813 1756 3877; x_wconf 86' lang='lat' dir='ltr'><strong>Quis</strong></span> <span class='ocrx_word' id='word_1_521' title='bbox 1797 3813 1939 3867; x_wconf 89' lang='lat' dir='ltr'><strong>enim</strong></span> <span class='ocrx_word' id='word_1_522' title='bbox 1972 3822 2055 3865; x_wconf 91' lang='lat' dir='ltr'><strong>est</strong></span> 
     </span>
    </p>
   </div>
   <div class='ocr_carea' id='block_1_68' title="bbox 500 3900 2052 3968">
    <p class='ocr_par' dir='ltr' id='par_1_68' title="bbox 500 3900 2052 3968">
     <span class='ocr_line' id='line_1_68' title="bbox 500 3900 2052 3968; baseline 0.003 -18"><span class='ocrx_word' id='word_1_523' title='bbox 500 3911 695 3964; x_wconf 85' lang='lat' dir='ltr'><strong>tantus,</strong></span> <span class='ocrx_word' id='word_1_524' title='bbox 729 3911 784 3952; x_wconf 93' lang='lat' dir='ltr'><strong>ut</strong></span> <span class='ocrx_word' id='word_1_525' title='bbox 817 3901 880 3954; x_wconf 92' lang='lat' dir='ltr'><strong>de</strong></span> <span class='ocrx_word' id='word_1_526' title='bbox 908 3914 1068 3952; x_wconf 87' lang='lat' dir='ltr'><strong>manu</strong></span> <span class='ocrx_word' id='word_1_527' title='bbox 1089 3914 1202 3953; x_wconf 88' lang='lat' dir='ltr'><strong>mea</strong></span> <span class='ocrx_word' id='word_1_528' title='bbox 1241 3915 1426 3968; x_wconf 87' lang='lat' dir='ltr'><strong>rapere</strong></span> <span class='ocrx_word' id='word_1_529' title='bbox 1452 3901 1641 3968; x_wconf 81' lang='lat' dir='ltr'><strong>possit,</strong></span> <span class='ocrx_word' id='word_1_530' title='bbox 1668 3900 1926 3968; x_wconf 88' lang='lat' dir='ltr'><strong>quidquid</strong></span> <span class='ocrx_word' id='word_1_531' title='bbox 1953 3903 2052 3955; x_wconf 89' lang='lat' dir='ltr'><strong>sub</strong></span> 
     </span>
    </p>
   </div>
   <div class='ocr_carea' id='block_1_69' title="bbox 501 3989 2054 4059">
    <p class='ocr_par' dir='ltr' id='par_1_69' title="bbox 501 3989 2054 4059">
     <span class='ocr_line' id='line_1_69' title="bbox 501 3989 2054 4059; baseline 0.001 -19"><span class='ocrx_word' id='word_1_532' title='bbox 501 4004 584 4042; x_wconf 88' lang='lat' dir='ltr'><strong>me</strong></span> <span class='ocrx_word' id='word_1_533' title='bbox 618 3999 829 4059; x_wconf 80' lang='lat' dir='ltr'><strong>pastore</strong></span> <span class='ocrx_word' id='word_1_534' title='bbox 852 3989 1040 4042; x_wconf 79' lang='lat' dir='ltr'><strong>fuerit?</strong></span> <span class='ocrx_word' id='word_1_535' title='bbox 1068 3989 1201 4042; x_wconf 82' lang='lat' dir='ltr'><strong>Nam</strong></span> <span class='ocrx_word' id='word_1_536' title='bbox 1225 3992 1382 4044; x_wconf 88' lang='lat' dir='ltr'><strong>sicuti</strong></span> <span class='ocrx_word' id='word_1_537' title='bbox 1403 3991 1736 4058; x_wconf 84' lang='lat' dir='ltr'><strong>impossibile</strong></span> <span class='ocrx_word' id='word_1_538' title='bbox 1766 4000 1848 4044; x_wconf 90' lang='lat' dir='ltr'><strong>est</strong></span> <span class='ocrx_word' id='word_1_539' title='bbox 1868 4006 2054 4058; x_wconf 88' lang='lat' dir='ltr'><strong>quem-</strong></span> 
     </span>
    </p>
   </div>
   <div class='ocr_carea' id='block_1_70' title="bbox 497 4081 2052 4149">
    <p class='ocr_par' dir='ltr' id='par_1_70' title="bbox 497 4081 2052 4149">
     <span class='ocr_line' id='line_1_70' title="bbox 497 4081 2052 4149; baseline -0.001 -16"><span class='ocrx_word' id='word_1_540' title='bbox 497 4096 654 4148; x_wconf 86' lang='lat' dir='ltr'><strong>quam</strong></span> <span class='ocrx_word' id='word_1_541' title='bbox 679 4081 854 4134; x_wconf 83' lang='lat' dir='ltr'><strong>Patris</strong></span> <span class='ocrx_word' id='word_1_542' title='bbox 887 4082 1106 4134; x_wconf 79' lang='lat' dir='ltr'><strong>dextera</strong></span> <span class='ocrx_word' id='word_1_543' title='bbox 1131 4081 1309 4147; x_wconf 87' lang='lat' dir='ltr'><strong>potiri,</strong></span> <span class='ocrx_word' id='word_1_544' title='bbox 1335 4083 1424 4149; x_wconf 91' lang='lat' dir='ltr'><strong>qui</strong></span> <span class='ocrx_word' id='word_1_545' title='bbox 1457 4081 1624 4148; x_wconf 84' lang='lat' dir='ltr'><strong>major</strong></span> <span class='ocrx_word' id='word_1_546' title='bbox 1647 4081 1896 4136; x_wconf 88' lang='lat' dir='ltr'><strong>omnibus</strong></span> <span class='ocrx_word' id='word_1_547' title='bbox 1953 4091 2052 4144; x_wconf 86' lang='lat' dir='ltr'><strong>est,</strong></span> 
     </span>
    </p>
   </div>
   <div class='ocr_carea' id='block_1_71' title="bbox 496 4169 2052 4239">
    <p class='ocr_par' dir='ltr' id='par_1_71' title="bbox 496 4169 2052 4239">
     <span class='ocr_line' id='line_1_71' title="bbox 496 4169 2052 4239; baseline -0.002 -15"><span class='ocrx_word' id='word_1_548' title='bbox 496 4172 568 4224; x_wconf 81' lang='lat' dir='ltr'><strong>ita</strong></span> <span class='ocrx_word' id='word_1_549' title='bbox 591 4171 704 4225; x_wconf 77' lang='lat' dir='ltr'><strong>ﬁeri</strong></span> <span class='ocrx_word' id='word_1_550' title='bbox 737 4169 994 4238; x_wconf 89' lang='lat' dir='ltr'><strong>nequitut</strong></span> <span class='ocrx_word' id='word_1_551' title='bbox 1021 4169 1246 4236; x_wconf 89' lang='lat' dir='ltr'><strong>quilibet</strong></span> <span class='ocrx_word' id='word_1_552' title='bbox 1295 4172 1596 4239; x_wconf 85' lang='lat' dir='ltr'><strong>quempiam</strong></span> <span class='ocrx_word' id='word_1_553' title='bbox 1643 4173 1888 4239; x_wconf 81' lang='lat' dir='ltr'><strong>diripiat,</strong></span> <span class='ocrx_word' id='word_1_554' title='bbox 1963 4171 2052 4239; x_wconf 86' lang='lat' dir='ltr'><strong>qui</strong></span> 
     </span>
    </p>
   </div>
   <div class='ocr_carea' id='block_1_72' title="bbox 499 4261 2057 4332">
    <p class='ocr_par' dir='ltr' id='par_1_72' title="bbox 499 4261 2057 4332">
     <span class='ocr_line' id='line_1_72' title="bbox 499 4261 2057 4332; baseline 0.002 -17"><span class='ocrx_word' id='word_1_555' title='bbox 499 4276 628 4316; x_wconf 67' lang='lat' dir='ltr'><strong>mete</strong></span> <span class='ocrx_word' id='word_1_556' title='bbox 669 4261 923 4316; x_wconf 78' lang='lat' dir='ltr'><strong>custodia:</strong></span> <span class='ocrx_word' id='word_1_557' title='bbox 946 4267 1012 4315; x_wconf 87' lang='lat' dir='ltr'><strong>sit</strong></span> <span class='ocrx_word' id='word_1_558' title='bbox 1041 4263 1293 4314; x_wconf 83' lang='lat' dir='ltr'><strong>traditus.</strong></span> <span class='ocrx_word' id='word_1_559' title='bbox 1332 4263 1537 4315; x_wconf 82' lang='lat' dir='ltr'><strong>Etenim</strong></span> <span class='ocrx_word' id='word_1_560' title='bbox 1576 4281 1592 4312; x_wconf 79' lang='grc' dir='ltr'>ι</span> <span class='ocrx_word' id='word_1_561' title='bbox 1645 4263 1755 4332; x_wconf 77' lang='lat' dir='ltr'><strong>Ego</strong></span> <span class='ocrx_word' id='word_1_562' title='bbox 1790 4273 1841 4316; x_wconf 82' lang='lat' dir='ltr'><strong>et</strong></span> <span class='ocrx_word' id='word_1_563' title='bbox 1897 4266 2057 4318; x_wconf 85' lang='lat' dir='ltr'><strong>Pater</strong></span> 
     </span>
    </p>
   </div>
   <div class='ocr_carea' id='block_1_73' title="bbox 499 4352 2053 4421">
    <p class='ocr_par' dir='ltr' id='par_1_73' title="bbox 499 4352 2053 4421">
     <span class='ocr_line' id='line_1_73' title="bbox 499 4352 2053 4421; baseline 0.002 -16"><span class='ocrx_word' id='word_1_564' title='bbox 499 4369 660 4407; x_wconf 87' lang='lat' dir='ltr'><strong>unum</strong></span> <span class='ocrx_word' id='word_1_565' title='bbox 691 4368 894 4407; x_wconf 90' lang='lat' dir='ltr'><strong>sumus.</strong></span> <span class='ocrx_word' id='word_1_566' title='bbox 940 4370 958 4402; x_wconf 76' lang='grc' dir='ltr'>ι</span> <span class='ocrx_word' id='word_1_567' title='bbox 994 4352 1221 4406; x_wconf 84' lang='lat' dir='ltr'><strong>Ubinam</strong></span> <span class='ocrx_word' id='word_1_568' title='bbox 1266 4367 1391 4421; x_wconf 85' lang='lat' dir='ltr'><strong>ergo</strong></span> <span class='ocrx_word' id='word_1_569' title='bbox 1430 4354 1602 4421; x_wconf 84' lang='lat' dir='ltr'><strong>majus</strong></span> <span class='ocrx_word' id='word_1_570' title='bbox 1637 4365 1691 4405; x_wconf 88' lang='lat' dir='ltr'><strong>et</strong></span> <span class='ocrx_word' id='word_1_571' title='bbox 1753 4356 1969 4410; x_wconf 81' lang='lat' dir='ltr'><strong>minus?</strong></span> <span class='ocrx_word' id='word_1_572' title='bbox 2000 4355 2053 4408; x_wconf 89' lang='lat' dir='ltr'><strong>Si</strong></span> 
     </span>
    </p>
   </div>
   <div class='ocr_carea' id='block_1_74' title="bbox 496 4441 2056 4510">
    <p class='ocr_par' dir='ltr' id='par_1_74' title="bbox 496 4441 2056 4510">
     <span class='ocr_line' id='line_1_74' title="bbox 496 4441 2056 4510; baseline 0 -14"><span class='ocrx_word' id='word_1_573' title='bbox 496 4443 636 4496; x_wconf 88' lang='lat' dir='ltr'><strong>enim</strong></span> <span class='ocrx_word' id='word_1_574' title='bbox 671 4441 1154 4510; x_wconf 64' lang='lat' dir='ltr'><strong>aequemcceFilii</strong></span> <span class='ocrx_word' id='word_1_575' title='bbox 1209 4458 1388 4505; x_wconf 82' lang='lat' dir='ltr'><strong>manu,</strong></span> <span class='ocrx_word' id='word_1_576' title='bbox 1430 4457 1598 4510; x_wconf 87' lang='lat' dir='ltr'><strong>neque</strong></span> <span class='ocrx_word' id='word_1_577' title='bbox 1656 4443 1778 4496; x_wconf 86' lang='lat' dir='ltr'><strong>item</strong></span> <span class='ocrx_word' id='word_1_578' title='bbox 1834 4461 1897 4496; x_wconf 78' lang='lat' dir='ltr'><strong>ex</strong></span> <span class='ocrx_word' id='word_1_579' title='bbox 1959 4443 2056 4497; x_wconf 82' lang='lat' dir='ltr'><strong>Pa-</strong></span> 
     </span>
    </p>
   </div>
   <div class='ocr_carea' id='block_1_75' title="bbox 502 4533 2057 4600">
    <p class='ocr_par' dir='ltr' id='par_1_75' title="bbox 502 4533 2057 4600">
     <span class='ocr_line' id='line_1_75' title="bbox 502 4533 2057 4600; baseline 0.003 -16"><span class='ocrx_word' id='word_1_580' title='bbox 502 4535 596 4587; x_wconf 85' lang='lat' dir='ltr'><strong>tris</strong></span> <span class='ocrx_word' id='word_1_581' title='bbox 626 4548 782 4585; x_wconf 91' lang='lat' dir='ltr'><strong>manu</strong></span> <span class='ocrx_word' id='word_1_582' title='bbox 807 4542 974 4599; x_wconf 85' lang='lat' dir='ltr'><strong>potest</strong></span> <span class='ocrx_word' id='word_1_583' title='bbox 997 4534 1257 4599; x_wconf 89' lang='lat' dir='ltr'><strong>quispiam</strong></span> <span class='ocrx_word' id='word_1_584' title='bbox 1291 4547 1495 4600; x_wconf 84' lang='lat' dir='ltr'><strong>rapere,</strong></span> <span class='ocrx_word' id='word_1_585' title='bbox 1557 4533 1741 4598; x_wconf 78' lang='lat' dir='ltr'><strong>majori</strong></span> <span class='ocrx_word' id='word_1_586' title='bbox 1809 4551 1911 4586; x_wconf 89' lang='lat' dir='ltr'><strong>non</strong></span> <span class='ocrx_word' id='word_1_587' title='bbox 1975 4544 2057 4588; x_wconf 87' lang='lat' dir='ltr'><strong>est</strong></span> 
     </span>
    </p>
   </div>
   <div class='ocr_carea' id='block_1_76' title="bbox 2161 3371 3730 3450">
    <p class='ocr_par' dir='ltr' id='par_1_76' title="bbox 2161 3371 3730 3450">
     <span class='ocr_line' id='line_1_76' title="bbox 2161 3371 3730 3450; baseline 0.006 -28"><span class='ocrx_word' id='word_1_588' title='bbox 2161 3371 2266 3440; x_wconf 77' lang='grc' dir='ltr'><strong>τὴρ</strong></span> <span class='ocrx_word' id='word_1_589' title='bbox 2300 3371 2356 3422; x_wconf 78' lang='grc' dir='ltr'>ἓν</span> <span class='ocrx_word' id='word_1_590' title='bbox 2393 3373 2578 3440; x_wconf 75' lang='grc' dir='ltr'>ἐσμεν,</span> <span class='ocrx_word' id='word_1_591' title='bbox 2619 3390 2635 3420; x_wconf 76' lang='grc' dir='ltr'>ι</span> <span class='ocrx_word' id='word_1_592' title='bbox 2668 3373 2911 3441; x_wconf 82' lang='grc' dir='ltr'>προορῶν</span> <span class='ocrx_word' id='word_1_593' title='bbox 2950 3375 3047 3444; x_wconf 83' lang='grc' dir='ltr'>τὴν</span> <span class='ocrx_word' id='word_1_594' title='bbox 3073 3377 3353 3447; x_wconf 84' lang='grc' dir='ltr'>αἱρετικὴν</span> <span class='ocrx_word' id='word_1_595' title='bbox 3386 3381 3730 3450; x_wconf 82' lang='grc' dir='ltr'>κακοήθειαν,</span> 
     </span>
    </p>
   </div>
   <div class='ocr_carea' id='block_1_77' title="bbox 2163 3460 3732 3538">
    <p class='ocr_par' dir='ltr' id='par_1_77' title="bbox 2163 3460 3732 3538">
     <span class='ocr_line' id='line_1_77' title="bbox 2163 3460 3732 3538; baseline 0.008 -28"><span class='ocrx_word' id='word_1_596' title='bbox 2163 3461 2249 3513; x_wconf 85' lang='grc' dir='ltr'>ἴνα</span> <span class='ocrx_word' id='word_1_597' title='bbox 2298 3461 2371 3529; x_wconf 81' lang='grc' dir='ltr'>μὴ</span> <span class='ocrx_word' id='word_1_598' title='bbox 2420 3461 2514 3513; x_wconf 71' lang='grc' dir='ltr'><strong>ἐπὶ</strong></span> <span class='ocrx_word' id='word_1_599' title='bbox 2556 3460 2894 3530; x_wconf 72' lang='grc' dir='ltr'>βουλήματος</span> <span class='ocrx_word' id='word_1_600' title='bbox 2929 3464 3020 3515; x_wconf 68' lang='grc' dir='ltr'><strong>καὶ</strong></span> <span class='ocrx_word' id='word_1_601' title='bbox 3051 3464 3352 3535; x_wconf 83' lang='grc' dir='ltr'>θελήματος</span> <span class='ocrx_word' id='word_1_602' title='bbox 3399 3466 3602 3538; x_wconf 72' lang='grc' dir='ltr'>ταύτην</span> <span class='ocrx_word' id='word_1_603' title='bbox 3641 3469 3732 3523; x_wconf 83' lang='grc' dir='ltr'>λά-</span> 
     </span>
    </p>
   </div>
   <div class='ocr_carea' id='block_1_78' title="bbox 2162 3549 3732 3631">
    <p class='ocr_par' dir='ltr' id='par_1_78' title="bbox 2162 3549 3732 3631">
     <span class='ocr_line' id='line_1_78' title="bbox 2162 3549 3732 3631; baseline 0.01 -31"><span class='ocrx_word' id='word_1_604' title='bbox 2162 3549 2295 3601; x_wconf 76' lang='grc' dir='ltr'>ϐωσι</span> <span class='ocrx_word' id='word_1_605' title='bbox 2343 3551 2440 3619; x_wconf 81' lang='grc' dir='ltr'>τὴν</span> <span class='ocrx_word' id='word_1_606' title='bbox 2490 3554 2698 3619; x_wconf 73' lang='grc' dir='ltr'>φωνήν·</span> <span class='ocrx_word' id='word_1_607' title='bbox 2747 3553 2882 3605; x_wconf 82' lang='grc' dir='ltr'><strong>ἀλλά</strong></span> <span class='ocrx_word' id='word_1_608' title='bbox 2925 3555 3188 3626; x_wconf 86' lang='grc' dir='ltr'>πρότερον</span> <span class='ocrx_word' id='word_1_609' title='bbox 3220 3558 3280 3611; x_wconf 84' lang='grc' dir='ltr'>τὸ</span> <span class='ocrx_word' id='word_1_610' title='bbox 3323 3560 3420 3628; x_wconf 80' lang='grc' dir='ltr'>τῆς</span> <span class='ocrx_word' id='word_1_611' title='bbox 3452 3560 3732 3631; x_wconf 82' lang='grc' dir='ltr'>δυνάμεως</span> 
     </span>
    </p>
   </div>
   <div class='ocr_carea' id='block_1_79' title="bbox 2165 3643 3732 3719">
    <p class='ocr_par' dir='ltr' id='par_1_79' title="bbox 2165 3643 3732 3719">
     <span class='ocr_line' id='line_1_79' title="bbox 2165 3643 3732 3719; baseline 0.009 -27"><span class='ocrx_word' id='word_1_612' title='bbox 2165 3643 2276 3692; x_wconf 73' lang='grc' dir='ltr'>ἴσον</span> <span class='ocrx_word' id='word_1_613' title='bbox 2333 3644 2782 3706; x_wconf 78' lang='grc' dir='ltr'>κατασκευάσας,</span> <span class='ocrx_word' id='word_1_614' title='bbox 2833 3645 2976 3699; x_wconf 79' lang='grc' dir='ltr'>οὕτω</span> <span class='ocrx_word' id='word_1_615' title='bbox 3032 3648 3235 3718; x_wconf 76' lang='grc' dir='ltr'>ταύτην</span> <span class='ocrx_word' id='word_1_616' title='bbox 3285 3651 3566 3719; x_wconf 73' lang='grc' dir='ltr'>ἐπήγαγε·</span> <span class='ocrx_word' id='word_1_617' title='bbox 3620 3657 3732 3715; x_wconf 88' lang='grc' dir='ltr'>τοῖς</span> 
     </span>
    </p>
   </div>
   <div class='ocr_carea' id='block_1_80' title="bbox 2161 3732 3731 3814">
    <p class='ocr_par' dir='ltr' id='par_1_80' title="bbox 2161 3732 3731 3814">
     <span class='ocr_line' id='line_1_80' title="bbox 2161 3732 3731 3814; baseline 0.009 -32"><span class='ocrx_word' id='word_1_618' title='bbox 2161 3734 2267 3800; x_wconf 85' lang='grc' dir='ltr'><strong>γάρ</strong></span> <span class='ocrx_word' id='word_1_619' title='bbox 2317 3732 2626 3802; x_wconf 75' lang='grc' dir='ltr'>προϐάτοις,</span> <span class='ocrx_word' id='word_1_620' title='bbox 2677 3735 2830 3803; x_wconf 68' lang='grc' dir='ltr'>φησι,</span> <span class='ocrx_word' id='word_1_621' title='bbox 2881 3738 2993 3798; x_wconf 87' lang='grc' dir='ltr'>τοῖς</span> <span class='ocrx_word' id='word_1_622' title='bbox 3043 3737 3394 3791; x_wconf 72' lang='grc' dir='ltr'>ἀκολουθοῦσι</span> <span class='ocrx_word' id='word_1_623' title='bbox 3443 3759 3533 3811; x_wconf 89' lang='grc' dir='ltr'><strong>μοι</strong></span> <span class='ocrx_word' id='word_1_624' title='bbox 3589 3743 3731 3814; x_wconf 77' lang='grc' dir='ltr'>ζωὴν</span> 
     </span>
    </p>
   </div>
   <div class='ocr_carea' id='block_1_81' title="bbox 2161 3820 3730 3896">
    <p class='ocr_par' dir='ltr' id='par_1_81' title="bbox 2161 3820 3730 3896">
     <span class='ocr_line' id='line_1_81' title="bbox 2161 3820 3730 3896; baseline 0.009 -24"><span class='ocrx_word' id='word_1_625' title='bbox 2161 3820 2375 3874; x_wconf 73' lang='grc' dir='ltr'>αἰώνιον</span> <span class='ocrx_word' id='word_1_626' title='bbox 2417 3821 2606 3892; x_wconf 85' lang='grc' dir='ltr'>δίδωμι</span> <span class='ocrx_word' id='word_1_627' title='bbox 2640 3824 2770 3890; x_wconf 76' lang='grc' dir='ltr'>ἐγὼ,</span> <span class='ocrx_word' id='word_1_628' title='bbox 2800 3825 2873 3887; x_wconf 87' lang='grc' dir='ltr'><strong>ώς</strong></span> <span class='ocrx_word' id='word_1_629' title='bbox 2911 3826 3075 3896; x_wconf 80' lang='grc' dir='ltr'>μηδὲν</span> <span class='ocrx_word' id='word_1_630' title='bbox 3116 3828 3174 3893; x_wconf 67' lang='grc' dir='ltr'><strong>ἐξ</strong></span> <span class='ocrx_word' id='word_1_631' title='bbox 3212 3829 3390 3881; x_wconf 83' lang='grc' dir='ltr'>αὐτῶν</span> <span class='ocrx_word' id='word_1_632' title='bbox 3437 3831 3730 3886; x_wconf 75' lang='grc' dir='ltr'>ἀπολέσθαι</span> 
     </span>
    </p>
   </div>
   <div class='ocr_carea' id='block_1_82' title="bbox 2160 3913 3729 3989">
    <p class='ocr_par' dir='ltr' id='par_1_82' title="bbox 2160 3913 3729 3989">
     <span class='ocr_line' id='line_1_82' title="bbox 2160 3913 3729 3989; baseline 0.01 -27"><span class='ocrx_word' id='word_1_633' title='bbox 2160 3913 2239 3974; x_wconf 79' lang='grc' dir='ltr'>εἰς</span> <span class='ocrx_word' id='word_1_634' title='bbox 2271 3914 2359 3964; x_wconf 83' lang='grc' dir='ltr'><strong>τὸν</strong></span> <span class='ocrx_word' id='word_1_635' title='bbox 2389 3913 2586 3966; x_wconf 74' lang='grc' dir='ltr'>αἰῶναο</span> <span class='ocrx_word' id='word_1_636' title='bbox 2638 3914 2719 3977; x_wconf 82' lang='grc' dir='ltr'><strong>τίς</strong></span> <span class='ocrx_word' id='word_1_637' title='bbox 2759 3917 2864 3985; x_wconf 88' lang='grc' dir='ltr'><strong>γάρ</strong></span> <span class='ocrx_word' id='word_1_638' title='bbox 2910 3919 3024 3968; x_wconf 80' lang='grc' dir='ltr'>ἐστι</span> <span class='ocrx_word' id='word_1_639' title='bbox 3069 3919 3318 3982; x_wconf 84' lang='grc' dir='ltr'>τοσοῦτος</span> <span class='ocrx_word' id='word_1_640' title='bbox 3361 3920 3437 3983; x_wconf 83' lang='grc' dir='ltr'>ὡς</span> <span class='ocrx_word' id='word_1_641' title='bbox 3481 3923 3729 3989; x_wconf 80' lang='grc' dir='ltr'>ἁρπάσαι</span> 
     </span>
    </p>
   </div>
   <div class='ocr_carea' id='block_1_83' title="bbox 2161 4003 3730 4082">
    <p class='ocr_par' dir='ltr' id='par_1_83' title="bbox 2161 4003 3730 4082">
     <span class='ocr_line' id='line_1_83' title="bbox 2161 4003 3730 4082; baseline 0.009 -29"><span class='ocrx_word' id='word_1_642' title='bbox 2161 4005 2225 4054; x_wconf 77' lang='grc' dir='ltr'>ἐκ</span> <span class='ocrx_word' id='word_1_643' title='bbox 2255 4003 2350 4072; x_wconf 79' lang='grc' dir='ltr'>τῆς</span> <span class='ocrx_word' id='word_1_644' title='bbox 2380 4004 2558 4072; x_wconf 83' lang='grc' dir='ltr'>χειρός</span> <span class='ocrx_word' id='word_1_645' title='bbox 2593 4022 2690 4074; x_wconf 88' lang='grc' dir='ltr'><strong>μου</strong></span> <span class='ocrx_word' id='word_1_646' title='bbox 2721 4005 3018 4075; x_wconf 71' lang='grc' dir='ltr'>δυνηθῆναι</span> <span class='ocrx_word' id='word_1_647' title='bbox 3050 4007 3117 4059; x_wconf 78' lang='grc' dir='ltr'>τὰ</span> <span class='ocrx_word' id='word_1_648' title='bbox 3147 4009 3236 4062; x_wconf 86' lang='grc' dir='ltr'>ὑπ’</span> <span class='ocrx_word' id='word_1_649' title='bbox 3262 4011 3396 4080; x_wconf 79' lang='grc' dir='ltr'>ἐμοῦ</span> <span class='ocrx_word' id='word_1_650' title='bbox 3445 4016 3730 4082; x_wconf 78' lang='grc' dir='ltr'>ποιμαινό-</span> 
     </span>
    </p>
   </div>
   <div class='ocr_carea' id='block_1_84' title="bbox 2165 4093 3729 4172">
    <p class='ocr_par' dir='ltr' id='par_1_84' title="bbox 2165 4093 3729 4172">
     <span class='ocr_line' id='line_1_84' title="bbox 2165 4093 3729 4172; baseline 0.008 -29"><span class='ocrx_word' id='word_1_651' title='bbox 2165 4110 2330 4162; x_wconf 87' lang='grc' dir='ltr'>μενα;</span> <span class='ocrx_word' id='word_1_652' title='bbox 2362 4093 2548 4164; x_wconf 82' lang='grc' dir='ltr'>ὥσπερ</span> <span class='ocrx_word' id='word_1_653' title='bbox 2582 4095 2688 4166; x_wconf 86' lang='grc' dir='ltr'>γὰρ</span> <span class='ocrx_word' id='word_1_654' title='bbox 2715 4099 2811 4166; x_wconf 79' lang='grc' dir='ltr'><strong>τῆς</strong></span> <span class='ocrx_word' id='word_1_655' title='bbox 2853 4095 3030 4160; x_wconf 72' lang='grc' dir='ltr'>δεξιᾶς</span> <span class='ocrx_word' id='word_1_656' title='bbox 3056 4098 3146 4150; x_wconf 86' lang='grc' dir='ltr'><strong>τοῦ</strong></span> <span class='ocrx_word' id='word_1_657' title='bbox 3176 4100 3404 4172; x_wconf 81' lang='grc' dir='ltr'>ιῐατρδς,</span> <span class='ocrx_word' id='word_1_658' title='bbox 3438 4102 3495 4165; x_wconf 82' lang='grc' dir='ltr'>ὃς</span> <span class='ocrx_word' id='word_1_659' title='bbox 3528 4103 3729 4172; x_wconf 73' lang='grc' dir='ltr'>μείζων</span> 
     </span>
    </p>
   </div>
   <div class='ocr_carea' id='block_1_85' title="bbox 2164 4190 3731 4265">
    <p class='ocr_par' dir='ltr' id='par_1_85' title="bbox 2164 4190 3731 4265">
     <span class='ocr_line' id='line_1_85' title="bbox 2164 4190 3731 4265; baseline 0.006 -24"><span class='ocrx_word' id='word_1_660' title='bbox 2164 4190 2378 4242; x_wconf 84' lang='grc' dir='ltr'>πάντων</span> <span class='ocrx_word' id='word_1_661' title='bbox 2405 4192 2657 4260; x_wconf 82' lang='grc' dir='ltr'>ὑπάρχει,</span> <span class='ocrx_word' id='word_1_662' title='bbox 2687 4193 2962 4263; x_wconf 83' lang='grc' dir='ltr'>ἀμήχανόν</span> <span class='ocrx_word' id='word_1_663' title='bbox 2983 4211 3105 4247; x_wconf 89' lang='grc' dir='ltr'>τινα</span> <span class='ocrx_word' id='word_1_664' title='bbox 3132 4196 3530 4265; x_wconf 81' lang='grc' dir='ltr'>περιγενέσθαι,</span> <span class='ocrx_word' id='word_1_665' title='bbox 3557 4197 3731 4261; x_wconf 79' lang='grc' dir='ltr'>οὕτως</span> 
     </span>
    </p>
   </div>
   <div class='ocr_carea' id='block_1_86' title="bbox 2162 4277 3729 4354">
    <p class='ocr_par' dir='ltr' id='par_1_86' title="bbox 2162 4277 3729 4354">
     <span class='ocr_line' id='line_1_86' title="bbox 2162 4277 3729 4354; baseline 0.007 -27"><span class='ocrx_word' id='word_1_666' title='bbox 2162 4277 2420 4330; x_wconf 79' lang='grc' dir='ltr'>ἀδύνατον</span> <span class='ocrx_word' id='word_1_667' title='bbox 2447 4280 2758 4348; x_wconf 80' lang='grc' dir='ltr'>ἀρπαγῆναί</span> <span class='ocrx_word' id='word_1_668' title='bbox 2793 4297 2912 4332; x_wconf 86' lang='grc' dir='ltr'>τινα</span> <span class='ocrx_word' id='word_1_669' title='bbox 2954 4281 3062 4332; x_wconf 83' lang='grc' dir='ltr'>τῶν</span> <span class='ocrx_word' id='word_1_670' title='bbox 3109 4282 3196 4333; x_wconf 79' lang='grc' dir='ltr'>ὑπ’</span> <span class='ocrx_word' id='word_1_671' title='bbox 3230 4283 3362 4352; x_wconf 84' lang='grc' dir='ltr'>ἐμοῦ</span> <span class='ocrx_word' id='word_1_672' title='bbox 3396 4287 3729 4354; x_wconf 74' lang='grc' dir='ltr'>φρουρουμέ-</span> 
     </span>
    </p>
   </div>
   <div class='ocr_carea' id='block_1_87' title="bbox 2161 4370 3726 4441">
    <p class='ocr_par' dir='ltr' id='par_1_87' title="bbox 2161 4370 3726 4441">
     <span class='ocr_line' id='line_1_87' title="bbox 2161 4370 3726 4441; baseline 0.005 -21"><span class='ocrx_word' id='word_1_673' title='bbox 2161 4383 2293 4420; x_wconf 88' lang='grc' dir='ltr'>νων·</span> <span class='ocrx_word' id='word_1_674' title='bbox 2333 4388 2348 4419; x_wconf 81' lang='grc' dir='ltr'>ι</span> <span class='ocrx_word' id='word_1_675' title='bbox 2397 4370 2536 4436; x_wconf 84' lang='grc' dir='ltr'><strong>Ἐγὼ</strong></span> <span class='ocrx_word' id='word_1_676' title='bbox 2566 4370 2673 4438; x_wconf 77' lang='grc' dir='ltr'><strong>γὰρ</strong></span> <span class='ocrx_word' id='word_1_677' title='bbox 2703 4371 2793 4421; x_wconf 73' lang='grc' dir='ltr'><strong>καὶ</strong></span> <span class='ocrx_word' id='word_1_678' title='bbox 2823 4371 2850 4421; x_wconf 87' lang='lat'><strong>6</strong></span> <span class='ocrx_word' id='word_1_679' title='bbox 2893 4371 3077 4440; x_wconf 82' lang='grc' dir='ltr'>Πατὴρ</span> <span class='ocrx_word' id='word_1_680' title='bbox 3113 4372 3170 4423; x_wconf 80' lang='grc' dir='ltr'>ἓν</span> <span class='ocrx_word' id='word_1_681' title='bbox 3199 4374 3382 4441; x_wconf 79' lang='grc' dir='ltr'>ἐσμεν.</span> <span class='ocrx_word' id='word_1_682' title='bbox 3423 4393 3439 4425; x_wconf 76' lang='grc' dir='ltr'>ι</span> <span class='ocrx_word' id='word_1_683' title='bbox 3477 4375 3584 4426; x_wconf 86' lang='grc' dir='ltr'><strong>Ποῦ</strong></span> <span class='ocrx_word' id='word_1_684' title='bbox 3612 4378 3726 4428; x_wconf 78' lang='grc' dir='ltr'>τοξ-</span> 
     </span>
    </p>
   </div>
   <div class='ocr_carea' id='block_1_88' title="bbox 2161 4460 3724 4534">
    <p class='ocr_par' dir='ltr' id='par_1_88' title="bbox 2161 4460 3724 4534">
     <span class='ocr_line' id='line_1_88' title="bbox 2161 4460 3724 4534; baseline 0.007 -26"><span class='ocrx_word' id='word_1_685' title='bbox 2161 4475 2253 4510; x_wconf 80' lang='grc' dir='ltr'><strong>νυν</strong></span> <span class='ocrx_word' id='word_1_686' title='bbox 2279 4460 2339 4512; x_wconf 76' lang='grc' dir='ltr'>τὸ</span> <span class='ocrx_word' id='word_1_687' title='bbox 2386 4460 2569 4530; x_wconf 75' lang='grc' dir='ltr'>μεῖζον</span> <span class='ocrx_word' id='word_1_688' title='bbox 2611 4462 2706 4513; x_wconf 71' lang='grc' dir='ltr'><strong>καὶ</strong></span> <span class='ocrx_word' id='word_1_689' title='bbox 2731 4461 2791 4513; x_wconf 85' lang='grc' dir='ltr'><strong>τὸ</strong></span> <span class='ocrx_word' id='word_1_690' title='bbox 2821 4462 3038 4513; x_wconf 78' lang='grc' dir='ltr'>ἔλαττον</span> <span class='ocrx_word' id='word_1_691' title='bbox 3063 4479 3078 4526; x_wconf 89' lang='grc'><strong>;</strong></span> <span class='ocrx_word' id='word_1_692' title='bbox 3122 4464 3184 4516; x_wconf 78' lang='grc' dir='ltr'><strong>Εἰ</strong></span> <span class='ocrx_word' id='word_1_693' title='bbox 3210 4464 3315 4533; x_wconf 82' lang='grc' dir='ltr'><strong>γάρ</strong></span> <span class='ocrx_word' id='word_1_694' title='bbox 3343 4467 3560 4534; x_wconf 79' lang='grc' dir='ltr'>ομοίως,</span> <span class='ocrx_word' id='word_1_695' title='bbox 3601 4468 3724 4520; x_wconf 69' lang='grc' dir='ltr'>οὔτε</span> 
     </span>
    </p>
   </div>
   <div class='ocr_carea' id='block_1_89' title="bbox 2163 4539 3726 4623">
    <p class='ocr_par' dir='ltr' id='par_1_89' title="bbox 2163 4539 3726 4623">
     <span class='ocr_line' id='line_1_89' title="bbox 2163 4539 3726 4623; baseline 0.006 -22"><span class='ocrx_word' id='word_1_696' title='bbox 2163 4552 2226 4601; x_wconf 81' lang='grc' dir='ltr'>ὲκ</span> <span class='ocrx_word' id='word_1_697' title='bbox 2256 4539 2352 4618; x_wconf 71' lang='grc' dir='ltr'><strong>τῆς</strong></span> <span class='ocrx_word' id='word_1_698' title='bbox 2375 4550 2554 4618; x_wconf 78' lang='grc' dir='ltr'>χειρὸς</span> <span class='ocrx_word' id='word_1_699' title='bbox 2584 4550 2675 4601; x_wconf 87' lang='grc' dir='ltr'><strong>τοῦ</strong></span> <span class='ocrx_word' id='word_1_700' title='bbox 2708 4551 2856 4615; x_wconf 82' lang='grc' dir='ltr'>Υἱοῦ,</span> <span class='ocrx_word' id='word_1_701' title='bbox 2891 4551 3010 4604; x_wconf 73' lang='grc' dir='ltr'>οὔτε</span> <span class='ocrx_word' id='word_1_702' title='bbox 3040 4555 3103 4605; x_wconf 82' lang='grc' dir='ltr'>ὲκ</span> <span class='ocrx_word' id='word_1_703' title='bbox 3141 4553 3237 4623; x_wconf 79' lang='grc' dir='ltr'>τῆς</span> <span class='ocrx_word' id='word_1_704' title='bbox 3263 4556 3441 4623; x_wconf 78' lang='grc' dir='ltr'>χειρὸς</span> <span class='ocrx_word' id='word_1_705' title='bbox 3479 4556 3573 4608; x_wconf 86' lang='grc' dir='ltr'><strong>τοῦ</strong></span> <span class='ocrx_word' id='word_1_706' title='bbox 3617 4559 3726 4610; x_wconf 82' lang='grc' dir='ltr'><strong>Πα⁹</strong></span> 
     </span>
    </p>
   </div>
   <div class='ocr_carea' id='block_1_90' title="bbox 500 4622 2057 4716">
    <p class='ocr_par' dir='ltr' id='par_1_90' title="bbox 500 4622 2054 4691">
     <span class='ocr_line' id='line_1_90' title="bbox 500 4622 2054 4691; baseline 0.005 -17"><span class='ocrx_word' id='word_1_707' title='bbox 500 4624 664 4676; x_wconf 87' lang='lat' dir='ltr'><strong>locus.</strong></span> <span class='ocrx_word' id='word_1_708' title='bbox 694 4622 758 4673; x_wconf 83' lang='lat' dir='ltr'><strong>Et</strong></span> <span class='ocrx_word' id='word_1_709' title='bbox 783 4623 1058 4690; x_wconf 83' lang='lat' dir='ltr'><strong>quoniam,</strong></span> <span class='ocrx_word' id='word_1_710' title='bbox 1088 4626 1209 4690; x_wconf 83' lang='lat' dir='ltr'><strong>quia</strong></span> <span class='ocrx_word' id='word_1_711' title='bbox 1235 4627 1402 4691; x_wconf 87' lang='lat' dir='ltr'><strong>tnajor</strong></span> <span class='ocrx_word' id='word_1_712' title='bbox 1455 4625 1701 4678; x_wconf 83' lang='lat' dir='ltr'><strong>omnibus</strong></span> <span class='ocrx_word' id='word_1_713' title='bbox 1755 4625 1912 4680; x_wconf 83' lang='lat' dir='ltr'><strong>Pater</strong></span> <span class='ocrx_word' id='word_1_714' title='bbox 1956 4638 2054 4691; x_wconf 88' lang='lat' dir='ltr'><strong>est,</strong></span> 
     </span>
    </p>
   </div>
   <div class='ocr_carea' id='block_1_91' title="bbox 2164 4622 3719 4716">
    <p class='ocr_par' dir='ltr' id='par_1_91' title="bbox 2164 4622 3719 4716">
     <span class='ocr_line' id='line_1_91' title="bbox 2164 4622 3719 4716; baseline 0.006 -25"><span class='ocrx_word' id='word_1_715' title='bbox 2164 4641 2305 4709; x_wconf 77' lang='grc' dir='ltr'>τρὸς,</span> <span class='ocrx_word' id='word_1_716' title='bbox 2336 4641 2578 4709; x_wconf 81' lang='grc' dir='ltr'>ἁρπάσαι</span> <span class='ocrx_word' id='word_1_717' title='bbox 2600 4659 2681 4703; x_wconf 89' lang='grc' dir='ltr'><strong>τις</strong></span> <span class='ocrx_word' id='word_1_718' title='bbox 2701 4641 2940 4709; x_wconf 85' lang='grc' dir='ltr'>δύναται,</span> <span class='ocrx_word' id='word_1_719' title='bbox 2965 4644 3022 4696; x_wconf 85' lang='grc' dir='ltr'><strong>τὸ</strong></span> <span class='ocrx_word' id='word_1_720' title='bbox 3047 4622 3227 4711; x_wconf 75' lang='grc' dir='ltr'>μεῖζον</span> <span class='ocrx_word' id='word_1_721' title='bbox 3250 4622 3430 4715; x_wconf 59' lang='grc' dir='ltr'>χώραν</span> <span class='ocrx_word' id='word_1_722' title='bbox 3454 4647 3549 4698; x_wconf 81' lang='grc' dir='ltr'><strong>οὐκ</strong></span> <span class='ocrx_word' id='word_1_723' title='bbox 3574 4648 3685 4716; x_wconf 77' lang='grc' dir='ltr'>ἔχει</span> <span class='ocrx_word' id='word_1_724' title='bbox 3707 4667 3719 4678; x_wconf 89' lang='grc'>·</span> 
     </span>
    </p>
   </div>
   <div class='ocr_carea' id='block_1_92' title="bbox 500 4714 2054 4784">
    <p class='ocr_par' dir='ltr' id='par_1_92' title="bbox 500 4714 2054 4784">
     <span class='ocr_line' id='line_1_92' title="bbox 500 4714 2054 4784; baseline 0.004 -19"><span class='ocrx_word' id='word_1_725' title='bbox 500 4729 656 4767; x_wconf 90' lang='lat' dir='ltr'><strong>nemo</strong></span> <span class='ocrx_word' id='word_1_726' title='bbox 682 4728 865 4781; x_wconf 87' lang='lat' dir='ltr'><strong>rapere</strong></span> <span class='ocrx_word' id='word_1_727' title='bbox 913 4722 1087 4781; x_wconf 83' lang='lat' dir='ltr'><strong>potest</strong></span> <span class='ocrx_word' id='word_1_728' title='bbox 1107 4714 1172 4766; x_wconf 92' lang='lat' dir='ltr'><strong>de</strong></span> <span class='ocrx_word' id='word_1_729' title='bbox 1192 4729 1347 4766; x_wconf 89' lang='lat' dir='ltr'><strong>manu</strong></span> <span class='ocrx_word' id='word_1_730' title='bbox 1382 4715 1496 4781; x_wconf 85' lang='lat' dir='ltr'><strong>cjus</strong></span> <span class='ocrx_word' id='word_1_731' title='bbox 1523 4755 1536 4779; x_wconf 91' lang='lat'><strong>,</strong></span> <span class='ocrx_word' id='word_1_732' title='bbox 1589 4719 1830 4784; x_wconf 74' lang='lat' dir='ltr'><strong>sequitur</strong></span> <span class='ocrx_word' id='word_1_733' title='bbox 1857 4729 1912 4770; x_wconf 94' lang='lat' dir='ltr'><strong>ut</strong></span> <span class='ocrx_word' id='word_1_734' title='bbox 1941 4733 2054 4771; x_wconf 89' lang='lat' dir='ltr'><strong>ma-</strong></span> 
     </span>
    </p>
   </div>
   <div class='ocr_carea' id='block_1_93' title="bbox 495 4804 2056 4877">
    <p class='ocr_par' dir='ltr' id='par_1_93' title="bbox 495 4804 2056 4877">
     <span class='ocr_line' id='line_1_93' title="bbox 495 4804 2056 4877; baseline 0.005 -19"><span class='ocrx_word' id='word_1_735' title='bbox 495 4806 580 4870; x_wconf 87' lang='lat' dir='ltr'><strong>jor</strong></span> <span class='ocrx_word' id='word_1_736' title='bbox 609 4805 856 4859; x_wconf 66' lang='lat' dir='ltr'><strong>omnibus</strong></span> <span class='ocrx_word' id='word_1_737' title='bbox 878 4804 1044 4859; x_wconf 84' lang='lat' dir='ltr'><strong>Filius</strong></span> <span class='ocrx_word' id='word_1_738' title='bbox 1066 4821 1278 4874; x_wconf 89' lang='lat' dir='ltr'><strong>quoque</strong></span> <span class='ocrx_word' id='word_1_739' title='bbox 1316 4807 1404 4872; x_wconf 90' lang='lat' dir='ltr'><strong>sit,</strong></span> <span class='ocrx_word' id='word_1_740' title='bbox 1435 4809 1688 4875; x_wconf 88' lang='lat' dir='ltr'><strong>quoniam</strong></span> <span class='ocrx_word' id='word_1_741' title='bbox 1727 4825 1875 4877; x_wconf 66' lang='lat' dir='ltr'><strong>atque</strong></span> <span class='ocrx_word' id='word_1_742' title='bbox 1899 4827 2056 4866; x_wconf 86' lang='lat' dir='ltr'><strong>nemo</strong></span> 
     </span>
    </p>
   </div>
   <div class='ocr_carea' id='block_1_94' title="bbox 501 4894 2055 4973">
    <p class='ocr_par' dir='ltr' id='par_1_94' title="bbox 501 4894 2055 4973">
     <span class='ocr_line' id='line_1_94' title="bbox 501 4894 2055 4973; baseline 0.008 -29"><span class='ocrx_word' id='word_1_743' title='bbox 501 4899 563 4947; x_wconf 88' lang='lat' dir='ltr'><strong>de</strong></span> <span class='ocrx_word' id='word_1_744' title='bbox 594 4909 750 4947; x_wconf 92' lang='lat' dir='ltr'><strong>manu</strong></span> <span class='ocrx_word' id='word_1_745' title='bbox 779 4894 893 4962; x_wconf 85' lang='lat' dir='ltr'><strong>ejus</strong></span> <span class='ocrx_word' id='word_1_746' title='bbox 929 4911 1116 4964; x_wconf 88' lang='lat' dir='ltr'><strong>rapere</strong></span> <span class='ocrx_word' id='word_1_747' title='bbox 1177 4905 1369 4963; x_wconf 86' lang='lat' dir='ltr'><strong>potest.</strong></span> <span class='ocrx_word' id='word_1_748' title='bbox 1425 4899 1546 4952; x_wconf 88' lang='lat' dir='ltr'><strong>ldeo</strong></span> <span class='ocrx_word' id='word_1_749' title='bbox 1591 4901 1828 4953; x_wconf 87' lang='lat' dir='ltr'><strong>addidit:</strong></span> <span class='ocrx_word' id='word_1_750' title='bbox 1870 4921 1886 4952; x_wconf 74' lang='grc' dir='ltr'><strong>ι</strong></span> <span class='ocrx_word' id='word_1_751' title='bbox 1942 4904 2055 4973; x_wconf 85' lang='lat' dir='ltr'><strong>Ego</strong></span> 
     </span>
    </p>
   </div>
   <div class='ocr_carea' id='block_1_95' title="bbox 499 4981 2051 5047">
    <p class='ocr_par' dir='ltr' id='par_1_95' title="bbox 499 4981 2051 5047">
     <span class='ocr_line' id='line_1_95' title="bbox 499 4981 2051 5047; baseline 0.007 -11"><span class='ocrx_word' id='word_1_752' title='bbox 499 4993 546 5036; x_wconf 88' lang='lat' dir='ltr'><strong>et</strong></span> <span class='ocrx_word' id='word_1_753' title='bbox 575 4981 730 5036; x_wconf 83' lang='lat' dir='ltr'><strong>Pater</strong></span> <span class='ocrx_word' id='word_1_754' title='bbox 757 4999 918 5038; x_wconf 88' lang='lat' dir='ltr'><strong>unum</strong></span> <span class='ocrx_word' id='word_1_755' title='bbox 951 5001 1154 5038; x_wconf 81' lang='lat' dir='ltr'><strong>sumus.</strong></span> <span class='ocrx_word' id='word_1_756' title='bbox 1195 5006 1212 5036; x_wconf 75' lang='grc' dir='ltr'>ι</span> <span class='ocrx_word' id='word_1_757' title='bbox 1250 4986 1381 5040; x_wconf 76' lang='lat' dir='ltr'><strong>Nam</strong></span> <span class='ocrx_word' id='word_1_758' title='bbox 1415 4990 1458 5040; x_wconf 89' lang='lat' dir='ltr'><strong>si</strong></span> <span class='ocrx_word' id='word_1_759' title='bbox 1493 4988 1724 5044; x_wconf 89' lang='lat' dir='ltr'><strong>litteram</strong></span> <span class='ocrx_word' id='word_1_760' title='bbox 1757 4991 1933 5047; x_wconf 87' lang='lat' dir='ltr'><strong>denuo</strong></span> <span class='ocrx_word' id='word_1_761' title='bbox 1969 5007 2051 5047; x_wconf 80' lang='lat' dir='ltr'><strong>se-</strong></span> 
     </span>
    </p>
   </div>
   <div class='ocr_carea' id='block_1_96' title="bbox 499 5075 2053 5151">
    <p class='ocr_par' dir='ltr' id='par_1_96' title="bbox 499 5075 2053 5151">
     <span class='ocr_line' id='line_1_96' title="bbox 499 5075 2053 5151; baseline 0.006 -24"><span class='ocrx_word' id='word_1_762' title='bbox 499 5089 747 5144; x_wconf 89' lang='lat' dir='ltr'><strong>quemur,</strong></span> <span class='ocrx_word' id='word_1_763' title='bbox 769 5075 957 5151; x_wconf 83' lang='lat' dir='ltr'><strong>Filium</strong></span> <span class='ocrx_word' id='word_1_764' title='bbox 998 5079 1336 5145; x_wconf 65' lang='lat' dir='ltr'><strong>praepositum</strong></span> <span class='ocrx_word' id='word_1_765' title='bbox 1373 5080 1699 5136; x_wconf 85' lang='lat' dir='ltr'><strong>videbimus:</strong></span> <span class='ocrx_word' id='word_1_766' title='bbox 1730 5100 1746 5132; x_wconf 82' lang='grc' dir='ltr'>ι</span> <span class='ocrx_word' id='word_1_767' title='bbox 1775 5083 1883 5151; x_wconf 74' lang='lat' dir='ltr'><strong>Ego</strong></span> <span class='ocrx_word' id='word_1_768' title='bbox 1911 5086 2053 5137; x_wconf 89' lang='lat' dir='ltr'><strong>enim</strong></span> 
     </span>
    </p>
   </div>
   <div class='ocr_carea' id='block_1_97' title="bbox 498 5147 2054 5242">
    <p class='ocr_par' dir='ltr' id='par_1_97' title="bbox 498 5147 2054 5242">
     <span class='ocr_line' id='line_1_97' title="bbox 498 5147 2054 5242; baseline 0.007 -26"><span class='ocrx_word' id='word_1_769' title='bbox 498 5165 654 5228; x_wconf 77' lang='lat' dir='ltr'><strong>dixit,</strong></span> <span class='ocrx_word' id='word_1_770' title='bbox 676 5173 729 5216; x_wconf 90' lang='lat' dir='ltr'><strong>et</strong></span> <span class='ocrx_word' id='word_1_771' title='bbox 755 5147 945 5217; x_wconf 74' lang='lat' dir='ltr'><strong>Pater:</strong></span> <span class='ocrx_word' id='word_1_772' title='bbox 972 5182 991 5215; x_wconf 77' lang='grc' dir='ltr'>ι</span> <span class='ocrx_word' id='word_1_773' title='bbox 1021 5181 1149 5228; x_wconf 87' lang='lat' dir='ltr'><strong>non,</strong></span> <span class='ocrx_word' id='word_1_774' title='bbox 1169 5164 1328 5221; x_wconf 89' lang='lat' dir='ltr'><strong>Pater</strong></span> <span class='ocrx_word' id='word_1_775' title='bbox 1343 5177 1394 5220; x_wconf 93' lang='lat' dir='ltr'><strong>et</strong></span> <span class='ocrx_word' id='word_1_776' title='bbox 1411 5165 1540 5237; x_wconf 86' lang='lat' dir='ltr'><strong>Ego.</strong></span> <span class='ocrx_word' id='word_1_777' title='bbox 1572 5147 2054 5242; x_wconf 67' lang='lat' dir='ltr'><strong>Demonsti-ataque</strong></span> 
     </span>
    </p>
   </div>
   <div class='ocr_carea' id='block_1_98' title="bbox 500 5254 2048 5323">
    <p class='ocr_par' dir='ltr' id='par_1_98' title="bbox 500 5254 2048 5323">
     <span class='ocr_line' id='line_1_98' title="bbox 500 5254 2048 5323; baseline 0.006 -17"><span class='ocrx_word' id='word_1_778' title='bbox 500 5269 848 5322; x_wconf 84' lang='lat' dir='ltr'><strong>personarum</strong></span> <span class='ocrx_word' id='word_1_779' title='bbox 877 5254 1152 5318; x_wconf 87' lang='lat' dir='ltr'><strong>dualitate,</strong></span> <span class='ocrx_word' id='word_1_780' title='bbox 1184 5258 1712 5323; x_wconf 77' lang='lat' dir='ltr'><strong>praedicavitnatura:</strong></span> <span class='ocrx_word' id='word_1_781' title='bbox 1767 5264 2048 5317; x_wconf 86' lang='lat' dir='ltr'><strong>unitatem.</strong></span> 
     </span>
    </p>
   </div>
   <div class='ocr_carea' id='block_1_99' title="bbox 501 5344 2048 5420">
    <p class='ocr_par' dir='ltr' id='par_1_99' title="bbox 501 5344 2048 5420">
     <span class='ocr_line' id='line_1_99' title="bbox 501 5344 2048 5420; baseline 0.008 -24"><span class='ocrx_word' id='word_1_782' title='bbox 501 5344 631 5396; x_wconf 76' lang='lat' dir='ltr'><strong>Nam</strong></span> <span class='ocrx_word' id='word_1_783' title='bbox 661 5345 902 5408; x_wconf 86' lang='lat' dir='ltr'><strong>dicendo,</strong></span> <span class='ocrx_word' id='word_1_784' title='bbox 929 5345 1035 5414; x_wconf 87' lang='lat' dir='ltr'><strong>Ego</strong></span> <span class='ocrx_word' id='word_1_785' title='bbox 1083 5355 1135 5400; x_wconf 90' lang='lat' dir='ltr'><strong>et</strong></span> <span class='ocrx_word' id='word_1_786' title='bbox 1157 5346 1333 5410; x_wconf 81' lang='lat' dir='ltr'><strong>Pater,</strong></span> <span class='ocrx_word' id='word_1_787' title='bbox 1397 5365 1676 5404; x_wconf 87' lang='lat' dir='ltr'><strong>numerum</strong></span> <span class='ocrx_word' id='word_1_788' title='bbox 1701 5368 2048 5420; x_wconf 86' lang='lat' dir='ltr'><strong>personarum</strong></span> 
     </span>
    </p>
   </div>
   <div class='ocr_carea' id='block_1_100' title="bbox 498 5434 2053 5507">
    <p class='ocr_par' dir='ltr' id='par_1_100' title="bbox 498 5434 2053 5507">
     <span class='ocr_line' id='line_1_100' title="bbox 498 5434 2053 5507; baseline 0.009 -22"><span class='ocrx_word' id='word_1_789' title='bbox 498 5434 656 5505; x_wconf 76' lang='lat'><strong>691</strong></span> <span class='ocrx_word' id='word_1_790' title='bbox 682 5451 730 5487; x_wconf 84' lang='lat' dir='ltr'><strong>m</strong></span> <span class='ocrx_word' id='word_1_791' title='bbox 770 5436 1093 5503; x_wconf 76' lang='lat' dir='ltr'><strong>signiﬁcavit</strong></span> <span class='ocrx_word' id='word_1_792' title='bbox 1121 5457 1132 5489; x_wconf 95' lang='lat'>:</span> <span class='ocrx_word' id='word_1_793' title='bbox 1159 5439 1404 5494; x_wconf 81' lang='lat' dir='ltr'><strong>addendo</strong></span> <span class='ocrx_word' id='word_1_794' title='bbox 1443 5454 1637 5507; x_wconf 88' lang='lat' dir='ltr'><strong>autem,</strong></span> <span class='ocrx_word' id='word_1_795' title='bbox 1678 5462 1695 5493; x_wconf 78' lang='grc' dir='ltr'>ι</span> <span class='ocrx_word' id='word_1_796' title='bbox 1737 5460 1900 5498; x_wconf 88' lang='lat' dir='ltr'><strong>unum</strong></span> <span class='ocrx_word' id='word_1_797' title='bbox 1962 5464 2053 5501; x_wconf 87' lang='lat' dir='ltr'><strong>su-</strong></span> 
     </span>
    </p>
   </div>
   <div class='ocr_carea' id='block_1_101' title="bbox 504 5528 2050 5601">
    <p class='ocr_par' dir='ltr' id='par_1_101' title="bbox 504 5528 2050 5601">
     <span class='ocr_line' id='line_1_101' title="bbox 504 5528 2050 5601; baseline 0.01 -25"><span class='ocrx_word' id='word_1_798' title='bbox 504 5542 679 5588; x_wconf 73' lang='lat' dir='ltr'><strong>Itttts,r</strong></span> <span class='ocrx_word' id='word_1_799' title='bbox 716 5529 964 5591; x_wconf 70' lang='lat' dir='ltr'><strong>potentite</strong></span> <span class='ocrx_word' id='word_1_800' title='bbox 1013 5528 1396 5583; x_wconf 86' lang='lat' dir='ltr'><strong>demonstravit</strong></span> <span class='ocrx_word' id='word_1_801' title='bbox 1461 5533 1762 5599; x_wconf 86' lang='lat' dir='ltr'><strong>paritalem.</strong></span> <span class='ocrx_word' id='word_1_802' title='bbox 1814 5536 2050 5601; x_wconf 87' lang='lat' dir='ltr'><strong>Quorum</strong></span> 
     </span>
    </p>
   </div>
   <div class='ocr_carea' id='block_1_102' title="bbox 503 5615 2050 5694">
    <p class='ocr_par' dir='ltr' id='par_1_102' title="bbox 503 5615 2050 5694">
     <span class='ocr_line' id='line_1_102' title="bbox 503 5615 2050 5694; baseline 0.012 -28"><span class='ocrx_word' id='word_1_803' title='bbox 503 5615 680 5682; x_wconf 82' lang='lat' dir='ltr'><strong>itaque</strong></span> <span class='ocrx_word' id='word_1_804' title='bbox 702 5615 923 5682; x_wconf 59' lang='lat' dir='ltr'><strong>aqualis</strong></span> <span class='ocrx_word' id='word_1_805' title='bbox 963 5629 1043 5671; x_wconf 85' lang='lat' dir='ltr'><strong>est</strong></span> <span class='ocrx_word' id='word_1_806' title='bbox 1081 5621 1250 5683; x_wconf 87' lang='lat' dir='ltr'><strong>notio,</strong></span> <span class='ocrx_word' id='word_1_807' title='bbox 1279 5625 1512 5688; x_wconf 86' lang='lat' dir='ltr'><strong>potentia</strong></span> <span class='ocrx_word' id='word_1_808' title='bbox 1540 5640 1750 5694; x_wconf 90' lang='lat' dir='ltr'><strong>quoque</strong></span> <span class='ocrx_word' id='word_1_809' title='bbox 1779 5638 1832 5682; x_wconf 90' lang='lat' dir='ltr'><strong>et</strong></span> <span class='ocrx_word' id='word_1_810' title='bbox 1869 5630 2050 5684; x_wconf 55' lang='lat' dir='ltr'><strong>volun-</strong></span> 
     </span>
    </p>
   </div>
   <div class='ocr_carea' id='block_1_103' title="bbox 571 5791 1515 5853">
    <p class='ocr_par' dir='ltr' id='par_1_103' title="bbox 571 5791 1515 5853">
     <span class='ocr_line' id='line_1_103' title="bbox 571 5791 1515 5853; baseline 0.008 -11"><span class='ocrx_word' id='word_1_811' title='bbox 571 5792 611 5822; x_wconf 81' lang='grc'><strong>¹⁹</strong></span> <span class='ocrx_word' id='word_1_812' title='bbox 642 5791 792 5846; x_wconf 83' lang='lat' dir='ltr'><strong>Jnau.</strong></span> <span class='ocrx_word' id='word_1_813' title='bbox 834 5807 884 5853; x_wconf 74' lang='grc' dir='ltr'>Χ,</span> <span class='ocrx_word' id='word_1_814' title='bbox 929 5793 1008 5844; x_wconf 73' lang='grc'><strong>15.</strong></span> <span class='ocrx_word' id='word_1_815' title='bbox 1086 5795 1130 5824; x_wconf 81' lang='grc'><strong>¹⁰</strong></span> <span class='ocrx_word' id='word_1_816' title='bbox 1160 5794 1288 5847; x_wconf 79' lang='lat' dir='ltr'><strong>ibid.</strong></span> <span class='ocrx_word' id='word_1_817' title='bbox 1331 5795 1515 5851; x_wconf 63' lang='lat'><strong>97-30.</strong></span> 
     </span>
    </p>
   </div>
   <div class='ocr_carea' id='block_1_104' title="bbox 2161 4731 3723 4804">
    <p class='ocr_par' dir='ltr' id='par_1_104' title="bbox 2161 4731 3723 4804">
     <span class='ocr_line' id='line_1_104' title="bbox 2161 4731 3723 4804; baseline 0.006 -21"><span class='ocrx_word' id='word_1_818' title='bbox 2161 4733 2252 4783; x_wconf 74' lang='grc' dir='ltr'><strong>καὶ</strong></span> <span class='ocrx_word' id='word_1_819' title='bbox 2279 4731 2461 4800; x_wconf 79' lang='grc' dir='ltr'>ἐπειδὴ</span> <span class='ocrx_word' id='word_1_820' title='bbox 2492 4732 2706 4785; x_wconf 88' lang='grc' dir='ltr'>πάντων</span> <span class='ocrx_word' id='word_1_821' title='bbox 2737 4732 2935 4802; x_wconf 72' lang='grc' dir='ltr'>μείζων</span> <span class='ocrx_word' id='word_1_822' title='bbox 2978 4734 3004 4784; x_wconf 89' lang='lat'><strong>6</strong></span> <span class='ocrx_word' id='word_1_823' title='bbox 3055 4735 3265 4804; x_wconf 85' lang='grc' dir='ltr'>Πατὴρ,</span> <span class='ocrx_word' id='word_1_824' title='bbox 3296 4737 3470 4799; x_wconf 65' lang='grc' dir='ltr'>οὐδεὶς</span> <span class='ocrx_word' id='word_1_825' title='bbox 3498 4739 3723 4792; x_wconf 83' lang='grc' dir='ltr'>δύναται</span> 
     </span>
    </p>
   </div>
   <div class='ocr_carea' id='block_1_105' title="bbox 2162 4823 3724 4897">
    <p class='ocr_par' dir='ltr' id='par_1_105' title="bbox 2162 4823 3724 4897">
     <span class='ocr_line' id='line_1_105' title="bbox 2162 4823 3724 4897; baseline 0.006 -23"><span class='ocrx_word' id='word_1_826' title='bbox 2162 4823 2404 4888; x_wconf 83' lang='grc' dir='ltr'>ἁρπάσαι</span> <span class='ocrx_word' id='word_1_827' title='bbox 2437 4824 2499 4874; x_wconf 78' lang='grc' dir='ltr'>ἐκ</span> <span class='ocrx_word' id='word_1_828' title='bbox 2525 4824 2618 4893; x_wconf 74' lang='grc' dir='ltr'>τῆς</span> <span class='ocrx_word' id='word_1_829' title='bbox 2647 4826 2824 4894; x_wconf 83' lang='grc' dir='ltr'>χειρὸς</span> <span class='ocrx_word' id='word_1_830' title='bbox 2853 4824 3015 4877; x_wconf 83' lang='grc' dir='ltr'>αὑτοῦ</span> <span class='ocrx_word' id='word_1_831' title='bbox 3035 4841 3050 4856; x_wconf 89' lang='grc'><strong>·</strong></span> <span class='ocrx_word' id='word_1_832' title='bbox 3082 4825 3280 4893; x_wconf 74' lang='grc' dir='ltr'>μείζων</span> <span class='ocrx_word' id='word_1_833' title='bbox 3310 4827 3416 4897; x_wconf 81' lang='grc' dir='ltr'>ἄρα</span> <span class='ocrx_word' id='word_1_834' title='bbox 3452 4828 3666 4882; x_wconf 89' lang='grc' dir='ltr'>πάντων</span> <span class='ocrx_word' id='word_1_835' title='bbox 3694 4834 3724 4883; x_wconf 90' lang='lat'><strong>6</strong></span> 
     </span>
    </p>
   </div>
   <div class='ocr_carea' id='block_1_106' title="bbox 2161 4914 3724 4990">
    <p class='ocr_par' dir='ltr' id='par_1_106' title="bbox 2161 4914 3724 4990">
     <span class='ocr_line' id='line_1_106' title="bbox 2161 4914 3724 4990; baseline 0.006 -25"><span class='ocrx_word' id='word_1_836' title='bbox 2161 4914 2309 4978; x_wconf 80' lang='grc' dir='ltr'>Υἱὸς,</span> <span class='ocrx_word' id='word_1_837' title='bbox 2345 4914 2531 4984; x_wconf 73' lang='grc' dir='ltr'>ἐπειδὴ</span> <span class='ocrx_word' id='word_1_838' title='bbox 2567 4915 2763 4984; x_wconf 82' lang='grc' dir='ltr'>ὁμοίως</span> <span class='ocrx_word' id='word_1_839' title='bbox 2791 4916 2961 4979; x_wconf 74' lang='grc' dir='ltr'>οὐδεὶς</span> <span class='ocrx_word' id='word_1_840' title='bbox 2991 4918 3052 4968; x_wconf 83' lang='grc' dir='ltr'>ὲκ</span> <span class='ocrx_word' id='word_1_841' title='bbox 3082 4917 3178 4984; x_wconf 83' lang='grc' dir='ltr'>τῆς</span> <span class='ocrx_word' id='word_1_842' title='bbox 3221 4919 3399 4986; x_wconf 81' lang='grc' dir='ltr'>χειρὸς</span> <span class='ocrx_word' id='word_1_843' title='bbox 3430 4920 3591 4973; x_wconf 80' lang='grc' dir='ltr'>αὑτοῦ</span> <span class='ocrx_word' id='word_1_844' title='bbox 3626 4924 3724 4990; x_wconf 81' lang='grc' dir='ltr'>ἀρ-</span> 
     </span>
    </p>
   </div>
   <div class='ocr_carea' id='block_1_107' title="bbox 2161 5006 3722 5084">
    <p class='ocr_par' dir='ltr' id='par_1_107' title="bbox 2161 5006 3722 5084">
     <span class='ocr_line' id='line_1_107' title="bbox 2161 5006 3722 5084; baseline 0.006 -27"><span class='ocrx_word' id='word_1_845' title='bbox 2161 5007 2326 5058; x_wconf 86' lang='grc' dir='ltr'>πάσαι</span> <span class='ocrx_word' id='word_1_846' title='bbox 2371 5006 2589 5058; x_wconf 79' lang='grc' dir='ltr'>δύναται</span> <span class='ocrx_word' id='word_1_847' title='bbox 2618 5024 2630 5036; x_wconf 89' lang='grc'><strong>·</strong></span> <span class='ocrx_word' id='word_1_848' title='bbox 2663 5008 2742 5059; x_wconf 76' lang='grc' dir='ltr'>διὸ</span> <span class='ocrx_word' id='word_1_849' title='bbox 2775 5009 3070 5078; x_wconf 80' lang='grc' dir='ltr'>ἐπήγαγεν,</span> <span class='ocrx_word' id='word_1_850' title='bbox 3107 5029 3124 5060; x_wconf 79' lang='grc' dir='ltr'>ι</span> <span class='ocrx_word' id='word_1_851' title='bbox 3171 5009 3311 5078; x_wconf 87' lang='grc' dir='ltr'><strong>Ἐγὼ</strong></span> <span class='ocrx_word' id='word_1_852' title='bbox 3347 5013 3436 5064; x_wconf 69' lang='grc' dir='ltr'><strong>καὶ</strong></span> <span class='ocrx_word' id='word_1_853' title='bbox 3463 5015 3491 5065; x_wconf 91' lang='lat'><strong>6</strong></span> <span class='ocrx_word' id='word_1_854' title='bbox 3533 5015 3722 5084; x_wconf 78' lang='grc' dir='ltr'>Πατὴρ</span> 
     </span>
    </p>
   </div>
   <div class='ocr_carea' id='block_1_108' title="bbox 2161 5096 3726 5175">
    <p class='ocr_par' dir='ltr' id='par_1_108' title="bbox 2161 5096 3726 5175">
     <span class='ocr_line' id='line_1_108' title="bbox 2161 5096 3726 5175; baseline 0.008 -29"><span class='ocrx_word' id='word_1_855' title='bbox 2161 5096 2218 5147; x_wconf 78' lang='grc' dir='ltr'>ἓν</span> <span class='ocrx_word' id='word_1_856' title='bbox 2270 5099 2454 5167; x_wconf 74' lang='grc' dir='ltr'>ἐσμεν.</span> <span class='ocrx_word' id='word_1_857' title='bbox 2481 5116 2496 5146; x_wconf 78' lang='grc' dir='ltr'>ι</span> <span class='ocrx_word' id='word_1_858' title='bbox 2532 5099 2626 5150; x_wconf 76' lang='grc' dir='ltr'>Ἂν</span> <span class='ocrx_word' id='word_1_859' title='bbox 2659 5099 2765 5169; x_wconf 83' lang='grc' dir='ltr'>γὰρ</span> <span class='ocrx_word' id='word_1_860' title='bbox 2801 5100 2877 5169; x_wconf 82' lang='grc' dir='ltr'>τῷ</span> <span class='ocrx_word' id='word_1_861' title='bbox 2919 5100 3203 5169; x_wconf 84' lang='grc' dir='ltr'>γράμματι</span> <span class='ocrx_word' id='word_1_862' title='bbox 3239 5103 3402 5154; x_wconf 83' lang='grc' dir='ltr'>πάλιν</span> <span class='ocrx_word' id='word_1_863' title='bbox 3434 5105 3726 5175; x_wconf 68' lang='grc' dir='ltr'>ἀκολουθῇς</span> 
     </span>
    </p>
   </div>
   <div class='ocr_carea' id='block_1_109' title="bbox 2162 5189 3720 5266">
    <p class='ocr_par' dir='ltr' id='par_1_109' title="bbox 2162 5189 3720 5266">
     <span class='ocr_line' id='line_1_109' title="bbox 2162 5189 3720 5266; baseline 0.007 -27"><span class='ocrx_word' id='word_1_864' title='bbox 2162 5189 2616 5258; x_wconf 51' lang='grc' dir='ltr'>σωμενβψὸμεθα</span> <span class='ocrx_word' id='word_1_865' title='bbox 2644 5192 2731 5243; x_wconf 83' lang='grc' dir='ltr'><strong>τὸν</strong></span> <span class='ocrx_word' id='word_1_866' title='bbox 2760 5192 2884 5244; x_wconf 82' lang='grc' dir='ltr'>Υἱὸν</span> <span class='ocrx_word' id='word_1_867' title='bbox 2915 5192 3400 5262; x_wconf 82' lang='grc' dir='ltr'>προτεταγμένον·‹</span> <span class='ocrx_word' id='word_1_868' title='bbox 3427 5195 3566 5260; x_wconf 66' lang='grc' dir='ltr'>Ἐγὼ</span> <span class='ocrx_word' id='word_1_869' title='bbox 3590 5198 3720 5266; x_wconf 81' lang='grc' dir='ltr'>γὰρ,</span> 
     </span>
    </p>
   </div>
   <div class='ocr_carea' id='block_1_110' title="bbox 2160 5274 3724 5351">
    <p class='ocr_par' dir='ltr' id='par_1_110' title="bbox 2160 5274 3724 5351">
     <span class='ocr_line' id='line_1_110' title="bbox 2160 5274 3724 5351; baseline 0.005 -22"><span class='ocrx_word' id='word_1_870' title='bbox 2160 5274 2300 5342; x_wconf 83' lang='grc' dir='ltr'>εἶπε,</span> <span class='ocrx_word' id='word_1_871' title='bbox 2328 5280 2419 5330; x_wconf 74' lang='grc' dir='ltr'><strong>καὶ</strong></span> <span class='ocrx_word' id='word_1_872' title='bbox 2448 5282 2475 5330; x_wconf 88' lang='lat'><strong>6</strong></span> <span class='ocrx_word' id='word_1_873' title='bbox 2503 5281 2736 5349; x_wconf 73' lang='grc' dir='ltr'>Πατὴρ,›</span> <span class='ocrx_word' id='word_1_874' title='bbox 2762 5283 2859 5350; x_wconf 80' lang='grc' dir='ltr'><strong>οὑχ</strong></span> <span class='ocrx_word' id='word_1_875' title='bbox 2884 5283 2910 5333; x_wconf 89' lang='lat'><strong>6</strong></span> <span class='ocrx_word' id='word_1_876' title='bbox 2933 5283 3120 5351; x_wconf 83' lang='grc' dir='ltr'>Πατὴρ</span> <span class='ocrx_word' id='word_1_877' title='bbox 3150 5284 3240 5333; x_wconf 71' lang='grc' dir='ltr'>καὶ</span> <span class='ocrx_word' id='word_1_878' title='bbox 3268 5283 3394 5350; x_wconf 76' lang='grc' dir='ltr'>ἐγώ·</span> <span class='ocrx_word' id='word_1_879' title='bbox 3425 5284 3516 5336; x_wconf 77' lang='grc' dir='ltr'>καὶ</span> <span class='ocrx_word' id='word_1_880' title='bbox 3543 5285 3724 5348; x_wconf 80' lang='grc' dir='ltr'>δείξας</span> 
     </span>
    </p>
   </div>
   <div class='ocr_carea' id='block_1_111' title="bbox 2157 5369 3722 5444">
    <p class='ocr_par' dir='ltr' id='par_1_111' title="bbox 2157 5369 3722 5444">
     <span class='ocr_line' id='line_1_111' title="bbox 2157 5369 3722 5444; baseline 0.006 -27"><span class='ocrx_word' id='word_1_881' title='bbox 2157 5369 2254 5436; x_wconf 78' lang='grc' dir='ltr'><strong>τὴν</strong></span> <span class='ocrx_word' id='word_1_882' title='bbox 2281 5369 2386 5420; x_wconf 82' lang='grc' dir='ltr'><strong>τῶν</strong></span> <span class='ocrx_word' id='word_1_883' title='bbox 2419 5371 2722 5440; x_wconf 82' lang='grc' dir='ltr'>προσώπων</span> <span class='ocrx_word' id='word_1_884' title='bbox 2749 5373 2933 5433; x_wconf 87' lang='grc' dir='ltr'>δυάδα,</span> <span class='ocrx_word' id='word_1_885' title='bbox 2968 5373 3198 5442; x_wconf 79' lang='grc' dir='ltr'>ἐκήρυξε</span> <span class='ocrx_word' id='word_1_886' title='bbox 3240 5375 3336 5443; x_wconf 83' lang='grc' dir='ltr'><strong>τὴν</strong></span> <span class='ocrx_word' id='word_1_887' title='bbox 3383 5375 3480 5444; x_wconf 76' lang='grc' dir='ltr'>τῆς</span> <span class='ocrx_word' id='word_1_888' title='bbox 3508 5375 3722 5442; x_wconf 76' lang='grc' dir='ltr'>φύσεως</span> 
     </span>
    </p>
   </div>
   <div class='ocr_carea' id='block_1_112' title="bbox 2154 5460 3723 5534">
    <p class='ocr_par' dir='ltr' id='par_1_112' title="bbox 2154 5460 3723 5534">
     <span class='ocr_line' id='line_1_112' title="bbox 2154 5460 3723 5534; baseline 0.022 -26"><span class='ocrx_word' id='word_1_889' title='bbox 2154 5460 2476 5528; x_wconf 71' lang='grc' dir='ltr'>ταυτότῃτα.</span> <span class='ocrx_word' id='word_1_890' title='bbox 2517 5461 2605 5529; x_wconf 79' lang='grc' dir='ltr'><strong>Τῷ</strong></span> <span class='ocrx_word' id='word_1_891' title='bbox 2647 5462 2752 5533; x_wconf 77' lang='grc' dir='ltr'>γὰρ</span> <span class='ocrx_word' id='word_1_892' title='bbox 2799 5465 2970 5515; x_wconf 80' lang='grc' dir='ltr'>εἰπεῖν</span> <span class='ocrx_word' id='word_1_893' title='bbox 3009 5462 3149 5529; x_wconf 77' lang='grc' dir='ltr'><strong>Ἐγὼ</strong></span> <span class='ocrx_word' id='word_1_894' title='bbox 3197 5463 3285 5516; x_wconf 72' lang='grc' dir='ltr'><strong>καὶ</strong></span> <span class='ocrx_word' id='word_1_895' title='bbox 3330 5464 3358 5514; x_wconf 82' lang='grc' dir='ltr'>ὁ</span> <span class='ocrx_word' id='word_1_896' title='bbox 3389 5464 3596 5534; x_wconf 74' lang='grc' dir='ltr'>ιιατὴρν</span> <span class='ocrx_word' id='word_1_897' title='bbox 3631 5465 3723 5516; x_wconf 82' lang='grc' dir='ltr'><strong>τδν</strong></span> 
     </span>
    </p>
   </div>
   <div class='ocr_carea' id='block_1_113' title="bbox 2153 5550 3720 5624">
    <p class='ocr_par' dir='ltr' id='par_1_113' title="bbox 2153 5550 3720 5624">
     <span class='ocr_line' id='line_1_113' title="bbox 2153 5550 3720 5624; baseline 0.005 -24"><span class='ocrx_word' id='word_1_898' title='bbox 2153 5550 2385 5618; x_wconf 74' lang='grc' dir='ltr'>ἀριθμὸν</span> <span class='ocrx_word' id='word_1_899' title='bbox 2414 5551 2521 5602; x_wconf 85' lang='grc' dir='ltr'><strong>τῶν</strong></span> <span class='ocrx_word' id='word_1_900' title='bbox 2547 5552 2892 5606; x_wconf 81' lang='grc' dir='ltr'>ὑποστάσεων</span> <span class='ocrx_word' id='word_1_901' title='bbox 2918 5555 3154 5624; x_wconf 79' lang='grc' dir='ltr'>ὲσήμανε</span> <span class='ocrx_word' id='word_1_902' title='bbox 3175 5572 3186 5584; x_wconf 90' lang='grc'><strong>·</strong></span> <span class='ocrx_word' id='word_1_903' title='bbox 3225 5556 3285 5607; x_wconf 81' lang='grc' dir='ltr'><strong>τὸ</strong></span> <span class='ocrx_word' id='word_1_904' title='bbox 3313 5556 3367 5608; x_wconf 76' lang='grc' dir='ltr'><strong>δὲ</strong></span> <span class='ocrx_word' id='word_1_905' title='bbox 3400 5557 3720 5624; x_wconf 73' lang='grc' dir='ltr'>ἐπαγαγεῖν,</span> 
     </span>
    </p>
   </div>
   <div class='ocr_carea' id='block_1_114' title="bbox 2167 5637 3720 5714">
    <p class='ocr_par' dir='ltr' id='par_1_114' title="bbox 2167 5637 3720 5714">
     <span class='ocr_line' id='line_1_114' title="bbox 2167 5637 3720 5714; baseline 0.006 -28"><span class='ocrx_word' id='word_1_906' title='bbox 2167 5638 2363 5706; x_wconf 75' lang='grc' dir='ltr'>«ἐσμὲν</span> <span class='ocrx_word' id='word_1_907' title='bbox 2381 5637 2458 5702; x_wconf 84' lang='grc' dir='ltr'>ἓν,</span> <span class='ocrx_word' id='word_1_908' title='bbox 2474 5639 2556 5692; x_wconf 78' lang='grc' dir='ltr'>»τὸ</span> <span class='ocrx_word' id='word_1_909' title='bbox 2583 5640 2682 5710; x_wconf 75' lang='grc' dir='ltr'>τῆς</span> <span class='ocrx_word' id='word_1_910' title='bbox 2707 5641 2986 5710; x_wconf 83' lang='grc' dir='ltr'>δυνάμεως</span> <span class='ocrx_word' id='word_1_911' title='bbox 3003 5643 3268 5713; x_wconf 73' lang='grc' dir='ltr'>ἐδήλωσεν</span> <span class='ocrx_word' id='word_1_912' title='bbox 3283 5643 3720 5714; x_wconf 79' lang='grc' dir='ltr'>ἀπαράλλακτον·</span> 
     </span>
    </p>
   </div>
  </div>
