4036 6336
542 534 671 591 illi?

1522 525 1573 578 S.
1618 522 1883 577 CYRILLI
1922 521 2385 577 ALEXANDRINI
2424 518 2742 575 ARClllEP.

3636 496 3799 572 ειδέ

542 655 605 701 tle
666 644 870 712 tneipso
912 649 1100 701 testor,
1147 634 1511 690 testimonium
1552 648 1728 686 meum
1768 647 1950 687 verum
1995 642 2099 698 est,

2223 632 2332 698 περὶ
2380 628 2615 699 ἐμαυτοῦ
2670 627 2953 698 μαρτυρῶ,
3009 627 3042 696 ἡ
3094 626 3366 697 μαρτυρία
3416 642 3520 695 μου
3571 626 3771 698 ἀληθής

540 738 665 808 quia
697 736 839 789 solus
873 744 975 784 non
1007 743 1145 790 sunt,
1188 727 1283 780 scd
1312 739 1413 794 ego
1456 733 1509 778 et
1538 725 1627 791 qui
1674 724 1821 777 tnisit
1866 736 1950 775 tne
1995 721 2098 777 Pa-

545 840 643 881 ter.
696 824 749 877 In
782 830 960 875 vestra
1003 831 1218 885 quoque
1250 815 1365 883 lege
1414 814 1672 881 scriptum
1709 822 1819 879 est,
1871 812 2101 865 duorum

546 913 819 971 hominum
871 907 1258 967 testimonium,
1290 918 1472 957 verum
1508 902 1764 971 jndicari.
1818 900 1957 954 Ecce
2001 912 2103 967 Ego

542 1010 607 1058 dc
632 1020 714 1057 me
745 1011 941 1061 testor,
973 1009 1231 1064 meusque
1266 992 1425 1048 simul
1458 993 1522 1045 de
1549 1007 1654 1056 me,
1688 990 1778 1060 qui
1810 1004 1897 1043 me
1935 989 2102 1051 misit,

547 1098 702 1150 Pater
728 1102 973 1146 testatur.
1014 1088 1269 1141 Dicebant
1305 1096 1435 1151 ergo
1466 1082 1513 1136 ei
1543 1080 1713 1135 Judaai
1751 1099 1763 1134 ;
1805 1097 1823 1130 ι
1870 1077 2101 1133 Ubinam

544 1199 626 1244 est
672 1187 829 1242 Pater
877 1180 1037 1237 tuus?
1082 1175 1381 1246 Respondit
1424 1173 1503 1227 eis
1549 1172 1705 1227 Jesus
1738 1188 1750 1224 :
1786 1169 1971 1238 Neque
2017 1184 2105 1223 me

550 1282 724 1342 scitis,
756 1290 927 1344 neque
956 1273 1167 1325 Patrem
1191 1281 1388 1321 meum.
1424 1264 1481 1318 Si
1511 1276 1598 1316 me
1629 1261 1863 1329 sciretis,
1888 1260 2104 1313 Patrem

546 1383 757 1441 quoque
793 1377 969 1418 meum
999 1359 1214 1413 sciretis
1244 1356 1311 1407 ".
1359 1373 1377 1406 ι
1423 1353 1609 1422 Papa?!
1648 1358 1849 1421 quanta
1878 1360 1961 1405 est
1999 1350 2107 1403 liae-

546 1439 838 1515 reticorum
876 1449 1119 1506 insania!
1154 1454 1355 1516 quanto
1387 1443 1637 1499 laborant
1679 1452 1898 1511 stupore
1931 1440 1984 1495 bi
2014 1439 2106 1511 qui

546 1549 657 1603 Arii
710 1542 1064 1610 Eunomiiqne
1117 1536 1465 1605 blasphemia:
1508 1546 1635 1591 sunt
1670 1534 1948 1589 heredes!
1999 1531 2106 1586 Sed

547 1651 737 1709 praeter
787 1636 1093 1695 insaniam,
1140 1630 1365 1685 multam
1406 1642 1618 1697 quoque
1658 1626 1842 1681 videre
1884 1625 2006 1679 licet
2053 1623 2105 1676 in

550 1730 678 1798 ipsis
711 1727 973 1795 vigentem
1016 1718 1401 1789 impudentiam
1438 1732 1450 1767 :
1490 1730 1611 1769 nam
1657 1715 1967 1768 missionem
2013 1724 2107 1765 sus

549 1823 721 1887 deque
749 1818 1193 1871 commemorant,
1224 1816 1278 1861 et
1314 1807 1613 1859 mittentem
1657 1804 1913 1873 majorem
1942 1802 2107 1856 misso

548 1922 667 1964 esse
691 1907 897 1961 dicunt.
931 1902 1105 1956 Tanta
1151 1899 1255 1953 illis
1287 1898 1428 1952 inest
1467 1895 1768 1965 ignorantia
1798 1894 2106 1963 Scriptura-

2208 726 2372 786 ἐστιν,
2403 723 2483 774 ὅτι
2700 720 2801 772 οὐκ
2824 718 2959 788 εἰμὶ,
2990 718 3104 771 ἀλλ’
3137 718 3245 786 ἐγὼ
3277 718 3371 771 καὶ
3404 720 3431 770 6
3458 718 3679 787 πέμψας
3711 736 3772 787 με

2209 817 2396 886 Πατήρ
2419 834 2431 846 ο
2457 815 2549 867 καὶ
2576 814 2633 865 ιν
2658 812 2737 882 τῷ
2768 812 2913 881 νόμῳ
2942 810 2998 863 δὲ
3020 810 3096 879 τῷ
3125 810 3375 880 ὑμετέρῳ
3395 812 3774 879 γεγραμμένον

2208 907 2373 969 ἐστὶν,
2413 906 2493 957 ὅτι
2529 905 2621 956 δύο
2660 902 2959 973 ἀνθρώπων
2992 903 3024 970 ή
3068 901 3341 971 μαρτυρία
3372 901 3576 969 ἀληθής
3608 903 3769 952 ἐστιν.

2223 997 2361 1065 Ἐγώ
2388 998 2502 1066 είμι
2532 998 2560 1047 6
2593 995 2887 1066 μαρτυρῶν
2924 994 3052 1063 περὶ
3093 993 3351 1062 ἐμαυτοῦ,
3381 993 3475 1045 καὶ
3515 995 3776 1062 μαρτυρεῖ

2210 1089 2336 1159 περὶ
2368 1087 2502 1157 ὲμοῦ
2541 1089 2568 1139 6
2598 1087 2817 1156 πέμψας
2854 1103 2921 1156 με
2952 1084 3398 1154 Πατήρ.Ἔλεγον
3430 1078 3523 1136 06v
3554 1082 3702 1150 αὐτῷ
3728 1083 3775 1134 οἱ

2225 1178 2639 1233 Ἰουδαῖοι·ι11οῦ
2668 1178 2816 1231 ἐστιν
2844 1179 2873 1230 6
2899 1178 3085 1247 Πατήρ
3116 1193 3242 1242 σου;
3274 1174 3569 1244 ’Δπεκρίθη
3599 1177 3777 1236 16:05;

2209 1274 2237 1324 6
2288 1270 2511 1341 Ἰησοῦς·
2542 1268 2679 1323 Οὔτε
2705 1268 2806 1339 ἐμὲ
2836 1270 3028 1332 οἴδατε,
3057 1267 3178 1319 οὔτε
3205 1266 3298 1319 τὸν
3329 1266 3545 1334 Πατέρα
3574 1284 3674 1333 μου
3693 1283 3707 1295 ·
3733 1267 3778 1317 εί

2211 1362 2310 1432 ἐμὲ
2343 1362 2538 1426 οἴδατε,
2571 1362 2665 1414 καὶ
2692 1360 2781 1415 τὸν
2810 1362 3028 1431 Πατέρα
3054 1360 3230 1429 ᾔδειτε
3259 1358 3323 1412 ἀν
3343 1375 3357 1389 ο
3388 1376 3407 1409 ι
3442 1357 3605 1426 βαϐαὶ
3640 1358 3777 1426 πόση

2211 1453 2315 1505 τῶν
2348 1452 2639 1522 αἱρετικῶν
2681 1454 2713 1521 ὴ
2756 1450 3135 1522 παραπληξίαι
3184 1449 3355 1518 πόσην
3389 1448 3633 1501 νοσοῦσιν
3678 1450 3780 1516 ἐμ-

2212 1542 2533 1614 εροντησίαν
2558 1543 2607 1595 οἱ
2632 1542 2731 1611 τῆς
2765 1542 2973 1613 Ἀρείου
3001 1542 3094 1594 καὶ
3140 1541 3403 1609 Εὑνομίου
3436 1540 3781 1609 βλασφημίας

2214 1634 2571 1705 κληρονόμοιι
2628 1634 2765 1705 πρὸς
2814 1638 2881 1705 τῇ
2934 1633 3319 1704 παραπληξία,
3376 1632 3576 1702 πολλὴν
3637 1633 3783 1685 ἔστιν

2217 1728 2341 1781 [δεῖν
2389 1730 2445 1779 ὲν
2491 1728 2675 1789 αὐτοῖς
2706 1724 3042 1779 ἐπανθοῦσαν
3081 1723 3492 1792 ἀναισχυντίαν
3530 1724 3630 1791 τῆς
3677 1723 3785 1794 γάρ

2212 1820 2512 1889 ἀποστολῆς
2541 1818 2653 1871 ἀνω
2674 1818 2767 1869 καὶ
2795 1816 2945 1869 κάτω
2975 1814 3389 1885 μνημονεύουσι,
3422 1813 3513 1864 καὶ
3544 1812 3632 1864 τὸν
3653 1814 3785 1865 ἀπο-

2216 1911 2495 1964 στείλαντα
2526 1909 2618 1963 τοῦ
2650 1908 3041 1970 ἀποσταλέντος
3068 1907 3229 1976 φασὶν
3261 1903 3397 1961 εἶναι
3426 1904 3749 1977 τιμιώτερον
3768 1925 3784 1939 -

551 1998 697 2052 rum!
750 1994 935 2063 Neque
968 1997 1219 2059 reputant
1258 1987 1399 2057 quod
1446 1986 1513 2039 ab
1553 1986 1738 2039 lsasco
1784 1982 2017 2038 Iacobus
2057 1983 2110 2037 in

2223 2002 2479 2074 τοσαύτην
2505 2002 2718 2072 ἔχουσιν
2748 1999 2985 2069 ἀμαθίαν
3010 1998 3116 2050 τῶν
3143 1998 3369 2068 Γραφῶν
3391 2018 3406 2033 ·
3440 2003 3531 2053 καὶ
3554 2003 3615 2053 οὐ
3645 2001 3785 2068 λογί·

552 2086 990 2157 Mesopotamiam
1017 2084 1233 2144 missus,
1272 2094 1376 2133 non
1406 2078 1637 2141 idcirco,
1670 2077 1735 2130 ad
1772 2074 1988 2145 693m
2019 2089 2116 2128 na-

554 2193 728 2235 turam
762 2177 904 2247 quod
948 2174 1159 2236 attinet,
1197 2173 1375 2225 minor
1418 2179 1503 2224 est
1542 2170 1804 2222 mittente.
1847 2165 2023 2235 A'une
2064 2174 2119 2218 et

551 2273 816 2342 Iosephus
845 2272 1044 2323 missus
1084 2284 1113 2321 a
1154 2266 1355 2322 Jacobo
1400 2265 1498 2319 fuit
1533 2263 1599 2316 ad
1647 2261 1840 2314 fratres
1884 2273 2010 2313 suos
2041 2258 2120 2312 in-

558 2364 893 2435 spiciendos,
946 2372 1124 2426 neque
1172 2369 1350 2411 tamen
1394 2355 1679 2425 quisquam
1728 2349 1927 2405 dixerit
1975 2349 2115 2402 hunc

560 2458 726 2527 patris
774 2462 976 2507 natura:
1020 2465 1124 2505 non
1185 2448 1349 2503 fuisse
1400 2446 1750 2517 participem,
1802 2440 1927 2510 quia
1976 2441 2115 2509 patri

555 2549 935 2615 obtemperans
969 2541 1280 2595 missionem
1316 2536 1676 2607 peragendam
1712 2530 1971 2599 suscepit.

625 2784 730 2839 Sed
768 2783 917 2837 aiunt
952 2777 1222 2831 fortasse:
1264 2770 1486 2825 Etiamsi
1519 2776 1725 2821 naturae
1766 2764 1973 2817 ratione
2010 2776 2114 2814 non

556 2880 767 2932 fuerunt
798 2872 849 2926 lti
881 2870 1159 2924 mittentes
1189 2862 1419 2931 majores
1444 2859 1643 2922 missis,
1670 2867 1725 2911 at
1754 2865 1974 2927 paterna
2012 2853 2118 2907 sal—

556 2982 661 3026 tent
696 2966 957 3036 dignitate
1003 2960 1291 3031 primatum
1351 2952 1579 3010 honoris
1636 2951 1908 3005 tenebant.
1954 2946 2117 3015 Atqui

558 3077 653 3116 nos
684 3056 1064 3126 comperimus,
1102 3064 1135 3105 o
1164 3046 1338 3102 insani
1371 3044 1488 3115 (vos
1514 3043 1656 3097 enim
1696 3040 2013 3095 nominatim
2044 3037 2120 3090 al-

558 3150 794 3221 loquor),
825 3144 1056 3213 majores
1090 3151 1301 3209 quoque
1327 3152 1358 3189 a
1383 3134 1681 3189 minoribus
1716 3132 1928 3194 missos,
1946 3141 2119 3221 neque

560 3215 760 3297 idcirco
809 3232 1025 3304 proprio
1069 3230 1274 3283 honore
1321 3225 1515 3278 missos
1564 3220 1937 3291 spoliabimns.
1980 3215 2116 3269 Nam

2218 2094 2397 2158 ζονται
2428 2094 2503 2155 ὡς
2541 2092 2644 2145 61:6
2670 2091 2763 2143 τοῦ
2808 2090 2990 2143 Ἰσαὰκ
3014 2091 3042 2141 6
3078 2088 3269 2141 Ἰακὼϐ
3304 2092 3382 2152 είς
3414 2091 3510 2160 τὴν
3537 2092 3787 2145 Μεσοπο-

2216 2186 2415 2255 ταμίαν
2449 2184 2874 2253 ἀπεσταλμένος,
2896 2183 2954 2234 06
2988 2181 3094 2251 μὴν
3120 2180 3206 2233 διὰ
3227 2180 3384 2234 τοῐτο
3406 2182 3645 2235 ἐλάττων
3671 2182 3789 2236 ἔστι

2216 2278 2309 2330 τοῦ
2342 2277 2761 2337 ἀποστείλαντος
2792 2274 2932 2327 κατά
2971 2273 3061 2324 τὸν
3096 2272 3248 2339 λόγον
3272 2272 3373 2339 τῆς
3406 2272 3649 2340 φύσεως·
3677 2275 3785 2326 ὠσ-

2216 2370 2391 2430 αύτως
2418 2368 2471 2419 δὲ
2506 2369 2597 2419 καὶ
2634 2368 2830 2437 Ἰωσὴφ
2876 2367 3153 2435 ἀπεστάλη
3199 2367 3299 2435 μὲν
3328 2366 3433 2419 61:6
3467 2366 3559 2418 τοῦ
3594 2367 3787 2419 Ἰακὼϐ

2216 2458 2608 2525 ἐπισκέψασθαι
2658 2458 2782 2521 τοὺς
2828 2457 3087 2525 ἀδελφοὺς
3132 2454 3320 2520 αὐτοῦ,
3356 2458 3448 2509 καὶ
3497 2458 3676 2520 οὐδεὶς
3719 2458 3788 2510 ἄν

2217 2552 2347 2621 φαίη
2390 2552 2487 2620 τῆς
2531 2549 2623 2602 τοῦ
2661 2550 2863 2619 πατρὸς
2909 2549 3120 2614 φύσεως
3170 2550 3245 2619 μὴ
3293 2548 3561 2619 μετέχειν,
3596 2549 3789 2619 ἐπειδὴ

2148 2654 2151 2661 ³
2216 2643 2291 2713 τῷ
2324 2645 2488 2713 πατρὶ
2516 2642 2831 2710 πειθόμενος
2862 2641 2959 2710 τὴν
2980 2639 3275 2711 ἀποστολὴν
3310 2640 3650 2703 κατεδέξατο.

2302 2779 2461 2831 Ἀλλά
2490 2796 2650 2846 φασιν
2683 2776 2839 2839 ἴσως·
2872 2777 2933 2828 Εί
2968 2776 3041 2846 μὴ
3068 2775 3207 2828 κατά
3239 2776 3329 2827 τὸν
3359 2776 3512 2843 λόγον
3540 2777 3639 2845 τῆς
3680 2776 3785 2843 φύ-

2222 2886 2357 2932 σεως
2392 2869 2605 2938 μείζους
2635 2866 2864 2919 ἐνταῦθα
2894 2866 2999 2918 τῶν
3032 2865 3439 2917 ἀποσταλέντων
3461 2868 3506 2917 οἱ
3531 2865 3787 2919 ἀποστεί-

2220 2962 2428 3024 λαντες,
2467 2958 2605 3011 κατά
2651 2958 2711 3009 τὸ
2743 2957 3005 3027 πατρικὴν
3052 2956 3180 3021 γοῦν
3223 2956 3437 3025 ἀξίωμα
3475 2956 3656 3024 ἔχουσι
3688 2958 3790 3027 τῆς

2219 3051 2383 3121 τιμῆς
2433 3050 2501 3100 τὰ
2558 3048 2837 3116 πρεσϐεία.
2894 3047 3029 3098 Ἀλλ’
3064 3046 3409 3117 εὑρίσκομεν,
3461 3041 3507 3100 ὦ
3550 3048 3790 3116 ἀνόητοι,

2219 3140 2383 3209 φαίην
2432 3139 2496 3191 ἂν
2544 3137 2679 3207 πρὸς
2726 3138 2940 3199 αὐτοὺς,
2975 3135 3070 3188 καὶ
3112 3136 3236 3198 τοὺς
3285 3136 3501 3205 μείζους
3531 3137 3634 3187 61:6
3681 3137 3793 3189 τῶν

2218 3228 2511 3282 ἐλαττόνων
2556 3227 2980 3291 ἀποσταλέντας,
3009 3227 3102 3279 καὶ
3132 3226 3250 3297 οὐχὶ
3278 3226 3367 3279 διά
3395 3226 3554 3279 τοῦτο
3578 3228 3679 3296 τῆς
3708 3228 3791 3278 ol-

559 3331 753 3385 missus
781 3326 880 3379 fuit
906 3338 935 3377 a
973 3320 1177 3376 Davide
1217 3315 1479 3371 Jonatbas
1503 3356 1517 3381 ,
1563 3314 1705 3379 regis
1749 3311 1888 3365 filius
1922 3324 1951 3362 a
1984 3322 2113 3376 pro—

2223 3321 2370 3381 κείας
2425 3319 2587 3389 τιμῆς
2640 3320 2765 3380 τοὺς
2807 3317 3208 3379 ἀποσταλέντας
3240 3316 3629 3388 γυμνώσομεν·
3685 3317 3798 3370 ἀπ·

559 3422 705 3487 fugo,
737 3422 1097 3485 conregnator
1131 3408 1300 3480 patris
1335 3406 1401 3460 ah
1432 3420 1497 3460 eo
1530 3404 1622 3473 qui
1653 3417 1719 3456 ne
1750 3402 1803 3454 in
1832 3414 2114 3456 servorum

557 3512 772 3583 quidem
809 3506 996 3562 ordine
1033 3512 1291 3571 apparere
1332 3495 1581 3550 audebat.
1630 3492 1896 3559 Quoniam
1939 3492 2120 3559 itaque

560 3582 651 3661 ille
684 3600 899 3671 quidem
942 3594 1117 3657 misit,
1151 3590 1238 3645 hic
1281 3597 1459 3642 autem
1501 3585 1698 3639 missus
1734 3595 1848 3647 est;
1882 3583 1996 3652 jam
2026 3582 2120 3652 qui

560 3697 761 3751 missus
811 3692 932 3753 fuit,
970 3701 1060 3741 rex
1112 3697 1217 3738 non
1274 3679 1399 3745 erit,
1434 3686 1492 3733 ut
1535 3692 1630 3732 vos
1684 3675 2120 3740 ratiocinamini;

562 3800 737 3856 neque
766 3784 856 3852 qui
890 3778 1059 3842 misit,
1093 3774 1386 3844 profugus;
1423 3770 1518 3826 sed
1550 3770 1605 3823 in
1637 3769 1937 3822 mittentem
1961 3767 2121 3820 Davi-

563 3881 708 3942 tlem,
736 3872 885 3929 missi
926 3868 1159 3940 dignitas
1204 3862 1458 3918 transiit:
1514 3860 1855 3927 vicissimque
1900 3860 1951 3912 in
1986 3859 2122 3911 mis-

563 3984 680 4023 sum
707 3964 1011 4024 Ionatham,
1051 3955 1315 4011 mittentis
1343 3950 1640 4007 calamitas.
1690 3950 1897 4003 ltevera
1943 3958 2122 4003 tamen

564 4060 704 4117 haud
736 4060 850 4113 haec
878 4054 949 4109 ita
984 4066 1040 4106 se
1078 4048 1297 4103 habent.
1341 4042 1447 4097 Sed
1481 4056 1579 4096 cur
1610 4040 1841 4093 humana
1881 4053 2122 4093 comme-

565 4145 879 4206 moramus?
928 4138 1302 4209 Comperimus
1354 4132 1498 4187 enini
1550 4130 1717 4185 Deum
1766 4131 2026 4194 missum,
2072 4139 2129 4184 et

566 4238 835 4296 hominem
875 4232 1199 4287 mittentem.
1225 4221 1360 4276 Nam
1397 4220 1485 4289 qui
1517 4234 1637 4274 eum
1664 4217 1863 4273 Jacobo
1897 4219 2126 4273 luctatus

564 4333 758 4391 fuerat,
798 4343 816 4377 t
852 4324 1001 4378 Mitte
1030 4334 1135 4383 me,
1158 4315 1359 4385 inquit,
1401 4326 1631 4380 namque
1663 4325 1856 4364 aurora
1897 4325 2126 4364 consur-

564 4426 657 4495 git.
705 4441 718 4470 ι
749 4419 841 4475 Cui
870 4414 1100 4471 Jacohus
1132 4410 1207 4463 ait
1243 4428 1254 4461 .-
1293 4427 1309 4458 t
1345 4404 1459 4460 Non
1498 4414 1549 4459 te
1581 4403 1866 4464 dimittant,
1898 4403 2001 4457 nisi
2034 4404 2127 4456 be-

566 4494 836 4569 nedixeris
866 4506 996 4560 mihi
1024 4505 1092 4557 ³³.
1130 4520 1147 4552 ι
1184 4500 1321 4565 Quid
1351 4499 1550 4552 habent
1576 4494 1717 4564 quod
1744 4494 1827 4548 bis
1856 4502 2127 4562 opponant

566 4605 831 4671 sapientes
876 4597 963 4651 isti
992 4603 1045 4648 et
1087 4589 1366 4645 artiﬁciosi
1405 4586 1525 4641 ﬁdei
1576 4583 1863 4639 doctores?
1897 4583 2122 4636 Aliunde

2221 3411 2416 3480 εστάλη
2447 3412 2553 3479 γὰρ
2588 3410 2691 3462 61:6
2720 3408 2814 3462 :06
2848 3410 3009 3463 Δαϐὶδ
3042 3409 3315 3474 Ἰωνάθας,
3344 3412 3372 3462 6
3398 3410 3489 3462 τοῦ
3521 3408 3795 3478 βασιλέως

2224 3503 2336 3566 υίὸς
2361 3503 2464 3555 ὑπὸ
2492 3501 2581 3555 τοῦ
2612 3502 2867 3569 φυγάδος,
2897 3503 2925 3552 6
2943 3501 3021 3570 τῷ
3055 3501 3220 3571 πατρὶ
3247 3500 3661 3570 συμϐασιλεύων
3687 3501 3797 3553 ὑπὸ

2222 3592 2315 3645 :06
2348 3592 2479 3663 μηδὲ
2506 3595 2561 3645 ὲν
2582 3592 2791 3644 οἰκέτου
2812 3591 2963 3654 τάξει
2986 3591 3215 3659 φανῆναι
3240 3591 3545 3660 τολμῶντος
3567 3611 3579 3623 ·
3604 3592 3795 3662 ἐπειδὴ

2224 3682 2423 3747 τοίνυν,
2458 3682 2485 3733 6
2519 3681 2616 3751 μὲν
2645 3679 2978 3745 ἀπέστειλεν,
3004 3680 3031 3730 6
3061 3679 3115 3731 δὲ
3141 3678 3438 3748 ἀπεστάλη,
3474 3681 3656 3733 οὐκέτι
3694 3683 3794 3751 μὲν

2224 3774 2251 3823 6
2280 3770 2544 3839 πεμφθεὶς
2577 3768 2829 3838 βασιλεὺς
2858 3768 2994 3820 κατὰ
3016 3768 3104 3820 τὸν
3131 3768 3392 3839 ὑμέτερον
3417 3770 3592 3837 λόγον,
3610 3772 3796 3825 οὐκέτι

2223 3860 2278 3912 δὲ
2305 3863 2332 3913 6
2358 3859 2680 3921 ἀποστείλας
2702 3859 2876 3927 φυγάς
2895 3877 2909 3890 ·
2932 3858 3068 3911 ἀλλά
3094 3858 3433 3929 μεταϐέϐηκε
3461 3861 3559 3930 μὲν
3586 3862 3677 3914 ἐπὶ
3702 3863 3797 3915 τὸν

2226 3948 2618 4001 ἀποστείλαντα
2646 3946 2810 3999 Δαϐὶδ
2842 3946 2903 3998 τὸ
2930 3945 3037 3999 τοῦ,
3051 3945 3391 4013 πεμφθέντος
3421 3947 3635 4017 ἀξίωμα,
3654 3966 3668 3978 -
3700 3966 3800 4017 με-

2224 4037 2494 4107 ταϐέϐηκε
2519 4036 2575 4089 δὲ
2599 4036 2689 4088 ἐπὶ
2709 4036 2798 4089 τὸν
2822 4036 3191 4089 ἀποσταλέντα
3215 4036 3359 4108 [c0d.
3380 4039 3799 4113 ἀποστείλαντα]

2239 4126 2490 4179 Ἰωνάθαν
2519 4129 2550 4195 ἡ
2585 4125 2676 4177 τοῦ
2708 4125 3020 4195 πέμψαντος
3044 4125 3335 4196 δυσκηρία’
3371 4128 3485 4181 ἀλλ’
3514 4130 3612 4198 οὐχ
3652 4130 3802 4185 οὕτω

2226 4219 2376 4272 ταῦτ’
2406 4218 2533 4286 ἔχει.
2558 4219 2665 4270 Καὶ
2685 4219 2736 4270 τί
2762 4218 2843 4270 δεῖ
2867 4217 3041 4285 λέγειν
3070 4218 3135 4271 τὰ
3150 4219 3493 4289 ἀνθρωπίνας
3526 4222 3798 4292 Εὐρίσκοο

2231 4328 2329 4379 μεν
2367 4312 2472 4380 γὰρ
2504 4309 2634 4362 θεὸν
2662 4310 3052 4373 ἀποσταλέντα,
3090 4310 3180 4362 καὶ
3223 4310 3505 4381 ἄνθρωπον
3546 4314 3800 4365 ἀποστεί-

2227 4402 2391 4455 λαντα
2410 4420 2421 4431 ·
2458 4406 2485 4454 6
2505 4402 2611 4472 γάρ
2630 4402 2707 4472 τῷ
2738 4402 2932 4455 Ἰακὼϐ
2966 4403 3365 4471 ωμπαλαίσας,
3390 4403 3572 4472 φησίνσ
3603 4423 3621 4455 t
3646 4405 3803 4458 Ἀπό-

2230 4496 2433 4547 στειλόν
2485 4510 2573 4563 με·
2610 4494 2773 4563 ἀνέϐη
2827 4494 2935 4562 γάρ
2977 4494 3003 4544 6
3051 4493 3277 4564 ὄρθρος·
3331 4496 3465 4564 πρὸς
3510 4496 3568 4547 ὃν
3604 4496 3801 4549 Ἰακὼϐ

2229 4589 2360 4658 ἔφη·
2393 4590 2464 4641 O6
2505 4590 2576 4659 μή
2608 4606 2667 4640 σε
2694 4588 2995 4641 ἀποστείλω
3019 4586 3111 4639 saw
3144 4588 3215 4657 μή
3264 4604 3329 4655 με
3372 4588 3697 4657 εὐλογήσῃς·
3746 4590 3801 4641 τί

568 4708 695 4747 vero
748 4706 812 4743 ex
882 4683 1180 4739 Dominicis
1246 4693 1458 4748 quoque
1514 4690 1904 4745 cognoscemus
1950 4673 2117 4728 verbis

2236 4682 2367 4749 πρὸς
2393 4680 2562 4732 ταῦτα
2587 4680 2763 4745 λέγειν
2797 4678 3007 4747 ἔχουσιν
3049 4678 3097 4728 οἱ
3139 4676 3291 4743 σοφοὶ
3322 4676 3417 4745 τῆς
3447 4676 3681 4738 πίστεως
3708 4694 3802 4728 τεο

569 4790 740 4855 ipsum
781 4794 991 4850 quoque
1028 4778 1325 4829 mittentem
1362 4770 1575 4823 Patrem
1624 4767 1789 4821 misso
1832 4781 1953 4820 cum
1990 4764 2126 4818 Filio

568 4874 1004 4928 coexsistentem.
1050 4883 1069 4915 t
1104 4865 1259 4919 Solus
1292 4861 1455 4924 enim,
1495 4860 1689 4927 inquit,
1726 4872 1828 4911 non
1855 4872 1997 4920 sum,
2033 4856 2127 4911 sed

568 4979 665 5032 ego
699 4971 753 5013 et
780 4960 869 5028 qui
910 4956 1053 5011 misit
1086 4968 1168 5007 tne
1198 4951 1355 5005 Pater
1377 4950 1441 5002 ³³.
1484 4969 1501 4999 ι
1537 4948 1601 5000 Et
1632 4948 1738 5002 alio
1766 4948 1880 5000 loco
1908 4963 1919 4997 :
1956 4965 1975 4998 t
2011 4947 2125 4998 Non

572 5053 785 5119 reliquit
824 5064 907 5103 me
943 5047 1113 5101 solum
1145 5043 1305 5097 Pater
1365 5056 1512 5095 meus
1534 5041 1597 5093 ".
1630 5060 1647 5091 ι
1681 5038 1747 5091 Ει
1778 5039 1901 5092 alibi
1930 5053 1943 5087 :
1980 5058 1996 5089 t
2026 5036 2130 5090 Pa-

571 5157 649 5199 ter
696 5156 844 5195 meus
894 5141 944 5192 in
986 5152 1069 5191 me
1106 5147 1350 5195 manens,
1403 5133 1514 5201 ipse
1558 5144 1718 5199 opera
1756 5128 1972 5183 facit”.
2012 5148 2031 5178 ι
2072 5127 2129 5181 Si

572 5251 699 5305 ergo
748 5236 799 5288 in
855 5234 967 5301 ipso
1004 5241 1055 5284 et
1108 5246 1225 5283 cum
1278 5231 1390 5295 ipso
1430 5236 1547 5281 erat
1580 5226 1672 5294 qui
1715 5225 1880 5290 misit,
1913 5225 2127 5278 ubinam

573 5327 785 5382 vilitas?
816 5325 982 5378 Porro
1010 5321 1100 5391 qui
1126 5321 1303 5373 omnia
1343 5318 1550 5385 implet,
1576 5332 1681 5385 quo
1719 5316 1801 5369 vel
1841 5317 1979 5369 unde
2002 5318 2131 5369 mis-

576 5436 666 5475 sus
694 5418 828 5471 fuit?
866 5417 993 5469 Nam
1035 5413 1218 5467 missio
1245 5412 1345 5464 loci
1395 5412 1741 5463 mulationem
1773 5408 1967 5461 innuit.
2010 5406 2126 5459 Jam

576 5515 621 5565 si
654 5512 829 5563 omnia
864 5508 1023 5559 Pater
1057 5505 1330 5571 Filiusque
1374 5502 1692 5563 continent,
1752 5513 1924 5565 neque
1971 5498 2131 5551 Pater

576 5618 672 5656 cett
703 5608 941 5653 remotus
974 5598 1037 5649 ab
1067 5594 1169 5649 illis
1219 5594 1287 5646 ad
1329 5608 1459 5660 quos
1496 5591 1670 5652 misit,
1711 5589 1901 5641 Filium
1952 5589 2127 5650 misit;

580 5708 749 5762 neque
775 5689 941 5743 Filius
974 5702 1039 5740 ex
1085 5686 1189 5739 alio
1238 5684 1290 5737 in
1338 5682 1497 5736 alium
1538 5678 1753 5751 695m
1795 5680 2005 5732 transiit
2050 5678 2132 5731 lu-

2230 4771 2343 4840 χνο)
2357 4771 2501 4838 όγοι;
2541 4768 2749 4831 Ἀλλως
2773 4768 2828 4819 δὲ
2851 4768 2943 4819 καὶ
2971 4768 3033 4819 ὲκ
3058 4766 3163 4818 τῶν
3197 4756 3539 4817 Δεσποτικῶν
3568 4766 3803 4835 εὑρήσοο

2236 4866 2333 4931 μεν
2368 4862 2623 4930 ῥημάτων
2656 4861 2748 4911 καὶ
2780 4858 2938 4912 αὑτὸν
2983 4858 3072 4910 τὸν
3125 4856 3416 4925 πέμψαντα
3458 4857 3674 4927 Πατέρα
3722 4856 3803 4925 τῷ

2234 4954 2530 5023 πεμφθέντι
2558 4952 2668 5021 Tit?)
2696 4951 2934 5003 συνόνταο
2960 4950 3159 5010 «Μόνος
3185 4948 3310 5017 γὰρ,
3338 4949 3519 5016 φησὶν,
3536 4948 3633 4999 οὐκ
3659 4948 3799 5017 εἰμὶ,

2233 5046 2343 5097 ἀλλ’
2378 5044 2485 5111 ἐγὼ
2532 5043 2626 5095 καί
2676 5043 2703 5093 6
2749 5042 2969 5110 πέμψας
3004 5057 3067 5108 με
3101 5042 3315 5109 Πατήρ·
3351 5058 3369 5089 ι
3403 5039 3495 5090 καὶ
3522 5036 3753 5107 ἀλλαχοῦ
3783 5053 3797 5065 °

2240 5155 2254 5183 ‹
2286 5134 2395 5187 Οὐκ
2430 5133 2605 5201 ἀφῆκέ
2637 5149 2703 5200 με
2731 5132 2889 5199 μόνον
2915 5132 2942 5181 6
2974 5131 3159 5199 Πατήρ
3186 5144 3315 5198 μου”
3347 5147 3363 5177 ι
3399 5129 3491 5179 καὶ
3506 5126 3798 5189 ἑτέρωθενο

2240 5248 2255 5275 ι
2280 5227 2336 5279 Ὀ
2355 5226 2542 5295 Πατήρ
2562 5240 2659 5293 μου
2684 5225 2710 5275 6
2733 5225 2789 5275 ὲν
2810 5222 2931 5292 ἐμοὶ
2954 5221 3145 5289 μένων,
3164 5220 3324 5281 αὐτὸς
3352 5220 3493 5269 ποιεί
3521 5217 3587 5270 τὰ
3607 5219 3761 5285 ἔργα.
3777 5237 3798 5270 s

2235 5318 2295 5370 ΕΞ
2331 5317 2507 5368 τοίνυν
2539 5315 2595 5366 ἐν
2620 5314 2787 5383 αὐτῷ.
2823 5314 2914 5365 καὶ
2950 5314 3043 5365 σὺν
3079 5310 3227 5379 αὐτῷ
3263 5306 3329 5379 ἦν
3358 5312 3386 5361 ὁ
3415 5309 3653 5378 πέμψας.
3701 5309 3804 5361 ποῦ

2234 5407 2326 5460 τοῦ
2364 5404 2699 5475 πεμφθέντος
2731 5406 2763 5474 ἡ
2789 5402 3061 5467 εὑτέλεια;
3093 5403 3120 5452 6
3152 5402 3207 5453 δὲ
3246 5402 3311 5454 τὰ
3354 5403 3525 5453 πάντα
3557 5398 3803 5467 πληρῶν,

2238 5496 2340 5547 1:06
2391 5496 2483 5547 καὶ
2522 5495 2680 5547 πόθεν
2719 5493 3032 5562 ἀπεστάλη;
3156 5492 3262 5561 γὰρ
3314 5490 3603 5559 ἀποστολὴ,
3630 5490 3806 5542 τόπου

2237 5586 2472 5653 ἀλλαγὴν
2504 5585 2826 5636 αἰνίττεται·
2863 5585 2909 5635 εἰ
2940 5583 2996 5634 δὲ
3024 5582 3092 5633 τὰ
3122 5584 3295 5635 πάντα
3329 5581 3515 5649 Πατὴρ
3556 5581 3646 5631 καὶ
3679 5580 3810 5643 Yth;

2242 5678 2500 5747 περιέχει,
2528 5676 2647 5729 06:5
2678 5678 2705 5727 6
2728 5676 2913 5746 Πατὴρ
2938 5676 3012 5739 ὠς
3039 5676 3225 5744 πόρρω
3252 5673 3532 5743 τυγχάνων
3560 5671 3811 5737 ἐκείνων,

653 5892 694 5925 ³¹
727 5888 882 5945 Joan.
918 5902 1028 5952 vm,
1058 5886 1233 5941 14-19.
1313 5882 1354 5913 ³⁸
1386 5881 1517 5939 Gen.
1556 5894 1727 5945 xxxn,
1753 5880 1843 5938 26.
1920 5879 1964 5912 ⁸³
1989 5878 2117 5935 .loan

2223 5892 2299 5947 tu,
2348 5877 2428 5932 lli.
2507 5878 2547 5909 ³⁵
2587 5876 2712 5933 ibid.
2749 5875 2838 5932 29.
2910 5875 2952 5908 ³⁸
2991 5873 3120 5929 Jcan
3185 5889 3291 5940 ειν,
3324 5873 3407 5929 10.
