4036 6336
323 367 463 426 “69

1677 371 1766 427 DE
1802 370 2195 433 TRINITATE.

3463 382 3619 436 “70'

321 480 461 551 πρὸς
491 478 587 544 οὓς
629 480 968 547 ἀπέστειλεν,
1004 483 1218 554 έπεμψε
1262 482 1354 537 τὸν
1384 482 1533 546 Υίὺν,
1561 482 1685 536 οὔτε
1728 484 1757 536 6
1787 482 1912 547 Υίδς

2021 502 2164 543 cum.
2200 489 2462 559 Superest
2494 506 2625 563 ergo
2655 500 2713 546 ut
2754 493 3141 549 existimemus
3177 506 3467 565 assnmpta:
3504 498 3603 552 hu-

323 568 384 635 ἑξ
410 571 599 641 ἑτέρου
637 574 716 636 είς
745 572 932 645 ἕτερον
963 576 1310 645 μεταϐέϐηκε
1346 574 1512 629 τόπον
1534 590 1547 605 ⁸
1579 573 1775 628 οὐκοῦν
1802 575 1914 628 λεί-

324 677 483 715 πεται
507 666 645 715 νοεῖν
669 663 772 733 τῆς
793 665 1197 739 ἀναληφθείσης
1214 668 1633 739 ἁνθρωτοότητος
1660 667 1759 739 τὴν
1780 668 1913 723 ἀπο-

322 754 519 826 στολὴν
554 749 715 809 εἶναι.

406 886 547 940 Ἀλλ’
581 887 675 941 ἐπὶ
702 888 802 961 τὴν
826 891 1121 962 ἑρμηνείαν
1144 891 1255 947 τῶν
1277 894 1621 949 Δεσποτικῶν
1649 895 1913 967 ῥημάτων

321 980 659 1051 ἀναδραμεῖν
691 984 933 1055 καιρός.ι
956 984 1045 1037 Ἐν
1184 985 1351 1058 νόμῳ,
1384 988 1633 1059 φησὶ,τῷ
1662 989 1915 1061 ὑμετέρῳ

320 1070 654 1141 γέγραπται,
681 1075 764 1128 ὅτι
810 1074 905 1128 δύο
952 1075 1257 1147 ἀνθρώπων
1304 1080 1339 1149 ή
1391 1083 1667 1153 μαρτυρία
1705 1083 1914 1156 ἀληθής

325 1163 526 1215 totum
551 1160 671 1217 εἶτα
697 1165 1011 1233 ὶπάγει,δτι
1044 1186 1062 1220 ι
1084 1168 1228 1237 Ἐγώ
1256 1171 1373 1242 είμι
1401 1172 1430 1225 6
1459 1174 1759 1246 μαρτυρῶν
1785 1176 1913 1247 περὶ

323 1254 585 1322 ἐμαυτοῦ,
616 1258 710 1310 καὶ
758 1262 1028 1330 μαρτυρεῖ
1059 1261 1190 1333 περὶ
1218 1262 1353 1332 ἐμοῦ
1386 1266 1415 1318 6
1444 1264 1670 1337 πέμψας
1700 1284 1768 1337 με
1796 1268 1913 1323 Πα-

322 1347 453 1417 τήρ.
492 1367 511 1400 ι
553 1348 983 1419 Ἀποϐλέψαντες
1015 1354 1198 1407 τοίνυν
1245 1354 1346 1426 τήν
1391 1356 1595 1421 είκόνα,
1628 1359 1914 1429 νοήσωμεν

324 1442 384 1493 τὸ
416 1441 759 1511 ἀρχέτυπον·
804 1461 824 1495 ι
852 1444 975 1509 Δύο,
1008 1447 1194 1516 φησὶν,
1229 1446 1536 1519 ἀνθρώπιον
1563 1450 1596 1520 ἡ
1637 1451 1915 1523 μαρτυρία

322 1531 530 1601 ἀληθής
570 1533 720 1587 ἐστιν
744 1551 758 1566 ο
802 1553 820 1586 ι
869 1536 979 1590 τῶν
1010 1537 1067 1591 δὲ
1103 1538 1197 1593 δύο
1225 1539 1527 1610 ἀνθρώπων
1559 1543 1591 1612 ἡ
1619 1540 1781 1611 φύσις
1814 1545 1915 1613 μία

320 1622 565 1692 δηλονότι
595 1625 745 1696 παρά
783 1628 952 1681 πᾶσιν
978 1628 1044 1682 ἀν
1067 1628 1413 1701 ὡμολόγηται
1434 1650 1447 1662 ·
1478 1633 1674 1687 οὐκοῦν
1701 1635 1915 1705 Πατρὸς

323 1716 418 1767 καὶ
456 1714 587 1769 Υίοῦ
612 1718 646 1787 ή
677 1718 835 1771 οὐσία
862 1721 983 1789 μία,
1009 1721 1108 1791 μία
1135 1720 1235 1792 [ita
1265 1723 1363 1793 μία
1392 1723 1501 1796 bis]
1534 1727 1597 1778 ὲκ
1642 1726 1741 1794 τῆς
1771 1728 1915 1780 είκό-

2022 582 2303 639 uianitatis
2333 582 2502 641 fuisse
2516 586 2860 644 missionem.

2091 888 2201 945 Sed
2220 889 2332 960 jam
2362 900 2578 963 tempus
2599 903 2679 950 est
2710 896 2859 950 ut-ad
2884 893 3289 951 Dominicorum
3313 897 3603 953 verborum

2018 984 2529 1053 interpretationem
2553 988 2856 1044 veniamus.
2889 1007 2909 1039 ι
2940 987 3157 1053 Vestra,
3187 990 3384 1061 inquit,
3408 992 3461 1046 in
3490 991 3607 1061 lege

2017 1075 2282 1145 scriptum
2327 1078 2434 1144 est,
2467 1078 2695 1133 duorum
2736 1080 3014 1136 hominum
3066 1083 3436 1138 testimonium
3484 1098 3606 1139 esse

2020 1178 2230 1219 verum.
2266 1184 2284 1217 ι
2312 1166 2517 1222 Deinde
2550 1168 2700 1223 addit
2730 1188 2743 1223 :
2777 1189 2796 1222 ι
2830 1170 2941 1240 Ego
2969 1186 3088 1226 sum
3116 1173 3206 1243 qui
3235 1175 3604 1228 teatimonium

2015 1254 2280 1324 perhibeo
2305 1257 2373 1311 de
2414 1257 2644 1327 meipso,
2667 1270 2721 1314 et
2739 1261 3106 1318 testimonium
3131 1263 3380 1331 perhibet
3408 1263 3472 1318 de
3495 1279 3603 1328 me,

2016 1346 2108 1413 qui
2152 1347 2301 1401 misit
2342 1363 2447 1413 me,
2484 1346 2666 1404 Pater.
2700 1368 2720 1401 ι
2753 1350 2894 1420 Ergo
2936 1352 3225 1423 imaginem
3272 1364 3603 1421 spectantes,

2018 1438 2372 1509 archetypum
2414 1454 2832 1511 c0gnoscamus.
2874 1461 2892 1494 ι
2928 1442 3201 1510 Duorum,
3246 1444 3458 1514 inquit,
3504 1447 3603 1500 lio-

2018 1530 2224 1584 minutn
2264 1545 2454 1587 verum
2492 1540 2579 1588 est
2628 1534 3043 1601 testimonium;
3093 1554 3112 1587 ι
3176 1537 3329 1605 atqui
3374 1538 3603 1590 duorum

2019 1622 2298 1678 hominum
2337 1638 2501 1678 unam
2532 1638 2653 1680 esse
2686 1636 2935 1681 naturam
2971 1628 3156 1682 cuncti
3194 1628 3466 1692 fatentur;
3504 1630 3605 1697 igi-

2021 1722 2109 1768 tur
2136 1712 2316 1771 Patris
2349 1724 2405 1770 et
2426 1715 2546 1769 Filii
2576 1725 2830 1771 naturam
2867 1733 3061 1782 unam,
3094 1734 3256 1773 unam
3304 1734 3497 1790 reapse
3538 1736 3607 1774 cx

319 1824 412 1869 νος
443 1806 770 1878 νοηθήσεταί
816 1827 877 1863 τε
928 1812 1022 1864 καὶ
1052 1813 1549 1885 όμολογηθήσεταισ
1583 1816 1776 1887 ὥσπερ
1808 1818 1912 1889 γάρ

2021 1807 2262 1878 imagine
2294 1822 2685 1879 cognoscemus
2725 1818 2780 1863 et
2804 1810 3205 1866 conﬁtebimur.
3252 1812 3407 1867 Sicut
3462 1813 3606 1869 enim

319 1899 439 1950 tui
468 1897 561 1952 δύο
582 1900 882 1973 ἄνθρωποι,
909 1903 1055 1957 οὕτω
1083 1904 1178 1959 καὶ
1204 1905 1441 1959 ἐνταῦθα
1466 1906 1599 1971 Θεὸς
1628 1909 1722 1962 καὶ
1754 1909 1910 1977 Θεὸς,

322 1988 515 2060 Πατὴρ
566 1990 662 2043 καὶ
690 1991 839 2057 Υἱὸς,
872 1994 967 2048 καὶ
994 1996 1181 2060 αὐτοῖς
1222 1999 1335 2061 τοῖς
1362 1997 1592 2067 ὀνόμασι
1624 1998 1911 2071 δηλοῦντες

318 2077 422 2147 τῆς
462 2078 680 2147 φύσεως
706 2081 808 2153 τὴν
838 2085 1144 2157 ταυτότητά
1164 2103 1177 2116 ·
1204 2086 1327 2141 οὔτε
1351 2088 1460 2159 γάρ
1486 2090 1515 2143 6
1539 2089 1755 2161 ἀληθῶς
1780 2092 1913 2157 Θεὸς

319 2168 515 2241 ἑτέρας
544 2170 610 2225 ἀν
637 2171 723 2243 εἴη
755 2174 972 2243 φύσεως
992 2180 1143 2249 παρά
1170 2178 1262 2233 τὸν
1290 2179 1559 2251 ἀληθινῶς
1591 2181 1724 2235 Θεόν
1744 2200 1755 2211 ·
1787 2182 1912 2237 οὔτε

317 2262 350 2313 6
398 2263 528 2328 Υίὸς
576 2266 734 2331 ἄλλος
788 2272 922 2343 παρ’
956 2271 1164 2327 ἐκεῖνον
1188 2316 1201 2341 ,
1255 2274 1394 2329 Θεοῦ
1447 2277 1711 2348 ὑπάρχων
1760 2279 1908 2344 Υίός.

319 2356 541 2412 Τούτων
566 2360 901 2426 ἀκούσαντες
925 2364 975 2417 0i.
1001 2364 1244 2420 Ἰουδαῖοι
1259 2369 1553 2441 ἠρώτησαν
1574 2370 1910 2426 αὑτόν-«Ποῦ

318 2449 471 2504 ἔστιν
511 2453 540 2505 6
566 2454 759 2526 Πατήρ
809 2472 980 2524 σους»
1033 2459 1331 2532 Ἀπεκρίθη
1381 2464 1561 2516 τοίνυν
1588 2467 1616 2517 6
1662 2464 1867 2536 Ἰησοῦς
1892 2482 1907 2498 ·

326 2562 344 2593 ι
374 2542 513 2597 Οὔτε
564 2546 663 2617 ἐμὲ
711 2549 913 2615 οἴδατε,
956 2549 1081 2605 οὔτε
1116 2553 1207 2606 τὸν
1251 2554 1472 2627 Πατέρα
1525 2574 1660 2627 μου·
1716 2559 1765 2612 εί
1811 2558 1912 2631 ἐμὲ

319 2632 521 2703 ᾔδειτε,
563 2638 656 2691 καὶ
692 2638 785 2692 τὸν
822 2640 1045 2713 Πατέρα
1086 2660 1189 2713 μου
1227 2644 1405 2716 ᾔδειτε
1446 2646 1530 2699 ἄν.
1566 2666 1583 2699 ι

402 2863 599 2933 Ὁρᾶτε
624 2863 785 2918 πάλιν
804 2864 922 2930 πῶς
946 2866 1193 2921 ἐντεῦθεν
1214 2869 1275 2923 τὺ
1294 2871 1579 2941 όμοούσιον
1600 2873 1873 2932 δείκνυται
1893 2896 1906 2909 θ

319 2955 387 3010 El
412 2957 512 3027 ἐμὲ
544 2957 670 3029 γάρ,
698 2960 883 3028 φησὶν,
908 2960 1105 3031 ᾔδειτε,
1132 2962 1226 3015 καὶ
1252 2962 1344 3017 τὸν
1366 2965 1585 3036 Πατέρα
1611 2984 1712 3038 μου
1733 2970 1912 3041 ᾔδειτε

317 3048 423 3101 ἀν’
465 3050 530 3101 ὲκ
569 3047 626 3101 δὲ
655 3049 750 3102 τοῦ
784 3051 1125 3121 ἑτεροουσίου
1158 3053 1219 3106 τὸ
1249 3056 1588 3127 ἑτεροούσιον
1619 3060 1680 3113 οὐ
1711 3062 1912 3133 γνωρί-

321 3138 504 3202 ζεταιο
537 3140 605 3194 τά
634 3141 744 3213 γάρ
774 3142 1045 3213 ἀλλόφυλα
1087 3145 1181 3199 καὶ
1222 3146 1373 3212 ξένα,
1403 3148 1650 3214 ἀλλήλων
1673 3152 1774 3205 οὐκ
1805 3154 1913 3206 είσὶ

317 3230 625 3303 δηλωτικά’
673 3232 743 3287 τά
786 3234 845 3289 δὲ
891 3234 1107 3303 φύσεως
1154 3238 1538 3305 κοινωνοῦντα,
1569 3241 1637 3294 δι’
1667 3243 1915 3315 ἀλλήλων

319 3321 686 3389 γινώσκεται·
717 3324 787 3377 δι’
817 3324 936 3388 ἑνὸς
970 3327 1069 3396 μὲν
1106 3327 1420 3399 ἀνθρώπου,
1458 3333 1638 3386 πᾶσαν
1678 3333 1786 3388 τῶν
1824 3337 1917 3389 άν-

319 3409 560 3480 θρώπων
588 3412 689 3482 τὴν
719 3411 882 3480 φύσιν
912 3414 1039 3467 ἰδεῖν
1072 3416 1217 3470 ἔστι·
1256 3420 1349 3472 καὶ
1385 3420 1453 3473 δι’
1479 3421 1598 3485 ἑνὸς
1641 3424 1915 3493 προϐάτου

319 3500 431 3555 τῶν
464 3503 751 3571 προϐάτων
786 3504 932 3558 ἅπαν
960 3507 1021 3560 τὸ
1055 3509 1239 3575 γένος⁹
1271 3512 1332 3565 οὐ
1372 3512 1480 3582 μὴν
1511 3513 1599 3567 διά
1627 3516 1917 3587 προϐάτων

316 3590 452 3654 τοὺς
487 3592 731 3657 λέοντας,
758 3595 881 3647 οὐδὲ
910 3596 998 3650 διά
1026 3596 1259 3653 λεόντων
1286 3601 1355 3655 τά
1389 3603 1659 3674 πρόϐατα,
1688 3606 1797 3659 οὐδ’
1825 3607 1920 3675 ἀγ-

320 3682 516 3751 γέλους
546 3684 635 3739 διά
669 3686 993 3755 ἀνθρώπων,
1034 3691 1155 3744 οὐδὲ
1179 3692 1264 3745 διὰ
1291 3695 1537 3773 ἀγγέλων
1558 3697 1878 3769 ἀνθρώπους
1900 3717 1913 3730 ’

321 3776 462 3829 ζῶον
483 3776 591 3847 γὰρ
616 3778 845 3834 ἕκαστον
866 3782 965 3851 τῆς
992 3784 1199 3848 οίκείας
1219 3785 1517 3857 δηλωτικόν
1539 3791 1653 3843 ἐστι
1680 3791 1914 3860 φύσεως.

322 3866 389 3921 Et
416 3868 597 3923 τοίνυν
619 3872 649 3923 6
683 3873 975 3943 μονογενὴς
994 3876 1167 3944 Λόγος
1188 3877 1284 3931 τοῦ
1307 3878 1441 3933 Θεοῦ
1469 3882 1695 3954 κτίσμα,
1735 3887 1828 3939 κα)⁵
1858 3886 1918 3953 ἐξ

318 3959 424 4011 οὐκ
448 3958 637 4027 ὄντων,
668 3963 762 4013 καὶ
814 3962 873 4028 ἐξ
917 3963 1111 4035 ἑτέρας
1156 3967 1301 4029 τινὸς
1344 3971 1635 4042 γεγένηται
1678 3974 1914 4041 φύσεως,

324 4049 443 4114 πῶς
471 4050 529 4101 ὲν
562 4052 712 4122 αὐτῷ
742 4052 835 4105 τὸν
866 4054 1085 4125 Πατέρα
1116 4057 1356 4113 δείκνυσι
1402 4062 1819 4133 πιστευόμενοςς
1868 4068 1917 4120 εί

319 4140 379 4194 δὲ
410 4142 439 4193 6
466 4142 655 4213 Πατὴρ
691 4144 779 4197 διά
809 4144 901 4197 τοῦ
931 4146 1061 4201 Υίοῦ
1108 4148 1456 4218 γινώσκεται,
1486 4153 1579 4205 καὶ
1610 4155 1639 4206 6
1670 4155 1761 4209 τὸν
1788 4157 1916 4213 Υίὸν

322 4232 627 4299 γινώσκων,
662 4238 755 4288 καὶ
803 4237 897 4291 τὸν
946 4240 1165 4309 Πατέρα
1194 4242 1472 4310 γινώσκει,
1510 4246 1767 4320 πεδηθείη
1815 4249 1917 4319 μὲν

322 4326 473 4378 πᾶσα
513 4326 834 4397 βλάσφημος
864 4330 1102 4397 γλῶσσα.
1141 4334 1233 4387 καὶ
1262 4334 1339 4404 τῷ
1369 4336 1604 4408 λάρυγγι
1643 4341 1784 4394 κατά
1824 4342 1916 4397 τὸν

322 4417 612 4486 προφήτην
649 4416 935 4490 κολληθείη
961 4436 973 4449 ·
1013 4422 1178 4491 ἡμεῖς
1202 4423 1259 4475 δὲ
1288 4425 1337 4475 οί
1371 4425 1472 4494 τῆς
1499 4428 1729 4495 Τριάδος
1749 4447 1916 4501 προσ-

322 4507 554 4575 κυνηταὶ
586 4508 790 4578 ἀκριϐῆ
824 4509 916 4563 τοῦ
948 4514 1235 4581 ὁμοουσίου
1268 4514 1517 4570 ἐντεῦθεν
1567 4519 1667 4591 τήν
1709 4523 1912 4589 γνῶσιν

322 4597 704 4667 λαμϐάνομεν·
751 4599 1089 4671 λογιζόμενοι
1132 4604 1209 4667 ὡς
1244 4607 1345 4659 οὐκ
1382 4607 1449 4661 ἂν
1479 4610 1681 4681 ἑτέρως
1710 4615 1767 4665 ὲν
1798 4614 1913 4685 Υἱῷ

322 4688 515 4759 Πατὴρ
542 4690 869 4762 ἐγνωρίσθη,
897 4694 945 4745 εί
977 4694 1051 4765 μὴ
1076 4695 1177 4763 τῆς
1202 4697 1371 4768 αὐτῆς
1392 4699 1581 4763 οὐσίας
1615 4702 1908 4774 ἐτύγχανεο

322 4783 419 4835 καὶ
476 4783 893 4855 προσκυνοῦμεν
930 4787 1023 4841 τὸν
1073 4790 1304 4860 Σωτῆρα
1348 4792 1438 4847 τὸν
1487 4794 1779 4865 ἡμέτερον,
1812 4799 1912 4867 τῆς

323 4877 751 4945 προσκυνήσεως
793 4877 884 4930 τὸν
925 4879 1138 4949 καρπὸν
1167 4882 1551 4953 ἀναμένοντες,
1583 4879 1644 4940 οῦ
1676 4890 1912 4960 χορηγὸς

320 4965 485 5028 αὐτὸς
512 4968 540 5018 6
564 4967 751 5038 Πατὴρ
777 4970 1032 5038 τυγχάνει
1059 4973 1201 5027 κατά
1226 4976 1326 5045 τὴν
1348 4976 1440 5030 τοῦ
1470 4979 1674 5048 Κυρίου
1702 4983 1906 5053 φωνήν·

324 5077 349 5109 ς
374 5059 499 5112 Ἐάν
529 5076 612 5122 τις
636 5060 765 5129 γὰρ,
798 5061 981 5131 φησὶν,
1005 5064 1127 5133 ἐμοὶ
1157 5064 1471 5141 διακονήσῃ,
1500 5072 1721 5141 τιμήσει
1746 5075 1909 5129 αὐτὴν

318 5150 353 5202 ὁ
380 5151 568 5221 Πατήρ
596 5169 697 5221 μου
719 5170 733 5183 ’
764 5172 787 5203 ›
821 5154 914 5207 καὶ
952 5157 979 5207 6
1019 5156 1319 5227 θαυμάσιος
1353 5160 1407 5213 δὲ
1444 5163 1697 5233 Ἰωάννης
1728 5168 1757 5218 6
1786 5167 1908 5220 Θεο-

322 5242 516 5309 λογῶν,
554 5263 571 5293 ι
596 5246 653 5297 '0
684 5246 955 5299 πιστεύων
985 5250 1063 5313 είς
1099 5249 1190 5303 τὸν
1217 5251 1363 5317 Υἱὸν,
1400 5256 1586 5323 φησὶν,
1618 5258 1731 5326 ἔχει
1764 5260 1907 5329 ζωὴν

321 5335 542 5389 αίώνιον
561 5353 573 5367 ·
596 5340 624 5389 6
652 5337 709 5390 δὲ
740 5339 981 5391 ἀπειθῶν
1009 5341 1085 5410 τῷ
1108 5342 1241 5413 Υἱῷ,
1269 5344 1369 5397 οὐκ
1395 5346 1585 5415 ὄψεται
1618 5348 1713 5419 τὴν
1740 5348 1906 5423 ζωὴν,

320 5426 441 5482 ἀλλ’
464 5430 495 5487 ἠ
531 5427 668 5500 ὀργὴ
703 5430 796 5482 τοῦ
826 5430 959 5483 Θεοῦ
995 5436 1149 5502 μενεῖ
1177 5436 1261 5488 ἐπ’
1288 5437 1467 5491 αὐτόν.
1501 5458 1515 5488 ι

398 5801 440 5836 ³⁶
476 5798 614 5857 Psal.
648 5814 865 5871 exuri,
909 5804 958 5857 ti.
1042 5804 1055 5833 ³
1108 5802 1259 5858 ίυεηι
1299 5820 1393 5871 λιι,
1426 5807 1514 5861 ἓϋ.

1596 5808 1636 5835 τε
1678 5804 1836 5861 Joan.
1869 5824 1949 5875 ut,

2022 1900 2093 1953 ibi
2127 1900 2235 1955 duo
2264 1900 2535 1965 homines,
2561 1901 2634 1955 ita
2669 1910 2723 1955 et
2750 1901 2837 1958 hic
2887 1902 3029 1958 Deus
3058 1912 3114 1957 et
3144 1902 3317 1968 Deus,
3352 1902 3514 1958 Pater
3554 1914 3609 1960 et

2018 1989 2216 2054 Filius,
2246 1990 2337 2060 qui
2369 1990 2682 2046 nominibus
2710 1991 2824 2047 suis
2857 1991 2992 2060 ipsis
3018 1993 3266 2047 eamdem
3299 2008 3419 2049 esse
3451 2003 3609 2047 natu-

2019 2097 2137 2137 ram
2166 2081 2470 2137 declarant.
2506 2080 2695 2153 Neque
2719 2083 2864 2138 enim
2896 2082 2989 2154 qui
3018 2098 3178 2139 verus
3205 2084 3278 2139 sit
3311 2084 3471 2147 Deus,
3507 2101 3606 2138 na-

2021 2183 2143 2229 tura
2165 2172 2379 2229 diil'eret
2411 2188 2442 2229 a
2472 2188 2605 2229 vero
2640 2173 2789 2240 Deo;
2829 2188 3003 2243 neque
3041 2172 3215 2228 Filius
3264 2172 3512 2228 diversus
3540 2174 3608 2227 ab

2020 2266 2114 2324 illo
2151 2267 2279 2332 erit,
2312 2280 2435 2322 cum
2474 2266 2547 2321 sit
2580 2266 2674 2321 Dei
2702 2266 2893 2320 Filius.
2928 2265 3023 2321 His
3058 2265 3284 2330 auditis,
3317 2262 3488 2320 Judaei
3527 2265 3608 2319 in-

2020 2366 2437 2429 terrogaverunt
2481 2373 2647 2413 eum:
2710 2375 2729 2409 ι
2764 2356 2993 2413 Ubinam
3043 2365 3130 2411 est
3170 2356 3335 2411 Pater
3379 2358 3550 2411 tuus?
3586 2376 3602 2407 ι

2018 2451 2317 2523 Respondit
2352 2453 2536 2522 itaque
2568 2448 2727 2507 Iesus
2758 2469 2771 2505 :
2807 2467 2827 2501 ι
2857 2448 3045 2511 Neque
3084 2464 3172 2503 me
3219 2449 3405 2515 scitis,
3434 2462 3609 2518 neque

2019 2542 2237 2599 Patrem
2296 2559 2525 2599 meum:
2578 2542 2626 2598 si
2691 2555 2779 2598 me
2835 2542 3071 2608 sciretis,
3126 2538 3345 2595 Patrem
3394 2554 3612 2610 quoque
3662 2612 3663 2615 η

2020 2651 2201 2691 meum
2229 2635 2465 2693 sciretis.
2501 2653 2519 2687 ι
2585 2662 2599 2683 .

2092 2856 2286 2915 Videte
2336 2873 2528 2915 rursus
2576 2860 2850 2930 quomodo
2892 2860 3021 2916 hinc
3068 2859 3610 2917 consubstantialibus

2020 2952 2446 3007 demonstratur.
2485 2952 2542 3005 Si
2581 2967 2688 3016 me,
2722 2951 2921 3021 inquit,
2942 2952 3177 3016 sciretis,
3216 2950 3433 3007 Patrem
3476 2968 3611 3021 quu-

2019 3056 2129 3111 que
2165 3056 2342 3095 meum
2386 3040 2623 3096 sciretis.
2662 3044 2729 3095 At
2772 3057 2903 3097 vero
2950 3058 3015 3097 ex
3049 3057 3115 3097 eo
3146 3046 3290 3112 quod
3335 3044 3608 3097 diversum

2018 3143 2102 3188 εει
2134 3142 2352 3198 natura,
2391 3133 2623 3189 alterum
2656 3135 2785 3190 item
2824 3135 3142 3190 naturaliter
3191 3136 3468 3191 diversum
3502 3150 3607 3188 non

2022 3222 2380 3291 dignoscitur.
2433 3223 2680 3291 Namque
2729 3223 2906 3278 aliena
2948 3223 3182 3279 invicem
3218 3234 3274 3279 et
3322 3235 3609 3290 extranea,

2022 3313 2257 3368 invicem
2288 3329 2393 3369 non
2425 3314 2803 3369 demonstrant
2838 3333 2851 3369 :
2877 3315 2970 3371 sed
3000 3324 3206 3369 natura:
3226 3314 3613 3370 communione

2022 3407 2341 3477 conjuncta,
2378 3420 2446 3461 ex
2478 3406 2745 3463 alterutro
2776 3416 3101 3463 noscuntur.
3132 3407 3208 3462 Ex
3241 3422 3347 3461 uno
3390 3406 3613 3461 homine

2022 3498 2332 3554 universam
2372 3499 2653 3554 hominum
2694 3508 2946 3554 naturam
2984 3514 3316 3570 cognoscere
3362 3499 3520 3564 licet;
3558 3508 3613 3554 et

2019 3610 2088 3651 ex
2120 3610 2225 3651 una
2256 3610 2379 3659 ove.
2409 3596 2723 3651 universum
2773 3595 2955 3649 ovium
3004 3610 3217 3665 genus:
3274 3610 3380 3649 non
3428 3601 3610 3649 tamen

2021 3703 2087 3743 ex
2120 3687 2314 3744 ovibus
2346 3686 2564 3751 leones,
2606 3702 2782 3757 neque
2821 3702 2887 3741 ex
2928 3686 3178 3742 leonibus
3220 3700 3391 3742 oves:
3438 3701 3613 3755 neque

2021 3779 2243 3849 angelos
2275 3793 2339 3834 ex
2383 3778 2715 3844 hominibus,
2758 3792 2939 3847 neque
2969 3793 3035 3833 ex
3070 3776 3274 3849 angelis
3312 3778 3561 3833 homines
3596 3798 3607 3831 :

2022 3885 2148 3925 nam
2182 3870 2609 3939 unumquodque
2640 3870 2837 3923 animal
2876 3870 3111 3939 pr0prize
3144 3878 3353 3925 naturae
3385 3869 3610 3924 demon-

2018 3963 2306 4018 strativum
2366 3973 2469 4017 est.
2532 3960 2590 4017 Si
2640 3977 2771 4032 ergo
2816 3963 3155 4033 unigenitum
3220 3962 3454 4017 Verbum
3516 3962 3610 4017 Dei

2018 4065 2273 4111 creatura
2297 4064 2399 4119 est,
2432 4064 2487 4110 et
2510 4070 2577 4109 ex
2602 4069 2708 4110 non
2742 4065 2900 4109 antea
2932 4054 3301 4119 exstantibus,
3327 4065 3383 4109 et
3414 4054 3609 4110 exalia

2018 4146 2255 4215 quadam
2298 4154 2492 4199 natura
2526 4153 2733 4210 natum,
2776 4148 3045 4215 quomodo
3070 4145 3293 4217 695m
3328 4147 3381 4200 in
3418 4161 3480 4202 se
3509 4146 3612 4201 Pa--

2020 4248 2159 4294 trem
2192 4238 2571 4303 demonstrat,
2608 4240 2652 4294 si
2685 4240 2734 4295 ei
2767 4241 3022 4295 credatur
3044 4239 3209 4295 Nam
3244 4240 3288 4294 si
3321 4239 3484 4294 Pater
3516 4255 3613 4308 per

2023 4330 2219 4385 Filium
2244 4332 2579 4400 agnoscitur,
2609 4343 2665 4387 et
2693 4333 2785 4403 qui
2811 4332 3006 4387 Filium
3042 4333 3225 4398 novit,
3258 4334 3406 4388 novit
3428 4332 3610 4387 etPa-

2023 4433 2185 4487 trem,
2214 4423 2547 4491 impediatur
2572 4438 2705 4477 sane
2734 4425 2938 4493 quaevis
2965 4424 3147 4493 lingua
3173 4424 3511 4493 hlasphema,
3530 4436 3606 4485 et,

2023 4522 2083 4566 ut
2117 4513 2193 4566 ait
2226 4511 2519 4582 Propheta,
2559 4512 2807 4568 faucibus
2851 4514 3126 4569 adhaereat
3156 4514 3222 4568 ³⁸.
3268 4512 3377 4569 Nos
3428 4525 3606 4569 autem

2025 4603 2316 4659 Trinitatis
2342 4605 2659 4659 adoratores
2678 4615 2986 4659 accuratam
3026 4605 3150 4659 hinc
3173 4606 3609 4660 consubstantia-

2023 4696 2196 4751 litatis
2227 4697 2501 4750 notionem
2530 4695 2933 4765 adipiscamur;
2968 4706 3307 4765 reputantes,
3356 4713 3461 4750 non
3506 4696 3608 4749 ali-

2024 4798 2105 4843 ter
2136 4787 2330 4843 Filium
2382 4789 2435 4841 in
2475 4788 2639 4843 Patre
2673 4789 2787 4844 fore
2838 4789 3266 4858 agnoscendum,
3315 4789 3417 4843 nisi
3466 4789 3609 4859 ejus-

2020 4879 2144 4934 dem
2186 4888 2330 4934 esset
2379 4879 2734 4934 substantiae:
2798 4881 3195 4949 adorcmusquc
3258 4881 3605 4934 Servatorent

2021 4980 2268 5026 nostrum
2290 5013 2304 5036 ,
2339 4970 2516 5026 cultus
2542 4973 2711 5026 nostri
2746 4971 2979 5026 fructum
3015 4972 3416 5040 praestolantes,
3453 4973 3608 5040 cujus

2018 5065 2177 5119 dator
2224 5062 2388 5119 Pater
2420 5073 2522 5127 est,
2564 5066 2861 5119 secundum
2918 5066 3127 5118 Domini
3174 5065 3424 5119 dictum:
3486 5085 3503 5116 ι
3548 5067 3604 5119 Si

2018 5158 2141 5226 quis
2173 5157 2339 5222 enim,
2372 5154 2568 5225 inquit,
2603 5156 2732 5211 mihi
2771 5157 3188 5220 ministraverit,
3227 5157 3609 5211 honoriﬁcnhit

2018 5262 2142 5302 cum
2187 5245 2349 5301 Pater
2386 5262 2539 5300 mens
2564 5247 2629 5298 ³⁷.
2671 5264 2689 5296 ›
2741 5244 2984 5316 Itemque
3046 5246 3399 5301 admirandus
3444 5248 3610 5303 Joan-

2021 5354 2117 5394 nes
2163 5338 2445 5407 theologus
2480 5352 2493 5388 :
2525 5356 2544 5389 ι
2584 5337 2684 5404 Qui
2720 5338 2893 5391 credit
2942 5339 2993 5391 in
3022 5336 3215 5390 Filium
3241 5376 3257 5401 ,
3284 5338 3480 5406 inquit,
3515 5338 3610 5391 ba-

2020 5427 2111 5481 bet
2148 5427 2312 5480 vitam
2351 5437 2607 5481 aeternam
2638 5445 2650 5480 :
2698 5427 2788 5495 qui
2828 5438 3007 5480 autem
3044 5427 3355 5481 incredulus
3395 5440 3476 5483 est
3514 5429 3602 5483 Fin

2020 5517 2112 5580 lio,
2140 5515 2303 5568 vitam
2343 5531 2447 5571 non
2482 5515 2700 5581 videbit,
2754 5516 2845 5570 scil
2900 5516 2977 5570 ira
3024 5515 3125 5571 Dci‘
3166 5517 3403 5572 manebit
3442 5533 3607 5591 super

2020 5610 2195 5673 ipsum
2227 5609 2287 5663 ³¹”.
2332 5628 2347 5658 ι

1982 5809 2069 5866 215.
