4036 6336
531 329 658 384 “TI

1511 331 1567 383 S.
1606 327 1874 381 CYRILLI
1916 323 2384 381 AU‘ZIANDRIN
2423 326 2740 383 ARCHIEP.

3616 326 3754 380 “79.

527 441 665 494 XVI.
711 443 858 506 Quod
900 445 1075 496 uin/tis
1111 447 1235 496 locis
1287 445 1535 497 Dominus
1582 460 1738 495 unam
1779 458 1887 496 esse
1930 458 2061 496 sua»

870 524 917 562 et
955 512 1129 562 Patris
1157 516 1501 562 substantiam
1533 513 1726 562 docuit.

2239 442 2352 509 le'.
2377 445 2496 496 Ὅτι
2535 440 2846 562 πολλα(ξοῦ
2886 442 2916 490 ό
2955 440 3165 520 Κύριος
3197 437 3343 505 μίαν
3377 438 3565 517 autat?
3602 439 3697 493 xui

2410 513 2516 562 τοῦ
2556 515 2712 562 Πατο
2753 530 2782 562 c
2824 508 2937 562 τὴν
2972 510 3188 561 οὐσίαν
3223 507 3519 562 ἐδίδαξεν.

870 524 917 565 et
955 512 1129 567 Patris
1157 516 1501 567 substantiam
1533 513 1726 565 docuit.

596 649 660 703 lJt
690 658 866 702 autem
899 649 1002 703 alio
1031 664 1246 718 quoque
1283 649 1590 703 testimOuio
1614 646 2076 702 consubstantiali-

523 749 682 793 tatem
722 741 1173 806 demonstremus,
1216 744 1384 809 ipsum
1429 743 1712 794 audiamus
1755 740 2072 793 clamantem

523 830 804 884 Dominum
838 847 899 884 ac
925 831 1190 885 dicentem
1218 846 1318 884 nan
1346 831 1597 898 apostolis
1631 840 1859 893 tantum,
1888 843 2072 882 verum

519 922 674 974 etiam
705 921 937 975 Judzeis:
975 943 990 974 ι
1023 925 1123 988 Qui
1159 925 1330 977 credit
1372 924 1420 976 in
1471 938 1582 986 me,
1617 937 1718 974 non
1756 923 1809 975 in
1844 937 1926 974 me
1953 935 2070 975 cre-

518 1012 616 1074 dit,
642 1014 734 1066 Sed
767 1013 817 1065 in
847 1028 965 1066 eum
1000 1015 1086 1079 qui
1125 1015 1267 1065 misit
1297 1027 1396 1064 me.
1433 1012 1493 1064 Et
1528 1015 1614 1078 qui
1650 1014 1789 1065 videt
1821 1026 1923 1073 me,
1949 1019 2070 1066 eum

518 1098 603 1162 qui
645 1114 727 1152 me
758 1100 900 1154 misit
929 1101 1090 1152 videt.
1144 1101 1250 1167 Ego
1296 1102 1380 1152 lux
1429 1102 1481 1153 in
1530 1102 1782 1153 mundum
1839 1104 1983 1164 veni,
2014 1113 2072 1155 ut

515 1188 602 1250 qui
640 1187 687 1238 in
723 1203 805 1239 me
837 1191 1033 1254 credit,
1074 1193 1126 1242 in
1167 1191 1404 1243 tenebris
1446 1206 1548 1244 non
1599 1203 1910 1258 permaneat
1939 1193 2004 1243 ³⁸.
2047 1211 2064 1244 ι

515 1277 568 1328 Si
601 1294 727 1346 ergo
761 1279 848 1347 qui
889 1282 1030 1332 videt
1055 1280 1269 1344 Filium,
1297 1282 1348 1334 in
1377 1282 1588 1336 Patrem
1620 1284 1810 1347 credit,
1846 1285 2068 1338 ubinam

517 1368 685 1434 majus
709 1378 758 1422 et
784 1371 958 1424 minus
978 1372 1000 1422 ?
1021 1369 1260 1438 Namque
1285 1375 1334 1425 in
1361 1376 1565 1427 minore
1592 1375 1850 1426 minuitur
1871 1376 2064 1444 majus,

517 1473 688 1524 neque
715 1462 1039 1527 agnoscitur.
1075 1461 1129 1514 Si
1171 1463 1348 1530 itaque
1393 1462 1552 1517 Pater
1583 1465 1772 1532 major,
1801 1467 2067 1532 quomodo

518 1548 567 1598 in
596 1548 728 1601 Filio
759 1551 1068 1617 spectatur?
1097 1550 1245 1615 Quod
1273 1553 1314 1603 si
1345 1562 1613 1620 spectatur
1657 1555 1707 1605 in
1740 1555 1904 1617 Filio,
1949 1566 2067 1608 tan-

515 1651 672 1702 quam
735 1638 786 1690 in
858 1639 1048 1708 wquali
1109 1639 1357 1694 videlicet
1421 1642 1756 1710 agnoscitur.
1819 1643 2066 1713 Namque

513 1726 734 1792 aequalia
801 1730 1025 1783 invicem
1096 1732 1513 1785 demonstrativa
1573 1743 1718 1788 sunt.
1781 1733 1852 1788 Et
1905 1735 2062 1804 paulo

513 1827 632 1884 post
675 1819 812 1873 idem
851 1820 1102 1875 Dominus
1141 1822 1214 1874 ait
1255 1823 1553 1891 apostolis:
1589 1843 1606 1874 ι
1655 1824 1765 1894 Ego
1791 1842 1908 1881 sum
1950 1827 2063 1892 via,

516 1919 712 1961 veritas
770 1926 832 1962 ac
891 1912 1027 1975 vita;
1090 1927 1246 1966 nemo
1321 1915 1465 1967 venit
1526 1915 1594 1969 ad
1652 1917 1901 1984 Patrem,
1961 1919 2067 1972 nisi

517 2013 610 2063 per
655 2015 771 2063 me;
823 2003 866 2054 si
919 2001 1320 2070 cognosceretis
1371 2019 1476 2068 me,
1532 2007 1715 2074 utique
1756 2019 1809 2063 et
1852 2007 2068 2064 Patrem

516 2105 692 2141 meum
745 2094 1170 2158 cognoscerelis,
1227 2105 1280 2147 et
1311 2097 1535 2149 'amodo
1579 2096 1690 2163 jam
1747 2101 2069 2166 cognoscitis

512 2193 652 2242 cum,
692 2195 919 2248 eumque
948 2183 1177 2240 vidistis.
1205 2184 1339 2238 Dicit
1365 2187 1411 2239 ei
1439 2185 1715 2257 Philippus
1758 2208 1770 2243 :
1822 2190 2066 2256 Domine,

513 2272 734 2324 ostende
765 2272 919 2326 nobis
955 2273 1167 2328 Patrem
1201 2287 1373 2340 tuum,
1403 2288 1456 2330 et
1486 2278 1678 2334 sullicit
1717 2282 1888 2336 nobis.
1927 2283 2069 2338 Dicit

513 2360 560 2411 ei
604 2358 758 2414 .Iesus
794 2378 804 2410 :
840 2362 1013 2418 Tanto
1071 2376 1310 2434 tempore
1365 2370 1638 2425 vobiscum
1693 2388 1831 2434 sum,
1868 2384 1921 2428 et
1961 2390 2065 2428 non

513 2452 804 2517 cognovisti
834 2469 936 2517 me,
963 2454 1236 2526 Philippe?
1257 2458 1355 2524 Qui
1387 2461 1530 2514 videt
1553 2478 1656 2523 me.
1679 2463 1895 2536 696m
1927 2467 2069 2520 videt

511 2550 564 2592 ct
596 2539 807 2595 l’atrcm
851 2558 1068 2611 meum;
1123 2559 1178 2600 et
1227 2551 1492 2616 quomodo
1535 2561 1589 2606 tu
1646 2554 1802 2618 dicis,
1835 2554 2067 2611 Ostende

512 2631 666 2684 nobis
689 2631 1067 2690 Patrem?Nou
1098 2639 1271 2694 credis
1308 2641 1429 2709 quia
1457 2657 1556 2713 ego
1585 2644 1636 2698 in
1670 2645 1848 2711 Patre,
1883 2658 1936 2701 et
1966 2648 2069 2702 Pa-

513 2732 592 2773 tcr
623 2723 674 2775 in
711 2739 796 2777 me
819 2726 941 2778 est?
981 2725 1153 2782 Verba
1204 2746 1323 2799 quae
1383 2749 1482 2803 ego
1530 2736 1737 2804 loquor,
1788 2753 1816 2789 a
1847 2752 2067 2793 memet-

514 2814 629 2882 ipso
658 2830 762 2870 non
791 2817 1014 2885 loquor;
1059 2822 1151 2875 sed
1180 2821 1336 2879 Pater
1363 2826 1452 2894 qui
1497 2827 1547 2880 in
1599 2843 1684 2883 me
1713 2840 1923 2894 manet,
1955 2831 2067 2899 ipse

511 2919 670 2974 Opera
706 2907 852 2964 facit.
880 2908 1094 2968 Credite
1120 2915 1272 2980 milii,
1302 2918 1426 2984 quia
1463 2934 1558 2986 ego
1585 2925 1636 2972 in
1673 2919 1848 2984 Patre,
1886 2932 1938 2976 et
1966 2923 2067 2976 Pa-

513 3008 592 3052 tor
633 3002 684 3054 in
731 3019 814 3057 tuo
845 3017 965 3058 est:
1009 3006 1242 3073 alioquin
1301 3017 1518 3078 propter
1563 3025 1724 3080 opera
1769 3014 1882 3081 ipsa
1935 3015 2060 3068 mihi

509 3090 714 3146 credite
738 3094 800 3146 “'.
846 3113 863 3145 ι

577 3183 818 3248 Quidliis
848 3188 1026 3241 verbis
1067 3189 1311 3242 clarius?
1343 3191 1468 3258 quid
1513 3193 1614 3245 hac
1662 3193 1904 3247 doctrina
1951 3195 2064 3248 evi-

510 3273 761 3328 dentius?
789 3277 892 3330 Sed
916 3279 1080 3343 enim,
1107 3289 1164 3332 ut
1206 3281 1439 3346 videtur,
1475 3281 1779 3337 Judteorum
1820 3285 2061 3339 velamen

510 3364 562 3415 in
591 3364 965 3420 haereticorum
1010 3379 1241 3422 mentem
1287 3372 1520 3424 transiit.
1579 3372 1694 3438 Quo
1733 3376 1791 3426 tit
1847 3384 1903 3428 ut
1952 3377 2062 3430 sole

508 3460 673 3508 etiam
717 3456 944 3510 clariora
999 3473 1219 3513 cernere
1269 3462 1465 3524 nolint,
1515 3465 1870 3518 voluntariam
1911 3467 2062 3534 igno-

508 3545 694 3598 rantiae
731 3547 976 3599 nebulam
1017 3549 1231 3605 sibimet
1256 3552 1604 3607 attrahentes.
1635 3554 1743 3608 Nos
1790 3571 1915 3609 vero
1958 3555 2062 3610 Do-

507 3635 708 3688 minum
746 3636 1006 3690 dicentem
1033 3640 1350 3695 audiamus:
1394 3660 1412 3692 ι
1447 3642 1502 3695 Si
1530 3648 1927 3712 cognosceretis
1953 3664 2057 3713 me,

508 3725 690 3793 utique
732 3735 785 3780 et
830 3725 1040 3783 Patrem
1087 3744 1262 3782 meum
1312 3736 1735 3800 cognosceretis,
1780 3747 1832 3789 et
1869 3741 2060 3793 amodo

507 3817 832 3883 cognoscitis
867 3832 1010 3881 eum,
1055 3819 1336 3888 ipsumque
1369 3822 1598 3878 vidistis.
1648 3843 1667 3876 ι
1705 3824 1921 3880 Thomas
1959 3830 2060 3883 hoc

507 3907 603 3971 ait,
635 3923 664 3959 a
698 3922 805 3976 quo
832 3909 879 3961 ei
910 3910 1110 3962 dictum
1147 3909 1339 3977 fuerat,
1361 3910 1476 3978 Quo
1507 3915 1655 3968 vadis
1687 3917 1974 3981 nescimus,
2006 3929 2060 3973 et

506 3998 772 4064 quomodo
807 4016 1088 4068 possumus
1126 4002 1263 4055 viam
1303 4004 1478 4058 scire?
1516 4006 1787 4076 Docetque
1846 4025 1968 4064 eum
2006 4021 2058 4066 et

508 4088 742 4158 reliquos
779 4091 937 4144 simul
983 4093 1273 4161 apostolos,
1308 4095 1576 4150 hominem
1607 4097 1698 4168 qui
1739 4099 1840 4153 sibi
1880 4103 2056 4156 credi-

506 4179 663 4245 derit,
713 4182 837 4234 dum
888 4182 958 4236 ita
993 4184 1164 4251 ipsum
1206 4188 1399 4240 mentis
1444 4188 1615 4244 oculis
1663 4191 1834 4254 videt,
1881 4190 2058 4246 Patris

504 4283 717 4337 quoque
750 4269 861 4322 ﬁeri
904 4279 1281 4338 spectatorem,
1321 4276 1573 4344 quoniam
1622 4277 1780 4332 Pater
1828 4280 1879 4332 in
1923 4279 2058 4335 Filio

502 4361 828 4428 agitoscitur.
878 4361 1004 4417 llaec
1049 4363 1324 4434 Philippus
1376 4381 1480 4421 non
1535 4369 1860 4440 intelligens,
1905 4383 2056 4443 rogat

506 4450 651 4504 illum
707 4451 933 4507 dicens:
986 4471 1004 4504 ι
1039 4454 1269 4509 Ostende
1317 4457 1470 4512 nobis
1520 4457 1735 4514 Patrem
1788 4472 1956 4528 tuum,
2002 4475 2056 4516 et

503 4542 698 4597 sufﬁcit
727 4544 917 4610 nobis;
959 4563 981 4597 ι
1027 4558 1303 4615 propterea
1343 4565 1446 4603 non
1499 4550 1765 4617 laudatur,
1808 4553 1931 4622 quia
1973 4569 2058 4607 se-

501 4634 734 4688 cundum
781 4634 1062 4690 haereticos
1113 4639 1260 4712 visus
1296 4650 1380 4694 est
1433 4652 1621 4710 optare
1653 4644 1823 4712 majus
1855 4644 2054 4712 aliquid

500 4739 755 4789 cernere;
781 4725 874 4780 sed
909 4711 1318 4794 reprehenditur
1354 4732 1549 4800 potius,
1580 4747 1675 4786 ceu
1716 4711 1806 4802 qui
1843 4735 1893 4787 in
1922 4711 2056 4789 Filio

498 4810 711 4868 Patrem
738 4828 844 4868 non
880 4815 1103 4873 viderat.
1137 4835 1156 4867 ι
1193 4817 1365 4872 Tanto
1390 4821 1554 4884 enim,
1582 4822 1776 4891 inquit,
1814 4833 2052 4894 tempore

499 4904 774 4959 vobiscum
802 4918 941 4973 sum,
968 4921 1142 4976 neque
1168 4923 1252 4963 me
1279 4909 1452 4965 adhuc
1476 4911 1691 4975 novisti,
1718 4911 1992 4982 Phiiippe?
2023 4934 2042 4967 ι

498 4995 660 5063 Atqui
704 5010 808 5050 non
856 4998 1070 5066 ipsum,
1129 5001 1224 5054 sed
1279 4997 1493 5054 Patrem
1553 5003 1734 5057 videre
1779 5004 2053 5073 Philippus

499 5087 741 5156 optabat.
780 5085 888 5143 Cur
921 5103 1048 5156 ergo
1081 5091 1490 5159 reprelienditur
1525 5095 1665 5161 quod
1711 5092 1901 5146 Filium
1946 5113 2048 5150 non

500 5179 845 5247 cognoverit?
887 5178 1150 5235 Nimirum
1189 5181 1344 5237 Jesns
1380 5183 1480 5236 hac
1530 5185 1709 5239 addita
1758 5187 2050 5256 reprelien-

501 5272 682 5338 sione,
728 5287 943 5328 causam
971 5274 1048 5330 rei
1082 5275 1351 5331 declarat:
1394 5295 1411 5329 ι
1451 5276 1583 5332 Nam
1612 5279 1703 5349 qui
1747 5295 1832 5335 me
1871 5281 2045 5346 novit,

567 5447 788 5514 "Joan.
831 5464 930 5517 xu,
965 5451 1056 5517 44,
1088 5453 1178 5507 45.
1253 5453 1296 5485 ⁵⁸
1327 5453 1478 5510 Joan.
1521 5471 1630 5521 xiv,
1672 5459 1823 5512 642.

2410 513 2516 565 τοῦ
2556 507 2782 578 Πατρός
2824 508 2937 575 τὴν
2972 509 3188 561 οὐσίαι·
3223 507 3519 570 ἐδίδαξεν.

2255 646 2371 698 Ἵνα
2400 646 2454 698 δὲ
2487 644 2578 697 καὶ
2601 643 2660 708 ἐξ
2688 644 2876 711 ἐτέρας
2905 641 3208 710 μαρτυρίας
3236 640 3296 693 τὸ
3323 639 3608 709 όμοούσιον
3636 642 3747 696 δεί-

2183 734 2378 803 ξωμεν,
2411 733 2573 786 αὐτοῦ
2627 733 2720 786 τοῦ
2768 731 2968 801 Κυρίου
3016 730 3336 799 ἀκούσωμεν
3388 730 3617 798 βοῶντος
3653 734 3749 785 καὶ

2180 825 2447 889 λέγοντος,
2479 825 2539 875 ού
2587 826 2699 886 τοῖς
2742 822 3056 883 ἀποστόλοις
3107 823 3285 890 μόνον,
3317 822 3454 874 ἀλλὰ
3498 823 3590 874 καὶ
3635 828 3749 885 τοῖς

2169 914 2494 974 Ἶουδαίοιρ
2548 914 2647 968 ιὈ
2692 913 2956 966 πιστεύων
3004 912 3084 972 είς
3130 910 3338 979 ἐμέ,οὐ
3388 912 3629 964 πιστεύει
3667 915 3746 974 εἰς

2179 1002 2297 1070 ἐμὲ,
2323 1003 2435 1055 ἀλλ’
2467 1003 2546 1065 εἰς
2590 1003 2680 1055 τὸν
2715 1001 3000 1070 πέμψαντὰ
3036 1017 3121 1068 με.
3161 999 3272 1052 Καὶ
3300 1001 3328 1051 6
3358 999 3580 1069 θεωρῶν
3619 1002 3743 1070 ἐμὲ,

2179 1092 2373 1160 θεωρεῖ
2402 1093 2501 1160 ,τὸν
2549 1092 2836 1161 πέμψαντά
2882 1108 2948 1160 με
2975 1108 2989 1122 ο
3022 1087 3129 1157 ἐγὼ
3157 1090 3268 1158 φῶς
3302 1092 3380 1153 είς
3417 1076 3507 1141 τὸν
3542 1092 3746 1161 κόσμσν

2178 1181 2428 1251 ἐλήλυθα,
2463 1182 2545 1233 ἵνα
2578 1183 2606 1233 6
2634 1180 2902 1233 πιστεύων
2945 1182 3024 1242 είς
3069 1180 3168 1249 ἐμὲ
3215 1180 3274 1231 ἐν
3323 1181 3388 1248 τῇ
3439 1180 3628 1248 σκοτίᾳ
3667 1181 3742 1248 μὴ

2181 1275 2356 1343 μείνῃ.
2389 1293 2405 1323 ι
2447 1275 2507 1325 Ei
2538 1273 2714 1326 τοίνυν
2738 1274 2766 1325 6
2789 1270 3008 1342 θεωρῶν
3033 1271 3124 1323 τὸν
3148 1271 3272 1324 Υἱὺν
3295 1273 3372 1334 είς
3401 1270 3492 1321 τὸν
3523 1272 3746 1340 Πατέρα

2176 1364 2487 1433 πιστεύειι,
2525 1363 2623 1416 ποῦ
2659 1364 2718 1416 τὸ
2754 1363 2934 1433 μεῖξον
2967 1363 3061 1416 καὶ
3086 1362 3147 1414 τὸ
3178 1362 3432 1428 ἐλαττον;
3464 1363 3521 1414 ἐν
3540 1361 3649 1432 γὰρ
3664 1362 3746 1430 τῷ

2175 1457 2415 1508 ἐλάττονι
2459 1455 2809 1526 σμικρύνεται
2838 1455 2900 1508 τὸ
2930 1454 3134 1524 μεῖζον,
3163 1454 3257 1507 καὶ
3289 1454 3349 1506 ού
3377 1453 3701 1524 γνωρίζεται
3727 1471 3742 1484 ο

2173 1549 2220 1600 εἰ
2255 1548 2309 1600 δὲ
2343 1549 2370 1599 6
2396 1546 2582 1622 Πατὴρ
2612 1546 2832 1616 μείζων,
2859 1545 2975 1608 πῶς
3001 1547 3058 1598 ὲν
3083 1545 3162 1614 τῷ
3193 1545 3307 1614 Υίῷ
3340 1545 3658 1613 θεωρεῖται;
3692 1547 3743 1598 εξ

2171 1640 2225 1692 δὲ
2259 1630 2540 1708 θεωρεῖται
2565 1640 2621 1692 ἐν
2649 1637 2780 1707 Υίῷ,
2809 1639 2884 1700 ὼς
2912 1639 2968 1690 ἐν
2994 1639 3093 1706 ῖσῳ
3117 1635 3357 1703 δηλονότι
3381 1637 3709 1707 γνωρίζεται
3727 1654 3739 1665 ·

2170 1728 2440 1798 δηλωτικὰ
2471 1729 2580 1798 γὰρ
2605 1728 2848 1798 ἀλλήλων
2885 1728 2953 1781 τὰ
2991 1727 3110 1780 ἴσα·
3142 1727 3235 1779 καὶ
3256 1727 3417 1779 πάλιν
3445 1729 3560 1794 μετ’
3584 1727 3744 1794 ὀλίγα

2170 1820 2327 1881 αὐτὸς
2359 1821 2388 1871 6
2419 1820 2620 1890 Κύριός
2650 1835 2781 1890 φησι
2809 1821 2920 1880 τοῖς
2956 1819 3272 1882 ἀποστόλοις
3291 1835 3306 1851 ο
3340 1838 3359 1870 ι
3382 1818 3523 1886 Ἐγώ
3562 1821 3678 1889 ειμι
3707 1822 3740 1889 ἡ

2168 1913 2306 1974 ὁδὸς,
2338 1914 2430 1964 καὶ
2462 1912 2763 1982 ήάλήθεια,
2785 1912 2880 1964 καὶ
2911 1913 2943 1983 ή
2977 1913 3086 1982 ζωή
3109 1929 3121 1941 ·
3156 1912 3329 1974 οὐδεὶς
3359 1912 3576 1982 ἔρχεται
3600 1913 3742 1982 πρὸς

2167 2003 2257 2055 τὸν
2304 2003 2541 2072 Πατέρα,
2589 2006 2637 2056 εί
2683 2005 2757 2073 μὴ
2804 2003 2868 2056 δι’
2900 2004 3066 2073 ἐμοῦ·
3108 2005 3156 2056 εί
3189 2003 3474 2070 ἐγνώκειτέ
3522 2020 3610 2072 με,
3645 2003 3742 2054 καὶ

2167 2094 2255 2144 τὸν
2281 2095 2494 2164 Πατέρα
2519 2112 2618 2163 μου
2639 2093 2925 2162 ἐγνώκειτε
2946 2094 3032 2155 ἂν,
3056 2095 3148 2147 καὶ
3180 2093 3412 2163 ἀπ’ᾶρτι
3443 2092 3745 2160 γινώσκετε

2167 2187 2328 2239 αὑτὸν
2356 2188 2449 2238 καὶ
2480 2187 2759 2256 ἑωράκατε
2785 2186 2966 2238 αὐτόν.
3003 2186 3167 2253 Λέγει
3193 2185 3250 2237 δὲ
3279 2183 3429 2254 αύτῷ
3449 2183 3738 2245 Φίλιππος’

2168 2279 2359 2347 Κύριε,
2394 2277 2564 2343 δεῖξον
2585 2280 2718 2346 ἡμῖν
2743 2276 2833 2329 τὸν
2863 2275 3079 2346 Πατέρα
3109 2293 3223 2340 σου,
3250 2276 3346 2330 καὶ
3385 2277 3549 2345 ἀρκεῖ
3583 2277 3740 2344 ἡμῖν.

2168 2375 2326 2440 Λέγει
2356 2374 2502 2443 αὐτῷ
2543 2377 2572 2426 6
2607 2373 2846 2444 Ἰησοῦς·
2884 2373 3148 2426 Τοσοῦτον
3192 2373 3383 2443 χρόνον
3431 2373 3550 2442 μεθ’
3583 2374 3741 2443 ὑμῶν

2168 2466 2302 2533 εἰμι,
2332 2463 2424 2515 καὶ
2474 2463 2572 2516 οὐκ
2614 2462 2855 2530 ἔγνωκάς
2889 2480 2978 2532 με,
3006 2462 3239 2515 Φίλιππε
3267 2463 3381 2533 (1);
3421 2465 3448 2516 6
3475 2463 3742 2533 ἑωρακὼς

2168 2557 2284 2624 ἐμὲ,
2313 2556 2518 2623 ἑώρακε
2541 2555 2634 2606 καὶ
2662 2554 2752 2606 τὸν
2769 2553 2985 2623 Πατέρα
3011 2571 3111 2624 μου
3131 2569 3145 2583 ·
3176 2554 3273 2608 καὶ
3303 2553 3419 2617 πῶς
3444 2554 3506 2606 σὺ
3535 2554 3738 2622 λέγεις,

2164 2646 2346 2711 Δεῖξον
2375 2648 2505 2715 ἡμῖν
2536 2646 2627 2697 τὸν
2648 2646 2896 2714 Πατέρα;
2932 2645 2992 2698 οὐ
3027 2643 3300 2707 πιστεύεις
3323 2645 3405 2697 ὅτι
3433 2642 3542 2712 ἐγὼ
3572 2647 3629 2697 ἐν
3659 2643 3741 2713 τῷ

2168 2735 2360 2805 Πατρὶ,
2390 2735 2484 2788 καὶ
2510 2736 2537 2785 6
2563 2735 2747 2804 Πατὴρ
2777 2737 2833 2786 ἐν
2861 2735 2983 2802 ἐμοί
3015 2735 3165 2800 ἐστι;
3195 2735 3275 2788 Τὰ
3302 2737 3521 2807 ῥήματα
3539 2734 3574 2789 ἃ
3593 2734 3741 2788 λαλῶ

2168 2827 2298 2897 ἐγὼ,
2331 2828 2424 2880 ἀπ’
2457 2825 2693 2894 ἐμαυτοῦ
2739 2825 2797 2879 ού
2845 2825 2989 2878 λαλῶ
3013 2842 3026 2856 ·
3073 2827 3101 2878 6
3144 2826 3201 2878 δὲ
3245 2826 3435 2897 Πατὴρ
3462 2828 3490 2879 6
3520 2827 3576 2878 ἐν
3614 2826 3740 2896 ἐμοὶ

2172 2918 2364 2985 μένων,
2402 2915 2560 2979 αὐτὸς
2591 2919 2734 2968 ποιεῖ
2769 2916 2836 2968 τὰ
2869 2915 3037 2984 ἔργα·
3069 2917 3350 2969 πιστεύετέ
3393 2934 3482 2986 μοι
3512 2917 3594 2970 ὅτι
3625 2916 3738 2984 ἐγὼ

2167 3011 2222 3061 ἐν
2250 3008 2327 3075 τῷ
2357 3010 2550 3077 Πατρὶ,
2585 3007 2677 3060 καὶ
2710 3008 2738 3059 6
2772 3007 2957 3077 Πατὴρ
2991 3009 3048 3060 ἐν
3073 3008 3226 3077 ἐμοί·
3255 3010 3302 3062 εί
3333 3008 3388 3061 δὲ
3419 3010 3514 3081 μὴ,
3553 3008 3641 3062 διὰ
3668 3009 3738 3062 τὰ

2089 3113 2132 3168 C
2166 3099 2299 3169 ἔργα
2333 3101 2472 3152 αὐτὰ
2511 3099 2794 3152 πιστεύετέ
2837 3117 2944 3167 μοι.
2977 3119 2995 3150 ι

2235 3189 2299 3240 Τί
2329 3189 2532 3242 τούτων
2560 3189 2667 3242 τῶν
2697 3191 2956 3260 ῥημάτιον
2983 3190 3310 3260 σαφέστερον
3333 3208 3347 3256 ;
3375 3191 3427 3243 τί
3453 3192 3552 3263 τῆς
3585 3192 3736 3246 διδα-

2165 3277 2393 3339 σκαλίας
2416 3277 2617 3346 ταύτης
2648 3277 3056 3348 φανερώτερονς
3114 3279 3273 3343 Ἀλλ’,
3307 3281 3384 3343 ὡς
3426 3280 3590 3348 ἔοικε,
3625 3281 3737 3336 τῶν

2176 3367 2443 3421 Ἰουδαίων
2466 3369 2527 3420 τὸ
2560 3363 2822 3438 κάλυμμα
2853 3373 2934 3432 είς
2973 3371 3069 3441 τὴν
3107 3371 3214 3424 τῶν
3241 3373 3532 3443 αίρετικῶν
3567 3390 3736 3444 μετα-

2163 3459 2362 3528 ϐέϐηκε
2391 3459 2654 3513 διάνοιαν·
2687 3461 2766 3514 διὸ
2794 3462 2858 3513 τὰ
2899 3461 2991 3514 τοῦ
3042 3460 3192 3530 ἡλίου
3237 3463 3588 3535 φανερώτερα
3616 3481 3737 3516 συν-

2161 3550 2294 3618 ορᾷν
2345 3551 2443 3602 οὐκ
2491 3550 2770 3613 ἐθέλουσι,
2821 3553 2919 3622 τὴν
2980 3552 3300 3624 αὐθαίρετον
3358 3554 3584 3627 ὁμίχλην
3632 3557 3736 3627 τῆς

2161 3642 2384 3706 ἀγνοίας
2440 3644 2904 3714 ἐπισπασάμενοι·
2952 3647 3109 3714 ἡμεῖς
3155 3646 3212 3698 δὲ
3261 3647 3581 3717 ἀκούσωμεν
3635 3647 3732 3704 τοῦ

2159 3732 2363 3802 Κυρίου
2402 3733 2665 3800 λέγοντος·
2709 3755 2725 3785 ι
2749 3737 2811 3788 Ei
2838 3736 3122 3802 ἐγνώκειτέ
3155 3755 3244 3809 με,
3279 3740 3484 3794 καὶτὸν
3512 3740 3735 3813 Πατέρα

2163 3841 2264 3891 μου
2311 3825 2601 3891 ἐγνώκειτε
2647 3827 2741 3880 ἄν·
2782 3828 2876 3881 καὶ
2922 3830 3014 3881 ἀπ’
3044 3829 3168 3898 ἄρτι
3204 3831 3505 3897 γικώσκετε
3542 3833 3729 3898 αὑτὸν,

2160 3916 2254 3967 καὶ
2284 3917 2565 3984 ἑωράκατε
2599 3918 2811 3971 αὐτόν’»
2836 3918 2911 3988 τῷ
2937 3920 3105 3990 Θωμᾷ
3134 3921 3290 3974 τοῦτο
3312 3922 3459 3992 λέγει
3487 3924 3731 3994 εἰρηκότι

2158 4005 2327 4075 αὐτῷ,
2366 4006 2472 4059 Ποῦ
2516 4008 2743 4075 ὑπάγεις
2789 4011 2886 4063 ούκ
2918 4012 3155 4082 οῖδαμεν,
3185 4015 3277 4066 καὶ
3304 4015 3402 4085 τὴν
3449 4016 3566 4070 ὁδὸν
3611 4017 3731 4082 πῶς

2157 4097 2353 4149 εἰδέναι
2381 4097 2683 4167 δυνάμεθα;
2717 4101 2807 4153 καὶ
2832 4101 3070 4156 διδάσκει
3103 4104 3286 4169 αὑτὸν,
3323 4110 3414 4158 καὶ
3450 4107 3577 4170 τοὺς
3617 4107 3729 4161 λοι-

2158 4189 2293 4250 ποὺς
2342 4189 2704 4254 ἀποστόλους,
2763 4193 2838 4255 ὡς
2892 4193 3038 4263 αύτῷ
3085 4195 3113 4247 6
3168 4197 3564 4262 πεπιστευκὼς,
3613 4202 3732 4263 τοῖς

2155 4279 2452 4350 ὀφθαλμοῖς
2498 4282 2595 4352 τῆς
2638 4283 2874 4348 διανοίας
2920 4285 3253 4356 θεασάμενος
3287 4288 3470 4353 αὑτὸν,
3503 4293 3596 4343 καὶ
3629 4290 3728 4344 τοῦ

2157 4371 2370 4441 Πατρὸς
2418 4373 2707 4443 γεγένηται
2739 4375 2956 4444 θεατὴς,
2989 4377 3064 4439 ὡς
3098 4379 3155 4430 ἐν
3198 4378 3346 4449 αὐτῷ
3385 4379 3478 4433 τοῦ
3516 4381 3729 4452 Πατρὸς

2158 4457 2579 4527 γνωριζομένου.
2616 4457 2799 4514 Ταῦτα
2832 4462 3093 4525 Φίλιππος
3125 4464 3199 4534 μὴ
3245 4466 3445 4529 συνεὶς,
3473 4481 3729 4537 παρακα-

2162 4549 2242 4602 λεῖ
2272 4550 2436 4602 αὐτὸν
2460 4551 2633 4619 λέγων
2655 4569 2668 4582 ·
2703 4572 2721 4604 ι
2752 4554 2932 4620 Δεῖξον
2957 4556 3085 4624 ἡμῖν
3124 4555 3215 4609 τὸν
3244 4556 3462 4626 Πατέρα
3490 4574 3606 4622 σου,
3633 4561 3729 4615 καὶ

2161 4644 2320 4714 ἀρκεῖ
2366 4645 2500 4714 ἡμῖν
2521 4660 2534 4674 ⁸
2565 4663 2585 4697 ι
2623 4646 2717 4699 καὶ
2761 4649 2860 4701 ούκ
2890 4649 3206 4715 ἐπαινεῖται,
3229 4649 3307 4713 ὡς
3335 4650 3396 4703 τὸ
3427 4651 3566 4704 κατὰ
3597 4655 3727 4716 τοὺς

2159 4735 2470 4805 αἱρετικους
2497 4735 2677 4804 μεῖζον
2700 4737 2826 4791 ἰδεῖν
2851 4738 3194 4809 ἐπιθυμήσας
3211 4757 3228 4773 ο
3251 4740 3370 4794 ἀλλ’
3389 4741 3723 4810 ἐγκαλεῖται,

2158 4828 2236 4890 ὡς
2284 4828 2360 4898 μὴ
2406 4828 2732 4899 θεασάμενος
2778 4832 2836 4884 ἐν
2861 4831 2972 4901 Υῐῷ
3000 4833 3092 4886 τὸν
3123 4833 3340 4903 Πατέρα
3359 4851 3373 4866 ’
3415 4852 3432 4885 ι
3463 4834 3726 4888 Τοσοῦτον

2153 4919 2280 4989 γὰρ,
2314 4921 2466 4990 φησὶ,
2500 4922 2689 4990 χρόνον
2721 4922 2836 4992 μεθ’
2865 4923 3017 4993 ὑμῶν
3063 4927 3197 4996 εἰμι,
3226 4927 3322 4977 καὶ
3357 4925 3456 4979 ούκ
3480 4923 3722 4992 ἔγνωκάς

2153 5029 2241 5079 με.
2277 5013 2539 5074 (Pilatus;
2567 5033 2583 5064 ι
2616 5015 2726 5067 Καὶ
2761 5014 2864 5085 μὴν
2888 5016 2987 5068 ούκ
3017 5016 3196 5081 αὑτὸν,
3227 5016 3360 5069 ἀλλὰ
3391 5019 3480 5070 τὸν
3505 5017 3723 5087 Πατέρα

2148 5107 2176 5155 ὁ
2205 5104 2467 5165 Φίλιππος
2494 5105 2618 5158 ἰδεῖν
2645 5107 2957 5178 ἐπεθύμησε
2977 5122 2993 5138 ⁸
3031 5107 3150 5170 πῶς
3182 5103 3274 5161 οὖν
3305 5109 3616 5175 ἐγκαλεῖται
3642 5108 3722 5173 ὡς

2147 5195 2246 5247 ούκ
2283 5194 2538 5263 ἐγνωκὼς
2573 5197 2663 5250 τὸν
2691 5198 2853 5263 Υῖόνς
2905 5200 2970 5268 τῇ
3021 5199 3280 5269 ἐπαγωγῇ
3317 5200 3408 5252 τού
3439 5199 3719 5269 ἐγκλήμα-

2148 5301 2236 5348 τος
2267 5286 2365 5354 τὴν
2394 5287 2571 5340 αἰτίαν
2595 5287 2745 5360 δηλοί
2762 5306 2775 5318 ·
2824 5307 2842 5338 ι
2865 5290 2922 5342 ’0
2952 5288 3212 5358 ἑωρακὼς
3232 5289 3362 5359 γὰρ,
3387 5289 3573 5359 φησὶν,
3594 5289 3716 5358 ἐμὲ,

2236 5477 2260 5503 ι
2291 5465 2373 5516 70'.
2407 5465 2496 5518 τὸν
2528 5467 2743 5536 Πατέρα
2773 5469 2982 5537 θεωρεῖ.

562 5608 636 5674 (Ι)
678 5605 751 5686 Ita
775 5609 1009 5666 seliabct
1029 5611 1077 5666 in
1097 5611 1198 5666 hoc
1214 5611 1395 5668 codice
1418 5622 1468 5669 ct
1491 5613 1608 5669 aliis
1633 5617 1851 5676 vei-hum
1880 5618 2121 5686 ἔγνωκας
2189 5622 2442 5692 singulari
2489 5639 2744 5690 numero;
2782 5634 2833 5680 ct
2893 5635 3147 5698 pnctcrca
3215 5626 3291 5681 sic
3326 5626 3377 5681 in
3407 5635 3591 5681 nostro
3619 5624 3701 5681 in-

506 5675 856 5747 terpungitur.
