4036 6336
378 338 515 394 1173

1716 332 1803 387 DE
1841 331 2239 390 TRINITATE.

3504 337 3643 393 H76

377 453 588 525 ἑώρακε
616 453 703 507 τὸν
729 454 966 523 Πατέρα.
989 474 1004 506 ι
1036 454 1145 506 Kal.
1175 452 1288 517 πῶς
1316 454 1378 506 σὺ
1403 453 1602 519 λέγεις,
1626 453 1807 515 Δεῖξον
1830 455 1959 521 ήμῖν

2067 453 2263 519 inquit,
2311 455 2456 507 novit
2500 464 2552 506 et
2586 453 2819 509 Patrem.
2860 474 2876 505 ι
2910 454 3190 521 Quomodo
3241 468 3370 523 ergo
3426 461 3478 507 lu
3540 457 3645 518 ais,

375 544 466 597 τὸν
488 544 706 615 Πατέρα
725 546 968 615 ;”Ετερός
998 547 1132 615 ειμι,
1163 548 1347 616 φησὶν,
1380 544 1522 596 κατὰ
1553 544 1612 595 τὸ
1640 544 1952 615 πρόσωπον,

376 639 435 690 οὐ
482 638 625 691 κατὰ
670 638 766 706 τὴν
813 637 1005 704 φύσινο
1053 639 1171 692 ὅλον
1212 641 1268 691 ὲν
1302 637 1448 707 αὐτῷ
1480 638 1554 707 (l)
1588 638 1679 689 τὸν
1736 637 1957 707 Πατέρα

380 728 701 798 περιφέρωο
769 731 1007 797 σφραγὶς
1070 730 1177 799 γάρ
1241 731 1354 797 εἰμι
1424 727 1519 781 τοῦ
1595 730 1957 797 γεννήσαντος

376 816 816 884 ἀπαράλλακτος,
850 819 1136 888 χαρακτήρ
1168 819 1280 886 εἰμι
1302 816 1403 886 τῆς
1447 816 1539 869 τοῦ
1587 817 1799 886 Πατρὸς
1826 818 1957 868 ὑπο-

380 906 641 969 στάσεως,
664 908 826 959 εἰκὼν
854 909 1056 979 φυσικὴ
1078 910 1155 978 τῷ
1171 910 1490 979 γεννήσαντι
1514 908 1953 977 συνυπάρχουσα·

376 1002 503 1052 ὅταν
537 1001 715 1051 τοίνυν
750 1000 877 1053 ἰδεῖν
908 1000 1167 1073 ἐθελήσῃς
1207 1003 1429 1065 ἐκεῖνον,
1460 1003 1539 1063 εἰς
1589 1000 1687 1069 ἐμὲ
1730 996 1959 1051 ἀποϐλέ-

374 1088 507 1155 ψας,
538 1089 797 1159 ἑκάτερον
843 1090 994 1157 ὄψει·
1042 1090 1163 1157 δψει
1211 1089 1266 1141 δὲ
1316 1089 1377 1141 οὐ
1426 1092 1539 1151 τοῖς
1583 1085 1678 1140 τοῦ
1712 1087 1958 1156 σώματος

373 1182 693 1252 ὀφθαλμοῖς,
728 1182 863 1235 ἀλλὰ
894 1184 1004 1245 τοῖς
1033 1182 1130 1251 τῆς
1167 1182 1400 1244 πεστεως
1426 1198 1440 1213 ·
1474 1184 1567 1234 καὶ
1598 1183 1708 1243 τοῖς
1737 1181 1835 1250 τῆς
1870 1179 1958 1231 πί-

374 1289 548 1335 στεως
597 1272 652 1325 δὲ
702 1272 974 1336 τοσοῦτον,
1006 1273 1128 1325 ὅσον
1167 1273 1370 1338 γνῶναι
1418 1272 1517 1335 τὰς
1560 1272 1859 1341 ἐνεργείας,
1895 1273 1955 1322 οὐ

370 1366 475 1434 τὴν
512 1364 695 1433 φύσιν,
731 1365 763 1435 ἦ
793 1366 893 1434 τὴν
924 1365 1110 1417 οὐσίαν
1138 1382 1147 1391 ·
1180 1366 1354 1418 πάντα
1386 1366 1495 1434 γὰρ
1530 1362 1654 1415 νοῦν
1688 1364 1720 1432 ή
1756 1363 1957 1429 ταύτης

373 1457 693 1527 ὐπερόαινει
716 1456 1017 1526 κατάληψις
1037 1474 1051 1486 ·
1075 1458 1155 1510 6-.6
1177 1457 1455 1526 ἐπήγαγεν
1475 1472 1486 1485 ⁸
1516 1475 1533 1506 ι
1559 1456 1635 1507 Οὐ
1659 1454 1956 1514 πιστεύεις,

370 1548 456 1599 ὃτι
487 1547 598 1616 ἐγὼ
632 1549 689 1600 ἐν
716 1546 795 1616 τῷ
820 1549 1013 1618 Πατρὶ,
1056 1551 1150 1601 καὶ
1178 1551 1205 1602 6
1234 1549 1425 1617 Πατὴρ
1450 1550 1507 1600 ἐν
1542 1547 1665 1617 ἐμοί
1696 1547 1845 1609 ὲστι;
1893 1546 1958 1597 τὰ

372 1642 618 1711 ῥήματα,
648 1642 682 1695 ἃ
715 1642 825 1708 ἐγὼ
858 1641 1023 1707 λαλῶ,
1069 1643 1162 1695 ἀπ’
1194 1639 1432 1709 ἐμαυτοῦ
1478 1642 1538 1693 ού
1584 1640 1750 1705 λαλῶ,
1784 1639 1898 1691 ἀλλ’
1931 1640 1958 1689 6

373 1732 566 1803 Πατήρ
614 1749 717 1801 μου
763 1735 791 1785 6
837 1734 893 1784 ἐν
922 1734 1044 1803 ἐμοὶ
1092 1734 1289 1801 μένων,
1319 1734 1480 1796 αὐτὸς
1513 1735 1659 1785 ποιεί
1689 1733 1755 1784 τὰ
1798 1731 1954 1801 ἔργα.

2057 543 2295 597 Ostende
2345 545 2499 598 nobis
2539 546 2796 599 Patrem?
2861 546 3043 609 Alius,
3096 546 3303 613 inquit,
3355 560 3475 600 sum
3526 561 3647 614 per-

2058 650 2209 700 sona,
2246 648 2351 688 non
2381 644 2596 701 natura,
2633 645 2799 690 totum
2833 637 2885 691 in
2924 637 3132 706 meipso
3166 637 3382 690 Patrem
3407 636 3646 692 circum-

2058 727 2195 790 fero,
2230 741 2351 779 sum
2396 727 2539 780 enim
2586 728 2819 797 sigillum
2859 727 3091 797 genitori
3142 727 3513 791 simillimum,
3547 741 3647 795 pa-

2061 828 2227 871 ternae
2266 819 2437 886 llgura
2482 819 2836 880 substantiae,
2878 818 3139 871 naturalis
3188 820 3366 886 imago
3406 817 3645 886 gignenti

2058 908 2413 963 coexsistens.
2451 908 2585 963 Cum
2613 924 2745 979 ergo
2772 910 2921 964 illum
2954 909 3138 963 videre
3170 910 3405 963 volueris
3426 950 3441 976 ,
3469 910 3520 962 in
3563 923 3650 964 me

2062 1001 2294 1067 respice,
2320 1008 2373 1053 et
2397 999 2615 1069 697m
2643 1012 2933 1071 utrumque
2958 1002 3185 1055 videbis.
3218 999 3436 1054 Videbis
3466 1009 3646 1054 tamen

2064 1091 2203 1143 haud
2230 1091 2473 1159 corporis
2508 1092 2598 1145 sed
2635 1090 2757 1146 ﬁdei
2795 1091 3007 1146 oculis:
3055 1103 3105 1145 el
3158 1090 3373 1159 quidem
3420 1100 3651 1144 eatenus

2064 1182 2181 1235 tidei
2216 1183 2417 1246 oculis,
2462 1192 2733 1251 quatenus
2778 1183 3122 1251 operationes
3163 1196 3493 1249 cognoscas,
3542 1198 3649 1235 non

2062 1278 2311 1322 naturam
2340 1281 2431 1323 aut
2462 1272 2865 1335 substantiam;
2899 1270 3196 1338 quamlibet
3226 1271 3371 1323 enim
3413 1281 3648 1325 mentem

2061 1361 2477 1428 comprehensio
2515 1363 2632 1417 haec
2670 1363 2903 1417 excedit.
2939 1361 3145 1417 Idcirco
3189 1364 3438 1418 addidit:
3480 1382 3497 1415 ι
3530 1362 3647 1417 Non

2061 1456 2239 1510 credis
2292 1458 2416 1524 quia
2444 1472 2545 1527 ego
2567 1458 2617 1511 in
2649 1456 2830 1520 Patre,
2862 1465 2915 1510 et
2939 1456 3101 1511 Pater
3130 1459 3182 1509 in
3212 1472 3298 1511 me
3324 1457 3448 1512 est?
3474 1456 3647 1512 Verba

2061 1560 2180 1613 quae
2213 1561 2313 1614 ego
2350 1547 2562 1614 loquor,
2616 1562 2646 1599 a
2687 1547 2892 1614 meipso
2937 1561 3042 1601 non
3084 1548 3297 1616 loquor,
3357 1550 3451 1603 sed
3488 1547 3652 1603 Pater

2064 1655 2216 1693 meus
2250 1641 2339 1708 qui
2378 1642 2429 1693 in
2468 1654 2553 1693 me
2604 1650 2822 1703 manet,
2861 1641 2976 1709 ipse
3023 1656 3189 1711 opera
3238 1641 3385 1696 facit.
3430 1642 3650 1696 Credite

2062 1733 2205 1798 quod
2240 1746 2340 1800 ego
2398 1734 2450 1785 in
2500 1730 2682 1799 Patre,
2720 1742 2775 1787 et
2822 1733 2983 1788 Pater
3030 1735 3083 1787 in
3138 1748 3224 1790 me
3272 1744 3398 1789 est:
3449 1734 3649 1802 alioqui

377 1822 671 1875 Πιστεύετε
699 1840 789 1892 μοι
815 1824 896 1876 ὅτι
926 1825 1037 1893 ἐγὼ
1069 1826 1128 1876 ὲν
1157 1824 1233 1894 τῷ
1263 1828 1461 1895 lla-cpi,
1499 1826 1592 1878 καὶ
1618 1826 1645 1877 6
1685 1823 1874 1893 Πατὴρ
1904 1824 1960 1874 ἐν

2064 1830 2283 1890 propter
2326 1838 2490 1889 opera
2540 1821 2654 1890 ipsa
2710 1823 2938 1878 credite.
3004 1843 3022 1876 ι
3083 1823 3140 1879 Si
3181 1839 3311 1893 ergo
3358 1826 3474 1894 ipse
3519 1826 3651 1879 dicit

370 1909 532 1978 ἐμοί’
567 1913 617 1965 ει
662 1912 721 1966 δὲ
769 1917 865 1985 μή,
898 1915 985 1969 διὰ
1013 1915 1083 1967 τὰ
1112 1914 1251 1986 ἔργα
1302 1916 1445 1969 αὐτὰ
1487 1915 1796 1969 πιστεύετε.
1833 1934 1850 1965 ι
1894 1916 1959 1968 Ei

368 2000 550 2055 τοίνυν
577 2003 647 2057 τὰ
670 2004 812 2060 αὐτὰ
842 2006 921 2076 τῷ
944 2009 1118 2079 Πατρὶ
1151 2008 1469 2076 φθέγγεται,
1503 2010 1597 2063 καὶ
1624 2010 1653 2061 6
1688 2009 1878 2077 Πατὴρ
1902 2008 1959 2060 ὲν

369 2092 525 2163 αὖτῷ
564 2095 716 2165 μένει
761 2098 855 2150 καὶ
893 2099 1053 2162 αὐτὸς
1084 2101 1143 2153 ἐν
1174 2100 1253 2171 τῷ
1279 2100 1477 2171 Πατρὶ,
1522 2101 1615 2153 καὶ
1643 2102 1670 2152 ὁ
1697 2098 1959 2170 ἑωρακὼς

370 2188 537 2243 αὑτὸν
581 2192 795 2261 ιώρακε
846 2192 936 2246 τὸν
981 2194 1225 2266 Πατέρα,
1256 2197 1405 2249 καὶὸ
1433 2194 1723 2265 γινώσκων
1770 2193 1957 2255 αὐτὸν,

365 2279 466 2333 τὸν
513 2280 734 2351 Πατέρα
783 2284 1077 2352 γινώσκει,
1133 2288 1290 2358 δῆλον
1336 2287 1507 2341 ἅπασι
1556 2290 1668 2350 τοῖς
1719 2303 1781 2354 γε
1835 2284 1961 2337 νοῦν

370 2370 557 2441 ἔχουσι
583 2373 659 2437 ὼς
690 2373 789 2444 μία
816 2375 907 2429 τοῦ
936 2378 1147 2449 Πατρὸς
1181 2381 1275 2433 κα)⁵
1311 2379 1404 2432 τοῦ
1430 2378 1561 2432 Υἱοῦ
1589 2380 1635 2451 ,α
1662 2378 1842 2447 φύσις,
1867 2376 1961 2429 καὶ

370 2464 554 2517 πάντα
583 2463 697 2535 ἔχει
731 2466 796 2520 τὰ
824 2468 918 2521 τοῦ
950 2469 1165 2538 [ἰατρὸς
1188 2473 1217 2524 6
1238 2470 1364 2533 Υἱός
1383 2488 1398 2503 ·
1432 2471 1493 2523 οὐ
1522 2469 1631 2540 γὰρ
1663 2470 1729 2523 ἂν
1758 2470 1962 2539 ἑτέρως

369 2548 572 2620 ιδὶιξεν
603 2560 662 2610 ὲν
690 2560 868 2629 ἑαυτῷ
899 2562 991 2615 τὸν
1022 2563 1263 2634 Πατέρα,
1297 2567 1347 2617 ει
1374 2565 1448 2635 μὴ
1478 2567 1657 2619 πάντα
1686 2560 1831 2635 εἶχεν
1860 2565 1961 2616 ὅσα

368 2646 399 2697 6
447 2646 653 2718 Πατὴρ,
684 2649 824 2721 πλὴν
869 2652 1039 2723 αὐτῆς
1084 2654 1185 2723 τῆς
1228 2658 1601 2726 πατρότητοςο
1648 2656 1805 2709 τοῦτο
1851 2655 1961 2724 γὰρ

372 2735 505 2790 [διον
537 2739 632 2791 τοῦ
668 2742 902 2812 nam.
932 2744 1124 2816 ὥσπερ
1156 2746 1250 2799 τοῦ
1278 2747 1410 2800 Υἱοῦ
1438 2749 1471 2818 ή
1509 2748 1714 2817 υῑότης.

412 2850 509 2902 ΙΖ’.
537 2849 738 2921 Ἑτέρα
772 2855 1113 2981 ἀπόδειξιςῇ
1140 2859 1281 2982 (ac;
1318 2857 1473 2914 εἶναι
1512 2861 1621 2915 τόν
1668 2861 1808 2915 Υὶὸν
1846 2859 1926 2926 τῷ

1114 2944 1220 2982 ατο
1254 2970 1266 2981 .

1114 2944 1266 2997 ατρι.

446 3012 660 3083 Ταύτην
707 3015 926 3085 ἰσότητα
970 3018 1063 3071 καὶ
1102 3019 1372 3089 ἑτέρωθεν
1410 3021 1526 3077 ἔστι
1567 3021 1782 3091 μαθεῖν.
1820 3017 1958 3075 Eine

373 3100 507 3201 γὰρ,
533 3103 988 3201 φησὶν,-δ⁹ιησοῦς
1010 3123 1024 3138 ο
1058 3126 1076 3159 ‹
1096 3108 1211 3161 Νῦν
1243 3108 1503 3181 ἐδοξάσθη
1534 3114 1561 3165 6
1585 3112 1713 3175 Υἱὸς
1745 3112 1839 3165 τοῦ
1865 3114 1959 3166 ἀν·
1988 3143 2030 3201 c

373 3192 618 3264 θρώπου,
650 3196 743 3248 καὶ
787 3196 817 3249 6
858 3196 993 3261 Θεὸς
1038 3198 1299 3271 ἐδοξάσθη
1344 3204 1403 3254 ὲν
1450 3203 1620 3272 αὐτῷ,
1651 3205 1747 3258 καὶ
1774 3207 1803 3258 6
1829 3204 1960 3269 Θεὸς

369 3283 587 3350 δοξάσει
603 3286 765 3339 αὐτὸν
786 3290 843 3340 ὲν
865 3289 1065 3359 ἐαυτῷ,
1088 3291 1185 3344 καὶ
1206 3292 1369 3357 εὐθὺς
1387 3293 1603 3359 δοξάσει
1625 3296 1963 3350 αὐτόν.»Καὶ

375 3374 537 3428 πάλιν
556 3392 570 3406 ’
598 3394 617 3428 ι
644 3379 844 3447 Πάτερ,
871 3382 902 3450 ή
928 3380 1047 3448 ὥρα
1074 3383 1321 3454 ἐλήλυθε,
1339 3385 1561 3451 δόξασόν
1586 3405 1680 3442 σου
1702 3389 1791 3441 τὸν
1812 3389 1957 3455 Υὶὺν,

374 3462 460 3517 τνα
493 3464 586 3518 καὶ
612 3466 643 3518 6
670 3466 797 3532 Υἱός
828 3486 921 3522 σου
954 3470 1151 3544 δοξάσῃ
1186 3491 1267 3527 σε.
1301 3477 1393 3527 »Ὢ
1420 3477 1517 3547 τῆς
1547 3478 1961 3550 ὑπερϐαλούσης

371 3557 484 3609 τῶν
531 3558 825 3628 αἱρετικῶν
868 3562 1234 3633 ἁϐελτηρίαςῖ
1266 3567 1505 3633 Μείζων,
1537 3571 1722 3641 φησιν,
1747 3574 1776 3625 6
1807 3571 1964 3637 δοξάο

373 3648 484 3713 ζων
509 3648 604 3703 τοῦ
633 3649 1020 3720 δοξαζομένου·
1065 3657 1159 3710 καὶ
1191 3656 1402 3725 δοξάζει
1451 3661 1551 3731 μὲν
1578 3662 1606 3714 6
1635 3663 1845 3735 Πατὴρ,
1877 3667 1961 3721 δοσ-

375 3737 595 3805 ξάξεται
628 3743 685 3795 δὲ
705 3742 735 3794 6
752 3744 909 3808 Υἱός·
937 3746 1139 3815 μείζων
1165 3745 1261 3805 οὖν
1287 3750 1395 3822 ἄρα
1417 3752 1511 3806 τοῦ
1537 3754 1667 3808 Υἱοῦ
1694 3757 1723 3808 6
1744 3757 1957 3829 Πατήρ.

374 3831 439 3884 Εἰ
465 3831 643 3886 τοίνυν
670 3835 697 3887 6
728 3834 857 3899 Υἱὸς
900 3836 1002 3891 οὐκ
1049 3838 1309 3912 ἐδοξάσθη
1346 3842 1530 3913 μόνον,
1561 3846 1700 3899 ἀλλὰ
1734 3848 1827 3901 καὶ
1866 3849 1959 3902 τὸν

370 3922 670 3992 δοξάσαντα
690 3926 962 3995 ἐδόξασεν,
990 3932 1153 3985 ποίαν
1177 3932 1365 4004 χώραν
1390 3935 1543 4009 σχοίη
1566 3938 1627 3991 τὸ
1650 3939 1834 4008 μεῖξον
1862 3941 1960 3995 καὶ

374 4017 438 4069 τὸ
466 4016 719 4086 ἔλαττον;
744 4022 793 4073 ει
831 4021 905 4092 μὴ
933 4023 1041 4093 ἄρα
1068 4026 1211 4079 κατὰ
1239 4027 1337 4097 τήν
1363 4027 1472 4081 τῶν
1493 4032 1805 4101 εἰρημένων
1827 4034 1960 4086 axe-

372 4107 594 4163 λουθίαν
619 4112 773 4183 παρὰ
802 4113 895 4166 τὸν
932 4114 1229 4181 δοξάζοντα
1270 4120 1586 4188 μεταϐαίνει
1624 4122 1685 4176 τὸ
1728 4122 1915 4195 μεῖζον
1938 4167 1953 4190 ,

376 4201 472 4255 καὶ
495 4202 671 4268 οὕτως
693 4205 1047 4278 εὑρεθήσεται
1070 4212 1099 4263 6
1129 4211 1279 4276 Υἱὸς,
1302 4212 1538 4267 ἐλάττων
1569 4216 1667 4286 μὲν
1697 4216 1855 4286 ήνῑκα
1890 4218 1956 4271 ἂν

372 4291 684 4366 δοξάζηται,
724 4296 923 4367 μείζων
965 4299 1023 4352 δὲ
1054 4300 1216 4370 ήνίκα
1250 4300 1319 4355 ἂν
1351 4301 1578 4377 δοξάζῃ·
1607 4306 1745 4360 ἀλλὰ
1770 4308 1832 4361 τὸ
1864 4308 1954 4361 λέ-

376 4399 491 4451 γειν
510 4384 704 4451 ταῦτα,
727 4387 1111 4458 παραπληξίας
1134 4392 1232 4445 καὶ
1262 4392 1459 4461 μανίας
1486 4394 1744 4465 ἐσχάτηςο
1760 4398 1822 4449 σὺ
1848 4398 1953 4469 γὰρ

2061 1913 2247 1966 eadem
2273 1927 2393 1980 quae
2418 1912 2616 1979 Pater;
2644 1914 2691 1967 si
2726 1914 2890 1969 Pater
2921 1916 2975 1970 in
3015 1917 3131 1983 ipso
3159 1925 3339 1970 manet
3364 1925 3420 1971 et
3449 1917 3648 1986 ipse-in

2062 2004 2257 2067 Patre;
2288 2012 2342 2057 et
2370 2004 2463 2072 qui
2496 2006 2671 2073 ipsum
2716 2006 2869 2071 vidit,
2913 2006 3045 2060 vidit
3082 2016 3137 2062 et
3178 2007 3427 2072 Patrem;
3464 2017 3519 2063 et
3559 2008 3649 2076 qui

2062 2096 2309 2150 eumdem
2354 2096 2534 2159 novit,
2572 2097 2721 2151 novit
2756 2106 2811 2152 et
2840 2097 3096 2163 Patrem;
3138 2108 3354 2154 constat
3396 2099 3650 2153 omnibus

2062 2189 2154 2257 qui
2189 2198 2369 2243 mente
2419 2190 2635 2257 quidem
2676 2204 2784 2244 non
2830 2200 3074 2256 careant,
3105 2205 3266 2245 unam
3313 2206 3435 2245 esse
3472 2190 3651 2245 Paleis

2064 2279 2296 2348 Filiique
2322 2291 2597 2348 naturam,
2621 2290 2678 2337 et
2698 2282 2879 2337 omnia
2900 2283 3105 2338 habere
3149 2300 3271 2355 quae
3295 2292 3422 2339 sunt
3448 2282 3651 2346 Patris,

2064 2371 2284 2429 Filium.
2320 2372 2508 2443 Neque
2529 2374 2675 2429 enim
2716 2374 2875 2431 aliter
2913 2376 3132 2431 Patrem
3165 2377 3218 2430 in
3246 2376 3425 2444 seipso
3451 2390 3652 2445 reprae-

2063 2474 2328 2529 sentaret,
2360 2466 2462 2521 nisi
2512 2466 2695 2521 omnia
2747 2467 2976 2523 haberet
3022 2482 3143 2538 quae
3194 2466 3379 2533 Pater,
3424 2477 3650 2536 excepta

2062 2559 2430 2626 patemitate;
2462 2568 2547 2614 est
2580 2539 2723 2627 enim
2754 2559 2869 2615 haec
2895 2558 3074 2616 Patris
3096 2560 3338 2631 propria,
3364 2558 3504 2615 sicut
3528 2555 3653 2614 Filii
3688 2608 3691 2611 ,

2063 2648 2280 2704 ﬂlietas.

2062 2847 2225 2904 XVII.
2269 2851 2452 2905 Altera
2493 2853 2875 2977 demonurg‘tag
2925 2856 3065 2924 quod
3111 2857 3335 2927 aqualis
3384 2855 3538 2911 Patri
3582 2858 3651 2911 sit

2808 2942 2823 2977 ι
2873 2941 2954 2977 tu.

2808 2941 2954 2980 ιιιιη.

2137 3010 2288 3065 Hanc
2335 3011 2553 3068 aliunde
2591 3028 2808 3084 quoque
2851 3015 3065 3071 discere
3110 3014 3477 3086 aequalitatem
3526 3032 3652 3085 pos-

2065 3116 2276 3158 sumus.
2307 3102 2455 3158 Dixit
2496 3106 2641 3159 enim
2684 3106 2885 3163 Jesus:
2940 3126 2959 3159 ι
3001 3106 3157 3164 Nunc
3194 3108 3525 3164 clariticatus
3570 3120 3653 3165 est

2065 3192 2237 3249 Filius
2282 3195 2538 3261 hominis,
2588 3204 2645 3251 et
2700 3198 2840 3254 Dens
2893 3199 3225 3257 clariﬁcatus
3256 3211 3341 3256 est
3386 3203 3438 3255 in
3474 3216 3563 3266 eo,
3598 3210 3654 3256 et

2065 3285 2208 3341 Deus
2234 3286 2557 3344 clariﬁcabit
2590 3289 2737 3344 illum
2774 3291 2828 3345 in
2860 3293 3180 3362 semetipso,
3213 3302 3267 3347 et
3300 3294 3518 3361 quidem
3547 3303 3655 3347 sta-

2065 3378 2161 3433 tim
2217 3376 2627 3438 claril'icabit“.
2692 3402 2710 3434 ι
2758 3383 2825 3438 Ει
2886 3400 3123 3441 rursus:
3183 3404 3200 3437 ι
3244 3385 3441 3451 Pater,
3504 3385 3655 3439 venit

2066 3470 2221 3536 hora,
2253 3471 2488 3527 clariﬁca
2519 3471 2715 3527 Filium
2746 3482 2919 3540 tuum,
2954 3483 3011 3529 ut
3038 3484 3092 3529 et
3122 3474 3295 3530 Filius
3329 3483 3451 3529 tuus
3482 3472 3651 3529 clari-

2065 3558 2187 3615 llcet
2222 3571 2275 3616 te
2301 3561 2365 3614 δ’.
2400 3581 2420 3615 ι
2476 3562 2521 3617 Ο
2571 3563 2839 3617 inﬁnitam
2895 3565 3275 3620 haereticorum
3322 3562 3645 3619 stultitiam!

2064 3652 2236 3723 Major
2263 3664 2368 3720 est,
2398 3655 2574 3720 aiunt,
2616 3655 2926 3711 clariﬁcans
2968 3654 3292 3711 clariﬁcato.
3324 3653 3400 3709 En
3444 3654 3650 3709 clariﬁ-

2063 3756 2148 3798 cat
2173 3743 2355 3812 Pater,
2389 3745 2555 3801 Filius
2586 3762 2719 3802 vero
2749 3747 3081 3803 clariﬁcatur
3107 3764 3123 3814 ;
3151 3747 3323 3816 major
3353 3761 3483 3817 ergo
3513 3744 3651 3800 Filio

2062 3835 2242 3892 Pater.
2268 3838 2430 3907 Atqui
2460 3838 2504 3892 sl
2530 3838 2699 3894 Filius
2726 3854 2831 3893 non
2863 3838 3035 3894 solum
3064 3848 3146 3894 est
3174 3837 3529 3900 clarificatus,
3554 3836 3649 3892 sed

2060 3928 2224 3983 etiam
2269 3928 2661 3986 clariﬁcantcm
2697 3930 3036 3995 clarificavit,
3068 3928 3293 3999 quinam
3328 3930 3415 3984 hic
3450 3927 3648 3998 majori

2060 4034 2125 4075 ac
2150 4020 2346 4075 minori
2380 4031 2628 4091 superest
2649 4021 2835 4078 locus?
2867 4020 2978 4076 Nisi
3011 4021 3172 4087 forte,
3202 4030 3262 4075 ut
3284 4035 3351 4075 ex
3376 4018 3651 4089 praedictis

2059 4118 2507 4180 consequeretur,
2544 4112 2715 4181 major
2741 4111 2981 4183 dignitas
3030 4112 3229 4167 transit
3281 4111 3347 4166 ad
3391 4126 3514 4167 eum
3556 4111 3648 4181 qui

2058 4201 2362 4269 clariﬂcat;
2396 4204 2467 4257 ita
2503 4215 2561 4257 ut
2596 4202 2763 4259 Filius
2790 4205 2970 4259 minor
2997 4204 3198 4260 evadat
3225 4218 3347 4259 cum
3381 4202 3649 4260 clariﬁca-

2059 4307 2184 4361 tur;
2234 4296 2407 4364 major
2439 4312 2563 4351 cum
2594 4298 2862 4353 clarilicat
2905 4316 2917 4351 :
2955 4312 3075 4367 quae
3122 4298 3226 4353 dici
3266 4296 3385 4351 sine
3431 4311 3642 4351 summa

2057 4387 2355 4444 stoliditate
2401 4397 2455 4444 et
2505 4390 2740 4445 amentia
2788 4401 3083 4459 nequeunt.
3152 4388 3339 4458 Neque
3382 4388 3527 4444 enim
3578 4403 3643 4442 ex

374 4476 435 4529 τὸ
461 4477 647 4547 μεῖζον
677 4479 770 4531 καὶ
798 4479 860 4532 τὸ
888 4479 1110 4536 ἔλαττον
1143 4483 1417 4548 ἐντεῦθεν,
1440 4486 1501 4539 τὸ
1529 4486 1586 4539 δὲ
1608 4489 1720 4541 τσον
1742 4490 1954 4561 Πατρὸς

2061 4480 2332 4546 ρηεὰἰειὶε
2356 4482 2532 4552 majus
2556 4482 2637 4537 vel
2668 4484 2868 4547 minus,
2886 4483 2980 4537 sed
3004 4481 3370 4551 aequalitatem
3383 4480 3560 4535 Patris
3581 4494 3647 4534 ac

373 4566 470 4621 καὶ
498 4565 629 4620 Υιοῦ
651 4568 1019 4639 διδασκόμεθα
1038 4588 1051 4600 ·
1077 4573 1348 4644 ἀκούομεν
1374 4576 1482 4647 γὰρ
1508 4578 1586 4641 ὡς
1607 4579 1700 4632 καὶ
1720 4581 1747 4631 6
1770 4580 1955 4651 Πατήρ

372 4656 585 4723 δοξάζει
621 4658 768 4719 Υιδν,
796 4662 891 4715 καὶ
922 4661 1205 4729 δοξάζεται
1254 4666 1347 4733 ὑφ’
1386 4666 1552 4721 Υἱοῦ’
1594 4669 1689 4721 καὶ
1716 4669 1843 4737 Υἱὸς
1868 4670 1953 4723 δο-

376 4746 597 4813 ξάζεται
630 4752 734 4803 ὑπὸ
774 4752 869 4806 τοῦ
905 4754 1137 4827 [las-p64,
1170 4758 1263 4810 καὶ
1290 4758 1501 4824 δοξάζει
1550 4761 1641 4814 τὸν
1692 4762 1911 4833 Πατέρα
1936 4780 1949 4792 ·

374 4837 459 4923 δτι
487 4838 517 4892 6
546 4838 932 4911 δεδοξασμένος
972 4846 1070 4916 οὐχ
1105 4847 1134 4899 6
1184 4847 1260 4918 μὴ
1307 4843 1454 4919 εἶχεν
1503 4851 1745 4923 εἴληφεν,
1784 4853 1899 4908 ἀλλ’
1926 4855 1953 4906 6

374 4922 552 4998 εἶχεν·
584 4931 644 4983 ιν
672 4930 821 5002 αύτῷ
846 4932 925 5003 τῷ
948 4935 1134 5006 χωρίῳ
1176 4937 1335 4992 τοῦτο
1360 4922 1635 4995 διδάσκει·
1669 4963 1685 4994 ι
1718 4945 1951 5008 Δόξασόν

379 5039 446 5091 με
471 5023 599 5094 γὰρ,
626 5025 779 5093 φησι,
805 5028 954 5097 παρὰ
977 5028 1178 5099 σαυτῷ.
1210 5032 1297 5097 σὺ,
1328 5032 1530 5103 Πάτερ,
1562 5038 1627 5106 τῇ
1661 5036 1786 5109 δόξῃ
1876 5036 1951 5093 si-

377 5131 490 5184 χον.
524 5114 631 5185 πρὸ
655 5115 750 5168 τοῦ
776 5116 866 5169 τὸν
897 5118 1098 5187 κόσμον
1126 5115 1288 5183 εἶναι.
1322 5124 1469 5193 παρὰ
1495 5125 1598 5182 σοί.
1634 5146 1651 5177 ι
1687 5128 1750 5179 E!
1776 5128 1832 5181 δὲ
1859 5132 1951 5184 καὶ

377 5206 484 5275 πρὸ
508 5207 601 5261 τοῦ
634 5207 725 5262 τὸν
756 5208 960 5279 κόσμον
983 5211 1254 5278 γενέσθαι,
1282 5213 1484 5285 ταύτην
1508 5217 1619 5287 ἔχοι
1640 5219 1739 5289 τήν
1769 5220 1946 5286 δόξαν,

375 5296 493 5360 πῶς
528 5301 673 5352 aitet
708 5299 895 5354 λαϐεῖν
929 5302 958 5354 6
996 5298 1138 5373 εἶχεν
1176 5306 1297 5370 dei;

2056 4570 2176 4626 Filii
2220 4573 2497 4629 docemur.
2542 4574 2805 4629 Audimus
2842 4575 2988 4629 enim
3019 4573 3244 4645 698m
3265 4571 3465 4628 Filium
3488 4587 3517 4626 a
3543 4572 3643 4627 Pa-

2054 4672 2137 4718 tre
2155 4664 2467 4731 clarilicari,
2490 4666 2841 4735 vicissimque
2862 4681 2893 4721 a
2924 4665 3061 4720 Filio
3078 4665 3299 4720 Patrem
3325 4681 3339 4720 :
3360 4673 3415 4720 et
3446 4664 3640 4721 Filium

2051 4755 2340 4811 clariﬁcari
2368 4774 2396 4810 a
2431 4756 2615 4822 Patre,
2643 4767 2700 4813 et
2721 4773 2846 4812 eum
2876 4757 3039 4812 simul
3066 4755 3373 4813 clariﬁcare
3399 4757 3641 4813 Patrem.

2050 4847 2187 4902 Nam
2222 4850 2313 4917 qui
2344 4850 2675 4904 clariﬁcatus
2705 4860 2807 4912 est,
2842 4865 2946 4904 non
2979 4850 3122 4920 quod
3159 4866 3264 4905 non
3298 4850 3536 4905 habebat
3559 4867 3648 4905 ac-

2054 4941 2215 5009 cepit,
2255 4942 2349 4996 sed
2389 4940 2533 5011 quod
2587 4956 2777 5008 reapse
2820 4940 2932 5011 jam
2986 4941 3243 4996 habebat.
3301 4940 3477 5008 Quam
3528 4956 3641 4999 rem

2053 5032 2241 5087 eodem
2277 5033 2472 5089 inloco
2504 5049 2603 5088 nos
2641 5035 2799 5089 docet
2829 5052 2842 5088 :
2872 5053 2892 5084 ι
2935 5033 3186 5089 Clariﬁca
3222 5034 3366 5089 enim
3417 5040 3525 5098 me,
3558 5034 3641 5089 in-

2054 5126 2193 5191 quit,
2240 5126 2378 5193 apud
2418 5127 2764 5195 temetipsum
2817 5136 2898 5187 tu,
2943 5123 3128 5190 Pater,
3173 5125 3427 5181 claritate
3476 5141 3639 5195 quam

2053 5215 2217 5271 habui
2248 5218 2561 5289 priusquam
2594 5219 2827 5273 mundus
2858 5228 3023 5283 esset,
3043 5223 3184 5288 apud
3210 5226 3263 5272 te
3292 5218 3429 5271 ἰδ’.
3458 5238 3478 5271 ι
3519 5218 3640 5273 Jatn

2059 5309 2104 5362 si
2143 5319 2270 5364 ante
2309 5325 2469 5379 quam
2497 5310 2731 5367 mundus
2761 5309 2948 5374 ﬁeret,
2977 5311 3116 5367 hanc
3156 5312 3383 5381 gloriam
3426 5309 3639 5373 habuit,

2060 5402 2331 5467 quomodo
2380 5403 2433 5457 id
2480 5402 2721 5473 postulat
2772 5402 3019 5473 accipere
3077 5404 3219 5473 quod
3271 5416 3489 5471 semper
3544 5400 3645 5455 ba-

2059 5490 2209 5545 buit?

448 5603 666 5659 u.loan.
702 5623 820 5671 xm,
860 5610 945 5665 51.
1023 5614 1067 5645 δ’
1100 5613 1251 5669 Joan.
1302 5632 1430 5683 xm,
1469 5619 1515 5672 l.
1593 5618 1878 5673 δί’-*διοδη.
1918 5624 2121 5691 “11,5.

450 5746 524 5821 (ί)
562 5751 637 5807 ita
663 5753 783 5808 cod.
816 5753 921 5811 Sed
950 5758 1092 5812 maio
1124 5756 1362 5828 ἐμαυτῷ.
