4036 6336
470 337 607 394 H75

1457 336 1517 392 8.
1558 337 1832 395 CYRILLI
1875 331 2340 393 ALEXANDRINI
2379 334 2699 393 ABCHIEP.

3562 335 3702 391 H76

468 448 650 504 XHII.
706 447 859 514 Quod
892 465 1001 505 una
1049 457 1124 505 eat
1179 448 1354 504 Patria
1401 466 1463 505 ac
1520 448 1651 504 Filii
1704 450 2023 505 dominatio.

2196 450 2304 503 lﬂ'.
2344 450 2470 503 Ὅτι
2496 452 2606 519 μία
2634 452 2865 519 Πατρὸς
2886 450 2984 505 καί
3032 450 3167 505 Υῖοῦ
3210 446 3244 516 ἡ
3280 449 3623 503 δεσποτεία.

538 562 741 617 Deinde
770 576 892 617 eum
924 560 1401 618 demonstravisset
1435 576 1496 617 se
1527 577 1635 618 non
1665 562 1836 618 solum
1864 562 2025 618 clari-

469 652 641 717 tlcari,
674 667 858 706 verum
905 652 1070 708 etiam
1116 652 1353 709 vicissim
1395 653 1739 719 claritieare,
1784 654 2022 710 addidit:

473 763 491 793 ι
528 742 860 796 Manifestavi
890 758 1085 797 nomen
1118 750 1271 797 tuum
1294 743 1605 799 hominibus
1621 744 1688 797 “.
1728 763 1745 795 ι
1777 740 1841 799 Ει
1871 745 2027 811 paulo

467 840 607 902 post,
673 832 1047 887 hereticorum
1104 848 1197 888 ora
1234 834 1515 903 oppilans:
1581 852 1601 886 ι
1644 833 1782 899 Mea,
1832 833 2024 903 inquit,

465 924 643 977 omnia
692 931 785 977 tua
830 932 996 987 sunt,
1041 932 1098 978 et
1136 933 1221 977 tua
1270 939 1389 978 mea
1435 925 1482 957 “
1521 926 1633 994 (i);
1670 944 1690 977 ι
1743 940 1847 979 non
1896 940 2028 980 sane

467 1025 807 1066 communem
840 1012 1085 1067 dividens
1109 1013 1553 1077 dominationem,
1600 1029 1776 1083 neque
1813 1016 1916 1069 alia
1960 1015 2027 1069 ad

468 1117 527 1156 se
558 1110 824 1172 spectare,
856 1102 959 1156 alia
1005 1105 1072 1158 ad
1120 1102 1359 1170 Patrem,
1391 1104 1762 1161 demonstrare
1802 1107 2024 1171 volens;

466 1194 559 1246 sed
588 1192 843 1261 quoniam
876 1194 910 1247 ii
939 1194 1030 1264 qui
1063 1195 1269 1249 nullum
1309 1206 1497 1251 contra
1531 1197 1879 1267 Unigenitum
1910 1197 2028 1253 bla-

466 1284 723 1350 sphemian
767 1298 936 1353 genus
982 1287 1257 1348 omittunt,
1306 1286 1480 1355 ipsum
1522 1288 1738 1357 quidem
1787 1289 2033 1357 accipere

467 1375 637 1439 aiunt,
662 1376 754 1431 sed
772 1376 983 1432 Patrem
1014 1380 1165 1444 dare,
1193 1382 1531 1435 demonstrat
1556 1382 1740 1450 utique
1761 1396 1820 1437 se
1844 1396 2029 1452 parent

467 1467 613 1521 Patri
665 1467 865 1523 habere
909 1485 1090 1524 rerum
1132 1471 1371 1526 omnium
1417 1472 1853 1528 dominationem.
1895 1472 2028 1528 Nam

472 1578 490 1609 ι
527 1558 661 1624 Mea,
692 1559 886 1629 inquit,
918 1561 1117 1627 omnia,
1154 1571 1241 1615 tua
1274 1570 1416 1628 sunt,
1448 1572 1502 1617 et
1544 1573 1629 1617 tua
1663 1578 1813 1629 mea;
1852 1581 1871 1613 ι
1906 1578 2030 1632 pro-

468 1646 610 1702 fecto
639 1664 742 1703 non
774 1650 1158 1705 dominationis
1183 1650 1525 1719 divisionem,
1564 1653 1659 1707 sed
1686 1653 2029 1709 communio-

469 1755 588 1793 nem
618 1756 717 1796 nos
741 1743 961 1797 docens.

537 1831 641 1885 Sed
670 1833 812 1886 enim
840 1833 1015 1889 sentio
1044 1848 1130 1889 me
1165 1834 1305 1889 hunc
1346 1836 1412 1891 de
1456 1835 1561 1891 ﬁde
1598 1850 1907 1893 sermonem
1937 1836 2029 1891 diu

465 1921 821 1988 produxisse;
854 1938 976 1978 cum
1015 1934 1193 1979 tamen
1239 1927 1394 1993 quasi
1430 1941 1537 1981 uno
1565 1928 1801 1995 capitulo
1838 1928 2031 1982 delini-

470 2014 671 2067 tionem
722 2013 840 2082 ejus
893 2028 979 2068 me
1022 2016 1535 2086 comprehensurum
1588 2019 1687 2072 sub
1750 2018 1905 2072 initio
1951 2018 2030 2091 (2)

468 2104 863 2170 promisissem.
918 2105 1052 2159 Nam
1105 2121 1225 2161 cum
1294 2122 1359 2161 ex
1418 2107 1726 2176 evangelica
1785 2107 2031 2162 doctrina

466 2197 942 2252 demonstrandam
989 2201 1349 2267 suscepissem
1380 2196 1654 2268 Unigeniti
1686 2198 2025 2267 dignitatem,

472 2288 766 2356 longiorem
794 2302 956 2357 quam
981 2276 1332 2357 promiseram
1360 2287 1460 2343 feci
1501 2304 1835 2351 sermonem,
1861 2303 2030 2358 quan-

464 2392 624 2445 quam
668 2378 718 2432 in
756 2379 887 2445 ipsis
920 2388 1161 2433 textuum
1198 2380 1735 2448 interpretationibus
1778 2379 2030 2434 brevitati

466 2470 665 2522 stmlnl.
714 2468 883 2539 Igitur
932 2470 1035 2540 piis
1083 2470 1410 2526 Christianis
1458 2471 1720 2541 ablegatis
1767 2471 1832 2523 ad
1886 2472 2031 2539 ipsos

467 2573 577 2615 tum
608 2562 968 2633 evangelicos,
998 2570 1107 2617 tum
1135 2562 1478 2633 propheticus
1511 2562 1696 2628 libros,
1730 2562 1819 2631 qui
1845 2576 2033 2617 omnes

468 2654 731 2723 theologia
762 2653 829 2708 de
859 2653 995 2707 Filio
1029 2654 1359 2717 redundant,
1391 2668 1489 2723 ego
1516 2653 1732 2723 quidem
1772 2651 2033 2722 propositi

467 2744 533 2797 de
564 2742 829 2798 Trinitate
864 2744 1164 2815 argumenti
1193 2745 1387 2798 seriem
1414 2758 1733 2814 prosequar.

748 2852 914 2924 699
938 2871 987 2907 m
1025 2852 1166 2907 XIX.
1198 2852 1274 2907 De
1305 2852 1508 2922 Spiritu
1539 2862 1741 2907 sancto.

537 2964 818 3021 Credimus
846 2979 995 3033 ergo,
1015 2974 1071 3017 ut
1094 2964 1205 3033 jam
1236 2963 1368 3029 dixi,
1388 2962 1441 3017 in
1471 2963 1636 3017 Deum
1669 2962 1881 3018 Patrem
1911 2961 2034 3018 abso

468 3070 572 3121 que
620 3055 920 3123 principio,
980 3062 1031 3109 et
1084 3055 1134 3105 in
1170 3053 1335 3107 Deum
1370 3063 1697 3106 coaeternum
1730 3054 2029 3107 naturalem

471 3144 686 3209 Filium,
728 3158 789 3197 ex
818 3142 980 3196 Patre
1013 3143 1226 3211 quidem
1256 3141 1518 3209 genitum,
1570 3142 1664 3195 sed
1705 3150 1879 3195 tamen
1910 3156 2030 3196 cum

470 3232 635 3287 Patre
664 3247 879 3301 semper
925 3234 1299 3295 exsistentem,
1332 3232 1487 3301 juxta
1543 3233 1909 3301 evangelicum
1948 3232 2034 3286 di-

469 3338 656 3381 ctum:
714 3345 731 3377 ι
788 3326 848 3381 In
896 3325 1163 3394 principio
1225 3332 1341 3379 erat
1391 3322 1647 3377 Verbum.
1698 3341 1716 3373 ι
1754 3322 2037 3377 Credimus

470 3415 633 3471 etiam
687 3415 739 3469 in
782 3414 1043 3483 Spiritum
1092 3421 1361 3475 sanctum,
1412 3420 1640 3473 rectum,
1679 3412 2035 3481 dirigentem,

470 3506 693 3569 bonum,
737 3504 1153 3569 consolatorem,
1210 3518 1275 3556 ex
1330 3504 1436 3557 Deo
1482 3503 1885 3571 procedentem,
1932 3518 2036 3558 non

472 3598 745 3668 genitum;
783 3610 923 3650 unus
955 3595 1101 3650 enim
1139 3604 1223 3649 est
1267 3593 1628 3663 Unigenitus;
1668 3609 1839 3661 neque
1885 3609 2039 3649 crea-

476 3698 612 3753 tum,
645 3701 909 3755 nusquam
938 3686 1082 3740 enim
1120 3685 1173 3739 in
1210 3685 1389 3739 divina
1427 3684 1706 3753 Scriptura
1741 3701 1861 3739 eum
1888 3701 2039 3741 com-

473 3779 714 3848 perimus
764 3775 841 3831 rei
882 3785 1079 3831 creatze
1125 3784 1558 3839 annumeratum,
1600 3776 1694 3829 sed
1745 3778 1795 3829 in
1848 3777 2036 3831 eodem

474 3884 595 3925 cum
632 3868 790 3922 Patre
818 3882 883 3923 ac
923 3866 1060 3921 Filio
1087 3868 1277 3922 ordine
1320 3869 1581 3935 positum.
1628 3866 1805 3936 Ipsum
1854 3876 2034 3921 autem

473 3959 540 4014 de
598 3959 756 4014 Patre
814 3960 1201 4029 procedentem
1252 3958 1577 4021 audivimus,
1640 3972 1813 4027 neque
1860 3968 2037 4012 tamen

472 4052 740 4125 quomodo
791 4052 1046 4121 procedat
1083 4052 1296 4105 curiose
1340 4060 1671 4115 scrutamur,
1722 4051 1814 4104 sed
1859 4050 1941 4104 his
1974 4050 2039 4105 li-

473 4143 631 4198 nibus
682 4143 916 4197 contenti
954 4158 1139 4198 sumus
1172 4157 1307 4213 quos
1338 4141 1492 4201 nobis
1526 4142 1756 4212 theologi
1784 4142 2039 4210 beatique

473 4234 573 4287 viri
605 4243 926 4289 statuerunt.

473 4341 592 4397 XX.
645 4342 799 4409 Quod
844 4345 899 4399 in
947 4346 1127 4417 eodem
1178 4345 1363 4417 ordine
1401 4360 1519 4399 cum
1578 4342 1742 4398 Patre
1793 4342 2039 4417 Filioque

966 4414 1201 4484 Spiritus
1226 4416 1539 4469 collocatur.

546 4524 789 4593 Namque
829 4526 897 4581 ab
938 4526 1058 4596 ipso
1102 4525 1390 4582 Serratore
1430 4534 1616 4585 nostro
1653 4528 1780 4585 Iesu
1819 4528 2037 4587 Christo

476 4618 651 4672 edocti
684 4617 884 4672 fuimus
912 4618 1367 4685 complementum
1394 4633 1516 4675 esse
1556 4620 1841 4677 Trinitatis
1868 4623 2038 4692 Spiri-

479 4721 589 4761 tum
621 4719 885 4762 sanctum.
917 4725 936 4758 ι
969 4705 1174 4761 Euntes
1206 4706 1372 4773 enim,
1404 4708 1600 4778 inquit,
1634 4712 1824 4768 docete
1849 4729 2037 4770 omnes

475 4806 687 4865 gentes,
720 4796 1060 4866 baptizantes
1088 4810 1181 4850 eos
1211 4795 1264 4850 in
1307 4797 1523 4851 nomine
1541 4798 1720 4855 Patris
1748 4811 1797 4856 et
1834 4802 1956 4858 Filii
1984 4814 2039 4859 et

480 4886 713 4956 Spiritus
744 4887 918 4941 Sancti
941 4885 1006 4939 ".
1042 4905 1062 4938 ι
1094 4884 1264 4941 Porro
1286 4902 1443 4957 quem
1463 4883 1583 4943 c‘um
1610 4889 1771 4948 Patre
1795 4894 2038 4965 Filioque

478 4976 819 5042 conﬁtemur,
851 4978 900 5032 is
927 4978 1072 5032 omni
1104 4979 1182 5033 rei
1217 4988 1415 5034 creatae
1445 4982 1695 5051 superior
1724 4994 1825 5039 est.
1854 4984 2035 5051 Quare

478 5078 533 5121 et
563 5067 751 5123 beatus
783 5068 980 5123 Paulus
1018 5084 1137 5122 cum
1187 5069 1351 5124 Patre
1383 5072 1555 5139 ipsum
1592 5072 1838 5144 Filioque
1863 5078 2038 5131 conti-

480 5170 641 5214 nuata
694 5160 836 5213 serie
878 5160 1173 5227 pradicet:
1215 5180 1232 5211 ι
1272 5160 1452 5216 Gratia
1484 5164 1651 5229 enim,
1688 5165 1883 5234 inquit,
1934 5170 2036 5223 Do-

482 5253 611 5305 mini
639 5252 808 5306 nostri
833 5250 961 5309 Jesu
995 5250 1219 5314 Christi,
1248 5262 1303 5305 et
1331 5252 1569 5307 charitas
1615 5255 1707 5309 Dei
1749 5256 1945 5323 Patris,
1980 5269 2038 5315 et

556 5412 599 5445 “
624 5410 777 5465 Joan.
804 5425 937 5475 xvu,
972 5408 1023 5463 6.
1102 5410 1146 5440 “
1174 5411 1301 5465 ibid.
1335 5411 1419 5465 10.
1496 5412 1539 5443 ⁸⁷
1570 5412 1756 5468 Matth.
1792 5432 1983 5485 uvm,
2019 5420 2100 5475 19.

549 5572 622 5637 (l)
663 5570 876 5624 Nieetas
913 5572 1295 5635 Aquileiensis,
1328 5587 1355 5623 a
1384 5571 1540 5624 nobis
1562 5572 1760 5633 editus,
1789 5574 1839 5626 in
1866 5575 2027 5630 simili

479 5649 705 5695 tractatu
735 5641 813 5695 sic
840 5642 1068 5708 explicat
1094 5659 1105 5692 :
1140 5642 1267 5705 Qua’
1290 5641 1387 5693 illa
1418 5642 1633 5693 omnia?
1663 5645 1835 5710 utique
1862 5646 2026 5697 virtu-

481 5719 598 5775 tem,
629 5710 797 5778 tuique
818 5710 1118 5779 potentiam,
1150 5711 1441 5774 bonitatem,
1472 5710 1893 5780 iucorruptctnm,
1916 5715 2027 5781 gla-

2199 556 2333 616 Εἶτα
2356 561 2572 626 δεικνὺς
2604 563 2679 627 ὡς
2701 565 2761 617 οὐ
2796 564 2955 633 μόνον
2980 564 3281 630 δοξάζεται,
3314 563 3453 617 ἀλλά
3488 564 3582 617 καὶ
3607 563 3695 615 60-

2130 653 2309 719 ξὰζει,
2336 656 2653 725 ἐπήγαγεν·
2690 674 2709 706 r
2746 653 3095 724 Ἐφανέρωσά
3129 670 3222 706 σου
3274 652 3336 706 τὸ
3370 651 3541 721 ὄνομα
3586 654 3699 712 τοῖς

2128 743 2457 814 ἀνθρώποις.
2492 763 2510 795 ι
2539 744 2649 797 Καὶ
2673 744 2787 814 μετ’
2809 743 2964 809 ὀλίγα
2989 741 3098 814 τῶν
3123 742 3411 813 αἱρετικῶν
3447 738 3698 811 ἐμφράτ-

2126 850 2236 887 των
2268 836 2339 889 τὰ
2380 836 2649 905 στόματα·
2699 836 2820 887 «Τὰ
2865 835 2990 904 ἐμὰ,
3022 834 3175 904 φησι,
3220 835 3398 889 πάντα
3442 833 3511 885 uti
3558 832 3700 891 ἐστι,

2129 927 2226 980 καὶ
2248 925 2315 980 τὰ
2352 926 2419 980 σὰ
2442 926 2582 995 ἐμά·
2615 945 2634 978 a
2671 927 2729 979 οὐ
2772 926 2868 995 τὴν
2895 925 3081 995 κοινὴν
3108 923 3330 993 διαιρῶν
3357 921 3700 979 δεσποτείαν.

2127 1016 2250 1069 οὐδὲ
2270 1015 2433 1086 ἔτερα
2462 1016 2519 1069 δὲ
2548 1015 2618 1068 τὰ
2644 1016 2721 1085 τῷ
2749 1016 2919 1087 Πατρὶ
2951 1014 3274 1085 διαφέροντα
3316 1013 3484 1077 δεῖξαι
3515 1010 3699 1075 βουλό-

2133 1124 2294 1176 μενος
2314 1124 2327 1138 ·
2352 1106 2463 1159 ἀλλ’
2486 1107 2671 1176 ἐπειδὴ
2702 1109 2748 1159 οἱ
2774 1108 2952 1160 πᾶσαν
2976 1105 3293 1175 βλάσφημον
3312 1104 3495 1174 φωνὴν
3514 1104 3695 1170 ἀφιέν-

2129 1216 2221 1261 τες
2245 1198 2386 1252 κατὰ
2412 1198 2504 1251 τοῦ
2522 1197 2879 1265 Μονογενοῦς,
2903 1196 3063 1250 αὐτὸν
3094 1195 3191 1266 μὲν
3220 1196 3515 1264 λαμϐάνειν
3541 1192 3703 1261 φασὶ,

2132 1289 2220 1342 τὸν
2253 1289 2307 1341 δὲ
2334 1290 2551 1357 Πατέρα
2586 1287 2807 1348 διδόναι,
2842 1288 3115 1341 δείκνυσιν
3146 1287 3227 1338 ὅτι
3257 1286 3355 1353 τὴν
3389 1283 3557 1353 αὐτὴν
3587 1281 3702 1351 εχει

2131 1379 2207 1448 τῷ
2237 1379 2412 1449 lla-cpi.
2440 1378 2550 1430 τῶν
2599 1378 2855 1431 ἁπάντων
2885 1375 3200 1429 δεσποτείαν
3220 1391 3233 1403 ·
3264 1391 3282 1424 t
3318 1373 3398 1425 Τὰ
3421 1372 3529 1443 γὰρ
3566 1369 3703 1441 ἐμὰ,

2134 1470 2287 1541 φησι,
2316 1470 2491 1523 πάντα
2521 1469 2591 1522 σά
2621 1470 2758 1535 ἐστι,
2786 1467 2970 1520 καὶτὰ
2999 1464 3068 1518 σὰ
3103 1465 3245 1535 ἐμά’
3284 1483 3302 1515 ι
3336 1464 3395 1517 οὐ
3435 1463 3531 1533 τὴν
3564 1461 3703 1516 διαί-

2134 1580 2283 1634 ρεσιν
2311 1562 2409 1632 τῆς
2432 1560 2768 1627 δεσποτείας,
2802 1558 2939 1613 ἀλλὰ
2968 1556 3028 1609 τὸ
3065 1557 3244 1612 κοινὸν
3266 1560 3363 1628 τῆς
3383 1556 3703 1618 δεσποτείας

2134 1654 2423 1707 παιδεύων.

2216 1832 2373 1886 Ἀλλὰ
2400 1832 2507 1903 γὰρ
2534 1832 2625 1885 τὸν
2655 1830 2810 1899 λόγον
2848 1830 2927 1893 είς
2970 1828 3141 1899 μῆκος
3170 1824 3403 1891 ἐξέτεινα
3446 1824 3534 1878 τὸν
3571 1822 3705 1894 περὶ

2134 1926 2387 1988 πίστεως,
2415 1927 2471 1977 ὲν
2498 1922 2780 1993 κεφαλαίῳ
2820 1919 3106 1986 διεξελθεῖν
3147 1920 3272 1989 ὅρον
3291 1919 3349 1971 ὲν
3370 1916 3480 1980 τοῖς
3512 1932 3705 1985 προοι-

2136 2016 2280 2086 μίοις
2322 2011 2814 2082 ἐπαγγειλάμενος·
2849 2010 3016 2075 δείξαι
3046 2008 3153 2079 γὰρ
3187 2005 3464 2077 βουληθεὶς
3500 2006 3563 2058 ὲκ
3600 2004 3706 2073 τῆς

2131 2105 2493 2173 εὐαγγελικῆς
2534 2102 2884 2164 διδασκαλίας
2912 2100 3006 2153 τοῦ
3037 2096 3374 2167 Μονογενοῦς
3401 2096 3499 2168 τὴν
3522 2096 3704 2163 ἀξίαν,

2134 2198 2469 2269 μακρότερον
2499 2196 2595 2264 τῆς
2622 2192 2971 2261 ὑποσχέσεως
3004 2189 3351 2260 εἰργασάμην
3393 2188 3484 2241 τὸν
3510 2186 3664 2256 λόγον
3685 2204 3702 2219 ο

2133 2286 2425 2343 καὶταῦτα
2460 2282 2824 2354 βραχυλογίας
2860 2282 2918 2333 ὲν
2968 2283 3086 2344 ταῖς
3120 2278 3439 2351 ἑρμηνείαις
3466 2294 3706 2348 πεφρονο

2129 2378 2317 2440 τικώς.
2346 2377 2439 2439 Εἰς
2467 2373 2636 2437 αὐτὰς
2655 2372 2833 2425 τοίνυν
2864 2370 2965 2433 τὰς
2989 2366 3347 2436 εὐαγγελικὰς
3368 2366 3583 2437 βίϐλους
3611 2366 3707 2420 καὶ

2132 2467 2475 2541 πῳφητικὰς
2502 2466 2628 2527 τοὺς
2654 2463 2897 2526 εὐσεϐεῖς
2924 2459 3144 2531 πέμψας
3163 2459 3386 2531 (μεσταὶ
3414 2459 3522 2529 γὰρ
3546 2453 3707 2513 αὗται

2131 2560 2228 2628 τῆς
2255 2555 2530 2623 θεολογίας
2551 2552 2646 2605 τοῦ
2680 2552 2860 2622 Υἱοῦ),
2886 2552 2979 2604 ἐπὶ
3022 2550 3119 2621 τὴν
3168 2547 3535 2619 προκειμένην
3573 2548 3705 2603 dm-

2133 2648 2352 2704 λουθίαν
2381 2645 2688 2716 βαδιοῦμαι.

2413 2846 2515 2900 ΙΘ¹.
2559 2845 2696 2913 Περὶ
2719 2845 2826 2899 τοῦ
2854 2845 3026 2914 ἁγίου
3059 2846 3424 2914 Πνεύματος.

2211 2961 2542 3031 Πιστεύομεν
2572 2962 2789 3024 τοίνυν,
2842 2960 2917 3024 ὡς
2966 2959 3124 3030 ἔφην.
3171 2958 3250 3021 είς
3305 2956 3437 3010 Θεὸν
3491 2954 3708 3025 Πατέρα

2134 3054 2389 3126 ἄναρχον,
2414 3056 2508 3108 καὶ
2538 3056 2616 3116 είς
2646 3054 2776 3107 Θεὸν
2809 3052 3084 3106 συναωιον
3124 3051 3282 3122 φύσει
3311 3051 3459 3115 Υίὸν,
3490 3049 3557 3103 ἐκ
3593 3049 3707 3103 Πα-

2135 3148 2263 3219 τρὸς
2295 3147 2393 3217 μὲν
2422 3146 2771 3215 γεννηθέντα,
2796 3146 2884 3199 ἀεὶ
2905 3145 2963 3198 δὲ
2978 3144 3056 3215 τῷ
3089 3144 3259 3215 Πατρ“ι
3295 3143 3541 3205 συνόντα,
3567 3142 3708 3196 κατὰ

2135 3239 2231 3307 τὴν
2266 3238 2372 3290 τῶν
2388 3237 2735 3304 Εὑαγγελίων
2771 3236 2954 3305 φωνήν
2980 3250 2993 3263 ⁸
3027 3255 3045 3287 ι
3085 3235 3173 3288 Ἐν
3196 3236 3337 3304 ἀρχῇ
3365 3233 3492 3303 γὰρ.
3520 3233 3707 3302 φησιν,

2137 3325 2250 3400 ἦνὸ
2278 3329 2471 3395 Λόγος.
2492 3347 2536 3379 ι)
2570 3326 2909 3397 Πιστεύομεν
2940 3326 2997 3379 δὲ
3043 3325 3137 3380 καὶ
3178 3328 3257 3387 είς
3303 3324 3364 3377 τὸ
3398 3322 3621 3393 Πνεῦμα
3650 3323 3709 3375 τὸ

2141 3420 2319 3487 ἆγιον.
2342 3418 2403 3470 τὸ
2429 3418 2603 3480 εὐθὲς,
2638 3417 2699 3468 τὸ
2731 3416 3077 3486 ἡγεμονικὸν,
3110 3415 3171 3468 τὸ
3198 3412 3421 3482 ἀγαθὸν,
3447 3412 3506 3465 τὸ
3532 3410 3709 3481 παρὰ·

2140 3511 2356 3579 κλητον,
2389 3509 2449 3562 τὸ
2480 3512 2544 3561 ὲκ
2577 3507 2711 3560 Θεοῦ
2741 3507 3025 3579 προελθὸν,
3062 3506 3122 3558 οὐ
3158 3502 3415 3574 γεννηθέν
3437 3520 3449 3531 ·
3488 3496 3569 3564 εἷς
3602 3502 3709 3571 γὰρ

2140 3603 2468 3671 Μονογενής·
2498 3600 2619 3653 οὔτε
2650 3600 2755 3670 μὴν
2790 3597 3027 3652 κτισθέν·
3072 3595 3307 3666 οὐδαμοῦ
3332 3595 3442 3665 γὰρ
3464 3594 3708 3665 εὑρίσκο-

2142 3711 2240 3763 μεν
2271 3694 2328 3745 ὲν
2370 3695 2436 3762 τῇ
2479 3692 2600 3762 θείᾳ
2645 3692 2834 3761 Γραφῇ
2861 3691 2927 3760 τῇ
2980 3689 3155 3742 κτίσει
3187 3686 3707 3757 συναριθμούμενον,

2138 3784 2271 3837 ἀλλὰ
2299 3784 2472 3855 Πατρὶ
2500 3784 2594 3835 καὶ
2628 3782 2742 3851 Υἱῷ
2789 3779 3246 3849 συνταττόμενον·
3280 3775 3709 3846 ἐκπορευόμενον

2138 3876 2194 3928 δὲ
2220 3875 2350 3927 αὐτὸ
2379 3875 2442 3925 ὲκ
2470 3873 2563 3924 τοῦ
2603 3872 2817 3942 Πατρὸς
2839 3870 3175 3939 ἠκούσαμεν,
3203 3869 3297 3921 καὶ
3329 3869 3392 3921 οὐ
3434 3867 3707 3938 πολυπρα-

2140 3962 2451 4034 γμονοῦμεν
2494 3962 2610 4023 πῶς
2662 3958 3203 4031 ὲκπορεύεται,ἁλλὰ
3255 3957 3559 4029 στέργομεν
3598 3961 3707 4021 τοῖς

2139 4056 2374 4109 τεθεῖσιν
2404 4057 2536 4128 ἡμῖν
2564 4056 2710 4125 ὅροις
2739 4054 2844 4110 ὑπὸ
2868 4052 2976 4107 τῶν
3004 4051 3267 4121 θεολόγων
3297 4051 3391 4106 καὶ
3424 4049 3707 4121 μακαρίων

2139 4146 2372 4216 ἀνδρῶν.

2174 4340 2257 4395 K'.
2307 4342 2427 4395 ’Ὁτι
2486 4341 2669 4409 Πατρί
2716 4342 2815 4395 καί
2854 4342 2963 4407 Υίῷ
3010 4342 3078 4395 τὸ
3120 4341 3361 4411 Πνεῦμα
3414 4340 3671 4396 συντάτ-

2837 4429 2898 4464 τε
2903 4429 2994 4465 ται
3002 4452 3014 4465 .

2226 4525 2610 4597 Ἐδιδάχθημεν
2648 4528 2754 4597 γὰρ
2783 4527 2874 4579 ὑπ’
2916 4525 3079 4579 αὐτοῦ
3130 4525 3225 4580 τοῦ
3272 4526 3524 4597 Σωτῆρος
3554 4525 3703 4597 ἡμῶν

2153 4618 2331 4689 Ἰησοῦ
2376 4618 2649 4689 Χριστοῦ,
2708 4618 2805 4691 τῆς
2860 4620 3091 4690 Τριάδος
3144 4618 3606 4689 συμπληρωτικὸν
3648 4617 3703 4671 τὸ

2144 4714 2366 4784 Πνεῦμα
2403 4714 2464 4766 τὸ
2508 4712 2687 4779 ἅγιον·
2733 4729 2753 4761 r
2791 4710 3154 4780 Πορευθέντες
3185 4708 3315 4778 γὰρ,
3350 4707 3505 4779 φησι,
3535 4705 3701 4777 μαθη-

2142 4806 2372 4859 τεύσατε
2416 4805 2590 4858 πάντα
2616 4802 2685 4856 τὰ
2730 4802 2878 4872 ἔθνη,
2920 4800 3267 4871 βαπτίζοντες
3309 4800 3507 4863 αὐτοὺς
3538 4800 3617 4862 είς
3647 4798 3703 4851 τὸ

2141 4899 2312 4967 ὄνομα
2346 4896 2438 4949 τοῦ
2473 4895 2705 4965 Πατρὸς,
2730 4893 2823 4946 καὶ
2850 4892 3001 4957 Υίοῦ,
3033 4892 3243 4946 καὶτοῦ
3271 4890 3427 4959 ἁγίου
3460 4889 3700 4959 Πνεύμα-

2142 5005 2260 5053 τος·
2299 5008 2316 5039 ι
2353 4986 2428 5058 τῷ
2455 4987 2513 5040 δὲ
2539 4985 2713 5056 Πατρὶ
2740 4986 2830 5038 καὶ
2854 4983 2971 5056 Titi»
3008 4982 3587 5055 συμμιιιιρτυρθύμεν⁴¹²ν⁹

2144 5080 2371 5143 κτίσεώς
2406 5080 2521 5133 ἐστι
2553 5077 2734 5147 πάσης
2764 5075 3083 5146 ὑπέρτερον.
3118 5075 3209 5127 Διὸ
3238 5075 3333 5128 καὶ
3376 5075 3405 5126 ὁ
3442 5073 3700 5143 μακάριος

2144 5171 2353 5235 Παῦλος
2383 5171 2518 5240 μετὰ
2560 5169 2772 5238 Πατρὸς
2803 5167 2935 5222 αὐτὸ
2964 5167 3056 5221 καὶ
3104 5166 3235 5219 Υίοῦ
3282 5164 3566 5236 κηρύττων
3597 5163 3702 5217 δια-

2142 5263 2312 5317 τελεῖ·
2367 5280 2387 5314 ι
2442 5263 2509 5315 Ἠ
2556 5262 2711 5330 χάρις
2760 5260 2904 5329 γὰρ,
2948 5257 3099 5326 φησι,
3150 5255 3244 5309 τοῦ
3294 5254 3501 5326 Κυρίου
3554 5253 3699 5324 ἡμῶν

2135 5580 2266 5631 riam
2308 5589 2352 5632 et
2394 5579 2754 5633 wternitotem.
2797 5576 2927 5627 sicut
2968 5574 3121 5626 habet
3166 5573 3339 5629 Pater.

2203 5650 2281 5719 (‘2)
2321 5647 2515 5705 Recole
2556 5646 2770 5701 tertium
2812 5643 3128 5715 capitulum.
