4036 6336
306 411 449 468 H77

1647 412 1736 469 DE
1777 412 2179 470 TRINITATE.

3434 431 3571 489 1178

320 519 518 592 Ἰησοῦ,
562 520 656 575 καὶ
686 524 718 591 ἡ
751 521 938 591 ἀγάπη
967 521 1061 576 τοῦ
1098 520 1232 575 Θεοῦ
1276 523 1371 575 καὶ
1413 522 1626 594 Πατρὸς
1656 525 1755 595 (I),
1792 526 1871 579 xui

1989 528 2409 585 communicatio
2441 530 2617 588 sancti
2663 531 2902 605 Spiritus
2940 535 3014 592 sit
3040 550 3163 594 cum
3193 541 3447 598 omnibus
3478 561 3572 600 vu—

303 615 340 681 ή
406 614 657 667 κοινωνία
714 615 807 669 τοῦ
874 615 1027 682 ἁγίου
1089 614 1406 685 Πνεύματος
1473 615 1611 684 μετά
1661 616 1879 670 πάντων

306 703 481 773 ὑμῶν.
528 723 547 755 s

341 818 472 871 ΚΝ.
532 816 854 886 Ἀπόδειξις
905 820 1016 889 τῆς
1068 821 1175 939 ῗοῦ
1225 825 1572 894 Πνεύματος
1621 823 1841 880 δεσπο-

1001 907 1066 939 τε
1089 907 1182 939 αι’.

1001 907 1182 957 τείας.

374 998 486 1052 Καὶ
524 998 685 1053 πάλιν
708 1017 723 1030 ·
764 1020 782 1053 ι
807 1002 1109 1073 Διαιρέσεις
1152 1004 1209 1057 δέ
1252 1005 1609 1075 χαρισμάτων
1644 1006 1772 1071 είσὶ,
1816 1006 1879 1060 τδ

302 1091 360 1143 δέ
392 1092 523 1144 αὐτὸ
550 1091 805 1163 Πνεῦμαο
830 1096 922 1147 καὶ
951 1095 1245 1167 διαιρέσεις
1269 1096 1555 1151 διακονιῶν
1587 1098 1792 1163 είσιν,ό
1820 1099 1878 1152 δὲ

302 1183 466 1245 αὐτὸς
513 1184 743 1256 Κύριος·
784 1188 878 1239 καὶ
908 1188 1198 1259 διαιρέσεις
1232 1192 1621 1262 ἐνεργημάτων
1664 1190 1822 1258 είσὶν,
1849 1194 1878 1245 6

298 1272 356 1325 δέ
400 1273 561 1337 αὐτός
591 1277 705 1328 ἐστι
735 1275 865 1340 Θεὸς
895 1278 924 1329 6
955 1278 1195 1349 ἐνεργῶν
1224 1280 1291 1333 τὰ
1335 1282 1514 1336 πάντα
1554 1283 1612 1333 ἐν
1642 1282 1799 1336 πᾶσι.
1850 1300 1869 1334 ι

298 1365 477 1419 Αὐτοῦ
504 1366 562 1419 δὲ
611 1367 897 1438 κηρύττων
920 1370 1017 1441 τήν
1059 1369 1307 1435 ἐξουσίαν
1349 1373 1477 1426 ἐϐόα
1497 1390 1511 1403 ³
1557 1392 1575 1426 ι
1608 1373 1791 1427 Πάντα
1820 1373 1877 1426 δὲ

297 1458 473 1511 ταῦτα
506 1461 717 1528 ἐνεργεῖ
742 1461 804 1514 τὺ
834 1463 965 1515 αὐτὸ
1008 1464 1101 1516 καὶ
1127 1464 1189 1517 τὸ
1232 1464 1289 1518 ἐν
1324 1464 1545 1535 Πνεῦμα
1571 1507 1586 1531 ,
1625 1464 1868 1537 διαιροῦν

302 1548 409 1618 ἰδία
440 1551 674 1621 ἑκάστῳ,
712 1552 889 1613 καθὼς
944 1552 1193 1621 βούλεται
1229 1555 1473 1625 διανέμει
1511 1557 1587 1624 (2)
1629 1558 1739 1618 τοῖς
1782 1572 1874 1607 πι-

300 1637 551 1691 στεύουσι
577 1638 645 1693 τὰ
666 1638 833 1711 δῶρα.
856 1658 875 1691 ι
895 1642 975 1692 Δι’
1006 1641 1171 1694 αὑτοῦ
1196 1641 1307 1712 γὰρ
1327 1641 1437 1694 τῶν
1464 1641 1876 1713 ἁμαρτημάτων

298 1728 565 1799 ἐλάϐομεν
592 1730 691 1801 τήν
734 1731 1058 1803 ἀπαλλαγήν
1079 1747 1094 1763 ο
1124 1732 1192 1785 δι’
1236 1732 1401 1787 αὐτοῦ
1430 1732 1532 1802 τῆς
1564 1730 1876 1802 ἐλευθερίας

297 1822 639 1893 τυγχάνομεν
662 1841 675 1854 ο
707 1823 776 1877 δι’
799 1824 966 1878 αὐτοῦ
988 1824 1082 1878 τοῦ
1111 1824 1212 1896 τῆς
1240 1825 1513 1888 υἱοθεσίας
1538 1826 1875 1897 χαρίσματος

1986 616 2072 673 bis
2108 617 2171 673 “.
2209 638 2229 673 ι

2060 816 2201 874 XXI.
2252 818 2663 879 Demonstratur
2692 824 2930 896 Spiritus
2969 830 3143 884 sancti
3179 830 3493 888 dominatio.

2061 990 2272 1049 Rursus
2337 994 2579 1053 Paulus:
2629 1017 2649 1051 ι
2720 1000 3023 1057 Diviaiones
3076 1018 3207 1060 vero
3265 1005 3566 1077 gratiarunt

1986 1094 2132 1144 sunt,
2166 1084 2306 1139 idem
2333 1096 2517 1141 autem
2546 1086 2783 1158 Spiritus
2817 1109 2832 1144 :
2866 1099 2919 1145 et
2951 1091 3252 1150 divisiones
3283 1095 3566 1149 ministra—

1988 1173 2190 1227 lionum
2225 1185 2373 1239 sunt,
2423 1177 2565 1233 idem
2600 1190 2780 1235 autem
2818 1179 2982 1246 Deus,
3026 1183 3117 1251 qui
3164 1194 3424 1255 aperatur
3449 1201 3568 1241 om-

1983 1265 2071 1318 nia
2127 1268 2179 1320 io
2247 1269 2501 1324 omnibus
2524 1271 2593 1325 δ’.
2630 1289 2651 1324 s
2696 1270 2951 1337 Ejusdem
3008 1275 3171 1329 etiam
3236 1285 3566 1344 potestatem

1989 1356 2155 1426 700
2181 1375 2230 1409 ut
2266 1359 2568 1428 pradicans
2592 1360 2859 1417 clamabat
2895 1382 2909 1419 :
2951 1384 2970 1417 ι
3009 1364 3134 1419 Haec
3163 1376 3341 1420 autem
3385 1370 3565 1422 omnia

1983 1456 2241 1513 operatur
2273 1465 2413 1505 unus
2448 1460 2612 1520 atque
2643 1452 2784 1507 idem
2831 1454 3092 1523 Spiritus,
3122 1455 3374 1510 dividens
3410 1472 3566 1525 sepa-

1984 1536 2143 1590 ratim
2185 1540 2425 1609 singulis
2453 1562 2468 1595 :
2499 1551 2660 1610 prout
2697 1542 2815 1597 vult
2844 1544 3122 1599 distribuit
3147 1546 3285 1601 dona
3308 1547 3378 1601 ".
3412 1566 3431 1599 ι
3466 1546 3569 1603 Per

1986 1627 2157 1696 ipsum
2190 1631 2393 1699 quippe
2430 1634 2738 1703 recepimus
2765 1647 3115 1705 peccatorum
3146 1638 3564 1705 remissionem;

1982 1726 2078 1788 per
2100 1720 2274 1791 ipsum
2307 1722 2615 1779 libertatem
2644 1727 3071 1796 consequimur;
3095 1743 3194 1798 per
3227 1730 3403 1799 ipsum
3432 1730 3569 1786 ado-

1984 1814 2184 1883 ptionis
2222 1816 2397 1885 gratia
2430 1818 2682 1872 fruimur.
2725 1837 2745 1871 ι
2786 1818 2903 1874 Νοη
2937 1821 3082 1876 enim
3118 1823 3449 1892 accepimus,
3481 1824 3564 1878 in-

297 1887 677 1983 ἀπολαύομενο
734 1934 753 1966 ι
795 1916 867 1969 Ού
900 1915 1010 1987 γὰρ
1057 1887 1323 1986 ἐλάθομεν
1363 1887 1626 1986 Πνεῦμα,
1655 1887 1871 1986 φησὶνό

1982 1903 2100 1971 quit
2134 1903 2357 1969 Paulus,
2384 1904 2653 1975 Spiritum
2691 1907 2972 1964 servitutis
3000 1908 3199 1965 iterum
3247 1887 3303 1966 in
3350 1912 3565 1977 timore,

298 2003 533 2069 Παῦλος,
568 2003 813 2068 δουλείας
868 2005 1030 2060 πάλιν
1068 2008 1151 2068 είς
1199 2006 1402 2075 φόϐον,
1443 2006 1561 2060 ἀλλ’
1610 2005 1875 2076 ἐλάϐομεν

299 2094 525 2167 Πνεῦμα
551 2095 842 2163 υἱοθεσίας,
864 2099 923 2150 ἐν
941 2090 986 2164 ᾧ
1017 2096 1311 2170 κράζομεν,
1356 2096 1527 2151 ’Δὸσᾶ
1544 2099 1573 2151 6
1601 2099 1814 2167 Πατήρ.
1851 2115 1870 2148 ι

296 2188 407 2240 Καὶ
434 2188 702 2259 ἀλλαχοῦ·
758 2208 777 2241 ι
818 2190 878 2244 ’0
911 2190 1020 2262 γὰρ
1071 2190 1235 2259 νόμος
1268 2187 1364 2242 τοῦ
1416 2188 1733 2259 Πνεύματος
1776 2188 1877 2258 τῆς

296 2274 443 2347 ζωῆς
484 2277 814 2349 ἐλευθέρωσέ
866 2295 933 2349 με
967 2278 1076 2333 ἀπὸ
1125 2280 1219 2333 τοῦ
1254 2280 1419 2349 νόμου
1466 2280 1567 2349 τῆς
1600 2279 1877 2350 ἁμαρτίας

296 2367 507 2420 καὶτοῦ
530 2367 782 2423 θανάτου.
815 2389 834 2421 ι
866 2370 977 2423 Καὶ
1015 2370 1281 2440 ἑτέρωθεν
1305 2387 1320 2400 ο
1345 2388 1364 2421 t
1404 2370 1465 2422 '0
1493 2370 1549 2423 δὲ
1576 2369 1781 2439 Κύριος
1813 2371 1875 2422 τὸ

294 2460 523 2531 Πνεῦμὰ
556 2465 735 2515 ἐστιν·
770 2456 833 2516 οὗ
861 2464 918 2517 δέ
949 2463 1009 2517 τὸ
1040 2462 1265 2533 Πνεῦμα
1289 2464 1528 2533 Κυρίου,
1564 2465 1682 2517 ἐκεῖ
1719 2463 1875 2516 ἐλευ-

295 2552 485 2623 θερία·
520 2572 540 2606 t
580 2554 641 2607 τὸ
662 2553 720 2608 δὲ
745 2556 871 2619 τοὺς
903 2556 1097 2619 ἄλλους
1128 2555 1469 2627 ἐλευθεροῦν,
1504 2558 1565 2610 ού
1595 2556 1870 2609 δουλεύει·

294 2643 414 2707 πῶς
445 2644 554 2715 γὰρ
586 2642 651 2697 ἂν
678 2648 791 2707 τοῖς
812 2646 1127 2716 ὁμοδούλοις
1154 2649 1406 2719 μεταδοίη
1431 2643 1513 2701 ὧν
1542 2647 1602 2701 οὐ
1637 2646 1872 2717 μετέχει,

292 2731 353 2789 οὗ
372 2738 554 2805 τυχείν
576 2737 677 2790 οὐκ
711 2737 907 2808 ἰσχύει,
935 2733 996 2793 οὗ
1022 2738 1327 2793 ἀπολαῦσαι
1348 2741 1599 2810 βούλεται
1642 2740 1762 2811 μὶν,
1795 2741 1871 2803 ὡς

293 2826 464 2892 είκδς,
482 2828 541 2879 ού
565 2827 786 2882 δύναται
825 2828 881 2882 δέ
905 2847 919 2895 ;
940 2828 1003 2882 El
1028 2830 1086 2883 δέ
1112 2830 1435 2900 μεταδίδωσι
1455 2834 1568 2895 τοῖς
1592 2831 1875 2885 πιστεύου-

295 2935 381 2971 σιν
430 2918 778 2990 ἐλευθερίας,
844 2920 940 2973 καὶ
1006 2910 1282 2991 ἐλευθεροί
1322 2923 1450 2984 τοὺς
1488 2921 1870 2987 δουλεύοντας,

291 3010 354 3062 ού
385 3009 625 3063 δουλεύει
652 3010 919 3081 δηλονότι,
951 3009 1087 3063 ἀλλὰ
1111 3010 1385 3077 δεσπόζει,
1413 3013 1510 3064 καὶ
1538 3011 1875 3075 δεσποτικῶς

291 3102 391 3170 τήν
430 3102 742 3174 ἐλευθερίαν
774 3097 856 3165 οἷς
891 3102 1067 3154 ἐθέλει
1099 3102 1385 3173 χαρίζεται
1408 3118 1421 3132 ·
1449 3101 1531 3155 διὸ
1566 3102 1659 3155 καὶ
1704 3103 1733 3155 6
1769 3119 1874 3172 μα-

293 3192 484 3263 κάριος
522 3192 624 3262 ἔφη
656 3192 889 3257 Παῦλος,
922 3194 1003 3245 ὃτι
1033 3212 1051 3243 ι
1081 3193 1265 3247 Πάντα
1288 3191 1462 3246 ταῦτα
1484 3192 1698 3266 ἐνεργεῖ
1724 3193 1785 3245 τὸ
1814 3192 1871 3244 ἐν

294 3284 389 3337 καὶ
430 3283 492 3336 τὺ
542 3284 674 3338 αὐτὸ
723 3285 967 3356 Πνεῦμα,
1012 3284 1253 3356 διαιροῦν
1303 3286 1410 3357 ίδίᾳ
1441 3286 1655 3367 ἑκάστῳ
1694 3285 1872 3348 καθὼς

294 3374 564 3443 βούλεται.
604 3394 622 3427 ι
660 3378 750 3429 Διὸ
783 3377 876 3429 καὶ
921 3378 949 3430 6
998 3378 1286 3447 προφήτης
1328 3378 1386 3429 ἐν
1413 3378 1479 3447 τῇ
1527 3376 1739 3446 Παλαιᾷ
1776 3376 1875 3446 τὴν

293 3469 543 3536 ἐξουσίαν
572 3468 736 3523 αὐτοῦ
783 3469 1067 3541 κηρύττων
1106 3468 1237 3521 ἐσὸα
1256 3485 1270 3499 ·
1308 3488 1327 3519 ι
1354 3468 1557 3539 Κύριος
1589 3467 1876 3522 ἀπέστειλέ

297 3578 387 3633 με,
422 3561 597 3615 καὶτὸ
628 3562 856 3632 Πνεῦμα
887 3560 1074 3614 αὑτοῦ.
1106 3579 1124 3611 ι
1153 3562 1261 3615 Καὶ
1284 3563 1312 3613 6
1336 3560 1471 3625 Θεὸς
1496 3561 1743 3630 ἐγκαλῶν
1764 3563 1876 3625 τοῖς

306 3653 631 3717 Ἰουδαίοιςί
654 3653 995 3724 Ἐποιήσατο,
1016 3653 1169 3723 φησὶ,
1190 3652 1404 3723 βουλὴν,
1427 3655 1520 3706 καὶ
1542 3654 1603 3707 οὐ
1626 3653 1692 3707 δι’
1714 3651 1870 3723 ἐμοῦ,

294 3746 387 3795 καὶ
423 3741 690 3811 συνθήκας
710 3741 770 3795 οὐ
796 3741 885 3794 διὰ
915 3741 1008 3794 τοῦ
1040 3741 1354 3811 Πνεύματός
1388 3760 1489 3812 μου
1509 3761 1521 3772 ·
1556 3760 1575 3794 ι
1618 3743 1873 3796 κοινωνὸν

292 3831 393 3901 τῆς
431 3831 749 3894 δεσποτείας
800 3832 1016 3895 δεικνὺς
1058 3831 1121 3885 τὸ
1159 3831 1383 3903 Πνεῦμα
1420 3834 1480 3886 τὸ
1528 3834 1700 3902 ἅγιον.
1755 3833 1867 3887 Καὶ

295 3924 589 3995 ἑτέρωθενο
628 3944 647 3975 ι
670 3922 781 3986 Διὸ,
820 3923 1005 3994 φησὶν,
1034 3924 1146 3992 ἐγὼ
1185 3925 1307 3995 μεθ’
1334 3924 1489 3995 ὑμῶν
1517 3926 1654 3996 είμι,
1688 3925 1780 3979 καὶ
1812 3925 1873 3980 τὸ

292 4016 520 4086 Πνεῦμα
551 4033 651 4086 μου
681 4017 981 4087 ἐφέστηκεν
1010 4018 1068 4071 ἐν
1101 4016 1251 4087 μέσῳ
1289 4016 1464 4087 ὑμῶν.
1490 4034 1510 4067 ι

487 4125 615 4178 KB’.
649 4124 778 4178 'Ott
806 4124 1168 4195 δημιουργὸς
1193 4128 1226 4178 ὀ
1254 4124 1671 4195 Παρὰκλητος.

362 4235 473 4289 Καὶ
507 4237 535 4289 6
566 4234 686 4289 Ἰὼϐ
719 4235 1049 4308 δημιουργὸν
1084 4236 1213 4291 αὐτὸ
1240 4238 1335 4291 καὶ
1372 4237 1692 4292 δεσποτικὸν
1722 4232 1863 4293 εἶναι

292 4327 600 4391 πιστεύων,
664 4326 778 4380 ἀλλ’
840 4328 937 4398 οὐχ
998 4328 1371 4399 ὑπουργικδν,
1436 4328 1557 4381 οὐδὲ
1616 4327 1863 4399 ποίημα·

298 4443 315 4473 ι
340 4419 563 4491 Πνεῦμα
590 4420 752 4484 θεῖον,
778 4420 961 4489 φησὶν,
986 4418 1049 4472 τὸ
1084 4418 1312 4490 ποιῆσαν
1338 4436 1428 4489 με,
1462 4418 1597 4490 πνοὴ
1638 4419 1693 4473 δὲ
1728 4437 1866 4472 παν-

1977 1994 2071 2049 sed
2103 1996 2414 2065 accepimus
2435 1998 2684 2066 spiritum
2715 2000 3024 2069 adoptionis
3063 2001 3117 2057 in
3151 2002 3313 2068 ﬁlios,
3365 2003 3419 2057 in
3458 2017 3567 2075 quo

1976 2084 2292 2151 clamamus,
2322 2089 2473 2143 Abba
2503 2088 2667 2145 Pater
2691 2092 2757 2145 ⁵¹.
2791 2110 2810 2143 ι
2850 2092 2917 2147 Et
2936 2093 3043 2148 alio
3077 2093 3231 2149 loco:
3263 2112 3282 2146 ι
3312 2093 3449 2149 Nam
3480 2094 3565 2150 lex

1976 2176 2201 2244 spiritus
2237 2177 2359 2234 vitae
2406 2178 2662 2236 liberavit
2716 2197 2803 2238 me
2845 2196 2875 2237 a
2925 2183 3043 2254 lege
3088 2184 3299 2255 peccati
3328 2193 3384 2239 et
3413 2199 3566 2240 mor-

1980 2267 2049 2321 tis
2068 2268 2135 2322 “.
2172 2286 2191 2319 ι
2232 2268 2297 2324 Et
2326 2270 2455 2325 alibi
2498 2289 2513 2327 :
2560 2290 2581 2325 ι
2621 2272 2883 2330 Dominus
2926 2286 3106 2330 autem
3153 2275 3394 2346 Spiritus
3431 2287 3559 2333 est:

1981 2358 2072 2412 ubi
2108 2368 2289 2414 autem
2326 2359 2565 2431 Spiritus
2605 2362 2844 2432 Domini,
2897 2365 2969 2419 ibi
3028 2366 3253 2423 libertas
3295 2367 3362 2421 ⁵³.
3401 2386 3419 2420 ι
3464 2368 3564 2435 Qui

1977 2457 2159 2504 autem
2189 2450 2325 2507 alios
2365 2452 2581 2521 liberat,
2629 2454 2676 2511 is
2715 2471 2821 2512 non
2880 2458 3073 2514 servit.
3114 2458 3219 2526 Qui
3260 2460 3408 2515 enim
3448 2460 3566 2515 ﬁeri

1976 2553 2160 2609 posset
2190 2552 2250 2597 ut
2284 2546 2567 2603 conservis
2592 2546 2745 2603 daret
2769 2563 2891 2619 qua:
2922 2549 3039 2620 ipse
3062 2565 3169 2605 non
3206 2551 3390 2614 habet,
3413 2553 3561 2622 quod
3641 2615 3644 2619 ,

1977 2628 2092 2698 ipse
2145 2634 2404 2703 consequi
2452 2649 2562 2690 non
2607 2637 2777 2703 valet,
2815 2653 2923 2709 quo
2968 2639 3129 2694 vellet
3163 2642 3382 2712 quidem
3435 2642 3564 2707 frui,

1976 2721 2051 2775 uti
2099 2737 2196 2791 par
2224 2733 2330 2788 est,
2366 2741 2545 2796 neque
2582 2737 2763 2784 tamen
2811 2729 3033 2801 posset?
3078 2732 3234 2799 Quod
3283 2734 3328 2788 si
3376 2749 3564 2789 revera

1975 2814 2327 2871 credentibus
2354 2816 2665 2874 libertatem
2696 2823 3087 2888 communicat,
3114 2832 3171 2879 et
3203 2839 3389 2880 servos
3416 2826 3559 2882 libe-

1976 2912 2079 2969 rat,
2112 2920 2219 2962 non
2269 2908 2459 2977 utique
2496 2909 2612 2979 ipse
2662 2914 2853 2979 servit,
2895 2916 2991 2970 sed
3036 2916 3366 2985 dominatur,
3400 2917 3566 2975 liber-

1977 3000 2247 3063 talemque
2294 3012 2392 3067 pro
2429 3014 2524 3053 sua
2567 3010 2838 3071 potestate
2878 3005 3080 3073 quibus
3131 3008 3247 3061 vult
3292 3008 3543 3080 largitur.

1976 3081 2158 3147 Quare
2191 3091 2246 3137 et
2276 3086 2468 3146 beatus
2497 3086 2693 3143 Paulus
2724 3090 2800 3143 ait
2829 3112 2840 3146 :
2874 3110 2892 3143 ι
2927 3091 3121 3148 Omnia
3144 3109 3403 3165 operatur
3428 3114 3568 3154 unus

1984 3182 2148 3242 atque
2176 3174 2315 3230 idem
2347 3175 2604 3248 Spiritus,
2640 3181 2888 3237 dividens
2914 3184 3143 3255 singulis
3175 3198 3334 3257 prout
3367 3190 3501 3245 vult.
3542 3210 3563 3245 ι

1982 3263 2343 3354 Quamobrem
2386 3279 2442 3324 et
2476 3272 2743 3341 propheta
2772 3274 2825 3328 in
2858 3273 3057 3332 Vetere
3085 3278 3437 3337 Testamento
3467 3297 3567 3354 po-

1979 3353 2207 3409 tentiam
2246 3356 2391 3412 illius
2416 3360 2719 3427 prtetlicans
2755 3364 3027 3421 clamabat
3058 3385 3072 3421 :
3108 3386 3127 3419 ι
3171 3369 3430 3427 Dominus
3465 3353 3565 3429 mi-

1983 3444 2054 3499 sit
2082 3460 2168 3501 nte
2198 3457 2253 3501 et
2280 3447 2519 3517 Spiritus
2549 3452 2665 3519 ejus
2692 3454 2759 3509 “.
2800 3474 2820 3508 ι
2854 3456 2923 3511 Ει
2970 3457 3231 3517 Dominus
3269 3465 3564 3533 reprehen-

1989 3535 2125 3591 dens
2158 3535 2411 3593 Iudaeos:
2450 3561 2467 3594 ι
2509 3541 2829 3609 Consilium,
2853 3547 3047 3618 inquit,
3077 3552 3218 3615 iniit,
3245 3561 3296 3606 et
3337 3570 3441 3609 nou
3467 3572 3563 3622 per

1976 3641 2101 3692 nte;
2160 3638 2216 3683 et
2288 3634 2724 3701 conventiones,
2784 3639 2877 3693 sed
2953 3655 3058 3695 non
3128 3657 3226 3711 per
3300 3644 3559 3714 Spiritum

1989 3735 2169 3775 meum
2199 3723 2286 3790 ";
2320 3742 2338 3775 ι
2374 3727 2691 3797 participem
2733 3730 2807 3783 ita
2858 3732 3239 3791 demonstrans
3278 3742 3561 3806 potestatis

1965 3823 2227 3869 sanctum
2268 3814 2555 3886 Spiritum.
2604 3819 2670 3875 Et
2722 3823 2956 3892 denique
2995 3826 3169 3881 alibi:
3218 3848 3236 3881 ι
3295 3830 3437 3895 Ideo,
3475 3834 3559 3885 in-

1973 3906 2112 3973 quit,
2139 3921 2240 3977 ego
2276 3910 2557 3965 vobiscum
2594 3929 2737 3978 sum,
2773 3926 2824 3970 et
2861 3917 3099 3986 Spiritus
3150 3938 3302 3979 meus
3349 3924 3403 3980 iu
3446 3940 3558 3981 me-

1973 3997 2061 4053 dio
2099 4008 2338 4054 vestrum
2373 4003 2528 4057 stetit
2561 4003 2629 4058 ⁸⁸.
2668 4025 2687 4057 ι

2222 4106 2388 4165 XXII.
2426 4110 2582 4177 Quod
2613 4113 2937 4173 Paraclctus
2972 4121 3043 4175 sit
3080 4135 3305 4181 creator.

2039 4219 2207 4277 Jobus
2236 4239 2453 4295 quoque
2476 4236 2783 4284 creatorem
2817 4232 3213 4307 Dominumque
3238 4240 3410 4308 ipsum
3441 4242 3560 4311 Spl-

1969 4314 2132 4369 ritum
2192 4319 2444 4382 credens,
2491 4336 2598 4375 non
2652 4324 2959 4380 ministrum
3008 4343 3182 4397 neque
3223 4346 3550 4400 creaturam,

1977 4423 1995 4456 ι
2028 4404 2267 4477 Spiritus
2300 4410 2539 4476 divinus,
2591 4413 2787 4484 inquit,
2820 4418 2914 4486 qui
2963 4417 3091 4473 fecit
3143 4437 3250 4483 me,
3288 4433 3341 4478 et
3379 4426 3553 4493 spira-

288 4511 617 4581 τοκράτορος
646 4508 1021 4579 ήδιδάσκουσά
1049 4526 1137 4579 με.
1179 4528 1197 4559 »
1229 4510 1290 4563 Εί
1312 4510 1368 4562 δὲ
1391 4510 1492 4579 τὴν
1517 4508 1865 4581 ἀνθρωπίνην

1980 4512 2093 4553 men
2126 4498 2520 4570 omnipotentis
2562 4506 2707 4576 quod
2738 4508 2920 4563 erudit
2950 4526 3037 4566 me
3064 4511 3132 4567 "'.
3172 4532 3191 4565 ι
3230 4513 3349 4569 Iam
3386 4519 3429 4572 si
3456 4520 3553 4573 ltu-

292 4571 453 4672 φύσιν
503 4571 921 4672 ἐδημιούργησε,
961 4571 1061 4672 τὴν
1098 4600 1267 4671 αὐτὴν
1301 4571 1490 4654 οὐσίαν
1532 4571 1643 4671 ἔχει
1692 4571 1867 4672 Πατρὶ

1980 4606 2191 4646 manam
2225 4605 2478 4650 naturam
2509 4598 2741 4664 creavit,
2774 4582 3024 4671 sequitur
3064 4615 3122 4659 ut
3152 4606 3391 4675 ejusdem
3432 4626 3553 4665 cum

291 4693 385 4745 καί
417 4690 531 4761 Υίῷ
555 4706 569 4721 °
603 4693 663 4744 ὲν
688 4691 794 4761 γὰρ
826 4694 892 4762 τῇ
931 4690 1026 4744 τοῦ
1056 4690 1344 4762 ἀνθρώπου
1391 4693 1609 4764 ποιήσει
1655 4688 1806 4745 εἶπεν
1836 4694 1864 4745 6

289 4783 423 4846 Θιός
441 4799 455 4815 ο
494 4801 513 4834 ι
544 4782 867 4854 Ποιήσωμεν
890 4783 1174 4854 ἄνθρωπον
1197 4786 1316 4838 κατ’
1350 4785 1535 4837 εἰκόνα
1560 4783 1859 4857 ἡμετέραν,

292 4873 385 4926 καὶ
413 4871 532 4926 καθ’
556 4872 831 4943 ὁμοίωσιν.
871 4867 1004 4925 »Ὧν
1026 4874 1082 4927 δὲ
1100 4877 1133 4945 ή
1168 4873 1330 4929 είκὼν
1369 4874 1488 4947 μία,
1514 4875 1716 4929 τούτων
1763 4875 1861 4946 δη-

294 4962 471 5017 λονότι
507 4963 604 5017 καὶ
633 4965 666 5034 ή
695 4964 851 5017 οὐσία
887 4964 1005 5036 μία.

457 5165 585 5219 KI".
623 5164 754 5218 Ὀτι
783 5164 849 5217 ἐκ
884 5164 1033 5218 Θεοῦ
1064 5163 1132 5218 τὸ
1166 5165 1406 5233 Πνεῦμα
1434 5166 1500 5219 τὸ
1531 5166 1718 5236 ἅγιον.

363 5276 485 5330 Ὅτι
516 5276 572 5330 δὲ
610 5276 797 5340 οὐσίας
826 5275 976 5340 θείας
1007 5240 1239 5348 ὑπάρχέι
1268 5279 1328 5332 τὸ
1356 5278 1581 5347 Πνεῦμα
1604 5280 1662 5333 τὸ
1685 5280 1860 5349 ἅγιον,

362 5452 408 5485 ⁸⁸
432 5450 471 5506 Il
494 5451 616 5507 Cor.
646 5466 764 5515 xm,
804 5453 887 5507 l3.

394 5677 443 5747 l)
484 5676 644 5730 Vides
677 5676 815 5745 apud
846 5676 1102 5747 Cyrillum
1143 5685 1288 5731 recte
1326 5676 1566 5747 additum
1603 5680 1695 5731 καὶ
1743 5676 1855 5733 Πα-

394 5678 443 5747 1)
484 5678 644 5730 Vides
677 5678 815 5745 apud
846 5678 1102 5747 Cyrillum
1143 5685 1288 5731 recte
1326 5678 1566 5730 additum
1603 5680 1695 5731 καὶ
1743 5678 1854 5733 Πα-

296 5678 596 5817 τρὲςαιιιαε
630 5748 793 5800 dictio
842 5746 996 5802 deest
1050 5747 1102 5798 in
1153 5747 1335 5817 multis
1364 5745 1491 5799 Novi
1526 5748 1854 5803 'I'estameuti

294 5814 589 5883 codicibus,
629 5827 683 5873 et
716 5826 889 5873 tamen
920 5814 1228 5872 necessaria
1255 5817 1340 5870 hic
1372 5828 1451 5873 cst
1476 5818 1541 5872 ad
1578 5817 1857 5875 Trinitatis

990 5451 1035 5484 “
1061 5450 1079 5503 I
1108 5452 1232 5506 Cor.
1277 5470 1373 5515 xu,
1404 5453 1518 5507 6-6.
1616 5456 1663 5487 ⁵ο
1690 5456 1818 5510 ibid.
1851 5456 1935 5509 Il.

293 5525 339 5555 "
373 5523 472 5579 Isa.
503 5538 690 5590 sum,
722 5522 805 5577 I6.
876 5523 920 5555 ³⁸
946 5522 1047 5577 Isa.
1074 5538 1202 5587 xxx,
1228 5522 1277 5577 1.
1357 5525 1402 5555 ⁸⁸
1426 5526 1560 5595 Agg.
1582 5541 1641 5591 tl,
1672 5526 1724 5580 6.
1799 5527 1871 5575 ⁸⁷.

2011 5530 2181 5586 x'xxn.
2214 5527 2267 5582 8.

1973 4680 2135 4738 Patre
2166 4699 2228 4739 ac
2252 4685 2392 4741 Filio
2418 4688 2743 4745 substantia:
2796 4692 2890 4747 sit.
2928 4693 3173 4765 Namque
3217 4698 3270 4752 in
3318 4699 3555 4757 hominis

1974 4779 2260 4833 creatione
2284 4779 2422 4834 dixit
2451 4781 2593 4837 Deus
2619 4800 2633 4837 :
2671 4802 2689 4834 ι
2714 4782 3004 4839 Faciamus
3027 4788 3241 4857 701m
3277 4789 3551 4849 hamincm

1969 4868 2037 4923 ad
2063 4869 2350 4942 imaginem
2380 4884 2619 4929 nostram
2639 4890 2705 4930 ac
2728 4876 3137 4933 similitudinem
3168 4880 3237 4935 ⁵⁸.
3266 4900 3283 4933 ι
3320 4882 3558 4951 Quorum

1974 4971 2156 5017 autem
2185 4980 2287 5019 una
2331 4975 2415 5020 est
2446 4967 2647 5037 imago,
2683 4983 2869 5023 eorum
2905 4971 3155 5028 videlicet
3195 4988 3300 5028 una
3347 4991 3562 5047 quoque

1973 5053 2273 5110 substantia
2307 5066 2409 5111 est.

2149 5167 2337 5223 XXIII.
2374 5168 2527 5235 Quod
2565 5186 2630 5223 ea:
2672 5170 2777 5225 Deo
2805 5173 2872 5225 sit
2910 5170 3141 5240 Spiritus
3176 5187 3412 5231 sanctus.

2045 5280 2201 5354 Quod
2252 5292 2434 5336 autem
2481 5282 2664 5336 divina
2709 5292 2923 5338 constet
2967 5286 3277 5340 substantia
3312 5285 3555 5357 Spiritus

2037 5458 2078 5488 “
2122 5456 2279 5511 Rom.
2308 5474 2423 5518 vm.
2458 5460 2543 5513 15.
2646 5460 2690 5491 ⁵⁸
2728 5460 2854 5515 ibid.
2887 5461 2940 5517 2.

2374 5528 2421 5561 "
2446 5529 2580 5583 Gen.
2610 5546 2649 5595 ι,
2688 5530 2778 5585 26.

3041 5464 3087 5495 ⁵³
3112 5462 3155 5519 lI
3183 5464 3307 5521 Cor.
3341 5482 3422 5522 ιιι.
3462 5466 3549 5522 I7.

1966 5681 2178 5751 plenam
2221 5684 2708 5741 enumerationem.

1968 5821 1978 5832 ⁹
2149 5751 2435 5838 Itarmlex
2466 5754 2733 5828 διανέμει,
2767 5758 2881 5813 sine
2913 5759 3022 5815 ulla
3050 5770 3211 5821 antea
3244 5765 3326 5822 vel
3365 5776 3551 5838 postea

1967 5828 2419 5889 iuterpuuctione.
