  <div class='ocr_page' id='page_1' title='image "/cluster/home/n/w/nwhite01/storage/ocr_20150623/75/pst.000005712748/618.png"; bbox 0 0 4036 6336; ppageno 0'>
   <div class='ocr_carea' id='block_1_1' title="bbox 1678 342 2198 399">
    <p class='ocr_par' dir='ltr' id='par_1_1' title="bbox 1678 342 2198 399">
     <span class='ocr_line' id='line_1_1' title="bbox 1678 342 2198 399; baseline -0.002 -2"><span class='ocrx_word' id='word_1_1' title='bbox 1678 344 1762 399; x_wconf 82' lang='lat' dir='ltr'><strong>DE</strong></span> <span class='ocrx_word' id='word_1_2' title='bbox 1804 342 2198 399; x_wconf 71' lang='grc' dir='ltr'><strong>ΤΠΙΝΙΤΑΤΕ.</strong></span> 
     </span>
    </p>
   </div>
   <div class='ocr_carea' id='block_1_2' title="bbox 3478 341 3615 399">
    <p class='ocr_par' dir='ltr' id='par_1_2' title="bbox 3478 341 3615 399">
     <span class='ocr_line' id='line_1_2' title="bbox 3478 341 3615 399; baseline 0.029 -4"><span class='ocrx_word' id='word_1_3' title='bbox 3478 341 3615 399; x_wconf 67' lang='grc' dir='ltr'>Ηδῖ</span> 
     </span>
    </p>
   </div>
   <div class='ocr_carea' id='block_1_3' title="bbox 348 457 1910 534">
    <p class='ocr_par' dir='ltr' id='par_1_3' title="bbox 348 462 1910 534">
     <span class='ocr_line' id='line_1_3' title="bbox 348 462 1910 534; baseline 0 -19"><span class='ocrx_word' id='word_1_4' title='bbox 348 462 650 533; x_wconf 73' lang='grc' dir='ltr'>Κυρίου,δς</span> <span class='ocrx_word' id='word_1_5' title='bbox 678 462 999 531; x_wconf 69' lang='grc' dir='ltr'>σδμόισάσει</span> <span class='ocrx_word' id='word_1_6' title='bbox 1029 462 1495 534; x_wconf 74' lang='grc' dir='ltr'>αὑτόνςἩμεῖςδὲ</span> <span class='ocrx_word' id='word_1_7' title='bbox 1524 462 1647 515; x_wconf 93' lang='grc' dir='ltr'>νοῦν</span> <span class='ocrx_word' id='word_1_8' title='bbox 1676 462 1910 534; x_wconf 80' lang='grc' dir='ltr'>Χριστοῦ</span> 
     </span>
    </p>
   </div>
   <div class='ocr_carea' id='block_1_4' title="bbox 2016 457 3610 534">
    <p class='ocr_par' dir='ltr' id='par_1_4' title="bbox 2018 457 3610 528">
     <span class='ocr_line' id='line_1_4' title="bbox 2018 457 3610 528; baseline -0.003 -11"><span class='ocrx_word' id='word_1_9' title='bbox 2018 463 2279 517; x_wconf 82' lang='lat' dir='ltr'><strong>habemus</strong></span> <span class='ocrx_word' id='word_1_10' title='bbox 2321 462 2385 515; x_wconf 81' lang='lat'><strong>“.</strong></span> <span class='ocrx_word' id='word_1_11' title='bbox 2442 482 2459 513; x_wconf 80' lang='grc' dir='ltr'><strong>ι</strong></span> <span class='ocrx_word' id='word_1_12' title='bbox 2522 460 2655 515; x_wconf 86' lang='lat' dir='ltr'><strong>Dum</strong></span> <span class='ocrx_word' id='word_1_13' title='bbox 2705 460 2781 515; x_wconf 89' lang='lat' dir='ltr'><strong>ait</strong></span> <span class='ocrx_word' id='word_1_14' title='bbox 2840 460 3062 527; x_wconf 86' lang='lat' dir='ltr'><strong>itaque:</strong></span> <span class='ocrx_word' id='word_1_15' title='bbox 3118 478 3136 509; x_wconf 74' lang='grc' dir='ltr'><strong>ι</strong></span> <span class='ocrx_word' id='word_1_16' title='bbox 3201 457 3309 513; x_wconf 79' lang='lat' dir='ltr'><strong>Nos</strong></span> <span class='ocrx_word' id='word_1_17' title='bbox 3361 458 3610 528; x_wconf 83' lang='lat' dir='ltr'><strong>spiritum</strong></span> 
     </span>
    </p>
   </div>
   <div class='ocr_carea' id='block_1_5' title="bbox 344 551 1911 623">
    <p class='ocr_par' dir='ltr' id='par_1_5' title="bbox 344 551 1911 623">
     <span class='ocr_line' id='line_1_5' title="bbox 344 551 1911 623; baseline 0.002 -20"><span class='ocrx_word' id='word_1_18' title='bbox 344 554 562 621; x_wconf 70' lang='grc' dir='ltr'>ἔχομεν.</span> <span class='ocrx_word' id='word_1_19' title='bbox 609 574 625 603; x_wconf 80' lang='grc' dir='ltr'><strong>ι</strong></span> <span class='ocrx_word' id='word_1_20' title='bbox 664 552 869 605; x_wconf 82' lang='grc' dir='ltr'>Οὐκοῦν</span> <span class='ocrx_word' id='word_1_21' title='bbox 895 551 969 621; x_wconf 76' lang='grc' dir='ltr'>τῷ</span> <span class='ocrx_word' id='word_1_22' title='bbox 992 556 1165 605; x_wconf 75' lang='grc' dir='ltr'>εἰπεῖν</span> <span class='ocrx_word' id='word_1_23' title='bbox 1198 554 1278 606; x_wconf 79' lang='grc' dir='ltr'>ὅτι</span> <span class='ocrx_word' id='word_1_24' title='bbox 1314 574 1330 606; x_wconf 80' lang='grc' dir='ltr'><strong>ι</strong></span> <span class='ocrx_word' id='word_1_25' title='bbox 1365 554 1439 605; x_wconf 74' lang='grc' dir='ltr'><strong>Οὔ</strong></span> <span class='ocrx_word' id='word_1_26' title='bbox 1470 553 1529 605; x_wconf 85' lang='grc' dir='ltr'>τὸ</span> <span class='ocrx_word' id='word_1_27' title='bbox 1570 554 1787 623; x_wconf 82' lang='grc' dir='ltr'>πνεῦμα</span> <span class='ocrx_word' id='word_1_28' title='bbox 1815 554 1911 606; x_wconf 85' lang='grc' dir='ltr'><strong>τοῦ</strong></span> 
     </span>
    </p>
   </div>
   <div class='ocr_carea' id='block_1_6' title="bbox 342 649 1906 719">
    <p class='ocr_par' dir='ltr' id='par_1_6' title="bbox 342 649 1906 719">
     <span class='ocr_line' id='line_1_6' title="bbox 342 649 1906 719; baseline 0 -18"><span class='ocrx_word' id='word_1_29' title='bbox 342 652 550 719; x_wconf 78' lang='grc' dir='ltr'><strong>κόσμου</strong></span> <span class='ocrx_word' id='word_1_30' title='bbox 585 649 866 716; x_wconf 79' lang='grc' dir='ltr'>ὲλάόομεν,</span> <span class='ocrx_word' id='word_1_31' title='bbox 892 649 1025 702; x_wconf 80' lang='grc' dir='ltr'><strong>ἀλλὰ</strong></span> <span class='ocrx_word' id='word_1_32' title='bbox 1057 651 1116 701; x_wconf 87' lang='grc' dir='ltr'><strong>τὸ</strong></span> <span class='ocrx_word' id='word_1_33' title='bbox 1152 650 1376 718; x_wconf 83' lang='grc' dir='ltr'>Πνεῦμα</span> <span class='ocrx_word' id='word_1_34' title='bbox 1405 649 1464 701; x_wconf 86' lang='grc' dir='ltr'>τὸ</span> <span class='ocrx_word' id='word_1_35' title='bbox 1488 650 1549 701; x_wconf 77' lang='grc' dir='ltr'>ὲκ</span> <span class='ocrx_word' id='word_1_36' title='bbox 1573 649 1665 701; x_wconf 84' lang='grc' dir='ltr'><strong>τοῦ</strong></span> <span class='ocrx_word' id='word_1_37' title='bbox 1700 649 1857 711; x_wconf 86' lang='grc' dir='ltr'>Θεοῦ,</span> <span class='ocrx_word' id='word_1_38' title='bbox 1889 670 1906 701; x_wconf 78' lang='grc' dir='ltr'><strong>ι</strong></span> 
     </span>
    </p>
   </div>
   <div class='ocr_carea' id='block_1_7' title="bbox 342 742 1914 812">
    <p class='ocr_par' dir='ltr' id='par_1_7' title="bbox 342 742 1914 812">
     <span class='ocr_line' id='line_1_7' title="bbox 342 742 1914 812; baseline 0.002 -20"><span class='ocrx_word' id='word_1_39' title='bbox 342 742 580 806; x_wconf 79' lang='grc' dir='ltr'>ἐδίδαξεν</span> <span class='ocrx_word' id='word_1_40' title='bbox 625 744 718 810; x_wconf 78' lang='grc' dir='ltr'><strong>οὑχ</strong></span> <span class='ocrx_word' id='word_1_41' title='bbox 751 742 1008 810; x_wconf 76' lang='grc' dir='ltr'><strong>ὁμογενὲς</strong></span> <span class='ocrx_word' id='word_1_42' title='bbox 1034 743 1106 811; x_wconf 81' lang='lat' dir='ltr'><strong>(l)</strong></span> <span class='ocrx_word' id='word_1_43' title='bbox 1131 742 1205 812; x_wconf 85' lang='grc' dir='ltr'><strong>τῷ</strong></span> <span class='ocrx_word' id='word_1_44' title='bbox 1237 743 1443 811; x_wconf 75' lang='grc' dir='ltr'>κόσμῳ,</span> <span class='ocrx_word' id='word_1_45' title='bbox 1482 743 1615 796; x_wconf 80' lang='grc' dir='ltr'>ἀλλὰ</span> <span class='ocrx_word' id='word_1_46' title='bbox 1634 743 1733 811; x_wconf 81' lang='grc' dir='ltr'><strong>τῆς</strong></span> <span class='ocrx_word' id='word_1_47' title='bbox 1765 742 1914 804; x_wconf 87' lang='grc' dir='ltr'>θείας</span> 
     </span>
    </p>
   </div>
   <div class='ocr_carea' id='block_1_8' title="bbox 342 833 1911 903">
    <p class='ocr_par' dir='ltr' id='par_1_8' title="bbox 342 833 1911 903">
     <span class='ocr_line' id='line_1_8' title="bbox 342 833 1911 903; baseline 0.001 -20"><span class='ocrx_word' id='word_1_48' title='bbox 342 834 586 901; x_wconf 81' lang='grc' dir='ltr'>ὑπάρχον</span> <span class='ocrx_word' id='word_1_49' title='bbox 648 834 834 895; x_wconf 71' lang='grc' dir='ltr'>οὐσίας</span> <span class='ocrx_word' id='word_1_50' title='bbox 882 834 942 886; x_wconf 84' lang='grc' dir='ltr'><strong>τὸ</strong></span> <span class='ocrx_word' id='word_1_51' title='bbox 991 834 1213 903; x_wconf 79' lang='grc' dir='ltr'>Πνεῦμα</span> <span class='ocrx_word' id='word_1_52' title='bbox 1279 833 1338 886; x_wconf 78' lang='grc' dir='ltr'>τὸ</span> <span class='ocrx_word' id='word_1_53' title='bbox 1388 835 1561 902; x_wconf 83' lang='grc' dir='ltr'>ἆγιον.</span> <span class='ocrx_word' id='word_1_54' title='bbox 1616 835 1725 887; x_wconf 74' lang='grc' dir='ltr'><strong>Καὶ</strong></span> <span class='ocrx_word' id='word_1_55' title='bbox 1766 835 1911 903; x_wconf 69' lang='grc' dir='ltr'>ιπρὸς</span> 
     </span>
    </p>
   </div>
   <div class='ocr_carea' id='block_1_9' title="bbox 340 924 1911 995">
    <p class='ocr_par' dir='ltr' id='par_1_9' title="bbox 340 924 1911 995">
     <span class='ocr_line' id='line_1_9' title="bbox 340 924 1911 995; baseline 0.001 -20"><span class='ocrx_word' id='word_1_56' title='bbox 340 926 513 993; x_wconf 72' lang='grc' dir='ltr'>τούτῳ</span> <span class='ocrx_word' id='word_1_57' title='bbox 562 924 815 986; x_wconf 72' lang='grc' dir='ltr'>ἐδίδαξεν,</span> <span class='ocrx_word' id='word_1_58' title='bbox 854 925 927 985; x_wconf 85' lang='grc' dir='ltr'>ὠς</span> <span class='ocrx_word' id='word_1_59' title='bbox 973 926 1031 976; x_wconf 90' lang='grc' dir='ltr'>οὑ</span> <span class='ocrx_word' id='word_1_60' title='bbox 1070 924 1320 993; x_wconf 74' lang='grc' dir='ltr'>περὶτοῦ</span> <span class='ocrx_word' id='word_1_61' title='bbox 1366 924 1501 977; x_wconf 85' lang='grc' dir='ltr'>Θεοῦ</span> <span class='ocrx_word' id='word_1_62' title='bbox 1551 926 1644 978; x_wconf 74' lang='grc' dir='ltr'>καὶ</span> <span class='ocrx_word' id='word_1_63' title='bbox 1698 926 1911 995; x_wconf 82' lang='grc' dir='ltr'>Πατρὸς</span> 
     </span>
    </p>
   </div>
   <div class='ocr_carea' id='block_1_10' title="bbox 340 1016 1911 1089">
    <p class='ocr_par' dir='ltr' id='par_1_10' title="bbox 340 1016 1911 1089">
     <span class='ocr_line' id='line_1_10' title="bbox 340 1016 1911 1089; baseline 0.005 -23"><span class='ocrx_word' id='word_1_64' title='bbox 340 1016 452 1084; x_wconf 74' lang='grc' dir='ltr'>ἔχει</span> <span class='ocrx_word' id='word_1_65' title='bbox 487 1016 578 1067; x_wconf 84' lang='grc' dir='ltr'>τὸν</span> <span class='ocrx_word' id='word_1_66' title='bbox 613 1018 802 1082; x_wconf 74' lang='grc' dir='ltr'>Λόγον,</span> <span class='ocrx_word' id='word_1_67' title='bbox 832 1018 966 1071; x_wconf 79' lang='grc' dir='ltr'>άλλά</span> <span class='ocrx_word' id='word_1_68' title='bbox 994 1018 1119 1087; x_wconf 77' lang='grc' dir='ltr'>περὶ</span> <span class='ocrx_word' id='word_1_69' title='bbox 1149 1018 1237 1069; x_wconf 87' lang='grc' dir='ltr'><strong>τοῦ</strong></span> <span class='ocrx_word' id='word_1_70' title='bbox 1274 1020 1429 1086; x_wconf 80' lang='grc' dir='ltr'>ἁγίου</span> <span class='ocrx_word' id='word_1_71' title='bbox 1478 1020 1813 1089; x_wconf 79' lang='grc' dir='ltr'>Πνεῦματος,</span> <span class='ocrx_word' id='word_1_72' title='bbox 1852 1016 1911 1074; x_wconf 78' lang='grc' dir='ltr'><strong>οῦ</strong></span> 
     </span>
    </p>
   </div>
   <div class='ocr_carea' id='block_1_11' title="bbox 337 1108 1914 1177">
    <p class='ocr_par' dir='ltr' id='par_1_11' title="bbox 337 1108 1914 1177">
     <span class='ocr_line' id='line_1_11' title="bbox 337 1108 1914 1177; baseline 0.005 -20"><span class='ocrx_word' id='word_1_73' title='bbox 337 1108 437 1173; x_wconf 80' lang='grc' dir='ltr'>τὴν</span> <span class='ocrx_word' id='word_1_74' title='bbox 475 1108 631 1176; x_wconf 86' lang='grc' dir='ltr'>χάριν</span> <span class='ocrx_word' id='word_1_75' title='bbox 662 1108 1026 1177; x_wconf 71' lang='grc' dir='ltr'>λαμϐάνουσιν</span> <span class='ocrx_word' id='word_1_76' title='bbox 1049 1110 1097 1161; x_wconf 91' lang='grc' dir='ltr'><strong>οί</strong></span> <span class='ocrx_word' id='word_1_77' title='bbox 1130 1112 1492 1173; x_wconf 75' lang='grc' dir='ltr'><strong>πιστεύοντες.</strong></span> <span class='ocrx_word' id='word_1_78' title='bbox 1535 1115 1625 1163; x_wconf 86' lang='grc' dir='ltr'>Διὸ</span> <span class='ocrx_word' id='word_1_79' title='bbox 1656 1114 1715 1165; x_wconf 71' lang='grc' dir='ltr'>τὸ</span> <span class='ocrx_word' id='word_1_80' title='bbox 1744 1114 1914 1166; x_wconf 79' lang='grc' dir='ltr'>Πνεῦ-</span> 
     </span>
    </p>
   </div>
   <div class='ocr_carea' id='block_1_12' title="bbox 339 1192 1913 1273">
    <p class='ocr_par' dir='ltr' id='par_1_12' title="bbox 339 1192 1913 1273">
     <span class='ocr_line' id='line_1_12' title="bbox 339 1192 1913 1273; baseline 0.006 -27"><span class='ocrx_word' id='word_1_81' title='bbox 339 1214 413 1262; x_wconf 91' lang='grc' dir='ltr'><strong>μα</strong></span> <span class='ocrx_word' id='word_1_82' title='bbox 443 1192 563 1248; x_wconf 86' lang='grc' dir='ltr'>εἶπε</span> <span class='ocrx_word' id='word_1_83' title='bbox 596 1198 655 1249; x_wconf 82' lang='grc' dir='ltr'><strong>τὸ</strong></span> <span class='ocrx_word' id='word_1_84' title='bbox 676 1200 738 1250; x_wconf 83' lang='grc' dir='ltr'>ὲκ</span> <span class='ocrx_word' id='word_1_85' title='bbox 761 1198 854 1251; x_wconf 89' lang='grc' dir='ltr'><strong>τοῦ</strong></span> <span class='ocrx_word' id='word_1_86' title='bbox 890 1199 1044 1262; x_wconf 82' lang='grc' dir='ltr'>Θεοῦ,</span> <span class='ocrx_word' id='word_1_87' title='bbox 1080 1200 1344 1252; x_wconf 84' lang='grc' dir='ltr'><strong>διδάσκων</strong></span> <span class='ocrx_word' id='word_1_88' title='bbox 1380 1200 1456 1262; x_wconf 84' lang='grc' dir='ltr'><strong>ὡς</strong></span> <span class='ocrx_word' id='word_1_89' title='bbox 1494 1202 1556 1252; x_wconf 81' lang='grc' dir='ltr'>ἐκ</span> <span class='ocrx_word' id='word_1_90' title='bbox 1576 1202 1668 1254; x_wconf 86' lang='grc' dir='ltr'><strong>τοῦ</strong></span> <span class='ocrx_word' id='word_1_91' title='bbox 1702 1204 1913 1273; x_wconf 81' lang='grc' dir='ltr'>Πατρὺς</span> 
     </span>
    </p>
   </div>
   <div class='ocr_carea' id='block_1_13' title="bbox 336 1285 1911 1361">
    <p class='ocr_par' dir='ltr' id='par_1_13' title="bbox 336 1285 1911 1361">
     <span class='ocr_line' id='line_1_13' title="bbox 336 1285 1911 1361; baseline 0.006 -26"><span class='ocrx_word' id='word_1_92' title='bbox 336 1286 447 1353; x_wconf 73' lang='grc' dir='ltr'>ἔχει</span> <span class='ocrx_word' id='word_1_93' title='bbox 490 1285 744 1357; x_wconf 79' lang='grc' dir='ltr'>ὓπαρξιν,</span> <span class='ocrx_word' id='word_1_94' title='bbox 776 1290 1033 1358; x_wconf 87' lang='grc' dir='ltr'>κάκείνης</span> <span class='ocrx_word' id='word_1_95' title='bbox 1068 1292 1303 1360; x_wconf 77' lang='grc' dir='ltr'><strong>ὑπάρχει</strong></span> <span class='ocrx_word' id='word_1_96' title='bbox 1346 1294 1445 1361; x_wconf 80' lang='grc' dir='ltr'>τῆς</span> <span class='ocrx_word' id='word_1_97' title='bbox 1480 1292 1717 1359; x_wconf 76' lang='grc' dir='ltr'>φύσεως,</span> <span class='ocrx_word' id='word_1_98' title='bbox 1753 1294 1812 1346; x_wconf 86' lang='grc' dir='ltr'><strong>οὑ</strong></span> <span class='ocrx_word' id='word_1_99' title='bbox 1856 1296 1911 1347; x_wconf 77' lang='grc' dir='ltr'><strong>δὲ</strong></span> 
     </span>
    </p>
   </div>
   <div class='ocr_carea' id='block_1_14' title="bbox 333 1378 1910 1449">
    <p class='ocr_par' dir='ltr' id='par_1_14' title="bbox 333 1378 1910 1449">
     <span class='ocr_line' id='line_1_14' title="bbox 333 1378 1910 1449; baseline 0.009 -24"><span class='ocrx_word' id='word_1_100' title='bbox 333 1380 690 1445; x_wconf 81' lang='grc' dir='ltr'>γεννητικώς,</span> <span class='ocrx_word' id='word_1_101' title='bbox 726 1379 838 1431; x_wconf 79' lang='grc' dir='ltr'><strong>ἀλλ’</strong></span> <span class='ocrx_word' id='word_1_102' title='bbox 876 1382 953 1443; x_wconf 82' lang='grc' dir='ltr'><strong>’ὡς</strong></span> <span class='ocrx_word' id='word_1_103' title='bbox 988 1378 1093 1434; x_wconf 76' lang='grc' dir='ltr'>οἶδε</span> <span class='ocrx_word' id='word_1_104' title='bbox 1138 1383 1296 1449; x_wconf 85' lang='grc' dir='ltr'>μόνος</span> <span class='ocrx_word' id='word_1_105' title='bbox 1337 1383 1365 1433; x_wconf 86' lang='grc' dir='ltr'>ὁ</span> <span class='ocrx_word' id='word_1_106' title='bbox 1400 1387 1489 1436; x_wconf 85' lang='grc' dir='ltr'><strong>τὸν</strong></span> <span class='ocrx_word' id='word_1_107' title='bbox 1526 1385 1652 1437; x_wconf 85' lang='grc' dir='ltr'>Υίὸν</span> <span class='ocrx_word' id='word_1_108' title='bbox 1687 1386 1910 1439; x_wconf 73' lang='grc' dir='ltr'>ἐπιστά-</span> 
     </span>
    </p>
   </div>
   <div class='ocr_carea' id='block_1_15' title="bbox 338 1471 1912 1542">
    <p class='ocr_par' dir='ltr' id='par_1_15' title="bbox 338 1471 1912 1542">
     <span class='ocr_line' id='line_1_15' title="bbox 338 1471 1912 1542; baseline 0.008 -27"><span class='ocrx_word' id='word_1_109' title='bbox 338 1484 519 1533; x_wconf 88' lang='grc' dir='ltr'>μενος,</span> <span class='ocrx_word' id='word_1_110' title='bbox 559 1471 650 1520; x_wconf 75' lang='grc' dir='ltr'><strong>καὶ</strong></span> <span class='ocrx_word' id='word_1_111' title='bbox 694 1472 722 1521; x_wconf 97' lang='lat'><strong>6</strong></span> <span class='ocrx_word' id='word_1_112' title='bbox 754 1471 911 1539; x_wconf 86' lang='grc' dir='ltr'>μόνος</span> <span class='ocrx_word' id='word_1_113' title='bbox 956 1472 1044 1523; x_wconf 85' lang='grc' dir='ltr'><strong>τὸν</strong></span> <span class='ocrx_word' id='word_1_114' title='bbox 1092 1473 1307 1542; x_wconf 82' lang='grc' dir='ltr'><strong>Πατέρα</strong></span> <span class='ocrx_word' id='word_1_115' title='bbox 1348 1473 1654 1541; x_wconf 79' lang='grc' dir='ltr'><strong>γινώσκων,</strong></span> <span class='ocrx_word' id='word_1_116' title='bbox 1711 1477 1804 1528; x_wconf 60' lang='grc' dir='ltr'><strong>καὶ⁹</strong></span> <span class='ocrx_word' id='word_1_117' title='bbox 1850 1476 1912 1530; x_wconf 82' lang='grc' dir='ltr'><strong>τὸ</strong></span> 
     </span>
    </p>
   </div>
   <div class='ocr_carea' id='block_1_16' title="bbox 338 1559 1910 1634">
    <p class='ocr_par' dir='ltr' id='par_1_16' title="bbox 338 1559 1910 1634">
     <span class='ocr_line' id='line_1_16' title="bbox 338 1559 1910 1634; baseline 0.007 -26"><span class='ocrx_word' id='word_1_118' title='bbox 338 1559 502 1624; x_wconf 73' lang='grc' dir='ltr'>μόνον</span> <span class='ocrx_word' id='word_1_119' title='bbox 525 1560 742 1629; x_wconf 81' lang='grc' dir='ltr'>Πατέρα</span> <span class='ocrx_word' id='word_1_120' title='bbox 790 1561 865 1629; x_wconf 68' lang='lat'><strong>(2)</strong></span> <span class='ocrx_word' id='word_1_121' title='bbox 910 1563 1000 1614; x_wconf 67' lang='grc' dir='ltr'>καὶ</span> <span class='ocrx_word' id='word_1_122' title='bbox 1038 1563 1166 1615; x_wconf 80' lang='grc' dir='ltr'>Υίὸν</span> <span class='ocrx_word' id='word_1_123' title='bbox 1196 1565 1559 1634; x_wconf 77' lang='grc' dir='ltr'>ἐπιστάμενον</span> <span class='ocrx_word' id='word_1_124' title='bbox 1581 1585 1593 1597; x_wconf 84' lang='grc'><em>’</em></span> <span class='ocrx_word' id='word_1_125' title='bbox 1627 1567 1655 1620; x_wconf 80' lang='lat'><strong>6</strong></span> <span class='ocrx_word' id='word_1_126' title='bbox 1682 1570 1743 1618; x_wconf 81' lang='grc' dir='ltr'>ἐκ</span> <span class='ocrx_word' id='word_1_127' title='bbox 1774 1566 1910 1619; x_wconf 85' lang='grc' dir='ltr'>Θεοῦ</span> 
     </span>
    </p>
   </div>
   <div class='ocr_carea' id='block_1_17' title="bbox 338 1650 1912 1729">
    <p class='ocr_par' dir='ltr' id='par_1_17' title="bbox 338 1650 1912 1729">
     <span class='ocr_line' id='line_1_17' title="bbox 338 1650 1912 1729; baseline 0.01 -32"><span class='ocrx_word' id='word_1_128' title='bbox 338 1650 761 1718; x_wconf 74' lang='grc' dir='ltr'><strong>μεμαθήκαμεν,</strong></span> <span class='ocrx_word' id='word_1_129' title='bbox 796 1651 885 1703; x_wconf 86' lang='grc' dir='ltr'>τὸν</span> <span class='ocrx_word' id='word_1_130' title='bbox 921 1652 1194 1723; x_wconf 78' lang='grc' dir='ltr'>δὲτρόπον</span> <span class='ocrx_word' id='word_1_131' title='bbox 1225 1656 1324 1708; x_wconf 86' lang='grc' dir='ltr'><strong>οὑκ</strong></span> <span class='ocrx_word' id='word_1_132' title='bbox 1366 1657 1746 1727; x_wconf 80' lang='grc' dir='ltr'>ἐδιδάχθημεν.</span> <span class='ocrx_word' id='word_1_133' title='bbox 1789 1659 1912 1729; x_wconf 79' lang='grc' dir='ltr'><strong>Ἀρ·-</strong></span> 
     </span>
    </p>
   </div>
   <div class='ocr_carea' id='block_1_18' title="bbox 2014 552 3607 623">
    <p class='ocr_par' dir='ltr' id='par_1_18' title="bbox 2014 552 3607 623">
     <span class='ocr_line' id='line_1_18' title="bbox 2014 552 3607 623; baseline -0.001 -15"><span class='ocrx_word' id='word_1_134' title='bbox 2014 555 2197 608; x_wconf 88' lang='lat' dir='ltr'><strong>mundi</strong></span> <span class='ocrx_word' id='word_1_135' title='bbox 2229 571 2331 608; x_wconf 91' lang='lat' dir='ltr'><strong>nou</strong></span> <span class='ocrx_word' id='word_1_136' title='bbox 2355 554 2685 622; x_wconf 84' lang='lat' dir='ltr'><strong>accepimus,</strong></span> <span class='ocrx_word' id='word_1_137' title='bbox 2711 554 2804 608; x_wconf 90' lang='lat' dir='ltr'><strong>sed</strong></span> <span class='ocrx_word' id='word_1_138' title='bbox 2830 556 2919 622; x_wconf 91' lang='lat' dir='ltr'><strong>qui</strong></span> <span class='ocrx_word' id='word_1_139' title='bbox 2948 570 3011 608; x_wconf 77' lang='lat' dir='ltr'><strong>ex</strong></span> <span class='ocrx_word' id='word_1_140' title='bbox 3048 554 3157 609; x_wconf 89' lang='lat' dir='ltr'><strong>Deo</strong></span> <span class='ocrx_word' id='word_1_141' title='bbox 3177 564 3257 609; x_wconf 90' lang='lat' dir='ltr'><strong>est</strong></span> <span class='ocrx_word' id='word_1_142' title='bbox 3275 552 3560 623; x_wconf 86' lang='lat' dir='ltr'><strong>Spiritum,</strong></span> <span class='ocrx_word' id='word_1_143' title='bbox 3590 573 3607 606; x_wconf 84' lang='grc' dir='ltr'><strong>ι</strong></span> 
     </span>
    </p>
   </div>
   <div class='ocr_carea' id='block_1_19' title="bbox 2016 643 3611 716">
    <p class='ocr_par' dir='ltr' id='par_1_19' title="bbox 2016 643 3611 716">
     <span class='ocr_line' id='line_1_19' title="bbox 2016 643 3611 716; baseline -0.001 -16"><span class='ocrx_word' id='word_1_144' title='bbox 2016 646 2407 700; x_wconf 86' lang='lat' dir='ltr'><strong>demonstravit</strong></span> <span class='ocrx_word' id='word_1_145' title='bbox 2438 661 2542 698; x_wconf 92' lang='lat' dir='ltr'><strong>non</strong></span> <span class='ocrx_word' id='word_1_146' title='bbox 2589 660 2709 700; x_wconf 88' lang='lat' dir='ltr'><strong>esse</strong></span> <span class='ocrx_word' id='word_1_147' title='bbox 2742 646 2944 699; x_wconf 91' lang='lat' dir='ltr'><strong>mundo</strong></span> <span class='ocrx_word' id='word_1_148' title='bbox 2993 646 3387 716; x_wconf 74' lang='lat' dir='ltr'><strong>bomogeneum</strong></span> <span class='ocrx_word' id='word_1_149' title='bbox 3436 643 3611 713; x_wconf 81' lang='lat' dir='ltr'><strong>Spiri-</strong></span> 
     </span>
    </p>
   </div>
   <div class='ocr_carea' id='block_1_20' title="bbox 2016 734 3613 803">
    <p class='ocr_par' dir='ltr' id='par_1_20' title="bbox 2016 734 3613 803">
     <span class='ocr_line' id='line_1_20' title="bbox 2016 734 3613 803; baseline -0.002 -14"><span class='ocrx_word' id='word_1_150' title='bbox 2016 745 2125 789; x_wconf 88' lang='lat' dir='ltr'><strong>tum</strong></span> <span class='ocrx_word' id='word_1_151' title='bbox 2171 744 2437 797; x_wconf 88' lang='lat' dir='ltr'><strong>sanctum,</strong></span> <span class='ocrx_word' id='word_1_152' title='bbox 2468 734 2561 789; x_wconf 87' lang='lat' dir='ltr'><strong>sed</strong></span> <span class='ocrx_word' id='word_1_153' title='bbox 2594 736 2776 789; x_wconf 84' lang='lat' dir='ltr'><strong>divina</strong></span> <span class='ocrx_word' id='word_1_154' title='bbox 2808 744 3001 788; x_wconf 87' lang='lat' dir='ltr'><strong>natura</strong></span> <span class='ocrx_word' id='word_1_155' title='bbox 3042 735 3350 803; x_wconf 67' lang='lat' dir='ltr'><strong>praeditum.</strong></span> <span class='ocrx_word' id='word_1_156' title='bbox 3388 734 3613 801; x_wconf 85' lang='lat' dir='ltr'><strong>Insuper</strong></span> 
     </span>
    </p>
   </div>
   <div class='ocr_carea' id='block_1_21' title="bbox 2015 823 3609 899">
    <p class='ocr_par' dir='ltr' id='par_1_21' title="bbox 2015 823 3609 899">
     <span class='ocr_line' id='line_1_21' title="bbox 2015 823 3609 899; baseline -0.003 -18"><span class='ocrx_word' id='word_1_157' title='bbox 2015 828 2413 881; x_wconf 71' lang='lat' dir='ltr'><strong>demonstravit</strong></span> <span class='ocrx_word' id='word_1_158' title='bbox 2456 842 2795 897; x_wconf 85' lang='lat' dir='ltr'><strong>nequaquam</strong></span> <span class='ocrx_word' id='word_1_159' title='bbox 2836 840 2896 881; x_wconf 87' lang='lat' dir='ltr'><strong>se</strong></span> <span class='ocrx_word' id='word_1_160' title='bbox 2950 828 3017 880; x_wconf 90' lang='lat' dir='ltr'><strong>de</strong></span> <span class='ocrx_word' id='word_1_161' title='bbox 3067 828 3176 880; x_wconf 85' lang='lat' dir='ltr'><strong>Deo</strong></span> <span class='ocrx_word' id='word_1_162' title='bbox 3221 825 3383 879; x_wconf 83' lang='lat' dir='ltr'><strong>Patre</strong></span> <span class='ocrx_word' id='word_1_163' title='bbox 3441 823 3609 899; x_wconf 85' lang='lat' dir='ltr'><strong>loqui,</strong></span> 
     </span>
    </p>
   </div>
   <div class='ocr_carea' id='block_1_22' title="bbox 2015 917 3609 990">
    <p class='ocr_par' dir='ltr' id='par_1_22' title="bbox 2015 917 3609 990">
     <span class='ocr_line' id='line_1_22' title="bbox 2015 917 3609 990; baseline -0.003 -16"><span class='ocrx_word' id='word_1_164' title='bbox 2015 923 2107 975; x_wconf 89' lang='lat' dir='ltr'><strong>sed</strong></span> <span class='ocrx_word' id='word_1_165' title='bbox 2164 922 2228 973; x_wconf 92' lang='lat' dir='ltr'><strong>de</strong></span> <span class='ocrx_word' id='word_1_166' title='bbox 2279 930 2467 974; x_wconf 86' lang='lat' dir='ltr'><strong>sancto</strong></span> <span class='ocrx_word' id='word_1_167' title='bbox 2533 921 2775 989; x_wconf 76' lang='lat' dir='ltr'><strong>Spiritu,</strong></span> <span class='ocrx_word' id='word_1_168' title='bbox 2837 918 2992 987; x_wconf 88' lang='lat' dir='ltr'><strong>cujus</strong></span> <span class='ocrx_word' id='word_1_169' title='bbox 3040 921 3271 990; x_wconf 74' lang='lat' dir='ltr'><strong>gratiam</strong></span> <span class='ocrx_word' id='word_1_170' title='bbox 3324 917 3609 972; x_wconf 80' lang='lat' dir='ltr'><strong>credentes</strong></span> 
     </span>
    </p>
   </div>
   <div class='ocr_carea' id='block_1_23' title="bbox 2016 1010 3609 1081">
    <p class='ocr_par' dir='ltr' id='par_1_23' title="bbox 2016 1010 3609 1081">
     <span class='ocr_line' id='line_1_23' title="bbox 2016 1010 3609 1081; baseline 0 -18"><span class='ocrx_word' id='word_1_171' title='bbox 2016 1012 2305 1080; x_wconf 85' lang='lat' dir='ltr'><strong>accipiunt.</strong></span> <span class='ocrx_word' id='word_1_172' title='bbox 2368 1012 2491 1065; x_wconf 84' lang='lat' dir='ltr'><strong>ideo</strong></span> <span class='ocrx_word' id='word_1_173' title='bbox 2525 1022 2580 1065; x_wconf 88' lang='lat' dir='ltr'><strong>et</strong></span> <span class='ocrx_word' id='word_1_174' title='bbox 2624 1012 2759 1066; x_wconf 78' lang='lat' dir='ltr'><strong>dixit</strong></span> <span class='ocrx_word' id='word_1_175' title='bbox 2793 1011 3055 1081; x_wconf 87' lang='lat' dir='ltr'><strong>Spiritum</strong></span> <span class='ocrx_word' id='word_1_176' title='bbox 3095 1012 3187 1081; x_wconf 88' lang='lat' dir='ltr'><strong>qui</strong></span> <span class='ocrx_word' id='word_1_177' title='bbox 3238 1025 3303 1065; x_wconf 86' lang='lat' dir='ltr'><strong>ex</strong></span> <span class='ocrx_word' id='word_1_178' title='bbox 3338 1010 3446 1064; x_wconf 91' lang='lat' dir='ltr'><strong>Deo</strong></span> <span class='ocrx_word' id='word_1_179' title='bbox 3501 1019 3609 1074; x_wconf 86' lang='lat' dir='ltr'><strong>est,</strong></span> 
     </span>
    </p>
   </div>
   <div class='ocr_carea' id='block_1_24' title="bbox 2015 1100 3611 1166">
    <p class='ocr_par' dir='ltr' id='par_1_24' title="bbox 2015 1100 3611 1166">
     <span class='ocr_line' id='line_1_24' title="bbox 2015 1100 3611 1166; baseline 0.003 -14"><span class='ocrx_word' id='word_1_180' title='bbox 2015 1102 2215 1155; x_wconf 79' lang='lat' dir='ltr'><strong>docens</strong></span> <span class='ocrx_word' id='word_1_181' title='bbox 2262 1118 2384 1156; x_wconf 91' lang='lat' dir='ltr'><strong>eum</strong></span> <span class='ocrx_word' id='word_1_182' title='bbox 2416 1120 2444 1156; x_wconf 95' lang='lat' dir='ltr'><strong>a</strong></span> <span class='ocrx_word' id='word_1_183' title='bbox 2476 1102 2633 1157; x_wconf 86' lang='lat' dir='ltr'><strong>Patre</strong></span> <span class='ocrx_word' id='word_1_184' title='bbox 2685 1104 2890 1157; x_wconf 88' lang='lat' dir='ltr'><strong>habere</strong></span> <span class='ocrx_word' id='word_1_185' title='bbox 2934 1102 3343 1166; x_wconf 81' lang='lat' dir='ltr'><strong>exsistentiam,</strong></span> <span class='ocrx_word' id='word_1_186' title='bbox 3372 1110 3427 1155; x_wconf 88' lang='lat' dir='ltr'><strong>et</strong></span> <span class='ocrx_word' id='word_1_187' title='bbox 3467 1100 3611 1156; x_wconf 88' lang='lat' dir='ltr'><strong>illius</strong></span> 
     </span>
    </p>
   </div>
   <div class='ocr_carea' id='block_1_25' title="bbox 2014 1190 3609 1264">
    <p class='ocr_par' dir='ltr' id='par_1_25' title="bbox 2014 1190 3609 1264">
     <span class='ocr_line' id='line_1_25' title="bbox 2014 1190 3609 1264; baseline -0.003 -18"><span class='ocrx_word' id='word_1_188' title='bbox 2014 1207 2134 1246; x_wconf 86' lang='lat' dir='ltr'><strong>esse</strong></span> <span class='ocrx_word' id='word_1_189' title='bbox 2177 1205 2416 1255; x_wconf 58' lang='lat' dir='ltr'><strong>natura,</strong></span> <span class='ocrx_word' id='word_1_190' title='bbox 2456 1210 2560 1247; x_wconf 91' lang='lat' dir='ltr'><strong>non</strong></span> <span class='ocrx_word' id='word_1_191' title='bbox 2619 1194 2863 1263; x_wconf 79' lang='lat' dir='ltr'><strong>profecto</strong></span> <span class='ocrx_word' id='word_1_192' title='bbox 2921 1194 3186 1264; x_wconf 72' lang='lat' dir='ltr'><strong>genitum,</strong></span> <span class='ocrx_word' id='word_1_193' title='bbox 3220 1194 3313 1247; x_wconf 92' lang='lat' dir='ltr'><strong>sed</strong></span> <span class='ocrx_word' id='word_1_194' title='bbox 3353 1207 3418 1245; x_wconf 93' lang='lat' dir='ltr'><strong>eo</strong></span> <span class='ocrx_word' id='word_1_195' title='bbox 3452 1190 3609 1243; x_wconf 89' lang='lat' dir='ltr'><strong>modo</strong></span> 
     </span>
    </p>
   </div>
   <div class='ocr_carea' id='block_1_26' title="bbox 2014 1283 3603 1355">
    <p class='ocr_par' dir='ltr' id='par_1_26' title="bbox 2014 1283 3603 1355">
     <span class='ocr_line' id='line_1_26' title="bbox 2014 1283 3603 1355; baseline -0.003 -18"><span class='ocrx_word' id='word_1_196' title='bbox 2014 1299 2174 1354; x_wconf 86' lang='lat' dir='ltr'><strong>quem</strong></span> <span class='ocrx_word' id='word_1_197' title='bbox 2206 1284 2351 1339; x_wconf 90' lang='lat' dir='ltr'><strong>solus</strong></span> <span class='ocrx_word' id='word_1_198' title='bbox 2383 1284 2471 1339; x_wconf 90' lang='lat' dir='ltr'><strong>ille</strong></span> <span class='ocrx_word' id='word_1_199' title='bbox 2494 1286 2598 1339; x_wconf 86' lang='lat' dir='ltr'><strong>scit</strong></span> <span class='ocrx_word' id='word_1_200' title='bbox 2627 1288 2715 1355; x_wconf 86' lang='lat' dir='ltr'><strong>qui</strong></span> <span class='ocrx_word' id='word_1_201' title='bbox 2748 1286 2943 1340; x_wconf 85' lang='lat' dir='ltr'><strong>Filium</strong></span> <span class='ocrx_word' id='word_1_202' title='bbox 2976 1286 3145 1347; x_wconf 74' lang='lat' dir='ltr'><strong>novit,</strong></span> <span class='ocrx_word' id='word_1_203' title='bbox 3178 1294 3232 1339; x_wconf 92' lang='lat' dir='ltr'><strong>et</strong></span> <span class='ocrx_word' id='word_1_204' title='bbox 3261 1284 3352 1353; x_wconf 88' lang='lat' dir='ltr'><strong>qui</strong></span> <span class='ocrx_word' id='word_1_205' title='bbox 3388 1283 3603 1336; x_wconf 85' lang='lat' dir='ltr'><strong>Patrem</strong></span> 
     </span>
    </p>
   </div>
   <div class='ocr_carea' id='block_1_27' title="bbox 2015 1376 3607 1448">
    <p class='ocr_par' dir='ltr' id='par_1_27' title="bbox 2015 1376 3607 1448">
     <span class='ocr_line' id='line_1_27' title="bbox 2015 1376 3607 1448; baseline -0.001 -19"><span class='ocrx_word' id='word_1_206' title='bbox 2015 1377 2161 1430; x_wconf 82' lang='lat' dir='ltr'><strong>novit</strong></span> <span class='ocrx_word' id='word_1_207' title='bbox 2197 1376 2383 1441; x_wconf 86' lang='lat' dir='ltr'><strong>Filius,</strong></span> <span class='ocrx_word' id='word_1_208' title='bbox 2414 1388 2467 1432; x_wconf 88' lang='lat' dir='ltr'><strong>et</strong></span> <span class='ocrx_word' id='word_1_209' title='bbox 2499 1379 2544 1433; x_wconf 89' lang='lat' dir='ltr'><strong>is</strong></span> <span class='ocrx_word' id='word_1_210' title='bbox 2582 1379 2814 1447; x_wconf 83' lang='lat' dir='ltr'><strong>denique</strong></span> <span class='ocrx_word' id='word_1_211' title='bbox 2840 1380 2930 1448; x_wconf 88' lang='lat' dir='ltr'><strong>qui</strong></span> <span class='ocrx_word' id='word_1_212' title='bbox 2961 1377 3109 1433; x_wconf 87' lang='lat' dir='ltr'><strong>solus</strong></span> <span class='ocrx_word' id='word_1_213' title='bbox 3136 1376 3353 1431; x_wconf 86' lang='lat' dir='ltr'><strong>Patrem</strong></span> <span class='ocrx_word' id='word_1_214' title='bbox 3383 1376 3607 1429; x_wconf 86' lang='lat' dir='ltr'><strong>Filium-</strong></span> 
     </span>
    </p>
   </div>
   <div class='ocr_carea' id='block_1_28' title="bbox 2013 1466 3606 1539">
    <p class='ocr_par' dir='ltr' id='par_1_28' title="bbox 2013 1466 3606 1539">
     <span class='ocr_line' id='line_1_28' title="bbox 2013 1466 3606 1539; baseline -0.002 -18"><span class='ocrx_word' id='word_1_215' title='bbox 2013 1482 2118 1536; x_wconf 90' lang='lat' dir='ltr'><strong>que</strong></span> <span class='ocrx_word' id='word_1_216' title='bbox 2174 1468 2322 1523; x_wconf 85' lang='lat' dir='ltr'><strong>novit</strong></span> <span class='ocrx_word' id='word_1_217' title='bbox 2358 1486 2372 1536; x_wconf 92' lang='lat'><strong>;</strong></span> <span class='ocrx_word' id='word_1_218' title='bbox 2408 1485 2565 1538; x_wconf 90' lang='lat' dir='ltr'><strong>quam</strong></span> <span class='ocrx_word' id='word_1_219' title='bbox 2622 1472 2838 1539; x_wconf 79' lang='lat' dir='ltr'><strong>quidem</strong></span> <span class='ocrx_word' id='word_1_220' title='bbox 2896 1486 3009 1525; x_wconf 90' lang='lat' dir='ltr'><strong>rem</strong></span> <span class='ocrx_word' id='word_1_221' title='bbox 3059 1486 3089 1523; x_wconf 87' lang='lat' dir='ltr'><strong>a</strong></span> <span class='ocrx_word' id='word_1_222' title='bbox 3137 1469 3249 1523; x_wconf 85' lang='lat' dir='ltr'><strong>Deo</strong></span> <span class='ocrx_word' id='word_1_223' title='bbox 3298 1466 3606 1528; x_wconf 85' lang='lat' dir='ltr'><strong>didicimus,</strong></span> 
     </span>
    </p>
   </div>
   <div class='ocr_carea' id='block_1_29' title="bbox 2013 1559 3609 1628">
    <p class='ocr_par' dir='ltr' id='par_1_29' title="bbox 2013 1559 3609 1628">
     <span class='ocr_line' id='line_1_29' title="bbox 2013 1559 3609 1628; baseline -0.003 -11"><span class='ocrx_word' id='word_1_224' title='bbox 2013 1564 2106 1617; x_wconf 88' lang='lat' dir='ltr'><strong>sed</strong></span> <span class='ocrx_word' id='word_1_225' title='bbox 2166 1564 2383 1618; x_wconf 90' lang='lat' dir='ltr'><strong>modum</strong></span> <span class='ocrx_word' id='word_1_226' title='bbox 2446 1566 2619 1618; x_wconf 87' lang='lat' dir='ltr'><strong>edocti</strong></span> <span class='ocrx_word' id='word_1_227' title='bbox 2677 1580 2779 1617; x_wconf 93' lang='lat' dir='ltr'><strong>non</strong></span> <span class='ocrx_word' id='word_1_228' title='bbox 2834 1564 3053 1617; x_wconf 76' lang='lat' dir='ltr'><strong>fuimus.</strong></span> <span class='ocrx_word' id='word_1_229' title='bbox 3116 1562 3367 1617; x_wconf 89' lang='lat' dir='ltr'><strong>Contenti</strong></span> <span class='ocrx_word' id='word_1_230' title='bbox 3424 1559 3609 1628; x_wconf 79' lang='lat' dir='ltr'><strong>itaque</strong></span> 
     </span>
    </p>
   </div>
   <div class='ocr_carea' id='block_1_30' title="bbox 2014 1654 3611 1725">
    <p class='ocr_par' dir='ltr' id='par_1_30' title="bbox 2014 1654 3611 1725">
     <span class='ocr_line' id='line_1_30' title="bbox 2014 1654 3611 1725; baseline 0.001 -20"><span class='ocrx_word' id='word_1_231' title='bbox 2014 1654 2185 1709; x_wconf 88' lang='lat' dir='ltr'><strong>simus</strong></span> <span class='ocrx_word' id='word_1_232' title='bbox 2216 1656 2341 1709; x_wconf 85' lang='lat' dir='ltr'><strong>data</strong></span> <span class='ocrx_word' id='word_1_233' title='bbox 2369 1656 2570 1709; x_wconf 75' lang='lat' dir='ltr'><strong>notitia:</strong></span> <span class='ocrx_word' id='word_1_234' title='bbox 2608 1670 2879 1720; x_wconf 85' lang='lat' dir='ltr'><strong>mensura,</strong></span> <span class='ocrx_word' id='word_1_235' title='bbox 2918 1670 3097 1723; x_wconf 88' lang='lat' dir='ltr'><strong>neque</strong></span> <span class='ocrx_word' id='word_1_236' title='bbox 3133 1654 3381 1725; x_wconf 85' lang='lat' dir='ltr'><strong>imperite</strong></span> <span class='ocrx_word' id='word_1_237' title='bbox 3404 1660 3611 1708; x_wconf 82' lang='lat' dir='ltr'><strong>scrute-</strong></span> 
     </span>
    </p>
   </div>
   <div class='ocr_carea' id='block_1_31' title="bbox 335 1719 1910 1816">
    <p class='ocr_par' dir='ltr' id='par_1_31' title="bbox 335 1719 1909 1815">
     <span class='ocr_line' id='line_1_31' title="bbox 335 1719 1909 1815; baseline 0.01 -28"><span class='ocrx_word' id='word_1_238' title='bbox 335 1738 581 1805; x_wconf 76' lang='grc' dir='ltr'>κοὺμεθα</span> <span class='ocrx_word' id='word_1_239' title='bbox 612 1740 666 1792; x_wconf 82' lang='grc' dir='ltr'>δὲ</span> <span class='ocrx_word' id='word_1_240' title='bbox 698 1744 808 1802; x_wconf 87' lang='grc' dir='ltr'>τοῖς</span> <span class='ocrx_word' id='word_1_241' title='bbox 856 1719 1055 1794; x_wconf 76' lang='grc' dir='ltr'>δοθεῖσι</span> <span class='ocrx_word' id='word_1_242' title='bbox 1103 1744 1319 1814; x_wconf 82' lang='grc' dir='ltr'>μέτροις</span> <span class='ocrx_word' id='word_1_243' title='bbox 1354 1748 1452 1815; x_wconf 78' lang='grc' dir='ltr'>τῆς</span> <span class='ocrx_word' id='word_1_244' title='bbox 1484 1719 1768 1814; x_wconf 61' lang='grc' dir='ltr'>γνώσεως,</span> <span class='ocrx_word' id='word_1_245' title='bbox 1816 1719 1909 1803; x_wconf 74' lang='grc' dir='ltr'><strong>καὶ</strong></span> 
     </span>
    </p>
   </div>
   <div class='ocr_carea' id='block_1_32' title="bbox 2016 1719 3086 1816">
    <p class='ocr_par' dir='ltr' id='par_1_32' title="bbox 2016 1747 3086 1816">
     <span class='ocr_line' id='line_1_32' title="bbox 2016 1747 3086 1816; baseline 0.004 -18"><span class='ocrx_word' id='word_1_246' title='bbox 2016 1759 2135 1798; x_wconf 89' lang='lat' dir='ltr'><strong>mur</strong></span> <span class='ocrx_word' id='word_1_247' title='bbox 2164 1761 2284 1815; x_wconf 65' lang='lat' dir='ltr'><strong>quas</strong></span> <span class='ocrx_word' id='word_1_248' title='bbox 2314 1747 2695 1815; x_wconf 86' lang='lat' dir='ltr'><strong>comprehendi</strong></span> <span class='ocrx_word' id='word_1_249' title='bbox 2722 1763 2829 1801; x_wconf 90' lang='lat' dir='ltr'><strong>non</strong></span> <span class='ocrx_word' id='word_1_250' title='bbox 2864 1756 3086 1816; x_wconf 87' lang='lat' dir='ltr'><strong>queunt.</strong></span> 
     </span>
    </p>
   </div>
   <div class='ocr_carea' id='block_1_33' title="bbox 330 1831 1705 1907">
    <p class='ocr_par' dir='ltr' id='par_1_33' title="bbox 330 1831 1705 1907">
     <span class='ocr_line' id='line_1_33' title="bbox 330 1831 1705 1907; baseline 0.009 -27"><span class='ocrx_word' id='word_1_251' title='bbox 330 1831 393 1880; x_wconf 80' lang='grc' dir='ltr'>οῦ</span> <span class='ocrx_word' id='word_1_252' title='bbox 433 1831 996 1903; x_wconf 78' lang='grc' dir='ltr'>πολυπραγμονοῦμεν</span> <span class='ocrx_word' id='word_1_253' title='bbox 1016 1837 1295 1904; x_wconf 80' lang='grc' dir='ltr'>άγνοήτως</span> <span class='ocrx_word' id='word_1_254' title='bbox 1324 1838 1391 1890; x_wconf 81' lang='grc' dir='ltr'>τὰ</span> <span class='ocrx_word' id='word_1_255' title='bbox 1420 1839 1705 1907; x_wconf 59' lang='grc' dir='ltr'>ἀνέφικτα.</span> 
     </span>
    </p>
   </div>
   <div class='ocr_carea' id='block_1_34' title="bbox 368 1982 1872 2056">
    <p class='ocr_par' dir='ltr' id='par_1_34' title="bbox 368 1982 1872 2056">
     <span class='ocr_line' id='line_1_34' title="bbox 368 1982 1872 2056; baseline 0.009 -22"><span class='ocrx_word' id='word_1_256' title='bbox 368 1982 493 2037; x_wconf 71' lang='lat' dir='ltr'><strong>KA&#39;.</strong></span> <span class='ocrx_word' id='word_1_257' title='bbox 548 1986 752 2055; x_wconf 36' lang='lat' dir='ltr'><strong>&quot;Ouid</strong></span> <span class='ocrx_word' id='word_1_258' title='bbox 794 1988 982 2055; x_wconf 68' lang='grc' dir='ltr'>μέγας</span> <span class='ocrx_word' id='word_1_259' title='bbox 1043 1990 1401 2056; x_wconf 78' lang='grc' dir='ltr'>Ἀπόστολος</span> <span class='ocrx_word' id='word_1_260' title='bbox 1451 1992 1599 2046; x_wconf 82' lang='grc' dir='ltr'>Θεὸν</span> <span class='ocrx_word' id='word_1_261' title='bbox 1641 1989 1765 2047; x_wconf 78' lang='grc' dir='ltr'>οἶδε</span> <span class='ocrx_word' id='word_1_262' title='bbox 1808 1994 1872 2047; x_wconf 81' lang='grc' dir='ltr'>τὸ</span> 
     </span>
    </p>
   </div>
   <div class='ocr_carea' id='block_1_35' title="bbox 818 2058 1419 2124">
    <p class='ocr_par' dir='ltr' id='par_1_35' title="bbox 818 2058 1419 2124">
     <span class='ocr_line' id='line_1_35' title="bbox 818 2058 1419 2124; baseline 0.005 -15"><span class='ocrx_word' id='word_1_263' title='bbox 818 2058 1061 2124; x_wconf 74' lang='grc' dir='ltr'>Πνεῦμα</span> <span class='ocrx_word' id='word_1_264' title='bbox 1113 2063 1179 2112; x_wconf 81' lang='grc' dir='ltr'>τὸ</span> <span class='ocrx_word' id='word_1_265' title='bbox 1228 2060 1419 2122; x_wconf 75' lang='grc' dir='ltr'>ἅγιον.</span> 
     </span>
    </p>
   </div>
   <div class='ocr_carea' id='block_1_36' title="bbox 404 2167 1912 2243">
    <p class='ocr_par' dir='ltr' id='par_1_36' title="bbox 404 2167 1912 2243">
     <span class='ocr_line' id='line_1_36' title="bbox 404 2167 1912 2243; baseline 0.007 -23"><span class='ocrx_word' id='word_1_266' title='bbox 404 2167 526 2220; x_wconf 89' lang='grc' dir='ltr'><strong>Ὀτι</strong></span> <span class='ocrx_word' id='word_1_267' title='bbox 560 2168 615 2219; x_wconf 73' lang='grc' dir='ltr'>δὲ</span> <span class='ocrx_word' id='word_1_268' title='bbox 667 2168 760 2221; x_wconf 89' lang='grc' dir='ltr'><strong>τοῦ</strong></span> <span class='ocrx_word' id='word_1_269' title='bbox 816 2170 951 2223; x_wconf 88' lang='grc' dir='ltr'>Θεοῦ</span> <span class='ocrx_word' id='word_1_270' title='bbox 979 2172 1040 2224; x_wconf 86' lang='grc' dir='ltr'><strong>τὸ</strong></span> <span class='ocrx_word' id='word_1_271' title='bbox 1101 2172 1325 2242; x_wconf 86' lang='grc' dir='ltr'>Πνεῦμα</span> <span class='ocrx_word' id='word_1_272' title='bbox 1367 2174 1429 2225; x_wconf 82' lang='grc' dir='ltr'><strong>τὸ</strong></span> <span class='ocrx_word' id='word_1_273' title='bbox 1470 2176 1645 2243; x_wconf 75' lang='grc' dir='ltr'>ἅγιον,</span> <span class='ocrx_word' id='word_1_274' title='bbox 1690 2176 1852 2229; x_wconf 76' lang='grc' dir='ltr'>πάλιν</span> <span class='ocrx_word' id='word_1_275' title='bbox 1884 2179 1912 2231; x_wconf 87' lang='lat'><strong>6</strong></span> 
     </span>
    </p>
   </div>
   <div class='ocr_carea' id='block_1_37' title="bbox 332 2261 1912 2337">
    <p class='ocr_par' dir='ltr' id='par_1_37' title="bbox 332 2261 1912 2337">
     <span class='ocr_line' id='line_1_37' title="bbox 332 2261 1912 2337; baseline 0.008 -25"><span class='ocrx_word' id='word_1_276' title='bbox 332 2261 546 2323; x_wconf 79' lang='grc' dir='ltr'>Παῦλος</span> <span class='ocrx_word' id='word_1_277' title='bbox 575 2262 721 2331; x_wconf 76' lang='grc' dir='ltr'>ἡμᾶς</span> <span class='ocrx_word' id='word_1_278' title='bbox 762 2264 1032 2317; x_wconf 85' lang='grc' dir='ltr'><strong>διδάσκει·</strong></span> <span class='ocrx_word' id='word_1_279' title='bbox 1065 2284 1083 2316; x_wconf 79' lang='grc' dir='ltr'><strong>ι</strong></span> <span class='ocrx_word' id='word_1_280' title='bbox 1125 2266 1545 2331; x_wconf 76' lang='grc' dir='ltr'>Ἀπελούσασθε,</span> <span class='ocrx_word' id='word_1_281' title='bbox 1587 2268 1780 2337; x_wconf 83' lang='grc' dir='ltr'>λέγων,</span> <span class='ocrx_word' id='word_1_282' title='bbox 1816 2273 1912 2324; x_wconf 79' lang='grc' dir='ltr'><strong>καὶ</strong></span> 
     </span>
    </p>
   </div>
   <div class='ocr_carea' id='block_1_38' title="bbox 330 2350 1909 2427">
    <p class='ocr_par' dir='ltr' id='par_1_38' title="bbox 330 2350 1909 2427">
     <span class='ocr_line' id='line_1_38' title="bbox 330 2350 1909 2427; baseline 0.007 -26"><span class='ocrx_word' id='word_1_283' title='bbox 330 2350 635 2421; x_wconf 72' lang='grc' dir='ltr'>ἡγιάσθητε</span> <span class='ocrx_word' id='word_1_284' title='bbox 671 2354 764 2405; x_wconf 83' lang='grc' dir='ltr'><strong>καὶ</strong></span> <span class='ocrx_word' id='word_1_285' title='bbox 802 2354 1157 2425; x_wconf 72' lang='grc' dir='ltr'>ἐδικαιώθητε</span> <span class='ocrx_word' id='word_1_286' title='bbox 1192 2360 1249 2409; x_wconf 83' lang='grc' dir='ltr'>ὲν</span> <span class='ocrx_word' id='word_1_287' title='bbox 1282 2357 1359 2427; x_wconf 83' lang='grc' dir='ltr'>τῷ</span> <span class='ocrx_word' id='word_1_288' title='bbox 1396 2359 1618 2427; x_wconf 82' lang='grc' dir='ltr'>ὀνόματι</span> <span class='ocrx_word' id='word_1_289' title='bbox 1656 2359 1750 2412; x_wconf 89' lang='grc' dir='ltr'><strong>τοῦ</strong></span> <span class='ocrx_word' id='word_1_290' title='bbox 1797 2362 1909 2412; x_wconf 81' lang='grc' dir='ltr'><strong>Κυ-</strong></span> 
     </span>
    </p>
   </div>
   <div class='ocr_carea' id='block_1_39' title="bbox 335 2445 1909 2521">
    <p class='ocr_par' dir='ltr' id='par_1_39' title="bbox 335 2445 1909 2521">
     <span class='ocr_line' id='line_1_39' title="bbox 335 2445 1909 2521; baseline 0.006 -26"><span class='ocrx_word' id='word_1_291' title='bbox 335 2446 451 2515; x_wconf 77' lang='grc' dir='ltr'>ρίου</span> <span class='ocrx_word' id='word_1_292' title='bbox 486 2445 643 2514; x_wconf 77' lang='grc' dir='ltr'>ἡμῶν</span> <span class='ocrx_word' id='word_1_293' title='bbox 677 2446 848 2514; x_wconf 83' lang='grc' dir='ltr'>Ἰησοῦ</span> <span class='ocrx_word' id='word_1_294' title='bbox 877 2449 1137 2515; x_wconf 79' lang='grc' dir='ltr'>Χριστοῦ,</span> <span class='ocrx_word' id='word_1_295' title='bbox 1174 2450 1266 2502; x_wconf 69' lang='grc' dir='ltr'>καὶ</span> <span class='ocrx_word' id='word_1_296' title='bbox 1313 2452 1370 2502; x_wconf 84' lang='grc' dir='ltr'>ὲν</span> <span class='ocrx_word' id='word_1_297' title='bbox 1398 2450 1475 2520; x_wconf 82' lang='grc' dir='ltr'>τῷ</span> <span class='ocrx_word' id='word_1_298' title='bbox 1504 2451 1779 2521; x_wconf 83' lang='grc' dir='ltr'>Πνεύματι</span> <span class='ocrx_word' id='word_1_299' title='bbox 1814 2452 1909 2505; x_wconf 87' lang='grc' dir='ltr'><strong>τοῦ</strong></span> 
     </span>
    </p>
   </div>
   <div class='ocr_carea' id='block_1_40' title="bbox 331 2534 1913 2614">
    <p class='ocr_par' dir='ltr' id='par_1_40' title="bbox 331 2534 1913 2614">
     <span class='ocr_line' id='line_1_40' title="bbox 331 2534 1913 2614; baseline 0.008 -31"><span class='ocrx_word' id='word_1_300' title='bbox 331 2534 466 2586; x_wconf 75' lang='grc' dir='ltr'>Θεοῦ</span> <span class='ocrx_word' id='word_1_301' title='bbox 499 2535 675 2602; x_wconf 71' lang='grc' dir='ltr'>ἡμῶν.</span> <span class='ocrx_word' id='word_1_302' title='bbox 707 2554 725 2585; x_wconf 75' lang='grc' dir='ltr'><strong>ι</strong></span> <span class='ocrx_word' id='word_1_303' title='bbox 782 2536 938 2600; x_wconf 80' lang='grc' dir='ltr'>Τίνος</span> <span class='ocrx_word' id='word_1_304' title='bbox 970 2539 1079 2609; x_wconf 80' lang='grc' dir='ltr'><strong>γὰρ</strong></span> <span class='ocrx_word' id='word_1_305' title='bbox 1127 2540 1313 2592; x_wconf 75' lang='grc' dir='ltr'>ἕνεκεν</span> <span class='ocrx_word' id='word_1_306' title='bbox 1342 2541 1461 2593; x_wconf 76' lang='grc' dir='ltr'>ναοὶ</span> <span class='ocrx_word' id='word_1_307' title='bbox 1512 2544 1913 2614; x_wconf 86' lang='grc' dir='ltr'>προσαγορευὸ-</span> 
     </span>
    </p>
   </div>
   <div class='ocr_carea' id='block_1_41' title="bbox 332 2623 1909 2704">
    <p class='ocr_par' dir='ltr' id='par_1_41' title="bbox 332 2623 1909 2704">
     <span class='ocr_line' id='line_1_41' title="bbox 332 2623 1909 2704; baseline 0.008 -30"><span class='ocrx_word' id='word_1_308' title='bbox 332 2623 475 2693; x_wconf 81' lang='grc' dir='ltr'>μεθα</span> <span class='ocrx_word' id='word_1_309' title='bbox 508 2625 641 2677; x_wconf 89' lang='grc' dir='ltr'>Θεοῦ</span> <span class='ocrx_word' id='word_1_310' title='bbox 666 2626 754 2677; x_wconf 65' lang='grc' dir='ltr'>διὰ</span> <span class='ocrx_word' id='word_1_311' title='bbox 797 2627 888 2679; x_wconf 86' lang='grc' dir='ltr'><strong>τοῦ</strong></span> <span class='ocrx_word' id='word_1_312' title='bbox 923 2628 1299 2699; x_wconf 76' lang='grc' dir='ltr'>βαπτίσματος</span> <span class='ocrx_word' id='word_1_313' title='bbox 1330 2633 1429 2703; x_wconf 81' lang='grc' dir='ltr'>τὴν</span> <span class='ocrx_word' id='word_1_314' title='bbox 1462 2634 1556 2684; x_wconf 90' lang='grc' dir='ltr'><strong>τοῦ</strong></span> <span class='ocrx_word' id='word_1_315' title='bbox 1592 2635 1909 2704; x_wconf 78' lang='grc' dir='ltr'>Πνεῦματος</span> 
     </span>
    </p>
   </div>
   <div class='ocr_carea' id='block_1_42' title="bbox 327 2713 1910 2791">
    <p class='ocr_par' dir='ltr' id='par_1_42' title="bbox 327 2713 1910 2791">
     <span class='ocr_line' id='line_1_42' title="bbox 327 2713 1910 2791; baseline 0.009 -28"><span class='ocrx_word' id='word_1_316' title='bbox 327 2713 612 2783; x_wconf 86' lang='grc' dir='ltr'>δεχόμενοι</span> <span class='ocrx_word' id='word_1_317' title='bbox 644 2715 827 2785; x_wconf 82' lang='grc' dir='ltr'><strong>χάριν,</strong></span> <span class='ocrx_word' id='word_1_318' title='bbox 861 2716 907 2766; x_wconf 87' lang='grc' dir='ltr'><strong>εί</strong></span> <span class='ocrx_word' id='word_1_319' title='bbox 944 2716 1017 2785; x_wconf 81' lang='grc' dir='ltr'>μὴ</span> <span class='ocrx_word' id='word_1_320' title='bbox 1048 2717 1179 2779; x_wconf 85' lang='grc' dir='ltr'>Θεὸς</span> <span class='ocrx_word' id='word_1_321' title='bbox 1219 2719 1453 2789; x_wconf 83' lang='grc' dir='ltr'>ὑπάρχει</span> <span class='ocrx_word' id='word_1_322' title='bbox 1488 2722 1548 2773; x_wconf 85' lang='grc' dir='ltr'><strong>τὸ</strong></span> <span class='ocrx_word' id='word_1_323' title='bbox 1594 2722 1817 2791; x_wconf 86' lang='grc' dir='ltr'>Πνεῦμα</span> <span class='ocrx_word' id='word_1_324' title='bbox 1849 2725 1910 2777; x_wconf 83' lang='grc' dir='ltr'><strong>τὸ</strong></span> 
     </span>
    </p>
   </div>
   <div class='ocr_carea' id='block_1_43' title="bbox 329 2802 1911 2883">
    <p class='ocr_par' dir='ltr' id='par_1_43' title="bbox 329 2802 1911 2883">
     <span class='ocr_line' id='line_1_43' title="bbox 329 2802 1911 2883; baseline 0.008 -28"><span class='ocrx_word' id='word_1_325' title='bbox 329 2802 520 2868; x_wconf 74' lang='grc' dir='ltr'>ἃγιονς</span> <span class='ocrx_word' id='word_1_326' title='bbox 566 2804 647 2856; x_wconf 86' lang='grc' dir='ltr'>ὅτι</span> <span class='ocrx_word' id='word_1_327' title='bbox 680 2804 736 2856; x_wconf 84' lang='grc' dir='ltr'>δὲ</span> <span class='ocrx_word' id='word_1_328' title='bbox 769 2806 885 2856; x_wconf 73' lang='grc' dir='ltr'>ναοὶ</span> <span class='ocrx_word' id='word_1_329' title='bbox 918 2804 1013 2857; x_wconf 88' lang='grc' dir='ltr'><strong>τοῦ</strong></span> <span class='ocrx_word' id='word_1_330' title='bbox 1059 2808 1374 2876; x_wconf 79' lang='grc' dir='ltr'>Πνεῦματος</span> <span class='ocrx_word' id='word_1_331' title='bbox 1408 2811 1456 2861; x_wconf 89' lang='grc' dir='ltr'>οἱ</span> <span class='ocrx_word' id='word_1_332' title='bbox 1509 2814 1687 2864; x_wconf 80' lang='grc' dir='ltr'>πιστοὶ</span> <span class='ocrx_word' id='word_1_333' title='bbox 1742 2831 1911 2883; x_wconf 82' lang='grc' dir='ltr'>προσ-</span> 
     </span>
    </p>
   </div>
   <div class='ocr_carea' id='block_1_44' title="bbox 328 2893 1908 2969">
    <p class='ocr_par' dir='ltr' id='par_1_44' title="bbox 328 2893 1908 2969">
     <span class='ocr_line' id='line_1_44' title="bbox 328 2893 1908 2969; baseline 0.009 -26"><span class='ocrx_word' id='word_1_334' title='bbox 328 2893 705 2963; x_wconf 86' lang='grc' dir='ltr'>αγορεύονται,</span> <span class='ocrx_word' id='word_1_335' title='bbox 734 2898 762 2948; x_wconf 89' lang='lat'><strong>6</strong></span> <span class='ocrx_word' id='word_1_336' title='bbox 801 2898 961 2959; x_wconf 81' lang='grc' dir='ltr'>αὑτὸς</span> <span class='ocrx_word' id='word_1_337' title='bbox 1001 2900 1147 2969; x_wconf 77' lang='grc' dir='ltr'>ἡμᾶς</span> <span class='ocrx_word' id='word_1_338' title='bbox 1196 2900 1513 2963; x_wconf 79' lang='grc' dir='ltr'>’Λπόστολος</span> <span class='ocrx_word' id='word_1_339' title='bbox 1534 2903 1775 2957; x_wconf 85' lang='grc' dir='ltr'>διδάσκει</span> <span class='ocrx_word' id='word_1_340' title='bbox 1819 2902 1908 2958; x_wconf 79' lang='grc' dir='ltr'><strong>λέ-</strong></span> 
     </span>
    </p>
   </div>
   <div class='ocr_carea' id='block_1_45' title="bbox 329 2986 1909 3059">
    <p class='ocr_par' dir='ltr' id='par_1_45' title="bbox 329 2986 1909 3059">
     <span class='ocr_line' id='line_1_45' title="bbox 329 2986 1909 3059; baseline 0.008 -24"><span class='ocrx_word' id='word_1_341' title='bbox 329 3001 443 3052; x_wconf 90' lang='grc' dir='ltr'><strong>γων</strong></span> <span class='ocrx_word' id='word_1_342' title='bbox 468 3002 479 3013; x_wconf 93' lang='grc'><strong>·</strong></span> <span class='ocrx_word' id='word_1_343' title='bbox 514 3004 529 3035; x_wconf 82' lang='grc' dir='ltr'><strong>ι</strong></span> <span class='ocrx_word' id='word_1_344' title='bbox 560 2986 675 3037; x_wconf 77' lang='grc' dir='ltr'><strong>Οὐκ</strong></span> <span class='ocrx_word' id='word_1_345' title='bbox 702 2986 878 3038; x_wconf 73' lang='grc' dir='ltr'>οἴδατε</span> <span class='ocrx_word' id='word_1_346' title='bbox 904 2988 984 3039; x_wconf 87' lang='grc' dir='ltr'>ὃτι</span> <span class='ocrx_word' id='word_1_347' title='bbox 1012 2988 1081 3040; x_wconf 79' lang='grc' dir='ltr'><strong>τά</strong></span> <span class='ocrx_word' id='word_1_348' title='bbox 1122 2988 1350 3058; x_wconf 81' lang='grc' dir='ltr'>σώματα</span> <span class='ocrx_word' id='word_1_349' title='bbox 1383 2992 1535 3059; x_wconf 81' lang='grc' dir='ltr'>ὑμῶν</span> <span class='ocrx_word' id='word_1_350' title='bbox 1563 2994 1687 3055; x_wconf 87' lang='grc' dir='ltr'>ναὸς</span> <span class='ocrx_word' id='word_1_351' title='bbox 1723 2993 1816 3046; x_wconf 88' lang='grc' dir='ltr'><strong>τοῦ</strong></span> <span class='ocrx_word' id='word_1_352' title='bbox 1852 2998 1909 3047; x_wconf 84' lang='grc' dir='ltr'>ὲν</span> 
     </span>
    </p>
   </div>
   <div class='ocr_carea' id='block_1_46' title="bbox 329 3075 1905 3149">
    <p class='ocr_par' dir='ltr' id='par_1_46' title="bbox 329 3075 1905 3149">
     <span class='ocr_line' id='line_1_46' title="bbox 329 3075 1905 3149; baseline 0.007 -22"><span class='ocrx_word' id='word_1_353' title='bbox 329 3077 459 3144; x_wconf 86' lang='grc' dir='ltr'>ὑμῖν</span> <span class='ocrx_word' id='word_1_354' title='bbox 488 3077 643 3143; x_wconf 87' lang='grc' dir='ltr'>άγίου</span> <span class='ocrx_word' id='word_1_355' title='bbox 681 3076 997 3147; x_wconf 81' lang='grc' dir='ltr'>Πνεῦματός</span> <span class='ocrx_word' id='word_1_356' title='bbox 1028 3080 1164 3143; x_wconf 73' lang='grc' dir='ltr'>ἐστι,</span> <span class='ocrx_word' id='word_1_357' title='bbox 1196 3075 1255 3133; x_wconf 72' lang='grc' dir='ltr'>οὗ</span> <span class='ocrx_word' id='word_1_358' title='bbox 1287 3080 1436 3149; x_wconf 81' lang='grc' dir='ltr'>ἔχετε</span> <span class='ocrx_word' id='word_1_359' title='bbox 1462 3082 1570 3134; x_wconf 77' lang='grc' dir='ltr'>άπὸ</span> <span class='ocrx_word' id='word_1_360' title='bbox 1622 3082 1715 3135; x_wconf 89' lang='grc' dir='ltr'><strong>τοῦ</strong></span> <span class='ocrx_word' id='word_1_361' title='bbox 1749 3083 1905 3147; x_wconf 80' lang='grc' dir='ltr'>Θεοῦ,</span> 
     </span>
    </p>
   </div>
   <div class='ocr_carea' id='block_1_47' title="bbox 329 3168 1909 3243">
    <p class='ocr_par' dir='ltr' id='par_1_47' title="bbox 329 3168 1909 3243">
     <span class='ocr_line' id='line_1_47' title="bbox 329 3168 1909 3243; baseline 0.006 -24"><span class='ocrx_word' id='word_1_362' title='bbox 329 3168 422 3219; x_wconf 75' lang='grc' dir='ltr'>καὶ</span> <span class='ocrx_word' id='word_1_363' title='bbox 446 3168 545 3219; x_wconf 80' lang='grc' dir='ltr'><strong>οὑκ</strong></span> <span class='ocrx_word' id='word_1_364' title='bbox 571 3168 692 3220; x_wconf 65' lang='grc' dir='ltr'>ἐστὲ</span> <span class='ocrx_word' id='word_1_365' title='bbox 721 3168 963 3235; x_wconf 81' lang='grc' dir='ltr'>ἑαυτῶν;</span> <span class='ocrx_word' id='word_1_366' title='bbox 995 3171 1336 3241; x_wconf 74' lang='grc' dir='ltr'>ἠγοράσθητε</span> <span class='ocrx_word' id='word_1_367' title='bbox 1367 3172 1473 3242; x_wconf 88' lang='grc' dir='ltr'><strong>γάρ</strong></span> <span class='ocrx_word' id='word_1_368' title='bbox 1498 3174 1682 3243; x_wconf 83' lang='grc' dir='ltr'>τιμῆς.</span> <span class='ocrx_word' id='word_1_369' title='bbox 1709 3194 1727 3225; x_wconf 77' lang='grc' dir='ltr'><strong>ι</strong></span> <span class='ocrx_word' id='word_1_370' title='bbox 1763 3175 1821 3227; x_wconf 85' lang='lat'><strong>&#39;0</strong></span> <span class='ocrx_word' id='word_1_371' title='bbox 1852 3176 1909 3229; x_wconf 76' lang='grc' dir='ltr'>δὲ</span> 
     </span>
    </p>
   </div>
   <div class='ocr_carea' id='block_1_48' title="bbox 326 3258 1911 3333">
    <p class='ocr_par' dir='ltr' id='par_1_48' title="bbox 326 3258 1911 3333">
     <span class='ocr_line' id='line_1_48' title="bbox 326 3258 1911 3333; baseline 0.005 -22"><span class='ocrx_word' id='word_1_372' title='bbox 326 3258 457 3320; x_wconf 80' lang='grc' dir='ltr'>ναὸς</span> <span class='ocrx_word' id='word_1_373' title='bbox 485 3258 576 3311; x_wconf 82' lang='grc' dir='ltr'><strong>τὸν</strong></span> <span class='ocrx_word' id='word_1_374' title='bbox 595 3260 908 3313; x_wconf 80' lang='grc' dir='ltr'>ἐνοικοῦντα</span> <span class='ocrx_word' id='word_1_375' title='bbox 937 3261 1198 3331; x_wconf 80' lang='grc' dir='ltr'>κηρύττει</span> <span class='ocrx_word' id='word_1_376' title='bbox 1228 3262 1360 3314; x_wconf 85' lang='grc' dir='ltr'>Θεόν</span> <span class='ocrx_word' id='word_1_377' title='bbox 1381 3281 1393 3292; x_wconf 88' lang='grc'>·</span> <span class='ocrx_word' id='word_1_378' title='bbox 1426 3262 1507 3315; x_wconf 89' lang='grc' dir='ltr'>διὸ</span> <span class='ocrx_word' id='word_1_379' title='bbox 1537 3265 1628 3316; x_wconf 71' lang='grc' dir='ltr'>καὶ</span> <span class='ocrx_word' id='word_1_380' title='bbox 1654 3264 1911 3333; x_wconf 84' lang='grc' dir='ltr'>ἀνωτέρω</span> 
     </span>
    </p>
   </div>
   <div class='ocr_carea' id='block_1_49' title="bbox 328 3350 1912 3421">
    <p class='ocr_par' dir='ltr' id='par_1_49' title="bbox 328 3350 1912 3421">
     <span class='ocr_line' id='line_1_49' title="bbox 328 3350 1912 3421; baseline 0.006 -20"><span class='ocrx_word' id='word_1_381' title='bbox 328 3350 515 3417; x_wconf 75' lang='grc' dir='ltr'>ἔλεγεν</span> <span class='ocrx_word' id='word_1_382' title='bbox 535 3368 548 3378; x_wconf 92' lang='grc'><strong>·</strong></span> <span class='ocrx_word' id='word_1_383' title='bbox 574 3369 591 3400; x_wconf 77' lang='grc' dir='ltr'>ι</span> <span class='ocrx_word' id='word_1_384' title='bbox 622 3352 734 3404; x_wconf 80' lang='grc' dir='ltr'>Οὐκ</span> <span class='ocrx_word' id='word_1_385' title='bbox 762 3352 936 3404; x_wconf 77' lang='grc' dir='ltr'>οῖδατε</span> <span class='ocrx_word' id='word_1_386' title='bbox 968 3354 1047 3405; x_wconf 78' lang='grc' dir='ltr'><strong>ὅτι</strong></span> <span class='ocrx_word' id='word_1_387' title='bbox 1084 3354 1209 3417; x_wconf 86' lang='grc' dir='ltr'>ναὸς</span> <span class='ocrx_word' id='word_1_388' title='bbox 1237 3354 1330 3407; x_wconf 88' lang='grc' dir='ltr'><strong>τοῦ</strong></span> <span class='ocrx_word' id='word_1_389' title='bbox 1362 3355 1497 3408; x_wconf 88' lang='grc' dir='ltr'>Θεοῦ</span> <span class='ocrx_word' id='word_1_390' title='bbox 1538 3358 1684 3421; x_wconf 76' lang='grc' dir='ltr'>ἐστε,</span> <span class='ocrx_word' id='word_1_391' title='bbox 1725 3359 1818 3411; x_wconf 79' lang='grc' dir='ltr'><strong>καὶ</strong></span> <span class='ocrx_word' id='word_1_392' title='bbox 1851 3358 1912 3410; x_wconf 84' lang='grc' dir='ltr'><strong>τὸ</strong></span> 
     </span>
    </p>
   </div>
   <div class='ocr_carea' id='block_1_50' title="bbox 327 3441 1909 3514">
    <p class='ocr_par' dir='ltr' id='par_1_50' title="bbox 327 3441 1909 3514">
     <span class='ocr_line' id='line_1_50' title="bbox 327 3441 1909 3514; baseline 0.005 -21"><span class='ocrx_word' id='word_1_393' title='bbox 327 3441 553 3509; x_wconf 84' lang='grc' dir='ltr'>Πνεῦμα</span> <span class='ocrx_word' id='word_1_394' title='bbox 585 3442 678 3495; x_wconf 87' lang='grc' dir='ltr'><strong>τοῦ</strong></span> <span class='ocrx_word' id='word_1_395' title='bbox 707 3443 841 3495; x_wconf 86' lang='grc' dir='ltr'>Θεοῦ</span> <span class='ocrx_word' id='word_1_396' title='bbox 868 3445 1007 3496; x_wconf 84' lang='grc' dir='ltr'>οίκεῖ</span> <span class='ocrx_word' id='word_1_397' title='bbox 1038 3447 1093 3496; x_wconf 81' lang='grc' dir='ltr'><strong>ὲν</strong></span> <span class='ocrx_word' id='word_1_398' title='bbox 1118 3446 1283 3514; x_wconf 87' lang='grc' dir='ltr'>ὑμῖν;</span> <span class='ocrx_word' id='word_1_399' title='bbox 1333 3447 1398 3498; x_wconf 71' lang='lat' dir='ltr'><strong>EE</strong></span> <span class='ocrx_word' id='word_1_400' title='bbox 1419 3464 1501 3506; x_wconf 87' lang='grc' dir='ltr'><strong>τις</strong></span> <span class='ocrx_word' id='word_1_401' title='bbox 1535 3447 1624 3498; x_wconf 80' lang='grc' dir='ltr'>τὸν</span> <span class='ocrx_word' id='word_1_402' title='bbox 1660 3449 1785 3500; x_wconf 86' lang='grc' dir='ltr'>ναὸν</span> <span class='ocrx_word' id='word_1_403' title='bbox 1817 3449 1909 3502; x_wconf 87' lang='grc' dir='ltr'><strong>τοῦ</strong></span> 
     </span>
    </p>
   </div>
   <div class='ocr_carea' id='block_1_51' title="bbox 325 3532 1910 3612">
    <p class='ocr_par' dir='ltr' id='par_1_51' title="bbox 325 3532 1910 3612">
     <span class='ocr_line' id='line_1_51' title="bbox 325 3532 1910 3612; baseline 0.008 -29"><span class='ocrx_word' id='word_1_404' title='bbox 325 3532 465 3584; x_wconf 85' lang='grc' dir='ltr'>Θεοῦ</span> <span class='ocrx_word' id='word_1_405' title='bbox 502 3533 733 3601; x_wconf 80' lang='grc' dir='ltr'>φθείρει,</span> <span class='ocrx_word' id='word_1_406' title='bbox 765 3535 954 3603; x_wconf 85' lang='grc' dir='ltr'>φθερεῖ</span> <span class='ocrx_word' id='word_1_407' title='bbox 987 3535 1177 3588; x_wconf 90' lang='grc' dir='ltr'>τοῦτον</span> <span class='ocrx_word' id='word_1_408' title='bbox 1210 3540 1237 3589; x_wconf 89' lang='lat'><strong>6</strong></span> <span class='ocrx_word' id='word_1_409' title='bbox 1264 3538 1427 3599; x_wconf 85' lang='grc' dir='ltr'>Θεός·</span> <span class='ocrx_word' id='word_1_410' title='bbox 1465 3542 1492 3591; x_wconf 86' lang='grc' dir='ltr'>ὁ</span> <span class='ocrx_word' id='word_1_411' title='bbox 1521 3540 1625 3612; x_wconf 80' lang='grc' dir='ltr'>γὰρ</span> <span class='ocrx_word' id='word_1_412' title='bbox 1657 3540 1747 3593; x_wconf 87' lang='grc' dir='ltr'><strong>τοῦ</strong></span> <span class='ocrx_word' id='word_1_413' title='bbox 1774 3541 1910 3595; x_wconf 89' lang='grc' dir='ltr'>Θεοῦ</span> 
     </span>
    </p>
   </div>
   <div class='ocr_carea' id='block_1_52' title="bbox 327 3624 1912 3702">
    <p class='ocr_par' dir='ltr' id='par_1_52' title="bbox 327 3624 1912 3702">
     <span class='ocr_line' id='line_1_52' title="bbox 327 3624 1912 3702; baseline 0.006 -24"><span class='ocrx_word' id='word_1_414' title='bbox 327 3625 456 3685; x_wconf 71' lang='grc' dir='ltr'>ναῖς</span> <span class='ocrx_word' id='word_1_415' title='bbox 481 3624 635 3690; x_wconf 80' lang='grc' dir='ltr'>ἆγιός</span> <span class='ocrx_word' id='word_1_416' title='bbox 668 3625 835 3686; x_wconf 74' lang='grc' dir='ltr'>ἐστιν,</span> <span class='ocrx_word' id='word_1_417' title='bbox 864 3627 1059 3688; x_wconf 76' lang='grc' dir='ltr'>οἵτινές</span> <span class='ocrx_word' id='word_1_418' title='bbox 1090 3630 1211 3679; x_wconf 82' lang='grc' dir='ltr'>ὲστε</span> <span class='ocrx_word' id='word_1_419' title='bbox 1249 3630 1425 3696; x_wconf 85' lang='grc' dir='ltr'>ὑμεῖς.</span> <span class='ocrx_word' id='word_1_420' title='bbox 1461 3650 1477 3680; x_wconf 83' lang='grc' dir='ltr'><strong>ι</strong></span> <span class='ocrx_word' id='word_1_421' title='bbox 1508 3631 1570 3683; x_wconf 81' lang='lat' dir='ltr'><strong>Ei</strong></span> <span class='ocrx_word' id='word_1_422' title='bbox 1604 3631 1781 3685; x_wconf 85' lang='grc' dir='ltr'>τοίνυν</span> <span class='ocrx_word' id='word_1_423' title='bbox 1814 3634 1912 3702; x_wconf 70' lang='grc' dir='ltr'>τὴν</span> 
     </span>
    </p>
   </div>
   <div class='ocr_carea' id='block_1_53' title="bbox 328 3714 1911 3795">
    <p class='ocr_par' dir='ltr' id='par_1_53' title="bbox 328 3714 1911 3795">
     <span class='ocr_line' id='line_1_53' title="bbox 328 3714 1911 3795; baseline 0.009 -30"><span class='ocrx_word' id='word_1_424' title='bbox 328 3715 489 3785; x_wconf 81' lang='grc' dir='ltr'>χάριν</span> <span class='ocrx_word' id='word_1_425' title='bbox 530 3714 621 3766; x_wconf 88' lang='grc' dir='ltr'><strong>τοῦ</strong></span> <span class='ocrx_word' id='word_1_426' title='bbox 668 3716 985 3785; x_wconf 78' lang='grc' dir='ltr'>Πνεῦματος</span> <span class='ocrx_word' id='word_1_427' title='bbox 1020 3717 1107 3769; x_wconf 71' lang='grc' dir='ltr'>διὰ</span> <span class='ocrx_word' id='word_1_428' title='bbox 1135 3719 1229 3770; x_wconf 86' lang='grc' dir='ltr'><strong>τοῦ</strong></span> <span class='ocrx_word' id='word_1_429' title='bbox 1282 3720 1655 3791; x_wconf 82' lang='grc' dir='ltr'>βαπτίσματος</span> <span class='ocrx_word' id='word_1_430' title='bbox 1698 3725 1911 3795; x_wconf 75' lang='grc' dir='ltr'>λαμϐά-</span> 
     </span>
    </p>
   </div>
   <div class='ocr_carea' id='block_1_54' title="bbox 327 3806 1915 3883">
    <p class='ocr_par' dir='ltr' id='par_1_54' title="bbox 327 3806 1915 3883">
     <span class='ocr_line' id='line_1_54' title="bbox 327 3806 1915 3883; baseline 0.009 -29"><span class='ocrx_word' id='word_1_431' title='bbox 327 3821 511 3859; x_wconf 86' lang='grc' dir='ltr'>νουσιν</span> <span class='ocrx_word' id='word_1_432' title='bbox 542 3807 589 3857; x_wconf 86' lang='lat' dir='ltr'><strong>oi</strong></span> <span class='ocrx_word' id='word_1_433' title='bbox 627 3806 995 3871; x_wconf 80' lang='grc' dir='ltr'>πιστεύοντες,</span> <span class='ocrx_word' id='word_1_434' title='bbox 1028 3809 1228 3878; x_wconf 82' lang='grc' dir='ltr'>ταύτης</span> <span class='ocrx_word' id='word_1_435' title='bbox 1272 3811 1327 3863; x_wconf 85' lang='grc' dir='ltr'>δὲ</span> <span class='ocrx_word' id='word_1_436' title='bbox 1365 3814 1468 3883; x_wconf 79' lang='grc' dir='ltr'><strong>τῆς</strong></span> <span class='ocrx_word' id='word_1_437' title='bbox 1494 3813 1701 3883; x_wconf 83' lang='grc' dir='ltr'>δωρεᾶς</span> <span class='ocrx_word' id='word_1_438' title='bbox 1736 3815 1915 3879; x_wconf 81' lang='grc' dir='ltr'>ἀξιού-</span> 
     </span>
    </p>
   </div>
   <div class='ocr_carea' id='block_1_55' title="bbox 334 3895 1913 3975">
    <p class='ocr_par' dir='ltr' id='par_1_55' title="bbox 334 3895 1913 3975">
     <span class='ocr_line' id='line_1_55' title="bbox 334 3895 1913 3975; baseline 0.009 -31"><span class='ocrx_word' id='word_1_439' title='bbox 334 3910 504 3963; x_wconf 85' lang='grc' dir='ltr'>μενοι,</span> <span class='ocrx_word' id='word_1_440' title='bbox 535 3895 660 3956; x_wconf 82' lang='grc' dir='ltr'>ναὸς</span> <span class='ocrx_word' id='word_1_441' title='bbox 684 3896 818 3948; x_wconf 85' lang='grc' dir='ltr'>Θεοῦ</span> <span class='ocrx_word' id='word_1_442' title='bbox 852 3898 1283 3969; x_wconf 79' lang='grc' dir='ltr'>χρηματίζομεν,</span> <span class='ocrx_word' id='word_1_443' title='bbox 1308 3901 1440 3963; x_wconf 71' lang='grc' dir='ltr'>Θεὸς</span> <span class='ocrx_word' id='word_1_444' title='bbox 1472 3902 1579 3974; x_wconf 79' lang='grc' dir='ltr'>ἄρα</span> <span class='ocrx_word' id='word_1_445' title='bbox 1606 3904 1666 3957; x_wconf 83' lang='grc' dir='ltr'>τὸ</span> <span class='ocrx_word' id='word_1_446' title='bbox 1691 3905 1913 3975; x_wconf 83' lang='grc' dir='ltr'>Πνεῦμα</span> 
     </span>
    </p>
   </div>
   <div class='ocr_carea' id='block_1_56' title="bbox 329 3986 1907 4061">
    <p class='ocr_par' dir='ltr' id='par_1_56' title="bbox 329 3986 1907 4061">
     <span class='ocr_line' id='line_1_56' title="bbox 329 3986 1907 4061; baseline 0.011 -26"><span class='ocrx_word' id='word_1_447' title='bbox 329 3986 391 4036; x_wconf 78' lang='grc' dir='ltr'>τὸ</span> <span class='ocrx_word' id='word_1_448' title='bbox 414 3986 583 4052; x_wconf 69' lang='grc' dir='ltr'>ἅγιον.</span> <span class='ocrx_word' id='word_1_449' title='bbox 608 3987 811 4040; x_wconf 83' lang='grc' dir='ltr'>Τούτου</span> <span class='ocrx_word' id='word_1_450' title='bbox 837 3990 1016 4057; x_wconf 86' lang='grc' dir='ltr'>χάριν,</span> <span class='ocrx_word' id='word_1_451' title='bbox 1037 3992 1085 4042; x_wconf 81' lang='grc' dir='ltr'><strong>εί</strong></span> <span class='ocrx_word' id='word_1_452' title='bbox 1112 3992 1389 4061; x_wconf 85' lang='grc' dir='ltr'>ὲνοίκησις</span> <span class='ocrx_word' id='word_1_453' title='bbox 1412 3995 1505 4047; x_wconf 68' lang='grc' dir='ltr'><strong>καὶ</strong></span> <span class='ocrx_word' id='word_1_454' title='bbox 1526 3996 1652 4059; x_wconf 82' lang='grc' dir='ltr'>ναὸς</span> <span class='ocrx_word' id='word_1_455' title='bbox 1682 3997 1820 4051; x_wconf 87' lang='grc' dir='ltr'>Θεοῦ</span> <span class='ocrx_word' id='word_1_456' title='bbox 1859 4001 1907 4052; x_wconf 81' lang='grc' dir='ltr'>οἱ</span> 
     </span>
    </p>
   </div>
   <div class='ocr_carea' id='block_1_57' title="bbox 331 4076 1914 4152">
    <p class='ocr_par' dir='ltr' id='par_1_57' title="bbox 331 4076 1914 4152">
     <span class='ocr_line' id='line_1_57' title="bbox 331 4076 1914 4152; baseline 0.009 -24"><span class='ocrx_word' id='word_1_457' title='bbox 331 4076 429 4143; x_wconf 80' lang='grc' dir='ltr'>τῆς</span> <span class='ocrx_word' id='word_1_458' title='bbox 449 4077 539 4129; x_wconf 90' lang='grc' dir='ltr'><strong>τοῦ</strong></span> <span class='ocrx_word' id='word_1_459' title='bbox 572 4078 891 4148; x_wconf 81' lang='grc' dir='ltr'>Πνεῦματος</span> <span class='ocrx_word' id='word_1_460' title='bbox 919 4080 1140 4152; x_wconf 76' lang='grc' dir='ltr'>χάριτος</span> <span class='ocrx_word' id='word_1_461' title='bbox 1168 4082 1532 4148; x_wconf 75' lang='grc' dir='ltr'>ἀπολαύοντες</span> <span class='ocrx_word' id='word_1_462' title='bbox 1555 4088 1660 4139; x_wconf 74' lang='grc' dir='ltr'>εἰσὶ</span> <span class='ocrx_word' id='word_1_463' title='bbox 1693 4091 1784 4141; x_wconf 70' lang='grc' dir='ltr'><strong>καὶ</strong></span> <span class='ocrx_word' id='word_1_464' title='bbox 1814 4107 1914 4142; x_wconf 86' lang='grc' dir='ltr'>κα-</span> 
     </span>
    </p>
   </div>
   <div class='ocr_carea' id='block_1_58' title="bbox 332 4168 1914 4250">
    <p class='ocr_par' dir='ltr' id='par_1_58' title="bbox 332 4168 1914 4250">
     <span class='ocr_line' id='line_1_58' title="bbox 332 4168 1914 4250; baseline 0.009 -32"><span class='ocrx_word' id='word_1_465' title='bbox 332 4168 570 4234; x_wconf 83' lang='grc' dir='ltr'>λοῦνται,</span> <span class='ocrx_word' id='word_1_466' title='bbox 617 4171 717 4240; x_wconf 80' lang='grc' dir='ltr'><strong>τῆς</strong></span> <span class='ocrx_word' id='word_1_467' title='bbox 756 4170 902 4234; x_wconf 86' lang='grc' dir='ltr'>θείας</span> <span class='ocrx_word' id='word_1_468' title='bbox 940 4173 1155 4241; x_wconf 75' lang='grc' dir='ltr'>φύσεως</span> <span class='ocrx_word' id='word_1_469' title='bbox 1186 4174 1343 4244; x_wconf 77' lang='grc' dir='ltr'>δῆλον</span> <span class='ocrx_word' id='word_1_470' title='bbox 1382 4176 1556 4229; x_wconf 80' lang='grc' dir='ltr'>ὅτιτὸ</span> <span class='ocrx_word' id='word_1_471' title='bbox 1588 4178 1811 4250; x_wconf 84' lang='grc' dir='ltr'>Πνεῦμα</span> <span class='ocrx_word' id='word_1_472' title='bbox 1852 4183 1914 4235; x_wconf 87' lang='grc' dir='ltr'>τὸ</span> 
     </span>
    </p>
   </div>
   <div class='ocr_carea' id='block_1_59' title="bbox 332 4258 1910 4343">
    <p class='ocr_par' dir='ltr' id='par_1_59' title="bbox 332 4258 1910 4343">
     <span class='ocr_line' id='line_1_59' title="bbox 332 4258 1910 4343; baseline 0.009 -31"><span class='ocrx_word' id='word_1_473' title='bbox 332 4258 508 4326; x_wconf 73' lang='grc' dir='ltr'>ἅγιον,</span> <span class='ocrx_word' id='word_1_474' title='bbox 540 4260 631 4315; x_wconf 72' lang='grc' dir='ltr'>καὶ</span> <span class='ocrx_word' id='word_1_475' title='bbox 657 4262 836 4333; x_wconf 75' lang='grc' dir='ltr'>Πατρὶ</span> <span class='ocrx_word' id='word_1_476' title='bbox 866 4264 960 4317; x_wconf 78' lang='grc' dir='ltr'><strong>καὶ</strong></span> <span class='ocrx_word' id='word_1_477' title='bbox 996 4264 1110 4334; x_wconf 84' lang='grc' dir='ltr'><strong>Υίῷ</strong></span> <span class='ocrx_word' id='word_1_478' title='bbox 1144 4267 1449 4336; x_wconf 81' lang='grc' dir='ltr'>ὁμοούσιον.</span> <span class='ocrx_word' id='word_1_479' title='bbox 1490 4270 1553 4322; x_wconf 84' lang='lat' dir='ltr'><strong>Ei</strong></span> <span class='ocrx_word' id='word_1_480' title='bbox 1586 4271 1642 4323; x_wconf 87' lang='grc' dir='ltr'>δὲ</span> <span class='ocrx_word' id='word_1_481' title='bbox 1678 4273 1910 4343; x_wconf 88' lang='grc' dir='ltr'>κτίσμα,</span> 
     </span>
    </p>
   </div>
   <div class='ocr_carea' id='block_1_60' title="bbox 2086 2006 3533 2079">
    <p class='ocr_par' dir='ltr' id='par_1_60' title="bbox 2086 2006 3533 2079">
     <span class='ocr_line' id='line_1_60' title="bbox 2086 2006 3533 2079; baseline 0 -18"><span class='ocrx_word' id='word_1_482' title='bbox 2086 2006 2299 2077; x_wconf 79' lang='lat' dir='ltr'><strong>703m</strong></span> <span class='ocrx_word' id='word_1_483' title='bbox 2322 2007 2513 2063; x_wconf 79' lang='lat' dir='ltr'><strong>XXIV.</strong></span> <span class='ocrx_word' id='word_1_484' title='bbox 2540 2008 2693 2074; x_wconf 83' lang='lat' dir='ltr'><strong>Quod</strong></span> <span class='ocrx_word' id='word_1_485' title='bbox 2722 2025 2943 2079; x_wconf 75' lang='lat' dir='ltr'><strong>magnus</strong></span> <span class='ocrx_word' id='word_1_486' title='bbox 2968 2008 3244 2077; x_wconf 66' lang='lat' dir='ltr'><strong>Apostolus</strong></span> <span class='ocrx_word' id='word_1_487' title='bbox 3271 2008 3533 2079; x_wconf 72' lang='lat' dir='ltr'><strong>Spiritum</strong></span> 
     </span>
    </p>
   </div>
   <div class='ocr_carea' id='block_1_61' title="bbox 2465 2078 3250 2135">
    <p class='ocr_par' dir='ltr' id='par_1_61' title="bbox 2465 2078 3250 2135">
     <span class='ocr_line' id='line_1_61' title="bbox 2465 2078 3250 2135; baseline 0.004 -3"><span class='ocrx_word' id='word_1_488' title='bbox 2465 2090 2708 2132; x_wconf 75' lang='lat' dir='ltr'><strong>sanciunt</strong></span> <span class='ocrx_word' id='word_1_489' title='bbox 2739 2078 2905 2132; x_wconf 83' lang='lat' dir='ltr'><strong>Deum</strong></span> <span class='ocrx_word' id='word_1_490' title='bbox 2937 2094 3047 2133; x_wconf 80' lang='lat' dir='ltr'><strong>esse</strong></span> <span class='ocrx_word' id='word_1_491' title='bbox 3076 2081 3250 2135; x_wconf 74' lang='lat' dir='ltr'><strong>scivit.</strong></span> 
     </span>
    </p>
   </div>
   <div class='ocr_carea' id='block_1_62' title="bbox 2085 2190 3610 2259">
    <p class='ocr_par' dir='ltr' id='par_1_62' title="bbox 2085 2190 3610 2259">
     <span class='ocr_line' id='line_1_62' title="bbox 2085 2190 3610 2259; baseline 0.003 -16"><span class='ocrx_word' id='word_1_492' title='bbox 2085 2190 2239 2257; x_wconf 84' lang='lat' dir='ltr'><strong>Quod</strong></span> <span class='ocrx_word' id='word_1_493' title='bbox 2294 2200 2472 2243; x_wconf 88' lang='lat' dir='ltr'><strong>autem</strong></span> <span class='ocrx_word' id='word_1_494' title='bbox 2540 2192 2632 2245; x_wconf 87' lang='lat' dir='ltr'><strong>Dei</strong></span> <span class='ocrx_word' id='word_1_495' title='bbox 2678 2192 2747 2245; x_wconf 91' lang='lat' dir='ltr'><strong>sit</strong></span> <span class='ocrx_word' id='word_1_496' title='bbox 2805 2191 3042 2259; x_wconf 85' lang='lat' dir='ltr'><strong>Spiritus</strong></span> <span class='ocrx_word' id='word_1_497' title='bbox 3096 2200 3357 2255; x_wconf 86' lang='lat' dir='ltr'><strong>sanctus,</strong></span> <span class='ocrx_word' id='word_1_498' title='bbox 3423 2192 3610 2247; x_wconf 80' lang='lat' dir='ltr'><strong>denuo</strong></span> 
     </span>
    </p>
   </div>
   <div class='ocr_carea' id='block_1_63' title="bbox 2014 2282 3599 2350">
    <p class='ocr_par' dir='ltr' id='par_1_63' title="bbox 2014 2282 3599 2350">
     <span class='ocr_line' id='line_1_63' title="bbox 2014 2282 3599 2350; baseline 0.001 -12"><span class='ocrx_word' id='word_1_499' title='bbox 2014 2282 2208 2338; x_wconf 80' lang='lat' dir='ltr'><strong>Paulus</strong></span> <span class='ocrx_word' id='word_1_500' title='bbox 2242 2298 2339 2337; x_wconf 91' lang='lat' dir='ltr'><strong>nos</strong></span> <span class='ocrx_word' id='word_1_501' title='bbox 2370 2284 2526 2337; x_wconf 90' lang='lat' dir='ltr'><strong>docet</strong></span> <span class='ocrx_word' id='word_1_502' title='bbox 2556 2301 2570 2336; x_wconf 90' lang='lat'><strong>:</strong></span> <span class='ocrx_word' id='word_1_503' title='bbox 2604 2301 2622 2333; x_wconf 74' lang='grc' dir='ltr'><strong>ι</strong></span> <span class='ocrx_word' id='word_1_504' title='bbox 2663 2283 2840 2337; x_wconf 85' lang='lat' dir='ltr'><strong>Abluti</strong></span> <span class='ocrx_word' id='word_1_505' title='bbox 2880 2284 3039 2350; x_wconf 87' lang='lat' dir='ltr'><strong>estis,</strong></span> <span class='ocrx_word' id='word_1_506' title='bbox 3068 2283 3281 2349; x_wconf 87' lang='lat' dir='ltr'><strong>dicens,</strong></span> <span class='ocrx_word' id='word_1_507' title='bbox 3314 2291 3370 2339; x_wconf 88' lang='lat' dir='ltr'><strong>et</strong></span> <span class='ocrx_word' id='word_1_508' title='bbox 3392 2282 3599 2339; x_wconf 82' lang='lat' dir='ltr'><strong>sancti-</strong></span> 
     </span>
    </p>
   </div>
   <div class='ocr_carea' id='block_1_64' title="bbox 2015 2372 3607 2442">
    <p class='ocr_par' dir='ltr' id='par_1_64' title="bbox 2015 2372 3607 2442">
     <span class='ocr_line' id='line_1_64' title="bbox 2015 2372 3607 2442; baseline 0.003 -16"><span class='ocrx_word' id='word_1_509' title='bbox 2015 2373 2156 2426; x_wconf 83' lang='lat' dir='ltr'><strong>ﬁcati</strong></span> <span class='ocrx_word' id='word_1_510' title='bbox 2201 2383 2363 2441; x_wconf 89' lang='lat' dir='ltr'><strong>atque</strong></span> <span class='ocrx_word' id='word_1_511' title='bbox 2392 2372 2671 2442; x_wconf 76' lang='lat' dir='ltr'><strong>justiﬂcati</strong></span> <span class='ocrx_word' id='word_1_512' title='bbox 2710 2373 2761 2427; x_wconf 91' lang='lat' dir='ltr'><strong>in</strong></span> <span class='ocrx_word' id='word_1_513' title='bbox 2789 2374 3008 2428; x_wconf 75' lang='lat' dir='ltr'><strong>nomine</strong></span> <span class='ocrx_word' id='word_1_514' title='bbox 3043 2374 3255 2428; x_wconf 82' lang='lat' dir='ltr'><strong>Domini</strong></span> <span class='ocrx_word' id='word_1_515' title='bbox 3285 2375 3453 2429; x_wconf 88' lang='lat' dir='ltr'><strong>nostri</strong></span> <span class='ocrx_word' id='word_1_516' title='bbox 3478 2372 3607 2431; x_wconf 67' lang='lat' dir='ltr'><strong>Iesu</strong></span> 
     </span>
    </p>
   </div>
   <div class='ocr_carea' id='block_1_65' title="bbox 2016 2462 3609 2537">
    <p class='ocr_par' dir='ltr' id='par_1_65' title="bbox 2016 2462 3609 2537">
     <span class='ocr_line' id='line_1_65' title="bbox 2016 2462 3609 2537; baseline 0.004 -22"><span class='ocrx_word' id='word_1_517' title='bbox 2016 2462 2233 2523; x_wconf 83' lang='lat' dir='ltr'><strong>Christi,</strong></span> <span class='ocrx_word' id='word_1_518' title='bbox 2260 2471 2309 2515; x_wconf 90' lang='lat' dir='ltr'><strong>et</strong></span> <span class='ocrx_word' id='word_1_519' title='bbox 2344 2462 2397 2515; x_wconf 90' lang='lat' dir='ltr'><strong>in</strong></span> <span class='ocrx_word' id='word_1_520' title='bbox 2422 2462 2625 2531; x_wconf 84' lang='lat' dir='ltr'><strong>Spiritu</strong></span> <span class='ocrx_word' id='word_1_521' title='bbox 2654 2462 2745 2518; x_wconf 92' lang='lat' dir='ltr'><strong>Dei</strong></span> <span class='ocrx_word' id='word_1_522' title='bbox 2774 2465 2941 2517; x_wconf 88' lang='lat' dir='ltr'><strong>nostri</strong></span> <span class='ocrx_word' id='word_1_523' title='bbox 2958 2463 3025 2518; x_wconf 83' lang='lat'><strong>&quot;.</strong></span> <span class='ocrx_word' id='word_1_524' title='bbox 3049 2482 3068 2516; x_wconf 79' lang='grc' dir='ltr'><strong>ι</strong></span> <span class='ocrx_word' id='word_1_525' title='bbox 3095 2464 3205 2519; x_wconf 89' lang='lat' dir='ltr'><strong>Cur</strong></span> <span class='ocrx_word' id='word_1_526' title='bbox 3232 2467 3379 2521; x_wconf 78' lang='lat' dir='ltr'><strong>etiim</strong></span> <span class='ocrx_word' id='word_1_527' title='bbox 3412 2467 3609 2537; x_wconf 82' lang='lat' dir='ltr'><strong>templa</strong></span> 
     </span>
    </p>
   </div>
   <div class='ocr_carea' id='block_1_66' title="bbox 2015 2554 3610 2628">
    <p class='ocr_par' dir='ltr' id='par_1_66' title="bbox 2015 2554 3610 2628">
     <span class='ocr_line' id='line_1_66' title="bbox 2015 2554 3610 2628; baseline 0.003 -21"><span class='ocrx_word' id='word_1_528' title='bbox 2015 2554 2105 2607; x_wconf 90' lang='lat' dir='ltr'><strong>Dei</strong></span> <span class='ocrx_word' id='word_1_529' title='bbox 2138 2556 2487 2623; x_wconf 83' lang='lat' dir='ltr'><strong>appellamur,</strong></span> <span class='ocrx_word' id='word_1_530' title='bbox 2516 2556 2604 2625; x_wconf 91' lang='lat' dir='ltr'><strong>qui</strong></span> <span class='ocrx_word' id='word_1_531' title='bbox 2636 2571 2730 2624; x_wconf 88' lang='lat' dir='ltr'><strong>per</strong></span> <span class='ocrx_word' id='word_1_532' title='bbox 2752 2556 3079 2625; x_wconf 83' lang='lat' dir='ltr'><strong>baptismum</strong></span> <span class='ocrx_word' id='word_1_533' title='bbox 3126 2558 3361 2626; x_wconf 79' lang='lat' dir='ltr'><strong>Spiritus</strong></span> <span class='ocrx_word' id='word_1_534' title='bbox 3384 2560 3610 2628; x_wconf 72' lang='lat' dir='ltr'><strong>gratiam</strong></span> 
     </span>
    </p>
   </div>
   <div class='ocr_carea' id='block_1_67' title="bbox 2014 2646 3608 2716">
    <p class='ocr_par' dir='ltr' id='par_1_67' title="bbox 2014 2646 3608 2716">
     <span class='ocr_line' id='line_1_67' title="bbox 2014 2646 3608 2716; baseline 0.007 -20"><span class='ocrx_word' id='word_1_535' title='bbox 2014 2646 2350 2713; x_wconf 78' lang='lat' dir='ltr'><strong>recepimus,</strong></span> <span class='ocrx_word' id='word_1_536' title='bbox 2400 2646 2500 2699; x_wconf 88' lang='lat' dir='ltr'><strong>nisi</strong></span> <span class='ocrx_word' id='word_1_537' title='bbox 2558 2648 2671 2714; x_wconf 91' lang='lat' dir='ltr'><strong>ipse</strong></span> <span class='ocrx_word' id='word_1_538' title='bbox 2716 2658 2939 2703; x_wconf 82' lang='lat' dir='ltr'><strong>sanctus</strong></span> <span class='ocrx_word' id='word_1_539' title='bbox 2977 2648 3214 2716; x_wconf 85' lang='lat' dir='ltr'><strong>Spiritus</strong></span> <span class='ocrx_word' id='word_1_540' title='bbox 3275 2650 3417 2705; x_wconf 89' lang='lat' dir='ltr'><strong>Deus</strong></span> <span class='ocrx_word' id='word_1_541' title='bbox 3463 2652 3608 2707; x_wconf 72' lang='lat' dir='ltr'><strong>est?</strong></span> 
     </span>
    </p>
   </div>
   <div class='ocr_carea' id='block_1_68' title="bbox 2012 2736 3607 2813">
    <p class='ocr_par' dir='ltr' id='par_1_68' title="bbox 2012 2736 3607 2813">
     <span class='ocr_line' id='line_1_68' title="bbox 2012 2736 3607 2813; baseline 0.004 -24"><span class='ocrx_word' id='word_1_542' title='bbox 2012 2736 2165 2801; x_wconf 83' lang='lat' dir='ltr'><strong>Quod</strong></span> <span class='ocrx_word' id='word_1_543' title='bbox 2212 2748 2391 2791; x_wconf 91' lang='lat' dir='ltr'><strong>autem</strong></span> <span class='ocrx_word' id='word_1_544' title='bbox 2440 2738 2677 2807; x_wconf 89' lang='lat' dir='ltr'><strong>Spiritus</strong></span> <span class='ocrx_word' id='word_1_545' title='bbox 2733 2741 2932 2808; x_wconf 86' lang='lat' dir='ltr'><strong>templs</strong></span> <span class='ocrx_word' id='word_1_546' title='bbox 2990 2739 3180 2796; x_wconf 79' lang='lat' dir='ltr'><strong>ﬁdeles</strong></span> <span class='ocrx_word' id='word_1_547' title='bbox 3243 2742 3607 2813; x_wconf 82' lang='lat' dir='ltr'><strong>appellentur,</strong></span> 
     </span>
    </p>
   </div>
   <div class='ocr_carea' id='block_1_69' title="bbox 2013 2829 3611 2906">
    <p class='ocr_par' dir='ltr' id='par_1_69' title="bbox 2013 2829 3611 2906">
     <span class='ocr_line' id='line_1_69' title="bbox 2013 2829 3611 2906; baseline 0.006 -24"><span class='ocrx_word' id='word_1_548' title='bbox 2013 2829 2124 2897; x_wconf 88' lang='lat' dir='ltr'><strong>ipse</strong></span> <span class='ocrx_word' id='word_1_549' title='bbox 2156 2844 2253 2884; x_wconf 87' lang='lat' dir='ltr'><strong>nos</strong></span> <span class='ocrx_word' id='word_1_550' title='bbox 2289 2830 2445 2885; x_wconf 90' lang='lat' dir='ltr'><strong>docet</strong></span> <span class='ocrx_word' id='word_1_551' title='bbox 2498 2830 2791 2899; x_wconf 84' lang='lat' dir='ltr'><strong>Apostolus</strong></span> <span class='ocrx_word' id='word_1_552' title='bbox 2839 2833 3026 2888; x_wconf 85' lang='lat' dir='ltr'><strong>dicens</strong></span> <span class='ocrx_word' id='word_1_553' title='bbox 3068 2854 3080 2888; x_wconf 90' lang='lat'>:</span> <span class='ocrx_word' id='word_1_554' title='bbox 3133 2852 3151 2884; x_wconf 80' lang='grc' dir='ltr'><strong>ι</strong></span> <span class='ocrx_word' id='word_1_555' title='bbox 3194 2831 3431 2890; x_wconf 80' lang='lat' dir='ltr'><strong>Nescitis</strong></span> <span class='ocrx_word' id='word_1_556' title='bbox 3469 2848 3611 2906; x_wconf 83' lang='lat' dir='ltr'><strong>quo-</strong></span> 
     </span>
    </p>
   </div>
   <div class='ocr_carea' id='block_1_70' title="bbox 2013 2922 3613 2996">
    <p class='ocr_par' dir='ltr' id='par_1_70' title="bbox 2013 2922 3613 2996">
     <span class='ocr_line' id='line_1_70' title="bbox 2013 2922 3613 2996; baseline 0.004 -23"><span class='ocrx_word' id='word_1_557' title='bbox 2013 2922 2155 2973; x_wconf 75' lang='lat' dir='ltr'><strong>niam</strong></span> <span class='ocrx_word' id='word_1_558' title='bbox 2187 2936 2415 2989; x_wconf 88' lang='lat' dir='ltr'><strong>corpora</strong></span> <span class='ocrx_word' id='word_1_559' title='bbox 2447 2932 2626 2977; x_wconf 82' lang='lat' dir='ltr'><strong>vestra</strong></span> <span class='ocrx_word' id='word_1_560' title='bbox 2651 2925 2905 2991; x_wconf 89' lang='lat' dir='ltr'><strong>templum</strong></span> <span class='ocrx_word' id='word_1_561' title='bbox 2940 2936 3066 2979; x_wconf 88' lang='lat' dir='ltr'><strong>sunt</strong></span> <span class='ocrx_word' id='word_1_562' title='bbox 3093 2924 3210 2991; x_wconf 86' lang='lat' dir='ltr'><strong>ejus</strong></span> <span class='ocrx_word' id='word_1_563' title='bbox 3237 2926 3325 2996; x_wconf 90' lang='lat' dir='ltr'><strong>qui</strong></span> <span class='ocrx_word' id='word_1_564' title='bbox 3361 2926 3413 2978; x_wconf 90' lang='lat' dir='ltr'><strong>in</strong></span> <span class='ocrx_word' id='word_1_565' title='bbox 3460 2925 3613 2979; x_wconf 81' lang='lat' dir='ltr'><strong>vobis</strong></span> 
     </span>
    </p>
   </div>
   <div class='ocr_carea' id='block_1_71' title="bbox 2022 3011 3612 3080">
    <p class='ocr_par' dir='ltr' id='par_1_71' title="bbox 2022 3011 3612 3080">
     <span class='ocr_line' id='line_1_71' title="bbox 2022 3011 3612 3080; baseline 0.002 -15"><span class='ocrx_word' id='word_1_566' title='bbox 2022 3021 2131 3076; x_wconf 82' lang='lat' dir='ltr'><strong>est,</strong></span> <span class='ocrx_word' id='word_1_567' title='bbox 2163 3012 2332 3065; x_wconf 89' lang='lat' dir='ltr'><strong>sancti</strong></span> <span class='ocrx_word' id='word_1_568' title='bbox 2375 3011 2635 3080; x_wconf 87' lang='lat' dir='ltr'><strong>Spiritus,</strong></span> <span class='ocrx_word' id='word_1_569' title='bbox 2668 3028 2827 3079; x_wconf 84' lang='lat' dir='ltr'><strong>quem</strong></span> <span class='ocrx_word' id='word_1_570' title='bbox 2859 3028 2887 3066; x_wconf 84' lang='grc' dir='ltr'><strong>ιι</strong></span> <span class='ocrx_word' id='word_1_571' title='bbox 2924 3013 3034 3067; x_wconf 90' lang='lat' dir='ltr'><strong>Deo</strong></span> <span class='ocrx_word' id='word_1_572' title='bbox 3062 3014 3274 3068; x_wconf 80' lang='lat' dir='ltr'><strong>habetis</strong></span> <span class='ocrx_word' id='word_1_573' title='bbox 3296 3056 3311 3077; x_wconf 91' lang='lat'><strong>,</strong></span> <span class='ocrx_word' id='word_1_574' title='bbox 3344 3029 3442 3069; x_wconf 90' lang='lat' dir='ltr'><strong>nec</strong></span> <span class='ocrx_word' id='word_1_575' title='bbox 3477 3014 3612 3068; x_wconf 88' lang='lat' dir='ltr'><strong>estis</strong></span> 
     </span>
    </p>
   </div>
   <div class='ocr_carea' id='block_1_72' title="bbox 2011 3101 3607 3176">
    <p class='ocr_par' dir='ltr' id='par_1_72' title="bbox 2011 3101 3607 3176">
     <span class='ocr_line' id='line_1_72' title="bbox 2011 3101 3607 3176; baseline 0.004 -22"><span class='ocrx_word' id='word_1_576' title='bbox 2011 3104 2177 3156; x_wconf 84' lang='lat' dir='ltr'><strong>vestri</strong></span> <span class='ocrx_word' id='word_1_577' title='bbox 2203 3101 2226 3154; x_wconf 88' lang='lat'><strong>?</strong></span> <span class='ocrx_word' id='word_1_578' title='bbox 2248 3102 2424 3171; x_wconf 80' lang='lat' dir='ltr'><strong>Empti</strong></span> <span class='ocrx_word' id='word_1_579' title='bbox 2466 3103 2610 3156; x_wconf 90' lang='lat' dir='ltr'><strong>enim</strong></span> <span class='ocrx_word' id='word_1_580' title='bbox 2637 3104 2770 3159; x_wconf 84' lang='lat' dir='ltr'><strong>estis</strong></span> <span class='ocrx_word' id='word_1_581' title='bbox 2802 3104 2976 3172; x_wconf 85' lang='lat' dir='ltr'><strong>pretio</strong></span> <span class='ocrx_word' id='word_1_582' title='bbox 2993 3106 3090 3159; x_wconf 75' lang='grc'><strong>⁸⁸.»</strong></span> <span class='ocrx_word' id='word_1_583' title='bbox 3119 3104 3395 3176; x_wconf 85' lang='lat' dir='ltr'><strong>Templum</strong></span> <span class='ocrx_word' id='word_1_584' title='bbox 3428 3116 3607 3161; x_wconf 77' lang='lat' dir='ltr'><strong>autem</strong></span> 
     </span>
    </p>
   </div>
   <div class='ocr_carea' id='block_1_73' title="bbox 2014 3191 3613 3265">
    <p class='ocr_par' dir='ltr' id='par_1_73' title="bbox 2014 3191 3613 3265">
     <span class='ocr_line' id='line_1_73' title="bbox 2014 3191 3613 3265; baseline 0.003 -20"><span class='ocrx_word' id='word_1_585' title='bbox 2014 3192 2404 3245; x_wconf 87' lang='lat' dir='ltr'><strong>inhabitantem</strong></span> <span class='ocrx_word' id='word_1_586' title='bbox 2479 3194 2732 3260; x_wconf 71' lang='lat' dir='ltr'><strong>praedicat</strong></span> <span class='ocrx_word' id='word_1_587' title='bbox 2783 3191 2974 3249; x_wconf 90' lang='lat' dir='ltr'><strong>Deum.</strong></span> <span class='ocrx_word' id='word_1_588' title='bbox 3028 3195 3208 3261; x_wconf 88' lang='lat' dir='ltr'><strong>Quare</strong></span> <span class='ocrx_word' id='word_1_589' title='bbox 3251 3206 3305 3249; x_wconf 90' lang='lat' dir='ltr'><strong>et</strong></span> <span class='ocrx_word' id='word_1_590' title='bbox 3361 3196 3613 3265; x_wconf 80' lang='lat' dir='ltr'><strong>superius</strong></span> 
     </span>
    </p>
   </div>
   <div class='ocr_carea' id='block_1_74' title="bbox 2013 3281 3614 3352">
    <p class='ocr_par' dir='ltr' id='par_1_74' title="bbox 2013 3281 3614 3352">
     <span class='ocr_line' id='line_1_74' title="bbox 2013 3281 3614 3352; baseline 0.002 -18"><span class='ocrx_word' id='word_1_591' title='bbox 2013 3282 2190 3335; x_wconf 69' lang='lat' dir='ltr'><strong>aiebat</strong></span> <span class='ocrx_word' id='word_1_592' title='bbox 2220 3301 2232 3335; x_wconf 92' lang='lat'>:</span> <span class='ocrx_word' id='word_1_593' title='bbox 2278 3302 2294 3333; x_wconf 83' lang='grc' dir='ltr'><strong>ι</strong></span> <span class='ocrx_word' id='word_1_594' title='bbox 2328 3281 2560 3337; x_wconf 81' lang='lat' dir='ltr'><strong>Nescitis</strong></span> <span class='ocrx_word' id='word_1_595' title='bbox 2588 3299 2679 3338; x_wconf 87' lang='lat' dir='ltr'><strong>vos</strong></span> <span class='ocrx_word' id='word_1_596' title='bbox 2704 3284 2960 3352; x_wconf 90' lang='lat' dir='ltr'><strong>templum</strong></span> <span class='ocrx_word' id='word_1_597' title='bbox 2994 3284 3085 3338; x_wconf 92' lang='lat' dir='ltr'><strong>Dei</strong></span> <span class='ocrx_word' id='word_1_598' title='bbox 3119 3299 3263 3348; x_wconf 84' lang='lat' dir='ltr'><strong>esse,</strong></span> <span class='ocrx_word' id='word_1_599' title='bbox 3296 3295 3351 3339; x_wconf 91' lang='lat' dir='ltr'><strong>et</strong></span> <span class='ocrx_word' id='word_1_600' title='bbox 3378 3286 3429 3337; x_wconf 89' lang='lat' dir='ltr'><strong>in</strong></span> <span class='ocrx_word' id='word_1_601' title='bbox 3458 3284 3614 3338; x_wconf 85' lang='lat' dir='ltr'><strong>vobis</strong></span> 
     </span>
    </p>
   </div>
   <div class='ocr_carea' id='block_1_75' title="bbox 2014 3373 3613 3447">
    <p class='ocr_par' dir='ltr' id='par_1_75' title="bbox 2014 3373 3613 3447">
     <span class='ocr_line' id='line_1_75' title="bbox 2014 3373 3613 3447; baseline 0.002 -20"><span class='ocrx_word' id='word_1_602' title='bbox 2014 3373 2258 3429; x_wconf 84' lang='lat' dir='ltr'><strong>habitare</strong></span> <span class='ocrx_word' id='word_1_603' title='bbox 2296 3374 2556 3445; x_wconf 87' lang='lat' dir='ltr'><strong>Spiritum</strong></span> <span class='ocrx_word' id='word_1_604' title='bbox 2596 3375 2731 3431; x_wconf 84' lang='lat' dir='ltr'><strong>Dei?</strong></span> <span class='ocrx_word' id='word_1_605' title='bbox 2761 3377 2817 3431; x_wconf 90' lang='lat' dir='ltr'><strong>Si</strong></span> <span class='ocrx_word' id='word_1_606' title='bbox 2843 3377 2965 3447; x_wconf 87' lang='lat' dir='ltr'><strong>quis</strong></span> <span class='ocrx_word' id='word_1_607' title='bbox 3010 3376 3265 3445; x_wconf 87' lang='lat' dir='ltr'><strong>templum</strong></span> <span class='ocrx_word' id='word_1_608' title='bbox 3309 3375 3400 3429; x_wconf 88' lang='lat' dir='ltr'><strong>Dei</strong></span> <span class='ocrx_word' id='word_1_609' title='bbox 3441 3375 3613 3430; x_wconf 85' lang='lat' dir='ltr'><strong>viola-</strong></span> 
     </span>
    </p>
   </div>
   <div class='ocr_carea' id='block_1_76' title="bbox 2014 3464 3609 3535">
    <p class='ocr_par' dir='ltr' id='par_1_76' title="bbox 2014 3464 3609 3535">
     <span class='ocr_line' id='line_1_76' title="bbox 2014 3464 3609 3535; baseline 0.003 -18"><span class='ocrx_word' id='word_1_610' title='bbox 2014 3466 2185 3527; x_wconf 82' lang='lat' dir='ltr'><strong>verit,</strong></span> <span class='ocrx_word' id='word_1_611' title='bbox 2239 3464 2513 3533; x_wconf 86' lang='lat' dir='ltr'><strong>disperdet</strong></span> <span class='ocrx_word' id='word_1_612' title='bbox 2564 3466 2712 3521; x_wconf 86' lang='lat' dir='ltr'><strong>illum</strong></span> <span class='ocrx_word' id='word_1_613' title='bbox 2767 3468 2928 3521; x_wconf 90' lang='lat' dir='ltr'><strong>Deus.</strong></span> <span class='ocrx_word' id='word_1_614' title='bbox 2985 3466 3265 3535; x_wconf 89' lang='lat' dir='ltr'><strong>Templum</strong></span> <span class='ocrx_word' id='word_1_615' title='bbox 3314 3467 3459 3521; x_wconf 89' lang='lat' dir='ltr'><strong>enim</strong></span> <span class='ocrx_word' id='word_1_616' title='bbox 3514 3464 3609 3521; x_wconf 84' lang='lat' dir='ltr'><strong>Dei</strong></span> 
     </span>
    </p>
   </div>
   <div class='ocr_carea' id='block_1_77' title="bbox 2014 3557 3611 3629">
    <p class='ocr_par' dir='ltr' id='par_1_77' title="bbox 2014 3557 3611 3629">
     <span class='ocr_line' id='line_1_77' title="bbox 2014 3557 3611 3629; baseline 0.002 -20"><span class='ocrx_word' id='word_1_617' title='bbox 2014 3567 2261 3610; x_wconf 87' lang='lat' dir='ltr'><strong>sanctum</strong></span> <span class='ocrx_word' id='word_1_618' title='bbox 2292 3567 2393 3623; x_wconf 85' lang='lat' dir='ltr'><strong>est,</strong></span> <span class='ocrx_word' id='word_1_619' title='bbox 2433 3559 2579 3627; x_wconf 86' lang='lat' dir='ltr'><strong>quod</strong></span> <span class='ocrx_word' id='word_1_620' title='bbox 2630 3559 2762 3613; x_wconf 85' lang='lat' dir='ltr'><strong>estis</strong></span> <span class='ocrx_word' id='word_1_621' title='bbox 2796 3574 2891 3615; x_wconf 87' lang='lat' dir='ltr'><strong>vos</strong></span> <span class='ocrx_word' id='word_1_622' title='bbox 2930 3559 2999 3615; x_wconf 81' lang='lat'><strong>&quot;.</strong></span> <span class='ocrx_word' id='word_1_623' title='bbox 3040 3578 3059 3611; x_wconf 78' lang='grc' dir='ltr'><strong>ι</strong></span> <span class='ocrx_word' id='word_1_624' title='bbox 3112 3557 3167 3613; x_wconf 90' lang='lat' dir='ltr'><strong>Si</strong></span> <span class='ocrx_word' id='word_1_625' title='bbox 3213 3574 3343 3629; x_wconf 72' lang='lat' dir='ltr'><strong>ergo</strong></span> <span class='ocrx_word' id='word_1_626' title='bbox 3376 3557 3611 3629; x_wconf 85' lang='lat' dir='ltr'><strong>Spiritus</strong></span> 
     </span>
    </p>
   </div>
   <div class='ocr_carea' id='block_1_78' title="bbox 2014 3648 3609 3720">
    <p class='ocr_par' dir='ltr' id='par_1_78' title="bbox 2014 3648 3609 3720">
     <span class='ocr_line' id='line_1_78' title="bbox 2014 3648 3609 3720; baseline 0.004 -22"><span class='ocrx_word' id='word_1_627' title='bbox 2014 3648 2240 3717; x_wconf 62' lang='lat' dir='ltr'><strong>gratiam</strong></span> <span class='ocrx_word' id='word_1_628' title='bbox 2289 3663 2383 3717; x_wconf 87' lang='lat' dir='ltr'><strong>per</strong></span> <span class='ocrx_word' id='word_1_629' title='bbox 2452 3651 2778 3717; x_wconf 86' lang='lat' dir='ltr'><strong>baptismum</strong></span> <span class='ocrx_word' id='word_1_630' title='bbox 2844 3652 3114 3720; x_wconf 86' lang='lat' dir='ltr'><strong>recipiunt</strong></span> <span class='ocrx_word' id='word_1_631' title='bbox 3156 3649 3475 3715; x_wconf 88' lang='lat' dir='ltr'><strong>credentes,</strong></span> <span class='ocrx_word' id='word_1_632' title='bbox 3518 3651 3609 3718; x_wconf 90' lang='lat' dir='ltr'><strong>qui</strong></span> 
     </span>
    </p>
   </div>
   <div class='ocr_carea' id='block_1_79' title="bbox 2014 3736 3609 3809">
    <p class='ocr_par' dir='ltr' id='par_1_79' title="bbox 2014 3736 3609 3809">
     <span class='ocr_line' id='line_1_79' title="bbox 2014 3736 3609 3809; baseline 0.004 -23"><span class='ocrx_word' id='word_1_633' title='bbox 2014 3748 2142 3787; x_wconf 85' lang='lat' dir='ltr'><strong>vero</strong></span> <span class='ocrx_word' id='word_1_634' title='bbox 2172 3736 2273 3789; x_wconf 87' lang='lat' dir='ltr'><strong>hoc</strong></span> <span class='ocrx_word' id='word_1_635' title='bbox 2296 3736 2437 3791; x_wconf 91' lang='lat' dir='ltr'><strong>dono</strong></span> <span class='ocrx_word' id='word_1_636' title='bbox 2480 3737 2625 3807; x_wconf 76' lang='lat' dir='ltr'><strong>digni</strong></span> <span class='ocrx_word' id='word_1_637' title='bbox 2665 3738 2883 3804; x_wconf 81' lang='lat' dir='ltr'><strong>fuimus,</strong></span> <span class='ocrx_word' id='word_1_638' title='bbox 2920 3741 3177 3809; x_wconf 90' lang='lat' dir='ltr'><strong>templum</strong></span> <span class='ocrx_word' id='word_1_639' title='bbox 3212 3741 3301 3795; x_wconf 91' lang='lat' dir='ltr'><strong>Dei</strong></span> <span class='ocrx_word' id='word_1_640' title='bbox 3326 3740 3609 3803; x_wconf 59' lang='lat' dir='ltr'><strong>dicimur,</strong></span> 
     </span>
    </p>
   </div>
   <div class='ocr_carea' id='block_1_80' title="bbox 2013 3827 3610 3899">
    <p class='ocr_par' dir='ltr' id='par_1_80' title="bbox 2013 3827 3610 3899">
     <span class='ocr_line' id='line_1_80' title="bbox 2013 3827 3610 3899; baseline 0.004 -18"><span class='ocrx_word' id='word_1_641' title='bbox 2013 3827 2262 3893; x_wconf 82' lang='lat' dir='ltr'><strong>sequitur</strong></span> <span class='ocrx_word' id='word_1_642' title='bbox 2298 3837 2355 3882; x_wconf 92' lang='lat' dir='ltr'><strong>ut</strong></span> <span class='ocrx_word' id='word_1_643' title='bbox 2387 3828 2527 3883; x_wconf 83' lang='lat' dir='ltr'><strong>Deus</strong></span> <span class='ocrx_word' id='word_1_644' title='bbox 2554 3830 2627 3883; x_wconf 90' lang='lat' dir='ltr'><strong>sit</strong></span> <span class='ocrx_word' id='word_1_645' title='bbox 2670 3828 2905 3899; x_wconf 86' lang='lat' dir='ltr'><strong>Spiritus</strong></span> <span class='ocrx_word' id='word_1_646' title='bbox 2946 3842 3191 3886; x_wconf 87' lang='lat' dir='ltr'><strong>sanctus.</strong></span> <span class='ocrx_word' id='word_1_647' title='bbox 3221 3830 3511 3899; x_wconf 77' lang='lat' dir='ltr'><strong>Propterea</strong></span> <span class='ocrx_word' id='word_1_648' title='bbox 3561 3834 3610 3887; x_wconf 84' lang='lat' dir='ltr'><strong>si</strong></span> 
     </span>
    </p>
   </div>
   <div class='ocr_carea' id='block_1_81' title="bbox 2016 3916 3612 3991">
    <p class='ocr_par' dir='ltr' id='par_1_81' title="bbox 2016 3916 3612 3991">
     <span class='ocr_line' id='line_1_81' title="bbox 2016 3916 3612 3991; baseline 0.004 -21"><span class='ocrx_word' id='word_1_649' title='bbox 2016 3916 2381 3971; x_wconf 84' lang='lat' dir='ltr'><strong>habitaculum</strong></span> <span class='ocrx_word' id='word_1_650' title='bbox 2409 3920 2774 3991; x_wconf 87' lang='lat' dir='ltr'><strong>templumque</strong></span> <span class='ocrx_word' id='word_1_651' title='bbox 2811 3920 2927 3986; x_wconf 87' lang='lat' dir='ltr'><strong>Dei,</strong></span> <span class='ocrx_word' id='word_1_652' title='bbox 2960 3921 2994 3974; x_wconf 91' lang='lat' dir='ltr'><strong>ii</strong></span> <span class='ocrx_word' id='word_1_653' title='bbox 3026 3922 3117 3991; x_wconf 89' lang='lat' dir='ltr'><strong>qui</strong></span> <span class='ocrx_word' id='word_1_654' title='bbox 3145 3922 3319 3991; x_wconf 76' lang='lat' dir='ltr'><strong>gratia</strong></span> <span class='ocrx_word' id='word_1_655' title='bbox 3376 3918 3612 3988; x_wconf 65' lang='lat' dir='ltr'><strong>Spiritus</strong></span> 
     </span>
    </p>
   </div>
   <div class='ocr_carea' id='block_1_82' title="bbox 2015 4005 3605 4079">
    <p class='ocr_par' dir='ltr' id='par_1_82' title="bbox 2015 4005 3605 4079">
     <span class='ocr_line' id='line_1_82' title="bbox 2015 4005 3605 4079; baseline 0.001 -20"><span class='ocrx_word' id='word_1_656' title='bbox 2015 4005 2289 4072; x_wconf 81' lang='lat' dir='ltr'><strong>fruuntur,</strong></span> <span class='ocrx_word' id='word_1_657' title='bbox 2322 4019 2448 4063; x_wconf 90' lang='lat' dir='ltr'><strong>sunt</strong></span> <span class='ocrx_word' id='word_1_658' title='bbox 2477 4019 2529 4063; x_wconf 93' lang='lat' dir='ltr'><strong>et</strong></span> <span class='ocrx_word' id='word_1_659' title='bbox 2557 4011 2921 4079; x_wconf 86' lang='lat' dir='ltr'><strong>appellantur,</strong></span> <span class='ocrx_word' id='word_1_660' title='bbox 2948 4010 3288 4079; x_wconf 78' lang='lat' dir='ltr'><strong>exploratum</strong></span> <span class='ocrx_word' id='word_1_661' title='bbox 3314 4020 3399 4064; x_wconf 89' lang='lat' dir='ltr'><strong>est</strong></span> <span class='ocrx_word' id='word_1_662' title='bbox 3424 4009 3605 4063; x_wconf 84' lang='lat' dir='ltr'><strong>divina</strong></span> 
     </span>
    </p>
   </div>
   <div class='ocr_carea' id='block_1_83' title="bbox 2016 4100 3607 4173">
    <p class='ocr_par' dir='ltr' id='par_1_83' title="bbox 2016 4100 3607 4173">
     <span class='ocr_line' id='line_1_83' title="bbox 2016 4100 3607 4173; baseline 0.003 -20"><span class='ocrx_word' id='word_1_663' title='bbox 2016 4110 2205 4156; x_wconf 82' lang='lat' dir='ltr'><strong>natura</strong></span> <span class='ocrx_word' id='word_1_664' title='bbox 2239 4116 2362 4155; x_wconf 87' lang='lat' dir='ltr'><strong>esse</strong></span> <span class='ocrx_word' id='word_1_665' title='bbox 2414 4104 2697 4170; x_wconf 68' lang='lat' dir='ltr'><strong>praeditum</strong></span> <span class='ocrx_word' id='word_1_666' title='bbox 2734 4104 2995 4173; x_wconf 87' lang='lat' dir='ltr'><strong>Spiritum</strong></span> <span class='ocrx_word' id='word_1_667' title='bbox 3036 4112 3288 4159; x_wconf 85' lang='lat' dir='ltr'><strong>sanctum</strong></span> <span class='ocrx_word' id='word_1_668' title='bbox 3316 4142 3330 4165; x_wconf 89' lang='lat'><strong>,</strong></span> <span class='ocrx_word' id='word_1_669' title='bbox 3362 4112 3418 4157; x_wconf 91' lang='lat' dir='ltr'><strong>et</strong></span> <span class='ocrx_word' id='word_1_670' title='bbox 3459 4100 3607 4157; x_wconf 88' lang='lat' dir='ltr'><strong>Patri</strong></span> 
     </span>
    </p>
   </div>
   <div class='ocr_carea' id='block_1_84' title="bbox 2014 4191 3611 4263">
    <p class='ocr_par' dir='ltr' id='par_1_84' title="bbox 2014 4191 3611 4263">
     <span class='ocr_line' id='line_1_84' title="bbox 2014 4191 3611 4263; baseline 0.001 -17"><span class='ocrx_word' id='word_1_671' title='bbox 2014 4191 2259 4263; x_wconf 84' lang='lat' dir='ltr'><strong>Filioque</strong></span> <span class='ocrx_word' id='word_1_672' title='bbox 2288 4196 2828 4250; x_wconf 86' lang='lat' dir='ltr'><strong>consubstantialem.</strong></span> <span class='ocrx_word' id='word_1_673' title='bbox 2882 4194 3018 4250; x_wconf 84' lang='lat' dir='ltr'><strong>Nam</strong></span> <span class='ocrx_word' id='word_1_674' title='bbox 3044 4196 3090 4251; x_wconf 88' lang='lat' dir='ltr'><strong>si</strong></span> <span class='ocrx_word' id='word_1_675' title='bbox 3131 4206 3379 4251; x_wconf 87' lang='lat' dir='ltr'><strong>creatura</strong></span> <span class='ocrx_word' id='word_1_676' title='bbox 3431 4195 3611 4249; x_wconf 84' lang='lat' dir='ltr'><strong>diver-</strong></span> 
     </span>
    </p>
   </div>
   <div class='ocr_carea' id='block_1_85' title="bbox 2016 4283 3606 4354">
    <p class='ocr_par' dir='ltr' id='par_1_85' title="bbox 2016 4283 3606 4354">
     <span class='ocr_line' id='line_1_85' title="bbox 2016 4283 3606 4354; baseline 0.002 -18"><span class='ocrx_word' id='word_1_677' title='bbox 2016 4297 2199 4353; x_wconf 66' lang='lat' dir='ltr'><strong>saeque</strong></span> <span class='ocrx_word' id='word_1_678' title='bbox 2250 4284 2569 4342; x_wconf 62' lang='lat' dir='ltr'><strong>substantia</strong></span> <span class='ocrx_word' id='word_1_679' title='bbox 2621 4286 2792 4349; x_wconf 81' lang='lat' dir='ltr'><strong>foret,</strong></span> <span class='ocrx_word' id='word_1_680' title='bbox 2855 4287 2995 4341; x_wconf 87' lang='lat' dir='ltr'><strong>haud</strong></span> <span class='ocrx_word' id='word_1_681' title='bbox 3050 4298 3198 4343; x_wconf 87' lang='lat' dir='ltr'><strong>recte</strong></span> <span class='ocrx_word' id='word_1_682' title='bbox 3257 4285 3453 4354; x_wconf 85' lang='lat' dir='ltr'><strong>templa</strong></span> <span class='ocrx_word' id='word_1_683' title='bbox 3512 4283 3606 4339; x_wconf 87' lang='lat' dir='ltr'><strong>Dei</strong></span> 
     </span>
    </p>
   </div>
   <div class='ocr_carea' id='block_1_86' title="bbox 334 4351 1910 4445">
    <p class='ocr_par' dir='ltr' id='par_1_86' title="bbox 334 4351 1910 4426">
     <span class='ocr_line' id='line_1_86' title="bbox 334 4351 1910 4426; baseline 0.011 -25"><span class='ocrx_word' id='word_1_684' title='bbox 334 4352 426 4402; x_wconf 77' lang='grc' dir='ltr'>καὶ</span> <span class='ocrx_word' id='word_1_685' title='bbox 451 4351 508 4417; x_wconf 71' lang='grc' dir='ltr'><strong>ἐξ</strong></span> <span class='ocrx_word' id='word_1_686' title='bbox 553 4353 744 4424; x_wconf 74' lang='grc' dir='ltr'>ἑτέρας</span> <span class='ocrx_word' id='word_1_687' title='bbox 777 4355 965 4418; x_wconf 84' lang='grc' dir='ltr'>οὐσίας</span> <span class='ocrx_word' id='word_1_688' title='bbox 1004 4359 1282 4426; x_wconf 83' lang='grc' dir='ltr'>τυγχάνει,</span> <span class='ocrx_word' id='word_1_689' title='bbox 1316 4362 1414 4412; x_wconf 88' lang='grc' dir='ltr'><strong>οὑκ</strong></span> <span class='ocrx_word' id='word_1_690' title='bbox 1441 4362 1667 4425; x_wconf 68' lang='grc' dir='ltr'>εἰκότως</span> <span class='ocrx_word' id='word_1_691' title='bbox 1698 4362 1764 4416; x_wconf 83' lang='grc' dir='ltr'>ἂν</span> <span class='ocrx_word' id='word_1_692' title='bbox 1791 4364 1910 4417; x_wconf 79' lang='grc' dir='ltr'>ναοὶ</span> 
     </span>
    </p>
   </div>
   <div class='ocr_carea' id='block_1_87' title="bbox 2016 4351 3609 4445">
    <p class='ocr_par' dir='ltr' id='par_1_87' title="bbox 2016 4351 3609 4445">
     <span class='ocr_line' id='line_1_87' title="bbox 2016 4351 3609 4445; baseline 0.003 -20"><span class='ocrx_word' id='word_1_693' title='bbox 2016 4351 2418 4442; x_wconf 84' lang='lat' dir='ltr'><strong>appellarentur</strong></span> <span class='ocrx_word' id='word_1_694' title='bbox 2443 4374 2475 4427; x_wconf 91' lang='lat' dir='ltr'><strong>ii</strong></span> <span class='ocrx_word' id='word_1_695' title='bbox 2523 4376 2615 4444; x_wconf 88' lang='lat' dir='ltr'><strong>qui</strong></span> <span class='ocrx_word' id='word_1_696' title='bbox 2640 4375 2799 4443; x_wconf 88' lang='lat' dir='ltr'><strong>hujus</strong></span> <span class='ocrx_word' id='word_1_697' title='bbox 2833 4376 3033 4431; x_wconf 89' lang='lat' dir='ltr'><strong>donum</strong></span> <span class='ocrx_word' id='word_1_698' title='bbox 3067 4385 3193 4430; x_wconf 87' lang='lat' dir='ltr'><strong>sunt</strong></span> <span class='ocrx_word' id='word_1_699' title='bbox 3220 4351 3419 4445; x_wconf 79' lang='lat' dir='ltr'><strong>adepti.</strong></span> <span class='ocrx_word' id='word_1_700' title='bbox 3454 4370 3609 4441; x_wconf 84' lang='lat' dir='ltr'><strong>Quod</strong></span> 
     </span>
    </p>
   </div>
   <div class='ocr_carea' id='block_1_88' title="bbox 334 4443 1912 4523">
    <p class='ocr_par' dir='ltr' id='par_1_88' title="bbox 334 4443 1912 4523">
     <span class='ocr_line' id='line_1_88' title="bbox 334 4443 1912 4523; baseline 0.012 -34"><span class='ocrx_word' id='word_1_701' title='bbox 334 4443 822 4513; x_wconf 67' lang='grc' dir='ltr'>προσαγορευθεῖεν</span> <span class='ocrx_word' id='word_1_702' title='bbox 878 4445 1015 4499; x_wconf 89' lang='grc' dir='ltr'>Θεοῦ</span> <span class='ocrx_word' id='word_1_703' title='bbox 1062 4449 1111 4500; x_wconf 85' lang='grc' dir='ltr'>οἱ</span> <span class='ocrx_word' id='word_1_704' title='bbox 1158 4450 1256 4518; x_wconf 81' lang='grc' dir='ltr'>τῆς</span> <span class='ocrx_word' id='word_1_705' title='bbox 1306 4451 1495 4504; x_wconf 76' lang='grc' dir='ltr'>τούτου</span> <span class='ocrx_word' id='word_1_706' title='bbox 1549 4454 1912 4523; x_wconf 79' lang='grc' dir='ltr'>τυγχάνοντες</span> 
     </span>
    </p>
   </div>
   <div class='ocr_carea' id='block_1_89' title="bbox 328 4530 1911 4619">
    <p class='ocr_par' dir='ltr' id='par_1_89' title="bbox 328 4530 1911 4619">
     <span class='ocr_line' id='line_1_89' title="bbox 328 4530 1911 4619; baseline 0.011 -37"><span class='ocrx_word' id='word_1_707' title='bbox 328 4530 575 4600; x_wconf 73' lang='grc' dir='ltr'>δωρεᾶςο</span> <span class='ocrx_word' id='word_1_708' title='bbox 621 4536 669 4587; x_wconf 87' lang='grc' dir='ltr'><strong>εί</strong></span> <span class='ocrx_word' id='word_1_709' title='bbox 716 4535 771 4587; x_wconf 86' lang='grc' dir='ltr'>δὲ</span> <span class='ocrx_word' id='word_1_710' title='bbox 811 4538 928 4590; x_wconf 76' lang='grc' dir='ltr'>ναοὶ</span> <span class='ocrx_word' id='word_1_711' title='bbox 975 4538 1110 4592; x_wconf 89' lang='grc' dir='ltr'>Θεοῦ</span> <span class='ocrx_word' id='word_1_712' title='bbox 1156 4539 1532 4611; x_wconf 74' lang='grc' dir='ltr'>ὀνομάζονται,</span> <span class='ocrx_word' id='word_1_713' title='bbox 1574 4548 1623 4597; x_wconf 88' lang='grc' dir='ltr'>οἰ</span> <span class='ocrx_word' id='word_1_714' title='bbox 1678 4547 1911 4619; x_wconf 79' lang='grc' dir='ltr'>μερικῆς</span> 
     </span>
    </p>
   </div>
   <div class='ocr_carea' id='block_1_90' title="bbox 329 4621 1912 4703">
    <p class='ocr_par' dir='ltr' id='par_1_90' title="bbox 329 4621 1912 4703">
     <span class='ocr_line' id='line_1_90' title="bbox 329 4621 1912 4703; baseline 0.013 -33"><span class='ocrx_word' id='word_1_715' title='bbox 329 4621 473 4683; x_wconf 71' lang='grc' dir='ltr'>τινος</span> <span class='ocrx_word' id='word_1_716' title='bbox 514 4622 607 4674; x_wconf 72' lang='grc' dir='ltr'><strong>καὶ</strong></span> <span class='ocrx_word' id='word_1_717' title='bbox 648 4621 906 4693; x_wconf 80' lang='grc' dir='ltr'>βραχείας</span> <span class='ocrx_word' id='word_1_718' title='bbox 952 4629 1107 4698; x_wconf 85' lang='grc' dir='ltr'>παρὰ</span> <span class='ocrx_word' id='word_1_719' title='bbox 1133 4632 1324 4684; x_wconf 78' lang='grc' dir='ltr'>τούτου</span> <span class='ocrx_word' id='word_1_720' title='bbox 1364 4634 1585 4703; x_wconf 84' lang='grc' dir='ltr'>χάριτος</span> <span class='ocrx_word' id='word_1_721' title='bbox 1612 4637 1912 4691; x_wconf 81' lang='grc' dir='ltr'>ἀπολαῦον-</span> 
     </span>
    </p>
   </div>
   <div class='ocr_carea' id='block_1_91' title="bbox 329 4714 1907 4795">
    <p class='ocr_par' dir='ltr' id='par_1_91' title="bbox 329 4714 1907 4795">
     <span class='ocr_line' id='line_1_91' title="bbox 329 4714 1907 4795; baseline 0.015 -33"><span class='ocrx_word' id='word_1_722' title='bbox 329 4727 442 4775; x_wconf 86' lang='grc' dir='ltr'>τες,</span> <span class='ocrx_word' id='word_1_723' title='bbox 476 4714 539 4765; x_wconf 72' lang='grc' dir='ltr'>ἐκ</span> <span class='ocrx_word' id='word_1_724' title='bbox 572 4714 670 4785; x_wconf 82' lang='grc' dir='ltr'>τῆς</span> <span class='ocrx_word' id='word_1_725' title='bbox 702 4720 1075 4789; x_wconf 85' lang='grc' dir='ltr'>προσηγορίας</span> <span class='ocrx_word' id='word_1_726' title='bbox 1108 4722 1372 4792; x_wconf 85' lang='grc' dir='ltr'>νοήσομεν</span> <span class='ocrx_word' id='word_1_727' title='bbox 1418 4726 1515 4795; x_wconf 80' lang='grc' dir='ltr'>τὴν</span> <span class='ocrx_word' id='word_1_728' title='bbox 1562 4728 1907 4795; x_wconf 83' lang='grc' dir='ltr'>συγγένειαν.</span> 
     </span>
    </p>
   </div>
   <div class='ocr_carea' id='block_1_92' title="bbox 333 4802 1911 4891">
    <p class='ocr_par' dir='ltr' id='par_1_92' title="bbox 333 4802 1911 4891">
     <span class='ocr_line' id='line_1_92' title="bbox 333 4802 1911 4891; baseline 0.014 -39"><span class='ocrx_word' id='word_1_729' title='bbox 333 4802 502 4855; x_wconf 84' lang='grc' dir='ltr'>Ἰὀῦτο</span> <span class='ocrx_word' id='word_1_730' title='bbox 534 4803 627 4856; x_wconf 77' lang='grc' dir='ltr'>καὶ</span> <span class='ocrx_word' id='word_1_731' title='bbox 655 4804 761 4858; x_wconf 83' lang='grc' dir='ltr'>τῶν</span> <span class='ocrx_word' id='word_1_732' title='bbox 787 4808 1100 4863; x_wconf 79' lang='grc' dir='ltr'>ἀποστόλων</span> <span class='ocrx_word' id='word_1_733' title='bbox 1131 4815 1158 4865; x_wconf 82' lang='lat'><strong>6</strong></span> <span class='ocrx_word' id='word_1_734' title='bbox 1183 4814 1421 4883; x_wconf 77' lang='grc' dir='ltr'>κολοφὼν</span> <span class='ocrx_word' id='word_1_735' title='bbox 1444 4819 1502 4870; x_wconf 79' lang='grc' dir='ltr'><strong>ὲν</strong></span> <span class='ocrx_word' id='word_1_736' title='bbox 1523 4822 1642 4879; x_wconf 86' lang='grc' dir='ltr'>ταῖς</span> <span class='ocrx_word' id='word_1_737' title='bbox 1672 4819 1911 4891; x_wconf 79' lang='grc' dir='ltr'>Πράξεσι</span> 
     </span>
    </p>
   </div>
   <div class='ocr_carea' id='block_1_93' title="bbox 330 4891 1697 4981">
    <p class='ocr_par' dir='ltr' id='par_1_93' title="bbox 330 4891 1697 4981">
     <span class='ocr_line' id='line_1_93' title="bbox 330 4891 1697 4981; baseline 0.015 -36"><span class='ocrx_word' id='word_1_738' title='bbox 330 4891 592 4957; x_wconf 75' lang='grc' dir='ltr'>διδάσκει,</span> <span class='ocrx_word' id='word_1_739' title='bbox 626 4896 719 4951; x_wconf 89' lang='grc' dir='ltr'><strong>τοῦ</strong></span> <span class='ocrx_word' id='word_1_740' title='bbox 756 4898 998 4955; x_wconf 81' lang='grc' dir='ltr'>Ἀνανίου</span> <span class='ocrx_word' id='word_1_741' title='bbox 1020 4904 1118 4973; x_wconf 76' lang='grc' dir='ltr'>την</span> <span class='ocrx_word' id='word_1_742' title='bbox 1151 4905 1359 4978; x_wconf 80' lang='grc' dir='ltr'>κλοπὴν</span> <span class='ocrx_word' id='word_1_743' title='bbox 1386 4908 1697 4981; x_wconf 75' lang='grc' dir='ltr'>διελέγχων.</span> 
     </span>
    </p>
   </div>
   <div class='ocr_carea' id='block_1_94' title="bbox 336 5044 1914 5136">
    <p class='ocr_par' dir='ltr' id='par_1_94' title="bbox 336 5044 1914 5136">
     <span class='ocr_line' id='line_1_94' title="bbox 336 5044 1914 5136; baseline 0.015 -39"><span class='ocrx_word' id='word_1_744' title='bbox 336 5044 463 5099; x_wconf 80' lang='lat' dir='ltr'><strong>KE’.</strong></span> <span class='ocrx_word' id='word_1_745' title='bbox 505 5046 633 5101; x_wconf 86' lang='grc' dir='ltr'>Ὀτι</span> <span class='ocrx_word' id='word_1_746' title='bbox 675 5050 772 5103; x_wconf 76' lang='grc' dir='ltr'><strong>καί</strong></span> <span class='ocrx_word' id='word_1_747' title='bbox 812 5054 845 5131; x_wconf 67' lang='lat' dir='ltr'><strong>d</strong></span> <span class='ocrx_word' id='word_1_748' title='bbox 894 5055 1218 5136; x_wconf 54' lang='grc' dir='ltr'>θεσπέσιος</span> <span class='ocrx_word' id='word_1_749' title='bbox 1260 5057 1481 5136; x_wconf 58' lang='grc' dir='ltr'>Πέτρος</span> <span class='ocrx_word' id='word_1_750' title='bbox 1502 5061 1747 5129; x_wconf 75' lang='grc' dir='ltr'><strong>συνῳδὰ</strong></span> <span class='ocrx_word' id='word_1_751' title='bbox 1777 5068 1914 5136; x_wconf 77' lang='grc' dir='ltr'>περὶ</span> 
     </span>
    </p>
   </div>
   <div class='ocr_carea' id='block_1_95' title="bbox 742 5126 1509 5198">
    <p class='ocr_par' dir='ltr' id='par_1_95' title="bbox 742 5126 1509 5198">
     <span class='ocr_line' id='line_1_95' title="bbox 742 5126 1509 5198; baseline 0.013 -25"><span class='ocrx_word' id='word_1_752' title='bbox 742 5126 847 5175; x_wconf 85' lang='grc' dir='ltr'><strong>τοῦ</strong></span> <span class='ocrx_word' id='word_1_753' title='bbox 885 5126 1229 5193; x_wconf 83' lang='grc' dir='ltr'>Ιινεύματος</span> <span class='ocrx_word' id='word_1_754' title='bbox 1254 5128 1509 5198; x_wconf 78' lang='grc' dir='ltr'>δέκεται.</span> 
     </span>
    </p>
   </div>
   <div class='ocr_carea' id='block_1_96' title="bbox 412 5230 1913 5315">
    <p class='ocr_par' dir='ltr' id='par_1_96' title="bbox 412 5230 1913 5315">
     <span class='ocr_line' id='line_1_96' title="bbox 412 5230 1913 5315; baseline 0.015 -35"><span class='ocrx_word' id='word_1_755' title='bbox 412 5246 431 5279; x_wconf 80' lang='lat' dir='ltr'><strong>t</strong></span> <span class='ocrx_word' id='word_1_756' title='bbox 477 5230 715 5297; x_wconf 78' lang='grc' dir='ltr'>Ἀνανία,</span> <span class='ocrx_word' id='word_1_757' title='bbox 740 5235 872 5307; x_wconf 80' lang='grc' dir='ltr'>γάρ,</span> <span class='ocrx_word' id='word_1_758' title='bbox 907 5241 1091 5308; x_wconf 79' lang='grc' dir='ltr'>φησὶν,</span> <span class='ocrx_word' id='word_1_759' title='bbox 1124 5242 1207 5293; x_wconf 80' lang='grc' dir='ltr'>ἵνα</span> <span class='ocrx_word' id='word_1_760' title='bbox 1244 5244 1296 5295; x_wconf 86' lang='grc' dir='ltr'><strong>τί</strong></span> <span class='ocrx_word' id='word_1_761' title='bbox 1324 5246 1603 5314; x_wconf 72' lang='grc' dir='ltr'>ἡπάτησεν</span> <span class='ocrx_word' id='word_1_762' title='bbox 1626 5248 1653 5299; x_wconf 86' lang='lat'><strong>6</strong></span> <span class='ocrx_word' id='word_1_763' title='bbox 1673 5248 1913 5315; x_wconf 73' lang='grc' dir='ltr'>Σατανᾶς</span> 
     </span>
    </p>
   </div>
   <div class='ocr_carea' id='block_1_97' title="bbox 2017 4463 3606 4550">
    <p class='ocr_par' dir='ltr' id='par_1_97' title="bbox 2017 4463 3606 4550">
     <span class='ocr_line' id='line_1_97' title="bbox 2017 4463 3606 4550; baseline 0.002 -33"><span class='ocrx_word' id='word_1_764' title='bbox 2017 4463 2061 4517; x_wconf 88' lang='lat' dir='ltr'><strong>si</strong></span> <span class='ocrx_word' id='word_1_765' title='bbox 2098 4463 2292 4532; x_wconf 81' lang='lat' dir='ltr'><strong>templa</strong></span> <span class='ocrx_word' id='word_1_766' title='bbox 2327 4463 2417 4518; x_wconf 90' lang='lat' dir='ltr'><strong>Dei</strong></span> <span class='ocrx_word' id='word_1_767' title='bbox 2460 4467 2799 4535; x_wconf 84' lang='lat' dir='ltr'><strong>appellantur</strong></span> <span class='ocrx_word' id='word_1_768' title='bbox 2838 4468 2927 4536; x_wconf 89' lang='lat' dir='ltr'><strong>qui</strong></span> <span class='ocrx_word' id='word_1_769' title='bbox 2967 4476 3121 4550; x_wconf 80' lang='lat' dir='ltr'><strong>parte</strong></span> <span class='ocrx_word' id='word_1_770' title='bbox 3153 4466 3357 4537; x_wconf 79' lang='lat' dir='ltr'><strong>aliqua,</strong></span> <span class='ocrx_word' id='word_1_771' title='bbox 3401 4477 3455 4519; x_wconf 90' lang='lat' dir='ltr'><strong>et</strong></span> <span class='ocrx_word' id='word_1_772' title='bbox 3484 4466 3606 4535; x_wconf 90' lang='lat' dir='ltr'><strong>qui-</strong></span> 
     </span>
    </p>
   </div>
   <div class='ocr_carea' id='block_1_98' title="bbox 2026 4553 3612 4627">
    <p class='ocr_par' dir='ltr' id='par_1_98' title="bbox 2026 4553 3612 4627">
     <span class='ocr_line' id='line_1_98' title="bbox 2026 4553 3612 4627; baseline 0.003 -20"><span class='ocrx_word' id='word_1_773' title='bbox 2026 4553 2147 4607; x_wconf 86' lang='lat' dir='ltr'><strong>dem</strong></span> <span class='ocrx_word' id='word_1_774' title='bbox 2174 4555 2391 4624; x_wconf 73' lang='lat' dir='ltr'><strong>exigua,</strong></span> <span class='ocrx_word' id='word_1_775' title='bbox 2446 4558 2631 4627; x_wconf 71' lang='lat' dir='ltr'><strong>gratia:</strong></span> <span class='ocrx_word' id='word_1_776' title='bbox 2674 4560 2789 4627; x_wconf 75' lang='lat' dir='ltr'><strong>ejus</strong></span> <span class='ocrx_word' id='word_1_777' title='bbox 2842 4568 3087 4623; x_wconf 87' lang='lat' dir='ltr'><strong>utuntur,</strong></span> <span class='ocrx_word' id='word_1_778' title='bbox 3140 4558 3207 4613; x_wconf 92' lang='lat' dir='ltr'><strong>de</strong></span> <span class='ocrx_word' id='word_1_779' title='bbox 3258 4556 3612 4627; x_wconf 81' lang='lat' dir='ltr'><strong>appellatione</strong></span> 
     </span>
    </p>
   </div>
   <div class='ocr_carea' id='block_1_99' title="bbox 2016 4645 3607 4719">
    <p class='ocr_par' dir='ltr' id='par_1_99' title="bbox 2016 4645 3607 4719">
     <span class='ocr_line' id='line_1_99' title="bbox 2016 4645 3607 4719; baseline 0.004 -23"><span class='ocrx_word' id='word_1_780' title='bbox 2016 4645 2406 4701; x_wconf 65' lang='lat' dir='ltr'><strong>aestimabimus</strong></span> <span class='ocrx_word' id='word_1_781' title='bbox 2438 4651 2771 4704; x_wconf 85' lang='lat' dir='ltr'><strong>consortium</strong></span> <span class='ocrx_word' id='word_1_782' title='bbox 2802 4650 2939 4718; x_wconf 83' lang='lat' dir='ltr'><strong>ejus.</strong></span> <span class='ocrx_word' id='word_1_783' title='bbox 2984 4650 3119 4706; x_wconf 80' lang='lat' dir='ltr'><strong>Rem</strong></span> <span class='ocrx_word' id='word_1_784' title='bbox 3164 4652 3303 4705; x_wconf 86' lang='lat' dir='ltr'><strong>hanc</strong></span> <span class='ocrx_word' id='word_1_785' title='bbox 3330 4648 3607 4719; x_wconf 83' lang='lat' dir='ltr'><strong>apostolo-</strong></span> 
     </span>
    </p>
   </div>
   <div class='ocr_carea' id='block_1_100' title="bbox 2021 4738 3610 4807">
    <p class='ocr_par' dir='ltr' id='par_1_100' title="bbox 2021 4738 3610 4807">
     <span class='ocr_line' id='line_1_100' title="bbox 2021 4738 3610 4807; baseline 0.004 -21"><span class='ocrx_word' id='word_1_786' title='bbox 2021 4749 2138 4789; x_wconf 90' lang='lat' dir='ltr'><strong>rum</strong></span> <span class='ocrx_word' id='word_1_787' title='bbox 2173 4752 2387 4806; x_wconf 86' lang='lat' dir='ltr'><strong>quoque</strong></span> <span class='ocrx_word' id='word_1_788' title='bbox 2448 4754 2583 4807; x_wconf 79' lang='lat' dir='ltr'><strong>apex</strong></span> <span class='ocrx_word' id='word_1_789' title='bbox 2637 4741 2691 4794; x_wconf 93' lang='lat' dir='ltr'><strong>iu</strong></span> <span class='ocrx_word' id='word_1_790' title='bbox 2741 4738 2967 4797; x_wconf 77' lang='lat' dir='ltr'><strong>Actibus</strong></span> <span class='ocrx_word' id='word_1_791' title='bbox 3018 4741 3199 4805; x_wconf 82' lang='lat' dir='ltr'><strong>docet,</strong></span> <span class='ocrx_word' id='word_1_792' title='bbox 3234 4740 3359 4796; x_wconf 90' lang='lat' dir='ltr'><strong>dum</strong></span> <span class='ocrx_word' id='word_1_793' title='bbox 3386 4740 3610 4794; x_wconf 66' lang='lat' dir='ltr'><strong>Ananiae</strong></span> 
     </span>
    </p>
   </div>
   <div class='ocr_carea' id='block_1_101' title="bbox 2019 4824 2519 4900">
    <p class='ocr_par' dir='ltr' id='par_1_101' title="bbox 2019 4824 2519 4900">
     <span class='ocr_line' id='line_1_101' title="bbox 2019 4824 2519 4900; baseline 0.014 -22"><span class='ocrx_word' id='word_1_794' title='bbox 2019 4824 2219 4881; x_wconf 79' lang='lat' dir='ltr'><strong>furtum</strong></span> <span class='ocrx_word' id='word_1_795' title='bbox 2252 4833 2519 4900; x_wconf 78' lang='lat' dir='ltr'><strong>coarguit.</strong></span> 
     </span>
    </p>
   </div>
   <div class='ocr_carea' id='block_1_102' title="bbox 2026 5067 3605 5146">
    <p class='ocr_par' dir='ltr' id='par_1_102' title="bbox 2026 5067 3605 5146">
     <span class='ocr_line' id='line_1_102' title="bbox 2026 5067 3605 5146; baseline 0.005 -25"><span class='ocrx_word' id='word_1_796' title='bbox 2026 5067 2191 5125; x_wconf 65' lang='lat' dir='ltr'><strong>XXV.</strong></span> <span class='ocrx_word' id='word_1_797' title='bbox 2221 5070 2375 5137; x_wconf 78' lang='lat' dir='ltr'><strong>Quod</strong></span> <span class='ocrx_word' id='word_1_798' title='bbox 2402 5076 2560 5129; x_wconf 77' lang='lat' dir='ltr'><strong>etiam</strong></span> <span class='ocrx_word' id='word_1_799' title='bbox 2590 5079 2744 5132; x_wconf 74' lang='lat' dir='ltr'><strong>diuus</strong></span> <span class='ocrx_word' id='word_1_800' title='bbox 2771 5076 2958 5132; x_wconf 75' lang='lat' dir='ltr'><strong>Petrus</strong></span> <span class='ocrx_word' id='word_1_801' title='bbox 2990 5092 3274 5132; x_wconf 70' lang='lat' dir='ltr'><strong>consonam</strong></span> <span class='ocrx_word' id='word_1_802' title='bbox 3307 5076 3371 5131; x_wconf 78' lang='lat' dir='ltr'><strong>de</strong></span> <span class='ocrx_word' id='word_1_803' title='bbox 3405 5075 3605 5146; x_wconf 72' lang='lat' dir='ltr'><strong>Spiritu</strong></span> 
     </span>
    </p>
   </div>
   <div class='ocr_carea' id='block_1_103' title="bbox 2470 5149 3177 5219">
    <p class='ocr_par' dir='ltr' id='par_1_103' title="bbox 2470 5149 3177 5219">
     <span class='ocr_line' id='line_1_103' title="bbox 2470 5149 3177 5219; baseline 0.004 -20"><span class='ocrx_word' id='word_1_804' title='bbox 2470 5158 2649 5201; x_wconf 74' lang='lat' dir='ltr'><strong>saucio</strong></span> <span class='ocrx_word' id='word_1_805' title='bbox 2679 5149 2814 5219; x_wconf 81' lang='lat' dir='ltr'><strong>gerit</strong></span> <span class='ocrx_word' id='word_1_806' title='bbox 2842 5150 3177 5203; x_wconf 78' lang='lat' dir='ltr'><strong>sententiam.</strong></span> 
     </span>
    </p>
   </div>
   <div class='ocr_carea' id='block_1_104' title="bbox 2093 5255 3605 5327">
    <p class='ocr_par' dir='ltr' id='par_1_104' title="bbox 2093 5255 3605 5327">
     <span class='ocr_line' id='line_1_104' title="bbox 2093 5255 3605 5327; baseline 0.005 -23"><span class='ocrx_word' id='word_1_807' title='bbox 2093 5271 2113 5303; x_wconf 73' lang='grc' dir='ltr'><strong><em>ο</em></strong></span> <span class='ocrx_word' id='word_1_808' title='bbox 2151 5255 2386 5319; x_wconf 77' lang='lat' dir='ltr'><strong>Auania,</strong></span> <span class='ocrx_word' id='word_1_809' title='bbox 2425 5258 2597 5327; x_wconf 81' lang='lat' dir='ltr'><strong>inquit</strong></span> <span class='ocrx_word' id='word_1_810' title='bbox 2624 5260 2807 5325; x_wconf 86' lang='lat' dir='ltr'><strong>enim,</strong></span> <span class='ocrx_word' id='word_1_811' title='bbox 2854 5274 2954 5314; x_wconf 91' lang='lat' dir='ltr'><strong>cur</strong></span> <span class='ocrx_word' id='word_1_812' title='bbox 2978 5259 3192 5314; x_wconf 70' lang='lat' dir='ltr'><strong>seduxit</strong></span> <span class='ocrx_word' id='word_1_813' title='bbox 3229 5257 3462 5313; x_wconf 82' lang='lat' dir='ltr'><strong>Satanas</strong></span> <span class='ocrx_word' id='word_1_814' title='bbox 3510 5270 3605 5312; x_wconf 81' lang='lat' dir='ltr'><strong>cor</strong></span> 
     </span>
    </p>
   </div>
   <div class='ocr_carea' id='block_1_105' title="bbox 409 5386 1910 5479">
    <p class='ocr_par' dir='ltr' id='par_1_105' title="bbox 409 5386 1910 5469">
     <span class='ocr_line' id='line_1_105' title="bbox 409 5386 1910 5469; baseline 0.01 -27"><span class='ocrx_word' id='word_1_815' title='bbox 409 5386 492 5443; x_wconf 78' lang='grc' dir='ltr'><strong>’Ἰ</strong></span> <span class='ocrx_word' id='word_1_816' title='bbox 522 5391 629 5445; x_wconf 73' lang='lat' dir='ltr'><strong>Cor</strong></span> <span class='ocrx_word' id='word_1_817' title='bbox 654 5405 711 5455; x_wconf 91' lang='grc' dir='ltr'><strong>ιι,</strong></span> <span class='ocrx_word' id='word_1_818' title='bbox 742 5392 918 5447; x_wconf 67' lang='grc'><strong>12-16.</strong></span> <span class='ocrx_word' id='word_1_819' title='bbox 995 5396 1036 5425; x_wconf 82' lang='grc'><strong>⁶⁷</strong></span> <span class='ocrx_word' id='word_1_820' title='bbox 1059 5396 1072 5447; x_wconf 95' lang='lat' dir='ltr'><strong>l</strong></span> <span class='ocrx_word' id='word_1_821' title='bbox 1098 5396 1206 5451; x_wconf 83' lang='lat' dir='ltr'><strong>Cor</strong></span> <span class='ocrx_word' id='word_1_822' title='bbox 1234 5413 1307 5464; x_wconf 79' lang='grc' dir='ltr'>γι,</span> <span class='ocrx_word' id='word_1_823' title='bbox 1346 5400 1426 5455; x_wconf 88' lang='lat' dir='ltr'><strong>ll.</strong></span> <span class='ocrx_word' id='word_1_824' title='bbox 1504 5402 1549 5431; x_wconf 84' lang='lat'>“</span> <span class='ocrx_word' id='word_1_825' title='bbox 1586 5402 1713 5456; x_wconf 83' lang='lat' dir='ltr'><strong>ibid.</strong></span> <span class='ocrx_word' id='word_1_826' title='bbox 1757 5406 1841 5469; x_wconf 86' lang='lat' dir='ltr'><strong>I9,</strong></span> <span class='ocrx_word' id='word_1_827' title='bbox 1872 5406 1910 5457; x_wconf 63' lang='lat'><strong>2</strong></span> 
     </span>
    </p>
   </div>
   <div class='ocr_carea' id='block_1_106' title="bbox 2016 5386 2637 5479">
    <p class='ocr_par' dir='ltr' id='par_1_106' title="bbox 2049 5408 2637 5479">
     <span class='ocr_line' id='line_1_106' title="bbox 2049 5408 2637 5479; baseline 0.015 -19"><span class='ocrx_word' id='word_1_828' title='bbox 2049 5408 2091 5439; x_wconf 84' lang='grc'><strong>⁶⁹</strong></span> <span class='ocrx_word' id='word_1_829' title='bbox 2131 5408 2300 5465; x_wconf 79' lang='lat' dir='ltr'><strong>ICor.</strong></span> <span class='ocrx_word' id='word_1_830' title='bbox 2326 5427 2409 5475; x_wconf 84' lang='grc' dir='ltr'>ιιι,</span> <span class='ocrx_word' id='word_1_831' title='bbox 2438 5413 2523 5479; x_wconf 75' lang='grc'><strong>16,</strong></span> <span class='ocrx_word' id='word_1_832' title='bbox 2554 5411 2637 5470; x_wconf 81' lang='lat' dir='ltr'><strong>l7.</strong></span> 
     </span>
    </p>
   </div>
   <div class='ocr_carea' id='block_1_107' title="bbox 339 5642 405 5703">
    <p class='ocr_par' dir='ltr' id='par_1_107' title="bbox 339 5642 405 5703">
     <span class='ocr_line' id='line_1_107' title="bbox 339 5642 405 5703; baseline 0 0"><span class='ocrx_word' id='word_1_833' title='bbox 339 5642 405 5703; x_wconf 77' lang='grc' dir='ltr'><strong>νή</strong></span> 
     </span>
    </p>
   </div>
   <div class='ocr_carea' id='block_1_108' title="bbox 411 5676 1909 5793">
    <p class='ocr_par' dir='ltr' id='par_1_108' title="bbox 411 5676 1909 5793">
     <span class='ocr_line' id='line_1_108' title="bbox 411 5676 1909 5793; baseline 0.011 -32"><span class='ocrx_word' id='word_1_834' title='bbox 411 5676 488 5780; x_wconf 59' lang='grc' dir='ltr'><strong>ἃ)</strong></span> <span class='ocrx_word' id='word_1_835' title='bbox 535 5709 630 5770; x_wconf 78' lang='lat' dir='ltr'><strong>llic</strong></span> <span class='ocrx_word' id='word_1_836' title='bbox 667 5713 718 5768; x_wconf 85' lang='lat' dir='ltr'><strong>iu</strong></span> <span class='ocrx_word' id='word_1_837' title='bbox 748 5713 867 5769; x_wconf 82' lang='lat' dir='ltr'><strong>cod.</strong></span> <span class='ocrx_word' id='word_1_838' title='bbox 903 5714 1094 5771; x_wconf 83' lang='lat' dir='ltr'><strong>iterum</strong></span> <span class='ocrx_word' id='word_1_839' title='bbox 1125 5716 1377 5773; x_wconf 79' lang='lat' dir='ltr'><strong>inseritur</strong></span> <span class='ocrx_word' id='word_1_840' title='bbox 1410 5718 1504 5772; x_wconf 72' lang='grc' dir='ltr'>καὶ</span> <span class='ocrx_word' id='word_1_841' title='bbox 1535 5719 1591 5771; x_wconf 80' lang='grc' dir='ltr'>τὸ</span> <span class='ocrx_word' id='word_1_842' title='bbox 1618 5721 1775 5793; x_wconf 67' lang='grc' dir='ltr'>μόνον</span> <span class='ocrx_word' id='word_1_843' title='bbox 1803 5723 1909 5776; x_wconf 86' lang='grc' dir='ltr'>Πα-</span> 
     </span>
    </p>
   </div>
   <div class='ocr_carea' id='block_1_109' title="bbox 414 5565 1910 5665">
    <p class='ocr_par' dir='ltr' id='par_1_109' title="bbox 414 5565 1910 5649">
     <span class='ocr_line' id='line_1_109' title="bbox 414 5565 1910 5649; baseline 0.009 -27"><span class='ocrx_word' id='word_1_844' title='bbox 414 5565 489 5637; x_wconf 72' lang='lat' dir='ltr'><strong>(l)</strong></span> <span class='ocrx_word' id='word_1_845' title='bbox 528 5568 659 5625; x_wconf 85' lang='lat' dir='ltr'><strong>Cod.</strong></span> <span class='ocrx_word' id='word_1_846' title='bbox 688 5574 943 5628; x_wconf 83' lang='lat' dir='ltr'><strong>mendose</strong></span> <span class='ocrx_word' id='word_1_847' title='bbox 973 5576 998 5625; x_wconf 79' lang='grc' dir='ltr'><strong>ὀ</strong></span> <span class='ocrx_word' id='word_1_848' title='bbox 1038 5578 1353 5646; x_wconf 73' lang='grc' dir='ltr'>μονογενής,</span> <span class='ocrx_word' id='word_1_849' title='bbox 1384 5578 1461 5632; x_wconf 70' lang='lat' dir='ltr'><strong>vel</strong></span> <span class='ocrx_word' id='word_1_850' title='bbox 1494 5590 1637 5633; x_wconf 78' lang='lat' dir='ltr'><strong>certe</strong></span> <span class='ocrx_word' id='word_1_851' title='bbox 1660 5583 1910 5649; x_wconf 79' lang='grc' dir='ltr'>ὀμονογε-</span> 
     </span>
    </p>
   </div>
   <div class='ocr_carea' id='block_1_110' title="bbox 2016 5565 3599 5665">
    <p class='ocr_par' dir='ltr' id='par_1_110' title="bbox 2016 5590 3599 5665">
     <span class='ocr_line' id='line_1_110' title="bbox 2016 5590 3599 5665; baseline 0.005 -22"><span class='ocrx_word' id='word_1_852' title='bbox 2016 5590 2138 5665; x_wconf 61' lang='lat' dir='ltr'><strong>ripe</strong></span> <span class='ocrx_word' id='word_1_853' title='bbox 2169 5590 2476 5665; x_wconf 75' lang='grc' dir='ltr'>γινώσκων,</span> <span class='ocrx_word' id='word_1_854' title='bbox 2517 5597 2659 5665; x_wconf 83' lang='lat' dir='ltr'><strong>quod</strong></span> <span class='ocrx_word' id='word_1_855' title='bbox 2696 5596 3010 5653; x_wconf 72' lang='lat' dir='ltr'><strong>mendosum</strong></span> <span class='ocrx_word' id='word_1_856' title='bbox 3044 5595 3214 5651; x_wconf 82' lang='lat' dir='ltr'><strong>visum</strong></span> <span class='ocrx_word' id='word_1_857' title='bbox 3264 5602 3347 5649; x_wconf 87' lang='lat' dir='ltr'><strong>cst</strong></span> <span class='ocrx_word' id='word_1_858' title='bbox 3408 5602 3466 5651; x_wconf 83' lang='lat' dir='ltr'><strong>et</strong></span> <span class='ocrx_word' id='word_1_859' title='bbox 3497 5608 3599 5651; x_wconf 78' lang='lat' dir='ltr'><strong>cx-</strong></span> 
     </span>
    </p>
   </div>
   <div class='ocr_carea' id='block_1_111' title="bbox 2011 5658 2353 5716">
    <p class='ocr_par' dir='ltr' id='par_1_111' title="bbox 2011 5658 2353 5716">
     <span class='ocr_line' id='line_1_111' title="bbox 2011 5658 2353 5716; baseline 0.009 -4"><span class='ocrx_word' id='word_1_860' title='bbox 2011 5658 2353 5716; x_wconf 83' lang='lat' dir='ltr'><strong>cludendqu.</strong></span> 
     </span>
    </p>
   </div>
  </div>
