  <div class='ocr_page' id='page_1' title='image "/cluster/home/n/w/nwhite01/storage/ocr_20150623/75/pst.000005712748/619.png"; bbox 0 0 4036 6336; ppageno 0'>
   <div class='ocr_carea' id='block_1_1' title="bbox 548 384 687 442">
    <p class='ocr_par' dir='ltr' id='par_1_1' title="bbox 548 384 687 442">
     <span class='ocr_line' id='line_1_1' title="bbox 548 384 687 442; baseline 0 0"><span class='ocrx_word' id='word_1_1' title='bbox 548 384 687 442; x_wconf 73' lang='lat' dir='ltr'>H83</span> 
     </span>
    </p>
   </div>
   <div class='ocr_carea' id='block_1_2' title="bbox 1536 365 2777 435">
    <p class='ocr_par' dir='ltr' id='par_1_2' title="bbox 1536 365 2777 435">
     <span class='ocr_line' id='line_1_2' title="bbox 1536 365 2777 435; baseline -0.01 -2"><span class='ocrx_word' id='word_1_2' title='bbox 1536 377 1599 435; x_wconf 82' lang='lat'><strong>8.</strong></span> <span class='ocrx_word' id='word_1_3' title='bbox 1639 374 1913 433; x_wconf 69' lang='lat' dir='ltr'>CTRILLI</span> <span class='ocrx_word' id='word_1_4' title='bbox 1950 368 2418 430; x_wconf 72' lang='lat' dir='ltr'>ALEXANDRINI</span> <span class='ocrx_word' id='word_1_5' title='bbox 2460 365 2777 423; x_wconf 75' lang='lat' dir='ltr'><strong>ABCHIEP.</strong></span> 
     </span>
    </p>
   </div>
   <div class='ocr_carea' id='block_1_3' title="bbox 3646 360 3779 417">
    <p class='ocr_par' dir='ltr' id='par_1_3' title="bbox 3646 360 3779 417">
     <span class='ocr_line' id='line_1_3' title="bbox 3646 360 3779 417; baseline -0.015 0"><span class='ocrx_word' id='word_1_6' title='bbox 3646 360 3779 417; x_wconf 66' lang='lat' dir='ltr'><strong>HN</strong></span> 
     </span>
    </p>
   </div>
   <div class='ocr_carea' id='block_1_4' title="bbox 546 480 2095 569">
    <p class='ocr_par' dir='ltr' id='par_1_4' title="bbox 546 496 2095 569">
     <span class='ocr_line' id='line_1_4' title="bbox 546 496 2095 569; baseline -0.003 -13"><span class='ocrx_word' id='word_1_7' title='bbox 546 514 694 557; x_wconf 87' lang='lat' dir='ltr'><strong>tuum</strong></span> <span class='ocrx_word' id='word_1_8' title='bbox 727 511 784 558; x_wconf 94' lang='lat' dir='ltr'><strong>ut</strong></span> <span class='ocrx_word' id='word_1_9' title='bbox 810 501 1012 568; x_wconf 84' lang='lat' dir='ltr'><strong>Spiritu</strong></span> <span class='ocrx_word' id='word_1_10' title='bbox 1038 510 1227 556; x_wconf 88' lang='lat' dir='ltr'><strong>sancto</strong></span> <span class='ocrx_word' id='word_1_11' title='bbox 1251 500 1578 565; x_wconf 88' lang='lat' dir='ltr'><strong>mentireris,</strong></span> <span class='ocrx_word' id='word_1_12' title='bbox 1606 509 1661 554; x_wconf 92' lang='lat' dir='ltr'><strong>et</strong></span> <span class='ocrx_word' id='word_1_13' title='bbox 1697 502 1763 553; x_wconf 87' lang='lat' dir='ltr'>de</span> <span class='ocrx_word' id='word_1_14' title='bbox 1788 498 1899 569; x_wconf 65' lang='lat' dir='ltr'><strong>agri</strong></span> <span class='ocrx_word' id='word_1_15' title='bbox 1932 496 2095 565; x_wconf 84' lang='lat' dir='ltr'><strong>pretia</strong></span> 
     </span>
    </p>
   </div>
   <div class='ocr_carea' id='block_1_5' title="bbox 2197 480 3777 569">
    <p class='ocr_par' dir='ltr' id='par_1_5' title="bbox 2200 480 3777 561">
     <span class='ocr_line' id='line_1_5' title="bbox 2200 480 3777 561; baseline -0.008 -17"><span class='ocrx_word' id='word_1_16' title='bbox 2200 491 2299 561; x_wconf 78' lang='grc' dir='ltr'>τὴν</span> <span class='ocrx_word' id='word_1_17' title='bbox 2332 489 2559 560; x_wconf 90' lang='grc' dir='ltr'>καρδίαν</span> <span class='ocrx_word' id='word_1_18' title='bbox 2607 506 2701 543; x_wconf 87' lang='grc' dir='ltr'>σου</span> <span class='ocrx_word' id='word_1_19' title='bbox 2743 486 3054 557; x_wconf 80' lang='grc' dir='ltr'>ψεύσασθαι</span> <span class='ocrx_word' id='word_1_20' title='bbox 3090 486 3153 541; x_wconf 82' lang='grc' dir='ltr'>τὸ</span> <span class='ocrx_word' id='word_1_21' title='bbox 3198 487 3353 554; x_wconf 72' lang='grc' dir='ltr'>ἅγιον</span> <span class='ocrx_word' id='word_1_22' title='bbox 3393 480 3639 552; x_wconf 85' lang='grc' dir='ltr'>Πνεῦμα,</span> <span class='ocrx_word' id='word_1_23' title='bbox 3688 482 3777 535; x_wconf 73' lang='grc' dir='ltr'>καὶ</span> 
     </span>
    </p>
   </div>
   <div class='ocr_carea' id='block_1_6' title="bbox 546 588 2109 663">
    <p class='ocr_par' dir='ltr' id='par_1_6' title="bbox 546 588 2109 663">
     <span class='ocr_line' id='line_1_6' title="bbox 546 588 2109 663; baseline -0.003 -16"><span class='ocrx_word' id='word_1_24' title='bbox 546 595 821 648; x_wconf 80' lang='lat' dir='ltr'><strong>fraudares</strong></span> <span class='ocrx_word' id='word_1_25' title='bbox 841 594 887 625; x_wconf 85' lang='lat'>&quot;</span> <span class='ocrx_word' id='word_1_26' title='bbox 912 593 937 646; x_wconf 71' lang='grc' dir='ltr'><strong><em>τ</em></strong></span> <span class='ocrx_word' id='word_1_27' title='bbox 982 612 1002 645; x_wconf 79' lang='lat' dir='ltr'><strong>s</strong></span> <span class='ocrx_word' id='word_1_28' title='bbox 1034 591 1099 647; x_wconf 81' lang='grc' dir='ltr'>Ει</span> <span class='ocrx_word' id='word_1_29' title='bbox 1124 608 1245 648; x_wconf 77' lang='lat' dir='ltr'><strong>mox</strong></span> <span class='ocrx_word' id='word_1_30' title='bbox 1278 612 1293 647; x_wconf 74' lang='grc' dir='ltr'>ε</span> <span class='ocrx_word' id='word_1_31' title='bbox 1322 591 1597 663; x_wconf 57' lang='grc' dir='ltr'>Ὶοεπυ</span> <span class='ocrx_word' id='word_1_32' title='bbox 1623 590 1738 645; x_wconf 84' lang='lat' dir='ltr'><strong>Non</strong></span> <span class='ocrx_word' id='word_1_33' title='bbox 1765 606 1823 645; x_wconf 83' lang='lat' dir='ltr'><strong>es</strong></span> <span class='ocrx_word' id='word_1_34' title='bbox 1854 588 2109 644; x_wconf 75' lang='lat' dir='ltr'><strong>mentitus</strong></span> 
     </span>
    </p>
   </div>
   <div class='ocr_carea' id='block_1_7' title="bbox 2212 570 3781 649">
    <p class='ocr_par' dir='ltr' id='par_1_7' title="bbox 2212 570 3781 649">
     <span class='ocr_line' id='line_1_7' title="bbox 2212 570 3781 649; baseline -0.008 -14"><span class='ocrx_word' id='word_1_35' title='bbox 2212 579 2566 649; x_wconf 77' lang='grc' dir='ltr'>νοσφίσασθαι</span> <span class='ocrx_word' id='word_1_36' title='bbox 2614 596 2673 631; x_wconf 87' lang='grc' dir='ltr'>σε</span> <span class='ocrx_word' id='word_1_37' title='bbox 2718 578 2825 630; x_wconf 83' lang='grc' dir='ltr'>ἀπὸ</span> <span class='ocrx_word' id='word_1_38' title='bbox 2870 578 2971 646; x_wconf 84' lang='grc' dir='ltr'>τῆς</span> <span class='ocrx_word' id='word_1_39' title='bbox 3014 576 3180 647; x_wconf 85' lang='grc' dir='ltr'>τιμῆς</span> <span class='ocrx_word' id='word_1_40' title='bbox 3214 574 3309 628; x_wconf 87' lang='grc' dir='ltr'>τοῦ</span> <span class='ocrx_word' id='word_1_41' title='bbox 3340 573 3575 644; x_wconf 84' lang='grc' dir='ltr'>χωρίου;</span> <span class='ocrx_word' id='word_1_42' title='bbox 3613 590 3633 623; x_wconf 79' lang='lat' dir='ltr'>s</span> <span class='ocrx_word' id='word_1_43' title='bbox 3671 570 3781 624; x_wconf 76' lang='grc' dir='ltr'>Καὶ</span> 
     </span>
    </p>
   </div>
   <div class='ocr_carea' id='block_1_8' title="bbox 544 660 2095 751">
    <p class='ocr_par' dir='ltr' id='par_1_8' title="bbox 544 660 2095 751">
     <span class='ocr_line' id='line_1_8' title="bbox 544 660 2095 751; baseline -0.005 -13"><span class='ocrx_word' id='word_1_44' title='bbox 544 684 874 749; x_wconf 86' lang='lat' dir='ltr'><strong>hominibus,</strong></span> <span class='ocrx_word' id='word_1_45' title='bbox 904 683 997 738; x_wconf 87' lang='lat' dir='ltr'><strong>sed</strong></span> <span class='ocrx_word' id='word_1_46' title='bbox 1030 682 1141 738; x_wconf 89' lang='lat' dir='ltr'>Deo</span> <span class='ocrx_word' id='word_1_47' title='bbox 1178 685 1243 736; x_wconf 88' lang='lat'><strong>&quot;.</strong></span> <span class='ocrx_word' id='word_1_48' title='bbox 1286 703 1305 735; x_wconf 75' lang='grc' dir='ltr'>ι</span> <span class='ocrx_word' id='word_1_49' title='bbox 1330 660 1483 735; x_wconf 46' lang='lat' dir='ltr'><strong>Nam</strong></span> <span class='ocrx_word' id='word_1_50' title='bbox 1520 683 1645 751; x_wconf 86' lang='lat' dir='ltr'><strong>quia</strong></span> <span class='ocrx_word' id='word_1_51' title='bbox 1698 681 1785 736; x_wconf 92' lang='lat' dir='ltr'><strong>ille</strong></span> <span class='ocrx_word' id='word_1_52' title='bbox 1829 690 2095 751; x_wconf 79' lang='lat' dir='ltr'><strong>putaveral</strong></span> 
     </span>
    </p>
   </div>
   <div class='ocr_carea' id='block_1_9' title="bbox 2197 660 3773 751">
    <p class='ocr_par' dir='ltr' id='par_1_9' title="bbox 2214 660 3773 751">
     <span class='ocr_line' id='line_1_9' title="bbox 2214 660 3773 751; baseline -0.01 -27"><span class='ocrx_word' id='word_1_53' title='bbox 2214 672 2331 741; x_wconf 88' lang='grc' dir='ltr'>μετ’</span> <span class='ocrx_word' id='word_1_54' title='bbox 2360 671 2516 738; x_wconf 91' lang='grc' dir='ltr'>όλίγα</span> <span class='ocrx_word' id='word_1_55' title='bbox 2536 687 2549 700; x_wconf 94' lang='grc'><strong>·</strong></span> <span class='ocrx_word' id='word_1_56' title='bbox 2570 669 2712 722; x_wconf 76' lang='grc' dir='ltr'>«Οὐκ</span> <span class='ocrx_word' id='word_1_57' title='bbox 2735 667 2948 736; x_wconf 79' lang='grc' dir='ltr'>ἐψεύσω</span> <span class='ocrx_word' id='word_1_58' title='bbox 2976 662 3452 737; x_wconf 76' lang='grc' dir='ltr'>ἀνθρώτωις,άλλά</span> <span class='ocrx_word' id='word_1_59' title='bbox 3480 661 3559 730; x_wconf 83' lang='grc' dir='ltr'>τῷ</span> <span class='ocrx_word' id='word_1_60' title='bbox 3579 660 3717 751; x_wconf 78' lang='grc' dir='ltr'>Θεῷ.</span> <span class='ocrx_word' id='word_1_61' title='bbox 3756 678 3773 708; x_wconf 78' lang='grc' dir='ltr'>ι</span> 
     </span>
    </p>
   </div>
   <div class='ocr_carea' id='block_1_10' title="bbox 545 768 2108 842">
    <p class='ocr_par' dir='ltr' id='par_1_10' title="bbox 545 768 2108 842">
     <span class='ocr_line' id='line_1_10' title="bbox 545 768 2108 842; baseline -0.003 -17"><span class='ocrx_word' id='word_1_62' title='bbox 545 773 709 826; x_wconf 89' lang='lat' dir='ltr'><strong>latere</strong></span> <span class='ocrx_word' id='word_1_63' title='bbox 758 772 1064 839; x_wconf 71' lang='lat' dir='ltr'>apostolos,</span> <span class='ocrx_word' id='word_1_64' title='bbox 1110 781 1289 842; x_wconf 92' lang='lat' dir='ltr'><strong>utpote</strong></span> <span class='ocrx_word' id='word_1_65' title='bbox 1332 771 1605 835; x_wconf 89' lang='lat' dir='ltr'><strong>homines,</strong></span> <span class='ocrx_word' id='word_1_66' title='bbox 1645 770 1773 825; x_wconf 88' lang='lat' dir='ltr'><strong>dum</strong></span> <span class='ocrx_word' id='word_1_67' title='bbox 1822 770 1887 823; x_wconf 87' lang='lat' dir='ltr'>de</span> <span class='ocrx_word' id='word_1_68' title='bbox 1924 768 2108 837; x_wconf 70' lang='lat' dir='ltr'><strong>praedii</strong></span> 
     </span>
    </p>
   </div>
   <div class='ocr_carea' id='block_1_11' title="bbox 544 858 2105 931">
    <p class='ocr_par' dir='ltr' id='par_1_11' title="bbox 544 858 2105 931">
     <span class='ocr_line' id='line_1_11' title="bbox 544 858 2105 931; baseline -0.001 -18"><span class='ocrx_word' id='word_1_69' title='bbox 544 860 715 927; x_wconf 91' lang='lat' dir='ltr'><strong>pretio</strong></span> <span class='ocrx_word' id='word_1_70' title='bbox 738 874 898 928; x_wconf 90' lang='lat' dir='ltr'><strong>quam</strong></span> <span class='ocrx_word' id='word_1_71' title='bbox 923 860 1079 915; x_wconf 89' lang='lat' dir='ltr'><strong>libuit</strong></span> <span class='ocrx_word' id='word_1_72' title='bbox 1115 870 1320 931; x_wconf 88' lang='lat' dir='ltr'><strong>partem</strong></span> <span class='ocrx_word' id='word_1_73' title='bbox 1354 860 1713 924; x_wconf 84' lang='lat' dir='ltr'><strong>subtraheret,</strong></span> <span class='ocrx_word' id='word_1_74' title='bbox 1740 858 2105 929; x_wconf 71' lang='lat' dir='ltr'>apostolorum</span> 
     </span>
    </p>
   </div>
   <div class='ocr_carea' id='block_1_12' title="bbox 544 948 2107 1021">
    <p class='ocr_par' dir='ltr' id='par_1_12' title="bbox 544 948 2107 1021">
     <span class='ocr_line' id='line_1_12' title="bbox 544 948 2107 1021; baseline -0.001 -16"><span class='ocrx_word' id='word_1_75' title='bbox 544 951 789 1021; x_wconf 73' lang='lat' dir='ltr'>princeps</span> <span class='ocrx_word' id='word_1_76' title='bbox 820 966 942 1007; x_wconf 88' lang='lat' dir='ltr'><strong>eum</strong></span> <span class='ocrx_word' id='word_1_77' title='bbox 968 953 1123 1006; x_wconf 82' lang='lat' dir='ltr'><strong>docet</strong></span> <span class='ocrx_word' id='word_1_78' title='bbox 1142 992 1159 1017; x_wconf 94' lang='lat'>,</span> <span class='ocrx_word' id='word_1_79' title='bbox 1190 966 1285 1008; x_wconf 91' lang='lat' dir='ltr'>eos</span> <span class='ocrx_word' id='word_1_80' title='bbox 1331 950 1424 1021; x_wconf 87' lang='lat' dir='ltr'><strong>qui</strong></span> <span class='ocrx_word' id='word_1_81' title='bbox 1466 950 1699 1019; x_wconf 88' lang='lat' dir='ltr'><strong>Spiritus</strong></span> <span class='ocrx_word' id='word_1_82' title='bbox 1726 951 1895 1020; x_wconf 69' lang='lat' dir='ltr'><strong>gratia</strong></span> <span class='ocrx_word' id='word_1_83' title='bbox 1938 948 2107 1018; x_wconf 90' lang='lat' dir='ltr'><strong>polle-</strong></span> 
     </span>
    </p>
   </div>
   <div class='ocr_carea' id='block_1_13' title="bbox 543 1040 2103 1111">
    <p class='ocr_par' dir='ltr' id='par_1_13' title="bbox 543 1040 2103 1111">
     <span class='ocr_line' id='line_1_13' title="bbox 543 1040 2103 1111; baseline -0.001 -17"><span class='ocrx_word' id='word_1_84' title='bbox 543 1050 683 1107; x_wconf 86' lang='lat' dir='ltr'><strong>rent,</strong></span> <span class='ocrx_word' id='word_1_85' title='bbox 708 1053 895 1097; x_wconf 87' lang='lat' dir='ltr'><strong>cuneta</strong></span> <span class='ocrx_word' id='word_1_86' title='bbox 920 1053 1103 1110; x_wconf 87' lang='lat' dir='ltr'><strong>aperte</strong></span> <span class='ocrx_word' id='word_1_87' title='bbox 1125 1056 1448 1110; x_wconf 70' lang='lat' dir='ltr'><strong>cognoscere</strong></span> <span class='ocrx_word' id='word_1_88' title='bbox 1463 1055 1581 1111; x_wconf 61' lang='lat' dir='ltr'><strong>qua:</strong></span> <span class='ocrx_word' id='word_1_89' title='bbox 1603 1040 1741 1097; x_wconf 85' lang='lat' dir='ltr'><strong>clam</strong></span> <span class='ocrx_word' id='word_1_90' title='bbox 1772 1050 1889 1095; x_wconf 84' lang='lat' dir='ltr'><strong>aeta</strong></span> <span class='ocrx_word' id='word_1_91' title='bbox 1907 1045 2103 1094; x_wconf 85' lang='lat' dir='ltr'><strong>essent.</strong></span> 
     </span>
    </p>
   </div>
   <div class='ocr_carea' id='block_1_14' title="bbox 544 1129 2101 1202">
    <p class='ocr_par' dir='ltr' id='par_1_14' title="bbox 544 1129 2101 1202">
     <span class='ocr_line' id='line_1_14' title="bbox 544 1129 2101 1202; baseline -0.001 -17"><span class='ocrx_word' id='word_1_92' title='bbox 544 1132 659 1186; x_wconf 81' lang='lat' dir='ltr'>Non</span> <span class='ocrx_word' id='word_1_93' title='bbox 680 1132 832 1188; x_wconf 90' lang='lat' dir='ltr'><strong>nobis</strong></span> <span class='ocrx_word' id='word_1_94' title='bbox 864 1132 1115 1187; x_wconf 87' lang='lat' dir='ltr'><strong>mentitus</strong></span> <span class='ocrx_word' id='word_1_95' title='bbox 1151 1146 1231 1197; x_wconf 90' lang='lat' dir='ltr'>es,</span> <span class='ocrx_word' id='word_1_96' title='bbox 1267 1131 1474 1202; x_wconf 87' lang='lat' dir='ltr'><strong>inquit,</strong></span> <span class='ocrx_word' id='word_1_97' title='bbox 1510 1131 1603 1188; x_wconf 88' lang='lat' dir='ltr'><strong>sed</strong></span> <span class='ocrx_word' id='word_1_98' title='bbox 1637 1129 1862 1201; x_wconf 84' lang='lat' dir='ltr'><strong>Spiritui</strong></span> <span class='ocrx_word' id='word_1_99' title='bbox 1894 1138 2101 1185; x_wconf 90' lang='lat' dir='ltr'><strong>sancto.</strong></span> 
     </span>
    </p>
   </div>
   <div class='ocr_carea' id='block_1_15' title="bbox 544 1220 2105 1295">
    <p class='ocr_par' dir='ltr' id='par_1_15' title="bbox 544 1220 2105 1295">
     <span class='ocr_line' id='line_1_15' title="bbox 544 1220 2105 1295; baseline -0.001 -19"><span class='ocrx_word' id='word_1_100' title='bbox 544 1222 621 1277; x_wconf 78' lang='lat' dir='ltr'><strong>Ne</strong></span> <span class='ocrx_word' id='word_1_101' title='bbox 671 1224 836 1293; x_wconf 73' lang='lat' dir='ltr'><strong>igitur</strong></span> <span class='ocrx_word' id='word_1_102' title='bbox 872 1223 1117 1279; x_wconf 86' lang='lat' dir='ltr'><strong>homines</strong></span> <span class='ocrx_word' id='word_1_103' title='bbox 1162 1232 1214 1277; x_wconf 84' lang='lat' dir='ltr'><strong>te</strong></span> <span class='ocrx_word' id='word_1_104' title='bbox 1254 1222 1511 1279; x_wconf 69' lang='lat' dir='ltr'>fefellisse</span> <span class='ocrx_word' id='word_1_105' title='bbox 1562 1232 1717 1295; x_wconf 89' lang='lat' dir='ltr'><strong>putes</strong></span> <span class='ocrx_word' id='word_1_106' title='bbox 1751 1240 1766 1275; x_wconf 90' lang='lat'>:</span> <span class='ocrx_word' id='word_1_107' title='bbox 1808 1221 1918 1277; x_wconf 87' lang='lat' dir='ltr'>Deo</span> <span class='ocrx_word' id='word_1_108' title='bbox 1962 1220 2105 1276; x_wconf 84' lang='lat' dir='ltr'><strong>enim</strong></span> 
     </span>
    </p>
   </div>
   <div class='ocr_carea' id='block_1_16' title="bbox 542 1313 2107 1385">
    <p class='ocr_par' dir='ltr' id='par_1_16' title="bbox 542 1313 2107 1385">
     <span class='ocr_line' id='line_1_16' title="bbox 542 1313 2107 1385; baseline 0.002 -20"><span class='ocrx_word' id='word_1_109' title='bbox 542 1322 597 1365; x_wconf 91' lang='lat' dir='ltr'><strong>tu</strong></span> <span class='ocrx_word' id='word_1_110' title='bbox 632 1328 745 1367; x_wconf 89' lang='lat' dir='ltr'>rem</span> <span class='ocrx_word' id='word_1_111' title='bbox 783 1313 972 1368; x_wconf 90' lang='lat' dir='ltr'><strong>falsam</strong></span> <span class='ocrx_word' id='word_1_112' title='bbox 1019 1314 1199 1371; x_wconf 78' lang='lat' dir='ltr'><strong>dixisti</strong></span> <span class='ocrx_word' id='word_1_113' title='bbox 1242 1331 1259 1381; x_wconf 86' lang='lat'><strong>;</strong></span> <span class='ocrx_word' id='word_1_114' title='bbox 1304 1330 1535 1385; x_wconf 88' lang='lat' dir='ltr'><strong>namque</strong></span> <span class='ocrx_word' id='word_1_115' title='bbox 1581 1314 1886 1369; x_wconf 87' lang='lat' dir='ltr'><strong>hominibus</strong></span> <span class='ocrx_word' id='word_1_116' title='bbox 1918 1328 2021 1368; x_wconf 91' lang='lat' dir='ltr'>non</span> <span class='ocrx_word' id='word_1_117' title='bbox 2048 1326 2107 1368; x_wconf 87' lang='lat' dir='ltr'><strong>es</strong></span> 
     </span>
    </p>
   </div>
   <div class='ocr_carea' id='block_1_17' title="bbox 542 1400 2103 1472">
    <p class='ocr_par' dir='ltr' id='par_1_17' title="bbox 542 1400 2103 1472">
     <span class='ocr_line' id='line_1_17' title="bbox 542 1400 2103 1472; baseline 0.001 -18"><span class='ocrx_word' id='word_1_118' title='bbox 542 1402 829 1465; x_wconf 89' lang='lat' dir='ltr'><strong>mentitus,</strong></span> <span class='ocrx_word' id='word_1_119' title='bbox 874 1403 968 1457; x_wconf 89' lang='lat' dir='ltr'>sed</span> <span class='ocrx_word' id='word_1_120' title='bbox 1012 1402 1141 1458; x_wconf 85' lang='lat' dir='ltr'><strong>Deo.</strong></span> <span class='ocrx_word' id='word_1_121' title='bbox 1192 1402 1343 1459; x_wconf 82' lang='lat' dir='ltr'><strong>Haud</strong></span> <span class='ocrx_word' id='word_1_122' title='bbox 1374 1405 1571 1472; x_wconf 89' lang='lat' dir='ltr'><strong>quippe</strong></span> <span class='ocrx_word' id='word_1_123' title='bbox 1603 1403 1757 1458; x_wconf 91' lang='lat' dir='ltr'><strong>nobis</strong></span> <span class='ocrx_word' id='word_1_124' title='bbox 1783 1412 1837 1457; x_wconf 87' lang='lat' dir='ltr'><strong>tu</strong></span> <span class='ocrx_word' id='word_1_125' title='bbox 1870 1400 2103 1465; x_wconf 86' lang='lat' dir='ltr'><strong>illusistl,</strong></span> 
     </span>
    </p>
   </div>
   <div class='ocr_carea' id='block_1_18' title="bbox 540 1490 2105 1563">
    <p class='ocr_par' dir='ltr' id='par_1_18' title="bbox 540 1490 2105 1563">
     <span class='ocr_line' id='line_1_18' title="bbox 540 1490 2105 1563; baseline -0.001 -18"><span class='ocrx_word' id='word_1_126' title='bbox 540 1491 636 1545; x_wconf 89' lang='lat' dir='ltr'><strong>sed</strong></span> <span class='ocrx_word' id='word_1_127' title='bbox 667 1490 889 1559; x_wconf 87' lang='lat' dir='ltr'><strong>Spiritui</strong></span> <span class='ocrx_word' id='word_1_128' title='bbox 915 1502 1125 1559; x_wconf 87' lang='lat' dir='ltr'><strong>sancto,</strong></span> <span class='ocrx_word' id='word_1_129' title='bbox 1156 1495 1245 1563; x_wconf 92' lang='lat' dir='ltr'>qui</span> <span class='ocrx_word' id='word_1_130' title='bbox 1284 1495 1424 1548; x_wconf 86' lang='lat' dir='ltr'><strong>Deus</strong></span> <span class='ocrx_word' id='word_1_131' title='bbox 1460 1502 1566 1557; x_wconf 91' lang='lat' dir='ltr'><strong>est,</strong></span> <span class='ocrx_word' id='word_1_132' title='bbox 1595 1508 1663 1547; x_wconf 78' lang='lat' dir='ltr'><strong>es</strong></span> <span class='ocrx_word' id='word_1_133' title='bbox 1702 1491 1811 1548; x_wconf 88' lang='lat' dir='ltr'>Deo</span> <span class='ocrx_word' id='word_1_134' title='bbox 1836 1492 2105 1546; x_wconf 84' lang='lat' dir='ltr'><strong>essisten-</strong></span> 
     </span>
    </p>
   </div>
   <div class='ocr_carea' id='block_1_19' title="bbox 543 1582 2104 1653">
    <p class='ocr_par' dir='ltr' id='par_1_19' title="bbox 543 1582 2104 1653">
     <span class='ocr_line' id='line_1_19' title="bbox 543 1582 2104 1653; baseline 0.003 -20"><span class='ocrx_word' id='word_1_135' title='bbox 543 1583 670 1635; x_wconf 89' lang='lat' dir='ltr'><strong>tiam</strong></span> <span class='ocrx_word' id='word_1_136' title='bbox 706 1584 943 1650; x_wconf 88' lang='lat' dir='ltr'><strong>habens,</strong></span> <span class='ocrx_word' id='word_1_137' title='bbox 970 1594 1025 1639; x_wconf 92' lang='lat' dir='ltr'><strong>et</strong></span> <span class='ocrx_word' id='word_1_138' title='bbox 1057 1584 1293 1653; x_wconf 76' lang='lat' dir='ltr'><strong>ejusdem</strong></span> <span class='ocrx_word' id='word_1_139' title='bbox 1320 1592 1524 1640; x_wconf 68' lang='lat' dir='ltr'><strong>natura:</strong></span> <span class='ocrx_word' id='word_1_140' title='bbox 1566 1584 1762 1639; x_wconf 91' lang='lat' dir='ltr'><strong>socius.</strong></span> <span class='ocrx_word' id='word_1_141' title='bbox 1802 1582 1916 1640; x_wconf 85' lang='lat' dir='ltr'>Hoc</span> <span class='ocrx_word' id='word_1_142' title='bbox 1942 1584 2104 1637; x_wconf 87' lang='lat' dir='ltr'><strong>etiam</strong></span> 
     </span>
    </p>
   </div>
   <div class='ocr_carea' id='block_1_20' title="bbox 542 1672 2103 1743">
    <p class='ocr_par' dir='ltr' id='par_1_20' title="bbox 542 1672 2103 1743">
     <span class='ocr_line' id='line_1_20' title="bbox 542 1672 2103 1743; baseline 0.001 -16"><span class='ocrx_word' id='word_1_143' title='bbox 542 1672 715 1727; x_wconf 84' lang='lat' dir='ltr'><strong>Lucas</strong></span> <span class='ocrx_word' id='word_1_144' title='bbox 745 1674 796 1728; x_wconf 92' lang='lat' dir='ltr'>in</span> <span class='ocrx_word' id='word_1_145' title='bbox 830 1674 1055 1730; x_wconf 80' lang='lat' dir='ltr'><strong>Actibus</strong></span> <span class='ocrx_word' id='word_1_146' title='bbox 1086 1678 1355 1740; x_wconf 90' lang='lat' dir='ltr'><strong>ostendit,</strong></span> <span class='ocrx_word' id='word_1_147' title='bbox 1384 1677 1507 1730; x_wconf 92' lang='lat' dir='ltr'>dum</span> <span class='ocrx_word' id='word_1_148' title='bbox 1536 1686 1717 1730; x_wconf 89' lang='lat' dir='ltr'><strong>narrat</strong></span> <span class='ocrx_word' id='word_1_149' title='bbox 1747 1674 1920 1743; x_wconf 88' lang='lat' dir='ltr'><strong>quod,</strong></span> <span class='ocrx_word' id='word_1_150' title='bbox 1948 1683 2103 1729; x_wconf 85' lang='lat' dir='ltr'><strong>antea</strong></span> 
     </span>
    </p>
   </div>
   <div class='ocr_carea' id='block_1_21' title="bbox 541 1765 2103 1835">
    <p class='ocr_par' dir='ltr' id='par_1_21' title="bbox 541 1765 2103 1835">
     <span class='ocr_line' id='line_1_21' title="bbox 541 1765 2103 1835; baseline 0.003 -17"><span class='ocrx_word' id='word_1_151' title='bbox 541 1766 972 1820; x_wconf 86' lang='lat' dir='ltr'><strong>ministrantibus</strong></span> <span class='ocrx_word' id='word_1_152' title='bbox 1030 1765 1258 1821; x_wconf 90' lang='lat' dir='ltr'><strong>Domino</strong></span> <span class='ocrx_word' id='word_1_153' title='bbox 1321 1776 1376 1821; x_wconf 93' lang='lat' dir='ltr'><strong>et</strong></span> <span class='ocrx_word' id='word_1_154' title='bbox 1422 1767 1786 1835; x_wconf 72' lang='lat' dir='ltr'><strong>ieiunantibus</strong></span> <span class='ocrx_word' id='word_1_155' title='bbox 1844 1765 2103 1823; x_wconf 88' lang='lat' dir='ltr'><strong>fratribus</strong></span> 
     </span>
    </p>
   </div>
   <div class='ocr_carea' id='block_1_22' title="bbox 537 1853 1591 1925">
    <p class='ocr_par' dir='ltr' id='par_1_22' title="bbox 537 1853 1591 1925">
     <span class='ocr_line' id='line_1_22' title="bbox 537 1853 1591 1925; baseline 0 -14"><span class='ocrx_word' id='word_1_156' title='bbox 537 1855 860 1919; x_wconf 67' lang='lat' dir='ltr'><strong>Antiochiae,</strong></span> <span class='ocrx_word' id='word_1_157' title='bbox 890 1854 1028 1910; x_wconf 75' lang='lat' dir='ltr'><strong>dixit</strong></span> <span class='ocrx_word' id='word_1_158' title='bbox 1065 1853 1297 1925; x_wconf 82' lang='lat' dir='ltr'><strong>Spiritus</strong></span> <span class='ocrx_word' id='word_1_159' title='bbox 1327 1864 1546 1913; x_wconf 84' lang='lat' dir='ltr'><strong>sanctus</strong></span> <span class='ocrx_word' id='word_1_160' title='bbox 1577 1874 1591 1911; x_wconf 89' lang='lat'><strong>:</strong></span> 
     </span>
    </p>
   </div>
   <div class='ocr_carea' id='block_1_23' title="bbox 609 2140 2027 2265">
    <p class='ocr_par' dir='ltr' id='par_1_23' title="bbox 609 2140 2027 2265">
     <span class='ocr_line' id='line_1_23' title="bbox 609 2140 2027 2265; baseline 0.001 -70"><span class='ocrx_word' id='word_1_161' title='bbox 609 2140 795 2196; x_wconf 75' lang='lat' dir='ltr'><strong>XXVI.</strong></span> <span class='ocrx_word' id='word_1_162' title='bbox 850 2141 1206 2265; x_wconf 53' lang='lat' dir='ltr'>Hallilgrfg‘n</span> <span class='ocrx_word' id='word_1_163' title='bbox 1260 2149 1653 2263; x_wconf 57' lang='grc' dir='ltr'>σιπιοκῖιηιιιν</span> <span class='ocrx_word' id='word_1_164' title='bbox 1701 2140 1863 2195; x_wconf 70' lang='lat' dir='ltr'><strong>Deum</strong></span> <span class='ocrx_word' id='word_1_165' title='bbox 1912 2156 2027 2197; x_wconf 77' lang='lat' dir='ltr'><strong>esse</strong></span> 
     </span>
     <span class='ocr_line' id='line_1_24' title="bbox 1065 2226 1573 2265; baseline 0 0"><span class='ocrx_word' id='word_1_166' title='bbox 1065 2227 1117 2265; x_wconf 75' lang='grc' dir='ltr'>οι</span> <span class='ocrx_word' id='word_1_167' title='bbox 1196 2228 1281 2264; x_wconf 72' lang='lat' dir='ltr'>ani</span> <span class='ocrx_word' id='word_1_168' title='bbox 1311 2228 1437 2265; x_wconf 76' lang='lat' dir='ltr'>seu</span> <span class='ocrx_word' id='word_1_169' title='bbox 1466 2226 1573 2265; x_wconf 73' lang='lat' dir='ltr'>sm.</span> 
     </span>
    </p>
   </div>
   <div class='ocr_carea' id='block_1_24' title="bbox 1062 2226 1573 2279">
    <p class='ocr_par' dir='ltr' id='par_1_24' title="bbox 1062 2226 1573 2279">
     <span class='ocr_line' id='line_1_25' title="bbox 1062 2226 1573 2279; baseline 0.002 -15"><span class='ocrx_word' id='word_1_170' title='bbox 1062 2226 1281 2279; x_wconf 73' lang='lat' dir='ltr'><strong>prmum</strong></span> <span class='ocrx_word' id='word_1_171' title='bbox 1311 2226 1573 2265; x_wconf 73' lang='lat' dir='ltr'><strong>sanctum.</strong></span> 
     </span>
    </p>
   </div>
   <div class='ocr_carea' id='block_1_25' title="bbox 612 2318 2100 2393">
    <p class='ocr_par' dir='ltr' id='par_1_25' title="bbox 612 2318 2100 2393">
     <span class='ocr_line' id='line_1_26' title="bbox 612 2318 2100 2393; baseline 0.005 -22"><span class='ocrx_word' id='word_1_172' title='bbox 612 2337 634 2371; x_wconf 85' lang='lat' dir='ltr'><strong>s</strong></span> <span class='ocrx_word' id='word_1_173' title='bbox 664 2318 958 2389; x_wconf 70' lang='lat' dir='ltr'><strong>Segregate</strong></span> <span class='ocrx_word' id='word_1_174' title='bbox 990 2318 1118 2375; x_wconf 87' lang='lat' dir='ltr'><strong>mihi</strong></span> <span class='ocrx_word' id='word_1_175' title='bbox 1164 2318 1387 2375; x_wconf 90' lang='lat' dir='ltr'><strong>Paulum</strong></span> <span class='ocrx_word' id='word_1_176' title='bbox 1426 2328 1481 2375; x_wconf 90' lang='lat' dir='ltr'><strong>et</strong></span> <span class='ocrx_word' id='word_1_177' title='bbox 1518 2319 1823 2379; x_wconf 85' lang='lat' dir='ltr'><strong>Barnabam</strong></span> <span class='ocrx_word' id='word_1_178' title='bbox 1865 2322 1920 2377; x_wconf 93' lang='lat' dir='ltr'><strong>in</strong></span> <span class='ocrx_word' id='word_1_179' title='bbox 1961 2337 2100 2393; x_wconf 89' lang='lat' dir='ltr'><strong>opus</strong></span> 
     </span>
    </p>
   </div>
   <div class='ocr_carea' id='block_1_26' title="bbox 537 2410 2098 2485">
    <p class='ocr_par' dir='ltr' id='par_1_26' title="bbox 537 2410 2098 2485">
     <span class='ocr_line' id='line_1_27' title="bbox 537 2410 2098 2485; baseline 0.004 -19"><span class='ocrx_word' id='word_1_180' title='bbox 537 2412 604 2466; x_wconf 90' lang='lat' dir='ltr'><strong>ad</strong></span> <span class='ocrx_word' id='word_1_181' title='bbox 624 2411 766 2480; x_wconf 87' lang='lat' dir='ltr'><strong>quod</strong></span> <span class='ocrx_word' id='word_1_182' title='bbox 783 2425 876 2465; x_wconf 88' lang='lat' dir='ltr'>eos</span> <span class='ocrx_word' id='word_1_183' title='bbox 904 2410 1159 2466; x_wconf 76' lang='lat' dir='ltr'><strong>advocavi</strong></span> <span class='ocrx_word' id='word_1_184' title='bbox 1186 2412 1285 2467; x_wconf 72' lang='grc' dir='ltr'>τ’.»</span> <span class='ocrx_word' id='word_1_185' title='bbox 1318 2410 1501 2482; x_wconf 64' lang='lat' dir='ltr'><strong>Pergit</strong></span> <span class='ocrx_word' id='word_1_186' title='bbox 1523 2422 1701 2468; x_wconf 90' lang='lat' dir='ltr'><strong>autem</strong></span> <span class='ocrx_word' id='word_1_187' title='bbox 1730 2414 1911 2471; x_wconf 88' lang='lat' dir='ltr'><strong>dicere</strong></span> <span class='ocrx_word' id='word_1_188' title='bbox 1952 2415 2098 2485; x_wconf 80' lang='lat' dir='ltr'><strong>ipsos</strong></span> 
     </span>
    </p>
   </div>
   <div class='ocr_carea' id='block_1_27' title="bbox 536 2500 2100 2575">
    <p class='ocr_par' dir='ltr' id='par_1_27' title="bbox 536 2500 2100 2575">
     <span class='ocr_line' id='line_1_28' title="bbox 536 2500 2100 2575; baseline 0.005 -21"><span class='ocrx_word' id='word_1_189' title='bbox 536 2518 565 2554; x_wconf 90' lang='lat' dir='ltr'>a</span> <span class='ocrx_word' id='word_1_190' title='bbox 595 2509 784 2556; x_wconf 84' lang='lat' dir='ltr'><strong>sancto</strong></span> <span class='ocrx_word' id='word_1_191' title='bbox 826 2500 1031 2571; x_wconf 89' lang='lat' dir='ltr'><strong>Spiritu</strong></span> <span class='ocrx_word' id='word_1_192' title='bbox 1076 2502 1270 2559; x_wconf 83' lang='lat' dir='ltr'><strong>missos</strong></span> <span class='ocrx_word' id='word_1_193' title='bbox 1304 2503 1502 2559; x_wconf 83' lang='lat' dir='ltr'><strong>abiisse</strong></span> <span class='ocrx_word' id='word_1_194' title='bbox 1546 2504 1872 2561; x_wconf 81' lang='lat' dir='ltr'><strong>Seleuciam.</strong></span> <span class='ocrx_word' id='word_1_195' title='bbox 1923 2506 2100 2575; x_wconf 76' lang='lat' dir='ltr'><strong>Atque</strong></span> 
     </span>
    </p>
   </div>
   <div class='ocr_carea' id='block_1_28' title="bbox 538 2592 2100 2666">
    <p class='ocr_par' dir='ltr' id='par_1_28' title="bbox 538 2592 2100 2666">
     <span class='ocr_line' id='line_1_29' title="bbox 538 2592 2100 2666; baseline 0.003 -21"><span class='ocrx_word' id='word_1_196' title='bbox 538 2592 627 2646; x_wconf 90' lang='lat' dir='ltr'><strong>ubi</strong></span> <span class='ocrx_word' id='word_1_197' title='bbox 668 2593 910 2647; x_wconf 84' lang='lat' dir='ltr'><strong>narravit</strong></span> <span class='ocrx_word' id='word_1_198' title='bbox 942 2594 1212 2663; x_wconf 90' lang='lat' dir='ltr'><strong>quomodo</strong></span> <span class='ocrx_word' id='word_1_199' title='bbox 1262 2602 1613 2665; x_wconf 72' lang='lat' dir='ltr'><strong>peragrantes</strong></span> <span class='ocrx_word' id='word_1_200' title='bbox 1658 2594 1894 2665; x_wconf 81' lang='lat' dir='ltr'><strong>Cyprum</strong></span> <span class='ocrx_word' id='word_1_201' title='bbox 1929 2636 1945 2662; x_wconf 92' lang='lat'>,</span> <span class='ocrx_word' id='word_1_202' title='bbox 1992 2594 2100 2666; x_wconf 81' lang='lat' dir='ltr'>Ly-</span> 
     </span>
    </p>
   </div>
   <div class='ocr_carea' id='block_1_29' title="bbox 534 2681 2093 2757">
    <p class='ocr_par' dir='ltr' id='par_1_29' title="bbox 534 2681 2093 2757">
     <span class='ocr_line' id='line_1_30' title="bbox 534 2681 2093 2757; baseline 0.003 -21"><span class='ocrx_word' id='word_1_203' title='bbox 534 2681 695 2746; x_wconf 87' lang='lat' dir='ltr'><strong>ciam,</strong></span> <span class='ocrx_word' id='word_1_204' title='bbox 724 2681 1070 2753; x_wconf 80' lang='lat' dir='ltr'><strong>Lycaoniam,</strong></span> <span class='ocrx_word' id='word_1_205' title='bbox 1105 2682 1477 2755; x_wconf 84' lang='lat' dir='ltr'><strong>Pamphyliam</strong></span> <span class='ocrx_word' id='word_1_206' title='bbox 1527 2694 1691 2755; x_wconf 89' lang='lat' dir='ltr'><strong>atque</strong></span> <span class='ocrx_word' id='word_1_207' title='bbox 1730 2686 2037 2757; x_wconf 83' lang='lat' dir='ltr'><strong>Bithyniam</strong></span> <span class='ocrx_word' id='word_1_208' title='bbox 2076 2724 2093 2752; x_wconf 92' lang='lat'>,</span> 
     </span>
    </p>
   </div>
   <div class='ocr_carea' id='block_1_30' title="bbox 534 2774 2098 2847">
    <p class='ocr_par' dir='ltr' id='par_1_30' title="bbox 534 2774 2098 2847">
     <span class='ocr_line' id='line_1_31' title="bbox 534 2774 2098 2847; baseline 0.006 -22"><span class='ocrx_word' id='word_1_209' title='bbox 534 2774 863 2841; x_wconf 69' lang='lat' dir='ltr'><strong>evangelium</strong></span> <span class='ocrx_word' id='word_1_210' title='bbox 887 2776 1319 2843; x_wconf 60' lang='lat' dir='ltr'><strong>praedicaverunt,</strong></span> <span class='ocrx_word' id='word_1_211' title='bbox 1344 2777 1621 2847; x_wconf 74' lang='lat' dir='ltr'><strong>subiungit</strong></span> <span class='ocrx_word' id='word_1_212' title='bbox 1646 2794 1660 2830; x_wconf 90' lang='lat'><strong>:</strong></span> <span class='ocrx_word' id='word_1_213' title='bbox 1702 2796 1721 2829; x_wconf 79' lang='grc' dir='ltr'>ι</span> <span class='ocrx_word' id='word_1_214' title='bbox 1758 2777 1825 2833; x_wconf 82' lang='grc' dir='ltr'>ΕΙ.</span> <span class='ocrx_word' id='word_1_215' title='bbox 1850 2778 1977 2833; x_wconf 84' lang='lat' dir='ltr'><strong>inde</strong></span> <span class='ocrx_word' id='word_1_216' title='bbox 1999 2794 2098 2834; x_wconf 90' lang='lat' dir='ltr'><strong>na-</strong></span> 
     </span>
    </p>
   </div>
   <div class='ocr_carea' id='block_1_31' title="bbox 534 2863 2097 2933">
    <p class='ocr_par' dir='ltr' id='par_1_31' title="bbox 534 2863 2097 2933">
     <span class='ocr_line' id='line_1_32' title="bbox 534 2863 2097 2933; baseline 0.008 -20"><span class='ocrx_word' id='word_1_217' title='bbox 534 2863 781 2932; x_wconf 74' lang='lat' dir='ltr'><strong>vigantes</strong></span> <span class='ocrx_word' id='word_1_218' title='bbox 824 2865 1165 2921; x_wconf 83' lang='lat' dir='ltr'><strong>Antiochiam</strong></span> <span class='ocrx_word' id='word_1_219' title='bbox 1224 2866 1498 2922; x_wconf 82' lang='lat' dir='ltr'><strong>Barnabas</strong></span> <span class='ocrx_word' id='word_1_220' title='bbox 1558 2882 1621 2922; x_wconf 88' lang='lat' dir='ltr'>ac</span> <span class='ocrx_word' id='word_1_221' title='bbox 1670 2867 1903 2933; x_wconf 85' lang='lat' dir='ltr'><strong>Saulus,</strong></span> <span class='ocrx_word' id='word_1_222' title='bbox 1952 2868 2097 2925; x_wconf 89' lang='lat' dir='ltr'><strong>unde</strong></span> 
     </span>
    </p>
   </div>
   <div class='ocr_carea' id='block_1_32' title="bbox 537 2950 2093 3027">
    <p class='ocr_par' dir='ltr' id='par_1_32' title="bbox 537 2950 2093 3027">
     <span class='ocr_line' id='line_1_33' title="bbox 537 2950 2093 3027; baseline 0.006 -23"><span class='ocrx_word' id='word_1_223' title='bbox 537 2950 753 3006; x_wconf 76' lang='lat' dir='ltr'><strong>fuerant</strong></span> <span class='ocrx_word' id='word_1_224' title='bbox 786 2953 964 3007; x_wconf 88' lang='lat' dir='ltr'><strong>traditi</strong></span> <span class='ocrx_word' id='word_1_225' title='bbox 991 2956 1181 3021; x_wconf 72' lang='lat' dir='ltr'><strong>gratia:</strong></span> <span class='ocrx_word' id='word_1_226' title='bbox 1213 2955 1303 3009; x_wconf 86' lang='lat' dir='ltr'>Dei</span> <span class='ocrx_word' id='word_1_227' title='bbox 1336 2956 1389 3009; x_wconf 91' lang='lat' dir='ltr'>in</span> <span class='ocrx_word' id='word_1_228' title='bbox 1422 2970 1555 3025; x_wconf 91' lang='lat' dir='ltr'><strong>opus</strong></span> <span class='ocrx_word' id='word_1_229' title='bbox 1599 2958 1739 3026; x_wconf 92' lang='lat' dir='ltr'><strong>quod</strong></span> <span class='ocrx_word' id='word_1_230' title='bbox 1783 2957 2093 3027; x_wconf 85' lang='lat' dir='ltr'><strong>compleve—</strong></span> 
     </span>
    </p>
   </div>
   <div class='ocr_carea' id='block_1_33' title="bbox 535 3046 2095 3111">
    <p class='ocr_par' dir='ltr' id='par_1_33' title="bbox 535 3046 2095 3111">
     <span class='ocr_line' id='line_1_34' title="bbox 535 3046 2095 3111; baseline 0.005 -15"><span class='ocrx_word' id='word_1_231' title='bbox 535 3053 690 3110; x_wconf 88' lang='lat' dir='ltr'><strong>rant;</strong></span> <span class='ocrx_word' id='word_1_232' title='bbox 744 3058 864 3098; x_wconf 90' lang='lat' dir='ltr'>cum</span> <span class='ocrx_word' id='word_1_233' title='bbox 928 3046 1056 3101; x_wconf 89' lang='lat' dir='ltr'><strong>illuc</strong></span> <span class='ocrx_word' id='word_1_234' title='bbox 1116 3047 1431 3111; x_wconf 85' lang='lat' dir='ltr'><strong>venissent,</strong></span> <span class='ocrx_word' id='word_1_235' title='bbox 1496 3057 1552 3102; x_wconf 92' lang='lat' dir='ltr'><strong>et</strong></span> <span class='ocrx_word' id='word_1_236' title='bbox 1611 3047 1903 3103; x_wconf 87' lang='lat' dir='ltr'><strong>Ecclesiam</strong></span> <span class='ocrx_word' id='word_1_237' title='bbox 1967 3063 2095 3104; x_wconf 90' lang='lat' dir='ltr'><strong>con-</strong></span> 
     </span>
    </p>
   </div>
   <div class='ocr_carea' id='block_1_34' title="bbox 2223 750 3781 832">
    <p class='ocr_par' dir='ltr' id='par_1_34' title="bbox 2223 750 3781 832">
     <span class='ocr_line' id='line_1_35' title="bbox 2223 750 3781 832; baseline -0.008 -17"><span class='ocrx_word' id='word_1_238' title='bbox 2223 762 2438 832; x_wconf 82' lang='grc' dir='ltr'>Ἐπειδή</span> <span class='ocrx_word' id='word_1_239' title='bbox 2460 760 2567 831; x_wconf 85' lang='grc' dir='ltr'>γάρ</span> <span class='ocrx_word' id='word_1_240' title='bbox 2593 761 2797 813; x_wconf 80' lang='grc' dir='ltr'>ἐκεῖνον</span> <span class='ocrx_word' id='word_1_241' title='bbox 2840 755 2993 827; x_wconf 82' lang='grc' dir='ltr'>ᾠήθη</span> <span class='ocrx_word' id='word_1_242' title='bbox 3025 755 3310 810; x_wconf 79' lang='grc' dir='ltr'>λανθάνειν</span> <span class='ocrx_word' id='word_1_243' title='bbox 3335 754 3410 816; x_wconf 81' lang='grc' dir='ltr'>ὡς</span> <span class='ocrx_word' id='word_1_244' title='bbox 3456 750 3781 822; x_wconf 79' lang='grc' dir='ltr'>ἀνθρώπους</span> 
     </span>
    </p>
   </div>
   <div class='ocr_carea' id='block_1_35' title="bbox 2208 843 3781 917">
    <p class='ocr_par' dir='ltr' id='par_1_35' title="bbox 2208 843 3781 917">
     <span class='ocr_line' id='line_1_36' title="bbox 2208 843 3781 917; baseline -0.008 -12"><span class='ocrx_word' id='word_1_245' title='bbox 2208 854 2335 914; x_wconf 75' lang='grc' dir='ltr'>τοὺς</span> <span class='ocrx_word' id='word_1_246' title='bbox 2414 851 2744 913; x_wconf 77' lang='grc' dir='ltr'>ἀποστόλους</span> <span class='ocrx_word' id='word_1_247' title='bbox 2796 847 3127 917; x_wconf 73' lang='grc' dir='ltr'>ὑφελόμενος</span> <span class='ocrx_word' id='word_1_248' title='bbox 3171 846 3271 917; x_wconf 84' lang='grc' dir='ltr'>τῆς</span> <span class='ocrx_word' id='word_1_249' title='bbox 3335 843 3429 901; x_wconf 82' lang='grc' dir='ltr'>τοῦ</span> <span class='ocrx_word' id='word_1_250' title='bbox 3499 843 3781 912; x_wconf 79' lang='grc' dir='ltr'>κτήματος</span> 
     </span>
    </p>
   </div>
   <div class='ocr_carea' id='block_1_36' title="bbox 2208 928 3787 1011">
    <p class='ocr_par' dir='ltr' id='par_1_36' title="bbox 2208 928 3787 1011">
     <span class='ocr_line' id='line_1_37' title="bbox 2208 928 3787 1011; baseline -0.01 -16"><span class='ocrx_word' id='word_1_251' title='bbox 2208 942 2395 1011; x_wconf 81' lang='grc' dir='ltr'>τιμῆς,</span> <span class='ocrx_word' id='word_1_252' title='bbox 2432 941 2461 993; x_wconf 99' lang='lat'>6</span> <span class='ocrx_word' id='word_1_253' title='bbox 2507 940 2793 1011; x_wconf 73' lang='grc' dir='ltr'>ἠθέλησεν,</span> <span class='ocrx_word' id='word_1_254' title='bbox 2821 938 2851 990; x_wconf 89' lang='grc' dir='ltr'>ό</span> <span class='ocrx_word' id='word_1_255' title='bbox 2891 936 3185 1007; x_wconf 79' lang='grc' dir='ltr'>κορυφαῖος</span> <span class='ocrx_word' id='word_1_256' title='bbox 3222 934 3381 988; x_wconf 76' lang='grc' dir='ltr'>αὑτὸν</span> <span class='ocrx_word' id='word_1_257' title='bbox 3407 931 3645 987; x_wconf 76' lang='grc' dir='ltr'>διδάσκει</span> <span class='ocrx_word' id='word_1_258' title='bbox 3672 928 3787 981; x_wconf 76' lang='grc' dir='ltr'>τῶν</span> 
     </span>
    </p>
   </div>
   <div class='ocr_carea' id='block_1_37' title="bbox 2209 1022 3779 1097">
    <p class='ocr_par' dir='ltr' id='par_1_37' title="bbox 2209 1022 3779 1097">
     <span class='ocr_line' id='line_1_38' title="bbox 2209 1022 3779 1097; baseline -0.01 -10"><span class='ocrx_word' id='word_1_259' title='bbox 2209 1031 2545 1094; x_wconf 79' lang='grc' dir='ltr'>ἀποστόλων,</span> <span class='ocrx_word' id='word_1_260' title='bbox 2568 1031 2651 1084; x_wconf 87' lang='grc' dir='ltr'>δτι</span> <span class='ocrx_word' id='word_1_261' title='bbox 2684 1028 2777 1083; x_wconf 83' lang='grc' dir='ltr'>τοῦ</span> <span class='ocrx_word' id='word_1_262' title='bbox 2813 1025 3128 1097; x_wconf 77' lang='grc' dir='ltr'>Πνεῦματος</span> <span class='ocrx_word' id='word_1_263' title='bbox 3158 1026 3256 1095; x_wconf 79' lang='grc' dir='ltr'>τήν</span> <span class='ocrx_word' id='word_1_264' title='bbox 3280 1026 3439 1095; x_wconf 90' lang='grc' dir='ltr'>χάριν</span> <span class='ocrx_word' id='word_1_265' title='bbox 3464 1024 3514 1077; x_wconf 84' lang='lat' dir='ltr'>ol</span> <span class='ocrx_word' id='word_1_266' title='bbox 3541 1022 3779 1091; x_wconf 74' lang='grc' dir='ltr'>ἔχοντες,</span> 
     </span>
    </p>
   </div>
   <div class='ocr_carea' id='block_1_38' title="bbox 2209 1111 3783 1191">
    <p class='ocr_par' dir='ltr' id='par_1_38' title="bbox 2209 1111 3783 1191">
     <span class='ocr_line' id='line_1_39' title="bbox 2209 1111 3783 1191; baseline -0.008 -15"><span class='ocrx_word' id='word_1_267' title='bbox 2209 1122 2387 1176; x_wconf 87' lang='grc' dir='ltr'>πάντα</span> <span class='ocrx_word' id='word_1_268' title='bbox 2414 1120 2598 1191; x_wconf 82' lang='grc' dir='ltr'>σαφῶς</span> <span class='ocrx_word' id='word_1_269' title='bbox 2635 1120 2951 1174; x_wconf 81' lang='grc' dir='ltr'>ἐπίστανται</span> <span class='ocrx_word' id='word_1_270' title='bbox 2974 1116 3045 1171; x_wconf 89' lang='grc' dir='ltr'>τά</span> <span class='ocrx_word' id='word_1_271' title='bbox 3083 1115 3323 1189; x_wconf 75' lang='grc' dir='ltr'>κρύϐδην</span> <span class='ocrx_word' id='word_1_272' title='bbox 3348 1116 3629 1184; x_wconf 86' lang='grc' dir='ltr'>γινόμενα.</span> <span class='ocrx_word' id='word_1_273' title='bbox 3667 1111 3783 1181; x_wconf 73' lang='grc' dir='ltr'>Οὐχ</span> 
     </span>
    </p>
   </div>
   <div class='ocr_carea' id='block_1_39' title="bbox 2210 1202 3778 1282">
    <p class='ocr_par' dir='ltr' id='par_1_39' title="bbox 2210 1202 3778 1282">
     <span class='ocr_line' id='line_1_40' title="bbox 2210 1202 3778 1282; baseline -0.011 -13"><span class='ocrx_word' id='word_1_274' title='bbox 2210 1211 2358 1282; x_wconf 76' lang='grc' dir='ltr'>ἡμᾶς</span> <span class='ocrx_word' id='word_1_275' title='bbox 2384 1210 2513 1282; x_wconf 87' lang='grc' dir='ltr'>γάρ,</span> <span class='ocrx_word' id='word_1_276' title='bbox 2546 1208 2733 1279; x_wconf 79' lang='grc' dir='ltr'>φησὶν,</span> <span class='ocrx_word' id='word_1_277' title='bbox 2757 1207 2991 1278; x_wconf 75' lang='grc' dir='ltr'>ἐψεύσω,</span> <span class='ocrx_word' id='word_1_278' title='bbox 3014 1205 3151 1261; x_wconf 86' lang='grc' dir='ltr'>ἀλλά</span> <span class='ocrx_word' id='word_1_279' title='bbox 3173 1207 3233 1259; x_wconf 85' lang='grc' dir='ltr'>τδ</span> <span class='ocrx_word' id='word_1_280' title='bbox 3261 1203 3486 1274; x_wconf 84' lang='grc' dir='ltr'>Πνεῦμα</span> <span class='ocrx_word' id='word_1_281' title='bbox 3509 1203 3569 1256; x_wconf 79' lang='grc' dir='ltr'>τὸ</span> <span class='ocrx_word' id='word_1_282' title='bbox 3590 1202 3746 1270; x_wconf 70' lang='grc' dir='ltr'>ἅγιον</span> <span class='ocrx_word' id='word_1_283' title='bbox 3764 1215 3778 1228; x_wconf 90' lang='grc'><strong>·</strong></span> 
     </span>
    </p>
   </div>
   <div class='ocr_carea' id='block_1_40' title="bbox 2211 1293 3783 1373">
    <p class='ocr_par' dir='ltr' id='par_1_40' title="bbox 2211 1293 3783 1373">
     <span class='ocr_line' id='line_1_41' title="bbox 2211 1293 3783 1373; baseline -0.006 -16"><span class='ocrx_word' id='word_1_284' title='bbox 2211 1303 2287 1373; x_wconf 78' lang='grc' dir='ltr'>μή</span> <span class='ocrx_word' id='word_1_285' title='bbox 2316 1301 2494 1356; x_wconf 83' lang='grc' dir='ltr'>τοίνυν</span> <span class='ocrx_word' id='word_1_286' title='bbox 2535 1300 2855 1372; x_wconf 77' lang='grc' dir='ltr'>ἀνθρώπους</span> <span class='ocrx_word' id='word_1_287' title='bbox 2883 1297 3227 1371; x_wconf 73' lang='grc' dir='ltr'>ήπατηκεναι</span> <span class='ocrx_word' id='word_1_288' title='bbox 3258 1297 3472 1368; x_wconf 79' lang='grc' dir='ltr'>νόμιζε·</span> <span class='ocrx_word' id='word_1_289' title='bbox 3502 1296 3636 1358; x_wconf 80' lang='grc' dir='ltr'>Θεὸς</span> <span class='ocrx_word' id='word_1_290' title='bbox 3670 1293 3783 1364; x_wconf 76' lang='grc' dir='ltr'>γάρ</span> 
     </span>
    </p>
   </div>
   <div class='ocr_carea' id='block_1_41' title="bbox 2206 1386 3779 1461">
    <p class='ocr_par' dir='ltr' id='par_1_41' title="bbox 2206 1386 3779 1461">
     <span class='ocr_line' id='line_1_42' title="bbox 2206 1386 3779 1461; baseline -0.006 -16"><span class='ocrx_word' id='word_1_291' title='bbox 2206 1393 2355 1445; x_wconf 83' lang='grc' dir='ltr'>ἐστιν</span> <span class='ocrx_word' id='word_1_292' title='bbox 2373 1392 2403 1445; x_wconf 91' lang='grc' dir='ltr'>ό</span> <span class='ocrx_word' id='word_1_293' title='bbox 2442 1391 2785 1459; x_wconf 74' lang='grc' dir='ltr'>διαψευσθεὶς</span> <span class='ocrx_word' id='word_1_294' title='bbox 2817 1390 2971 1461; x_wconf 87' lang='grc' dir='ltr'>παρά</span> <span class='ocrx_word' id='word_1_295' title='bbox 3000 1388 3094 1443; x_wconf 87' lang='grc' dir='ltr'>σοῦ</span> <span class='ocrx_word' id='word_1_296' title='bbox 3114 1404 3127 1417; x_wconf 92' lang='grc'><strong>·</strong></span> <span class='ocrx_word' id='word_1_297' title='bbox 3165 1389 3265 1441; x_wconf 80' lang='grc' dir='ltr'>οὐκ</span> <span class='ocrx_word' id='word_1_298' title='bbox 3293 1386 3508 1458; x_wconf 81' lang='grc' dir='ltr'>ἐψεύσω</span> <span class='ocrx_word' id='word_1_299' title='bbox 3537 1386 3646 1455; x_wconf 83' lang='grc' dir='ltr'>γὰρ</span> <span class='ocrx_word' id='word_1_300' title='bbox 3681 1386 3779 1436; x_wconf 84' lang='grc' dir='ltr'>ἀν-</span> 
     </span>
    </p>
   </div>
   <div class='ocr_carea' id='block_1_42' title="bbox 2207 1474 3779 1551">
    <p class='ocr_par' dir='ltr' id='par_1_42' title="bbox 2207 1474 3779 1551">
     <span class='ocr_line' id='line_1_43' title="bbox 2207 1474 3779 1551; baseline -0.006 -16"><span class='ocrx_word' id='word_1_301' title='bbox 2207 1481 2467 1551; x_wconf 86' lang='grc' dir='ltr'>θρώποις,</span> <span class='ocrx_word' id='word_1_302' title='bbox 2498 1480 2633 1536; x_wconf 79' lang='grc' dir='ltr'>ἀλλὰ</span> <span class='ocrx_word' id='word_1_303' title='bbox 2660 1479 2738 1551; x_wconf 83' lang='grc' dir='ltr'>τῷ</span> <span class='ocrx_word' id='word_1_304' title='bbox 2761 1479 2913 1551; x_wconf 82' lang='grc' dir='ltr'>Θεῷ·</span> <span class='ocrx_word' id='word_1_305' title='bbox 2954 1481 3054 1551; x_wconf 78' lang='grc' dir='ltr'>οὐχ</span> <span class='ocrx_word' id='word_1_306' title='bbox 3099 1481 3261 1551; x_wconf 80' lang='grc' dir='ltr'>ήμεῖς</span> <span class='ocrx_word' id='word_1_307' title='bbox 3287 1479 3417 1549; x_wconf 84' lang='grc' dir='ltr'>γὰρ,</span> <span class='ocrx_word' id='word_1_308' title='bbox 3454 1476 3640 1546; x_wconf 74' lang='grc' dir='ltr'>φησὶν,</span> <span class='ocrx_word' id='word_1_309' title='bbox 3674 1474 3779 1528; x_wconf 80' lang='grc' dir='ltr'>ὑπὸ</span> 
     </span>
    </p>
   </div>
   <div class='ocr_carea' id='block_1_43' title="bbox 2207 1570 3776 1643">
    <p class='ocr_par' dir='ltr' id='par_1_43' title="bbox 2207 1570 3776 1643">
     <span class='ocr_line' id='line_1_44' title="bbox 2207 1570 3776 1643; baseline -0.004 -16"><span class='ocrx_word' id='word_1_310' title='bbox 2207 1572 2303 1627; x_wconf 93' lang='grc' dir='ltr'>σοῦ</span> <span class='ocrx_word' id='word_1_311' title='bbox 2354 1570 2881 1643; x_wconf 83' lang='grc' dir='ltr'>παρεκρούσθημεν,</span> <span class='ocrx_word' id='word_1_312' title='bbox 2939 1570 3076 1625; x_wconf 83' lang='grc' dir='ltr'>ἀλλά</span> <span class='ocrx_word' id='word_1_313' title='bbox 3116 1572 3179 1625; x_wconf 81' lang='grc' dir='ltr'>τὸ</span> <span class='ocrx_word' id='word_1_314' title='bbox 3224 1570 3451 1639; x_wconf 77' lang='grc' dir='ltr'>Πνεῦμα</span> <span class='ocrx_word' id='word_1_315' title='bbox 3488 1570 3549 1622; x_wconf 74' lang='grc' dir='ltr'>τὸ</span> <span class='ocrx_word' id='word_1_316' title='bbox 3600 1570 3776 1636; x_wconf 77' lang='grc' dir='ltr'>ἅγιον,</span> 
     </span>
    </p>
   </div>
   <div class='ocr_carea' id='block_1_44' title="bbox 2204 1660 3779 1733">
    <p class='ocr_par' dir='ltr' id='par_1_44' title="bbox 2204 1660 3779 1733">
     <span class='ocr_line' id='line_1_45' title="bbox 2204 1660 3779 1733; baseline -0.003 -17"><span class='ocrx_word' id='word_1_317' title='bbox 2204 1662 2342 1733; x_wconf 86' lang='grc' dir='ltr'>δπερ</span> <span class='ocrx_word' id='word_1_318' title='bbox 2370 1664 2489 1715; x_wconf 79' lang='grc' dir='ltr'>ἐστὶ</span> <span class='ocrx_word' id='word_1_319' title='bbox 2516 1663 2668 1727; x_wconf 75' lang='grc' dir='ltr'>Θεὸς,</span> <span class='ocrx_word' id='word_1_320' title='bbox 2692 1665 2757 1717; x_wconf 72' lang='grc' dir='ltr'>ἐκ</span> <span class='ocrx_word' id='word_1_321' title='bbox 2773 1662 2909 1716; x_wconf 90' lang='grc' dir='ltr'>Θεοῦ</span> <span class='ocrx_word' id='word_1_322' title='bbox 2952 1662 3049 1733; x_wconf 83' lang='grc' dir='ltr'>τήν</span> <span class='ocrx_word' id='word_1_323' title='bbox 3075 1661 3309 1732; x_wconf 79' lang='grc' dir='ltr'>ὕπαρξιν</span> <span class='ocrx_word' id='word_1_324' title='bbox 3345 1661 3485 1731; x_wconf 77' lang='grc' dir='ltr'>ἕχον,</span> <span class='ocrx_word' id='word_1_325' title='bbox 3518 1660 3779 1727; x_wconf 81' lang='grc' dir='ltr'>κάκείνης</span> 
     </span>
    </p>
   </div>
   <div class='ocr_carea' id='block_1_45' title="bbox 2210 1751 3780 1825">
    <p class='ocr_par' dir='ltr' id='par_1_45' title="bbox 2210 1751 3780 1825">
     <span class='ocr_line' id='line_1_46' title="bbox 2210 1751 3780 1825; baseline -0.001 -20"><span class='ocrx_word' id='word_1_326' title='bbox 2210 1752 2452 1825; x_wconf 80' lang='grc' dir='ltr'>ὑπάρχον</span> <span class='ocrx_word' id='word_1_327' title='bbox 2472 1754 2575 1823; x_wconf 83' lang='grc' dir='ltr'>τῆς</span> <span class='ocrx_word' id='word_1_328' title='bbox 2622 1754 2856 1823; x_wconf 87' lang='grc' dir='ltr'>φύσεως.</span> <span class='ocrx_word' id='word_1_329' title='bbox 2907 1751 3081 1806; x_wconf 79' lang='grc' dir='ltr'>τοῦτο</span> <span class='ocrx_word' id='word_1_330' title='bbox 3110 1753 3205 1807; x_wconf 76' lang='grc' dir='ltr'>καὶ</span> <span class='ocrx_word' id='word_1_331' title='bbox 3246 1754 3275 1805; x_wconf 91' lang='grc' dir='ltr'>ό</span> <span class='ocrx_word' id='word_1_332' title='bbox 3318 1752 3531 1815; x_wconf 77' lang='grc' dir='ltr'>Λουκᾶς</span> <span class='ocrx_word' id='word_1_333' title='bbox 3574 1753 3633 1804; x_wconf 90' lang='grc' dir='ltr'>ἐν</span> <span class='ocrx_word' id='word_1_334' title='bbox 3660 1754 3780 1815; x_wconf 84' lang='grc' dir='ltr'>ταῖς</span> 
     </span>
    </p>
   </div>
   <div class='ocr_carea' id='block_1_46' title="bbox 2135 1816 3779 1916">
    <p class='ocr_par' dir='ltr' id='par_1_46' title="bbox 2135 1816 3779 1916">
     <span class='ocr_line' id='line_1_47' title="bbox 2135 1816 3779 1916; baseline -0.002 -19"><span class='ocrx_word' id='word_1_335' title='bbox 2135 1816 2185 1880; x_wconf 67' lang='grc' dir='ltr'><strong>Β</strong></span> <span class='ocrx_word' id='word_1_336' title='bbox 2211 1816 2449 1916; x_wconf 60' lang='grc' dir='ltr'>Πράξεσι</span> <span class='ocrx_word' id='word_1_337' title='bbox 2482 1816 2647 1914; x_wconf 52' lang='grc' dir='ltr'>δήλοᾷ</span> <span class='ocrx_word' id='word_1_338' title='bbox 2669 1816 2847 1898; x_wconf 78' lang='grc' dir='ltr'>ποιεῖ·</span> <span class='ocrx_word' id='word_1_339' title='bbox 2890 1842 3060 1898; x_wconf 72' lang='grc' dir='ltr'>εἰπὼν</span> <span class='ocrx_word' id='word_1_340' title='bbox 3099 1849 3208 1916; x_wconf 84' lang='grc' dir='ltr'>γάρ</span> <span class='ocrx_word' id='word_1_341' title='bbox 3246 1841 3516 1913; x_wconf 72' lang='grc' dir='ltr'>ἀνώτερον</span> <span class='ocrx_word' id='word_1_342' title='bbox 3552 1843 3634 1895; x_wconf 79' lang='grc' dir='ltr'>ὅτι</span> <span class='ocrx_word' id='word_1_343' title='bbox 3665 1842 3779 1895; x_wconf 68' lang='grc' dir='ltr'>λεια</span> 
     </span>
    </p>
   </div>
   <div class='ocr_carea' id='block_1_47' title="bbox 2206 1931 3779 2004">
    <p class='ocr_par' dir='ltr' id='par_1_47' title="bbox 2206 1931 3779 2004">
     <span class='ocr_line' id='line_1_48' title="bbox 2206 1931 3779 2004; baseline -0.002 -17"><span class='ocrx_word' id='word_1_344' title='bbox 2206 1933 2576 2004; x_wconf 80' lang='grc' dir='ltr'>τουργούντων</span> <span class='ocrx_word' id='word_1_345' title='bbox 2601 1932 2679 2004; x_wconf 84' lang='grc' dir='ltr'>τῷ</span> <span class='ocrx_word' id='word_1_346' title='bbox 2708 1932 2918 2004; x_wconf 77' lang='grc' dir='ltr'>Κυρίῳ,</span> <span class='ocrx_word' id='word_1_347' title='bbox 2956 1934 3052 1987; x_wconf 74' lang='grc' dir='ltr'>καὶ</span> <span class='ocrx_word' id='word_1_348' title='bbox 3080 1932 3452 2003; x_wconf 80' lang='grc' dir='ltr'>νηστευόντων</span> <span class='ocrx_word' id='word_1_349' title='bbox 3478 1931 3587 1985; x_wconf 84' lang='grc' dir='ltr'>τῶν</span> <span class='ocrx_word' id='word_1_350' title='bbox 3626 1931 3779 1985; x_wconf 80' lang='grc' dir='ltr'>ἀδελ·</span> 
     </span>
    </p>
   </div>
   <div class='ocr_carea' id='block_1_48' title="bbox 2206 2020 3528 2096">
    <p class='ocr_par' dir='ltr' id='par_1_48' title="bbox 2206 2020 3528 2096">
     <span class='ocr_line' id='line_1_49' title="bbox 2206 2020 3528 2096; baseline -0.002 -17"><span class='ocrx_word' id='word_1_351' title='bbox 2206 2024 2322 2094; x_wconf 86' lang='grc' dir='ltr'>φῶν</span> <span class='ocrx_word' id='word_1_352' title='bbox 2345 2026 2404 2079; x_wconf 79' lang='grc' dir='ltr'>ἐν</span> <span class='ocrx_word' id='word_1_353' title='bbox 2435 2024 2750 2096; x_wconf 55' lang='grc' dir='ltr'>’Δντιοχείιμ</span> <span class='ocrx_word' id='word_1_354' title='bbox 2778 2020 2897 2079; x_wconf 83' lang='grc' dir='ltr'>εῐπε</span> <span class='ocrx_word' id='word_1_355' title='bbox 2916 2024 2979 2078; x_wconf 82' lang='grc' dir='ltr'>τὸ</span> <span class='ocrx_word' id='word_1_356' title='bbox 3008 2023 3233 2095; x_wconf 84' lang='grc' dir='ltr'>Πνεῦμα</span> <span class='ocrx_word' id='word_1_357' title='bbox 3258 2024 3320 2077; x_wconf 80' lang='grc' dir='ltr'>τὸ</span> <span class='ocrx_word' id='word_1_358' title='bbox 3340 2023 3493 2091; x_wconf 78' lang='grc' dir='ltr'>ἀγιον</span> <span class='ocrx_word' id='word_1_359' title='bbox 3511 2037 3528 2054; x_wconf 86' lang='grc'>⁶</span> 
     </span>
    </p>
   </div>
   <div class='ocr_carea' id='block_1_49' title="bbox 2273 2130 3769 2203">
    <p class='ocr_par' dir='ltr' id='par_1_49' title="bbox 2273 2130 3769 2203">
     <span class='ocr_line' id='line_1_50' title="bbox 2273 2130 3769 2203; baseline -0.001 -13"><span class='ocrx_word' id='word_1_360' title='bbox 2273 2136 2421 2203; x_wconf 71' lang='lat' dir='ltr'>KG&quot;.</span> <span class='ocrx_word' id='word_1_361' title='bbox 2476 2136 2577 2190; x_wconf 78' lang='grc' dir='ltr'>Ἐκ</span> <span class='ocrx_word' id='word_1_362' title='bbox 2629 2136 2927 2190; x_wconf 64' lang='grc' dir='ltr'>πλειόνων</span> <span class='ocrx_word' id='word_1_363' title='bbox 2973 2134 3283 2201; x_wconf 76' lang='grc' dir='ltr'>ἀπόδειξις</span> <span class='ocrx_word' id='word_1_364' title='bbox 3317 2135 3464 2190; x_wconf 74' lang='grc' dir='ltr'>Θεὸν</span> <span class='ocrx_word' id='word_1_365' title='bbox 3512 2130 3667 2189; x_wconf 75' lang='grc' dir='ltr'>εἶναι</span> <span class='ocrx_word' id='word_1_366' title='bbox 3698 2136 3769 2190; x_wconf 73' lang='grc' dir='ltr'>τὸ</span> 
     </span>
    </p>
   </div>
   <div class='ocr_carea' id='block_1_50' title="bbox 2758 2204 3224 2273">
    <p class='ocr_par' dir='ltr' id='par_1_50' title="bbox 2758 2204 3224 2273">
     <span class='ocr_line' id='line_1_51' title="bbox 2758 2204 3224 2273; baseline 0 -14"><span class='ocrx_word' id='word_1_367' title='bbox 2758 2204 2932 2273; x_wconf 73' lang='grc' dir='ltr'>ἄτιον</span> <span class='ocrx_word' id='word_1_368' title='bbox 2962 2204 3224 2273; x_wconf 79' lang='grc' dir='ltr'>Πνεῦμα.</span> 
     </span>
    </p>
   </div>
   <div class='ocr_carea' id='block_1_51' title="bbox 2276 2304 3779 2391">
    <p class='ocr_par' dir='ltr' id='par_1_51' title="bbox 2276 2304 3779 2391">
     <span class='ocr_line' id='line_1_52' title="bbox 2276 2304 3779 2391; baseline -0.001 -18"><span class='ocrx_word' id='word_1_369' title='bbox 2276 2338 2296 2373; x_wconf 83' lang='grc' dir='ltr'>ι</span> <span class='ocrx_word' id='word_1_370' title='bbox 2330 2318 2652 2391; x_wconf 69' lang='grc' dir='ltr'>’Δφορίσατι</span> <span class='ocrx_word' id='word_1_371' title='bbox 2678 2336 2769 2390; x_wconf 91' lang='grc' dir='ltr'>μοι</span> <span class='ocrx_word' id='word_1_372' title='bbox 2794 2319 2885 2374; x_wconf 76' lang='grc' dir='ltr'>τὸν</span> <span class='ocrx_word' id='word_1_373' title='bbox 2914 2318 3124 2373; x_wconf 84' lang='grc' dir='ltr'>Παῦλον</span> <span class='ocrx_word' id='word_1_374' title='bbox 3244 2317 3453 2373; x_wconf 75' lang='grc' dir='ltr'>καὶτὸν</span> <span class='ocrx_word' id='word_1_375' title='bbox 3488 2316 3779 2389; x_wconf 71' lang='grc' dir='ltr'>Βαρνάϐαν</span> 
     </span>
    </p>
   </div>
   <div class='ocr_carea' id='block_1_52' title="bbox 2198 2410 3779 2483">
    <p class='ocr_par' dir='ltr' id='par_1_52' title="bbox 2198 2410 3779 2483">
     <span class='ocr_line' id='line_1_53' title="bbox 2198 2410 3779 2483; baseline -0.001 -18"><span class='ocrx_word' id='word_1_376' title='bbox 2198 2410 2279 2475; x_wconf 82' lang='grc' dir='ltr'>είς</span> <span class='ocrx_word' id='word_1_377' title='bbox 2304 2411 2366 2465; x_wconf 83' lang='grc' dir='ltr'>τὸ</span> <span class='ocrx_word' id='word_1_378' title='bbox 2392 2412 2552 2483; x_wconf 69' lang='grc' dir='ltr'>ἔργον</span> <span class='ocrx_word' id='word_1_379' title='bbox 2578 2410 2607 2464; x_wconf 91' lang='lat'>6</span> <span class='ocrx_word' id='word_1_380' title='bbox 2648 2411 3062 2483; x_wconf 73' lang='grc' dir='ltr'>προσκέκλημαι</span> <span class='ocrx_word' id='word_1_381' title='bbox 3091 2410 3314 2475; x_wconf 80' lang='grc' dir='ltr'>αὐτούς.</span> <span class='ocrx_word' id='word_1_382' title='bbox 3362 2429 3381 2462; x_wconf 72' lang='grc' dir='ltr'>ι</span> <span class='ocrx_word' id='word_1_383' title='bbox 3428 2410 3537 2463; x_wconf 76' lang='grc' dir='ltr'>Καὶ</span> <span class='ocrx_word' id='word_1_384' title='bbox 3568 2411 3779 2477; x_wconf 74' lang='grc' dir='ltr'>ἐπαγα-</span> 
     </span>
    </p>
   </div>
   <div class='ocr_carea' id='block_1_53' title="bbox 2197 2502 3779 2575">
    <p class='ocr_par' dir='ltr' id='par_1_53' title="bbox 2197 2502 3779 2575">
     <span class='ocr_line' id='line_1_54' title="bbox 2197 2502 3779 2575; baseline -0.001 -18"><span class='ocrx_word' id='word_1_385' title='bbox 2197 2502 2310 2573; x_wconf 86' lang='grc' dir='ltr'>γὼν</span> <span class='ocrx_word' id='word_1_386' title='bbox 2348 2504 2432 2559; x_wconf 84' lang='grc' dir='ltr'>δτι</span> <span class='ocrx_word' id='word_1_387' title='bbox 2487 2504 2900 2575; x_wconf 66' lang='grc' dir='ltr'>ἐκπεμφθέντες</span> <span class='ocrx_word' id='word_1_388' title='bbox 2949 2504 3054 2558; x_wconf 76' lang='grc' dir='ltr'>ὑπὸ</span> <span class='ocrx_word' id='word_1_389' title='bbox 3102 2504 3197 2557; x_wconf 90' lang='grc' dir='ltr'>τοῦ</span> <span class='ocrx_word' id='word_1_390' title='bbox 3251 2504 3409 2572; x_wconf 88' lang='grc' dir='ltr'>ἀγίου</span> <span class='ocrx_word' id='word_1_391' title='bbox 3462 2503 3779 2572; x_wconf 83' lang='grc' dir='ltr'>Πνεύματος</span> 
     </span>
    </p>
   </div>
   <div class='ocr_carea' id='block_1_54' title="bbox 2198 2593 3780 2665">
    <p class='ocr_par' dir='ltr' id='par_1_54' title="bbox 2198 2593 3780 2665">
     <span class='ocr_line' id='line_1_55' title="bbox 2198 2593 3780 2665; baseline -0.001 -17"><span class='ocrx_word' id='word_1_392' title='bbox 2198 2594 2465 2665; x_wconf 83' lang='grc' dir='ltr'>κατῆλθον</span> <span class='ocrx_word' id='word_1_393' title='bbox 2504 2596 2587 2659; x_wconf 82' lang='grc' dir='ltr'>είς</span> <span class='ocrx_word' id='word_1_394' title='bbox 2642 2594 3003 2659; x_wconf 82' lang='grc' dir='ltr'>Σελεύκειαν,</span> <span class='ocrx_word' id='word_1_395' title='bbox 3040 2593 3135 2648; x_wconf 81' lang='grc' dir='ltr'>καὶ</span> <span class='ocrx_word' id='word_1_396' title='bbox 3182 2594 3583 2664; x_wconf 79' lang='grc' dir='ltr'>διηγησάμενος</span> <span class='ocrx_word' id='word_1_397' title='bbox 3629 2594 3780 2655; x_wconf 82' lang='grc' dir='ltr'>ὅπως</span> 
     </span>
    </p>
   </div>
   <div class='ocr_carea' id='block_1_55' title="bbox 2198 2680 3779 2755">
    <p class='ocr_par' dir='ltr' id='par_1_55' title="bbox 2198 2680 3779 2755">
     <span class='ocr_line' id='line_1_56' title="bbox 2198 2680 3779 2755; baseline -0.003 -19"><span class='ocrx_word' id='word_1_398' title='bbox 2198 2683 2688 2753; x_wconf 84' lang='grc' dir='ltr'>περινοστήσαντες</span> <span class='ocrx_word' id='word_1_399' title='bbox 2715 2682 2814 2755; x_wconf 77' lang='grc' dir='ltr'>τήν</span> <span class='ocrx_word' id='word_1_400' title='bbox 2842 2682 3068 2753; x_wconf 82' lang='grc' dir='ltr'>Κύπρον</span> <span class='ocrx_word' id='word_1_401' title='bbox 3113 2681 3209 2734; x_wconf 76' lang='grc' dir='ltr'>καὶ</span> <span class='ocrx_word' id='word_1_402' title='bbox 3254 2680 3353 2751; x_wconf 79' lang='grc' dir='ltr'>τήν</span> <span class='ocrx_word' id='word_1_403' title='bbox 3396 2680 3627 2744; x_wconf 82' lang='grc' dir='ltr'>Λυκίαν,</span> <span class='ocrx_word' id='word_1_404' title='bbox 3681 2680 3779 2733; x_wconf 78' lang='grc' dir='ltr'>καὶ</span> 
     </span>
    </p>
   </div>
   <div class='ocr_carea' id='block_1_56' title="bbox 2196 2771 3779 2843">
    <p class='ocr_par' dir='ltr' id='par_1_56' title="bbox 2196 2771 3779 2843">
     <span class='ocr_line' id='line_1_57' title="bbox 2196 2771 3779 2843; baseline -0.002 -16"><span class='ocrx_word' id='word_1_405' title='bbox 2196 2774 2521 2838; x_wconf 85' lang='grc' dir='ltr'>Λυκαονίαν,</span> <span class='ocrx_word' id='word_1_406' title='bbox 2564 2774 2658 2828; x_wconf 76' lang='grc' dir='ltr'>καὶ</span> <span class='ocrx_word' id='word_1_407' title='bbox 2694 2773 3039 2843; x_wconf 89' lang='grc' dir='ltr'>Παμφυλίαν,</span> <span class='ocrx_word' id='word_1_408' title='bbox 3069 2773 3163 2826; x_wconf 76' lang='grc' dir='ltr'>καὶ</span> <span class='ocrx_word' id='word_1_409' title='bbox 3186 2771 3471 2836; x_wconf 87' lang='grc' dir='ltr'>Βυθυνίαν,</span> <span class='ocrx_word' id='word_1_410' title='bbox 3498 2772 3779 2842; x_wconf 77' lang='grc' dir='ltr'>ἐκήρυξαν</span> 
     </span>
    </p>
   </div>
   <div class='ocr_carea' id='block_1_57' title="bbox 2196 2862 3778 2935">
    <p class='ocr_par' dir='ltr' id='par_1_57' title="bbox 2196 2862 3778 2935">
     <span class='ocr_line' id='line_1_58' title="bbox 2196 2862 3778 2935; baseline -0.003 -16"><span class='ocrx_word' id='word_1_411' title='bbox 2196 2866 2258 2919; x_wconf 80' lang='grc' dir='ltr'>τὸ</span> <span class='ocrx_word' id='word_1_412' title='bbox 2318 2865 2692 2934; x_wconf 80' lang='grc' dir='ltr'>Εὐαγγέλιον,</span> <span class='ocrx_word' id='word_1_413' title='bbox 2762 2866 3016 2935; x_wconf 70' lang='grc' dir='ltr'>ἐπιφέρει</span> <span class='ocrx_word' id='word_1_414' title='bbox 3052 2881 3067 2897; x_wconf 80' lang='grc' dir='ltr'><strong><em>ο</em></strong></span> <span class='ocrx_word' id='word_1_415' title='bbox 3133 2864 3452 2918; x_wconf 74' lang='grc' dir='ltr'>«Κάκεῖθεν</span> <span class='ocrx_word' id='word_1_416' title='bbox 3501 2862 3778 2916; x_wconf 81' lang='grc' dir='ltr'>ἀποπλεύ-</span> 
     </span>
    </p>
   </div>
   <div class='ocr_carea' id='block_1_58' title="bbox 2201 2953 3775 3027">
    <p class='ocr_par' dir='ltr' id='par_1_58' title="bbox 2201 2953 3775 3027">
     <span class='ocr_line' id='line_1_59' title="bbox 2201 2953 3775 3027; baseline -0.001 -17"><span class='ocrx_word' id='word_1_417' title='bbox 2201 2973 2396 3020; x_wconf 89' lang='grc' dir='ltr'>σαντες</span> <span class='ocrx_word' id='word_1_418' title='bbox 2433 2958 2513 3020; x_wconf 88' lang='grc' dir='ltr'>είς</span> <span class='ocrx_word' id='word_1_419' title='bbox 2560 2954 2887 3026; x_wconf 75' lang='grc' dir='ltr'>Ἀντιόχειαν</span> <span class='ocrx_word' id='word_1_420' title='bbox 2933 2956 2984 3008; x_wconf 90' lang='grc' dir='ltr'>οί</span> <span class='ocrx_word' id='word_1_421' title='bbox 3017 2954 3145 3025; x_wconf 70' lang='grc' dir='ltr'>περὶ</span> <span class='ocrx_word' id='word_1_422' title='bbox 3181 2953 3467 3027; x_wconf 75' lang='grc' dir='ltr'>Βαρνάϐαν</span> <span class='ocrx_word' id='word_1_423' title='bbox 3498 2956 3595 3009; x_wconf 81' lang='grc' dir='ltr'>καὶ</span> <span class='ocrx_word' id='word_1_424' title='bbox 3633 2953 3775 3009; x_wconf 87' lang='grc' dir='ltr'>Παῦ-</span> 
     </span>
    </p>
   </div>
   <div class='ocr_carea' id='block_1_59' title="bbox 2194 3043 3778 3119">
    <p class='ocr_par' dir='ltr' id='par_1_59' title="bbox 2194 3043 3778 3119">
     <span class='ocr_line' id='line_1_60' title="bbox 2194 3043 3778 3119; baseline -0.002 -17"><span class='ocrx_word' id='word_1_425' title='bbox 2194 3049 2313 3115; x_wconf 87' lang='grc' dir='ltr'>λον,</span> <span class='ocrx_word' id='word_1_426' title='bbox 2356 3050 2478 3104; x_wconf 86' lang='grc' dir='ltr'>δθεν</span> <span class='ocrx_word' id='word_1_427' title='bbox 2520 3043 2662 3119; x_wconf 80' lang='grc' dir='ltr'>ἦσαν</span> <span class='ocrx_word' id='word_1_428' title='bbox 2700 3047 3126 3119; x_wconf 80' lang='grc' dir='ltr'>παραδεδομένοι</span> <span class='ocrx_word' id='word_1_429' title='bbox 3172 3050 3239 3119; x_wconf 77' lang='grc' dir='ltr'>τῇ</span> <span class='ocrx_word' id='word_1_430' title='bbox 3275 3048 3458 3117; x_wconf 79' lang='grc' dir='ltr'>χάριτι</span> <span class='ocrx_word' id='word_1_431' title='bbox 3500 3046 3596 3099; x_wconf 86' lang='grc' dir='ltr'>τοῦ</span> <span class='ocrx_word' id='word_1_432' title='bbox 3640 3046 3778 3099; x_wconf 84' lang='grc' dir='ltr'>Θεοῦ</span> 
     </span>
    </p>
   </div>
   <div class='ocr_carea' id='block_1_60' title="bbox 535 3136 2095 3209">
    <p class='ocr_par' dir='ltr' id='par_1_60' title="bbox 535 3136 2095 3207">
     <span class='ocr_line' id='line_1_61' title="bbox 535 3136 2095 3207; baseline 0.006 -21"><span class='ocrx_word' id='word_1_433' title='bbox 535 3143 869 3203; x_wconf 74' lang='lat' dir='ltr'><strong>gregassent,</strong></span> <span class='ocrx_word' id='word_1_434' title='bbox 925 3136 1227 3192; x_wconf 90' lang='lat' dir='ltr'><strong>retulerunt</strong></span> <span class='ocrx_word' id='word_1_435' title='bbox 1282 3146 1483 3207; x_wconf 87' lang='lat' dir='ltr'><strong>quanta</strong></span> <span class='ocrx_word' id='word_1_436' title='bbox 1547 3137 1761 3194; x_wconf 83' lang='lat' dir='ltr'><strong>fecisset</strong></span> <span class='ocrx_word' id='word_1_437' title='bbox 1809 3154 1930 3195; x_wconf 90' lang='lat' dir='ltr'>cum</span> <span class='ocrx_word' id='word_1_438' title='bbox 1989 3139 2095 3196; x_wconf 88' lang='lat' dir='ltr'><strong>illis</strong></span> 
     </span>
    </p>
   </div>
   <div class='ocr_carea' id='block_1_61' title="bbox 2197 3136 3779 3209">
    <p class='ocr_par' dir='ltr' id='par_1_61' title="bbox 2197 3136 3779 3209">
     <span class='ocr_line' id='line_1_62' title="bbox 2197 3136 3779 3209; baseline -0.004 -16"><span class='ocrx_word' id='word_1_439' title='bbox 2197 3141 2275 3203; x_wconf 81' lang='grc' dir='ltr'>είς</span> <span class='ocrx_word' id='word_1_440' title='bbox 2302 3138 2365 3193; x_wconf 83' lang='grc' dir='ltr'>τὸ</span> <span class='ocrx_word' id='word_1_441' title='bbox 2393 3138 2552 3209; x_wconf 71' lang='grc' dir='ltr'>ἔργον</span> <span class='ocrx_word' id='word_1_442' title='bbox 2592 3138 2622 3189; x_wconf 87' lang='lat'>6</span> <span class='ocrx_word' id='word_1_443' title='bbox 2657 3137 2980 3208; x_wconf 77' lang='grc' dir='ltr'>ἐπλήρωσαν</span> <span class='ocrx_word' id='word_1_444' title='bbox 3003 3150 3021 3169; x_wconf 78' lang='grc'><strong>⁸</strong></span> <span class='ocrx_word' id='word_1_445' title='bbox 3072 3136 3505 3206; x_wconf 86' lang='grc' dir='ltr'>παραγενόμενοι</span> <span class='ocrx_word' id='word_1_446' title='bbox 3545 3136 3637 3201; x_wconf 83' lang='grc' dir='ltr'>δὲ,</span> <span class='ocrx_word' id='word_1_447' title='bbox 3681 3136 3779 3188; x_wconf 79' lang='grc' dir='ltr'>καὶ</span> 
     </span>
    </p>
   </div>
   <div class='ocr_carea' id='block_1_62' title="bbox 532 3222 2095 3299">
    <p class='ocr_par' dir='ltr' id='par_1_62' title="bbox 532 3222 2095 3299">
     <span class='ocr_line' id='line_1_63' title="bbox 532 3222 2095 3299; baseline 0.006 -24"><span class='ocrx_word' id='word_1_448' title='bbox 532 3222 676 3277; x_wconf 87' lang='lat' dir='ltr'><strong>Deus</strong></span> <span class='ocrx_word' id='word_1_449' title='bbox 696 3224 764 3279; x_wconf 83' lang='lat'><strong>&quot;.</strong></span> <span class='ocrx_word' id='word_1_450' title='bbox 793 3243 813 3276; x_wconf 76' lang='grc' dir='ltr'>ι</span> <span class='ocrx_word' id='word_1_451' title='bbox 851 3224 917 3280; x_wconf 87' lang='lat' dir='ltr'><strong>Et</strong></span> <span class='ocrx_word' id='word_1_452' title='bbox 948 3227 1163 3295; x_wconf 91' lang='lat' dir='ltr'><strong>quidem</strong></span> <span class='ocrx_word' id='word_1_453' title='bbox 1206 3242 1327 3282; x_wconf 90' lang='lat' dir='ltr'>cum</span> <span class='ocrx_word' id='word_1_454' title='bbox 1368 3228 1615 3296; x_wconf 87' lang='lat' dir='ltr'><strong>superius</strong></span> <span class='ocrx_word' id='word_1_455' title='bbox 1644 3228 1878 3299; x_wconf 88' lang='lat' dir='ltr'><strong>Spiritus</strong></span> <span class='ocrx_word' id='word_1_456' title='bbox 1905 3231 2095 3284; x_wconf 88' lang='lat' dir='ltr'><strong>memi-</strong></span> 
     </span>
    </p>
   </div>
   <div class='ocr_carea' id='block_1_63' title="bbox 535 3311 2095 3383">
    <p class='ocr_par' dir='ltr' id='par_1_63' title="bbox 535 3311 2095 3383">
     <span class='ocr_line' id='line_1_64' title="bbox 535 3311 2095 3383; baseline 0.007 -20"><span class='ocrx_word' id='word_1_457' title='bbox 535 3311 725 3379; x_wconf 88' lang='lat' dir='ltr'><strong>nisset,</strong></span> <span class='ocrx_word' id='word_1_458' title='bbox 752 3327 848 3368; x_wconf 89' lang='lat' dir='ltr'>ceu</span> <span class='ocrx_word' id='word_1_459' title='bbox 882 3316 972 3383; x_wconf 87' lang='lat' dir='ltr'><strong>qui</strong></span> <span class='ocrx_word' id='word_1_460' title='bbox 1002 3314 1225 3369; x_wconf 90' lang='lat' dir='ltr'><strong>Paulum</strong></span> <span class='ocrx_word' id='word_1_461' title='bbox 1254 3326 1309 3371; x_wconf 92' lang='lat' dir='ltr'><strong>et</strong></span> <span class='ocrx_word' id='word_1_462' title='bbox 1342 3316 1641 3371; x_wconf 86' lang='lat' dir='ltr'><strong>Barnabam</strong></span> <span class='ocrx_word' id='word_1_463' title='bbox 1667 3318 1733 3373; x_wconf 90' lang='lat' dir='ltr'>ad</span> <span class='ocrx_word' id='word_1_464' title='bbox 1764 3319 2095 3374; x_wconf 89' lang='lat' dir='ltr'><strong>destinatum</strong></span> 
     </span>
    </p>
   </div>
   <div class='ocr_carea' id='block_1_64' title="bbox 536 3404 2093 3477">
    <p class='ocr_par' dir='ltr' id='par_1_64' title="bbox 536 3404 2093 3477">
     <span class='ocr_line' id='line_1_65' title="bbox 536 3404 2093 3477; baseline 0.006 -23"><span class='ocrx_word' id='word_1_465' title='bbox 536 3416 567 3454; x_wconf 89' lang='lat' dir='ltr'>a</span> <span class='ocrx_word' id='word_1_466' title='bbox 600 3416 659 3456; x_wconf 91' lang='lat' dir='ltr'>se</span> <span class='ocrx_word' id='word_1_467' title='bbox 688 3417 822 3472; x_wconf 84' lang='lat' dir='ltr'><strong>Opus</strong></span> <span class='ocrx_word' id='word_1_468' title='bbox 854 3404 1122 3474; x_wconf 76' lang='lat' dir='ltr'><strong>elegisset,</strong></span> <span class='ocrx_word' id='word_1_469' title='bbox 1158 3406 1422 3475; x_wconf 87' lang='lat' dir='ltr'><strong>Spiritum</strong></span> <span class='ocrx_word' id='word_1_470' title='bbox 1466 3422 1656 3463; x_wconf 87' lang='lat' dir='ltr'><strong>rursus</strong></span> <span class='ocrx_word' id='word_1_471' title='bbox 1702 3418 1823 3477; x_wconf 89' lang='lat' dir='ltr'><strong>post</strong></span> <span class='ocrx_word' id='word_1_472' title='bbox 1862 3411 2093 3465; x_wconf 87' lang='lat' dir='ltr'><strong>reditum</strong></span> 
     </span>
    </p>
   </div>
   <div class='ocr_carea' id='block_1_65' title="bbox 537 3491 2095 3568">
    <p class='ocr_par' dir='ltr' id='par_1_65' title="bbox 537 3491 2095 3568">
     <span class='ocr_line' id='line_1_66' title="bbox 537 3491 2095 3568; baseline 0.005 -24"><span class='ocrx_word' id='word_1_473' title='bbox 537 3491 801 3559; x_wconf 87' lang='lat' dir='ltr'><strong>nominat,</strong></span> <span class='ocrx_word' id='word_1_474' title='bbox 833 3494 1021 3563; x_wconf 90' lang='lat' dir='ltr'><strong>bisque</strong></span> <span class='ocrx_word' id='word_1_475' title='bbox 1052 3495 1127 3548; x_wconf 92' lang='lat' dir='ltr'><strong>illi</strong></span> <span class='ocrx_word' id='word_1_476' title='bbox 1180 3495 1273 3550; x_wconf 85' lang='lat' dir='ltr'>Dei</span> <span class='ocrx_word' id='word_1_477' title='bbox 1323 3511 1520 3552; x_wconf 90' lang='lat' dir='ltr'><strong>nomen</strong></span> <span class='ocrx_word' id='word_1_478' title='bbox 1573 3497 1865 3563; x_wconf 87' lang='lat' dir='ltr'><strong>attribuit;</strong></span> <span class='ocrx_word' id='word_1_479' title='bbox 1921 3499 2095 3568; x_wconf 86' lang='lat' dir='ltr'><strong>primo</strong></span> 
     </span>
    </p>
   </div>
   <div class='ocr_carea' id='block_1_66' title="bbox 536 3582 2097 3655">
    <p class='ocr_par' dir='ltr' id='par_1_66' title="bbox 536 3582 2097 3655">
     <span class='ocr_line' id='line_1_67' title="bbox 536 3582 2097 3655; baseline 0.003 -19"><span class='ocrx_word' id='word_1_480' title='bbox 536 3582 743 3647; x_wconf 86' lang='lat' dir='ltr'><strong>dicens,</strong></span> <span class='ocrx_word' id='word_1_481' title='bbox 778 3584 918 3651; x_wconf 91' lang='lat' dir='ltr'><strong>quod</strong></span> <span class='ocrx_word' id='word_1_482' title='bbox 954 3585 1293 3639; x_wconf 85' lang='lat' dir='ltr'><strong>Antiochiam</strong></span> <span class='ocrx_word' id='word_1_483' title='bbox 1345 3587 1715 3655; x_wconf 72' lang='lat' dir='ltr'><strong>navigaverint</strong></span> <span class='ocrx_word' id='word_1_484' title='bbox 1758 3588 1897 3641; x_wconf 91' lang='lat' dir='ltr'><strong>unde</strong></span> <span class='ocrx_word' id='word_1_485' title='bbox 1940 3596 2097 3643; x_wconf 88' lang='lat' dir='ltr'><strong>erant</strong></span> 
     </span>
    </p>
   </div>
   <div class='ocr_carea' id='block_1_67' title="bbox 538 3674 2094 3747">
    <p class='ocr_par' dir='ltr' id='par_1_67' title="bbox 538 3674 2094 3747">
     <span class='ocr_line' id='line_1_68' title="bbox 538 3674 2094 3747; baseline 0.005 -22"><span class='ocrx_word' id='word_1_486' title='bbox 538 3674 718 3727; x_wconf 91' lang='lat' dir='ltr'><strong>traditi</strong></span> <span class='ocrx_word' id='word_1_487' title='bbox 747 3675 933 3744; x_wconf 66' lang='lat' dir='ltr'><strong>gratiae</strong></span> <span class='ocrx_word' id='word_1_488' title='bbox 962 3676 1051 3729; x_wconf 90' lang='lat' dir='ltr'>Dei</span> <span class='ocrx_word' id='word_1_489' title='bbox 1087 3686 1301 3744; x_wconf 90' lang='lat' dir='ltr'><strong>propter</strong></span> <span class='ocrx_word' id='word_1_490' title='bbox 1333 3692 1467 3745; x_wconf 90' lang='lat' dir='ltr'><strong>opus</strong></span> <span class='ocrx_word' id='word_1_491' title='bbox 1510 3678 1652 3747; x_wconf 92' lang='lat' dir='ltr'><strong>quod</strong></span> <span class='ocrx_word' id='word_1_492' title='bbox 1704 3693 1893 3746; x_wconf 87' lang='lat' dir='ltr'><strong>reapse</strong></span> <span class='ocrx_word' id='word_1_493' title='bbox 1945 3692 2094 3732; x_wconf 87' lang='lat' dir='ltr'><strong>com-</strong></span> 
     </span>
    </p>
   </div>
   <div class='ocr_carea' id='block_1_68' title="bbox 538 3762 2093 3838">
    <p class='ocr_par' dir='ltr' id='par_1_68' title="bbox 538 3762 2093 3838">
     <span class='ocr_line' id='line_1_69' title="bbox 538 3762 2093 3838; baseline 0.006 -25"><span class='ocrx_word' id='word_1_494' title='bbox 538 3762 850 3831; x_wconf 84' lang='lat' dir='ltr'><strong>pleverant;</strong></span> <span class='ocrx_word' id='word_1_495' title='bbox 906 3765 1101 3819; x_wconf 88' lang='lat' dir='ltr'><strong>iterum</strong></span> <span class='ocrx_word' id='word_1_496' title='bbox 1157 3766 1283 3820; x_wconf 88' lang='lat' dir='ltr'><strong>dum</strong></span> <span class='ocrx_word' id='word_1_497' title='bbox 1317 3768 1415 3834; x_wconf 89' lang='lat' dir='ltr'><strong>ait,</strong></span> <span class='ocrx_word' id='word_1_498' title='bbox 1444 3769 1583 3837; x_wconf 92' lang='lat' dir='ltr'><strong>quod</strong></span> <span class='ocrx_word' id='word_1_499' title='bbox 1626 3778 1961 3838; x_wconf 63' lang='lat' dir='ltr'><strong>congregatae</strong></span> <span class='ocrx_word' id='word_1_500' title='bbox 1991 3768 2093 3823; x_wconf 86' lang='lat' dir='ltr'>Ec-</span> 
     </span>
    </p>
   </div>
   <div class='ocr_carea' id='block_1_69' title="bbox 539 3854 2090 3927">
    <p class='ocr_par' dir='ltr' id='par_1_69' title="bbox 539 3854 2090 3927">
     <span class='ocr_line' id='line_1_70' title="bbox 539 3854 2090 3927; baseline 0.003 -19"><span class='ocrx_word' id='word_1_501' title='bbox 539 3854 713 3909; x_wconf 68' lang='lat' dir='ltr'><strong>clesiae</strong></span> <span class='ocrx_word' id='word_1_502' title='bbox 739 3868 801 3908; x_wconf 91' lang='lat' dir='ltr'><strong>ea</strong></span> <span class='ocrx_word' id='word_1_503' title='bbox 829 3858 1191 3923; x_wconf 87' lang='lat' dir='ltr'><strong>narraverint,</strong></span> <span class='ocrx_word' id='word_1_504' title='bbox 1224 3874 1342 3926; x_wconf 69' lang='lat' dir='ltr'><strong>quze</strong></span> <span class='ocrx_word' id='word_1_505' title='bbox 1369 3874 1491 3912; x_wconf 90' lang='lat' dir='ltr'>cum</span> <span class='ocrx_word' id='word_1_506' title='bbox 1530 3859 1659 3927; x_wconf 88' lang='lat' dir='ltr'><strong>ipsis</strong></span> <span class='ocrx_word' id='word_1_507' title='bbox 1690 3860 1828 3913; x_wconf 88' lang='lat' dir='ltr'><strong>Deus</strong></span> <span class='ocrx_word' id='word_1_508' title='bbox 1856 3860 2090 3913; x_wconf 81' lang='lat' dir='ltr'><strong>fecisset.</strong></span> 
     </span>
    </p>
   </div>
   <div class='ocr_carea' id='block_1_70' title="bbox 537 3944 2091 4017">
    <p class='ocr_par' dir='ltr' id='par_1_70' title="bbox 537 3944 2091 4017">
     <span class='ocr_line' id='line_1_71' title="bbox 537 3944 2091 4017; baseline 0.003 -19"><span class='ocrx_word' id='word_1_509' title='bbox 537 3944 781 4002; x_wconf 87' lang='lat' dir='ltr'><strong>Profecto</strong></span> <span class='ocrx_word' id='word_1_510' title='bbox 804 3963 832 4000; x_wconf 86' lang='lat' dir='ltr'>a</span> <span class='ocrx_word' id='word_1_511' title='bbox 873 3947 1075 4017; x_wconf 92' lang='lat' dir='ltr'><strong>Spiritu</strong></span> <span class='ocrx_word' id='word_1_512' title='bbox 1104 3961 1291 4004; x_wconf 90' lang='lat' dir='ltr'><strong>sancto</strong></span> <span class='ocrx_word' id='word_1_513' title='bbox 1315 3960 1433 4005; x_wconf 92' lang='lat' dir='ltr'><strong>erat</strong></span> <span class='ocrx_word' id='word_1_514' title='bbox 1463 3950 1843 4004; x_wconf 86' lang='lat' dir='ltr'><strong>miraculorum</strong></span> <span class='ocrx_word' id='word_1_515' title='bbox 1873 3950 2091 4015; x_wconf 83' lang='lat' dir='ltr'><strong>donum,</strong></span> 
     </span>
    </p>
   </div>
   <div class='ocr_carea' id='block_1_71' title="bbox 538 4036 2095 4111">
    <p class='ocr_par' dir='ltr' id='par_1_71' title="bbox 538 4036 2095 4111">
     <span class='ocr_line' id='line_1_72' title="bbox 538 4036 2095 4111; baseline 0.004 -21"><span class='ocrx_word' id='word_1_516' title='bbox 538 4036 653 4104; x_wconf 84' lang='lat' dir='ltr'><strong>ipse</strong></span> <span class='ocrx_word' id='word_1_517' title='bbox 676 4039 997 4105; x_wconf 89' lang='lat' dir='ltr'><strong>sapientiam</strong></span> <span class='ocrx_word' id='word_1_518' title='bbox 1048 4041 1499 4111; x_wconf 85' lang='lat' dir='ltr'><strong>prudentiamque</strong></span> <span class='ocrx_word' id='word_1_519' title='bbox 1544 4042 1950 4110; x_wconf 84' lang='lat' dir='ltr'><strong>suppeditabat,</strong></span> <span class='ocrx_word' id='word_1_520' title='bbox 1982 4042 2095 4111; x_wconf 90' lang='lat' dir='ltr'><strong>ipse</strong></span> 
     </span>
    </p>
   </div>
   <div class='ocr_carea' id='block_1_72' title="bbox 538 4126 2093 4200">
    <p class='ocr_par' dir='ltr' id='par_1_72' title="bbox 538 4126 2093 4200">
     <span class='ocr_line' id='line_1_73' title="bbox 538 4126 2093 4200; baseline 0.005 -22"><span class='ocrx_word' id='word_1_521' title='bbox 538 4126 949 4194; x_wconf 63' lang='lat' dir='ltr'><strong>praedicantibus</strong></span> <span class='ocrx_word' id='word_1_522' title='bbox 980 4128 1190 4198; x_wconf 82' lang='lat' dir='ltr'><strong>705m</strong></span> <span class='ocrx_word' id='word_1_523' title='bbox 1218 4131 1321 4184; x_wconf 85' lang='lat' dir='ltr'>vim</span> <span class='ocrx_word' id='word_1_524' title='bbox 1375 4132 1675 4200; x_wconf 76' lang='lat' dir='ltr'><strong>ingerebat,</strong></span> <span class='ocrx_word' id='word_1_525' title='bbox 1714 4132 1827 4197; x_wconf 89' lang='lat' dir='ltr'><strong>ipse</strong></span> <span class='ocrx_word' id='word_1_526' title='bbox 1881 4132 1965 4186; x_wconf 90' lang='lat' dir='ltr'>bis</span> <span class='ocrx_word' id='word_1_527' title='bbox 2009 4133 2093 4186; x_wconf 88' lang='lat' dir='ltr'>in-</span> 
     </span>
    </p>
   </div>
   <div class='ocr_carea' id='block_1_73' title="bbox 538 4217 2095 4288">
    <p class='ocr_par' dir='ltr' id='par_1_73' title="bbox 538 4217 2095 4288">
     <span class='ocr_line' id='line_1_74' title="bbox 538 4217 2095 4288; baseline 0.004 -17"><span class='ocrx_word' id='word_1_528' title='bbox 538 4217 780 4284; x_wconf 88' lang='lat' dir='ltr'><strong>spirabat</strong></span> <span class='ocrx_word' id='word_1_529' title='bbox 804 4219 1098 4288; x_wconf 78' lang='lat' dir='ltr'><strong>magisterii</strong></span> <span class='ocrx_word' id='word_1_530' title='bbox 1129 4236 1460 4278; x_wconf 88' lang='lat' dir='ltr'><strong>sermonem.</strong></span> <span class='ocrx_word' id='word_1_531' title='bbox 1495 4222 1648 4277; x_wconf 88' lang='lat' dir='ltr'><strong>Unde</strong></span> <span class='ocrx_word' id='word_1_532' title='bbox 1669 4232 1724 4277; x_wconf 93' lang='lat' dir='ltr'>et</span> <span class='ocrx_word' id='word_1_533' title='bbox 1750 4223 1947 4278; x_wconf 87' lang='lat' dir='ltr'><strong>Paulus</strong></span> <span class='ocrx_word' id='word_1_534' title='bbox 1983 4224 2095 4278; x_wconf 81' lang='lat' dir='ltr'><strong>aie-</strong></span> 
     </span>
    </p>
   </div>
   <div class='ocr_carea' id='block_1_74' title="bbox 535 4308 2090 4382">
    <p class='ocr_par' dir='ltr' id='par_1_74' title="bbox 535 4308 2090 4382">
     <span class='ocr_line' id='line_1_75' title="bbox 535 4308 2090 4382; baseline 0.006 -21"><span class='ocrx_word' id='word_1_535' title='bbox 535 4308 629 4361; x_wconf 88' lang='lat' dir='ltr'>bat</span> <span class='ocrx_word' id='word_1_536' title='bbox 669 4327 681 4361; x_wconf 89' lang='lat'><strong>:</strong></span> <span class='ocrx_word' id='word_1_537' title='bbox 724 4326 743 4358; x_wconf 80' lang='grc' dir='ltr'>ι</span> <span class='ocrx_word' id='word_1_538' title='bbox 780 4308 879 4362; x_wconf 79' lang='lat' dir='ltr'><strong>Alii</strong></span> <span class='ocrx_word' id='word_1_539' title='bbox 917 4310 1131 4379; x_wconf 92' lang='lat' dir='ltr'><strong>quidem</strong></span> <span class='ocrx_word' id='word_1_540' title='bbox 1161 4327 1255 4382; x_wconf 87' lang='lat' dir='ltr'>per</span> <span class='ocrx_word' id='word_1_541' title='bbox 1294 4314 1556 4381; x_wconf 90' lang='lat' dir='ltr'><strong>Spiritum</strong></span> <span class='ocrx_word' id='word_1_542' title='bbox 1593 4314 1756 4368; x_wconf 89' lang='lat' dir='ltr'><strong>datur</strong></span> <span class='ocrx_word' id='word_1_543' title='bbox 1791 4329 1976 4369; x_wconf 88' lang='lat' dir='ltr'><strong>sermo</strong></span> <span class='ocrx_word' id='word_1_544' title='bbox 1998 4328 2090 4369; x_wconf 85' lang='lat' dir='ltr'><strong>sa-</strong></span> 
     </span>
    </p>
   </div>
   <div class='ocr_carea' id='block_1_75' title="bbox 535 4399 2089 4466">
    <p class='ocr_par' dir='ltr' id='par_1_75' title="bbox 535 4399 2089 4466">
     <span class='ocr_line' id='line_1_76' title="bbox 535 4399 2089 4466; baseline 0.007 -15"><span class='ocrx_word' id='word_1_545' title='bbox 535 4399 744 4466; x_wconf 69' lang='lat' dir='ltr'><strong>pientiae</strong></span> <span class='ocrx_word' id='word_1_546' title='bbox 763 4418 776 4465; x_wconf 90' lang='lat'>;</span> <span class='ocrx_word' id='word_1_547' title='bbox 794 4401 882 4453; x_wconf 91' lang='lat' dir='ltr'><strong>alii</strong></span> <span class='ocrx_word' id='word_1_548' title='bbox 898 4410 1075 4456; x_wconf 87' lang='lat' dir='ltr'><strong>autem</strong></span> <span class='ocrx_word' id='word_1_549' title='bbox 1090 4418 1268 4460; x_wconf 88' lang='lat' dir='ltr'><strong>sermo</strong></span> <span class='ocrx_word' id='word_1_550' title='bbox 1279 4406 1518 4461; x_wconf 86' lang='lat' dir='ltr'><strong>scientiae</strong></span> <span class='ocrx_word' id='word_1_551' title='bbox 1535 4409 1829 4463; x_wconf 90' lang='lat' dir='ltr'><strong>secundum</strong></span> <span class='ocrx_word' id='word_1_552' title='bbox 1844 4408 2089 4463; x_wconf 90' lang='lat' dir='ltr'><strong>eumdem</strong></span> 
     </span>
    </p>
   </div>
   <div class='ocr_carea' id='block_1_76' title="bbox 2195 3226 3778 3300">
    <p class='ocr_par' dir='ltr' id='par_1_76' title="bbox 2195 3226 3778 3300">
     <span class='ocr_line' id='line_1_77' title="bbox 2195 3226 3778 3300; baseline -0.002 -18"><span class='ocrx_word' id='word_1_553' title='bbox 2195 3231 2294 3300; x_wconf 81' lang='grc' dir='ltr'>τὴν</span> <span class='ocrx_word' id='word_1_554' title='bbox 2361 3229 2691 3299; x_wconf 86' lang='grc' dir='ltr'>Ἐκκλησίαν</span> <span class='ocrx_word' id='word_1_555' title='bbox 2766 3227 3164 3296; x_wconf 83' lang='grc' dir='ltr'>συναγαγόντες</span> <span class='ocrx_word' id='word_1_556' title='bbox 3189 3266 3207 3292; x_wconf 94' lang='grc'>,</span> <span class='ocrx_word' id='word_1_557' title='bbox 3277 3226 3607 3296; x_wconf 84' lang='grc' dir='ltr'>ἀνήγγειλαν</span> <span class='ocrx_word' id='word_1_558' title='bbox 3675 3226 3778 3279; x_wconf 85' lang='grc' dir='ltr'>ὅσα</span> 
     </span>
    </p>
   </div>
   <div class='ocr_carea' id='block_1_77' title="bbox 2201 3316 3778 3391">
    <p class='ocr_par' dir='ltr' id='par_1_77' title="bbox 2201 3316 3778 3391">
     <span class='ocr_line' id='line_1_78' title="bbox 2201 3316 3778 3391; baseline -0.003 -18"><span class='ocrx_word' id='word_1_559' title='bbox 2201 3321 2459 3391; x_wconf 85' lang='grc' dir='ltr'>ἐποίησεν</span> <span class='ocrx_word' id='word_1_560' title='bbox 2490 3320 2606 3389; x_wconf 79' lang='grc' dir='ltr'>μετ’</span> <span class='ocrx_word' id='word_1_561' title='bbox 2638 3318 2815 3373; x_wconf 83' lang='grc' dir='ltr'>αὐτῶν</span> <span class='ocrx_word' id='word_1_562' title='bbox 2844 3319 2872 3369; x_wconf 89' lang='grc' dir='ltr'>ὁ</span> <span class='ocrx_word' id='word_1_563' title='bbox 2893 3318 3050 3381; x_wconf 87' lang='grc' dir='ltr'>Θεός.</span> <span class='ocrx_word' id='word_1_564' title='bbox 3069 3336 3089 3369; x_wconf 89' lang='lat' dir='ltr'><strong>s</strong></span> <span class='ocrx_word' id='word_1_565' title='bbox 3135 3318 3533 3388; x_wconf 83' lang='grc' dir='ltr'>Μνημονεύσας</span> <span class='ocrx_word' id='word_1_566' title='bbox 3570 3316 3778 3370; x_wconf 79' lang='grc' dir='ltr'>άνωοεν</span> 
     </span>
    </p>
   </div>
   <div class='ocr_carea' id='block_1_78' title="bbox 2195 3404 3778 3478">
    <p class='ocr_par' dir='ltr' id='par_1_78' title="bbox 2195 3404 3778 3478">
     <span class='ocr_line' id='line_1_79' title="bbox 2195 3404 3778 3478; baseline -0.003 -17"><span class='ocrx_word' id='word_1_567' title='bbox 2195 3408 2287 3461; x_wconf 88' lang='grc' dir='ltr'>τοῦ</span> <span class='ocrx_word' id='word_1_568' title='bbox 2318 3407 2653 3478; x_wconf 79' lang='grc' dir='ltr'>Πνεῦματος,</span> <span class='ocrx_word' id='word_1_569' title='bbox 2699 3406 2774 3470; x_wconf 85' lang='grc' dir='ltr'>ὡς</span> <span class='ocrx_word' id='word_1_570' title='bbox 2803 3407 3161 3477; x_wconf 84' lang='grc' dir='ltr'>ἀφορίσαντος</span> <span class='ocrx_word' id='word_1_571' title='bbox 3186 3406 3277 3458; x_wconf 78' lang='grc' dir='ltr'>τὸν</span> <span class='ocrx_word' id='word_1_572' title='bbox 3318 3405 3528 3458; x_wconf 88' lang='grc' dir='ltr'>Παῦλον</span> <span class='ocrx_word' id='word_1_573' title='bbox 3568 3406 3660 3459; x_wconf 79' lang='grc' dir='ltr'>καὶ</span> <span class='ocrx_word' id='word_1_574' title='bbox 3686 3404 3778 3457; x_wconf 83' lang='grc' dir='ltr'>τὸν</span> 
     </span>
    </p>
   </div>
   <div class='ocr_carea' id='block_1_79' title="bbox 2196 3494 3778 3569">
    <p class='ocr_par' dir='ltr' id='par_1_79' title="bbox 2196 3494 3778 3569">
     <span class='ocr_line' id='line_1_80' title="bbox 2196 3494 3778 3569; baseline -0.003 -17"><span class='ocrx_word' id='word_1_575' title='bbox 2196 3496 2480 3569; x_wconf 75' lang='grc' dir='ltr'>Βαρνάϐαν</span> <span class='ocrx_word' id='word_1_576' title='bbox 2524 3498 2602 3559; x_wconf 86' lang='grc' dir='ltr'>είς</span> <span class='ocrx_word' id='word_1_577' title='bbox 2657 3496 2685 3549; x_wconf 78' lang='lat'>6</span> <span class='ocrx_word' id='word_1_578' title='bbox 2722 3494 3125 3566; x_wconf 77' lang='grc' dir='ltr'>προσεκέκλητο</span> <span class='ocrx_word' id='word_1_579' title='bbox 3168 3494 3363 3558; x_wconf 82' lang='grc' dir='ltr'>αὐτοὺς</span> <span class='ocrx_word' id='word_1_580' title='bbox 3401 3494 3581 3566; x_wconf 79' lang='grc' dir='ltr'>ἔργον,</span> <span class='ocrx_word' id='word_1_581' title='bbox 3621 3494 3778 3547; x_wconf 86' lang='grc' dir='ltr'>τοῦτο</span> 
     </span>
    </p>
   </div>
   <div class='ocr_carea' id='block_1_80' title="bbox 2198 3586 3777 3659">
    <p class='ocr_par' dir='ltr' id='par_1_80' title="bbox 2198 3586 3777 3659">
     <span class='ocr_line' id='line_1_81' title="bbox 2198 3586 3777 3659; baseline -0.001 -18"><span class='ocrx_word' id='word_1_582' title='bbox 2198 3590 2335 3659; x_wconf 83' lang='grc' dir='ltr'>μετὰ</span> <span class='ocrx_word' id='word_1_583' title='bbox 2365 3589 2463 3658; x_wconf 78' lang='grc' dir='ltr'>τήν</span> <span class='ocrx_word' id='word_1_584' title='bbox 2502 3588 2684 3643; x_wconf 77' lang='grc' dir='ltr'>ἄνοδον</span> <span class='ocrx_word' id='word_1_585' title='bbox 2717 3588 3007 3641; x_wconf 85' lang='grc' dir='ltr'>ἀποκαλεῖ·</span> <span class='ocrx_word' id='word_1_586' title='bbox 3059 3586 3154 3640; x_wconf 79' lang='grc' dir='ltr'>καὶ</span> <span class='ocrx_word' id='word_1_587' title='bbox 3197 3586 3278 3650; x_wconf 78' lang='grc' dir='ltr'>δ’ίς</span> <span class='ocrx_word' id='word_1_588' title='bbox 3318 3586 3500 3657; x_wconf 83' lang='grc' dir='ltr'>τίθησι</span> <span class='ocrx_word' id='word_1_589' title='bbox 3548 3587 3647 3655; x_wconf 80' lang='grc' dir='ltr'>τήν</span> <span class='ocrx_word' id='word_1_590' title='bbox 3679 3586 3777 3640; x_wconf 84' lang='grc' dir='ltr'>τοῦ</span> 
     </span>
    </p>
   </div>
   <div class='ocr_carea' id='block_1_81' title="bbox 2194 3678 3777 3753">
    <p class='ocr_par' dir='ltr' id='par_1_81' title="bbox 2194 3678 3777 3753">
     <span class='ocr_line' id='line_1_82' title="bbox 2194 3678 3777 3753; baseline -0.003 -18"><span class='ocrx_word' id='word_1_591' title='bbox 2194 3682 2329 3735; x_wconf 86' lang='grc' dir='ltr'>Θεοῦ</span> <span class='ocrx_word' id='word_1_592' title='bbox 2361 3681 2758 3753; x_wconf 84' lang='grc' dir='ltr'>προσηγορίαν·</span> <span class='ocrx_word' id='word_1_593' title='bbox 2788 3680 3003 3752; x_wconf 86' lang='grc' dir='ltr'>πρῶτον</span> <span class='ocrx_word' id='word_1_594' title='bbox 3035 3680 3132 3750; x_wconf 76' lang='grc' dir='ltr'>μὲν</span> <span class='ocrx_word' id='word_1_595' title='bbox 3154 3678 3325 3747; x_wconf 83' lang='grc' dir='ltr'>λέγων</span> <span class='ocrx_word' id='word_1_596' title='bbox 3350 3680 3431 3732; x_wconf 84' lang='grc' dir='ltr'>ὅτι</span> <span class='ocrx_word' id='word_1_597' title='bbox 3456 3681 3537 3742; x_wconf 84' lang='grc' dir='ltr'>είς</span> <span class='ocrx_word' id='word_1_598' title='bbox 3571 3679 3777 3732; x_wconf 80' lang='grc' dir='ltr'>Ἀντιό-</span> 
     </span>
    </p>
   </div>
   <div class='ocr_carea' id='block_1_82' title="bbox 2194 3762 3765 3842">
    <p class='ocr_par' dir='ltr' id='par_1_82' title="bbox 2194 3762 3765 3842">
     <span class='ocr_line' id='line_1_83' title="bbox 2194 3762 3765 3842; baseline -0.002 -20"><span class='ocrx_word' id='word_1_599' title='bbox 2194 3788 2344 3842; x_wconf 88' lang='grc' dir='ltr'>χειαν</span> <span class='ocrx_word' id='word_1_600' title='bbox 2406 3770 2776 3835; x_wconf 81' lang='grc' dir='ltr'>ἀπέπλευσαν,</span> <span class='ocrx_word' id='word_1_601' title='bbox 2849 3769 2971 3821; x_wconf 83' lang='grc' dir='ltr'>ὅθεν</span> <span class='ocrx_word' id='word_1_602' title='bbox 3024 3762 3165 3837; x_wconf 80' lang='grc' dir='ltr'>ἦσαν</span> <span class='ocrx_word' id='word_1_603' title='bbox 3220 3766 3644 3837; x_wconf 81' lang='grc' dir='ltr'>παραδεδομένοι</span> <span class='ocrx_word' id='word_1_604' title='bbox 3696 3769 3765 3838; x_wconf 78' lang='grc' dir='ltr'>τῇ</span> 
     </span>
    </p>
   </div>
   <div class='ocr_carea' id='block_1_83' title="bbox 2192 3858 3767 3935">
    <p class='ocr_par' dir='ltr' id='par_1_83' title="bbox 2192 3858 3767 3935">
     <span class='ocr_line' id='line_1_84' title="bbox 2192 3858 3767 3935; baseline -0.003 -17"><span class='ocrx_word' id='word_1_605' title='bbox 2192 3865 2375 3935; x_wconf 85' lang='grc' dir='ltr'>χάριτι</span> <span class='ocrx_word' id='word_1_606' title='bbox 2406 3865 2499 3917; x_wconf 89' lang='grc' dir='ltr'>τοῦ</span> <span class='ocrx_word' id='word_1_607' title='bbox 2525 3862 2657 3917; x_wconf 89' lang='grc' dir='ltr'>Θεοῦ</span> <span class='ocrx_word' id='word_1_608' title='bbox 2688 3865 2767 3925; x_wconf 84' lang='grc' dir='ltr'>είς</span> <span class='ocrx_word' id='word_1_609' title='bbox 2790 3862 2851 3916; x_wconf 72' lang='grc' dir='ltr'>τὸ</span> <span class='ocrx_word' id='word_1_610' title='bbox 2880 3861 3037 3935; x_wconf 68' lang='grc' dir='ltr'>ἔργον</span> <span class='ocrx_word' id='word_1_611' title='bbox 3066 3859 3093 3912; x_wconf 89' lang='lat'>6</span> <span class='ocrx_word' id='word_1_612' title='bbox 3121 3858 3444 3929; x_wconf 76' lang='grc' dir='ltr'>ἐπλήρωσαν</span> <span class='ocrx_word' id='word_1_613' title='bbox 3464 3874 3477 3886; x_wconf 94' lang='grc'><strong>·</strong></span> <span class='ocrx_word' id='word_1_614' title='bbox 3512 3858 3767 3931; x_wconf 82' lang='grc' dir='ltr'>δεύτερον</span> 
     </span>
    </p>
   </div>
   <div class='ocr_carea' id='block_1_84' title="bbox 2192 3950 3773 4024">
    <p class='ocr_par' dir='ltr' id='par_1_84' title="bbox 2192 3950 3773 4024">
     <span class='ocr_line' id='line_1_85' title="bbox 2192 3950 3773 4024; baseline -0.003 -15"><span class='ocrx_word' id='word_1_615' title='bbox 2192 3957 2247 4009; x_wconf 84' lang='grc' dir='ltr'>δὲ</span> <span class='ocrx_word' id='word_1_616' title='bbox 2274 3958 2373 4018; x_wconf 82' lang='grc' dir='ltr'>ὅτι,</span> <span class='ocrx_word' id='word_1_617' title='bbox 2390 3956 2785 4023; x_wconf 81' lang='grc' dir='ltr'>συναγαγόντες</span> <span class='ocrx_word' id='word_1_618' title='bbox 2813 3953 2912 4024; x_wconf 76' lang='grc' dir='ltr'>τὴν</span> <span class='ocrx_word' id='word_1_619' title='bbox 2946 3950 3292 4021; x_wconf 87' lang='grc' dir='ltr'>Ἐκκλησίαν,</span> <span class='ocrx_word' id='word_1_620' title='bbox 3314 3950 3641 4021; x_wconf 84' lang='grc' dir='ltr'>ἀνήγγειλαν</span> <span class='ocrx_word' id='word_1_621' title='bbox 3672 3953 3773 4005; x_wconf 82' lang='grc' dir='ltr'>ὅσα</span> 
     </span>
    </p>
   </div>
   <div class='ocr_carea' id='block_1_85' title="bbox 2193 4040 3759 4115">
    <p class='ocr_par' dir='ltr' id='par_1_85' title="bbox 2193 4040 3759 4115">
     <span class='ocr_line' id='line_1_86' title="bbox 2193 4040 3759 4115; baseline -0.001 -18"><span class='ocrx_word' id='word_1_622' title='bbox 2193 4045 2445 4115; x_wconf 80' lang='grc' dir='ltr'>ἐποίησεν</span> <span class='ocrx_word' id='word_1_623' title='bbox 2476 4046 2592 4115; x_wconf 81' lang='grc' dir='ltr'>μετ’</span> <span class='ocrx_word' id='word_1_624' title='bbox 2620 4043 2797 4097; x_wconf 83' lang='grc' dir='ltr'>αὐτῶν</span> <span class='ocrx_word' id='word_1_625' title='bbox 2832 4044 2860 4095; x_wconf 85' lang='grc' dir='ltr'><strong>ὁ</strong></span> <span class='ocrx_word' id='word_1_626' title='bbox 2882 4042 3032 4105; x_wconf 89' lang='grc' dir='ltr'>Θεός.</span> <span class='ocrx_word' id='word_1_627' title='bbox 3056 4043 3165 4095; x_wconf 77' lang='grc' dir='ltr'>Καὶ</span> <span class='ocrx_word' id='word_1_628' title='bbox 3196 4041 3301 4111; x_wconf 84' lang='grc' dir='ltr'>μὴν</span> <span class='ocrx_word' id='word_1_629' title='bbox 3333 4040 3393 4093; x_wconf 83' lang='grc' dir='ltr'>τὸ</span> <span class='ocrx_word' id='word_1_630' title='bbox 3435 4042 3659 4112; x_wconf 88' lang='grc' dir='ltr'>Πνεῦμα</span> <span class='ocrx_word' id='word_1_631' title='bbox 3697 4042 3759 4095; x_wconf 78' lang='grc' dir='ltr'>τὸ</span> 
     </span>
    </p>
   </div>
   <div class='ocr_carea' id='block_1_86' title="bbox 2192 4126 3764 4203">
    <p class='ocr_par' dir='ltr' id='par_1_86' title="bbox 2192 4126 3764 4203">
     <span class='ocr_line' id='line_1_87' title="bbox 2192 4126 3764 4203; baseline -0.005 -17"><span class='ocrx_word' id='word_1_632' title='bbox 2192 4133 2343 4201; x_wconf 77' lang='grc' dir='ltr'>ἅγιον</span> <span class='ocrx_word' id='word_1_633' title='bbox 2372 4128 2439 4203; x_wconf 77' lang='grc' dir='ltr'>ἦν</span> <span class='ocrx_word' id='word_1_634' title='bbox 2465 4133 2525 4185; x_wconf 85' lang='grc' dir='ltr'>τὸ</span> <span class='ocrx_word' id='word_1_635' title='bbox 2556 4128 3020 4202; x_wconf 87' lang='grc' dir='ltr'>θαυματουργοῦν,</span> <span class='ocrx_word' id='word_1_636' title='bbox 3054 4127 3113 4180; x_wconf 83' lang='grc' dir='ltr'>τδ</span> <span class='ocrx_word' id='word_1_637' title='bbox 3151 4128 3387 4196; x_wconf 67' lang='grc' dir='ltr'>σοφίζον,</span> <span class='ocrx_word' id='word_1_638' title='bbox 3438 4126 3499 4179; x_wconf 85' lang='grc' dir='ltr'>τδ</span> <span class='ocrx_word' id='word_1_639' title='bbox 3545 4126 3764 4179; x_wconf 84' lang='grc' dir='ltr'>σύνεσιν</span> 
     </span>
    </p>
   </div>
   <div class='ocr_carea' id='block_1_87' title="bbox 2192 4218 3777 4295">
    <p class='ocr_par' dir='ltr' id='par_1_87' title="bbox 2192 4218 3777 4295">
     <span class='ocr_line' id='line_1_88' title="bbox 2192 4218 3777 4295; baseline -0.004 -18"><span class='ocrx_word' id='word_1_640' title='bbox 2192 4224 2484 4295; x_wconf 87' lang='grc' dir='ltr'>χορηγοῦν,</span> <span class='ocrx_word' id='word_1_641' title='bbox 2560 4226 2619 4275; x_wconf 81' lang='grc' dir='ltr'>τὸ</span> <span class='ocrx_word' id='word_1_642' title='bbox 2687 4224 2813 4284; x_wconf 86' lang='grc' dir='ltr'>τοὺς</span> <span class='ocrx_word' id='word_1_643' title='bbox 2886 4219 3257 4291; x_wconf 79' lang='grc' dir='ltr'>κηρύττοντας</span> <span class='ocrx_word' id='word_1_644' title='bbox 3306 4218 3656 4288; x_wconf 80' lang='grc' dir='ltr'>ἐνδυναμοῦν,</span> <span class='ocrx_word' id='word_1_645' title='bbox 3713 4218 3777 4272; x_wconf 82' lang='grc' dir='ltr'>τδ</span> 
     </span>
    </p>
   </div>
   <div class='ocr_carea' id='block_1_88' title="bbox 2202 4309 3777 4384">
    <p class='ocr_par' dir='ltr' id='par_1_88' title="bbox 2202 4309 3777 4384">
     <span class='ocr_line' id='line_1_89' title="bbox 2202 4309 3777 4384; baseline -0.003 -17"><span class='ocrx_word' id='word_1_646' title='bbox 2202 4314 2436 4384; x_wconf 82' lang='grc' dir='ltr'>ἐμπνέον</span> <span class='ocrx_word' id='word_1_647' title='bbox 2478 4313 2661 4376; x_wconf 85' lang='grc' dir='ltr'>αὐτοῖς</span> <span class='ocrx_word' id='word_1_648' title='bbox 2701 4312 2791 4364; x_wconf 85' lang='grc' dir='ltr'>τὸν</span> <span class='ocrx_word' id='word_1_649' title='bbox 2823 4311 2923 4381; x_wconf 83' lang='grc' dir='ltr'>τῆς</span> <span class='ocrx_word' id='word_1_650' title='bbox 2960 4309 3307 4373; x_wconf 86' lang='grc' dir='ltr'>διδασκαλίας</span> <span class='ocrx_word' id='word_1_651' title='bbox 3333 4309 3489 4376; x_wconf 89' lang='grc' dir='ltr'>λόγον</span> <span class='ocrx_word' id='word_1_652' title='bbox 3510 4326 3523 4339; x_wconf 70' lang='grc' dir='ltr'><strong>ο</strong></span> <span class='ocrx_word' id='word_1_653' title='bbox 3571 4310 3649 4363; x_wconf 78' lang='grc' dir='ltr'>διὸ</span> <span class='ocrx_word' id='word_1_654' title='bbox 3682 4310 3777 4363; x_wconf 77' lang='grc' dir='ltr'>καὶ</span> 
     </span>
    </p>
   </div>
   <div class='ocr_carea' id='block_1_89' title="bbox 2192 4397 3776 4473">
    <p class='ocr_par' dir='ltr' id='par_1_89' title="bbox 2192 4397 3776 4473">
     <span class='ocr_line' id='line_1_90' title="bbox 2192 4397 3776 4473; baseline -0.002 -15"><span class='ocrx_word' id='word_1_655' title='bbox 2192 4404 2403 4468; x_wconf 90' lang='grc' dir='ltr'>Παῦλος</span> <span class='ocrx_word' id='word_1_656' title='bbox 2434 4403 2616 4472; x_wconf 77' lang='grc' dir='ltr'>ἔλεγεν</span> <span class='ocrx_word' id='word_1_657' title='bbox 2641 4420 2655 4433; x_wconf 91' lang='grc'><strong>·</strong></span> <span class='ocrx_word' id='word_1_658' title='bbox 2687 4420 2706 4452; x_wconf 79' lang='grc' dir='ltr'>ι</span> <span class='ocrx_word' id='word_1_659' title='bbox 2739 4397 2813 4473; x_wconf 75' lang='grc' dir='ltr'><strong><em>Ὦ</em></strong></span> <span class='ocrx_word' id='word_1_660' title='bbox 2853 4401 2951 4471; x_wconf 86' lang='grc' dir='ltr'>μὲν</span> <span class='ocrx_word' id='word_1_661' title='bbox 2977 4401 3083 4470; x_wconf 82' lang='grc' dir='ltr'>γὰρ</span> <span class='ocrx_word' id='word_1_662' title='bbox 3122 4400 3321 4454; x_wconf 89' lang='grc' dir='ltr'>δίδοται</span> <span class='ocrx_word' id='word_1_663' title='bbox 3355 4400 3443 4453; x_wconf 81' lang='grc' dir='ltr'>διὰ</span> <span class='ocrx_word' id='word_1_664' title='bbox 3474 4401 3569 4455; x_wconf 83' lang='grc' dir='ltr'>τοῦ</span> <span class='ocrx_word' id='word_1_665' title='bbox 3604 4401 3776 4455; x_wconf 81' lang='grc' dir='ltr'>Πνεῦ-</span> 
     </span>
    </p>
   </div>
   <div class='ocr_carea' id='block_1_90' title="bbox 535 4477 2095 4569">
    <p class='ocr_par' dir='ltr' id='par_1_90' title="bbox 535 4489 2091 4569">
     <span class='ocr_line' id='line_1_91' title="bbox 535 4489 2091 4569; baseline 0.009 -29"><span class='ocrx_word' id='word_1_666' title='bbox 535 4489 791 4557; x_wconf 87' lang='lat' dir='ltr'><strong>Spiritum</strong></span> <span class='ocrx_word' id='word_1_667' title='bbox 818 4507 832 4555; x_wconf 91' lang='lat'><strong>;</strong></span> <span class='ocrx_word' id='word_1_668' title='bbox 861 4492 1014 4546; x_wconf 90' lang='lat' dir='ltr'><strong>alteri</strong></span> <span class='ocrx_word' id='word_1_669' title='bbox 1046 4494 1178 4549; x_wconf 79' lang='lat' dir='ltr'><strong>ﬁdes</strong></span> <span class='ocrx_word' id='word_1_670' title='bbox 1206 4496 1256 4549; x_wconf 89' lang='lat' dir='ltr'><strong>in</strong></span> <span class='ocrx_word' id='word_1_671' title='bbox 1290 4498 1477 4551; x_wconf 89' lang='lat' dir='ltr'><strong>eodem</strong></span> <span class='ocrx_word' id='word_1_672' title='bbox 1515 4499 1759 4569; x_wconf 89' lang='lat' dir='ltr'><strong>Spiritu;</strong></span> <span class='ocrx_word' id='word_1_673' title='bbox 1786 4499 1876 4554; x_wconf 91' lang='lat' dir='ltr'><strong>alii</strong></span> <span class='ocrx_word' id='word_1_674' title='bbox 1905 4499 2091 4567; x_wconf 66' lang='lat' dir='ltr'><strong>gratiae</strong></span> 
     </span>
    </p>
   </div>
   <div class='ocr_carea' id='block_1_91' title="bbox 2197 4477 3774 4569">
    <p class='ocr_par' dir='ltr' id='par_1_91' title="bbox 2197 4489 3774 4566">
     <span class='ocr_line' id='line_1_92' title="bbox 2197 4489 3774 4566; baseline -0.003 -18"><span class='ocrx_word' id='word_1_675' title='bbox 2197 4512 2364 4566; x_wconf 84' lang='grc' dir='ltr'>ματος</span> <span class='ocrx_word' id='word_1_676' title='bbox 2392 4494 2551 4562; x_wconf 90' lang='grc' dir='ltr'>λόγος</span> <span class='ocrx_word' id='word_1_677' title='bbox 2592 4492 2802 4562; x_wconf 84' lang='grc' dir='ltr'>σοφίας,</span> <span class='ocrx_word' id='word_1_678' title='bbox 2848 4491 2991 4562; x_wconf 77' lang='grc' dir='ltr'>ἄλλῳ</span> <span class='ocrx_word' id='word_1_679' title='bbox 3036 4490 3093 4544; x_wconf 80' lang='grc' dir='ltr'>δὲ</span> <span class='ocrx_word' id='word_1_680' title='bbox 3136 4490 3290 4558; x_wconf 85' lang='grc' dir='ltr'>λόγος</span> <span class='ocrx_word' id='word_1_681' title='bbox 3334 4489 3589 4558; x_wconf 82' lang='grc' dir='ltr'>γνώσεως</span> <span class='ocrx_word' id='word_1_682' title='bbox 3631 4493 3774 4545; x_wconf 72' lang='grc' dir='ltr'>κατὰ</span> 
     </span>
    </p>
   </div>
   <div class='ocr_carea' id='block_1_92' title="bbox 535 4580 2089 4660">
    <p class='ocr_par' dir='ltr' id='par_1_92' title="bbox 535 4580 2089 4660">
     <span class='ocr_line' id='line_1_93' title="bbox 535 4580 2089 4660; baseline 0.01 -29"><span class='ocrx_word' id='word_1_683' title='bbox 535 4580 821 4634; x_wconf 89' lang='lat' dir='ltr'><strong>sanitatum</strong></span> <span class='ocrx_word' id='word_1_684' title='bbox 850 4582 900 4635; x_wconf 92' lang='lat' dir='ltr'>in</span> <span class='ocrx_word' id='word_1_685' title='bbox 928 4598 1034 4638; x_wconf 90' lang='lat' dir='ltr'>uno</span> <span class='ocrx_word' id='word_1_686' title='bbox 1068 4584 1296 4655; x_wconf 89' lang='lat' dir='ltr'><strong>Spiritu,</strong></span> <span class='ocrx_word' id='word_1_687' title='bbox 1335 4606 1354 4639; x_wconf 76' lang='grc' dir='ltr'>ι</span> <span class='ocrx_word' id='word_1_688' title='bbox 1392 4596 1447 4643; x_wconf 90' lang='lat' dir='ltr'>et</span> <span class='ocrx_word' id='word_1_689' title='bbox 1492 4590 1700 4660; x_wconf 91' lang='lat' dir='ltr'><strong>reliqua</strong></span> <span class='ocrx_word' id='word_1_690' title='bbox 1743 4590 1813 4644; x_wconf 78' lang='grc'>’⁸.</span> <span class='ocrx_word' id='word_1_691' title='bbox 1888 4591 2089 4647; x_wconf 87' lang='lat' dir='ltr'><strong>Deinde</strong></span> 
     </span>
    </p>
   </div>
   <div class='ocr_carea' id='block_1_93' title="bbox 533 4669 2089 4751">
    <p class='ocr_par' dir='ltr' id='par_1_93' title="bbox 533 4669 2089 4751">
     <span class='ocr_line' id='line_1_94' title="bbox 533 4669 2089 4751; baseline 0.008 -29"><span class='ocrx_word' id='word_1_692' title='bbox 533 4669 749 4734; x_wconf 88' lang='lat' dir='ltr'><strong>docens,</strong></span> <span class='ocrx_word' id='word_1_693' title='bbox 780 4671 916 4740; x_wconf 87' lang='lat' dir='ltr'><strong>quod</strong></span> <span class='ocrx_word' id='word_1_694' title='bbox 951 4688 1057 4728; x_wconf 92' lang='lat' dir='ltr'>non</span> <span class='ocrx_word' id='word_1_695' title='bbox 1094 4676 1323 4732; x_wconf 89' lang='lat' dir='ltr'><strong>ministri</strong></span> <span class='ocrx_word' id='word_1_696' title='bbox 1352 4678 1467 4732; x_wconf 89' lang='lat' dir='ltr'><strong>vice</strong></span> <span class='ocrx_word' id='word_1_697' title='bbox 1495 4678 1609 4734; x_wconf 66' lang='lat' dir='ltr'><strong>haec</strong></span> <span class='ocrx_word' id='word_1_698' title='bbox 1648 4679 1925 4736; x_wconf 91' lang='lat' dir='ltr'><strong>distribuit</strong></span> <span class='ocrx_word' id='word_1_699' title='bbox 1968 4679 2089 4751; x_wconf 89' lang='lat' dir='ltr'><strong>Spi-</strong></span> 
     </span>
    </p>
   </div>
   <div class='ocr_carea' id='block_1_94' title="bbox 533 4762 2085 4843">
    <p class='ocr_par' dir='ltr' id='par_1_94' title="bbox 533 4762 2085 4843">
     <span class='ocr_line' id='line_1_95' title="bbox 533 4762 2085 4843; baseline 0.01 -28"><span class='ocrx_word' id='word_1_700' title='bbox 533 4762 667 4817; x_wconf 90' lang='lat' dir='ltr'><strong>ritus</strong></span> <span class='ocrx_word' id='word_1_701' title='bbox 715 4775 973 4833; x_wconf 85' lang='lat' dir='ltr'><strong>sanctus,</strong></span> <span class='ocrx_word' id='word_1_702' title='bbox 1023 4768 1118 4823; x_wconf 88' lang='lat' dir='ltr'>sed</span> <span class='ocrx_word' id='word_1_703' title='bbox 1164 4772 1533 4840; x_wconf 87' lang='lat' dir='ltr'><strong>potentialiter</strong></span> <span class='ocrx_word' id='word_1_704' title='bbox 1586 4776 1785 4843; x_wconf 89' lang='lat' dir='ltr'><strong>quibus</strong></span> <span class='ocrx_word' id='word_1_705' title='bbox 1835 4775 1946 4831; x_wconf 89' lang='lat' dir='ltr'><strong>vult</strong></span> <span class='ocrx_word' id='word_1_706' title='bbox 1976 4775 2085 4830; x_wconf 89' lang='lat' dir='ltr'><strong>lar-</strong></span> 
     </span>
    </p>
   </div>
   <div class='ocr_carea' id='block_1_95' title="bbox 532 4854 2083 4936">
    <p class='ocr_par' dir='ltr' id='par_1_95' title="bbox 532 4854 2083 4936">
     <span class='ocr_line' id='line_1_96' title="bbox 532 4854 2083 4936; baseline 0.01 -30"><span class='ocrx_word' id='word_1_707' title='bbox 532 4854 694 4920; x_wconf 79' lang='lat' dir='ltr'><strong>gitur,</strong></span> <span class='ocrx_word' id='word_1_708' title='bbox 726 4856 904 4911; x_wconf 88' lang='lat' dir='ltr'><strong>subdit</strong></span> <span class='ocrx_word' id='word_1_709' title='bbox 937 4877 949 4912; x_wconf 91' lang='lat'>:</span> <span class='ocrx_word' id='word_1_710' title='bbox 991 4878 1009 4910; x_wconf 82' lang='grc' dir='ltr'>ι</span> <span class='ocrx_word' id='word_1_711' title='bbox 1047 4860 1170 4916; x_wconf 60' lang='lat' dir='ltr'><strong>Haec</strong></span> <span class='ocrx_word' id='word_1_712' title='bbox 1193 4870 1374 4920; x_wconf 83' lang='lat' dir='ltr'><strong>autem</strong></span> <span class='ocrx_word' id='word_1_713' title='bbox 1426 4866 1607 4920; x_wconf 89' lang='lat' dir='ltr'><strong>omnia</strong></span> <span class='ocrx_word' id='word_1_714' title='bbox 1638 4876 1895 4936; x_wconf 89' lang='lat' dir='ltr'><strong>operatur</strong></span> <span class='ocrx_word' id='word_1_715' title='bbox 1942 4882 2083 4922; x_wconf 91' lang='lat' dir='ltr'><strong>unus</strong></span> 
     </span>
    </p>
   </div>
   <div class='ocr_carea' id='block_1_96' title="bbox 532 4938 2087 5026">
    <p class='ocr_par' dir='ltr' id='par_1_96' title="bbox 532 4938 2087 5026">
     <span class='ocr_line' id='line_1_97' title="bbox 532 4938 2087 5026; baseline 0.014 -37"><span class='ocrx_word' id='word_1_716' title='bbox 532 4947 587 4990; x_wconf 90' lang='lat' dir='ltr'>et</span> <span class='ocrx_word' id='word_1_717' title='bbox 616 4938 751 4993; x_wconf 89' lang='lat' dir='ltr'><strong>idem</strong></span> <span class='ocrx_word' id='word_1_718' title='bbox 781 4940 1015 5009; x_wconf 88' lang='lat' dir='ltr'><strong>Spiritus</strong></span> <span class='ocrx_word' id='word_1_719' title='bbox 1042 4985 1059 5012; x_wconf 93' lang='lat'>,</span> <span class='ocrx_word' id='word_1_720' title='bbox 1108 4948 1349 5006; x_wconf 88' lang='lat' dir='ltr'><strong>dividens</strong></span> <span class='ocrx_word' id='word_1_721' title='bbox 1376 4968 1621 5008; x_wconf 88' lang='lat' dir='ltr'><strong>seorsum</strong></span> <span class='ocrx_word' id='word_1_722' title='bbox 1674 4955 1900 5025; x_wconf 78' lang='lat' dir='ltr'><strong>singulis</strong></span> <span class='ocrx_word' id='word_1_723' title='bbox 1927 4964 2087 5026; x_wconf 89' lang='lat' dir='ltr'><strong>prout</strong></span> 
     </span>
    </p>
   </div>
   <div class='ocr_carea' id='block_1_97' title="bbox 535 5029 2087 5117">
    <p class='ocr_par' dir='ltr' id='par_1_97' title="bbox 535 5029 2087 5117">
     <span class='ocr_line' id='line_1_98' title="bbox 535 5029 2087 5117; baseline 0.015 -37"><span class='ocrx_word' id='word_1_724' title='bbox 535 5029 645 5082; x_wconf 77' lang='lat' dir='ltr'><strong>vult</strong></span> <span class='ocrx_word' id='word_1_725' title='bbox 674 5032 772 5085; x_wconf 77' lang='grc' dir='ltr'>τ’.»</span> <span class='ocrx_word' id='word_1_726' title='bbox 799 5032 855 5087; x_wconf 90' lang='lat' dir='ltr'><strong>Si</strong></span> <span class='ocrx_word' id='word_1_727' title='bbox 883 5051 1010 5107; x_wconf 74' lang='lat' dir='ltr'><strong>ergo</strong></span> <span class='ocrx_word' id='word_1_728' title='bbox 1039 5038 1153 5094; x_wconf 58' lang='lat' dir='ltr'><strong>haec</strong></span> <span class='ocrx_word' id='word_1_729' title='bbox 1180 5041 1414 5109; x_wconf 87' lang='lat' dir='ltr'><strong>Spiritus</strong></span> <span class='ocrx_word' id='word_1_730' title='bbox 1439 5054 1661 5101; x_wconf 89' lang='lat' dir='ltr'><strong>sanctus</strong></span> <span class='ocrx_word' id='word_1_731' title='bbox 1687 5062 1781 5116; x_wconf 91' lang='lat' dir='ltr'>per</span> <span class='ocrx_word' id='word_1_732' title='bbox 1815 5048 2087 5117; x_wconf 85' lang='lat' dir='ltr'><strong>apostolos</strong></span> 
     </span>
    </p>
   </div>
   <div class='ocr_carea' id='block_1_98' title="bbox 532 5126 2086 5201">
    <p class='ocr_par' dir='ltr' id='par_1_98' title="bbox 532 5126 2086 5201">
     <span class='ocr_line' id='line_1_99' title="bbox 532 5126 2086 5201; baseline 0.015 -28"><span class='ocrx_word' id='word_1_733' title='bbox 532 5136 631 5190; x_wconf 76' lang='lat' dir='ltr'>pro</span> <span class='ocrx_word' id='word_1_734' title='bbox 660 5138 759 5177; x_wconf 86' lang='lat' dir='ltr'>suo</span> <span class='ocrx_word' id='word_1_735' title='bbox 787 5126 937 5181; x_wconf 90' lang='lat' dir='ltr'><strong>libito</strong></span> <span class='ocrx_word' id='word_1_736' title='bbox 968 5133 1272 5201; x_wconf 83' lang='lat' dir='ltr'><strong>peragebat,</strong></span> <span class='ocrx_word' id='word_1_737' title='bbox 1327 5134 1523 5191; x_wconf 88' lang='lat' dir='ltr'><strong>Paulus</strong></span> <span class='ocrx_word' id='word_1_738' title='bbox 1557 5153 1686 5193; x_wconf 88' lang='lat' dir='ltr'><strong>vero</strong></span> <span class='ocrx_word' id='word_1_739' title='bbox 1713 5154 1778 5193; x_wconf 91' lang='lat' dir='ltr'>ac</span> <span class='ocrx_word' id='word_1_740' title='bbox 1810 5139 2086 5196; x_wconf 87' lang='lat' dir='ltr'><strong>Barnabas</strong></span> 
     </span>
    </p>
   </div>
   <div class='ocr_carea' id='block_1_99' title="bbox 532 5215 2078 5298">
    <p class='ocr_par' dir='ltr' id='par_1_99' title="bbox 532 5215 2078 5298">
     <span class='ocr_line' id='line_1_100' title="bbox 532 5215 2078 5298; baseline 0.014 -35"><span class='ocrx_word' id='word_1_741' title='bbox 532 5223 869 5283; x_wconf 72' lang='lat' dir='ltr'><strong>congregata:</strong></span> <span class='ocrx_word' id='word_1_742' title='bbox 900 5215 1151 5275; x_wconf 63' lang='lat' dir='ltr'><strong>Ecclesiae</strong></span> <span class='ocrx_word' id='word_1_743' title='bbox 1183 5224 1525 5292; x_wconf 88' lang='lat' dir='ltr'><strong>nuntiabant,</strong></span> <span class='ocrx_word' id='word_1_744' title='bbox 1549 5237 1751 5295; x_wconf 90' lang='lat' dir='ltr'><strong>quanta</strong></span> <span class='ocrx_word' id='word_1_745' title='bbox 1786 5243 1907 5282; x_wconf 87' lang='lat' dir='ltr'>cum</span> <span class='ocrx_word' id='word_1_746' title='bbox 1940 5229 2078 5298; x_wconf 89' lang='lat' dir='ltr'><strong>ipsis</strong></span> 
     </span>
    </p>
   </div>
   <div class='ocr_carea' id='block_1_100' title="bbox 537 5299 2089 5389">
    <p class='ocr_par' dir='ltr' id='par_1_100' title="bbox 537 5299 2089 5389">
     <span class='ocr_line' id='line_1_101' title="bbox 537 5299 2089 5389; baseline 0.015 -37"><span class='ocrx_word' id='word_1_747' title='bbox 537 5299 753 5359; x_wconf 89' lang='lat' dir='ltr'><strong>fecisset</strong></span> <span class='ocrx_word' id='word_1_748' title='bbox 784 5305 922 5361; x_wconf 90' lang='lat' dir='ltr'><strong>Deus</strong></span> <span class='ocrx_word' id='word_1_749' title='bbox 947 5346 962 5372; x_wconf 90' lang='lat'>,</span> <span class='ocrx_word' id='word_1_750' title='bbox 1005 5310 1189 5379; x_wconf 79' lang='lat' dir='ltr'><strong>utique</strong></span> <span class='ocrx_word' id='word_1_751' title='bbox 1228 5313 1368 5370; x_wconf 88' lang='lat' dir='ltr'><strong>Deus</strong></span> <span class='ocrx_word' id='word_1_752' title='bbox 1413 5326 1498 5373; x_wconf 86' lang='lat' dir='ltr'>est</span> <span class='ocrx_word' id='word_1_753' title='bbox 1546 5318 1782 5389; x_wconf 86' lang='lat' dir='ltr'><strong>Spiritus</strong></span> <span class='ocrx_word' id='word_1_754' title='bbox 1822 5330 2041 5375; x_wconf 87' lang='lat' dir='ltr'><strong>sanctus</strong></span> <span class='ocrx_word' id='word_1_755' title='bbox 2073 5358 2089 5386; x_wconf 89' lang='lat'>,</span> 
     </span>
    </p>
   </div>
   <div class='ocr_carea' id='block_1_101' title="bbox 538 5393 1393 5474">
    <p class='ocr_par' dir='ltr' id='par_1_101' title="bbox 538 5393 1393 5474">
     <span class='ocr_line' id='line_1_102' title="bbox 538 5393 1393 5474; baseline 0.02 -28"><span class='ocrx_word' id='word_1_756' title='bbox 538 5393 686 5461; x_wconf 81' lang='lat' dir='ltr'><strong>iuxta</strong></span> <span class='ocrx_word' id='word_1_757' title='bbox 716 5401 1079 5467; x_wconf 83' lang='lat' dir='ltr'><strong>apostolorum</strong></span> <span class='ocrx_word' id='word_1_758' title='bbox 1110 5402 1393 5474; x_wconf 88' lang='lat' dir='ltr'><strong>loquelam.</strong></span> 
     </span>
    </p>
   </div>
   <div class='ocr_carea' id='block_1_102' title="bbox 2190 4577 3774 4652">
    <p class='ocr_par' dir='ltr' id='par_1_102' title="bbox 2190 4577 3774 4652">
     <span class='ocr_line' id='line_1_103' title="bbox 2190 4577 3774 4652; baseline -0.003 -15"><span class='ocrx_word' id='word_1_759' title='bbox 2190 4585 2252 4638; x_wconf 85' lang='grc' dir='ltr'>τὸ</span> <span class='ocrx_word' id='word_1_760' title='bbox 2276 4583 2406 4637; x_wconf 83' lang='grc' dir='ltr'>αὐτὸ</span> <span class='ocrx_word' id='word_1_761' title='bbox 2428 4582 2671 4652; x_wconf 86' lang='grc' dir='ltr'>Πνεῦμα,</span> <span class='ocrx_word' id='word_1_762' title='bbox 2703 4580 2873 4651; x_wconf 83' lang='grc' dir='ltr'>ἐτέρῳ</span> <span class='ocrx_word' id='word_1_763' title='bbox 2902 4580 2959 4632; x_wconf 84' lang='grc' dir='ltr'>δέ</span> <span class='ocrx_word' id='word_1_764' title='bbox 2998 4579 3181 4641; x_wconf 87' lang='grc' dir='ltr'>πίστις</span> <span class='ocrx_word' id='word_1_765' title='bbox 3204 4578 3263 4630; x_wconf 80' lang='grc' dir='ltr'>ἐν</span> <span class='ocrx_word' id='word_1_766' title='bbox 3300 4577 3379 4648; x_wconf 84' lang='grc' dir='ltr'>τῷ</span> <span class='ocrx_word' id='word_1_767' title='bbox 3407 4579 3558 4649; x_wconf 83' lang='grc' dir='ltr'>αὐτῷ</span> <span class='ocrx_word' id='word_1_768' title='bbox 3598 4579 3774 4633; x_wconf 76' lang='grc' dir='ltr'>Πνεῦ-</span> 
     </span>
    </p>
   </div>
   <div class='ocr_carea' id='block_1_103' title="bbox 2195 4669 3773 4747">
    <p class='ocr_par' dir='ltr' id='par_1_103' title="bbox 2195 4669 3773 4747">
     <span class='ocr_line' id='line_1_104' title="bbox 2195 4669 3773 4747; baseline -0.004 -18"><span class='ocrx_word' id='word_1_769' title='bbox 2195 4694 2348 4747; x_wconf 89' lang='grc' dir='ltr'>ματι,</span> <span class='ocrx_word' id='word_1_770' title='bbox 2400 4674 2543 4745; x_wconf 77' lang='grc' dir='ltr'>ἄλλῳ</span> <span class='ocrx_word' id='word_1_771' title='bbox 2586 4675 2645 4727; x_wconf 84' lang='grc' dir='ltr'>δέ</span> <span class='ocrx_word' id='word_1_772' title='bbox 2696 4672 3007 4742; x_wconf 85' lang='grc' dir='ltr'>χαρίσματα</span> <span class='ocrx_word' id='word_1_773' title='bbox 3069 4670 3311 4739; x_wconf 86' lang='grc' dir='ltr'>ἰαμάτων</span> <span class='ocrx_word' id='word_1_774' title='bbox 3375 4672 3433 4723; x_wconf 85' lang='grc' dir='ltr'>ἐν</span> <span class='ocrx_word' id='word_1_775' title='bbox 3491 4669 3569 4740; x_wconf 81' lang='grc' dir='ltr'>τῷ</span> <span class='ocrx_word' id='word_1_776' title='bbox 3622 4670 3773 4739; x_wconf 84' lang='grc' dir='ltr'>αὐτῷ</span> 
     </span>
    </p>
   </div>
   <div class='ocr_carea' id='block_1_104' title="bbox 2192 4755 3772 4837">
    <p class='ocr_par' dir='ltr' id='par_1_104' title="bbox 2192 4755 3772 4837">
     <span class='ocr_line' id='line_1_105' title="bbox 2192 4755 3772 4837; baseline -0.004 -17"><span class='ocrx_word' id='word_1_777' title='bbox 2192 4766 2501 4837; x_wconf 86' lang='grc' dir='ltr'>Πνεύματι,</span> <span class='ocrx_word' id='word_1_778' title='bbox 2534 4784 2551 4816; x_wconf 76' lang='grc' dir='ltr'>ι</span> <span class='ocrx_word' id='word_1_779' title='bbox 2590 4765 2684 4817; x_wconf 75' lang='grc' dir='ltr'>καὶ</span> <span class='ocrx_word' id='word_1_780' title='bbox 2727 4763 2795 4816; x_wconf 80' lang='grc' dir='ltr'>τὰ</span> <span class='ocrx_word' id='word_1_781' title='bbox 2842 4762 2987 4833; x_wconf 76' lang='grc' dir='ltr'><strong>ἑξῆς.</strong></span> <span class='ocrx_word' id='word_1_782' title='bbox 3032 4755 3163 4814; x_wconf 73' lang='grc' dir='ltr'>Εἶτα</span> <span class='ocrx_word' id='word_1_783' title='bbox 3217 4760 3480 4815; x_wconf 85' lang='grc' dir='ltr'>διδάσκων</span> <span class='ocrx_word' id='word_1_784' title='bbox 3537 4761 3615 4821; x_wconf 86' lang='grc' dir='ltr'>ὡς</span> <span class='ocrx_word' id='word_1_785' title='bbox 3674 4762 3772 4832; x_wconf 84' lang='grc' dir='ltr'>οὐχ</span> 
     </span>
    </p>
   </div>
   <div class='ocr_carea' id='block_1_105' title="bbox 2188 4851 3771 4926">
    <p class='ocr_par' dir='ltr' id='par_1_105' title="bbox 2188 4851 3771 4926">
     <span class='ocr_line' id='line_1_106' title="bbox 2188 4851 3771 4926; baseline -0.002 -16"><span class='ocrx_word' id='word_1_786' title='bbox 2188 4854 2492 4926; x_wconf 78' lang='grc' dir='ltr'>ὑπουργοῦν</span> <span class='ocrx_word' id='word_1_787' title='bbox 2519 4853 2691 4907; x_wconf 89' lang='grc' dir='ltr'>ταῦτα</span> <span class='ocrx_word' id='word_1_788' title='bbox 2718 4854 2958 4924; x_wconf 82' lang='grc' dir='ltr'>διανέμει</span> <span class='ocrx_word' id='word_1_789' title='bbox 2993 4855 3052 4905; x_wconf 85' lang='grc' dir='ltr'>τὸ</span> <span class='ocrx_word' id='word_1_790' title='bbox 3094 4851 3320 4922; x_wconf 88' lang='grc' dir='ltr'>Πνεῦμα</span> <span class='ocrx_word' id='word_1_791' title='bbox 3346 4851 3406 4904; x_wconf 83' lang='grc' dir='ltr'>τὸ</span> <span class='ocrx_word' id='word_1_792' title='bbox 3430 4852 3602 4921; x_wconf 78' lang='grc' dir='ltr'>ἀγιον,</span> <span class='ocrx_word' id='word_1_793' title='bbox 3632 4852 3771 4907; x_wconf 80' lang='grc' dir='ltr'>ἀλλὰ</span> 
     </span>
    </p>
   </div>
   <div class='ocr_carea' id='block_1_106' title="bbox 2187 4939 3769 5015">
    <p class='ocr_par' dir='ltr' id='par_1_106' title="bbox 2187 4939 3769 5015">
     <span class='ocr_line' id='line_1_107' title="bbox 2187 4939 3769 5015; baseline -0.004 -14"><span class='ocrx_word' id='word_1_794' title='bbox 2187 4946 2519 5008; x_wconf 87' lang='grc' dir='ltr'>δεσποτικῶς</span> <span class='ocrx_word' id='word_1_795' title='bbox 2550 4939 2629 5010; x_wconf 76' lang='grc' dir='ltr'>οἷς</span> <span class='ocrx_word' id='word_1_796' title='bbox 2660 4945 2801 4999; x_wconf 84' lang='grc' dir='ltr'>θέλει</span> <span class='ocrx_word' id='word_1_797' title='bbox 2839 4942 3143 5015; x_wconf 77' lang='grc' dir='ltr'>χαρίζεται,</span> <span class='ocrx_word' id='word_1_798' title='bbox 3187 4944 3435 5012; x_wconf 80' lang='grc' dir='ltr'>ἐπήγαγε</span> <span class='ocrx_word' id='word_1_799' title='bbox 3461 4958 3475 4971; x_wconf 85' lang='grc'><strong>·</strong></span> <span class='ocrx_word' id='word_1_800' title='bbox 3537 4962 3555 4994; x_wconf 86' lang='grc' dir='ltr'>ι</span> <span class='ocrx_word' id='word_1_801' title='bbox 3584 4944 3769 4997; x_wconf 81' lang='grc' dir='ltr'>Πάντα</span> 
     </span>
    </p>
   </div>
   <div class='ocr_carea' id='block_1_107' title="bbox 2188 5032 3768 5106">
    <p class='ocr_par' dir='ltr' id='par_1_107' title="bbox 2188 5032 3768 5106">
     <span class='ocr_line' id='line_1_108' title="bbox 2188 5032 3768 5106; baseline -0.004 -16"><span class='ocrx_word' id='word_1_802' title='bbox 2188 5037 2247 5091; x_wconf 85' lang='grc' dir='ltr'>δέ</span> <span class='ocrx_word' id='word_1_803' title='bbox 2272 5036 2444 5090; x_wconf 85' lang='grc' dir='ltr'>ταῦτα</span> <span class='ocrx_word' id='word_1_804' title='bbox 2474 5037 2685 5106; x_wconf 90' lang='grc' dir='ltr'>ἐνεργεῖ</span> <span class='ocrx_word' id='word_1_805' title='bbox 2712 5036 2772 5089; x_wconf 81' lang='grc' dir='ltr'>τὸ</span> <span class='ocrx_word' id='word_1_806' title='bbox 2802 5034 2860 5087; x_wconf 82' lang='grc' dir='ltr'>ἓν</span> <span class='ocrx_word' id='word_1_807' title='bbox 2883 5035 2978 5087; x_wconf 77' lang='grc' dir='ltr'>καὶ</span> <span class='ocrx_word' id='word_1_808' title='bbox 3009 5033 3070 5086; x_wconf 77' lang='grc' dir='ltr'>τὸ</span> <span class='ocrx_word' id='word_1_809' title='bbox 3095 5033 3226 5087; x_wconf 76' lang='grc' dir='ltr'>αὐτὸ</span> <span class='ocrx_word' id='word_1_810' title='bbox 3248 5032 3490 5102; x_wconf 88' lang='grc' dir='ltr'>Πνεῦμα,</span> <span class='ocrx_word' id='word_1_811' title='bbox 3528 5032 3768 5103; x_wconf 86' lang='grc' dir='ltr'>διαιροῦν</span> 
     </span>
    </p>
   </div>
   <div class='ocr_carea' id='block_1_108' title="bbox 2193 5121 3767 5201">
    <p class='ocr_par' dir='ltr' id='par_1_108' title="bbox 2193 5121 3767 5201">
     <span class='ocr_line' id='line_1_109' title="bbox 2193 5121 3767 5201; baseline -0.006 -18"><span class='ocrx_word' id='word_1_812' title='bbox 2193 5130 2299 5201; x_wconf 79' lang='grc' dir='ltr'>ίδίᾳ</span> <span class='ocrx_word' id='word_1_813' title='bbox 2327 5128 2538 5199; x_wconf 76' lang='grc' dir='ltr'>ἑκάστῳ</span> <span class='ocrx_word' id='word_1_814' title='bbox 2565 5127 2744 5190; x_wconf 88' lang='grc' dir='ltr'>καθὼς</span> <span class='ocrx_word' id='word_1_815' title='bbox 2763 5127 3023 5197; x_wconf 84' lang='grc' dir='ltr'>βούλεται.</span> <span class='ocrx_word' id='word_1_816' title='bbox 3049 5142 3067 5175; x_wconf 76' lang='grc' dir='ltr'>ι</span> <span class='ocrx_word' id='word_1_817' title='bbox 3102 5125 3165 5177; x_wconf 82' lang='lat' dir='ltr'><strong>El</strong></span> <span class='ocrx_word' id='word_1_818' title='bbox 3182 5122 3359 5175; x_wconf 89' lang='grc' dir='ltr'>τοίνυν</span> <span class='ocrx_word' id='word_1_819' title='bbox 3386 5122 3444 5175; x_wconf 87' lang='grc' dir='ltr'>τὸ</span> <span class='ocrx_word' id='word_1_820' title='bbox 3463 5121 3687 5191; x_wconf 85' lang='grc' dir='ltr'>Πνεῦμα</span> <span class='ocrx_word' id='word_1_821' title='bbox 3708 5122 3767 5173; x_wconf 86' lang='grc' dir='ltr'>τὸ</span> 
     </span>
    </p>
   </div>
   <div class='ocr_carea' id='block_1_109' title="bbox 2192 5212 3764 5289">
    <p class='ocr_par' dir='ltr' id='par_1_109' title="bbox 2192 5212 3764 5289">
     <span class='ocr_line' id='line_1_110' title="bbox 2192 5212 3764 5289; baseline -0.007 -13"><span class='ocrx_word' id='word_1_822' title='bbox 2192 5222 2347 5289; x_wconf 76' lang='grc' dir='ltr'>ἅγιον</span> <span class='ocrx_word' id='word_1_823' title='bbox 2373 5219 2542 5274; x_wconf 84' lang='grc' dir='ltr'>ταῦτα</span> <span class='ocrx_word' id='word_1_824' title='bbox 2571 5220 2660 5273; x_wconf 81' lang='grc' dir='ltr'>διὰ</span> <span class='ocrx_word' id='word_1_825' title='bbox 2686 5219 2795 5271; x_wconf 85' lang='grc' dir='ltr'>τῶν</span> <span class='ocrx_word' id='word_1_826' title='bbox 2827 5217 3141 5271; x_wconf 86' lang='grc' dir='ltr'>ἀποστόλων</span> <span class='ocrx_word' id='word_1_827' title='bbox 3168 5212 3451 5283; x_wconf 78' lang='grc' dir='ltr'>εἰργάζετο</span> <span class='ocrx_word' id='word_1_828' title='bbox 3486 5212 3563 5275; x_wconf 82' lang='grc' dir='ltr'>ὡς</span> <span class='ocrx_word' id='word_1_829' title='bbox 3597 5212 3764 5282; x_wconf 72' lang='grc' dir='ltr'>ἠϐού-</span> 
     </span>
    </p>
   </div>
   <div class='ocr_carea' id='block_1_110' title="bbox 2189 5302 3766 5379">
    <p class='ocr_par' dir='ltr' id='par_1_110' title="bbox 2189 5302 3766 5379">
     <span class='ocr_line' id='line_1_111' title="bbox 2189 5302 3766 5379; baseline -0.006 -12"><span class='ocrx_word' id='word_1_830' title='bbox 2189 5314 2332 5377; x_wconf 88' lang='grc' dir='ltr'>λετο,</span> <span class='ocrx_word' id='word_1_831' title='bbox 2374 5309 2765 5379; x_wconf 88' lang='grc' dir='ltr'>συναγαγόντες</span> <span class='ocrx_word' id='word_1_832' title='bbox 2791 5308 2848 5360; x_wconf 80' lang='grc' dir='ltr'>δὲ</span> <span class='ocrx_word' id='word_1_833' title='bbox 2874 5308 2925 5358; x_wconf 91' lang='grc' dir='ltr'>οἱ</span> <span class='ocrx_word' id='word_1_834' title='bbox 2954 5304 3083 5375; x_wconf 79' lang='grc' dir='ltr'>περὶ</span> <span class='ocrx_word' id='word_1_835' title='bbox 3120 5302 3328 5356; x_wconf 85' lang='grc' dir='ltr'>Παῦλον</span> <span class='ocrx_word' id='word_1_836' title='bbox 3356 5302 3450 5354; x_wconf 72' lang='grc' dir='ltr'>καὶ</span> <span class='ocrx_word' id='word_1_837' title='bbox 3478 5303 3766 5372; x_wconf 76' lang='grc' dir='ltr'>Βαρνάϐαν</span> 
     </span>
    </p>
   </div>
   <div class='ocr_carea' id='block_1_111' title="bbox 2190 5395 3767 5473">
    <p class='ocr_par' dir='ltr' id='par_1_111' title="bbox 2190 5395 3767 5473">
     <span class='ocr_line' id='line_1_112' title="bbox 2190 5395 3767 5473; baseline -0.008 -16"><span class='ocrx_word' id='word_1_838' title='bbox 2190 5405 2291 5473; x_wconf 81' lang='grc' dir='ltr'>τὴν</span> <span class='ocrx_word' id='word_1_839' title='bbox 2327 5402 2651 5473; x_wconf 85' lang='grc' dir='ltr'>Ἐκκλησίαν</span> <span class='ocrx_word' id='word_1_840' title='bbox 2684 5398 3011 5469; x_wconf 78' lang='grc' dir='ltr'>ἀνήγγειλαν</span> <span class='ocrx_word' id='word_1_841' title='bbox 3053 5396 3153 5448; x_wconf 84' lang='grc' dir='ltr'>ὅσα</span> <span class='ocrx_word' id='word_1_842' title='bbox 3181 5395 3404 5463; x_wconf 76' lang='grc' dir='ltr'>ἐποίησε</span> <span class='ocrx_word' id='word_1_843' title='bbox 3442 5396 3558 5462; x_wconf 78' lang='grc' dir='ltr'>μετ’</span> <span class='ocrx_word' id='word_1_844' title='bbox 3588 5396 3767 5448; x_wconf 79' lang='grc' dir='ltr'>αὐτῶν</span> 
     </span>
    </p>
   </div>
   <div class='ocr_carea' id='block_1_112' title="bbox 2197 5483 3767 5561">
    <p class='ocr_par' dir='ltr' id='par_1_112' title="bbox 2197 5483 3767 5561">
     <span class='ocr_line' id='line_1_113' title="bbox 2197 5483 3767 5561; baseline -0.006 -15"><span class='ocrx_word' id='word_1_845' title='bbox 2197 5494 2223 5545; x_wconf 88' lang='grc' dir='ltr'>ό</span> <span class='ocrx_word' id='word_1_846' title='bbox 2247 5492 2398 5556; x_wconf 81' lang='grc' dir='ltr'>Θεὸς,</span> <span class='ocrx_word' id='word_1_847' title='bbox 2428 5493 2556 5555; x_wconf 83' lang='grc' dir='ltr'>Θεὸς</span> <span class='ocrx_word' id='word_1_848' title='bbox 2580 5492 2687 5561; x_wconf 79' lang='grc' dir='ltr'>ἄρα</span> <span class='ocrx_word' id='word_1_849' title='bbox 2719 5490 2780 5543; x_wconf 77' lang='grc' dir='ltr'>τὸ</span> <span class='ocrx_word' id='word_1_850' title='bbox 2807 5486 3028 5556; x_wconf 85' lang='grc' dir='ltr'>Πνεῦμα</span> <span class='ocrx_word' id='word_1_851' title='bbox 3054 5486 3111 5538; x_wconf 84' lang='grc' dir='ltr'>τὸ</span> <span class='ocrx_word' id='word_1_852' title='bbox 3142 5484 3294 5551; x_wconf 77' lang='grc' dir='ltr'>ἅγιον</span> <span class='ocrx_word' id='word_1_853' title='bbox 3330 5483 3467 5537; x_wconf 84' lang='grc' dir='ltr'>κατὰ</span> <span class='ocrx_word' id='word_1_854' title='bbox 3501 5484 3600 5555; x_wconf 71' lang='grc' dir='ltr'>τὴν</span> <span class='ocrx_word' id='word_1_855' title='bbox 3634 5486 3767 5537; x_wconf 74' lang='grc' dir='ltr'>ἀπο·-</span> 
     </span>
    </p>
   </div>
   <div class='ocr_carea' id='block_1_113' title="bbox 2199 5586 2623 5655">
    <p class='ocr_par' dir='ltr' id='par_1_113' title="bbox 2199 5586 2623 5655">
     <span class='ocr_line' id='line_1_114' title="bbox 2199 5586 2623 5655; baseline 0.002 -17"><span class='ocrx_word' id='word_1_856' title='bbox 2199 5586 2397 5639; x_wconf 86' lang='grc' dir='ltr'>στόλων</span> <span class='ocrx_word' id='word_1_857' title='bbox 2421 5586 2623 5655; x_wconf 66' lang='grc' dir='ltr'>φωνήν.</span> 
     </span>
    </p>
   </div>
   <div class='ocr_carea' id='block_1_114' title="bbox 610 5748 3326 5829">
    <p class='ocr_par' dir='ltr' id='par_1_114' title="bbox 610 5748 3326 5829">
     <span class='ocr_line' id='line_1_115' title="bbox 610 5748 3326 5829; baseline 0.004 -26"><span class='ocrx_word' id='word_1_858' title='bbox 610 5750 651 5781; x_wconf 77' lang='grc'>⁷⁸</span> <span class='ocrx_word' id='word_1_859' title='bbox 677 5748 796 5804; x_wconf 83' lang='lat' dir='ltr'><strong>Act.</strong></span> <span class='ocrx_word' id='word_1_860' title='bbox 827 5766 876 5819; x_wconf 85' lang='lat' dir='ltr'>v,</span> <span class='ocrx_word' id='word_1_861' title='bbox 906 5753 954 5807; x_wconf 77' lang='lat'><strong>5.</strong></span> <span class='ocrx_word' id='word_1_862' title='bbox 1034 5755 1077 5787; x_wconf 83' lang='lat'><strong>&quot;</strong></span> <span class='ocrx_word' id='word_1_863' title='bbox 1113 5754 1239 5811; x_wconf 87' lang='lat' dir='ltr'><strong>ibid.</strong></span> <span class='ocrx_word' id='word_1_864' title='bbox 1265 5755 1313 5811; x_wconf 70' lang='grc' dir='ltr'>ό.</span> <span class='ocrx_word' id='word_1_865' title='bbox 1391 5757 1434 5788; x_wconf 80' lang='grc'>⁷⁸</span> <span class='ocrx_word' id='word_1_866' title='bbox 1464 5758 1583 5814; x_wconf 81' lang='lat' dir='ltr'><strong>Act.</strong></span> <span class='ocrx_word' id='word_1_867' title='bbox 1615 5772 1733 5825; x_wconf 84' lang='lat' dir='ltr'><strong>xm,</strong></span> <span class='ocrx_word' id='word_1_868' title='bbox 1764 5758 1816 5812; x_wconf 75' lang='grc'>2.</span> <span class='ocrx_word' id='word_1_869' title='bbox 1893 5761 1938 5793; x_wconf 77' lang='grc'>⁷³</span> <span class='ocrx_word' id='word_1_870' title='bbox 1966 5761 2085 5819; x_wconf 83' lang='lat' dir='ltr'><strong>Act.</strong></span> <span class='ocrx_word' id='word_1_871' title='bbox 2116 5776 2226 5829; x_wconf 75' lang='grc' dir='ltr'>ιιν,</span> <span class='ocrx_word' id='word_1_872' title='bbox 2259 5760 2349 5817; x_wconf 70' lang='lat'>23.</span> <span class='ocrx_word' id='word_1_873' title='bbox 2411 5762 2453 5794; x_wconf 69' lang='grc'>⁷³</span> <span class='ocrx_word' id='word_1_874' title='bbox 2484 5761 2501 5815; x_wconf 90' lang='lat' dir='ltr'>l</span> <span class='ocrx_word' id='word_1_875' title='bbox 2530 5761 2634 5817; x_wconf 84' lang='lat' dir='ltr'><strong>Cor</strong></span> <span class='ocrx_word' id='word_1_876' title='bbox 2660 5775 2757 5825; x_wconf 74' lang='lat' dir='ltr'>an,</span> <span class='ocrx_word' id='word_1_877' title='bbox 2790 5757 2843 5826; x_wconf 88' lang='lat'><strong>8,</strong></span> <span class='ocrx_word' id='word_1_878' title='bbox 2869 5758 2921 5814; x_wconf 84' lang='lat'><strong>9.</strong></span> <span class='ocrx_word' id='word_1_879' title='bbox 2998 5759 3039 5790; x_wconf 80' lang='grc'>⁷⁸</span> <span class='ocrx_word' id='word_1_880' title='bbox 3082 5756 3208 5814; x_wconf 86' lang='lat' dir='ltr'><strong>ibid.</strong></span> <span class='ocrx_word' id='word_1_881' title='bbox 3244 5758 3326 5812; x_wconf 93' lang='lat' dir='ltr'>ll.</span> 
     </span>
    </p>
   </div>
  </div>
