4036 6336
345 499 499 555 11875

1702 494 1792 551 DE
1828 492 2234 550 TRINITATE.

3511 491 3656 548 H86

426 613 600 668 Τοῦτο
633 614 855 682 γεγονὸς
894 614 987 667 καὶ
1031 613 1091 665 ὲν
1156 611 1550 683 Ἰεροσολύμοις
1607 613 1635 664 6
1676 611 1945 673 θειότατος

2134 610 2249 665 lloc
2278 610 2418 664 idem
2447 609 2695 665 evenisse
2721 607 3119 679 Hierosolymis
3152 619 3373 677 quoque
3421 606 3650 673 praecla-

341 703 625 775 διηγεῖται
653 706 885 767 Λουκᾶς.
903 724 922 754 ε
944 703 1198 771 Ἐσίγησε
1216 701 1345 773 γάρ,
1365 703 1518 772 φησὶ,
1554 700 1701 754 ἅπαν
1729 700 1789 753 τὸ
1807 701 1947 770 πλῆ-

344 796 470 861 θος,
501 796 596 849 καὶ
623 797 791 865 ἤκουε
823 794 915 846 τοῦ
941 792 1198 864 Βαρνάϐα
1225 793 1321 845 καὶ
1349 792 1442 845 τοῦ
1468 793 1683 845 Παύλου
1715 791 1947 862 ἐξηγου-

349 886 561 953 μένων,
596 886 695 937 ὃσα
720 885 750 935 6
791 882 923 945 Θεὸς
962 882 1219 952 εποίησεν
1262 884 1465 951 σημεῖα
1511 882 1579 935 δι’
1614 882 1815 945 αὐτῶν,
1854 883 1949 935 καὶ

344 976 563 1044 τέρατα
587 976 644 1027 ὲν
673 974 787 1035 τοῖς
814 971 1015 1025 ἔθνεσι.
1052 991 1072 1025 a
1106 972 1236 1035 Θεὸς
1265 968 1359 1025 οῦν
1398 972 1504 1043 ἄρα
1536 972 1597 1024 τὸ
1626 970 1851 1040 Πνεῦμα
1888 969 1950 1023 τὸ

345 1066 513 1134 ἅγιον
538 1084 552 1097 ο
580 1067 642 1119 τὸ
669 1064 777 1133 γάρ
806 1064 937 1117 αὐτὸ
959 1062 1365 1136 θαυματουργεῖ
1394 1066 1464 1118 τά
1510 1067 1712 1135 σημεῖα
1759 1064 1854 1117 καὶ
1881 1062 1952 1115 τὰ

254 1148 277 1155 Ἄ
341 1158 579 1228 τέρατα.
604 1158 697 1209 Διὸ
725 1158 819 1209 καὶ
844 1158 872 1210 6
901 1154 1103 1225 Κύριος
1128 1157 1187 1207 ὲν
1214 1160 1325 1219 τοῖς
1348 1156 1699 1224 Εὑαγγελίοις
1727 1154 1913 1223 ἔλεγεν
1932 1168 1946 1183 ⁸

354 1266 375 1297 ι
409 1249 473 1299 Ei
497 1246 552 1300 δὲ
590 1248 647 1299 ὲν
674 1246 952 1317 Πνεύματι
985 1245 1119 1297 Θεοῦ
1152 1246 1263 1313 ἐγὼ
1297 1246 1545 1299 ἐκϐάλλω
1575 1246 1645 1297 τά
1673 1243 1947 1314 δαιμόνια,

347 1336 465 1410 ἄρα
494 1339 726 1407 ἔφθασεν
759 1341 843 1408 ἐφ’
877 1340 1022 1410 ὑμᾶς
1055 1343 1089 1411 ἠ
1142 1338 1387 1409 βασιλεία
1436 1338 1531 1390 τοῦ
1579 1336 1737 1389 Θεοῦ.
1760 1354 1778 1387 ι
1841 1334 1952 1387 Καὶ

348 1428 522 1482 πάλιν
550 1432 608 1482 ὲν
638 1434 758 1494 ταῖς
796 1432 1067 1496 Πράξεσιν
1103 1432 1131 1482 ὁ
1173 1430 1386 1491 Λουκᾶς
1419 1427 1509 1481 τὸν
1539 1426 1751 1479 Παῦλόν
1786 1442 1951 1495 φησιν

348 1522 749 1593 ἐπιλεξάμενον
778 1522 868 1575 τὸν
904 1524 1064 1577 Σίλαν
1107 1522 1342 1585 ἐξελθεῖν
1366 1522 1431 1589 τῇ
1475 1519 1660 1590 χάριτι
1690 1516 1785 1570 τοῦ
1814 1516 1949 1569 Θεοῦ

352 1615 464 1668 ὑπὸ
492 1614 599 1666 τῶν
625 1613 870 1682 ἀδελφῶν
900 1613 1306 1685 παραδοθένταο
1351 1612 1485 1664 Θεὸν
1518 1607 1677 1673 αὖθις
1714 1609 1953 1672 καλέσας

351 1707 417 1760 τὸ
447 1705 672 1775 Πνεῦμα
704 1704 764 1757 τὸ
806 1705 981 1773 ἀγιον,
1031 1705 1092 1757 τὸ
1121 1705 1207 1756 διὰ
1236 1703 1344 1756 τῶν
1368 1702 1614 1769 ἀδελφῶν
1652 1703 1710 1754 ὲν
1750 1702 1953 1752 Ἀντιο-

350 1795 480 1863 χεία
527 1794 796 1863 ἀφορίσαν
848 1794 1011 1846 αὑτὸν
1056 1795 1137 1856 είς
1197 1793 1225 1845 ὃ
1280 1792 1726 1861 προσεκαλέσατο
1789 1790 1953 1843 αὑτὸν

351 1886 537 1955 ἔργον.
587 1884 755 1938 Πάλιν
806 1887 835 1936 6
879 1885 1151 1954 μακάριος
1201 1882 1411 1944 Παῦλος
1443 1885 1499 1935 ὲν
1548 1882 1645 1953 μὲν
1689 1885 1755 1954 τῇ
1815 1882 1953 1951 πρὸς

2055 702 2307 757 rissimus
2328 700 2503 755 Lucas
2534 709 2755 754 narrat:
2784 718 2802 749 ι
2830 699 3023 753 Tacuit
3044 698 3215 763 enim,
3243 695 3444 766 inquit,
3469 694 3652 748 omnis

2058 793 2371 855 multitudo,
2389 801 2443 845 et
2460 792 2754 846 audiebant
2772 790 3074 845 Barnabam
3097 799 3152 843 et
3170 787 3398 841 Paulum
3419 802 3488 839 na
3499 800 3654 838 rran-

2052 893 2135 937 tes
2151 892 2352 951 quanta
2380 882 2522 936 Deus
2547 881 2769 937 fecisset
2787 883 2941 952 signa
2969 892 3024 936 et
3044 882 3288 951 prodigia
3319 883 3371 936 in
3397 882 3654 952 gentibus

2051 988 2148 1044 per
2166 973 2392 1044 ipsos".
2408 992 2426 1024 ι
2444 971 2589 1027 Deus
2606 989 2735 1043 ergo
2750 984 2831 1028 est
2848 973 3087 1042 Spiritus
3099 985 3351 1029 sanctus:
3370 978 3483 1043 ipse
3505 973 3652 1027 enim

2052 1068 2207 1135 signa
2234 1076 2288 1121 et
2323 1067 2569 1136 prodigia
2606 1066 2928 1121 mirabiliter
2962 1076 3242 1136 operatur.
3278 1065 3437 1122 Unde
3481 1067 3650 1121 etiam

2054 1158 2380 1213 Dominusin
2400 1156 2946 1226 Evangeliisaiebat:
2976 1156 3161 1223 «Quod
3180 1158 3223 1211 si
3244 1172 3345 1227 ego
3365 1158 3417 1210 in
3440 1156 3650 1226 Spiritu

2054 1248 2149 1302 Dei
2191 1249 2459 1302 daemonia
2495 1248 2683 1318 ejicio,
2709 1248 2897 1318 utique
2923 1250 3243 1319 pervenitin
3269 1264 3366 1304 vos
3422 1264 3651 1318 regnum

2055 1341 2149 1395 Dei
2174 1342 2239 1395 ".
2282 1360 2300 1392 ι
2338 1340 2657 1409 Rursusque
2693 1342 2745 1395 in
2778 1341 3006 1395 Actibus
3041 1341 3219 1395 Lucas
3252 1342 3329 1396 ait
3366 1341 3413 1372 "'
3445 1381 3461 1407 ,
3511 1341 3652 1395 Pan-

2054 1431 2165 1485 lum
2212 1432 2385 1485 electo
2433 1431 2546 1485 Sila
2589 1432 2895 1500 profectum
2950 1446 3094 1497 esse,
3148 1432 3410 1485 traditum
3462 1433 3652 1501 gratia:

2054 1520 2148 1574 Dei
2178 1537 2207 1573 ιι
2244 1520 2524 1578 fratribus.
2559 1521 2677 1586 Quo
2706 1523 2832 1576 item
2866 1522 2985 1577 loco
3018 1523 3183 1576 Deum
3232 1521 3470 1590 appellat
3523 1520 3651 1591 Spi-

2058 1613 2220 1667 ritum
2253 1622 2503 1667 sanctum
2525 1652 2541 1676 ,
2574 1614 2666 1682 qui
2724 1628 2921 1683 nempe
2964 1629 3061 1683 per
3089 1614 3291 1668 fratres
3338 1613 3652 1668 Antiochia

2057 1714 2445 1775 segregaverat
2490 1707 2669 1777 ipsum
2731 1708 2797 1762 ad
2854 1709 3186 1763 destinatum
3247 1724 3405 1778 Opus.
3460 1709 3655 1763 Adhuc

2058 1797 2252 1852 beatus
2281 1797 2481 1853 Paulus
2509 1799 2561 1851 in
2604 1800 2843 1868 Epistula
2871 1803 2937 1855 ad
2963 1801 3283 1856 Corinthios
3311 1802 3385 1854 ait
3412 1817 3425 1854 :
3454 1818 3471 1852 t
3503 1798 3653 1866 Quos

2059 1891 2202 1942 Deus
2245 1891 2424 1957 posuit
2456 1890 2507 1942 in
2541 1890 2785 1946 Ecclesia
2830 1894 3027 1961 partim
3085 1896 3383 1963 prophetas
3420 1904 3474 1948 et
3516 1910 3650 1964 apo-

351 1974 677 2045 Κορινοίους
710 1974 783 2043 (l)
808 1975 993 2045 φησίνο
1041 1996 1059 2026 ι
1091 1974 1198 2038 υῦς
1224 1974 1376 2027 ἔθετο
1410 1974 1437 2025 6
1470 1974 1602 2035 Θεὸς
1633 1975 1690 2026 ἐν
1716 1975 1780 2042 τῇ
1830 1974 1945 2025 Ἐκ-

2060 1977 2249 2041 stolos,
2285 1978 2482 2045 partim
2520 1988 2769 2046 pastores
2791 1992 2847 2034 et
2898 1982 3154 2037 doctores
3202 1993 3368 2053 atque
3405 1999 3649 2053 evange-

350 2066 579 2137 κλησία,
607 2068 732 2126 τοὺς
764 2066 861 2135 μὲν
900 2067 1186 2136 προφήτας
1224 2065 1319 2117 κα)⁸
1350 2064 1702 2126 ἀποστόλους,
1732 2067 1858 2125 τοὺς
1890 2063 1945 2115 δὲ

349 2160 621 2227 ποιμένας
660 2158 751 2211 καὶ
786 2157 1146 2221 διδασκάλους
1195 2160 1290 2211 καὶ
1348 2155 1766 2225 εὐαγγελιστάς,
1808 2154 1947 2224 πρὸς

350 2250 722 2320 καταρτισμὸν
748 2250 854 2302 τῶν
896 2251 1098 2317 ἀγίων’
1139 2269 1158 2302 ι
1201 2253 1258 2304 ὲν
1296 2252 1355 2303 δὲ
1384 2252 1612 2321 Μιλήτῳ
1658 2248 1946 2302 συνταττόρ

354 2358 519 2411 μενος
540 2344 650 2404 τοῖς
677 2340 946 2409 ἀδελφοῖς,
977 2342 1073 2394 καὶ
1104 2342 1202 2409 τῆς
1240 2341 1489 2412 δοθείσης
1511 2340 1945 2411 ἀναμιμνήσκων

348 2433 595 2503 χάριτοςο
633 2451 651 2484 ι
683 2433 985 2503 Προσέχετε
1017 2428 1110 2485 οὖν
1141 2435 1378 2496 ἑαυτοῖς,
1426 2434 1613 2501 φησὶν,
1662 2432 1761 2484 καὶ
1785 2428 1947 2481 παντὶ

347 2523 433 2594 τῷ
479 2526 713 2593 ποιμνίῳ
762 2526 819 2576 ἐν
857 2518 900 2592 ᾧ
934 2526 1078 2595 ὑμᾶς
1106 2524 1260 2578 ἔθετο
1302 2526 1363 2577 τὸ
1410 2523 1635 2592 Πνεῦμα
1672 2522 1733 2575 τὸ
1779 2521 1940 2588 ἀγιον

2056 2066 2231 2131 lislas,
2267 2069 2332 2121 ad
2361 2068 2775 2125 mdilicationem
2813 2082 3129 2127 sanctorum
3165 2075 3233 2127 ".
3284 2093 3303 2125 ι
3342 2074 3507 2130 Mileti
3546 2092 3649 2131 au-

2057 2166 2162 2210 tem
2194 2158 2456 2214 fratribus
2486 2161 2604 2214 vale
2640 2161 2849 2227 dicens,
2899 2173 2952 2217 et
2992 2164 3177 2218 datam
3208 2180 3651 2223 commemorans

2056 2249 2327 2316 gratiam:
2370 2268 2389 2302 t
2435 2250 2717 2308 Attendite
2775 2256 2940 2322 igitur
2973 2256 3409 2327 vobismetipsis,
3448 2261 3649 2331 inquit.

2053 2348 2108 2392 et
2134 2340 2390 2397 universo
2425 2344 2601 2411 gregi,
2631 2345 2682 2398 in
2712 2360 2822 2414 quo
2860 2361 2955 2401 vos
2988 2347 3230 2415 Spiritus
3282 2362 3508 2408 sanctus
3559 2370 3653 2423 po-

2054 2432 2158 2484 suit
2207 2433 2497 2502 episcopos
2535 2450 2727 2505 regere
2776 2438 2995 2509 706m
3038 2440 3338 2497 Ecclesiam
3390 2442 3648 2511 Domini,

2052 2536 2213 2590 quam
2242 2526 2533 2594 acquisivit
2565 2528 2835 2596 sanguine
2865 2544 2965 2582 suo
2999 2530 3066 2585 ⁸⁸.
3104 2550 3125 2583 ι

350 2616 684 2679 ἐπισκόπους
758 2616 1070 2685 ποιμαίνειν
1122 2616 1221 2686 τὴν
1294 2616 1619 2686 Ἐκκλησίαν
1698 2612 1794 2667 τοῦ
1874 2612 2082 2682 Κυρίου
2130 2614 2232 2685 (Ξ),
2291 2618 2358 2686 ἢν
2438 2620 2872 2690 περιεποιήσατο
2919 2621 3007 2676 διὰ
3061 2623 3157 2678 τοῦ
3238 2626 3475 2697 αἵματος
3553 2624 3649 2682 τοῦ

350 2708 509 2762 ἰδίου.
542 2727 561 2757 a

435 2801 632 2871 Ὁρᾶτε
681 2801 843 2855 πάλιν
868 2801 1169 2855 κάνταῦθα
1199 2801 1295 2873 τὴν
1328 2800 1612 2870 θεολογίαν
1642 2800 1737 2854 τοῦ
1774 2797 1948 2852 Πνεύ-

358 2909 551 2964 ματος.
570 2893 719 2944 Ἐκεῖ
742 2896 849 2963 γὰρ
879 2895 973 2947 τοῦ
1000 2894 1136 2947 Θεοῦ
1165 2892 1545 2964 μνημονεύσας
1571 2893 1646 2955 ὼς
1662 2890 1946 2960 ποιμένας,

351 2988 449 3038 καὶ
495 2985 870 3049 διδασκάλους,
908 2988 1001 3039 καὶ
1050 2987 1442 3055 εὐαγγελιστάς
1487 2986 1946 3056 χειροτονοῦντος,

352 3076 588 3129 ἐνταῦθα
620 3078 747 3148 περὶ
773 3078 863 3130 τοῦ
891 3078 1208 3149 Πνεύματός
1235 3096 1387 3149 φησι·
1438 3080 1526 3131 Ἐν
1553 3073 1597 3147 ᾧ
1631 3081 1773 3149 ὑμᾶς
1796 3076 1949 3129 ἔθετο

354 3167 414 3219 τὸ
442 3166 671 3238 Πνεῦμα
705 3167 766 3219 τὸ
794 3168 947 3236 ἀγιον
979 3170 1313 3232 ἐπισκόπους
1352 3171 1663 3239 ποιμαίνειν
1688 3170 1786 3239 τὴν
1825 3169 1947 3221 Ἐκ-

352 3258 585 3328 κλησίαν
608 3276 619 3288 ·
653 3259 920 3313 διδάσκων
948 3260 1023 3323 ὡς
1056 3260 1189 3323 Θεὸς
1216 3261 1275 3313 τὸ
1299 3261 1524 3331 Πνεῦμα
1549 3261 1608 3313 τὸ
1636 3260 1811 3328 ἅγιον,
1854 3254 1949 3313 καὶ

351 3352 435 3403 ὅτι
462 3350 658 3404 ταύτόν
695 3353 845 3404 ἐστιν
888 3354 1067 3405 εἰπεῖν
1095 3352 1249 3416 Θεὸν,
1302 3353 1396 3406 καὶ
1436 3352 1684 3421 Πνεῦμα,
1726 3351 1813 3404 διὰ
1847 3352 1948 3421 τὴν

352 3444 641 3497 κοινωνίαν
665 3446 763 3514 τῆς
793 3443 1007 3511 φύσεως
1032 3460 1045 3474 ·
1074 3446 1183 3508 τοῖς
1214 3461 1272 3497 τε
1304 3444 1412 3515 γὰρ
1434 3446 1540 3497 ὑπὸ
1561 3443 1655 3496 τοῦ
1680 3443 1816 3496 Θεοῦ
1855 3444 1948 3497 καὶ

352 3536 567 3605 Πατρὸς
592 3536 897 3607 γινομένοις
934 3538 1186 3606 συνεργεῖ
1209 3539 1237 3588 6
1263 3537 1391 3599 Υίὸς
1414 3536 1510 3589 καὶ
1538 3537 1599 3589 τὸ
1633 3535 1858 3605 Πνεῦμα
1888 3535 1948 3588 τὸ

354 3626 536 3693 ἅγιον⁹
574 3628 689 3688 τοῖς
712 3641 773 3677 τε
800 3625 905 3678 ὑπὸ
940 3625 1034 3678 τοῦ
1079 3624 1211 3678 Υἱοῦ
1244 3626 1323 3695 (3)
1372 3627 1465 3680 καὶ
1495 3627 1589 3679 τοῦ
1629 3628 1947 3696 Πνεύματος

350 3714 697 3786 τελουμένοις
739 3715 1049 3768 συνευδοκεῖ
1075 3714 1338 3779 ὡσαύτως
1366 3718 1395 3769 6
1430 3716 1562 3779 Θεὸς
1596 3718 1688 3769 καὶ
1730 3716 1943 3789 Πατήρ.

352 3806 466 3857 Καὶ
501 3804 769 3875 ἑτέρωθεν
804 3806 967 3859 πάλιν
1022 3809 1050 3859 6
1101 3807 1369 3879 μακάριος
1410 3808 1619 3871 Παῦλος
1648 3808 1779 3861 Θεὸν
1808 3804 1946 3862 εἶναι

351 3897 415 3949 τὸ
447 3897 671 3967 Πνεῦμα
700 3896 978 3969 κηρύττει·
1013 3918 1031 3948 ‹
1063 3898 1190 3951 Ἐάν
1218 3900 1347 3967 γὰρ,
1380 3902 1535 3970 φησὶ,
1560 3901 1945 3971 προφητεύωσι

352 3990 576 4052 πάντες,
600 3989 816 4059 εἰσέλθῃ
843 3990 900 4043 δέ
930 4006 1014 4053 τις
1047 3990 1276 4054 ἄπιστος
1306 3992 1339 4061 ἢ
1387 3990 1620 4063 ἰδιώτης,
1663 3993 1945 4063 ἐλέγχεται

353 4081 461 4135 ὑπὸ
488 4081 727 4145 πάντων,
757 4081 1109 4152 ἀνακρίνεται
1136 4082 1240 4135 ὑπὸ
1270 4084 1485 4137 πάντων
1518 4082 1615 4153 (4),
1639 4084 1705 4136 τὰ
1726 4085 1947 4154 κρυπτά

352 4173 451 4243 τῆς
482 4173 709 4242 καρδίας
739 4172 905 4226 αὐτοῦ
937 4174 1148 4245 φανερά
1167 4175 1409 4243 γίνεται·
1444 4176 1540 4229 καὶ
1565 4175 1737 4239 οὕτως
1762 4174 1945 4228 πεσὼν

352 4264 447 4316 ἐπὶ
477 4265 771 4335 πρόσωπον
802 4267 1171 4335 προσκυνήσει
1208 4266 1284 4337 τῷ
1318 4266 1455 4336 Θεῷ,
1483 4268 1840 4335 ἀπαγγέλλων
1863 4271 1945 4321 ὅτι

351 4353 521 4415 ὅντως
551 4355 577 4405 6
599 4352 731 4416 Θεὸς
764 4355 820 4405 ὲν
856 4355 982 4423 ὑμῖν
1010 4356 1177 4409 ἐστιν.
1214 4376 1232 4408 ι
1274 4355 1493 4426 Ἐπειδὴ
1521 4357 1630 4425 γὰρ
1658 4357 1752 4409 τοῦ
1780 4359 1948 4411 Πνεύ-

354 4461 525 4515 ματος
556 4446 588 4514 ή
614 4447 922 4515 προφητεία
940 4448 1207 4517 χάρισμα,
1225 4448 1311 4501 διὰ
1330 4448 1384 4500 δὲ
1416 4449 1514 4517 τῆς
1545 4449 1945 4521 ἀποκαλύψεως

2126 2791 2319 2849 Videte
2371 2810 2563 2851 rursus
2602 2797 2730 2852 hinc
2767 2798 2955 2867 etiam,
2999 2800 3170 2857 Deum
3213 2802 3472 2861 aliirmari
3522 2807 3649 2880 Spi-

2057 2886 2218 2939 ritum
2279 2898 2552 2943 sanctum.
2612 2889 2748 2944 Cum
2805 2892 2951 2945 enim
3012 2892 3123 2947 illic
3193 2894 3426 2952 dixisset
3477 2898 3647 2958 Deum

2054 2978 2405 3033 constituisse
2463 2990 2709 3048 pastores
2741 3021 2756 3044 ,
2812 2984 3069 3039 doctores
3122 2996 3178 3040 et
3230 2991 3646 3061 evangelistas,

2056 3070 2145 3123 hic
2195 3070 2262 3124 de
2312 3068 2518 3139 Spiritu
2553 3072 2632 3125 ait
2667 3091 2681 3127 :
2743 3091 2762 3123 ι
2792 3072 2913 3138 Quo
2945 3075 2997 3128 in
3032 3090 3198 3145 grege
3233 3092 3331 3134 vos
3358 3081 3649 3139 collocavit

2057 3160 2297 3229 Spiritus
2343 3172 2567 3218 sanctus
2617 3163 2907 3232 episcopos
2934 3166 3004 3219 ob
3058 3169 3351 3236 regendam
3383 3176 3647 3241 pastorali

2053 3265 2181 3304 cura
2222 3250 2518 3305 Ecclesiam
2550 3268 2564 3304 :
2604 3271 2623 3304 ι
2645 3254 2847 3309 docens
2875 3256 3136 3312 videlicet
3168 3260 3333 3315 Deum
3358 3276 3483 3319 esse
3520 3265 3647 3337 Spl-

2050 3342 2215 3396 ritum
2240 3353 2513 3410 sanctum,
2536 3345 2872 3415 perindeque
2897 3348 3002 3402 dici
3037 3347 3207 3403 Deum
3248 3366 3314 3406 ae
3348 3352 3643 3427 Spiritum,

2049 3444 2270 3503 propter
2304 3445 2515 3489 naturae
2547 3438 3008 3492 communionem.
3046 3437 3180 3493 Nam
3215 3440 3283 3496 iis
3302 3459 3425 3513 quae
3459 3460 3490 3501 a
3536 3449 3648 3505 Deo

2048 3522 2209 3577 Patre
2238 3523 2391 3591 ﬁunt,
2418 3535 2781 3595 cooperantur
2814 3525 2983 3582 Filius
3007 3542 3072 3581 ac
3100 3526 3345 3597 Spiritus
3374 3544 3599 3591 sanctus
3626 3552 3643 3591 :

2049 3614 2399 3685 vicissimque
2428 3616 2518 3681 iis,
2549 3630 2671 3685 qute
2698 3630 2730 3670 a
2769 3616 2910 3671 Filio
2934 3626 2988 3672 et
3025 3616 3230 3687 Spiritu
3259 3625 3642 3692 perﬁciuntur,

2047 3709 2321 3762 consentit
2353 3709 2559 3777 pariter
2591 3708 2739 3764 Deus
2769 3706 2953 3765 Pater.
2984 3709 3310 3783 Rursusque
3346 3715 3472 3772 alibi
3509 3718 3643 3773 bea-

2050 3810 2137 3855 tus
2174 3798 2375 3855 Paulus
2423 3800 2593 3856 Deum
2639 3816 2763 3857 esse
2799 3802 3064 3872 Spiritum
3114 3806 3412 3875 praedicat:
3450 3829 3470 3862 ι
3506 3810 3643 3867 Nam

2048 3891 2128 3954 si,
2172 3891 2368 3959 inquit,
2424 3904 2615 3946 omnes
2662 3894 3013 3963 prophetent,
3071 3895 3239 3951 intret
3288 3909 3470 3955 autem
3521 3905 3646 3973 quis

2049 3981 2281 4037 infidelis
2311 3981 2396 4036 vel
2444 3982 2633 4043 idiota,
2681 3984 3026 4040 convincitur
3061 3987 3131 4042 ab
3153 3990 3411 4046 omnibus
3434 4030 3449 4056 ,
3502 3994 3641 4064 diju-

2048 4074 2263 4127 dicatur
2294 4073 2361 4127 ab
2388 4075 2665 4139 omnibus,
2721 4076 2937 4130 occulta
2972 4079 3160 4133 cordis
3192 4079 3312 4146 ejus
3349 4084 3642 4140 manifesta

2051 4162 2185 4216 ﬁunt
2221 4176 2236 4215 :
2265 4172 2319 4217 et
2352 4164 2423 4217 ita
2455 4164 2659 4218 cadens
2689 4163 2742 4218 in
2778 4163 2976 4220 faciem
3005 4167 3258 4222 adorabit
3291 4170 3481 4235 Deum,
3509 4189 3642 4242 pro-

2051 4255 2309 4309 nuntians
2358 4256 2502 4324 quod
2550 4270 2680 4310 vere
2728 4256 2873 4311 Deus
2923 4258 2975 4311 in
3014 4260 3173 4315 vobis
3217 4262 3289 4315 sit
3312 4262 3382 4317 “.
3418 4282 3437 4316 ι
3506 4264 3641 4321 Nam

2048 4348 2175 4417 quia
2205 4348 2487 4416 prophetia
2522 4350 2721 4405 donum
2754 4349 2993 4417 Spiritus
3026 4362 3137 4420 est,
3187 4362 3241 4408 et
3292 4370 3387 4424 per
3424 4358 3639 4413 revela-

2051 4440 2253 4493 tionem
2301 4437 2566 4507 Spiritus,
2607 4440 2900 4495 manifesta
2954 4442 3089 4497 llunt
3147 4445 3330 4500 cordis
3379 4448 3591 4502 occulta
3622 4489 3637 4512 ,

350 4535 446 4588 τοῦ
506 4536 822 4605 Πνεύματος
891 4539 1102 4609 φανερά
1156 4539 1224 4592 τά
1272 4540 1373 4610 τῆς
1436 4542 1662 4613 καρδίας
1724 4545 1942 4615 κρυπτὰ

2057 4531 2143 4585 Dei
2167 4546 2295 4585 vero
2317 4532 2592 4599 proprium
2610 4541 2694 4587 est
2718 4542 2953 4586 mentem
2974 4533 3254 4589 hominum
3277 4551 3637 4607 cognoscere,

349 4629 584 4697 γίνεται,
633 4628 767 4682 Θεοῦ
811 4629 865 4683 δὲ
911 4631 1040 4685 ἴδιον
1084 4631 1145 4684 τὸ
1187 4634 1277 4685 τὸν
1324 4633 1449 4686 νοῦν
1494 4635 1599 4687 τῶν
1635 4637 1939 4709 ἀνθρώπων

352 4716 700 4782 ἐπίστασθαι,
722 4718 1033 4787 ἀναγκαίως
1052 4721 1079 4772 ὁ
1105 4721 1463 4793 ἐλεγχόμενος
1492 4723 1581 4777 διὰ
1610 4725 1707 4795 τῆς
1730 4745 1941 4799 προφη-

348 4807 521 4875 τείας,
566 4810 995 4880 ἀνακρινόμενος
1044 4816 1414 4884 προσκυνήσει
1451 4814 1529 4885 τῴ
1572 4816 1712 4887 Θεῷ,
1756 4820 1937 4889 ἀπαγο

349 4898 560 4966 γέλλων
584 4902 665 4953 ἔτι
687 4900 855 4966 ὅντως
884 4906 911 4955 6
944 4904 1075 4967 Θεὸς
1103 4906 1159 4957 ὲν
1188 4905 1315 4975 ύμῖν
1352 4907 1499 4958 ἐστιν
1525 4923 1537 4935 ·
1570 4903 1715 4979 εἶχον
1747 4911 1803 4963 δὲ
1842 4912 1939 4983 τήν

350 4992 514 5061 χάριν
560 4993 757 5045 ἐκεῖνοι
815 4994 909 5047 τοῦ
965 4994 1303 5065 Πνεύματος.
1362 4997 1421 5049 Ei
1478 4998 1533 5051 δὲ
1588 4999 1719 5064 Θεὸς
1767 4999 1837 5073 ἦν
1880 5007 1939 5057 ὲν

349 5081 558 5147 αὐτοῖς,
592 5084 781 5150 ἐπειδὴ
814 5086 911 5155 τῆς
932 5085 1026 5139 τοῦ
1055 5088 1193 5139 Πνεύ
1201 5106 1369 5157 ματος
1392 5091 1675 5161 ἀπήλαυον
1695 5094 1934 5166 χάριτος,

349 5171 485 5236 Θεὸς
505 5174 613 5245 ἀρα
642 5178 734 5228 καὶ
770 5177 833 5228 ἐκ
859 5176 994 5230 Θεοῦ
1028 5179 1089 5231 τὸ
1122 5180 1344 5251 Πνεῦμα
1374 5183 1435 5237 τὸ
1466 5185 1638 5253 ἅγιον.

424 5287 615 5369 ruant.
647 5305 735 5356 ιν,
764 5291 996 5369 ρλβ’
1026 5293 1210 5351 Matth.
1245 5313 1345 5362 xu,
1374 5299 1463 5356 28.
1544 5300 1590 5333 "
1623 5302 1743 5357 Act.
1782 5322 1869 5369 xv,
1901 5310 1991 5367 40.

350 5358 396 5391 ⁸⁸
431 5357 593 5413 lCor.
623 5376 733 5425 xw,
760 5362 950 5418 23-25.

424 5475 502 5557 (_l)
545 5476 673 5557 Pars
702 5479 917 5557 quidem
946 5480 1093 5548 prior
1128 5480 1418 5557 testimonii
1452 5483 1571 5551 ejus
1605 5497 1687 5539 est
1719 5501 1785 5540 ex
1813 5486 1936 5557 Epi-

353 5547 489 5619 stola
524 5548 589 5600 ad
617 5546 959 5619 C0riuthios§
1006 5565 1132 5619 pars
1169 5552 1337 5603 altera
1379 5546 1554 5608 tamen
1588 5558 1832 5611 adsuitur
1858 5546 1931 5614 'rx

352 5617 766 5687 locoparallelo
796 5617 1049 5686 Epistulae
1092 5621 1155 5672 ad
1200 5620 1482 5687 Ephesios.

428 5685 503 5753 (τί)
546 5688 618 5758 lta
637 5685 1001 5758 εοιΙ.Κύρίου,
1023 5699 1079 5741 ιιι
1103 5685 1339 5744 ιιοιιιιιιΙΙὶ
1358 5692 1447 5745 aiii
1477 5693 1687 5747 codices
1703 5697 1926 5751 Actutum

355 5766 527 5832 apost.
564 5756 668 5812 Sed
706 5756 881 5832 tamen
915 5758 1084 5811 multo
1121 5763 1453 5832 communior
1474 5775 1557 5817 est
1589 5765 1746 5819 lectio
1769 5766 1925 5832 Θεοῦ,

354 5824 487 5901 Dei,
512 5840 671 5901 quam
720 5828 984 5901 interpres
1015 5845 1229 5897 quoque
1259 5831 1371 5883 Lat.
1418 5832 1674 5901 angatus
1709 5824 1924 5891 retinet.

353 5894 490 5947 θεοῦ
522 5898 685 5953 habet
735 5894 871 5967 ipse
894 5894 1124 5967 Cyrillus
1146 5894 1210 5955 in
1245 5894 1717 5970 Opusculonuod
1749 5905 1924 5963 Maria

2052 4620 2362 4673 necessario
2399 4619 2445 4673 is
2500 4620 2591 4687 qui
2638 4622 2988 4675 convincitur
3032 4637 3061 4675 a
3119 4626 3433 4694 prophetia,
3481 4630 3640 4699 diju-

2048 4712 2266 4765 dicatus
2315 4710 2568 4765 adorabit
2623 4711 2787 4765 Deum
2822 4750 2838 4775 ,
2905 4717 3266 4781 pronuntians
3319 4720 3463 4788 quod
3510 4736 3638 4778 vere

2051 4802 2191 4855 Deus
2222 4800 2276 4855 in
2310 4802 2464 4857 vobis
2498 4804 2587 4856 sit.
2616 4802 2785 4859 Porro
2825 4804 2898 4858 illi
2932 4807 3165 4875 gratiam
3204 4809 3443 4877 Spiritus
3475 4814 3635 4869 habe-

2050 4892 2199 4943 bant.
2234 4890 2387 4955 Quod
2412 4892 2456 4945 si
2491 4890 2631 4948 Deus
2668 4893 2721 4948 in
2752 4894 2881 4963 ipsis
2919 4906 3059 4963 erat,
3093 4900 3219 4965 quia
3245 4898 3480 4969 Spiritus
3512 4922 3637 4972 gra-

2048 4979 2121 5031 tia
2161 4977 2502 5043 fruebantur,
2536 4990 2787 5051 superest
2830 4994 2888 5036 ut
2931 4982 3073 5039 Deus
3119 4995 3175 5039 et
3212 5001 3280 5041 ex
3317 4985 3428 5043 Deo
3461 4988 3636 5057 Spiri-

2050 5080 2135 5126 tus
2174 5080 2399 5127 sanctus
2426 5072 2519 5128 sit.

2098 5316 2142 5347 "
2173 5314 2191 5368 1
2232 5314 2359 5369 Cor.
2390 5330 2489 5381 xu,
2518 5312 2588 5368 28
2622 5332 2635 5381 ;
2670 5314 2866 5383 Ephes.
2901 5330 2975 5380 tv,
3012 5316 3100 5369 12.
3178 5314 3222 5345 '°
3254 5316 3377 5373 Act.
3406 5334 3494 5387 xx,
3536 5319 3629 5375 28.

2044 5498 2111 5549 sit
2166 5496 2414 5560 Deipara,
2453 5514 2601 5551 num.
2633 5498 2725 5551 9.2.

2116 5568 2191 5635 (5)
2234 5569 2363 5619 Cod.
2381 5569 2540 5629 Θεοῦ,
2576 5568 2703 5634 Deo,
2724 5570 2817 5623 sed
2840 5568 3120 5624 videbatur
3140 5572 3364 5627 οιιιιιίιιο
3388 5574 3631 5629 scriben~

2042 5638 2166 5689 dum
2206 5639 2358 5702 Tioz'),
2394 5638 2555 5691 Filio.

2114 5708 2188 5776 (ὁ)
2231 5708 2355 5761 Tria
2408 5710 2518 5761 btet:
2566 5707 2727 5762 verba
2781 5710 2973 5763 desunt
3024 5710 3284 5763 mendose
3332 5714 3385 5765 in
3440 5713 3632 5769 codica

2040 5788 2259 5851 propter
2303 5777 2710 5851 6p0mé).sotov
2742 5783 3127 5851 prietertuiSsa,
3164 5780 3259 5836 sed
3291 5782 3431 5837 infra
3464 5797 3629 5851 appu-

2037 5858 2121 5904 t'et
2162 5848 2301 5905 lecta
2343 5864 2531 5906 revera
2574 5849 2740 5905 fuisse
2781 5864 2807 5905 a
2850 5850 3073 5919 Cyrilto.
