4036 6336
454 506 590 563 1187

1499 498 1556 552 8.
1596 496 1864 552 CYRILLI
1903 496 2361 551 ALEXANDIKINI
2402 498 2711 553 AliCHlEP.

3547 504 3683 556 1188

454 616 663 675 XXVII.
698 614 847 679 Quod
874 613 1065 680 absque
1105 612 1363 664 creatione
1399 625 1461 661 ea:
1495 608 1600 663 Deo
1658 613 1723 662 sit
1774 608 2002 678 διώκω

2127 612 2237 663 KZ'.
2278 611 2402 663 Ὀτι
2433 612 2726 682 datr/crto;
2746 610 2992 682 nemo
3030 610 3095 662 τὸ
3127 609 3361 682 Πνεῦμα
3388 611 3455 664 τὸ
3490 612 3679 682 ἅγιον,

680 696 912 745 sanctus,
950 686 1164 750 ideoque
1191 693 1238 733 et
1279 690 1497 733 (ciemus
1537 690 1761 736 rocetur.

525 796 985 850 Prmclarissimus
1012 808 1228 864 quoque
1260 792 1453 847 Petrus
1486 792 1535 846 in
1567 792 1854 847 catholicis
1882 792 2007 861 Epi-

455 889 608 943 stolis
640 906 651 940 :
678 905 695 936 ι
732 885 787 939 Si
813 886 1237 955 exprobramini,
1260 885 1452 952 inquit,
1479 886 1529 937 in
1550 887 1766 939 nomine
1787 883 2008 946 Christi,

454 980 589 1034 beati
624 978 773 1041 estis,
802 978 1052 1044 quoniam
1086 975 1286 1043 gloriae,
1328 974 1540 1043 707m
1572 976 1781 1027 virtutis
1804 1016 1819 1037 ,
1841 985 1893 1027 et
1920 974 2011 1025 Dei

456 1068 692 1133 Spiritus
720 1082 877 1133 super
924 1080 1018 1119 vos
1047 1066 1338 1132 requiescit
1386 1064 1452 1118 “.
1507 1083 1523 1114 ι
1570 1064 1762 1117 Beatus
1805 1079 2014 1133 quoque

454 1158 685 1211 Joannes
710 1158 763 1210 in
799 1156 1035 1225 Epistola
1072 1173 1086 1209 :
1128 1173 1144 1205 ι
1178 1152 1232 1208 In
1266 1156 1393 1216 hoc,
1426 1155 1617 1219 inquit,
1645 1156 2015 1223 cognoscimus

460 1261 556 1302 nos
594 1248 643 1299 in
670 1261 733 1301 eo
766 1260 1019 1307 manere,
1052 1254 1107 1299 et
1135 1244 1306 1313 ipsum
1346 1246 1397 1297 in
1436 1245 1590 1298 nobis
1614 1284 1628 1307 ,
1662 1246 1917 1313 quoniam
1950 1247 2016 1299 de

458 1336 659 1407 Spiritu
691 1351 786 1389 suo
824 1336 979 1390 nobis
1003 1336 1146 1389 dedit
1192 1335 1257 1387 ⁸³.
1296 1354 1313 1385 ι
1368 1334 1518 1400 Quod
1555 1347 1734 1387 autem
1790 1350 1852 1388 ex
1904 1336 2014 1388 Deo

454 1428 946 1497 esseprtedicatur,
997 1427 1136 1479 haud
1194 1436 1439 1479 creatura
1497 1434 1601 1489 est,
1660 1425 1753 1478 sed
1809 1439 1873 1477 ex
1922 1424 2013 1477 Dei

454 1520 775 1573 substantia.
831 1516 1010 1582 Quare
1060 1526 1114 1571 et
1164 1518 1342 1584 ipsum
1396 1516 1587 1570 beatus
1627 1515 1823 1569 Paulus
1858 1527 2016 1569 teter-

454 1626 606 1674 num,
635 1619 688 1663 et
712 1609 799 1678 qui
839 1608 1051 1663 initium
1083 1624 1186 1661 non
1238 1608 1509 1669 habuerit,
1549 1615 1821 1674 nuncupat
1860 1622 1872 1656 :
1908 1624 1925 1657 ι
1960 1606 2013 1658 Si

454 1703 599 1755 enim
644 1700 885 1769 sanguis,
938 1701 1138 1768 inquit,
1177 1700 1446 1753 hircorum
1496 1708 1548 1752 et
1607 1708 1880 1751 taurorum
1910 1737 1925 1761 ,
1966 1706 2017 1751 et

456 1792 596 1846 cinis
640 1791 822 1845 vitula:
880 1804 1135 1858 aspersus
1168 1829 1183 1853 ,
1241 1790 1546 1857 inquinatos
1596 1789 1898 1843 sanctiﬁcat
1951 1789 2017 1843 ad

456 1883 839 1951 perfectionem
870 1922 883 1946 ,
921 1892 1124 1950 quanto
1174 1882 1344 1950 magis
1390 1882 1608 1950 sanguis
1641 1881 1877 1943 Christi,
1924 1881 2014 1949 qui

2497 682 2585 733 διὸ
2618 680 2710 732 καὶ
2738 679 2977 732 αἰώνιον
3010 679 3294 732 καλεῖται.

2184 796 2289 847 Καὶ
2336 796 2364 848 δ
2411 794 2683 855 θειότατος
2734 793 2790 844 δὲ
2844 793 3047 862 Πέτρος
3094 796 3150 846 ὲν
3188 796 3305 855 ταῖς
3352 791 3690 854 Καθολικαῖς

2127 890 2465 953 Ἐπιστολαῖς
2486 910 2497 920 ·
2538 908 2555 939 ι
2582 890 2641 942 Εἰ
2665 888 3007 953 ὀνειδίζεσθε,
3042 892 3227 956 φησὶν,
3260 891 3317 941 ὲν
3345 888 3422 958 τῷ
3462 889 3684 958 ὀνόματι

2112 978 2205 1031 τοῦ
2244 980 2501 1050 Χριστοῦ,
2552 980 2806 1049 μακάριοί
2837 982 2979 1040 ἐστε,
3030 981 3110 1031 ὅτι
3158 981 3217 1031 τὸ
3253 980 3352 1050 τῆς
3394 980 3551 1049 δόξης
3592 982 3683 1031 καὶ

2113 1068 2393 1137 δυνάμεως
2435 1072 2530 1121 καὶ
2566 1067 2659 1121 τοῦ
2699 1067 2831 1121 Θεοῦ
2868 1067 3091 1137 Πνεῦμα
3118 1067 3201 1135 ἐφ’
3240 1069 3383 1139 ὑμᾶς
3411 1066 3685 1120 ἀναπαύε-

2114 1178 2223 1214 ται.
2273 1181 2290 1211 ι
2347 1163 2455 1214 Καὶ
2501 1164 2529 1213 δ
2590 1164 2857 1234 μακάριος
2904 1162 3152 1230 Ἰωάννης
3188 1162 3243 1212 ὲν
3278 1165 3342 1231 τῇ
3374 1161 3679 1230 Ἐπιστολῇ·

2123 1271 2139 1303 ι
2178 1253 2265 1305 Ἐν
2302 1253 2494 1322 τούτῳ,
2528 1257 2679 1324 φησὶ,
2718 1254 3054 1324 γινώσκομεν
3092 1258 3173 1306 ὅτι
3215 1255 3273 1305 ὲν
3307 1253 3455 1322 αὐτῷ
3494 1252 3686 1323 μενοῦ-

2121 1362 2238 1415 μεν.
2270 1346 2362 1399 καὶ
2394 1347 2553 1409 αὐτὸς
2588 1348 2643 1398 ὲν
2676 1348 2823 1415 ἡμῖν,
2856 1348 2936 1398 ὅτι
2972 1350 3034 1398 ὲκ
3054 1346 3146 1399 τοῦ
3176 1346 3494 1411 Πνεύματος
3521 1342 3685 1396 αὐτοῦ

2116 1437 2343 1489 δέδωκεν
2377 1438 2528 1507 ἡμῖν.
2554 1456 2571 1488 ι
2618 1438 2689 1490 Τὸ
2718 1438 2772 1490 δὲ
2799 1440 2861 1491 ὲκ
2887 1438 2979 1491 τοῦ
3011 1438 3143 1490 Θεοῦ
3174 1436 3593 1508 κηρυττόμενον,
3626 1436 3685 1487 ού

2118 1528 2339 1597 κτίσμα,
2376 1528 2487 1581 ἀλλ’
2515 1531 2577 1582 ὲκ
2614 1530 2710 1599 τῆς
2740 1530 2887 1592 Θείας
2930 1530 3114 1592 οὐσίας
3158 1531 3431 1601 ὑπάρχον·
3478 1527 3558 1579 διὸ
3595 1529 3689 1579 καὶ

2117 1620 2330 1673 αἰώνιον
2373 1623 2451 1683 εἰς
2477 1622 2649 1693 ἀρχὴν
2682 1623 2739 1674 τὸ
2770 1617 2905 1676 εἶναι
2949 1623 3022 1692 μὴ
3051 1619 3305 1691 εἰληφὼς,
3350 1624 3377 1675 ὁ
3420 1621 3688 1692 μακάριος

2118 1712 2248 1764 αὐτὸ
2277 1712 2485 1775 Παῦλος
2516 1694 2779 1767 ἀποκαλεῖ
2799 1732 2810 1744 ’
2845 1734 2861 1765 t
2888 1716 2949 1767 El
2974 1715 3081 1785 γὰρ
3104 1710 3262 1782 αἷμα,
3298 1714 3448 1784 φησὶ,
3473 1714 3689 1782 τράγων

2119 1804 2212 1856 καὶ
2243 1806 2478 1879 ταύρων,
2514 1809 2606 1861 καὶ
2636 1811 2829 1873 σποδὸς
2872 1811 3157 1880 δαμάλεως
3193 1810 3519 1881 ῥαντίζουσα
3564 1810 3690 1870 τοὺς

2119 1897 2548 1965 κεκοινωμένους
2590 1901 2803 1966 ἁγιάζει
2856 1901 2988 1970 πρὸς
3039 1902 3349 1970 τελειότητα
3390 1900 3490 1970 (5),
3538 1900 3691 1968 πόσῳ

465 1988 560 2042 per
594 1970 851 2040 Spiritum
900 1984 1145 2023 sanctum
1177 1971 1521 2038 semetipsum
1553 1971 1747 2024 obtulit
1772 1970 1818 2001 “
1849 1973 1861 2023 l
1903 1989 1920 2019 ι
1958 1970 2013 2024 Si

2127 1986 2322 2054 μᾶλλον
2355 1954 2424 2041 ’τὸ
2458 1954 2595 2058 αἷμα
2637 1954 2911 2062 'Xpieroﬁ,‘
3032 1992 3120 2045 διὰ
3172 1954 3489 2061 Πνεύματοις
3535 1954 3689 2059 ἁγίου

458 2078 587 2135 ergo
618 2062 854 2130 Spiritus
883 2071 1107 2115 sanctus
1139 2070 1373 2115 aeternus
1397 2070 1497 2125 est,
1539 2073 1592 2115 et
1624 2062 1764 2116 Deus
1807 2077 2018 2131 quoque

458 2166 717 2218 etei-nus,
762 2153 1045 2206 manifesta
1081 2154 1353 2205 conclusio
1380 2162 1481 2206 est.
1515 2152 1619 2207 Sed
1654 2155 1795 2207 enim
1824 2166 2017 2209 cuncta

460 2246 526 2297 de
554 2254 746 2297 sancto
783 2242 988 2309 Spiritu
1039 2244 1361 2306 testimonia,
1393 2258 1511 2311 qua:
1551 2244 1723 2311 ipsum
1756 2254 1808 2298 et
1855 2244 2019 2299 Deum

457 2342 578 2386 esse
606 2342 658 2384 et
679 2333 961 2385 Dominum
993 2333 1309 2401 praedicant,
1337 2332 1695 2401 eumdemque
1724 2347 1843 2386 cum
1858 2331 2018 2387 Patre

459 2436 520 2474 ac
552 2420 692 2475 Filio
718 2424 829 2488 pari
861 2422 1051 2475 ordine
1076 2423 1365 2485 collocant,
1412 2424 1674 2477 studiosis
1718 2426 2019 2493 colligenda

460 2511 849 2579 relinquimus:
881 2528 974 2567 nos
1008 2528 1133 2567 vero
1166 2514 1228 2567 ad
1261 2514 1417 2580 hujus
1459 2515 1811 2570 institutionis
1836 2517 2022 2570 termi-

459 2616 584 2654 num
621 2617 994 2671 properamus.

860 2820 1091 2876 XXVIII.
1128 2822 1203 2892 (i)
1248 2820 1398 2874 Fidei
1427 2838 1651 2875 summa.

532 2939 697 3010 igitur
738 2952 898 2989 unam
941 2934 1223 2988 Trinitatis
1274 2940 1521 2986 naturam
1567 2948 1689 2988 esse
1728 2934 2021 2997 credimus,

461 3043 623 3085 unam
658 3026 1019 3083 substantiam
1076 3026 1127 3076 in
1184 3024 1353 3075 trihus
1387 3024 1632 3090 personis
1684 3033 1981 3091 spectatam
2010 3062 2024 3087 ,

463 3123 752 3196 potentiam
795 3117 1196 3187 imparttbilem,
1226 3130 1445 3183 regnum
1487 3115 1810 3179 iudivisum,
1865 3129 2025 3167 unam

2123 2075 2313 2127 ἑαυτὸν
2371 2080 2743 2150 προσήνεγκεν
2774 2096 2787 2145 ;
2820 2100 2838 2131 ι
2908 2082 2969 2133 Εἰ
3018 2082 3192 2134 τοίνυν
3252 2080 3311 2133 τὺ
3353 2080 3574 2149 Πνεῦμα
3632 2079 3692 2132 τὸ

2123 2164 2277 2231 ἅγιον
2322 2167 2559 2235 αἰώνιον,
2618 2171 2711 2222 καὶ
2741 2173 2769 2223 ὁ
2803 2171 2932 2233 Θεὸς
2972 2171 3207 2235 αἰώνιος,
3255 2172 3412 2240 δῆλον
3460 2171 3521 2223 τὸ
3568 2188 3692 2223 συν-

2123 2254 2405 2324 αγόμενονο
2438 2260 2574 2312 ἀλλὰ
2608 2262 2787 2323 πάσας
2817 2262 2916 2331 μὲν
2946 2264 3042 2323 τὰς
3071 2264 3196 2333 περὶ
3228 2262 3319 2315 τοῦ
3346 2264 3501 2329 ἁγίου
3527 2263 3695 2314 Πνεύ-

2126 2361 2292 2414 ματος
2338 2351 2663 2421 μαρτυρίας,
2710 2353 2807 2415 τὰς
2851 2355 2943 2407 καὶ
2993 2354 3125 2407 θεὸν
3172 2356 3302 2408 αὐτὸ
3351 2357 3445 2409 καὶ
3489 2356 3693 2425 Κύριον

2124 2437 2518 2505 κηρυττούσαε.
2568 2440 2661 2492 καὶ
2722 2442 2895 2513 Πατρὶ
2944 2445 3036 2497 καὶ
3092 2446 3206 2515 Υίῷ
3266 2448 3695 2514 συντεταγμένον

2123 2527 2407 2594 λεγούσας,
2455 2532 2732 2600 συλλέγειν
2772 2539 2883 2599 τοῖς
2930 2538 3235 2606 φιλοπόνως
3270 2540 3689 2609 καταλίπωμεν·

2126 2616 2286 2685 ἡμεῖς
2313 2619 2369 2670 δὲ
2400 2621 2491 2673 ἐπὶ
2521 2623 2578 2673 τὸ
2611 2623 2762 2687 τέλος
2805 2627 3152 2698 ἐπειγώμεθα
3182 2629 3281 2699 τῆς
3328 2631 3693 2702 προκειμένης

2125 2707 2487 2775 διδασκαλίας.

2302 2804 2434 2859 κη’.
2498 2807 3038 2877 Ἀνακεραλαίωσις
3081 2812 3191 2879 τῆς
3239 2815 3515 2881 πίστεως.

2199 2914 2389 2969 Τοίνυν
2419 2917 2548 2986 μίαν
2569 2920 2668 2989 τῆς
2714 2921 2939 2993 Τριάδος
2966 2927 3065 2996 τὴν
3096 2927 3254 2995 φύσιν
3276 2926 3413 2982 εἶναι
3444 2932 3691 2985 πιστεύο-

2132 3021 2250 3073 μεν,
2285 3008 2413 3075 μίαν
2440 3010 2628 3064 οὐσίαν
2658 3014 2714 3065 ὲν
2751 3016 2926 3084 τρισὶν
2976 3018 3229 3088 ἰδιότησιν
3267 3020 3688 3093 γνωριζομένην,

2127 3094 2225 3165 τὴν
2275 3098 2521 3163 ἐξουσίαν
2552 3102 2865 3171 ἀμέριστον,
2912 3107 3008 3175 τὴν
3054 3108 3327 3175 βασιλείαν
3368 3112 3686 3184 ἀδιαίρετον,

464 3186 717 3269 deitatem
750 3227 814 3266 ac
861 3212 1302 3265 dominationem:
1354 3205 1449 3263 Sic
1484 3209 1626 3261 enim
1654 3214 1707 3257 et
1749 3205 1931 3262 unitas
1971 3206 2022 3259 in

2131 3186 2259 3256 μίαν
2285 3189 2514 3261 Θεότητά
2536 3210 2593 3246 τε
2630 3197 2721 3248 καὶ
2750 3199 3063 3269 κυριότητα.
3101 3202 3255 3254 Οὕτω
3286 3205 3391 3275 γάρ
3418 3207 3510 3259 καὶ
3530 3208 3689 3275 μονὰς

466 3323 569 3362 una
600 3309 894 3369 eademque
935 3304 1237 3355 substantia
1267 3302 1695 3362 demonstratur,
1728 3309 1782 3352 et
1814 3300 2022 3352 trinitas

2129 3280 2186 3332 ὲν
2216 3280 2293 3351 τῷ
2321 3284 2500 3354 ταὺτῷ
2531 3286 2629 3354 τῆς
2671 3287 2857 3350 οὐσίας
2893 3290 3187 3359 δείκνυται,
3219 3297 3311 3346 καὶ
3402 3273 3571 3367 Τριάς
3595 3301 3691 3352 οὐκ

467 3420 570 3457 non
601 3404 653 3456 in
686 3401 841 3455 nudis
882 3397 1205 3459 nominibus,
1240 3393 1335 3446 sed
1364 3393 1416 3445 in
1456 3391 1833 3461 hypostasibus
1859 3404 2025 3457 agno-

466 3496 654 3548 scitur.
711 3492 827 3545 Non
857 3490 1000 3544 enim
1039 3502 1137 3541 nos
1182 3486 1411 3538 dicimus
1458 3497 1618 3535 unum
1662 3482 1986 3549 trionymum
2013 3516 2027 3542 ,

469 3583 619 3649 juxta
671 3577 913 3640 Sabellii,
956 3574 1170 3629 Photini
1207 3586 1272 3625 ac
1318 3569 1551 3622 Marcelli
1601 3568 2028 3621 contractionem

467 3682 520 3725 et
552 3670 938 3724 confusionem.
991 3665 1177 3732 Neque
1206 3664 1335 3716 item
1378 3662 1478 3713 tria
1512 3659 1743 3713 invicem
1776 3669 2034 3713 extranea

468 3772 523 3814 et
550 3761 758 3813 diversa
795 3757 1096 3811 substantia
1124 3754 1347 3822 przedita
1368 3790 1383 3815 ,
1426 3751 1732 3821 inmqualia,
1784 3766 1845 3805 ac
1876 3752 2032 3805 dissi-

474 3852 642 3913 milia,
675 3859 727 3902 et
760 3848 901 3902 aliud
934 3847 1038 3900 alio
1078 3845 1329 3913 superius
1358 3843 1456 3913 (2),
1480 3858 1600 3912 quae
1630 3858 1728 3897 nos
1759 3854 1938 3897 mente
1968 3858 2033 3897 ac

472 3941 648 4010 lingua
679 3942 963 3993 metiamur
996 3951 1059 3991 ac
1093 3935 1455 4005 ponderemus
1478 3972 1493 3998 ,
1541 3933 1694 4001 juxta
1731 3935 1845 3988 Arii
1896 3935 2032 3987 divi-

472 4034 704 4095 sionem,
738 4029 1125 4092 diversitatem,
1161 4038 1214 4079 et
1240 4025 1458 4092 impiam
1494 4024 1861 4093 curiositatem
1893 4043 1905 4078 :
1938 4026 2033 4079 sed

472 4134 584 4178 tres
633 4125 971 4193 hypostases,
1037 4133 1196 4170 unam
1244 4128 1421 4170 autem
1470 4114 1751 4169 Trinitatis
1788 4126 2031 4169 naturam

473 4218 847 4283 incorpoream
881 4250 895 4275 ,
955 4207 1319 4262 invertibilem
1351 4250 1365 4271 ,
1420 4205 1861 4270 immutabilem,
1928 4204 2034 4259 line

449 4304 697 4373 ἧοεηι
755 4310 1053 4361 carentem,
1101 4295 1480 4360 immortalem,
1530 4295 1815 4358 inﬁnitam,
1857 4294 2033 4348 incor-

473 4391 805 4462 ruptibilem,
840 4387 1365 4456 incircumscriptam
1401 4424 1415 4449 ,
1461 4386 1808 4449 illimitatam,
1851 4386 2035 4439 invisi-

473 4485 658 4549 bilem,
689 4496 939 4535 arcanam
970 4521 986 4546 ,
1046 4477 1394 4540 ineil'abilem,
1439 4478 1853 4531 inenarrabilem
1887 4517 1901 4541 ,
1952 4477 2024 4531 in-

475 4571 1016 4643 comprehensibilem
1052 4608 1067 4633 ,
1109 4578 1252 4623 tactu
1330 4569 1603 4634 mentique
1682 4568 2030 4635 impervium,

2130 3372 2188 3422 ὲν
2212 3370 2387 3441 ψιλοῖς
2413 3378 2524 3438 τοῖς
2549 3378 2795 3447 ὀνόμασι,
2821 3381 2935 3433 ἀλλ’
2963 3384 3019 3434 ἐν
3047 3386 3166 3447 ταῖς
3196 3387 3526 3441 ὑποστάσεσι
3558 3407 3692 3456 γνω-

2135 3462 2359 3533 ρίζεται.
2392 3467 2466 3518 Ού
2501 3469 2607 3537 γὰρ
2641 3468 2697 3520 ἓν
2722 3470 2949 3539 λέγομεν
2968 3472 3276 3544 τριώνυμον
3311 3479 3450 3532 κατά
3480 3479 3575 3549 τὴν
3602 3479 3691 3532 τοῦ

2132 3554 2420 3608 Σαϐελλίου
2450 3559 2545 3610 καὶ
2575 3561 2836 3633 Φωτεινοῦ
2895 3564 2989 3615 καὶ
3029 3566 3347 3635 Μαρκέλλου
3391 3571 3695 3641 συναίρεσίν

2131 3661 2189 3698 τε
2214 3647 2308 3699 καὶ
2338 3651 2599 3716 σύγχυσιν
2623 3667 2636 3679 ·
2686 3652 2745 3704 ού
2774 3654 2900 3721 τρία
2924 3654 3195 3724 ἀλλόφυλά
3228 3674 3286 3710 τε
3323 3662 3416 3712 καὶ
3454 3662 3694 3732 ὲτεροού-

2135 3753 2242 3800 σια,
2276 3738 2434 3792 ἄνισα
2480 3742 2572 3793 καὶ
2618 3742 2865 3811 ἀνόμοια,
2908 3744 3151 3817 ἀλλήλων
3193 3750 3584 3822 ὑπερκείμενα,
3626 3750 3694 3823 νῷ

2132 3830 2226 3881 καὶ
2287 3830 2500 3903 γλώττῃ
2558 3835 2901 3905 μετρούμενά
2961 3856 3020 3891 τε
3090 3840 3183 3893 καὶ
3240 3842 3693 3914 ταλαντευόμενα.

2132 3922 2273 3974 κατά
2309 3923 2405 3991 τὴν
2446 3924 2654 3994 Ἀρείου
2685 3928 2945 3997 διαίρεσίν
2982 3947 3040 3982 τε
3079 3933 3171 3984 καὶ
3215 3932 3568 4003 ἀλλοτρίωσιν
3611 3938 3697 3990 καὶ

2132 4011 2366 4076 δυσσεϐῆ
2428 4016 2958 4089 πολυπραγμοσύνην
2986 4038 2997 4050 ·
3060 4021 3194 4076 ἀλλά
3248 4027 3395 4095 τρεῖς
3454 4026 3553 4095 μὲν
3603 4028 3695 4089 τὰς

2133 4102 2476 4168 ὑποστάσεις,
2512 4106 2640 4174 μίαν
2676 4106 2731 4159 δὲ
2761 4110 2855 4179 τῆς
2888 4111 3116 4181 Τριάδος
3146 4113 3241 4183 τὴν
3276 4113 3436 4181 φύσιν
3475 4116 3697 4187 ἀσώμα-

2132 4208 2244 4257 τον,
2276 4194 2561 4264 ἄτρεπτον,
2592 4198 2967 4263 ἀναλλοίωτον,
2997 4202 3367 4273 ἀτελεύτητον,
3412 4206 3694 4270 ἀθάνατον,

2134 4284 2396 4354 ἀπειρον,
2464 4286 2763 4357 ἂφθαρτον,
2805 4291 3234 4360 ἀπερίγρατττον,
3306 4294 3695 4365 ἀπερίληπτον,

2134 4379 2379 4448 ἀόρατον,
2414 4380 2617 4449 ἀσαφῆ,
2658 4381 2915 4453 ἄρρητον,
2956 4385 3250 4454 ἄφραστον,
3294 4388 3695 4458 ἀκατάληπτον,

2135 4468 2454 4536 ἀνέφικτον,
2506 4473 2893 4542 ἀπερινόητον,
2942 4474 3253 4544 αὐτοζωὴν,
3308 4477 3424 4545 φῶς
3475 4481 3697 4550 νοερὸν,

2138 4561 2319 4630 πηγὴν
2362 4562 2598 4627 ἀγαθῶν,
2648 4563 2913 4634 θησαυρὸν
2964 4566 3173 4633 σοφίας,
3223 4568 3551 4637 δημιουργὸν
3593 4571 3698 4623 τῶν

472 4673 660 4730 suapte
684 4671 877 4714 natura
911 4659 1201 4719 viventem,
1229 4657 1403 4711 lucem
1437 4656 1874 4723 intellectualem,
1906 4657 2022 4710 iou-

2136 4652 2291 4716 ὄλων,
2329 4654 2678 4723 κυϐερνῶσαν
2710 4656 2779 4709 τὰ
2830 4656 3027 4720 πάντα,
3081 4658 3272 4724 σοφίαν
3322 4660 3603 4713 ίθυνουσαν
3642 4662 3699 4713 τὸ

478 4761 583 4802 tem
617 4750 903 4811 bonorum,
937 4746 1219 4815 sapientia:
1275 4746 1587 4799 thesaurum
1618 4783 1633 4809 ,
1684 4761 1863 4799 rerum
1910 4760 2028 4799 om-

472 4843 620 4899 nium
656 4839 973 4892 creatrice'i
1009 4846 1062 4890 et
1082 4839 1540 4905 gubernatricem,
1565 4837 1885 4905 sapientiam
1915 4852 2032 4907 quae

474 4933 739 4983 universa:
788 4931 862 4983 rei
912 4939 1108 4984 creata:
1164 4929 1431 4998 navigium
1496 4928 1699 4997 dirigit.
1746 4928 1895 4983 Hanc
1936 4944 2031 4984 nos

474 5024 629 5076 intem
654 5031 928 5076 tenemus:
960 5021 1097 5073 hanc
1114 5020 1255 5073 enim
1277 5037 1305 5072 a
1326 5020 1586 5089 theologis
1608 5022 1737 5074 viris
1763 5022 1905 5075 docti
1927 5021 2028 5075 ini-

474 5129 610 5167 mus.
634 5113 700 5165 lis
724 5121 900 5166 autem
921 5112 1010 5180 qui
1028 5112 1265 5165 humano
1291 5112 1569 5165 ratiocinio
1588 5111 1882 5182 disputant,
1903 5113 2029 5167 dici-

2136 4743 2233 4812 τῆς
2264 4744 2489 4808 κτίσεως
2515 4747 2739 4814 σκάφος.
2777 4748 2993 4816 Ταύτην
3018 4749 3115 4818 τὴν
3152 4751 3333 4803 πίστιν
3359 4752 3659 4821 κατέχομεν
3683 4770 3696 4782 ο

2136 4836 2338 4907 ταύτην
2358 4838 2464 4909 γὰρ
2496 4840 2644 4907 παρά
2668 4839 2774 4891 τῶν
2802 4839 3067 4909 θεολόγων
3089 4842 3295 4911 ἀνδρῶν
3323 4843 3697 4914 ἐδιδάχθημεν.

2138 4928 2280 4998 Πρὸς
2321 4929 2376 4981 δὲ
2419 4933 2544 4993 τοὺς
2587 4930 2695 4983 ἀπὸ
2727 4932 3100 5002 συλλογισμῶν
3137 4933 3548 5005 διαλεγομένους
3602 4936 3698 5005 (1).

2135 5024 2395 5091 είπωμεν·
2437 5023 2647 5091 Ἐκείνη
2708 5040 2800 5075 σου
2851 5026 2883 5093 ή
2929 5026 3103 5096 μερὶς,
3153 5027 3357 5090 ἐκεῖνος
3403 5030 3432 5080 ὁ
3476 5028 3696 5097 κλῆρος,

2133 5113 2289 5182 ἡμῶν
2319 5114 2376 5166 δὲ
2404 5114 2560 5184 μερὶς
2600 5115 2822 5186 Κύριος,
2851 5109 2895 5183 ᾧ
2924 5116 3359 5183 ἀκολουθοῦντες,
3408 5116 3505 5189 τὴν
3533 5119 3701 5190 ὀρθὴν

535 5286 579 5317 ⁸¹
615 5296 632 5350 l
667 5297 805 5349 Petr.
840 5309 913 5357 Iv,
944 5295 1027 5348 14.
1097 5290 1143 5323 ⁸³
1172 5293 1191 5346 1
1218 5292 1373 5346 Joan.
1410 5309 1482 5357 ιν,
1519 5294 1603 5347 15.
1672 5293 1717 5324 ⁸⁵
1746 5291 1907 5347 Hebr.
1933 5310 2006 5361 ix,
2036 5295 2119 5362 15,
2150 5296 2234 5349 14.

542 5479 617 5544 (1)
660 5477 852 5530 Mirum
882 5485 982 5537 est,
1021 5474 1159 5541 quod
1204 5472 1333 5524 illud
1371 5472 1529 5544 etiam
1561 5472 1760 5525 editum
1792 5474 1893 5526 sub
1919 5472 2021 5543 Cy.

472 5548 571 5599 rilli
627 5548 779 5607 lalso,
813 5556 868 5597 ut
908 5560 1026 5597 mox
1084 5546 1340 5602 dicemus,
1371 5543 1605 5603 nomine,
1636 5544 1906 5594 diversum
1958 5544 2019 5596 al.

470 5620 571 5668 hoc
602 5629 799 5675 nostro,
835 5613 1146 5682 Opusculum
1181 5611 1254 5662 Dc
1290 5609 1567 5682 Triuitate,
1599 5622 1872 5678 postremo
1911 5612 2022 5664 Au-

468 5686 689 5738 bertinu:
738 5681 983 5737 editmnis
1027 5693 1189 5744 tonio,
1225 5684 1275 5731 in
1320 5681 1547 5743 capitula
1600 5695 1788 5743 xXVttt,
1831 5682 2019 5734 lrihui-

2126 5689 2225 5758 τὴν
2261 5692 2325 5758 τῆ

2130 5488 2264 5533 state
2301 5479 2539 5541 adunati,
2572 5489 2616 5530 et
2649 5495 2784 5531 unus
2816 5478 2973 5533 Deus.

2201 5550 2277 5620 (5)
2321 5549 2501 5620 Ita_est
2523 5551 2659 5615 apud
2681 5549 2973 5620 Cyrillum;
3002 5562 3304 5617 quanquam
3329 5548 3489 5620 etiam
3518 5546 3690 5620 codex

2129 5617 2354 5673 biblicus
2375 5617 2658 5671 Vaticanus
2677 5618 2765 5670 ille
2784 5618 2921 5670 πάνυ
2942 5619 3134 5673 habent
3155 5632 3276 5671 cum
3298 5617 3535 5670 caeteris:
3558 5618 3695 5679 πρὸς

2334 5707 2357 5750 ς
2397 5688 2594 5755 σαρκὸς
2632 5688 2994 5757 καθαρότητα.

2198 5759 2275 5827 (ι)
2314 5754 2411 5812 ilic
2443 5754 2721 5825 perspicue
2766 5754 3149 5814 rationalitatis
3189 5759 3433 5809 humanm
3468 5754 3691 5808 abusum

540 5826 613 5889 (2)
655 5822 977 5891 Augustinus
1016 5836 1177 5874 scrin.
1210 5818 1331 5899 τοι,
1359 5818 1432 5899 τε
1458 5816 1623 5899 ίήίςν
1660 5828 1705 5897 et
1750 5816 1925 5899 Filius
1954 5834 2019 5899 ,ιι
2126 5816 2357 5899 Cyrinus
2388 5816 2671 5896 viiiipci-at.

471 5888 694 5961 Spiritus
728 5888 937 5945 sam-tus
966 5906 1063 5943 non
1096 5891 1336 5959 gradibus
1367 5888 1464 5940 sibi
1493 5889 1705 5954 aneui,
1732 5889 1818 5941 sed
1858 5891 2018 5957 maje-
