4036 6336
262 432 404 489 H93

1349 427 1442 483 DE
1478 418 1996 481 INCARNA'HONE
2037 418 2406 479 UNlGENlTl.

3415 412 3552 469 HM

264 547 422 617 μόλις
457 543 695 617 ὑπάρξαι
726 543 1111 613 διακεκλῆσθαι
1146 545 1287 606 τότε,
1317 542 1402 593 ἣτε
1440 541 1532 592 καὶ
1565 538 1667 610 τῆς
1700 534 1843 590 κατὰ

1964 536 2242 591 iocundum
2275 546 2497 589 carnem
2524 540 2606 587 est
2636 530 2912 600 adeptum.
2946 529 3092 584 Sunt
3118 536 3173 583 et
3204 527 3294 583 alii
3327 531 3419 599 qui
3448 531 3549 584 im-

264 638 449 707 σάρκα
475 639 737 706 γενέσεως
765 636 927 705 ἔλαχε
949 635 1047 706 τὴν
1073 636 1269 705 ἀρχήν.
1294 631 1413 683 Etsi.
1442 628 1499 681 δὶ
1519 631 1566 682 oi
1594 630 1688 682 καὶ
1714 628 1849 699 πρὸς

261 729 425 782 τοῦτο
459 729 655 798 μανίας
682 726 961 788 δυσσεϐῶς
1000 725 1230 794 ίγμένοι,
1254 721 1395 773 ὥστε
1418 719 1507 771 καὶ
1541 717 1849 770 ἀνυπόστα-

259 837 353 872 τον
386 820 479 873 τὸν
509 820 573 872 ὲκ
604 818 742 871 Θεοῦ
773 835 939 886 φασιν
982 813 1121 870 εἷναι
1154 816 1359 882 Λόγον,
1390 813 1539 884 ῥῆμα
1576 813 1631 865 δὲ
1664 810 1850 873 ἁπλῶς

257 909 324 962 τὸ
359 911 501 962 κατά
527 909 695 979 μόνην
722 907 1012 978 νοούμενον
1044 906 1330 977 προφορὰν
1358 908 1417 960 ὲν
1466 903 1739 975 ἀνθρώπῳ
1764 920 1850 969 γε·

262 1000 473 1053 νέσθαι.
512 1000 829 1071 Μάρκελλος
865 1000 921 1051 δὲ
954 994 1100 1053 οὗτοι
1128 1001 1221 1053 καὶ
1262 999 1547 1061 Φωτεινές.
1597 1001 1755 1050 Δοκεῖ
1791 996 1847 1049 δὲ

266 1090 376 1162 μὴν
405 1092 499 1144 καὶ
526 1092 758 1161 ἑτέροις,
790 1089 1209 1161 ὲνανθρωπῆσαι
1235 1092 1333 1161 μὲν
1363 1091 1581 1163 ἀληθῶς
1614 1092 1704 1143 τὸν
1730 1092 1844 1143 Mo-

260 1183 478 1253 νογενῆ,
519 1182 612 1233 καὶ
646 1182 703 1233 ὲν
730 1182 895 1252 σαρκὶ
918 1180 1169 1249 γενέσθαι
1200 1182 1501 1246 πιστεύειν,
1530 1182 1604 1253 μὴ
1633 1182 1739 1253 μὴν
1766 1182 1847 1236 ἔτι

259 1272 360 1326 καὶ
406 1272 723 1342 ἑψυχῶσθαι
774 1273 994 1337 τελείως
1045 1274 1142 1345 τὴν
1197 1274 1601 1345 ἀναληφθεῖσαν
1644 1274 1845 1344 σάρκα,

256 1362 406 1432 ψυχῇ
437 1363 629 1433 λογικῇ
654 1365 745 1416 καὶ
761 1362 887 1417 νοῦν
923 1363 1125 1435 ἐχούσῃ
1151 1362 1241 1417 τὸν
1279 1363 1403 1418 καθ’
1429 1366 1600 1436 ἡμᾶς,
1633 1366 1713 1427 εἰς
1733 1364 1847 1417 ἑνό-

256 1470 399 1523 τητα
429 1454 485 1506 δὲ
514 1453 614 1524 τὴν
642 1455 898 1519 είσάπαν,
930 1454 1119 1525 ὥσπερ
1150 1450 1242 1508 οὖν
1267 1454 1493 1521 οἴονται,
1540 1456 1847 1524 κατασφίγ-

258 1560 450 1610 γοντες
470 1545 560 1599 τόν
591 1563 652 1598 τε
679 1548 741 1599 ἐκ
771 1545 906 1599 Θεοῦ
942 1548 1116 1615 Λόγον
1141 1585 1157 1613 ,
1194 1548 1288 1601 καὶ
1329 1550 1422 1601 τὸν
1452 1549 1517 1601 ἐκ
1555 1548 1655 1617 τῆς
1686 1548 1847 1615 ἁγίας

260 1638 542 1709 Παρθένου
564 1639 712 1707 ναὸν,
740 1641 1073 1711 κατοικῆσαι
1097 1657 1259 1710 φασιν
1282 1642 1339 1695 ὲν
1367 1641 1516 1713 αὐτῷ
1540 1641 1631 1694 τὸν
1651 1641 1843 1709 Λόγον,

259 1730 353 1781 καὶ
389 1730 518 1782 ίδιον
542 1730 643 1801 μὲν
670 1731 999 1803 ποιήσασθαι
1043 1732 1205 1803 σῶμα
1230 1734 1292 1786 τὸ
1315 1733 1649 1805 ἀναληφθὲν,
1666 1733 1846 1803 ψυχῆς

255 1820 314 1873 δὲ
342 1822 506 1875 αὐτὸν
534 1823 634 1892 τῆς
664 1822 890 1893 λογικῆς
919 1840 977 1876 τε
1003 1825 1099 1878 καὶ
1136 1826 1329 1894 νοερᾶς
1360 1824 1711 1898 ἀναπληροῦν
1755 1824 1845 1877 τὸν

255 1908 443 1965 τόπον.
479 1910 699 1983 Ἕτερον.
740 1912 797 1966 δὲ
831 1908 922 1977 αὖ,
969 1912 1332 1984 πρεσϐεύουσι
1359 1914 1459 1985 μὲν
1484 1918 1606 1979 ταῖς
1637 1915 1845 1969 τούτων

255 2000 435 2067 δόξαις
465 2002 533 2057 τά
574 2004 826 2067 ἐναντία,
859 2004 954 2057 καὶ
990 2004 1373 2077 ἀντιφέρονται
1409 2008 1525 2069 τοῖς
1559 2007 1845 2077 φρονήμα-

258 2112 365 2160 σιν,
402 2094 464 2148 εκ
498 2112 557 2148 τε
597 2094 732 2149 Θεοῦ
768 2097 978 2167 Λόγου,
1018 2098 1114 2152 καὶ
1140 2097 1319 2168 ψυχῆς
1355 2097 1456 2168 τῆς
1488 2098 1715 2170 λογικῆς
1753 2102 1848 2153 καὶ

257 2187 533 2257 σώματος,
557 2189 675 2259 ἦτοι
694 2189 907 2253 τελείας
930 2189 1114 2253 ἁπλῶς
1136 2190 1556 2263 ἀνθρωπότητος
1585 2194 1849 2247 συνεστά-

208 2323 223 2336 .
258 2297 347 2332 ναι
376 2297 435 2333 τε
469 2281 563 2333 καὶ
590 2281 996 2351 ἀναπεπλέχθαι
1020 2281 1485 2352 διαϐεϐαιούμενοι
1510 2283 1601 2337 τὸν
1636 2284 1850 2354 Ἐμμα-

256 2374 442 2443 νουὴλ,
474 2374 536 2427 οὺ
574 2373 680 2444 μὴν
712 2373 793 2427 ἐτι
832 2375 925 2429 καὶ
954 2375 1085 2442 ὑγιᾶ
1118 2375 1212 2428 καὶ
1238 2374 1541 2446 ἀμώμητον
1566 2376 1851 2447 παντελῶς

203 2470 210 2477 ’
256 2465 360 2533 τὴν
390 2464 650 2535 ὲπάὐτῷ
674 2466 1013 2536 τετηρήκασι
1059 2466 1240 2532 δόξαν.
1300 2468 1698 2522 Καταδιῖστᾶσι
1740 2468 1851 2540 γὰρ

261 2558 345 2620 είς
378 2554 472 2609 δύο
504 2555 597 2609 τὸν
624 2556 722 2609 ῑνα
754 2555 1010 2626 Χριστὸν,
1041 2558 1132 2609 καὶ
1166 2559 1396 2627 παχεῖαν
1431 2557 1627 2630 ὥσπερ
1666 2558 1850 2622 αὐτοῖς

260 2647 499 2711 ἐνιέντες
524 2647 621 2719 τὴν
653 2648 938 2718 διατομὴν,
964 2649 1241 2719 ἀναμὲρος
1277 2650 1539 2720 ἑκάτερον
1572 2653 1853 2721 μονονουχὶ

260 2739 525 2794 διεστῶτα
554 2741 1063 2813 παραδεικνύουσιν,
1092 2742 1277 2813 ἕτερον
1302 2744 1401 2813 μὲν
1429 2736 1567 2797 εἶναι
1595 2743 1854 2798 διατεινό-

267 2850 421 2904 μενοι
446 2835 540 2888 τὸν
572 2834 637 2887 ὲκ
672 2832 951 2904 Παρθένου
984 2833 1245 2904 τεχθιντα
1289 2836 1511 2900 τελείως
1542 2837 1853 2909 ἄνθρωπον,

264 2922 456 2994 ἕτερον
481 2922 540 2975 δὲ
562 2918 649 2985 αὖ,
670 2922 761 2975 τὸν
788 2924 850 2975 ὲκ
867 2922 1002 2975 Θεοῦ
1030 2922 1243 2994 Πατρὸς
1266 2924 1459 2993 Λόγον,
1483 2927 1582 2995 οὐχ
1607 2927 1634 2979 ὃ
1659 2927 1711 2979 τί
1733 2929 1857 2980 ποτ’

268 3015 422 3069 εστὶν
452 3016 486 3088 ἦ
528 3034 587 3069 τε
615 3014 710 3068 τοῦ
753 3017 926 3085 Λόγου
957 3016 1118 3085 φύσις
1139 3017 1231 3071 καὶ
1274 3020 1373 3089 τῆς
1406 3022 1607 3091 σαρκὸς
1644 3022 1857 3094 διακρί-

269 3123 474 3171 νοντες,
510 3108 629 3160 οὐδὲ
658 3108 849 3177 μόναις
875 3112 993 3172 ταῖς
1020 3109 1100 3172 είς
1122 3109 1283 3163 τοῦτο
1314 3110 1599 3184 διαφοραῖς
1632 3114 1856 3182 ἐμφιλο-

1954 629 2039 699 pie
2082 630 2135 683 in
2171 643 2292 682 eam
2342 626 2607 682 insaniam
2658 632 3046 693 proruperunt,
3094 632 3151 676 ut
3195 623 3433 677 Verbum
3482 637 3551 677 ex

1952 723 2113 775 Patre
2160 720 2499 789 hypostatice
2550 717 2847 771 subsistere
2902 724 3123 785 negent,
3178 717 3272 769 sed
3322 716 3554 769 verbum

1950 813 2274 881 simpliciter
2319 813 2391 864 ita
2436 819 2494 862 ut
2537 809 2815 877 profertur
2850 808 3186 863 intellectum
3227 807 3281 861 in
3329 808 3557 861 homine

1954 904 2068 958 ﬁeri
2099 903 2448 958 contendant.
2482 902 2544 957 Hi
2572 910 2696 956 sunt
2723 900 3008 954 Marcellus
3029 909 3083 953 et
3107 898 3391 952 Photinus.
3418 897 3557 951 Aliis

1952 1008 2081 1048 vero
2133 994 2385 1055 videtur,
2437 993 2783 1062 Unigenitum
2833 990 3053 1059 quidem
3097 1002 3225 1042 vere
3276 988 3552 1041 hominem

1952 1085 2155 1138 factum
2188 1093 2243 1139 et
2278 1086 2618 1139 inearnatum
2655 1095 2779 1135 esse
2806 1096 2820 1135 :
2852 1090 3113 1135 ereterum
3152 1093 3376 1132 carnem
3408 1078 3553 1131 illum

1949 1190 2112 1245 quam
2136 1176 2427 1244 assumpsit
2460 1190 2563 1229 non
2591 1173 2829 1243 perfecte
2856 1173 3151 1225 animatam
3180 1168 3349 1223 fuisse
3374 1170 3553 1221 anima

1952 1270 2203 1323 rationali
2232 1279 2396 1338 atque
2427 1267 2763 1322 intellectum
2804 1265 3063 1327 habente,
3099 1274 3157 1317 ut
3192 1273 3379 1316 nostra
3426 1271 3511 1315 est
3540 1280 3550 1313 :

1950 1359 2043 1414 sed
2068 1359 2120 1413 in
2150 1360 2416 1413 unitatem
2435 1358 2727 1425 quamdam
2752 1354 3313 1415 absolutissimammt
3336 1352 3554 1419 quidem

1951 1453 2312 1517 arbitrantur,
2356 1452 2798 1520 constringentes
2828 1450 3067 1504 Verbum
3106 1447 3218 1510 Dei,
3266 1454 3320 1500 et
3356 1451 3561 1498 sancta

1954 1545 2190 1614 Virginis
2224 1545 2505 1616 templum,
2538 1544 2817 1599 habitasse
2844 1542 3063 1610 quidem
3099 1541 3153 1593 in
3192 1552 3258 1593 eo
3288 1535 3553 1596 Verbum,

1950 1649 2005 1693 et
2033 1652 2238 1708 corpus
2266 1639 2410 1708 quod
2459 1636 2754 1705 assumpsit
2807 1634 3087 1703 proprium
3136 1630 3241 1685 sibi
3295 1628 3496 1683 fecisse
3540 1644 3553 1679 :

1953 1729 2135 1808 anima
2167 1740 2348 1783 autem
2381 1727 2634 1783 rationali
2663 1736 2828 1796 atque
2862 1722 3214 1779 intellectuali
3246 1720 3424 1774 locum
3465 1718 3560 1773 im-

1952 1823 2144 1894 plesse.
2171 1823 2274 1877 Alii
2300 1837 2492 1877 rursus
2519 1822 2622 1875 alia
2641 1822 2836 1875 horum
2859 1817 3209 1885 Opinionibus
3237 1814 3393 1883 plane
3423 1827 3555 1866 con—

1954 1918 2120 1972 traria
2138 1925 2409 1981 statuunt,
2436 1916 2694 1969 nimirum
2722 1928 2790 1967 ex
2824 1911 2918 1966 Dei
2957 1909 3154 1974 Verbo,
3186 1918 3350 1976 atque
3376 1906 3557 1960 anima

1952 2010 2205 2065 rationali
2245 2018 2300 2063 et
2352 2022 2601 2078 corpore,
2648 2007 2763 2061 sive
2820 2021 2885 2061 ex
2935 2004 3175 2074 perfecta
3234 1998 3560 2068 simpliciter

1954 2104 2295 2157 humanitate
2342 2102 2699 2158 constitutum
2734 2112 2799 2153 ac
2830 2097 3192 2166 compositum
3228 2096 3560 2149 Emmanue-

1953 2200 2057 2254 lem
2095 2206 2384 2252 censentes
2424 2212 2439 2251 :
2478 2209 2583 2250 non
2632 2203 2815 2249 tamen
2862 2192 2916 2245 in
2946 2192 3263 2244 universum
3298 2186 3419 2254 ejus
3442 2184 3560 2255 glo-

1953 2290 2091 2343 riam
2117 2298 2285 2357 atque
2307 2288 2571 2341 honorem
2598 2285 2867 2354 integrum
2898 2282 3235 2349 illmsumque
3260 2291 3558 2334 conserva-

1954 2388 2101 2435 runt.
2132 2378 2314 2435 Unum
2338 2376 2485 2433 enim
2508 2377 2784 2433 Christum
2813 2376 2865 2429 in
2893 2374 3000 2429 duo
3031 2372 3298 2435 dividunt,
3323 2379 3377 2423 et
3409 2383 3561 2422 cras-

1956 2486 2075 2528 sam
2111 2471 2517 2541 quodammodo
2554 2469 2853 2524 sectionem
2888 2466 3308 2526 constituentes,
3342 2462 3394 2515 in
3426 2460 3561 2513 duas

1958 2565 2113 2632 quasi
2153 2574 2337 2631 partes
2382 2563 2702 2617 distinctum
2747 2560 3065 2621 οεινιιιιιιιιι,
3124 2558 3288 2609 alium
3340 2552 3560 2623 quidem

1959 2672 2082 2713 esse
2113 2659 2449 2711 :tﬂiruianles
2486 2672 2611 2710 Cum
2639 2656 2730 2723 qui
2760 2672 2822 2705 ex
2862 2652 3082 2723 Virgine
3118 2658 3279 2703 natus
3314 2658 3398 2703 est
3437 2662 3561 2718 per-

1962 2755 2102 2809 fecte
2135 2754 2316 2818 homo,
2348 2753 2509 2804 alium
2548 2765 2614 2803 ex
2650 2749 2758 2803 Deo
2791 2748 2953 2799 i'nzrc
2988 2743 3253 2807 Verbum,
3296 2757 3399 2796 non
3444 2754 3565 2809 qua!

1960 2845 2031 2897 sit
2064 2840 2226 2900 Verbi
2260 2853 2455 2895 natura
2483 2847 2537 2893 et
2568 2839 2751 2893 carnis
2774 2838 3193 2906 distinguentes,
3226 2847 3400 2903 neque
3431 2831 3565 2887 solis

1962 2936 2154 2990 horum
2200 2932 2526 2987 diﬂ'erentiis
2549 2933 2832 2986 adhmrere
2862 2929 3109 2983 volentes
3142 2926 3316 3000 680
3351 2926 3566 2997 (neque

1962 3025 2106 3076 enim
2150 3024 2202 3075 in
2244 3024 2345 3076 hoc
2388 3037 2415 3075 a
2459 3032 2603 3075 recta
2636 3021 2907 3075 sententia
2950 3020 3257 3085 aberrant),
3285 3017 3379 3071 sed
3419 3016 3567 3070 hunc

1960 3118 2180 3186 quidem
2235 3123 2291 3169 ut
2339 3116 2613 3169 hominem
2674 3115 3090 3175 constituentes,
3140 3113 3285 3167 hunc
3326 3124 3454 3165 vero
3508 3120 3566 3164 ut

271 3201 444 3272 χωρεῖ
465 3199 763 3264 ἐθέλοντες·
798 3201 859 3252 οὐ
894 3200 1003 3271 γὰρ
1032 3201 1099 3255 ἂν
1126 3202 1331 3267 ἐννοίας
1372 3204 1470 3274 τῆς
1506 3204 1739 3275 ἀληθοῦς
1780 3208 1856 3268 εἰς

1968 3209 2134 3262 Deum
2174 3206 2497 3263 naturaliter
2526 3223 2591 3262 ac
2618 3222 2743 3261 vcre
2777 3207 2973 3261 Filium
3005 3206 3310 3260 nominant.
3346 3204 3411 3259 Et
3442 3204 3565 3274 qui-

272 3293 434 3346 τοῦτο
456 3291 776 3364 διήμαρτον,
801 3294 922 3345 ἐπεὶ
946 3293 1021 3363 μὴ
1049 3292 1209 3361 φύσις
1232 3295 1265 3365 ἡ
1292 3294 1432 3364 αὑτὴ
1458 3297 1661 3367 σαρκός
1686 3314 1746 3350 τε
1768 3300 1862 3350 καὶ

273 3382 436 3447 Θεοῦ,
467 3383 604 3438 ἀλλά
629 3384 720 3437 τὸν
764 3385 862 3451 μὲν
894 3385 969 3448 ὠς
1010 3385 1321 3458 ἄνθρωπον,
1358 3388 1465 3459 ίδίᾳ
1491 3390 1734 3453 τιθέντες
1770 3392 1865 3445 καὶ

276 3477 575 3548 ἀναμέρος,
603 3477 695 3528 τόν
721 3476 797 3542 δὲ,
833 3477 908 3539 ὡς
934 3476 1087 3537 Θεὸν.
1117 3478 1277 3547 φύσει
1298 3496 1356 3532 τε
1381 3481 1477 3533 καὶ
1502 3480 1865 3550 ἀληθῶςΥίὺν

273 3568 624 3639 ὀνομάζουσι.
654 3570 847 3623 Καίτοι
878 3570 1124 3624 θέλονται
1158 3567 1298 3625 εἶναι
1321 3573 1658 3647 Χριστιανοὶ,
1688 3577 1781 3630 καὶ
1801 3577 1865 3648 δὴ

278 3664 375 3719 καὶ
404 3664 611 3734 λογίδια
635 3665 769 3719 ἄττα
806 3666 933 3735 περὶ
966 3664 1157 3718 τούτου
1202 3668 1613 3738 συγγράφοντες
1638 3710 1652 3733 ,
1692 3672 1865 3723 εἰπεῖν

275 3758 680 3829 τετολμήκασιν
708 3759 900 3821 αὑταῖς
938 3758 1169 3825 λέξεσιν·
1221 3760 1278 3812 ’0
1305 3761 1402 3830 μὲν
1425 3762 1533 3832 γὰρ
1568 3762 1727 3830 φύσει
1771 3765 1866 3817 καὶ

276 3851 499 3923 ἀληθῶς
534 3853 660 3916 Υἱὸς
692 3854 720 3904 ό
760 3854 823 3905 ὲκ
845 3851 980 3906 Θεοῦ
1009 3853 1222 3923 Πατρδς
1256 3854 1427 3921 Λόγος
1470 3856 1639 3909 ἐστίν.
1700 3857 1758 3910 '0
1786 3858 1862 3921 δὲ,

276 3942 589 4013 ὁμωνύμως
607 3942 682 4011 τῷ
708 3941 842 4010 Υἱῷ.
872 3942 1020 4003 Υἱός.
1058 3941 1316 4011 Καὶμεθ*
1339 3941 1503 4013 ἕτερα
1553 3942 1715 3995 πάλιν
1734 3961 1748 3975 υ
1790 3945 1865 3997 Οὐ

279 4032 423 4103 σάρξ
452 4034 481 4085 ὀ
502 4032 596 4086 τοῦ
626 4030 762 4084 Θεοῦ
803 4033 997 4100 Λόγος,
1032 4031 1169 4086 ἀλλά
1203 4032 1488 4106 ἄνθρωπον
1538 4034 1863 4105 ἀνειληφώς.

289 4123 352 4178 ὐ
386 4122 613 4193 μὲνγὰρ
649 4121 957 4192 Μονογενὴς
992 4124 1418 4194 προηγουμένως
1464 4126 1558 4178 καὶ
1590 4126 1709 4179 καθ’
1738 4128 1867 4178 ἑαυ-

275 4216 371 4269 τὸν
393 4214 519 4278 Υἱὸς
544 4214 663 4268 τοῦο
686 4213 823 4267 Θεοῦ
867 4216 1005 4277 ἐστι,
1035 4214 1129 4268 τοῦ
1175 4216 1394 4269 πάντων
1421 4217 1778 4289 δημιουργοῦ,
1810 4218 1870 4272 ὃν

274 4307 336 4361 δὲ
362 4300 623 4361 ἀνέλαϐεν
645 4306 952 4376 ἄνθρωπον,
985 4306 1046 4359 οὐ
1101 4306 1261 4375 φύσει
1299 4308 1504 4378 Κύριος
1527 4310 1625 4372 ὢν,
1666 4311 1755 4363 διὰ
1779 4310 1869 4363 τὸν

276 4398 619 4452 ἀναλαϐόντα
641 4396 803 4449 αὐτὸν
829 4396 1045 4467 άληθῶς
1068 4396 1204 4449 Θεοῦ
1224 4398 1371 4462 Υίὸν,
1394 4398 1700 4469 ὁμωνύμως
1721 4399 1870 4469 αὐτῷ

276 4488 632 4563 χρηματίζει.
663 4488 737 4541 Τό
773 4489 873 4558 μὲν
908 4488 1036 4559 γὰρ,
1079 4507 1097 4539 ι
1136 4490 1330 4552 Οὐδεὶς
1359 4490 1499 4558 1ἔγνω
1524 4491 1612 4543 τὸν
1644 4492 1791 4555 Υἱὸν,
1820 4493 1869 4544 εί

1968 3302 2087 3355 dem
2124 3300 2423 3355 ChriStiani
2459 3300 2564 3354 dici
2623 3299 2835 3362 volunt,
2883 3308 2939 3352 et
2999 3296 3261 3367 opuscula
3309 3294 3567 3350 nonnulla

1968 3394 2070 3447 hac
2097 3396 2162 3449 de
2193 3410 2250 3448 re
2276 3392 2713 3457 conscribcutes,
2761 3394 2833 3444 ita
2886 3390 3070 3445 verbis
3103 3388 3237 3459 ipsis
3270 3387 3415 3457 loqui
3447 3387 3568 3441 ausi

1967 3496 2094 3540 sunt
2123 3504 2136 3540 :
2170 3486 2268 3540 llic
2299 3487 2445 3540 enim
2486 3485 2814 3539 naturaliter
2842 3497 2907 3538 ac
2940 3496 3070 3537 vere
3117 3480 3287 3535 Filius
3333 3479 3568 3534 Verbum

1968 3593 2034 3635 ex
2086 3579 2193 3635 Deo
2228 3578 2390 3633 Patre
2431 3588 2536 3632 est.
2585 3576 2682 3631 llic
2726 3592 2879 3638 vero,
2915 3576 3196 3645 teqnivoce
3230 3586 3353 3629 cum
3408 3570 3566 3635 Filio,

1970 3672 2164 3727 Filius.
2198 3672 2265 3726 Et
2300 3671 2464 3742 paulo
2497 3682 2619 3739 post
2644 3685 2859 3723 rursum
2891 3689 2903 3722 :
2944 3667 3180 3723 Verbum
3215 3666 3309 3721 Dei
3336 3680 3445 3721 non
3488 3674 3573 3722 est

1968 3779 2118 3830 caro,
2148 3767 2241 3820 sed
2274 3766 2549 3820 hominem
2577 3764 2897 3833 assumpsit.
2938 3760 3037 3817 Hic
3070 3761 3216 3815 enim
3250 3759 3572 3830 Unigenltus

1972 3857 2365 3928 principaliter,
2399 3872 2462 3912 ac
2485 3871 2581 3929 per
2613 3873 2673 3913 se
2694 3856 2864 3912 Filius
2896 3854 2990 3910 Dei
3016 3864 3125 3920 est,
3148 3853 3391 3909 omnium
3415 3865 3572 3906 crea-

1973 3952 2126 4015 toris,
2165 3965 2327 4020 quem
2371 3966 2507 4007 vero
2552 3951 2849 4021 assumpsit
2882 3950 3180 4013 hominem,
3219 3963 3324 4001 non
3377 3953 3571 4000 natura

1971 4040 2112 4097 Deus
2153 4044 2443 4108 exsistens,
2482 4054 2705 4114 propter
2749 4059 2871 4099 eum
2910 4045 3004 4113 qui
3051 4043 3225 4113 ipsum
3273 4039 3573 4108 assumpsit

1971 4148 2099 4189 vere
2126 4134 2220 4189 Dei
2251 4134 2469 4199 Filium,
2502 4137 2692 4191 eadem
2720 4150 2780 4191 se
2802 4148 2924 4190 cum
2957 4150 3025 4190 eo
3058 4131 3426 4203 appellatidne
3467 4144 3569 4184 no-

1970 4226 2163 4280 minat.
2193 4223 2327 4280 lllud
2366 4226 2508 4281 enim
2551 4243 2565 4281 :
2615 4244 2634 4276 ι
2670 4225 2837 4280 Nemo
2868 4226 3021 4280 novit
3062 4223 3285 4288 Filium,
3329 4222 3431 4276 nisi
3465 4219 3570 4275 Pa-

1975 4326 2056 4372 ter
2078 4318 2121 4382 ',
2152 4335 2172 4370 ι
2210 4319 2515 4375 naturalem
2548 4334 2612 4374 ac
2646 4335 2834 4375 verum
2865 4334 2929 4375 ex
2972 4318 3138 4373 Patre
3177 4318 3373 4372 Filium
3401 4316 3571 4387 signi-

1974 4408 2119 4464 ﬁcat.
2153 4410 2286 4465 Illud
2318 4427 2449 4467 vero
2490 4426 2538 4470 τι.
2564 4411 2819 4466 Gabriele
2873 4412 3079 4467 dictum
3124 4430 3137 4465 :
3193 4428 3210 4461 ι
3247 4408 3323 4463 Ne
3355 4410 3569 4473 timeas,

1975 4501 2165 4570 Marla,
2212 4504 2464 4559 invenisti
2490 4506 2635 4559 enim
2661 4506 2895 4573 gratiam
2927 4505 3072 4572 apud
3109 4503 3300 4568 Deum,
3336 4510 3391 4555 et
3420 4515 3571 4565 ecce,

279 4581 363 4652 μὴ
393 4583 421 4633 ό
462 4578 670 4652 Πατὴρ,
714 4599 732 4632 ι
790 4580 883 4633 τὸν
940 4580 1099 4650 φύσει
1132 4598 1193 4633 τε
1235 4583 1328 4635 καὶ
1365 4582 1594 4654 ἀληθείᾳ
1624 4584 1774 4653 δηλοί
1802 4585 1856 4636 ὲκ

1974 4594 2251 4667 concipies
2286 4596 2337 4649 in
2371 4606 2549 4660 utero,
2582 4608 2639 4651 et
2672 4596 2893 4651 vocabis
2911 4611 3105 4650 nomen
3149 4594 3267 4665 ejus
3309 4592 3518 4655 Jesum,
3548 4610 3569 4642 ι

275 4672 377 4726 τοῦ
408 4672 622 4743 Πατρὺς
667 4672 813 4727 Υίόν.
863 4672 937 4725 Τὸ
964 4672 1021 4724 δέ
1064 4689 1127 4741 γε
1156 4672 1449 4741 λεγόμενον
1486 4674 1589 4726 ὑπὸ
1638 4673 1731 4727 τοῦ
1763 4675 1801 4726 Γ
1802 4693 1866 4729 α-

278 4764 463 4834 ϐριὴλ,
510 4782 529 4815 ι
562 4765 653 4836 Μὴ
682 4764 872 4833 φοϐοῦ,
908 4766 1163 4837 Μαριάμ*
1195 4762 1354 4837 εὗρες
1384 4766 1492 4839 γὰρ
1522 4768 1684 4837 χάριν
1716 4769 1868 4839 παρὰ

278 4856 363 4926 τῷ
393 4855 532 4923 Θεῷ,
568 4857 661 4910 καὶ
696 4856 806 4909 ἰδοὺ
838 4855 1083 4927 συλλήψει
1112 4858 1170 4909 ὲν
1206 4858 1426 4927 γαστρὶ,
1456 4858 1551 4909 καὶ
1578 4858 1709 4931 τέξῃ
1730 4860 1867 4925 υἱὸν,

279 4950 383 5003 καὶ
415 4948 665 5012 καλέσεις
699 4949 759 5003 τὸ
785 4948 953 5018 ϐνομα
977 4948 1142 5001 αὐτοῦ
1178 4948 1404 5016 Ἰησοῦν,
1434 4970 1451 5001 ι
1483 4949 1561 5019 τῷ
1597 4950 1869 5021 ἀνθρώπῳ

280 5040 610 5111 ἐφαρμόζει.
662 5039 825 5096 Ἀλλά
874 5040 1035 5095 ταυτὶ
1096 5041 1197 5111 μὲν
1249 5042 1465 5094 ὲκεῖνοι.
1520 5042 1867 5115 Φρονήσομεν

279 5135 342 5189 δὲ
372 5136 532 5205 ἡμεῖς
554 5134 650 5203 οὐχ
673 5126 776 5186 ὧδέ
798 5132 985 5186 ποθεν.
1011 5133 1323 5187 ’Λναπείσει
1349 5134 1458 5206 γὰρ
1481 5136 1731 5206 οὐδαμῶς
1758 5138 1869 5191 τῶν

283 5225 612 5296 ἑτεροδόξων
633 5226 662 5278 6
700 5224 872 5290 Λόγος
892 5266 907 5290 ,
943 5224 1164 5296 τροχιάν
1192 5226 1435 5294 ἀφέντας
1468 5230 1566 5297 τὴν
1596 5229 1685 5303 ἐπ’
1714 5228 1867 5295 εὐθὺ,

1979 4686 2183 4741 homini
2214 4690 2489 4745 _convenit
2513 4690 2553 4744 ⁸.
2608 4688 2714 4744 Sed
2760 4692 2873 4743 hac
2903 4688 3118 4758 quidem
3156 4686 3254 4740 illi.
3298 4684 3407 4740 Nos
3443 4698 3574 4737 vero

1978 4793 2249 4846 nunquam
2289 4781 2359 4834 ita
2404 4781 2725 4836 sentiemus.
2774 4780 2961 4849 Neque
2992 4781 3138 4835 enim
3189 4778 3572 4833 haereticorum

1976 4883 2155 4924 sermo
2188 4888 2425 4941 unquam
2474 4872 2631 4929 nobis
2666 4875 3033 4943 persuaserit,
3081 4880 3135 4925 ut
3179 4872 3381 4926 omissa
3428 4879 3574 4923 recta

1977 4960 2088 5025 via,
2118 4960 2171 5014 in
2197 4962 2360 5017 aliam
2388 4966 2856 5036 transgrediamur
2880 4980 2943 5018 ac
2973 4966 3309 5018 divertamus
3331 4975 3451 5030 qua:
3476 4976 3577 5015 nos
3654 4956 3661 4961 ’

1978 5066 2008 5103 a
2045 5054 2271 5109 veritate
2318 5057 2575 5111 abducat.
2621 5057 2702 5112 Tu
2749 5072 2907 5120 vero,
2958 5055 3168 5125 explica
3218 5053 3375 5107 nobis
3425 5062 3575 5106 tuam

1979 5147 2330 5212 sententiam,
2371 5149 2527 5204 avide
2568 5152 2714 5204 enim
2746 5159 3005 5219 exspecto
3049 5146 3260 5211 audire,
3296 5145 3578 5214 ipsamque

1983 5236 2060 5291 rei
2100 5240 2387 5294 veritatem
2422 5255 2769 5311 cognoscere.

281 5316 613 5385 διαστείχειν
671 5314 883 5386 ἑτέραν.
951 5315 1112 5369 Ἀλλά
1154 5318 1469 5389 περαινετὸ
1520 5319 1734 5388 δοκοῦν,
1778 5322 1871 5375 καὶ
1912 5327 2088 5397 πειρῶ
2125 5347 2215 5399 μοι
2287 5330 2489 5401 λέγειν,
2557 5334 2633 5397 ὡς
2674 5333 2813 5386 ἀΐειν
2861 5334 3081 5403 ἕτοιμος
3132 5330 3267 5399 ἐγὼ,
3317 5329 3415 5382 καὶ
3450 5328 3580 5381 ἀνα-

289 5406 486 5479 μαθεῖν
509 5409 594 5459 ὅτι.
618 5406 852 5477 μάλιστα
883 5407 943 5460 τό
966 5408 1275 5480 ἀκιϐδήλως
1298 5409 1440 5480 ἔχον.

364 5527 429 5579 Λ.
462 5526 550 5587 Ὦς
577 5524 715 5596 βαρὺ
740 5524 801 5578 τὸ
825 5526 1033 5596 χρῆμα,
1064 5525 1159 5579 καὶ
1186 5527 1635 5600 δυσδιακόμιστον
1676 5547 1876 5585 παντε-

288 5616 399 5681 λῶς
428 5616 489 5669 τὸ
528 5618 769 5687 φορτίον.
795 5618 865 5669 Ἢ
896 5620 996 5671 οὐκ
1025 5613 1199 5684 οἶσθα,
1244 5615 1289 5673 ὦ
1320 5619 1576 5692 φιλότης,
1609 5622 1686 5687 ὼς
1713 5624 1873 5697 εἰπερ

2057 5536 2123 5590 Λ.
2149 5537 2193 5590 Ο
2225 5554 2335 5591 rem
2362 5540 2653 5605 dimcilem,
2680 5550 2842 5610 atque
2878 5554 3017 5593 onus
3053 5536 3460 5606 gravissimum.
3498 5535 3580 5587 Αιι

1984 5628 2127 5681 enim
2166 5632 2407 5697 ignoras,
2445 5631 2641 5698 amice,
2676 5632 2721 5686 si
2751 5632 2875 5701 quis
2906 5631 2972 5685 tle
3002 5629 3231 5700 singulis
3262 5627 3413 5681 hisce
3456 5624 3579 5679 lon-

288 5726 379 5775 τις
400 5708 574 5763 ἒλοιτο
619 5710 829 5781 μακρὸν
880 5711 963 5777 ἐφ’
998 5710 1215 5781 ἑκάστῳ
1256 5713 1527 5768 ποιεῖσθαι
1567 5714 1745 5783 λόγον,
1780 5720 1856 5770 κα

1988 5734 2108 5793 gam
2144 5722 2468 5787 orationem,
2509 5733 2932 5791 accuratamque
2972 5718 3453 5789 investigationem
3492 5714 3581 5771 in-

368 5863 393 5895 δ
423 5860 611 5917 Matth.
640 5877 725 5925 ιι,
746 5860 836 5913 27.
914 5862 934 5892 ⁸
965 5862 1093 5917 Luc.
1123 5880 1161 5927 I,
1193 5866 1283 5921 30.

614 5954 882 6015 PATROL.
931 5956 1041 6018 Gn.
1090 5958 1319 6021 LXXV.

3102 5962 3175 6023 38
