4036 6336
330 502 470 559 H57

1421 490 1514 548 DE
1553 485 2066 548 INCARNANONE
2111 479 2490 543 UNICENITI.

3475 475 3612 534 Ηθεῖ

330 619 447 691 ρδς,
479 621 513 691 ἡ
553 618 641 672 τοῦ
688 619 895 688 κόσμου
940 614 1183 684 σωτηρία
1232 611 1327 666 καὶ
1355 611 1468 680 ζωὴ
1494 650 1507 671 ,
1539 611 1633 664 καὶ
1691 608 1909 662 διόλωλε

2032 604 2229 672 ιιιίιιθιιι
2250 609 2330 656 est
2345 615 2444 671 pro
2467 598 2643 665 nobis,
2661 613 2834 666 neque
2853 594 3155 651 resurrexit
3172 593 3442 649 Christus.
3457 593 3612 662 Quod

327 711 614 774 παντελῶς
659 713 690 780 ἡ
729 711 837 761 τῶν
864 710 921 760 ὲν
954 709 1134 761 πίστει
1184 701 1600 775 κεκοιμημένων
1636 701 1811 763 ἐλπίς.
1843 697 1914 754 Εὖ

329 805 440 876 γὰρ
473 799 572 858 ὧδε
601 804 744 872 ἔχειν
779 801 951 854 ἐδόκει
984 801 1077 852 καὶ
1108 799 1185 867 τῷ
1220 797 1475 869 μακαρίῳ
1513 793 1733 864 Παύλῳ,
1770 807 1912 863 παρ-

329 897 509 949 έδωκα
534 895 640 965 γὰρ
664 895 813 962 ὑμῖν,
839 899 1024 961 φησὶν,
1046 892 1104 942 ὲν
1130 889 1389 960 πρώτοις,
1410 887 1438 939 ὃ
1463 885 1557 939 καὶ
1583 883 1914 955 παρέλαϐον,

331 990 418 1042 ὅτι
449 985 682 1058 Χριστὸς
729 985 999 1037 ἀπέθανεν
1049 979 1192 1050 ὑπὲρ
1239 978 1347 1032 τῶν
1397 977 1681 1048 ἁμαρτιῶν
1733 973 1913 1045 ἡμῶν,

331 1081 473 1134 κατὰ
499 1079 598 1141 τὰς
625 1076 870 1147 Γραφὰς,
903 1073 996 1127 καὶ
1025 1072 1107 1125 ὅτι
1143 1069 1342 1140 ἐτάφη,
1374 1068 1471 1123 καὶ
1501 1067 1582 1121 ὅτι
1617 1066 1915 1136 έγῆγερται

327 1175 396 1241 τῇ
428 1169 609 1240 ἡμέρα
637 1171 701 1238 τῇ
741 1167 921 1237 τρίτῃ.
965 1163 1105 1217 κατὰ
1141 1161 1239 1224 τὰς
1263 1160 1506 1231 Γραφὰς,
1536 1159 1630 1212 καὶ
1655 1157 1735 1210 ὅτι
1759 1155 1911 1227 ὤφθη

329 1264 519 1332 Κηφᾷ,
554 1257 673 1313 εἶτα
691 1261 804 1320 τοῖς
828 1257 1058 1319 δώδεκα,
1098 1254 1286 1306 ἔπειτα
1318 1250 1473 1320 ὤφθη
1503 1249 1686 1302 ἐπάνω
1714 1264 1910 1300 πεντα-

329 1352 534 1414 κοσίοις
575 1349 829 1418 ἀδελφοῖς
863 1344 1099 1416 ἐφάπαξ,
1126 1344 1183 1408 ἐξ
1212 1337 1283 1396 ὧν
1311 1344 1359 1394 oi
1384 1341 1625 1402 πλείονες
1663 1339 1913 1409 μένουσιν

328 1443 437 1505 ἓως
469 1441 612 1510 άρτι,
647 1440 788 1500 τινὲς
822 1438 880 1490 δὲ
922 1437 1012 1490 καὶ
1040 1434 1436 1504 ἐκοιμήθησαν.
1485 1432 1716 1484 Ἔπειτα
1756 1429 1912 1499 ὤφθη

345 1531 606 1602 Ἰακώϐῳ,
640 1530 832 1581 ἔπειτα
870 1530 982 1590 τοῖς
1008 1525 1327 1586 ἀποστόλοις
1376 1524 1564 1586 πᾶσιν,
1607 1521 1833 1591 ἔσχατον
1859 1521 1912 1573 δὲ

329 1623 571 1683 πάντων,
593 1622 836 1690 ὡσπερεί
858 1635 934 1687 τῳ
953 1615 1286 1686 ἐκτρώματι.
1308 1631 1382 1684 φη
1393 1615 1493 1678 σὶν,
1513 1611 1668 1682 ὤφθη
1687 1614 1754 1665 κά
1766 1612 1872 1682 μοί.
1890 1632 1906 1662 ι

332 1715 444 1765 Καὶ
477 1711 592 1781 μεθ’
614 1710 778 1780 ἕτερα
818 1708 1003 1760 πάλιν⁸
1041 1724 1057 1756 ι
1101 1707 1161 1758 Et
1190 1705 1244 1758 δὲ
1279 1704 1511 1775 Χριστὸς
1551 1705 1911 1775 κηρύσσεται,

328 1806 414 1858 ὅτι
445 1806 508 1854 ὲκ
545 1798 756 1871 νεκρῶν
790 1799 1110 1868 ἐγήγερται,
1151 1795 1270 1858 πῶς
1310 1793 1561 1863 λέγουσιν
1592 1795 1648 1846 ὲν
1680 1793 1810 1862 ὑμῖν
1836 1811 1914 1846 τι-

2016 703 2164 749 certe
2197 695 2241 748 si
2275 702 2334 746 ut
2365 705 2551 746 verum
2580 691 2919 756 admittatur,
2941 688 3100 757 periit
3123 686 3506 752 tides,suhlata
3530 699 3614 742 est

2017 803 2173 851 t-rux,
2194 784 2377 839 mundi
2403 783 2547 838 salus
2571 798 2634 837 ac
2653 783 2795 850 vita;
2817 781 3371 852 atqueinuniversum
3405 782 3614 833 interiit

2014 894 2203 932 eorum
2241 877 2330 946 qui
2369 876 2422 930 in
2463 877 2567 930 fide
2597 876 3007 931 obdormierunt
3028 888 3170 942 spes.
3199 872 3277 926 Ita
3311 873 3458 927 enim
3489 887 3612 926 sese

2021 985 2131 1023 rem
2155 969 2375 1034 habere,
2394 969 2558 1022 etiam
2583 967 2743 1023 beato
2765 965 2936 1021 Paulo
2973 965 3147 1020 visum
3181 973 3264 1019 est
3296 983 3312 1020 :
3342 982 3361 1016 ι
3387 963 3610 1018 Tradidi

2017 1063 2182 1126 enim,
2212 1060 2406 1129 inquit,
2450 1060 2604 1113 vobis
2641 1059 2691 1114 in
2740 1058 2932 1129 primis
2965 1059 3108 1125 quod
3138 1065 3195 1112 et
3224 1058 3431 1126 accepi,
3480 1072 3616 1125 quo-

2017 1153 2160 1205 niam
2190 1150 2440 1208 Christus
2465 1159 2708 1206 mortuus
2727 1160 2925 1222 estpro
2952 1152 3117 1224 682
3144 1151 3384 1221 peccatis
3414 1150 3616 1203 nostris

2018 1243 2315 1296 seetmdum
2339 1241 2650 1310 Scripturas
2678 1263 2689 1298 :
2726 1251 2777 1296 et
2811 1245 2952 1311 quod
2983 1244 3228 1311 sepultus
3255 1251 3360 1307 est,
3391 1250 3443 1296 et
3471 1243 3614 1310 quod

2019 1333 2315 1388 resurrexit
2337 1332 2496 1386 tertia
2516 1332 2600 1386 die
2623 1334 2922 1388 secundum
2947 1331 3280 1404 Scripturas,
3303 1342 3355 1387 et
3382 1333 3525 1401 quod
3543 1333 3616 1385 vi-

2015 1439 2110 1478 sus
2134 1436 2214 1479 est
2233 1424 2450 1496 Cophae,
2476 1441 2539 1480 ac
2567 1435 2750 1494 postea
2780 1427 3085 1482 duodecim.
3120 1427 3322 1481 Deinde
3356 1427 3503 1480 visus
3533 1439 3615 1482 est

2017 1516 2133 1584 plus
2151 1531 2311 1585 quam
2335 1517 2647 1588 quingentis
2671 1516 2928 1574 fratribus
2949 1519 3108 1574 simul
3128 1561 3143 1585 ,
3158 1534 3222 1573 ex
3243 1518 3439 1587 quibus
3461 1519 3615 1574 multi

2018 1617 2238 1660 manent
2283 1622 2456 1678 usque
2507 1610 2703 1674 adhuc,
2753 1611 2973 1680 quidam
3021 1621 3202 1665 autem
3249 1611 3607 1665 dormierunt.

2021 1697 2223 1753 Deinde
2271 1700 2419 1754 risus
2441 1708 2526 1754 est
2552 1699 2780 1766 Jucobo,
2813 1702 3009 1757 deinde
3040 1702 3303 1773 apostolis
3325 1704 3612 1769 omnibus,

2017 1790 2314 1846 novissime
2341 1800 2523 1846 autem
2548 1795 2791 1846 omnium
2822 1802 3078 1864 tauquam
3110 1795 3383 1857 abortivo,
3416 1793 3614 1864 inquit,

328 1910 448 1954 νες,
477 1893 557 1941 ὅτι
584 1889 878 1950 ἀνάστασις
913 1885 1123 1957 νεκρῶν
1155 1885 1252 1937 οὐκ
1280 1884 1457 1950 ἕστιν;
1493 1885 1541 1936 εἰ
1578 1883 1635 1935 δὲ
1665 1883 1915 1935 ἀνάστα-

2032 1883 2166 1936 risus
2181 1893 2264 1936 est
2285 1891 2339 1937 et
2357 1885 2484 1939 mihi
2502 1884 2564 1937 ".
2579 1904 2597 1936 ι
2618 1885 2680 1938 Et
2701 1885 2858 1954 paulo
2877 1897 3022 1954 post:
3045 1905 3063 1938 ι
3090 1885 3145 1940 Si
3165 1899 3343 1941 autem
3364 1888 3616 1943 Christus

332 1999 417 2042 at;
448 1981 657 2050 νεκρῶν
686 1981 787 2032 οῦκ
814 1980 982 2042 ἔστιν,
1013 1976 1134 2029 οὐδὲ
1164 1975 1398 2046 Χριστὸς
1428 1975 1740 2047 ἐγήγερται.
1773 1975 1834 2026 Εἰ
1858 1973 1916 2026 δὲ

2032 1975 2364 2041 )raedicatnr,
2381 1977 2522 2046 quod
2543 1979 2839 2033 resurrexit
2861 1995 2888 2032 τι
2913 1980 3145 2034 mortuis
3166 2023 3179 2045 ,
3207 1980 3477 2049 quomodo
3500 1982 3615 2050 qni-

329 2071 564 2144 Χριστδς
586 2071 685 2123 οὐκ
716 2071 1033 2137 ἐγήγερται,
1056 2066 1212 2119 κενὸν
1235 2065 1343 2136 ἄρα
1362 2065 1421 2117 τὸ
1450 2066 1712 2134 κήρυγμα
1734 2060 1912 2131 ἡμῶν,

332 2164 467 2236 κενὴ
508 2163 602 2217 καὶ
632 2164 664 2233 ἡ
690 2162 870 2223 πίστις
895 2160 1072 2229 ἡμῶν.
1108 2156 1493 2228 Εύρισκόμεθα
1515 2156 1572 2208 δὲ
1607 2155 1702 2209 καὶ
1726 2153 1919 2223 ψευδο-

335 2257 612 2325 μάρτυρες
650 2252 744 2304 τοῦ
775 2251 933 2311 Θεοῦ,
976 2251 1058 2302 ὄτι
1090 2250 1280 2318 ἧγειρε
1330 2247 1422 2299 τὸν
1445 2245 1697 2317 Χριστὸν,
1729 2244 1787 2296 ὃν
1819 2243 1919 2296 οὐκ

333 2345 577 2415 ἧγειρεν,
609 2341 767 2412 εἴπερ
790 2341 896 2411 ἄρα
926 2339 1111 2409 νεκροὶ
1139 2339 1239 2390 οὐκ
1274 2337 1603 2406 ἐγείρονται.
1641 2353 1660 2386 ι
1684 2333 1919 2403 Τεθναίη

325 2435 446 2505 γάρ
480 2434 564 2495 ἂν,
598 2433 717 2486 εἰπέ
755 2449 867 2502 μοι,
901 2432 1027 2484 τίνα
1070 2430 1134 2499 δὴ
1169 2429 1372 2501 τρόπον
1406 2428 1629 2499 ήσκιάξ
1663 2425 1787 2489 Πῶς
1828 2421 1921 2478 οὖν

330 2525 603 2594 ἀνέστησε
628 2525 720 2576 τὸν
758 2523 995 2595 Χριστὸν
1027 2523 1055 2574 ὁ
1090 2521 1280 2592 Πατὴρ
1302 2559 1315 2579 ,
1367 2520 1526 2572 σκιὰν
1550 2519 1680 2572 ὄντα
1711 2519 1806 2571 καὶ
1838 2516 1924 2570 δό-

331 2631 516 2684 κησιν,
554 2615 650 2666 καὶ
686 2617 798 2676 τοῖς
817 2612 912 2666 τοῦ
950 2614 1180 2665 θανάτου
1216 2613 1434 2681 δεσμοῖς
1468 2613 1567 2680 οὐχ
1607 2610 1918 2681 ἁλώσιμονς

331 2709 581 2778 Οἰχέσθω
611 2709 674 2778 δὴ
706 2703 799 2760 οῦν
831 2707 859 2757 ὁ
897 2707 1121 2758 ἐκείνων
1146 2705 1372 2774 ἔμετος,
1417 2703 1586 2773 μῦθον
1624 2704 1681 2756 δὲ
1721 2704 1919 2767 ἄλλως,

332 2803 430 2854 καὶ
460 2801 676 2853 ἀνοσίου
730 2798 926 2869 βουλῆς
976 2796 1416 2867 άποὸράσματα,
1470 2795 1538 2848 τὰ
1575 2796 1704 2864 παρ’
1740 2796 1923 2857 αὐτοῖς

334 2892 621 2964 ἡγώμεθα.
655 2893 795 2954 Τοὺς
841 2892 947 2961 γὰρ
980 2889 1254 2951 τοιούτους
1295 2890 1423 2958 ἡμῖν
1470 2887 1923 2960 προκαταμηνύει

332 2986 563 3054 γράφων
602 2983 696 3036 τοῦ
726 2984 977 3050 Σωτῆρος
1000 2982 1027 3032 ὁ
1060 2977 1329 3050 μαθητὴς,
1373 2980 1454 3031 ὅτι
1501 2996 1519 3030 ι
1568 2978 1759 3031 Πολλοὶ
1794 2977 1927 3048 ψευ-

334 3075 672 3145 δοπροφῆται
707 3073 1094 3137 ἐξεληλύθασιν
1129 3073 1208 3134 εἰς
1231 3071 1323 3122 τὸν
1367 3069 1592 3141 κόσμον.
1639 3071 1728 3122 Ἐν
1750 3070 1926 3140 τούτῳ

337 3166 670 3234 γινώσκεται
693 3166 754 3218 τὸ
787 3165 1015 3234 Πνεῦμα
1040 3163 1134 3215 τοῦ
1155 3163 1310 3215 θεοῦ.
1343 3165 1456 3216 Πᾶν
1490 3163 1715 3234 Πνεῦμα
1740 3164 1769 3217 ὂ
1793 3166 1926 3234 ὁμο-ο

334 3260 486 3327 λογεί
531 3256 741 3327 Ἰησοῦν
787 3256 1023 3326 Χριστὸν
1053 3257 1110 3308 ἐν
1155 3255 1319 3325 σαρκὶ
1360 3255 1687 3326 ἐληλυθότα,
1723 3257 1788 3308 ὲκ
1827 3253 1923 3308 τοῦ

336 3349 476 3401 Θεοῦ
504 3350 638 3400 ἐστι.
680 3367 698 3399 ι
739 3347 847 3400 Καὶ
876 3345 1030 3397 τοῦτό
1077 3347 1193 3396 ἐστι
1227 3345 1286 3397 τὸ
1312 3345 1407 3397 τοῦ
1467 3345 1860 3415 Ἀντιχρίστου,
1896 3344 1924 3397 ὃ

336 3443 616 3511 ἀκηκόατε
646 3440 728 3492 ὅτι
762 3439 982 3510 ἔρχεται
1005 3482 1018 3503 ,
1060 3441 1152 3491 καὶ
1177 3438 1272 3490 νῦν
1315 3440 1373 3491 έν
1407 3437 1486 3508 τῷ
1541 3437 1732 3509 κόσμῳ
1777 3438 1927 3491 ἐστὶν

337 3535 464 3607 ἤδη.
491 3535 551 3587 Ei
580 3534 688 3604 γὰρ
717 3532 792 3604 μὴ
830 3532 1053 3601 γέγονεν
1077 3531 1387 3601 ἄνθρωπος,
1426 3533 1565 3602 μήτε
1601 3531 1708 3601 μὴν
1730 3529 1927 3583 ἀναδέ-

339 3627 511 3695 6ηκεν
542 3628 598 3677 ὲν
629 3626 793 3696 σαρκὶ
841 3625 979 3696 πρὸς
1018 3624 1111 3676 τὸν
1142 3627 1198 3675 ὲν
1248 3627 1360 3688 τοῖς
1409 3625 1659 3694 οὐρανοῖς
1705 3623 1926 3694 Πατέρα

342 3714 440 3765 καὶ
471 3712 624 3779 Θεὸν,
677 3713 788 3764 οὐδ’
843 3712 909 3764 ἂν
956 3711 1353 3782 ὑποστρέψειεν
1413 3712 1473 3776 ἐξ
1508 3710 1741 3783 οὐρανοῦ
1802 3710 1927 3764 καθ’

340 3807 514 3874 ἡμᾶς,
537 3805 821 3875 ἄνθρωπος
850 3805 1096 3873 δηλονότι
1132 3805 1223 3856 καὶ
1256 3807 1313 3857 ὲν
1346 3805 1536 3875 σαρκί.
1561 3805 1630 3857 Ἢ
1646 3805 1748 3857 οὐκ
1763 3804 1928 3874 ἀτρε-

342 3896 417 3966 κῆ
457 3913 537 3949 σοι
569 3897 730 3964 φάναι
761 3896 939 3962 δοκῶ;

2020 2065 2142 2120 dam
2169 2065 2353 2121 dicunt
2383 2068 2434 2120 in
2467 2068 2617 2124 vobis
2643 2071 2898 2140 quoniam
2926 2072 3254 2126 resurrectio
3280 2082 3617 2126 mortuorum

2021 2171 2126 2209 non
2162 2156 2282 2211 est?
2324 2157 2379 2211 Si
2410 2167 2588 2213 autem
2640 2161 2973 2216 resurrectio
3004 2173 3341 2218 mortuomm
3376 2181 3481 2218 non
3511 2178 3615 2222 est.

2023 2260 2198 2314 neque
2217 2246 2467 2302 Christus
2487 2250 2798 2304 resurrexit.
2825 2247 2880 2304 Si
2910 2260 3091 2305 autem
3121 2251 3370 2306 Christus
3397 2271 3500 2306 nun
3539 2271 3621 2307 re.-

2022 2336 2285 2396 surrexit.
2316 2337 2495 2394 inanis
2525 2350 2608 2394 est
2647 2355 2780 2410 ergo
2827 2340 3140 2410 praedicatio
3184 2353 3390 2408 nostra,
3442 2344 3620 2398 inanis

2023 2436 2107 2481 est
2146 2435 2200 2480 et
2245 2428 2376 2482 ﬁdes
2406 2439 2626 2498 nostra;
2667 2431 2974 2486 invenimur
3003 2443 3180 2486 autem
3216 2445 3268 2488 et
3303 2433 3419 2488 falsi
3453 2444 3621 2491 teStcs

2026 2516 2145 2584 Dei,
2174 2515 2430 2588 quoniam
2471 2523 2837 2576 testimonium
2864 2523 3102 2579 diximus
3135 2527 3397 2583 adversus
3430 2527 3618 2592 Deum,
3700 2557 3704 2561 λ

2027 2611 2169 2677 quod
2201 2611 2548 2668 susvilaverit
2581 2615 2882 2671 Christum.
2911 2631 3070 2685 quem
3107 2633 3210 2671 non
3236 2621 3546 2687 suscitavit,
3576 2623 3621 2677 si

2027 2700 2225 2753 mortui
2258 2718 2361 2752 non
2398 2713 2686 2772 resurgunt
2713 2704 2778 2757 ".
2812 2723 2830 2756 ι
2859 2705 3107 2770 Quonam
3137 2709 3282 2763 enim
3315 2719 3495 2779 pacto,
3520 2712 3589 2765 oh

2027 2807 2210 2857 secro,
2242 2794 2511 2848 moriatur
2550 2795 2741 2850 umbra
2763 2796 2789 2849 'I
2823 2799 3102 2864 Quomodo
3151 2801 3314 2870 igitur
3338 2803 3624 2856 suscitavit

2027 2883 2302 2937 Christum
2343 2883 2526 2951 Pater,
2557 2903 2678 2940 cum
2726 2889 2915 2942 umbra
2962 2899 3168 2945 tantum
3214 2902 3266 2945 et
3299 2894 3620 2964 imaginaria

2029 2975 2274 3044 quaedam
2311 2980 2626 3047 apparentia
2657 2992 2825 3045 esset,
2867 2993 2921 3038 et
2970 2985 3162 3039 mortis
3189 2986 3421 3041 vinculis
3447 2987 3623 3043 obuo-

2030 3068 2155 3122 xius
2202 3083 2307 3123 non
2339 3071 2526 3124 esset?
2570 3071 2764 3126 Procul
2807 3073 2970 3144 igitur
3003 3076 3237 3130 facessat
3275 3077 3490 3132 illormn
3529 3095 3622 3131 vo-
3673 3097 3676 3100 ·

2032 3161 2205 3220 mitio,
2253 3161 2382 3230 quin
2417 3162 2596 3232 potius
2650 3162 2884 3217 fabulam
2931 3165 3191 3236 impiique
3221 3169 3385 3222 animi
3428 3169 3618 3225 ebulli-

2035 3251 2207 3304 tiones
2239 3253 2636 3307 existimemus.
2676 3255 2949 3324 Ejusmodi
2982 3258 3125 3311 enim
3155 3259 3312 3314 nobis
3341 3271 3499 3315 antea
3532 3263 3627 3314 de-

2032 3342 2256 3410 scripsit
2306 3341 2614 3398 Servatoris
2659 3345 2826 3400 nostri
2869 3347 3167 3417 discipulus
3218 3368 3230 3402 :
3275 3369 3292 3402 t
3326 3349 3502 3417 Multi,
3543 3354 3628 3407 in-

2034 3435 2248 3502 quiens,
2301 3437 2787 3506 pseudoprophetm
2836 3441 3088 3493 exierunt
3139 3443 3188 3493 iu
3229 3447 3514 3503 munitum.
3571 3447 3624 3500 Ιιι

2035 3530 2137 3581 hoc
2182 3528 2536 3596 cognoscitur
2581 3528 2820 3598 Spiritus
2871 3533 2984 3588 Dei.
3038 3534 3228 3590 Omnis
3263 3539 3489 3604 spiritus
3533 3541 3624 3610 qui

2033 3621 2325 3675 contitetur
2350 3620 2534 3676 Jesum
2565 3622 2839 3678 Christum
2881 3626 2932 3680 in
2959 3643 3126 3684 carne
3158 3631 3394 3696 venisse,
3421 3648 3485 3686 ex
3519 3633 3628 3687 Dm

2033 3721 2141 3767 est.
2192 3728 2209 3761 ι
2250 3712 2313 3764 Et
2354 3713 2536 3767 omnis
2578 3715 2801 3783 spiritus
2831 3719 2922 3787 qui
2959 3734 3064 3796 qon
3092 3722 3384 3777 conﬁtetur
3409 3722 3624 3790 Iesum,

2035 3817 2101 3857 ex
2136 3803 2242 3856 Deo
2268 3819 2372 3858 non
2400 3813 2502 3859 est.
2536 3805 2715 3876 Atque
2742 3807 2845 3862 hoc
2881 3819 2957 3864 est
2998 3811 3064 3865 de
3093 3814 3458 3877 Antechristo.
3483 3821 3627 3885 quod

2038 3894 2290 3959 audistis,
2325 3895 2582 3965 quoniam
2637 3897 2837 3959 veniet,
2877 3911 2928 3953 et
2963 3917 3106 3956 nunc
3150 3903 3263 3973 jam
3318 3906 3371 3959 in
3430 3911 3630 3960 mundo

341 4005 428 4047 est
463 3993 528 4044 ⁸⁵.
566 4011 583 4042 ι
621 3992 675 4046 Si
706 3994 848 4047 enim
878 3994 1039 4046 homo
1072 3992 1246 4047 factus
1278 4007 1382 4046 non
1430 4000 1536 4058 est,
1585 4005 1757 4060 neque
1825 3990 2068 4045 ascendit
2099 3990 2149 4043 in
2220 4005 2383 4044 carne
2419 3991 2471 4044 in
2517 3992 2684 4046 caelos
2726 3994 2790 4047 ad
2843 3993 3060 4050 Patrem
3107 4014 3169 4054 ac
3222 4000 3412 4066 Deum,
3453 4019 3631 4076 neque

344 4091 527 4146 redire
561 4090 746 4159 poterit
783 4106 848 4142 ex
877 4091 1017 4144 ctelu
1047 4090 1202 4145 nobis
1229 4089 1440 4155 similis,
1473 4091 1636 4145 homo
1663 4088 1945 4154 nimirum,
1981 4097 2035 4142 et
2067 4087 2119 4138 iu
2149 4101 2334 4140 carne.
2371 4087 2526 4142 Anne
2557 4089 2650 4143 tibi
2695 4103 2816 4143 vera
2859 4091 3038 4146 dicere
3073 4095 3300 4148 videor?

419 4188 481 4242 Β.
513 4187 623 4241 Καὶ
653 4187 821 4253 μάλα.

418 4281 485 4333 Α.
514 4280 588 4332 Τὸ
615 4278 670 4332 δὲ
693 4277 757 4349 δὴ
780 4277 874 4330 καὶ
903 4277 1122 4350 ἑτέρους
1152 4275 1358 4330 οἴεσθαί
1390 4294 1450 4330 τε
1484 4276 1579 4329 κα)⁵
1601 4276 1817 4347 φρονεῖν
1873 4272 1933 4339 ἐξ

342 4370 661 4440 ἀμετρήτου
691 4367 939 4430 νωθείας,
969 4369 1181 4436 γένεσιν
1217 4367 1314 4437 μὲν
1362 4365 1662 4437 ἀνῂνασθαι
1700 4366 1800 4438 τὴν
1845 4365 1934 4418 διὰ

344 4459 449 4529 τῆς
484 4460 646 4526 ἁγίας
681 4458 959 4528 Παρθένου
983 4501 997 4525 ,
1029 4458 1121 4511 τὸν
1146 4459 1211 4510 ἐκ
1233 4457 1368 4510 Θεοῦ
1407 4457 1580 4526 φύντα
1615 4458 1806 4525 Λόγον,
1840 4457 1934 4509 καὶ

2108 4179 2169 4235 Β.
2210 4181 2462 4236 Omnino.

2111 4272 2176 4325 Α.
2218 4271 2368 4337 Quod
2395 4287 2521 4327 vero
2545 4273 2635 4328 alii
2665 4289 2730 4328 cx
2759 4275 3022 4332 immensa
3053 4279 3286 4349 quadam
3311 4282 3630 4353 stupiditan

2044 4362 2277 4417 Verbum
2313 4379 2375 4419 ex
2429 4361 2540 4419 Deo
2582 4367 2822 4436 genitum
2873 4371 3021 4424 nasci
3067 4387 3133 4426 ex
3183 4385 3368 4428 sancta
3410 4374 3631 4447 Virgine.

2043 4454 2301 4518 noluisse,
2332 4465 2387 4508 et
2421 4465 2667 4511 naturam
2697 4468 2937 4515 nostram
2985 4464 3279 4531 respuisse.
3327 4467 3420 4520 sed
3450 4468 3632 4537 potius

347 4521 512 4622 φύσιν
533 4521 815 4620 -ἀτιμάσάι
865 4521 1135 4620 τὴνγκαθ’
1178 4552 1347 4621 ἡμᾶς,
1385 4521 1834 4623 παρατετράφθαι
1879 4548 1925 4602 δὲ

2043 4557 2307 4626 mutatum
2345 4548 2518 4617 ipsum
2551 4549 2605 4603 in
2648 4564 2867 4605 carnem
2918 4562 3194 4608 terrenam
3243 4559 3625 4615 contendunt:

351 4644 553 4714 μᾶλλον
587 4644 751 4696 αὑτὸν
788 4645 867 4705 εἰς
890 4643 988 4714 τὴν
1018 4642 1127 4696 ἀπὸ
1147 4642 1250 4712 γῆς
1276 4642 1476 4714 σάρκα,
1506 4642 1936 4714 δυσφημούντων

348 4736 472 4789 ἐστὶ
493 4737 591 4804 τὴν
616 4736 950 4804 οἰκονομίαν,
978 4737 1071 4788 καὶ
1090 4739 1201 4799 τοῖς
1225 4735 1390 4798 θείοις
1421 4736 1736 4805 σκέμμασιν
1757 4739 1937 4789 ἐπιτι-

353 4828 464 4898 μᾷν
491 4827 801 4896 ᾑρημένων.
845 4828 905 4880 '0
934 4827 1033 4896 μὲν
1055 4828 1163 4897 γὰρ
1186 4828 1294 4881 τῶν
1317 4827 1453 4881 ὅλων
1476 4828 1826 4899 δημιουργὸς,
1843 4829 1937 4882 καὶ

353 4917 524 4979 πολὺς
549 4918 627 4978 εἰς
663 4916 812 4969 ἔλεον
841 4917 936 4970 τοῦ
958 4916 1094 4971 Θεοῦ
1133 4918 1337 4986 Λόγος,
1383 4918 1689 4971 κεκένωκεν
1725 4917 1938 4984 ἑαυτὸν,

351 5009 425 5062 δι’
457 5011 604 5080 ἡμᾶς
642 5009 934 5080 γενόμενος
979 5009 1287 5081 ἄνθρωπος,
1322 5011 1613 5080 γενόμενος
1651 5011 1714 5062 ὲκ
1753 5026 1943 5080 γυναι-

353 5100 473 5164 κὸς,
499 5101 564 5153 ἵν’
598 5100 835 5171 ἐπείπερ
868 5100 1103 5168 αἵματος
1136 5102 1231 5154 καὶ
1255 5101 1458 5172 σαρκὸς
1486 5100 1852 5170 κεκοινώνηκε
1873 5100 1942 5153 τὰ

353 5190 566 5256 παιδία,
604 5190 884 5243 τουτέστιν
947 5191 1105 5259 ἡμεῖς
1131 5231 1146 5254 ,
1192 5191 1285 5242 καὶ
1327 5189 1488 5252 αὐτὸς
1543 5188 1944 5260 παραπλησίως

359 5283 609 5352 μετάσχῃ
623 5281 732 5334 τῶν
750 5279 940 5347 ὄντων,
963 5301 979 5331 ι
994 5280 1112 5334 ’Ἱνα
1133 5280 1220 5334 διὰ
1240 5280 1334 5333 τοῦ
1359 5281 1590 5334 θανάτου
1614 5281 1942 5353 καταργήσῃ

355 5374 450 5426 τὸν
484 5373 542 5424 τὸ
578 5373 775 5442 κράτος
808 5371 1000 5442 ἔχοντα
1028 5371 1124 5424 τοῦ
1152 5371 1407 5430 θανάτου,
1433 5372 1680 5425 τουτέστι
1714 5370 1804 5423 τὸν
1825 5370 1942 5424 διά-

354 5463 535 5526 ϐολον,
570 5464 662 5514 καὶ
695 5464 981 5535 ἀπαλλάξῃ
1002 5463 1243 5531 τούτους,
1272 5465 1385 5517 ὅσοι
1421 5464 1570 5534 φόϐῳ
1602 5463 1834 5516 θανάτου
1856 5462 1944 5516 διὰ

360 5554 566 5618 παντὸς
593 5554 687 5606 τοῦ
730 5553 830 5624 ζῇν
853 5593 867 5615 ,
911 5555 1086 5624 ἔνοχοι
1123 5551 1264 5625 ἦσαν
1302 5555 1564 5618 δουλείας.
1592 5574 1610 5606 ι
1663 5547 1790 5606 Ὦδε
1835 5551 1944 5622 γάρ

357 5643 466 5714 ἔφη
497 5645 555 5697 τὸ
604 5645 843 5714 Γραμμα
875 5645 936 5697 τὸ
968 5645 1130 5715 ἱερόν.
1176 5648 1236 5698 0i
1266 5645 1322 5697 δὲ
1354 5645 1451 5715 τῆς
1478 5645 1621 5698 οὕτω
1655 5644 1942 5714 παγκάλης

433 5841 480 5873 ¹⁹
509 5844 523 5897 l
548 5842 672 5898 Cor.
706 5857 790 5903 xv.
813 5844 924 5900 3-8.

366 5911 407 5942 ⁸⁸
430 5913 614 5970 Ilehm
643 5930 676 5975 I,
710 5913 792 5977 Μ,
837 5915 920 5967 15.

1004 5846 1046 5876 ¹¹
1073 5847 1199 5901 ibid.
1235 5844 1422 5900 ιιι-ιδ.

1504 5841 1549 5897 ίῖ
1575 5842 1590 5896 l
1618 5840 1771 5894 Joan.
1815 5854 1885 5900 tv,
1915 5838 2028 5892 1-5.

2046 4635 2097 4689 in
2155 4635 2579 4690 incarnationem
2645 4635 2741 4692 Dei
2796 4637 3289 4709 blasphemantium
3340 4644 3633 4716 divinaque.

2045 4725 2271 4780 consilia
2304 4726 2730 4797 improbantium
2757 4741 2858 4786 est.
2891 4731 3115 4788 Creator
3146 4733 3289 4787 enim
3321 4735 3485 4790 totius
3513 4736 3633 4791 uui-

2047 4818 2210 4879 versi,
2245 4825 2299 4871 et
2331 4816 2539 4888 largum
2572 4818 2625 4872 in
2671 4821 3097 4879 misericordiam
3144 4826 3233 4880 Dei
3268 4826 3501 4882 Verbum
3535 4844 3633 4884 ex-

2046 4905 2275 4959 imtuivit
2304 4907 2566 4975 seipsutn,
2600 4906 2799 4964 factum
2823 4927 2921 4981 pro
2949 4914 3103 4969 nobis
3134 4917 3294 4970 homo
3324 4917 3388 4978 “'.
3420 4928 3638 4973 uatum-

2043 5014 2148 5069 que
2177 5015 2206 5053 e
2248 5000 2474 5056 muliere
2498 5003 2565 5066 ¹⁶,
2597 5012 2656 5056 ιιι
2685 5008 3148 5074 quemadmodum
3184 5012 3464 5081 Sanguinis
3504 5028 3634 5082 par-

2047 5091 2237 5160 ticipes
2265 5091 2374 5146 sint
2409 5093 2559 5161 pueri
2587 5093 2652 5161 ",
2685 5093 2791 5150 hoc
2823 5109 2910 5153 est
2948 5115 3068 5163 nos,
3097 5101 3168 5154 ita
3194 5103 3357 5156 etiam
3384 5104 3636 5160 similiter

2046 5182 2160 5252 ipse
2197 5200 2384 5240 eorum
2415 5188 2687 5259 particeps
2724 5200 2902 5246 esset:
2930 5191 3097 5264 683
3133 5211 3152 5245 ι
3184 5193 3253 5249 Ut
3287 5209 3383 5263 per
3407 5209 3633 5252 mortem

2048 5275 2352 5331 destrueret
2388 5295 2510 5332 cum
2545 5282 2636 5348 qui
2684 5283 2916 5337 habebat
2957 5286 3148 5338 mortis
3186 5286 3496 5354 imperium,
3534 5289 3638 5344 hoc.

2048 5376 2129 5420 est
2186 5366 2496 5434 diabolum;
2547 5378 2601 5422 et
2651 5369 2843 5425 liberet
2903 5386 2996 5425 eos
3059 5374 3148 5442 qui
3206 5374 3401 5429 timore
3446 5379 3639 5432 mortis

2051 5474 2146 5527 per
2173 5469 2338 5512 totam
2372 5461 2532 5514 vitam
2575 5462 2792 5516 obnoxii
2823 5473 2980 5516 erant
3017 5465 3286 5518 servituti.
3325 5485 3343 5518 ι
3384 5466 3458 5521 Ita
3493 5469 3638 5523 enim

2052 5551 2127 5604 ait
2155 5565 2309 5604 sacra
2357 5551 2637 5619 Scriptura
2685 5553 2751 5606 ³⁸.
2798 5553 2860 5606 1Ιί
2898 5570 3026 5608 vero
3055 5556 3320 5624 optimum
3364 5558 3466 5612 hoc
3497 5575 3638 5628 pra:-

2052 5641 2559 5709 stautissimumque
2587 5642 2677 5696 Dei
2714 5644 3019 5709 consilium,
3052 5656 3308 5715 tauquam
3335 5662 3525 5716 parum
3549 5652 3640 5704 dr-

2108 5839 2150 5868 ”‘
2176 5839 2404 5908 Philipp.
2442 5855 2500 5896 ιι.
2536 5840 2586 5896 7.

2669 5843 2710 5874 υ
2736 5842 2910 5898 Galat.
2947 5857 3018 5905 tv,
3046 5843 3098 5897 4.
3182 5845 3222 5876 ¹’
3257 5842 3421 5898 Hebr.
3460 5861 3522 5908 ιι,
3558 5848 3643 5905 Η.
