4036 6336
301 498 437 555 Hii?

1388 487 1482 545 DE
1519 482 2033 545 iNCARNATiONF.
2080 476 2458 539 UNIGEMTI.

3442 473 3580 531 H93

299 615 480 688 ρδς,ή
523 615 609 669 τοῦ
655 615 863 684 κόσμου
909 610 1152 681 σωτηρία
1200 608 1295 662 καὶ
1323 607 1436 678 ζωὴ
1461 647 1475 667 ,
1507 608 1601 660 καὶ
1659 605 1877 660 διόλωλε

1999 601 2197 670 [uideni
2218 607 2298 654 est
2313 612 2412 668 pro
2435 595 2611 663 nobis,
2629 610 2801 664 neque
2820 591 3123 648 resurrexit
3140 590 3409 647 Christus.
3424 591 3579 659 Quod

297 707 581 771 παντελῶς
627 710 658 777 ἡ
696 707 804 758 τῶν
833 707 889 757 ὲν
922 705 1102 757 πίστει
1152 699 1569 771 κεκοιμημένων
1604 698 1778 761 ἐλπίς.
1810 695 1882 750 Εὖ

297 801 408 873 γὰρ
441 795 540 854 ὧδε
569 800 712 868 ἔχειν
746 797 920 850 ἐδόκει
951 797 1045 849 καὶ
1075 796 1152 864 τῷ
1188 793 1443 864 μακαρίῳ
1482 790 1701 862 Παύλῳ,
1737 805 1881 860 παρ-

297 893 476 945 έδωκα
501 891 609 961 γὰρ
632 891 781 958 ὑμῖν,
807 895 992 957 φησιν,
1015 889 1072 939 ὲν
1097 885 1357 956 πρώτοις,
1378 883 1406 936 6
1430 883 1524 936 καὶ
1551 879 1882 952 παρέλαϐον,

298 985 385 1038 ὅτι
417 981 651 1054 Χριστὸς
697 980 967 1034 ἀπέθανεν
1016 977 1159 1047 ὑπὲρ
1205 974 1315 1028 τῶν
1365 973 1650 1045 ἁμαρτιῶν
1701 970 1880 1042 ἡμῶν.

296 1077 441 1130 κατὰ
467 1075 566 1137 τὰς
594 1073 838 1143 Γραφὰς,
871 1069 964 1123 καὶ
992 1068 1074 1122 ὅτι
1110 1066 1309 1136 ἐτάφη,
1342 1065 1438 1120 καὶ
1469 1063 1550 1117 ὅτι
1585 1062 1883 1132 ἐγήγερται

294 1170 362 1236 τῇ
397 1165 577 1236 ἡμέρα
603 1167 668 1234 τῇ
708 1163 889 1234 τρίτῃ,
931 1159 1072 1213 κατὰ
1107 1158 1206 1221 τὰς
1231 1157 1473 1228 Γραφάς,
1504 1155 1598 1208 καὶ
1623 1155 1703 1208 ὅτι
1727 1152 1880 1224 ὤφθη

297 1259 486 1328 Κηφᾷ,
522 1254 640 1309 εἶτα
659 1258 772 1317 τοῖς
796 1253 1025 1315 δώδεκα,
1066 1251 1254 1302 ἔπειτα
1285 1248 1441 1317 ὤφθη
1471 1246 1654 1299 ἐπάνω
1682 1261 1878 1297 πεντα-

296 1348 502 1410 κοσίοις
542 1345 797 1414 ἀδελφοῖς
830 1341 1066 1412 ἐφάπαξ,
1093 1341 1150 1404 ἐξ
1179 1333 1250 1392 ὧν
1279 1341 1327 1391 ol
1351 1337 1593 1398 πλείονες
1630 1335 1881 1406 μένουσιν

294 1439 404 1501 ’ἐως
434 1437 580 1506 ἄρτι,
613 1437 755 1496 τινες
790 1434 848 1487 δὲ
889 1434 979 1486 καὶ⁵
1008 1431 1403 1500 ἐκοιμήθησαν.
1453 1429 1684 1481 Ἔπειτα
1724 1426 1879 1496 ώψθη

313 1527 573 1598 Ἰακώϐῳ,
607 1527 799 1578 ἔπειτα
838 1526 950 1586 τοῖς
975 1521 1294 1583 ἀποστόλοις
1343 1521 1531 1584 πᾶσιν,
1574 1519 1800 1589 ἔσχατον
1827 1518 1880 1570 δὲ

296 1619 538 1679 πάντων,
561 1618 804 1686 ὡσπερεί
825 1632 901 1684 τῳ
920 1611 1253 1682 ἐκτρώματι,
1275 1612 1460 1681 φησὶν,
1481 1608 1636 1679 ὤφθη
1654 1611 1722 1662 κὰ
1734 1609 1839 1678 μοί.
1858 1628 1875 1660 ι

298 1711 411 1761 Καὶ
443 1707 560 1778 μεθ’
581 1707 745 1776 ἔτερα
785 1704 971 1757 ’πάλιν⁸
1008 1721 1025 1752 t
1069 1704 1128 1754 Ει
1157 1702 1212 1755 δὲ
1246 1701 1479 1772 Χριστὸς
1519 1702 1879 1772 κηρύσσεται,

295 1802 382 1854 ὅτι
411 1802 475 1850 ὲκ
512 1795 722 1867 νεκρῶν
757 1796 1076 1864 ὲγῆγερται,
1119 1791 1237 1855 πῶς
1278 1790 1528 1860 λέγουσιν
1559 1792 1616 1843 ὲν
1647 1790 1777 1859 ὑμῖν
1803 1807 1882 1842 τι-

1985 700 2132 747 rerte
2165 692 2210 745 si
2244 699 2302 744 ut
2333 703 2519 743 rerum
2549 688 2887 753 admittatur,
2909 686 3068 754 periit
3091 683 3473 749 iides,sublata
3497 697 3581 740 est

1985 800 2141 848 t'l'ilX,
2162 781 2345 836 mundi
2371 781 2515 835 salus
2539 795 2601 834 ac
2621 781 2729 834 vita
2750 800 2763 847 ;
2784 788 2944 850 atque
2960 778 3010 832 in
3026 780 3338 833 universum
3371 779 3581 831 interiit

1982 891 2170 929 eorum
2209 875 2298 944 qui
2337 874 2390 928 in
2431 873 2535 926 fide
2565 873 3138 939 obdormieruutspes.
3167 869 3244 924 Ita
3279 871 3424 924 enim
3457 885 3580 923 sese

1988 982 2098 1020 rem
2123 967 2342 1030 habere,
2362 966 2526 1020 etiam
2551 964 2711 1020 beato
2732 962 2904 1018 Paulo
2941 962 3114 1017 visum
3148 969 3231 1017 est
3264 980 3280 1017 :
3309 979 3328 1013 ι
3355 961 3578 1016 Tradidi

1985 1060 2149 1124 enim,
2181 1057 2374 1126 inquit,
2417 1057 2572 1110 vobis
2609 1057 2659 1111 in
2707 1056 2900 1126 primis
2932 1057 3075 1122 quod
3106 1062 3163 1110 et
3191 1055 3398 1124 accepi,
3448 1070 3584 1122 quo-

1985 1150 2127 1202 niam
2158 1147 2408 1204 Christus
2433 1157 2675 1203 mortuus
2695 1157 2893 1220 estpro
2919 1150 3084 1222 682
3111 1147 3350 1218 peccatis
3381 1147 3584 1201 nostris

1985 1240 2283 1294 secundum
2307 1238 2616 1307 Scripturas
2646 1260 2657 1295 :
2693 1248 2744 1293 et
2778 1242 2920 1308 quod
2950 1241 3195 1308 sepultus
3223 1247 3328 1304 est,
3357 1247 3410 1294 et
3438 1241 3580 1307 quod

1987 1331 2283 1384 resurrexit
2305 1329 2464 1383 tertia
2484 1329 2568 1384 die
2589 1331 2889 1386 secundum
2914 1329 3248 1401 Scripturas,
3270 1339 3322 1384 et
3349 1331 3492 1399 quod
3509 1331 3582 1382 vi-

1983 1436 2078 1476 sus
2101 1433 2182 1476 est
2201 1420 2418 1493 Crpbm,
2443 1438 2507 1477 ac
2534 1432 2717 1491 postea
2747 1425 3052 1479 duodecim.
3087 1424 3288 1479 Deinde
3323 1424 3470 1478 risus
3501 1437 3583 1479 est

1985 1513 2100 1581 plus
2118 1528 2278 1582 quam
2303 1514 2614 1584 quingentis
2638 1513 2894 1576 fratribus
2917 1516 3076 1571 simul
3096 1532 3190 1582 ,ει
3209 1516 3406 1584 quibus
3429 1517 3581 1571 multi

1986 1614 2206 1658 manent
2251 1621 2422 1675 usque
2474 1607 2670 1671 adhuc,
2721 1608 2940 1677 quidam
2988 1619 3168 1662 autem
3216 1608 3575 1663 dormierunt.

1989 1693 2190 1750 Deinde
2239 1697 2386 1751 visus
2409 1705 2494 1751 est
2519 1697 2748 1763 Jucobo,
2780 1699 2976 1755 deinde
3008 1699 3270 1770 apostolis
3293 1702 3579 1766 omnibus,

1985 1787 2281 1844 novissime
2309 1797 2490 1843 autem
2515 1791 2758 1844 omnium
2789 1800 3046 1861 tanquam
3077 1793 3350 1854 abortivo,
3383 1790 3580 1862 inquit.

295 1905 414 1951 νες,
443 1889 524 1937 ὅτι
551 1887 845 1947 ἀνάστασις
879 1881 1090 1954 νεκρῶν
1122 1882 1219 1934 οὐκ
1248 1880 1425 1946 ἔστιν;
1461 1882 1508 1933 εἰ
1546 1879 1602 1932 δὲ
1633 1880 1882 1932 ἀνάστα-

1999 1880 2133 1933 risus
2149 1889 2231 1934 est
2253 1889 2306 1934 et
2324 1881 2452 1936 mihi
2470 1881 2532 1935 “.
2546 1901 2564 1934 ι
2585 1881 2648 1935 Et
2668 1883 2825 1952 paulo
2843 1895 2990 1952 post:
3012 1903 3032 1935 ι
3057 1883 3112 1938 Si
3132 1896 3310 1938 autem
3331 1885 3584 1942 Christus

299 1995 384 2038 σις
414 1978 624 2046 νεκρῶν
653 1977 754 2029 οὐκ
782 1977 949 2039 ἔστιν,
981 1973 1102 2026 οὐδὲ
1131 1971 1366 2043 Χριστὸς
1396 1973 1707 2043 ἐγήγερται.
1740 1972 1801 2023 Εἰ
1825 1970 1883 2022 δὲ

1999 1971 2331 2038 πωάἰοιιιιιτ,
2349 1974 2489 2043 quod
2510 1977 2806 2030 resurrexit
2828 1992 2856 2029 a
2880 1977 3112 2032 mortuis
3132 2020 3147 2043 ,
3173 1978 3444 2046 quomodo
3467 1980 3582 2048 qui-

297 2067 531 2139 Χριστὸς
554 2067 652 2119 οὐκ
683 2068 1001 2134 ἐγήγερται,
1023 2063 1180 2116 κενὸν
1202 2061 1311 2132 ἄρα
1329 2062 1389 2114 16
1417 2063 1680 2131 κήρυγμα
1701 2057 1879 2129 ἡμῶν,

299 2161 433 2232 κενὴ
475 2160 569 2213 καὶ
599 2161 632 2229 ἡ
657 2158 837 2219 πίστις
861 2157 1038 2227 ἡμῶν.
1075 2153 1461 2225 Εὐρισκὸμεθα
1482 2153 1538 2206 δὲ
1573 2153 1670 2206 καὶ
1694 2150 1887 2220 ψευδο⁶

302 2253 579 2322 μάρτυρες
617 2248 711 2300 τοῦ
743 2247 899 2308 Θεοῦ,
943 2248 1025 2299 ὅτι
1057 2247 1248 2316 ἤγειρε
1297 2244 1389 2295 16v
1412 2242 1664 2314 Χριστὸν,
1696 2241 1755 2293 ὃν
1786 2241 1887 2293 οὐκ

301 2341 545 2412 ηγειρεν,
576 2339 734 2408 εἴπερ
757 2338 863 2407 ἄρα
893 2337 1078 2406 νεκροὶ
1105 2336 1207 2387 οὐκ
1241 2334 1570 2404 ἐγείρονται.
1609 2350 1627 2384 ι
1651 2330 1887 2400 Τεθναίη

292 2432 411 2502 γὰρ
445 2430 531 2493 ἂν,
565 2430 685 2484 εἰπέ
723 2446 834 2498 μοι,
868 2429 993 2481 τίνα
1037 2427 1101 2496 δὴ
1136 2425 1339 2498 τρόπον
1373 2425 1596 2495 ήσκιάς
1631 2423 1754 2486 Πῶς
1795 2417 1888 2476 οῦν

297 2521 570 2591 ἀνέστησε
595 2521 687 2572 τὸν
725 2520 961 2592 Χριστὸν
993 2520 1022 2571 6
1057 2519 1247 2589 Πατὴρ
1269 2556 1282 2576 ,
1333 2516 1493 2570 σκιὰν
1517 2516 1647 2570 ὄντα
1678 2515 1773 2568 καὶ
1805 2514 1891 2567 δό-

299 2629 483 2680 κησιν,
521 2611 616 2662 καὶ
653 2613 765 2673 τοῖς
784 2609 879 2662 τοῦ
917 2610 1147 2662 θανάτου
1183 2610 1402 2678 δεσμοῖς
1435 2610 1534 2678 οὐχ
1573 2608 1885 2678 ἁ).ώσιμον;

299 2706 549 2775 Οἱχὲσθω
579 2705 641 2775 δὴ
673 2701 766 2757 οῦν
797 2705 825 2754 6
864 2703 1088 2755 ἐκείνων
1113 2702 1339 2771 ἔμετος,
1384 2700 1552 2770 μῦθον
1591 2702 1648 2753 δὲ
1688 2701 1886 2764 ἄλλως,

301 2800 396 2850 καὶ
426 2797 644 2850 ἀνοσίου
697 2795 893 2866 βουλῆς
942 2793 1383 2864 ἁποὸρὰσματα,
1437 2792 1505 2845 τὰ
1542 2793 1671 2861 παρ’
1707 2794 1890 2854 αὐτοῖς

302 2889 588 2960 ἡγώμεθα.
622 2890 762 2951 Τοὺς
807 2889 913 2958 γὰρ
946 2886 1220 2948 τοιούτους
1262 2887 1390 2955 ἡμῖν
1436 2883 1890 2957 προκαταμηνύει

301 2982 530 3051 γράφων
570 2980 663 3032 τοῦ
693 2981 944 3048 Σωτῆρος
967 2979 994 3029 6
1026 2975 1296 3047 μαθητὴς,
1339 2977 1421 3028 ὅτι
1467 2993 1486 3026 t
1535 2975 1726 3028 Πολλοὶ
1761 2974 1894 3045 ψευ-

303 3071 639 3141 ἓηπροφῆται
674 3069 1060 3134 ἐξεληλύθασιν
1096 3070 1174 3131 εἰς
1198 3068 1289 3119 τὸν
1334 3067 1558 3137 κόσμον.
1606 3068 1695 3119 Ἐν
1717 3068 1892 3137 τούτῳ

305 3163 637 3230 γινώσκεται
660 3163 720 3214 τὸ
754 3161 982 3230 Πνεῦμα
1007 3160 1101 3213 τοῦ
1122 3161 1277 3212 θεοῦ.
1309 3162 1422 3214 Πᾶν
1457 3160 1682 3230 Πνεῦμα
1707 3161 1736 3214 ὃ
1759 3163 1892 3232 ὁμο-

303 3256 452 3323 λογεῐ
498 3253 708 3324 Ἰησοῦν
754 3253 989 3322 Χριστὸν
1019 3254 1077 3304 ἐν
1121 3253 1285 3322 σαρκὶ
1327 3252 1653 3323 ἐληλυθότα,
1689 3255 1755 3306 ὲκ
1793 3251 1890 3305 τοῦ

304 3345 442 3397 Θεοῦ
471 3347 605 3396 ἐστι.
647 3363 664 3395 ι
705 3344 814 3396 Καὶ
843 3342 996 3394 τοῦτό
1044 3344 1160 3393 ἐστι
1194 3342 1253 3394 16
1278 3342 1373 3394 τοῦ
1433 3342 1826 3412 Ἀντιχρίστου,

303 3439 582 3506 ἀκηκόατε
613 3437 694 3490 ὅτι
729 3436 949 3506 ἔρχεται
972 3479 985 3499 ,
1027 3438 1118 3488 καὶ
1144 3435 1238 3487 νῦν
1282 3438 1339 3488 έν
1373 3434 1453 3506 τῷ
1507 3435 1698 3506 κόσμῳ
1744 3434 1893 3488 ἐστὶν

304 3531 430 3603 ἥδη.
457 3532 518 3583 Εἰ
547 3530 655 3600 γὰρ
683 3529 760 3601 μὴ
797 3529 1020 3598 γέγονεν
1044 3528 1140 3580 ἄνθ
1152 3545 1354 3599 ρωπος,
1393 3530 1532 3599 μήτε
1567 3528 1674 3598 μὴν
1697 3527 1894 3580 ἀναϐέ-

306 3623 478 3691 ϐηκεν
509 3621 761 3692 ὲνσαρκ)⁵
808 3621 946 3692 πρὸς
985 3621 1078 3673 τὸν
1108 3623 1166 3672 ὲν
1215 3624 1326 3684 τοῖς
1375 3622 1624 3691 οὐρανοῖς
1671 3620 1892 3691 Πατέρα

307 3709 406 3761 καὶ
437 3708 591 3775 Θεὸν,
644 3709 755 3761 οὐδ’
810 3708 876 3761 ἂν
923 3708 1319 3778 ὑποστρέψειεν
1379 3708 1439 3773 ἐξ
1475 3707 1708 3780 οὐρανοῦ
1768 3707 1893 3761 καθ’

308 3803 480 3871 ἡμᾶς,
503 3801 788 3871 ἄνθρωπος
817 3801 1062 3870 δηλονότι
1098 3801 1190 3853 καὶ
1223 3804 1280 3854 ὲν
1312 3802 1502 3872 σαρκί.
1528 3802 1597 3854 Ἢ
1612 3802 1714 3854 οὐκ
1729 3802 1894 3871 ἀτρε-

308 3893 383 3962 κῆ
422 3910 504 3945 σοι
536 3894 696 3961 φάναι
728 3892 906 3958 δοκῶ;

1862 3306 1962 3394 δο

1987 2063 2109 2117 dam
2136 2063 2320 2118 dicunt
2350 2065 2401 2117 in
2434 2065 2585 2122 vobis
2610 2067 2865 2137 quoniam
2893 2070 3221 2123 resurrectio
3247 2080 3584 2123 mortuormu

1988 2167 2093 2206 non
2130 2153 2249 2208 est?
2291 2155 2346 2208 Si
2378 2165 2555 2210 autem
2607 2159 2940 2213 resurrectio
2971 2171 3308 2215 mortuomm
3343 2178 3448 2216 non
3477 2175 3582 2220 est.

1990 2257 2165 2311 neque
2185 2243 2434 2299 Christus
2454 2247 2764 2301 resurrexit.
2792 2245 2847 2301 Si
2877 2256 3058 2303 autem
3087 2249 3337 2304 Christus
3364 2269 3468 2304 nun
3506 2269 3588 2305 re..-

1990 2333 2252 2393 surrexit.
2284 2335 2462 2391 inanis
2493 2348 2575 2390 est
2615 2352 2746 2407 ergo
2794 2338 3108 2407 prmdieatio
3151 2351 3357 2405 nostra,
3408 2342 3587 2396 inanis

1989 2433 2074 2478 est
2113 2432 2168 2477 et
2212 2425 2344 2480 ﬁdes
2373 2435 2592 2495 nostra;
2634 2429 2940 2482 invenimur
2969 2440 3148 2484 autem
3183 2442 3235 2485 et
3270 2431 3386 2486 falsi
3421 2443 3588 2489 teSIes

1992 2513 2112 2580 Dei,
2141 2512 2398 2586 quoniam
2438 2521 2804 2574 testimonium
2830 2521 3069 2577 diximus
3102 2525 3364 2581 adversus
3397 2525 3585 2591 Deum,

1994 2609 2136 2674 quod
2168 2609 2514 2664 SuSt-itarerit
2547 2611 2849 2670 Christum.
2878 2628 3036 2682 quem
3073 2631 3177 2669 non
3204 2619 3513 2684 suscitavit,
3543 2622 3588 2675 si

1994 2697 2192 2750 mortui
2225 2715 2328 2750 non
2365 2711 2653 2769 resurgunt
2679 2702 2744 2755 ".
2778 2721 2796 2754 ι
2826 2703 3074 2768 Quonam
3104 2707 3249 2761 enim
3282 2717 3462 2778 pacto,
3487 2710 3556 2762 ob

1994 2803 2177 2854 secro,
2208 2790 2478 2845 moriatur
2517 2793 2756 2847 umbra?
2790 2796 3069 2862 Quomodo
3117 2799 3281 2868 igitur
3305 2801 3591 2854 suscitavit

1994 2880 2269 2935 Christum
2310 2880 2492 2948 Pater,
2523 2900 2646 2938 eum
2693 2886 2882 2940 umbra
2929 2897 3136 2943 tantum
3181 2900 3233 2944 et
3266 2891 3587 2963 imaginaria

1996 2972 2241 3042 quaedam
2279 2977 2593 3044 apparentia
2624 2990 2792 3043 esset,
2834 2989 2888 3034 et
2937 2983 3129 3036 mortis
3156 2983 3388 3039 vinculis
3414 2984 3589 3040 obuo-

1997 3065 2122 3119 xius
2169 3080 2274 3120 non
2307 3068 2492 3122 esset?
2537 3067 2731 3124 Procul
2774 3070 2937 3141 igitur
2970 3073 3203 3128 facessat
3242 3074 3457 3130 illorum
3496 3093 3590 3129 vo-
3637 3093 3643 3098 ·

1999 3158 2171 3217 mitio.
2219 3159 2348 3227 quin
2384 3161 2563 3229 potius
2617 3160 2851 3215 fabulam
2897 3162 3158 3233 itnpiique
3189 3166 3352 3220 animi
3395 3167 3585 3222 ebulli.

2002 3249 2173 3301 tiones
2206 3250 2604 3304 existimemus.
2643 3252 2916 3322 Ejusmodi
2949 3255 3092 3308 enim
3123 3256 3278 3311 nobis
3307 3268 3466 3312 antea
3499 3261 3594 3312 de-

1998 3339 2223 3407 scripsit
2273 3338 2580 3395 Servntoris
2626 3344 2793 3396 nostri
2836 3345 3134 3414 discipulus
3185 3366 3197 3399 :
3241 3366 3259 3399 ι
3293 3347 3469 3415 “uiti,
3511 3351 3594 3404 in-

2001 3432 2214 3499 quiens,
2267 3434 2754 3503 pseudoprophetzc
2803 3438 3056 3490 exierunt
3105 3441 3155 3491 in
3195 3443 3481 3500 mundum.
3537 3444 3591 3497 In

2002 3527 2103 3578 hoc
2149 3525 2502 3594 ceguoscitur
2548 3525 2788 3595 Spiritus
2838 3530 2951 3585 Dei.
3005 3531 3194 3587 Omnis
3230 3536 3456 3601 spiritus
3500 3539 3591 3607 qui

2000 3618 2291 3672 conﬁtetur
2316 3617 2500 3673 Jesum
2531 3619 2806 3675 Christum
2847 3624 2899 3677 in
2927 3641 3092 3681 carne
3125 3629 3362 3692 venisse,
3388 3645 3452 3684 ex
3487 3631 3595 3685 ῡιιυ

1999 3719 2107 3764 est.
2158 3725 2176 3758 ι
2217 3709 2280 3762 Et
2320 3709 2502 3765 omnis
2545 3713 2767 3780 spiritus
2798 3717 2889 3784 qui
2925 3731 3031 3794 non
3059 3719 3351 3775 confitetur
3376 3719 3591 3788 Jesum,

2000 3815 2067 3854 ex
2103 3800 2208 3853 Deo
2234 3817 2338 3855 non
2367 3810 2469 3856 est.
2503 3803 2682 3873 Atque
2709 3805 2812 3859 hoc
2847 3817 2924 3860 est
2965 3808 3031 3862 de
3060 3811 3424 3874 Atttecliristo.
3450 3818 3594 3883 quod

2004 3891 2256 3956 audistis,
2292 3893 2549 3962 quoniam
2605 3895 2804 3957 veniet,
2843 3909 2896 3950 et
2930 3915 3073 3954 nunc
3117 3900 3230 3970 jam
3285 3903 3337 3956 itt
3397 3909 3596 3958 mundo

307 4001 395 4044 est
429 3989 494 4041 ”.
532 4007 549 4039 ι
588 3989 642 4042 Si
673 3991 815 4044 enim
845 3990 1005 4042 homo
1039 3989 1213 4044 factus
1245 4004 1350 4043 non
1397 3997 1502 4055 est,
1551 4001 1723 4058 neque
1791 3988 2035 4042 ascendit
2065 3988 2115 4040 in
2186 4002 2350 4041 carne
2386 3989 2437 4042 in
2483 3989 2651 4044 ccelos
2693 3991 2756 4044 ad
2810 3990 3026 4048 Patrem
3074 4011 3136 4051 ae
3189 3997 3380 4064 Deum,
3420 4017 3597 4073 neque

309 4087 493 4143 redire
527 4087 713 4155 poterit
751 4102 814 4138 ex
844 4088 984 4141 ctelu
1013 4087 1168 4142 nobis
1196 4086 1407 4152 similis,
1440 4087 1603 4141 homo
1630 4085 1911 4152 nimirum,
1947 4094 2001 4138 et
2033 4083 2085 4136 iu
2116 4099 2300 4137 carne.
2337 4084 2493 4140 Anne
2523 4086 2616 4140 tibi
2661 4101 2782 4140 vera
2825 4089 3004 4143 dicere
3039 4092 3267 4145 videor?

386 4184 446 4238 Β.
478 4184 590 4238 Καὶ
619 4183 787 4249 μάλα.

385 4278 451 4330 Δ.
480 4276 554 4328 T6
581 4275 638 4328 δὲ
659 4275 723 4346 δὴ
747 4274 840 4327 καὶ
870 4274 1088 4348 ἑτέρους
1119 4271 1324 4327 οἴεσθαί
1356 4291 1416 4326 τε
1451 4273 1545 4326 καὶ
1567 4273 1784 4344 φρονεῖν
1839 4269 1899 4336 ἐξ

306 4367 627 4436 ἀμετρήτου
658 4364 905 4427 νωθείας,
935 4365 1148 4432 γένεσιν
1184 4365 1281 4434 μὲν
1327 4361 1629 4433 ἀνῄνασθαι
1667 4363 1766 4434 τὴν
1811 4362 1900 4415 διὰ

308 4456 415 4525 τῆς
450 4456 612 4523 ἁγίας
647 4455 925 4525 Παρθένου
949 4497 964 4521 ,
995 4456 1086 4508 τὸν
1113 4457 1177 4507 ὲκ
1199 4454 1335 4507 Θεοῦ
1373 4454 1546 4523 φύντα
1581 4455 1772 4522 Λόγον,
1806 4454 1900 4506 καὶ

2074 4176 2135 4232 Β.
2176 4178 2429 4234 Omnino.

2077 4270 2142 4322 Α.
2185 4269 2335 4335 Quod
2362 4285 2487 4324 vero
2511 4271 2601 4325 alii
2632 4287 2697 4326 ex
2725 4273 2988 4329 immensa
3019 4277 3253 4347 quadam
3278 4279 3597 4350 stupiditatu

2010 4360 2243 4414 Verbum
2279 4375 2341 4416 ex
2396 4359 2506 4417 Deo
2548 4365 2788 4433 genitum
2840 4369 2987 4422 nasci
3033 4385 3099 4423 ex
3149 4383 3335 4426 sancta
3376 4371 3598 4444 Virgine

2011 4451 2268 4515 noluisse.
2298 4463 2353 4506 et
2387 4463 2634 4508 naturam
2663 4466 2904 4512 nostram
2951 4462 3246 4528 respuisse,
3293 4465 3386 4518 sed
3417 4466 3598 4534 potius

310 4518 479 4619 φῦσιν
501 4518 782 4618 ’ἀτιμάσαι
832 4518 1102 4617 τὴνααεν
1145 4549 1313 4618 ἡμᾶς,
1350 4518 1800 4620 τταρατετράιοθαι
1846 4545 1890 4599 δὲ

2009 4554 2274 4598 mutatum
2311 4546 2485 4614 ipsum
2517 4546 2572 4600 in
2615 4562 2833 4602 carnem
2884 4559 3160 4606 terrenam
3209 4557 3591 4613 contendunt:

313 4641 519 4712 μᾶλλον
554 4641 717 4692 αὐτὸν
754 4642 834 4701 εἰς
857 4639 954 4710 τὴν
984 4639 1094 4693 ἀπὸ
1112 4639 1216 4708 γῆς
1242 4639 1441 4710 σάρκα,
1472 4639 1903 4710 δυσφημούντων

310 4733 438 4786 ἐστὶ
459 4733 558 4801 τὴν
583 4733 918 4801 οἰκονομίαν,
945 4734 1037 4785 καὶ
1057 4735 1167 4796 τοῖς
1191 4731 1356 4795 θείοις
1387 4733 1702 4802 σκέμμασιν
1724 4736 1903 4786 ἐπιτι-

315 4825 430 4895 μᾷν
457 4823 769 4894 ᾑρημένων.
812 4825 871 4876 ’0
900 4825 999 4894 μὲν
1021 4825 1129 4894 γὰρ
1152 4825 1260 4878 τῶν
1284 4825 1419 4878 ὅλων
1442 4825 1506 4895 δη
1515 4824 1773 4896 μιουργδς
1778 4867 1792 4891 ν
1809 4825 1904 4879 καὶ

315 4913 490 4976 πολὺς
516 4915 594 4975 εἰς
630 4913 779 4966 ἔλεον
807 4914 902 4967 τοῦ
925 4914 1060 4968 Θεοῦ
1099 4915 1303 4983 Λόγος,
1349 4916 1656 4968 κεκένωκεν
1692 4915 1905 4981 ἑαυτὸν,

314 5006 391 5060 δι’
423 5008 570 5076 ἡμᾶς
608 5007 900 5076 γενόμενος
945 5007 1253 5078 ἄνθρωπος,
1288 5007 1579 5077 γενόμενος
1616 5009 1681 5060 ὲκ
1720 5023 1909 5076 γυναι-

317 5097 439 5161 κὸς,
466 5097 531 5150 ἶν’
565 5097 801 5168 ἐπείπερ
835 5097 1069 5164 αἵματος
1102 5099 1198 5150 καὶ
1222 5098 1424 5169 σαρκὸς
1452 5097 1818 5167 κεκοινώνηκε
1840 5097 1908 5151 τὰ

316 5186 533 5252 παιδία,
571 5186 850 5240 τουτέστιν
913 5188 1072 5256 ἡμεῖς
1097 5227 1112 5251 ,
1157 5188 1250 5239 καὶ
1293 5186 1454 5250 αὐτὸς
1510 5185 1909 5257 παραπλησίως

322 5279 576 5348 μετάσχῃ
589 5278 699 5330 τῶν
716 5277 906 5343 ὄντων,
929 5299 946 5329 ι
960 5277 1078 5331 ’Ίνα
1099 5277 1185 5332 διὰ
1206 5277 1300 5330 τοῦ
1324 5277 1556 5332 θανάτου
1581 5279 1908 5350 καταργήσῃ

318 5371 416 5422 τὸν
449 5369 508 5421 16
545 5369 741 5439 κράτος
774 5368 966 5438 ἔχοντα
994 5368 1090 5422 τοῦ
1119 5369 1373 5428 Θανάτου,
1399 5369 1646 5422 τουτέστι
1679 5367 1770 5420 τὸν
1791 5367 1908 5421 διά-

320 5461 501 5523 ϐολον,
537 5460 629 5511 καὶ
661 5460 947 5531 ἀπαλλάξῃ
968 5459 1209 5526 τούτους,
1239 5462 1352 5514 ὅσοι
1387 5461 1536 5531 φόϐῳ
1568 5460 1800 5514 θανάτου
1822 5459 1910 5512 διὰ

325 5550 532 5614 παντὸς
560 5551 653 5603 τοῦ
697 5549 796 5621 ζῇν
819 5589 833 5612 ,
877 5552 1052 5621 ἔνοχοι
1089 5547 1230 5621 ἦσαν
1268 5551 1530 5615 δουλείας.
1559 5571 1576 5601 ι
1630 5545 1757 5603 Ὧδε
1801 5549 1910 5619 γὰρ

323 5641 433 5710 ἔφη
464 5641 522 5693 16
570 5642 809 5711 Γράίιμα
841 5640 901 5693 16
934 5642 1096 5712 ἱερόν.
1142 5645 1202 5695 0i
1231 5643 1289 5695 δὲ
1320 5643 1418 5712 τῆς
1444 5642 1587 5694 οῦτω
1621 5641 1908 5712 παγκάλης

400 5837 447 5869 ⁸⁸
475 5840 490 5893 l
515 5838 638 5893 Cor.
671 5853 756 5898 xv,
780 5840 889 5896 3-8.

336 5907 375 5936 "
398 5909 580 5966 "IBDI‘J
609 5926 643 5970 ι,
676 5909 758 5974 Μ,
803 5911 885 5964 iii.

969 5843 1012 5872 "
1038 5844 1165 5898 ibid.
1201 5841 1388 5897 12-135.

1470 5837 1514 5893 “_
1541 5839 1556 5893 l
1584 5837 1737 5890 Joan.
1781 5851 1852 5897 tv,
1882 5835 1972 5890 l—‘5

2012 4632 2063 4686 in
2121 4633 2545 4687 incarnationem
2611 4631 2708 4689 Dei
2762 4635 3256 4706 biasphemantitnu
3307 4642 3600 4713 divinaque

2012 4723 2238 4777 consilia
2271 4723 2697 4794 improbantium
2723 4738 2824 4784 est.
2858 4729 3082 4786 Creator
3112 4731 3255 4784 enim
3287 4732 3452 4788 totius
3479 4734 3600 4788 uui-

2013 4815 2177 4876 versi,
2212 4823 2265 4868 et
2297 4813 2505 4886 largum
2538 4815 2591 4870 in
2637 4818 3064 4877 misericordiam
3111 4824 3200 4878 Dei
3235 4823 3467 4880 Verbum
3501 4842 3599 4882 ex-

2013 4902 2241 4956 inanivit
2271 4903 2532 4972 seipsum,
2567 4903 2766 4961 factum
2790 4924 2888 4978 pro
2916 4911 3070 4967 nobis
3100 4914 3260 4968 homo
3290 4914 3354 4976 ”‘,
3386 4927 3604 4971 natum-

2009 5011 2114 5066 que
2143 5012 2172 5050 e
2215 4997 2440 5053 muliere
2464 5000 2531 5064 ¹⁶,
2563 5009 2622 5053 ιιι
2651 5005 3114 5071 quemadmodum
3151 5010 3430 5079 sanguinis
3470 5025 3600 5080 par-

2013 5087 2203 5156 ticipes
2231 5089 2341 5143 sint
2375 5090 2525 5158 pueri
2553 5089 2618 5158 ",
2652 5090 2757 5148 hoc
2789 5105 2876 5150 est
2915 5112 3035 5161 nos,
3063 5099 3135 5152 ita
3161 5101 3323 5154 etiam
3351 5103 3602 5158 similiter

2012 5180 2126 5249 ipse
2163 5197 2350 5238 eorum
2381 5185 2653 5256 particeps
2690 5197 2867 5243 esset:
2897 5189 3063 5262 683
3099 5208 3118 5242 ι
3151 5191 3219 5247 Ut
3253 5207 3349 5261 per
3373 5207 3600 5250 mortem

2014 5273 2318 5328 destrueret
2354 5293 2475 5330 cum
2511 5278 2603 5346 qui
2651 5280 2883 5335 habebat
2923 5283 3115 5336 mortis
3152 5285 3461 5353 imperium,
3500 5287 3604 5342 hoc

2014 5373 2094 5417 est
2151 5365 2462 5431 diabolum;
2513 5375 2568 5419 et
2617 5367 2810 5422 liberet
2869 5384 2963 5423 eos
3024 5372 3114 5440 qui
3173 5373 3366 5427 timore
3413 5377 3606 5429 mortis

2016 5471 2111 5524 per
2139 5466 2304 5508 totam
2337 5458 2498 5512 vitam
2541 5459 2758 5513 obnoxii
2790 5471 2947 5514 erant
2984 5464 3253 5515 servituti.
3291 5483 3310 5515 ι
3350 5464 3424 5518 lla
3458 5467 3604 5521 cuitu

2018 5548 2093 5601 ait
2120 5562 2276 5601 sacra
2323 5548 2602 5616 Scriptura
2651 5551 2717 5603 ³⁸.
2765 5551 2827 5603 lli
2864 5567 2993 5606 vero
3022 5554 3287 5622 optimum
3330 5555 3432 5610 hoc
3463 5572 3604 5624 pra:-

2018 5639 2526 5706 8tautissimumque
2554 5640 2643 5694 Dei
2679 5642 2985 5707 consilium,
3019 5654 3276 5712 tauquam
3302 5660 3491 5714 parum
3515 5649 3606 5701 do-

2075 5837 2116 5865 ¹¹¹
2142 5836 2370 5905 Philipp.
2409 5853 2466 5903 ιι,
2502 5837 2551 5894 7.

2634 5839 2675 5870 ³⁸
2701 5839 2877 5895 Gaint.
2915 5855 2985 5902 tv.
3013 5841 3065 5895 4.
3148 5843 3188 5874 ι’
3223 5839 3384 5896 Hebr.
3424 5857 3484 5906 II,
3526 5845 3609 5903 Η.
