4036 6336
320 502 459 559 μετ

1409 490 1502 548 DE
1535 485 2054 548 'INCARNA'HONE
2101 479 2478 544 UNIGENITI.

3463 476 3600 534 “98

319 619 500 691 ρδς.ἡ
544 618 629 673 τοῦ
675 619 882 688 κόσμου
928 613 1172 684 σωτηρία
1220 611 1315 665 καὶ
1344 611 1457 681 ζωὴ
1483 649 1496 671 ,
1528 611 1621 664 καὶ
1680 608 1896 662 διόλωλε

2020 604 2217 673 [uident
2238 610 2319 657 est
2333 615 2432 671 pro
2456 598 2631 665 nobis,
2649 613 2822 666 neque
2840 595 3143 651 resurrexit
3160 593 3429 650 Christus.
3445 594 3599 662 Quod

318 711 602 774 παντελῶς
647 713 679 780 ἡ
717 710 825 761 τῶν
853 710 908 760 ὲν
941 708 1122 760 πίστει
1173 702 1589 774 κεκοιμημένων
1625 701 1799 764 ἐλπίς.
1830 698 1902 754 EG

319 806 428 876 γάρ
462 799 561 858 ὧδε
590 803 732 872 ἔχειν
767 801 940 854 ἐδόκει
971 801 1065 852 καὶ
1096 799 1173 867 τῷ
1207 796 1464 868 μακαρίῳ
1502 793 1721 864 Παύλῳ,
1758 807 1901 864 παρ-

320 896 497 949 έδωκα
522 894 629 965 γὰρ
653 893 802 962 ὑμῖν,
827 898 1012 961 φησιν,
1035 891 1092 942 ὲν
1118 888 1377 960 πρώτοις,
1398 887 1426 939 ὃ
1451 886 1546 939 καὶ
1571 883 1901 955 παρέλαϐον,

322 989 406 1041 ὅτι
437 985 671 1056 Χριστὸς
718 984 988 1036 ἀπέθανεν
1037 980 1180 1050 ὑπὲρ
1226 978 1335 1032 τῶν
1385 977 1670 1048 ἁμαρτιῶν
1722 973 1900 1045 ἡμῶν,

320 1079 462 1134 κατὰ
488 1079 586 1140 τὰς
614 1076 858 1147 Γραφάς,
891 1073 984 1126 καὶ
1012 1072 1095 1125 ὅτι
1131 1069 1329 1139 ἐτάφη,
1363 1068 1459 1123 καὶ
1489 1067 1570 1120 ὃτι
1605 1065 1904 1136 ἐγήγερται

317 1174 384 1240 τῇ
416 1169 597 1240 ἡμέρᾳ
624 1171 688 1238 τῇ
729 1167 909 1236 τρίτῃ,
952 1162 1093 1216 κατὰ
1127 1161 1227 1224 τὰς
1251 1159 1493 1231 Γραφὰς,
1524 1158 1618 1212 καὶ
1643 1157 1724 1210 ὅτι
1747 1155 1900 1227 ὤφθη

320 1263 507 1331 Κηφᾷ,
543 1257 661 1312 εἶτα
679 1261 792 1321 τοῖς
816 1257 1046 1318 δώδεκα,
1086 1255 1274 1306 ἔπειτα
1306 1251 1462 1320 ὤφθη
1491 1249 1675 1302 ἐπάνω
1702 1264 1900 1300 πεντα-

320 1351 523 1413 κοσίοις
563 1349 817 1418 ἀδελφοῖς
850 1344 1086 1416 ἐφάπαξ,
1113 1344 1171 1407 ἐξ
1199 1337 1271 1395 ὧν
1299 1344 1348 1395 ol
1371 1340 1613 1402 πλείονες
1651 1338 1902 1409 μένουσιν

319 1441 425 1504 ἓως
457 1440 600 1510 ἄρτι,
634 1439 776 1499 τινες
810 1437 868 1490 δὲ
909 1437 1000 1490 καὶ
1029 1434 1424 1504 ἐκοιμήθησαν.
1473 1432 1704 1484 Ἔπειτα
1745 1429 1900 1499 ὤφθη

336 1531 594 1600 ’ῐακὼ6ῳ.
628 1530 820 1581 ἔπειτα
858 1529 970 1590 τοῖς
996 1525 1315 1586 ἀποστόλοις
1364 1524 1552 1587 πᾶσιν,
1595 1521 1820 1592 ἔσχατον
1847 1521 1900 1573 δὲ

321 1623 558 1683 πάντων,
582 1621 825 1689 ὡσπερεί
845 1635 921 1686 τῳ
941 1614 1274 1686 ἐκτρώματι,
1296 1615 1481 1684 φησὶν,
1501 1611 1656 1682 ὤφθη
1675 1614 1742 1665 κά
1754 1612 1860 1682 μοί.
1878 1631 1895 1663 ι

323 1714 433 1764 Καὶ
465 1711 580 1781 μεθ’
603 1711 765 1779 ’ἐτερα
806 1707 991 1760 πάλιν·
1029 1725 1046 1756 t
1089 1707 1149 1758 Ei
1178 1705 1232 1758 δὲ
1267 1704 1498 1775 Χριστὸς
1539 1705 1899 1775 κηρύσσεται,

319 1805 403 1857 ὅτι
433 1805 495 1854 ὲκ
534 1798 744 1870 νεκρῶν
778 1799 1098 1868 ἐγήγερται,
1139 1795 1258 1858 πῶς
1298 1793 1548 1862 λέγουσιν
1579 1795 1637 1846 ὲν
1668 1793 1798 1862 ὑμῖν
1824 1810 1902 1845 τι·

2005 704 2152 750 rerte
2185 695 2230 748 si
2263 702 2322 746 ut
2353 705 2538 747 verum
2568 691 2908 757 admittatur,
2929 689 3088 757 periit
3111 686 3494 752 lides,sublata
3517 700 3602 742 est

2004 803 2161 851 t-rux,
2182 785 2365 839 mundi
2391 783 2536 839 salus
2559 799 2622 838 ac
2641 784 2748 836 vita
2770 803 2783 850 ;
2805 791 2963 853 atque
2981 781 3030 836 in
3046 783 3359 836 universum
3392 781 3602 834 interiit

2002 894 2190 932 eorum
2229 877 2318 947 qui
2357 877 2410 930 in
2451 877 2555 929 fide
2585 876 2995 931 obdormierunt
3016 889 3157 942 spes.
3187 872 3265 927 Ita
3299 873 3445 928 enim
3477 888 3600 926 sese

2008 985 2119 1024 rem
2143 970 2363 1034 habere,
2382 968 2546 1022 etiam
2572 967 2731 1023 beato
2753 966 2924 1021 Paulo
2961 965 3135 1021 visum
3169 972 3251 1020 est
3284 983 3300 1020 :
3329 982 3349 1016 ι
3375 963 3598 1019 Tradidi

2005 1063 2170 1126 enim,
2201 1060 2394 1129 inquit,
2438 1060 2592 1113 vobis
2629 1060 2679 1114 in
2728 1059 2920 1129 primis
2953 1059 3096 1125 quod
3127 1066 3183 1112 et
3211 1059 3418 1126 accepi,
3469 1073 3604 1126 quo-

2005 1154 2148 1205 niam
2179 1150 2428 1207 Christus
2453 1160 2695 1206 mortuus
2716 1160 2797 1206 est
2815 1167 2914 1222 pro
2940 1153 3105 1224 682
3132 1150 3371 1222 peccatis
3402 1151 3604 1204 nostris

2006 1243 2303 1296 secundum
2327 1240 2637 1310 Scripturas
2666 1263 2676 1297 :
2714 1252 2766 1296 et
2799 1245 2940 1311 quod
2970 1244 3216 1311 sepultus
3243 1251 3348 1307 est,
3378 1250 3431 1297 et
3459 1243 3601 1309 quod

2007 1333 2303 1388 resurrexit
2325 1331 2484 1386 tertia
2504 1332 2588 1386 die
2610 1335 2910 1388 secundum
2934 1331 3268 1404 Scripturas,
3290 1343 3343 1387 et
3369 1333 3512 1402 quod
3530 1333 3603 1385 vi-

2003 1438 2098 1478 sus
2121 1436 2202 1479 est
2221 1424 2438 1496 Copbm,
2464 1441 2527 1480 ac
2555 1435 2736 1494 postea
2768 1427 3072 1482 duodecim.
3107 1427 3310 1481 Deinde
3343 1427 3491 1481 visus
3521 1439 3604 1481 est

2005 1516 2121 1584 plus
2139 1531 2299 1585 quam
2323 1517 2634 1587 quingentis
2659 1517 2916 1574 fratribus
2937 1519 3130 1586 simul,
3146 1535 3209 1573 ex
3231 1519 3427 1587 quibus
3449 1519 3603 1574 multi

2006 1617 2226 1660 manent
2272 1623 2443 1678 usque
2495 1611 2691 1674 adhuc,
2741 1611 2960 1680 quidam
3009 1622 3189 1665 autem
3237 1611 3595 1665 dormierunt.

2010 1697 2210 1752 Deinde
2259 1701 2406 1754 visus
2429 1708 2514 1754 est
2540 1699 2768 1766 Jucobo,
2800 1702 2997 1757 deinde
3028 1702 3291 1773 apostolis
3313 1704 3568 1758 omnibus
3588 1748 3601 1769 ,

2005 1789 2301 1846 novissime
2329 1800 2511 1846 autem
2536 1794 2778 1847 omnium
2810 1803 3066 1864 tanquam
3098 1796 3371 1857 abortivo.
3404 1793 3602 1865 inquit.

319 1909 435 1954 νες,
465 1892 546 1941 ὅτι
573 1889 865 1950 ἀνάστασις
900 1885 1110 1956 νεκρῶν
1143 1885 1239 1937 οὐκ
1268 1884 1446 1949 ἔστιν;
1482 1885 1529 1936 εἰ
1566 1882 1622 1935 δὲ
1653 1883 1903 1935 ἀνάστα-

2020 1883 2153 1936 risus
2169 1893 2252 1937 est
2273 1891 2327 1937 et
2345 1884 2472 1939 mihi
2490 1884 2552 1937 ".
2567 1904 2585 1936 ι
2607 1885 2669 1938 Et
2688 1886 2845 1954 paulo
2864 1897 3010 1955 post:
3034 1906 3052 1938 ι
3078 1886 3133 1940 Si
3153 1898 3331 1941 autem
3352 1888 3605 1944 Christus

322 1999 406 2042 σις
435 1981 646 2050 νεκρῶν
675 1981 775 2032 οὐκ
803 1980 970 2042 ἐστιν,
1001 1977 1122 2029 οὐδὲ
1152 1975 1386 2046 Χριστὸς
1416 1976 1727 2046 ἐγήγερται.
1760 1974 1822 2025 Εἰ
1846 1973 1904 2026 δὲ

2020 1975 2351 2040 πωιιίοιιιιιιι,
2369 1976 2510 2046 quod
2531 1980 2827 2032 resurrexit
2849 1994 2876 2031 a
2901 1980 3132 2035 mortuis
3153 2023 3168 2046 ,
3194 1981 3465 2049 quomodo
3488 1983 3604 2050 qui-

321 2070 552 2143 Χριστὸς
574 2070 673 2122 οὐκ
704 2070 1021 2137 ἐγήγερται,
1043 2065 1200 2119 κενὸν
1223 2065 1330 2135 ἄρα
1350 2065 1409 2116 τὸ
1438 2065 1700 2134 κήρυγμα
1721 2060 1900 2131 ἡμῶν,

322 2164 455 2236 κενὴ
496 2163 590 2216 καὶ
621 2164 653 2232 ἡ
678 2161 857 2222 πίστις
882 2160 1059 2230 ἡμῶν.
1095 2156 1481 2228 Εὑρισκόμεθα
1502 2156 1559 2208 δὲ
1594 2155 1690 2209 καὶ
1714 2153 1907 2223 ψευδο·

324 2256 600 2325 μάρτυρες
637 2251 732 2304 τοῦ
763 2250 920 2310 Θεοῦ,
963 2251 1046 2301 ὅτι
1077 2249 1268 2318 ἤγειρε
1317 2247 1410 2298 τόν
1432 2245 1685 2317 Χριστὸν,
1717 2245 1775 2296 ὃν
1807 2243 1907 2296 οὐκ

323 2344 566 2415 ἡγειρεν,
597 2341 755 2411 εἴπερ
777 2340 884 2410 ἄρα
913 2339 1099 2408 νεκροὶ
1127 2339 1227 2390 οὐκ
1262 2337 1590 2406 ἐγείρονται.
1629 2353 1647 2387 ι
1671 2333 1907 2403 Τεθναίη

315 2435 433 2504 γάρ
467 2433 552 2496 ἂν,
586 2433 705 2486 εἰπέ
744 2449 855 2502 μοι,
889 2431 1014 2484 τίνα
1058 2430 1122 2498 δὴ
1157 2428 1360 2500 τρόπον
1393 2429 1427 2498 ἡ
1453 2427 1617 2486 σκιά;
1651 2425 1774 2489 Πῶς
1815 2421 1908 2478 οῦν

320 2524 591 2595 ἀνέστησε
617 2524 708 2576 τὸν
746 2522 982 2595 Χριστὸν
1014 2523 1043 2573 ὁ
1079 2521 1268 2592 Πατὴρ
1289 2558 1303 2578 ,
1354 2519 1514 2573 σκιὰν
1538 2519 1667 2572 ὄντα
1699 2518 1794 2571 καὶ
1826 2517 1912 2570 δός

321 2631 504 2684 κησιν,
542 2614 638 2666 καὶ
674 2616 786 2676 τοῖς
806 2612 900 2665 τοῦ
938 2613 1167 2666 θανάτου
1203 2613 1422 2680 δεσμοῖς
1455 2613 1555 2681 οὐχ
1594 2610 1905 2681 ἁλώσιμονς

321 2709 570 2778 Οἰχέσθω
599 2708 662 2778 δὴ
694 2703 786 2760 οὖν
818 2707 847 2757 ὁ
885 2706 1108 2758 ἐκείνων
1134 2705 1360 2774 ἔμετος,
1405 2703 1573 2772 μῦθον
1611 2705 1669 2756 δὲ
1708 2703 1907 2768 ἄλλως,

321 2803 417 2854 καὶ
447 2800 664 2853 ἀνοσίου
718 2798 914 2869 βουλῆς
964 2796 1404 2866 ἁποὸράσματα,
1457 2795 1525 2848 τὰ
1563 2796 1692 2864 παρ’
1728 2796 1911 2857 αὐτοῖς

323 2892 610 2963 ἡγώμεθα.
643 2893 783 2953 Τοὺς
828 2893 935 2960 γὰρ
968 2889 1241 2951 τοιούτους
1282 2890 1411 2958 ἡμῖν
1457 2886 1911 2960 προκαταμηνὺει

322 2986 552 3053 γράφων
591 2983 684 3035 τοῦ
714 2983 964 3051 Σωτῆρας
988 2982 1015 3031 ό
1047 2978 1317 3050 μαθητὴς,
1360 2979 1442 3031 ὅτι
1489 2996 1507 3030 ι
1557 2978 1747 3030 Πολλοὶ
1781 2976 1914 3047 ψευ-

324 3074 660 3144 δοπροφῆται
695 3072 1081 3136 ἐξεληλύθασιν
1116 3073 1196 3134 εἰς
1218 3071 1310 3122 τὸν
1355 3070 1578 3140 κόσμον.
1627 3071 1716 3122 Ἑν
1738 3071 1914 3140 τούτῳ

326 3166 658 3233 γινώσκεται
681 3165 741 3217 τὸ
776 3164 1002 3232 Πνεῦμα
1028 3163 1122 3215 τοῦ
1143 3163 1297 3215 Θεοῦ.
1330 3164 1443 3216 Πᾶν
1478 3163 1703 3234 Πνεῦμα
1728 3163 1757 3217 ὃ
1781 3165 1913 3234 ὁμο-

324 3259 474 3326 λογεῖ
519 3256 729 3327 Ἰησοῦν
775 3256 1010 3325 Χριστὸν
1040 3257 1098 3307 ἐν
1142 3255 1307 3326 σαρκὶ
1347 3254 1675 3326 ἐληλυθότα,
1710 3257 1776 3308 ἐκ
1815 3254 1910 3308 τοῦ

326 3348 464 3401 Θεοῦ
491 3349 626 3399 ἐστι.
668 3366 686 3398 ι
726 3347 835 3399 Καὶ
863 3345 1018 3397 τοῦτό
1065 3347 1181 3396 ἐστι
1214 3345 1274 3397 τὸ
1299 3344 1394 3398 τοῦ
1455 3345 1847 3415 Ἀντιχρίστου,
1883 3344 1912 3397 ὃ

325 3441 603 3510 ἀκηκόατε
634 3440 716 3492 ὅτι
749 3439 970 3509 ἔρχεται
993 3481 1006 3502 ,
1048 3441 1140 3491 καὶ
1165 3438 1260 3490 νῦν
1303 3440 1360 3491 ὲν
1395 3437 1474 3509 τῷ
1528 3438 1719 3508 κόσμῳ
1765 3437 1914 3490 ἐστὶν

327 3535 451 3607 ἠδη.
478 3535 538 3586 Εἰ
568 3533 676 3604 γάρ
705 3533 780 3604 μὴ
817 3532 1041 3601 γέγονεν
1065 3531 1375 3601 ἄνθρωπος,
1414 3533 1553 3602 μήτε
1589 3531 1696 3601 μὴν
1718 3529 1915 3584 ἀναδέ-

329 3626 498 3694 σηκεν
530 3627 586 3677 ὲν
617 3625 781 3695 σαρκὶ
829 3624 967 3695 πρὸς
1006 3624 1099 3676 τὸν
1129 3626 1186 3675 ὲν
1236 3627 1346 3687 τοῖς
1397 3625 1646 3694 οὐρανοῖς
1693 3622 1914 3693 Πατέρα

330 3713 427 3764 καὶ
457 3712 612 3778 Θεὸν,
664 3713 775 3764 οὐδ’
830 3711 897 3764 ἂν
944 3711 1340 3781 ὑποστρέψειεν
1401 3712 1461 3776 ἐξ
1496 3710 1729 3782 οὐρανοῦ
1790 3710 1914 3764 καθ’

330 3805 501 3874 ἡμᾶς,
524 3804 808 3874 ἄνθρωπος
838 3804 1084 3872 δηλονότι
1120 3804 1211 3856 καὶ
1243 3807 1301 3857 ὲν
1333 3804 1523 3875 σαρκί.
1548 3805 1618 3856 Ἢ
1633 3804 1736 3857 οὐκ
1751 3804 1915 3874 ἀτρε-

330 3896 404 3965 κῆ
443 3913 525 3948 σοι
557 3897 718 3964 φάναι
748 3895 927 3961 δοκῶ;

2008 2065 2130 2120 dam
2156 2065 2341 2121 dicunt
2371 2068 2422 2120 in
2454 2068 2605 2124 vobis
2631 2070 2885 2140 quoniam
2913 2072 3241 2126 resurrectio
3267 2082 3604 2126 mortuorum

2009 2170 2114 2209 non
2150 2156 2270 2211 est?
2312 2157 2367 2211 Si
2398 2167 2576 2213 autem
2628 2161 2960 2216 resurrectio
2991 2173 3328 2218 mortuomm
3363 2181 3468 2218 non
3497 2179 3603 2222 est.

2011 2260 2186 2314 neque
2205 2246 2455 2302 Christus
2475 2250 2785 2304 resurrexit.
2813 2248 2867 2304 Si
2897 2260 3078 2305 autem
3108 2251 3358 2306 Christus
3384 2272 3488 2307 non
3527 2272 3609 2307 re.-

2010 2335 2273 2396 surrexit.
2304 2337 2483 2394 inanis
2513 2350 2596 2394 est
2634 2355 2767 2410 ergo
2815 2341 3128 2410 prmdicatio
3172 2353 3377 2408 nostra,
3429 2344 3608 2398 inanis

2011 2436 2095 2480 est
2134 2435 2188 2480 et
2233 2428 2364 2482 ﬁdes
2394 2438 2613 2498 nostra;
2654 2431 2960 2486 invenimur
2990 2443 3168 2486 autem
3203 2445 3256 2487 et
3290 2433 3406 2488 falsi
3441 2445 3608 2491 teStes

2014 2515 2133 2583 Dei,
2162 2514 2418 2588 quoniam
2458 2523 2824 2576 testimonium
2851 2523 3090 2579 diximus
3123 2527 3384 2583 adversus
3418 2527 3605 2592 Deum,
3692 2555 3696 2559 “

2015 2611 2157 2677 quod
2189 2611 2536 2668 suseitat‘erit
2568 2614 2870 2672 Christum.
2897 2631 3057 2685 quem
3094 2633 3197 2671 non
3223 2622 3533 2686 suscitavit,
3563 2625 3608 2677 si

2015 2699 2213 2753 mortui
2246 2718 2349 2752 non
2385 2713 2674 2771 resurgunt
2701 2704 2765 2758 η,
2799 2723 2817 2756 ι
2847 2706 3094 2770 Quonam
3124 2709 3270 2763 enim
3303 2719 3482 2780 pacto,
3507 2712 3576 2765 ob

2015 2806 2197 2857 secro,
2230 2793 2499 2848 moriatur
2537 2795 2776 2850 umbra?
2810 2799 3089 2864 Quomodo
3139 2801 3302 2870 igitur
3326 2803 3610 2857 suscitavit

2015 2883 2290 2937 Christum
2331 2883 2513 2951 Pater,
2544 2903 2666 2940 eum
2713 2889 2903 2942 umbra
2950 2900 3156 2945 tantmn
3201 2902 3254 2946 et
3286 2893 3607 2965 imaginaria

2017 2975 2262 3044 quasdam
2299 2980 2614 3047 apparentia
2644 2992 2813 3045 esset,
2855 2993 2909 3038 et
2957 2985 3150 3040 mortis
3176 2986 3408 3042 vinculis
3435 2987 3609 3043 obno-

2018 3067 2143 3122 xius
2190 3083 2295 3123 non
2327 3070 2513 3124 esset?
2557 3071 2751 3126 Procul
2794 3073 2958 3143 igitur
2991 3075 3224 3130 facessat
3262 3077 3477 3132 illorum
3517 3095 3610 3132 vo-
3659 3097 3663 3101 ·

2020 3161 2193 3220 mitio.
2241 3161 2369 3230 quin
2405 3162 2583 3232 potius
2638 3162 2872 3218 fabulam
2918 3165 3178 3236 impiique
3209 3169 3374 3222 animi
3416 3170 3607 3225 ebulli-

2023 3252 2194 3304 tiones
2227 3253 2624 3307 existimemus.
2663 3255 2936 3324 Ejusmodi
2970 3258 3112 3310 enim
3143 3260 3300 3314 nobis
3328 3270 3488 3316 antea
3520 3262 3614 3315 deo

2019 3342 2244 3410 scripsit
2293 3341 2601 3398 Servatoris
2647 3345 2814 3399 nostri
2857 3347 3155 3417 discipulus
3206 3368 3218 3402 :
3262 3369 3280 3402 ι
3314 3349 3490 3418 Multi,
3531 3354 3615 3407 in-

2022 3434 2235 3501 quiens,
2288 3437 2774 3506 pseudoprophette
2824 3441 3076 3494 exierunt
3127 3443 3175 3493 in
3217 3446 3502 3504 mundum.
3558 3447 3612 3500 In

2023 3529 2124 3581 hoc
2170 3528 2523 3596 cognoscitur
2569 3528 2808 3598 Spit-itus
2859 3533 2971 3588 Dei.
3025 3534 3216 3591 Omnis
3251 3539 3477 3604 spiritus
3520 3541 3612 3609 qui

2021 3621 2312 3675 conﬁtetur
2337 3620 2521 3675 Jesum
2553 3622 2827 3678 Christum
2868 3627 2920 3680 in
2947 3643 3113 3684 carne
3145 3631 3382 3694 venisse.
3409 3647 3473 3687 ex
3507 3633 3616 3687 Dm

2021 3721 2129 3767 est.
2180 3728 2198 3761 ι
2238 3712 2302 3764 Et
2341 3712 2523 3767 omnis
2565 3715 2788 3783 spiritus
2818 3720 2910 3787 qui
2946 3734 3051 3796 qon
3079 3722 3372 3777 confitetur
3397 3722 3612 3791 Jesum,

2022 3818 2088 3857 ex
2124 3803 2230 3856 Deo
2256 3819 2360 3857 non
2388 3813 2490 3858 est.
2524 3805 2703 3875 Atque
2729 3807 2833 3861 hoc
2868 3820 2945 3863 est
2985 3811 3052 3864 de
3080 3813 3445 3877 Antechristo.
3471 3821 3614 3885 quod

2025 3894 2278 3958 audistis,
2313 3895 2570 3964 quoniam
2625 3897 2824 3959 veniet,
2863 3911 2916 3952 et
2951 3917 3094 3956 nunc
3138 3903 3250 3973 jam
3306 3906 3358 3958 itt
3417 3911 3618 3961 mundo

330 4004 416 4047 est
450 3992 515 4044 “.
553 4011 570 4042 ι
608 3991 662 4045 Si
693 3994 837 4046 enim
866 3994 1026 4045 homo
1060 3992 1234 4046 factus
1266 4007 1371 4046 non
1419 4000 1524 4058 est,
1573 4004 1745 4060 neque
1813 3990 2055 4045 ascendit
2087 3990 2136 4042 in
2207 4005 2372 4044 carne
2407 3991 2459 4044 in
2504 3992 2672 4046 ctelos
2714 3994 2777 4047 ad
2831 3992 3047 4050 Patrem
3095 4014 3157 4054 ac
3209 4000 3401 4066 Deum,
3441 4019 3618 4075 neque

332 4091 514 4146 redire
548 4089 734 4158 poterit
771 4105 835 4142 ex
865 4091 1005 4144 coelo
1035 4090 1189 4144 nobis
1217 4088 1428 4154 similis,
1462 4089 1624 4144 homo
1652 4088 1932 4153 nimirum,
1969 4097 2023 4141 et
2055 4086 2106 4138 in
2137 4101 2321 4140 carne.
2359 4086 2514 4142 Anne
2544 4088 2637 4142 tibi
2682 4103 2803 4143 vera
2846 4091 3025 4146 dicere
3060 4095 3287 4148 videor?

406 4187 468 4241 Β.
500 4187 611 4240 Καὶ
641 4186 808 4252 μάλα.

406 4281 472 4332 Α.
501 4280 576 4331 To
602 4278 658 4331 δὲ
680 4277 745 4349 δὴ
768 4277 861 4330 καὶ
891 4277 1110 4350 ἑτέρους
1140 4275 1346 4330 οἴεσθαί
1377 4293 1438 4329 τε
1472 4275 1566 4329 καὶ
1589 4276 1805 4346 φρονεῖν
1860 4272 1921 4338 ἐξ

330 4370 648 4439 άμετρὴτου
679 4367 927 4431 νωθείας,
956 4368 1169 4435 γένεσιν
1205 4367 1302 4437 μὲν
1349 4364 1650 4436 άνῄνασθαι
1687 4365 1788 4437 τὴν
1833 4364 1921 4418 διὰ

332 4459 436 4528 τῆς
472 4459 633 4526 ἁγίας
668 4458 946 4528 Παρθένου
971 4500 985 4524 ,
1016 4458 1108 4510 τὸν
1134 4459 1198 4510 ὲκ
1220 4456 1356 4510 Θεοῦ
1395 4456 1567 4525 φύντα
1603 4457 1793 4525 Λόγον,
1827 4457 1922 4508 καὶ

2096 4179 2156 4234 Β.
2197 4180 2450 4236 Omnino.

2098 4272 2163 4324 Α.
2205 4271 2356 4336 Quod
2383 4287 2508 4326 vero
2532 4273 2622 4327 alii
2653 4289 2718 4328 ex
2747 4275 3009 4332 immensa
3040 4279 3274 4349 quadam
3299 4282 3617 4353 stupiditate

2031 4362 2264 4416 Verbum
2301 4378 2362 4418 ex
2417 4360 2527 4419 Deo
2569 4367 2809 4436 genitum
2861 4371 3009 4424 nasci
3054 4387 3120 4426 ex
3171 4385 3356 4428 sancta
3397 4374 3619 4448 Virgine

2031 4454 2288 4517 noluisse,
2319 4464 2374 4508 et
2408 4465 2655 4510 naturam
2684 4468 2925 4514 nostram
2973 4464 3268 4531 respuisse,
3314 4467 3407 4521 sed
3437 4469 3619 4537 potius

334 4521 500 4620 φῦσιν
521 4521 802 4620 ⁷ιξιτιμάσιίιι
853 4521 1122 4620 τὴννκαθ’
1166 4552 1334 4620 ἡμᾶς,
1372 4521 1821 4622 παρατετράφθαι
1867 4548 1912 4601 δὲ

2031 4556 2295 4628 mutatum
2332 4548 2506 4616 ipsum
2539 4547 2594 4603 in
2636 4564 2854 4604 carnem
2905 4561 3181 4608 terrenam
3230 4521 3613 4616 contendunt:

340 4644 541 4714 μᾶλλον
575 4644 739 4695 αὑτὸν
776 4645 855 4704 είς
878 4642 975 4713 τὴν
1006 4642 1115 4695 άπὸ
1134 4641 1238 4711 γῆς
1263 4641 1463 4713 σάρκα,
1493 4641 1924 4713 δυσφημούντων

336 4736 460 4788 ἐστὶ
480 4736 579 4804 τὴν
604 4735 938 4804 οἰκονομίαν,
967 4736 1059 4788 καὶ
1078 4738 1189 4798 τοῖς
1213 4734 1378 4798 θείοις
1409 4736 1723 4804 σκέμμασιν
1746 4739 1925 4788 ἐπιτι-

340 4828 451 4897 μᾷν
479 4826 790 4896 ᾑρημένων.
833 4827 892 4879 Ὀ
922 4827 1020 4896 μὲν
1043 4827 1150 4897 γὰρ
1174 4827 1281 4880 τῶν
1305 4827 1441 4881 ὅλων
1464 4827 1814 4898 δημιουργὸς,
1831 4828 1925 4881 καὶ

341 4916 512 4979 πολὺς
538 4918 614 4978 εἰς
651 4915 800 4968 ἔλεον
829 4917 923 4970 τοῦ
945 4916 1082 4970 Θεοῦ
1121 4917 1325 4986 Λόγος,
1370 4917 1677 4970 κεκένωκεν
1713 4917 1926 4984 ἑαυτὸν,

339 5008 413 5062 δι’
444 5010 592 5079 ἡμᾶς
630 5009 922 5079 γενόμενος
966 5009 1274 5081 ἄνθρωπος,
1309 5010 1600 5079 γενόμενος
1638 5011 1702 5062 ὲκ
1741 5025 1930 5078 γυναι-

342 5100 460 5164 κὸς,
487 5100 553 5152 ἶν’
586 5099 822 5171 ἐπείπερ
857 5100 1091 5167 αἵματος
1123 5101 1218 5153 καὶ
1243 5100 1446 5171 σαρκὸς
1474 5099 1839 5169 κεκοινώνηκε
1861 5099 1930 5153 τὰ

342 5189 554 5255 παιδία,
593 5189 872 5242 τουτέστιν
934 5190 1093 5258 ἡμεῖς
1119 5231 1134 5254 ,
1179 5190 1273 5241 καὶ
1314 5188 1476 5252 αὐτὸς
1531 5187 1930 5259 παραπλησίως

348 5282 597 5351 μετάσχῃ
611 5280 720 5332 τῶν
738 5279 928 5346 όντων,
951 5301 967 5331 ι
982 5279 1100 5334 Ἵνα
1120 5280 1207 5333 διὰ
1227 5279 1322 5332 τοῦ
1346 5280 1578 5334 θανάτου
1602 5281 1930 5351 καταργήσῃ

343 5373 438 5425 τὸν
471 5372 530 5424 τό
566 5372 763 5441 κράτος
795 5371 987 5441 ἔχοντα
1016 5370 1112 5424 τοῦ
1140 5371 1395 5430 θανάτου,
1420 5371 1668 5424 τουτέστι
1701 5370 1792 5423 τὸν
1813 5369 1930 5422 διά-

344 5463 523 5526 ὗολον,
558 5463 650 5514 καὶ
683 5462 968 5533 ἀπαλλάξῃ
990 5461 1230 5529 τούτους,
1260 5464 1373 5516 ὅσοι
1409 5463 1557 5532 φόϐῳ
1590 5463 1822 5516 θανάτου
1843 5461 1932 5514 διὰ

349 5553 554 5616 παντὸς
582 5553 674 5605 τοῦ
718 5551 817 5623 ζῇν
841 5591 854 5615 ,
899 5554 1074 5623 ἔνοχοι
1110 5549 1251 5623 ἦσαν
1290 5554 1552 5617 δουλείας.
1580 5573 1597 5604 ι
1651 5547 1778 5604 Ὧδε
1823 5551 1932 5621 γάρ

346 5643 454 5713 ἔφη
485 5644 544 5696 τὸ
591 5645 830 5713 Γράμμα
863 5643 923 5696 τὸ
956 5644 1118 5715 ἱερόν.
1163 5646 1224 5697 Oi
1253 5644 1310 5696 δὲ
1342 5645 1439 5714 τῆς
1466 5644 1608 5697 οὕτω
1642 5643 1929 5714 παγκάλης

423 5840 469 5871 ⁸⁸
496 5842 510 5896 Ι
536 5841 659 5896 Cor.
692 5856 777 5902 xv,
801 5842 911 5898 3.8.

355 5909 397 5940 "
420 5911 601 5969 lleht'.t
630 5929 663 5974 ι,
696 5912 778 5976 14,
824 5915 908 5966 lii.

991 5845 1034 5874 ¹³
1061 5845 1187 5900 ibid.
1223 5843 1410 5899 {2-15.

1492 5840 1536 5895 "5
1563 5841 1578 5895 I
1606 5838 1758 5893 Joan.
1802 5853 1874 5899 tv,
1903 5837 1994 5892 1-5

2033 4634 2084 4688 in
2142 4635 2567 4689 incarnationem
2633 4635 2730 4692 Dei
2783 4637 3276 4708 blasphemantium
3327 4644 3621 4715 divinaque

2033 4725 2260 4778 consilia
2292 4725 2718 4796 improbantium
2745 4741 2846 4786 est.
2879 4731 3103 4788 Creator
3133 4733 3276 4786 enim
3309 4735 3472 4790 totius
3501 4737 3621 4790 uni-

2034 4817 2198 4877 versi.
2233 4825 2286 4870 et
2319 4815 2527 4888 largum
2560 4818 2613 4872 in
2658 4820 3084 4879 misericordiam
3132 4826 3221 4880 Dei
3257 4825 3488 4882 Verbum
3522 4844 3621 4884 ett-

2034 4905 2263 4958 inanivit
2291 4906 2554 4974 seipsum,
2588 4905 2787 4964 factum
2811 4926 2909 4980 pro
2937 4913 3091 4968 nobis
3121 4916 3281 4970 homo
3311 4916 3375 4978 "‘.
3407 4929 3625 4973 natum-

2030 5014 2135 5068 que
2165 5014 2194 5052 e
2236 4999 2461 5055 muliere
2486 5002 2552 5066 ¹⁶,
2585 5012 2643 5055 ut
2673 5007 3135 5073 quemadmodum
3172 5012 3451 5081 sanguinis
3491 5028 3620 5083 par-

2035 5089 2225 5159 ticipes
2252 5091 2362 5145 sint
2397 5093 2546 5161 pueri
2575 5092 2639 5160 ",
2673 5092 2778 5150 hoc
2811 5107 2897 5153 est
2935 5114 3056 5163 nos,
3085 5101 3156 5154 ita
3181 5103 3344 5155 etiam
3372 5104 3624 5160 similiter

2033 5181 2148 5252 ipse
2185 5199 2371 5239 eorum
2403 5187 2675 5258 particeps
2711 5199 2890 5245 esset:
2918 5191 3084 5263 683
3121 5210 3140 5244 ι
3172 5193 3241 5249 Ut
3274 5209 3370 5263 per
3394 5209 3621 5252 mortem

2035 5275 2340 5331 destrueret
2375 5294 2498 5332 cum
2533 5281 2624 5348 qui
2671 5282 2904 5336 habebat
2945 5285 3136 5338 mortis
3173 5286 3483 5354 imperium,
3522 5289 3625 5345 hoc

2035 5375 2116 5419 est
2173 5366 2484 5433 diabolum;
2535 5378 2589 5422 ct
2638 5368 2831 5424 liberet
2890 5385 2984 5424 eos
3046 5373 3136 5441 qui
3194 5374 3388 5429 timore
3434 5379 3627 5432 mortis

2039 5473 2133 5526 per
2161 5467 2326 5512 totam
2359 5460 2520 5514 vitam
2563 5461 2780 5515 obnoxii
2811 5473 2968 5516 erant
3005 5465 3274 5517 servituti.
3312 5485 3331 5517 ι
3371 5466 3446 5521 Ita
3480 5469 3625 5523 enim

2039 5550 2115 5602 ait
2142 5565 2297 5603 sacra
2344 5550 2624 5618 Scriptura
2673 5552 2738 5605 '°.
2786 5553 2848 5605 Ili
2886 5569 3014 5608 vero
3043 5556 3308 5624 optimum
3351 5558 3454 5612 hoc
3485 5574 3625 5627 pra:-

2040 5641 2547 5708 stantissitnumque
2575 5642 2665 5695 Dei
2702 5644 3007 5710 consilium,
3041 5656 3296 5715 tauquam
3323 5662 3513 5716 parum
3536 5652 3627 5704 de-

2096 5838 2138 5868 ”
2164 5838 2392 5907 Philipp.
2431 5855 2488 5905 tt,
2524 5839 2572 5895 ἴ.

2655 5841 2697 5871 ⁸⁸
2723 5840 2898 5895 Galat.
2936 5859 3008 5907 tv,
3036 5845 3088 5898 4.
3170 5846 3210 5877 ¹’
3244 5842 3408 5898 Hebr.
3446 5860 3506 5907 tt,
3548 5847 3629 5904 Η.
