4036 6336
503 461 639 520 “99
1473 454 1530 509 S.
1572 452 1840 509 CYRILLI
1883 453 2097 508 ALEXA

2141 452 2342 507 iDRlNi
2384 452 2695 510 :‘lliClilEi’.
3607 455 3735 509 lilii)

505 598 630 636 coro
669 579 970 634 institutum
993 575 1270 639 damnant,
1306 583 1357 629 et
1391 575 1609 644 perinde
1639 590 1700 628 ac
1737 575 1779 628 si
1811 575 1909 643 ipsi
1956 592 2064 627 me—

2171 576 2261 626 καὶ
2292 575 2516 645 ἀρίστης
2562 574 2756 642 βουλῆς
2803 589 2861 624 το
2915 575 3158 642 ἀπρεπὲς
3217 574 3585 642 καθυρίςουσι,
3642 581 3733 627 καὶ

507 675 636 725 liora
692 672 998 737 excogitare
1047 667 1275 734 possint,
1328 667 1492 735 ipsius
1540 669 1814 735 sapientiae
1849 667 2061 721 decreta

2163 666 2350 736 ὥσπερ
2385 668 2503 718 ἐνὸν
2534 668 2718 728 αὐτοῖς
2751 666 2815 718 τὰ
2844 665 3048 734 ἀμείνω
3078 669 3324 734 φρονεῖν,
3367 667 3458 716 καὶ
3495 669 3609 728 τοῖς
3636 666 3731 731 τῆς

445 799 448 803 -
505 765 825 830 improbant.
873 759 1054 829 Neque
1095 761 1238 814 enim
1289 773 1354 812 ex
1401 769 1552 826 partu
1594 758 1828 823 Virginis
1865 759 2039 811 editun

2165 757 2352 826 σοφίας
2381 759 2669 828 ἐπιτιμῶσι
2702 757 3000 825 σκέμμασι.
3029 758 3115 822 Μὴ
3153 757 3260 823 γὰρ
3291 757 3354 824 δὴ
3395 757 3590 825 χρῆναι
3645 755 3732 807 λέ-

511 856 736 907 Verbum
770 852 1184 905 existimandum
1233 860 1451 903 censent
1493 867 1506 903 :
1544 850 1635 903 sed
1681 852 1856 918 potius
1908 850 2062 903 Verbi

2162 868 2348 917 γουσιν
2377 853 2539 904 ὠδῖνα
2571 853 2662 904 καὶ
2692 853 2845 903 τόκον
2873 851 2961 902 τὸν
2989 851 3050 901 ἐκ
3082 868 3213 917 γυνα
3242 851 3334 911 κος
3364 851 3733 920 καταγράφειν

504 956 745 997 naturam
789 943 840 995 in
877 943 1050 997 debile
1089 944 1188 994 hoc
1226 955 1421 1007 corpus
1454 938 1886 992 transformatam
1924 952 2060 997 esse,

2164 944 2309 1012 ἡμᾶς
2337 943 2430 994 τοῦ
2461 943 2814 1010 Μονογενοῦς,
2849 942 3052 994 οἴεσθαι
3075 942 3130 992 δὲ
3158 941 3357 1010 μᾶλλον
3383 942 3478 1010 τὴν
3512 941 3602 992 τοῦ
3631 942 3730 994 Λο-

503 1046 554 1088 et
591 1035 937 1087 mutationem
972 1033 1326 1100 imaginantur
1351 1029 1467 1096 ejus
1499 1029 1549 1082 in
1583 1045 1738 1096 quem
1775 1029 1915 1082 nulla
1946 1045 2062 1080 llltt-

2167 1051 2260 1100 γον)
2292 1034 2451 1100 φύσιν
2482 1035 2559 1096 είς
2597 1035 2657 1084 τὸ
2704 1033 2900 1102 σαθρὸν
2943 1032 3003 1101 δὴ
3034 1030 3191 1083 τοῦτο
3224 1033 3734 1100 μετεστοιχειῶσθαι

503 1126 630 1178 latio
653 1124 817 1179 cadit.
849 1123 1082 1177 Firmata
1112 1121 1253 1175 enim
1292 1131 1451 1188 atque
1481 1119 1710 1172 stabilita
1742 1129 1825 1172 est
1855 1119 1946 1171 Dei
1975 1135 2065 1170 na-

2168 1123 2342 1191 σώμα,
2383 1122 2472 1174 καὶ
2505 1121 2710 1191 τροπὴν
2734 1121 3097 1188 φαντάζονται
3126 1119 3217 1171 τοῦ
3243 1119 3447 1189 τροπήν
3474 1121 3573 1172 οὐκ
3597 1120 3735 1172 είδο-

505 1225 617 1269 tura
655 1217 703 1268 in
734 1213 966 1283 propriis
1005 1213 1116 1267 suis
1156 1212 1328 1276 bouis,
1359 1221 1409 1264 et
1453 1209 1858 1262 immutabiliter
1884 1208 1935 1261 in
1969 1223 2066 1262 suo

2164 1230 2272 1274 τος.
2328 1215 2667 1282 Ἐρήρεισται
2703 1212 2809 1282 γὰρ
2839 1215 2869 1280 ή
2902 1211 3036 1262 Θεοῦ
3071 1211 3230 1278 φύσις
3286 1214 3343 1262 ὲν
3397 1212 3548 1266 ἰδίοις
3598 1213 3735 1277 ἀγα-

502 1316 640 1360 statu
682 1315 974 1375 permanet.
1019 1303 1212 1356 Natura
1247 1303 1387 1354 enim
1422 1310 1622 1362 creata,
1674 1314 1898 1368 quaeque
1934 1309 2066 1352 tern-

2167 1303 2309 1367 θοῐς,
2385 1304 2479 1356 καὶ
2541 1303 2930 1356 ἀκατάσειστον
2997 1303 3108 1371 ἔχει
3175 1305 3270 1372 τὴν
3331 1302 3414 1370 ὲιρ”
3485 1297 3566 1363 οἷς
3624 1305 3736 1353 ἐστι

502 1413 628 1463 pore
657 1399 720 1450 ad
753 1411 869 1450 esse
907 1397 1144 1450 traducta
1192 1403 1297 1456 est,
1351 1391 1633 1445 mutationi
1679 1390 1909 1444 obnoxia
1960 1397 2063 1456 est,

2165 1394 2443 1462 διαμονήν.
2473 1395 2638 1456 Φύσις
2672 1394 2768 1462 μὲν
2803 1392 2964 1462 γάρὴ
3004 1393 3226 1462 γενητή,
3259 1394 3353 1444 καὶ
3387 1393 3560 1462 χρόνῳ
3593 1411 3738 1463 παρ-

502 1500 729 1555 vereque
763 1487 814 1538 id
842 1485 905 1538 de
928 1484 1188 1554 ejusmodi
1218 1496 1274 1536 re
1301 1481 1404 1534 dici
1428 1481 1615 1549 possit.
1644 1479 1774 1532 Nam
1809 1479 2064 1549 quidquid

2166 1483 2439 1552 ενεχθεῖσα
2464 1483 2597 1552 πρὸς
2625 1482 2872 1552 ὕπαρξιν,
2898 1481 3057 1533 πάθοι
3093 1483 3158 1534 ἂν
3188 1483 3284 1552 τήν
3316 1482 3620 1543 ἀλλοίωσιν,
3647 1482 3737 1532 καὶ

499 1577 790 1632 exsistendi
821 1577 1137 1645 principium
1167 1574 1394 1642 accepit,
1418 1573 1465 1626 ei
1491 1574 1650 1625 etiam
1675 1572 2066 1640 quodammodo

2165 1573 2264 1624 οὐκ
2306 1573 2410 1638 ἔξω
2465 1573 2626 1640 λόγου
2665 1572 2760 1624 τοῦ
2797 1572 3126 1639 καθήκοντος
3157 1590 3216 1623 τε
3262 1573 3356 1622 καὶ
3398 1571 3631 1641 ἀληθοῦς
3679 1573 3738 1622 το

498 1670 719 1723 insitum
750 1679 853 1733 est,
885 1677 941 1721 ιιι
976 1665 1166 1719 mutari
1197 1666 1384 1735 possit.
1413 1665 1549 1718 Deus
1579 1677 1706 1716 vero
1736 1664 1823 1730 qui
1853 1678 2065 1716 omnem

2167 1663 2354 1734 χρῆμα
2384 1664 2640 1717 κείσεται.
2677 1663 2748 1716 Τὸ
2776 1664 2880 1734 γὰρ
2911 1663 3078 1732 ἀρχὴν
3111 1664 3244 1726 ὅλως
3267 1663 3362 1715 τοῦ
3385 1658 3523 1714 εἶναι
3555 1663 3736 1731 λαχδν,

500 1764 820 1817 intellectum
867 1768 1101 1827 superat,
1140 1768 1192 1811 et
1223 1758 1592 1810 exsistcntiam
1631 1756 1696 1809 ab
1741 1765 1859 1809 ortu
1907 1766 2065 1822 atque

2165 1756 2328 1808 οἱονεί
2364 1773 2479 1817 πως
2512 1755 2608 1825 ήδη
2636 1755 2728 1806 καὶ
2761 1754 3203 1822 συνεσπαρμένον
3239 1755 3349 1822 ἔχει
3397 1754 3457 1804 τὸ
3491 1753 3738 1805 ἀλλοιοῦ-

499 1855 713 1908 ittteritu
739 1851 958 1906 liberam
986 1850 1167 1913 liabet,
1185 1849 1331 1902 ornni
1359 1848 1651 1900 mutatione
1678 1848 1922 1915 superior
1946 1857 2070 1910 est;

2169 1846 2291 1898 σθαι
2331 1845 2459 1898 δεῖν.
2494 1846 2624 1906 Θεὸς
2651 1845 2707 1897 δὲ
2741 1847 2768 1897 6
2797 1846 2997 1907 παντὸς
3025 1845 3281 1898 ἐπέκεινα
3317 1844 3435 1906 νοῦ,
3468 1847 3738 1910 γενέσεως

496 1953 568 2008 et,
600 1943 765 1998 veluti
797 1941 1023 2010 propriae
1052 1955 1160 1995 sua:
1193 1950 1396 1993 natura:
1443 1939 1648 1992 ratione
1675 1939 1855 1992 omnia
1885 1948 2065 1992 creata

2169 1939 2263 1990 καὶ
2313 1938 2515 2010 φθορᾶς
2570 1939 2666 2008 τὴν
2704 1939 2933 2009 ὓπαρξιν
2991 1939 3129 2007 ἔχων
3163 1936 3506 2008 ἐξῃρήμὲνήν
3550 1953 3607 1987 τε
3647 1933 3739 1988 καὶ

499 2036 652 2101 longe
707 2031 939 2096 excedit,
998 2041 1052 2082 et
1115 2031 1329 2098 quidem
1397 2029 1886 2097 incomparabiliter
1933 2044 1948 2082 :
1995 2030 2064 2082 ita

2170 2031 2586 2101 ὑπερίσχουσαν,
2620 2031 2856 2100 ἀμείνων
2888 2033 3034 2083 ἔσται
3058 2033 3150 2083 καὶ
3175 2031 3400 2099 τροπῆς,
3432 2028 3528 2080 καὶ
3553 2029 3737 2097 ὥσπερ

495 2124 658 2179 etiam
696 2123 748 2176 in
786 2123 852 2176 iis
888 2136 1005 2190 qua!
1034 2120 1299 2174 creaturis
1339 2120 1434 2173 abs
1462 2132 1519 2172 se
1550 2116 1783 2171 conditis
1821 2118 2066 2172 accidere

2165 2122 2242 2190 τῷ
2284 2122 2382 2190 τῆς
2435 2122 2566 2185 ιδίας
2597 2123 2808 2190 φύσεως
2865 2123 3028 2193 λόγῳ,
3078 2123 3275 2184 παντὸς
3320 2116 3473 2190 οἶμαί
3504 2139 3605 2173 που
3644 2120 3736 2172 τοῦ

496 2215 686 2278 solent,
721 2213 874 2279 longe
931 2210 1225 2274 antecellit;
1265 2209 1501 2276 nullique
1545 2208 1621 2261 rei
1660 2223 1777 2275 qua:
1808 2208 2060 2261 darunum

2165 2212 2504 2281 κεκλημένον
2529 2213 2663 2280 πρὸς
2694 2215 2906 2280 γένεσιν
2930 2212 3347 2284 ὑπερανέστηκε
3377 2211 3471 2264 καὶ
3501 2213 3739 2283 ὑπερφέ-

495 2305 694 2360 inferre
745 2302 911 2371 possit
957 2301 1222 2354 obnoxius
1270 2310 1370 2354 est.
1422 2299 1644 2352 Deitatis
1697 2299 1876 2367 itaque
1925 2298 2062 2353 bona

2167 2319 2340 2372 ρεται,
2374 2302 2468 2355 καὶ
2502 2302 2657 2355 τοῦτο
2700 2303 3052 2371 ἀσυγκρίτοις
3105 2303 3418 2372 διαφοραῖς,
3464 2303 3607 2355 οὕτω
3639 2309 3739 2357 κάν

493 2407 618 2452 sunt
666 2395 815 2447 ﬁrma
859 2407 922 2446 ac
977 2390 1208 2444 Stabilia.
1247 2391 1628 2444 Creaturarum
1687 2406 1833 2456 vero,
1868 2392 2064 2444 altera-

2163 2397 2273 2456 τοῖς
2325 2395 2540 2447 εἰωθόσι
2589 2394 2911 2464 συμϐαίνειν
2966 2397 3078 2456 τοῖς
3114 2393 3181 2446 δι’
3233 2393 3398 2445 αὑτοῦ
3453 2396 3734 2461 γεγονόσι,

494 2487 728 2541 tionibus
779 2484 1272 2551 mutatioaibusque
1319 2483 1577 2550 subjecta,
1627 2493 1680 2535 et
1731 2481 2062 2548 corruptioui

2164 2485 2581 2555 ὑπερανεστήξει
2614 2486 2775 2539 πάλιν
2797 2526 2811 2550 ,
2845 2486 3038 2537 παθεῖν
3063 2486 3161 2537 οὐκ
3200 2484 3356 2546 είδως
3399 2485 3461 2537 τὸ
3499 2490 3738 2553 πεξυκός

492 2579 689 2632 vicina.
717 2576 866 2642 Quod
908 2575 1119 2642 quidem
1160 2575 1360 2640 optime
1396 2573 1700 2642 intelligens
1736 2575 2061 2626 rectissime—

2163 2577 2387 2630 ἀδικεῖν.
2420 2575 2650 2640 Οὐκοῦν,
2693 2578 2749 2629 ἐν
2775 2576 2997 2645 ἀγαθοῖς
3027 2578 3124 2646 μὲν
3150 2576 3208 2628 τὸ
3233 2576 3374 2628 θεῖον
3404 2577 3735 2646 ἀμεταπτώ-

493 2683 595 2738 que
617 2681 795 2723 secum
816 2667 1085 2718 :estimans
1109 2665 1363 2732 propheta
1388 2661 1667 2725 Jeremias,
1696 2663 1767 2715 ita
1801 2664 1862 2715 ad
1899 2663 2062 2716 Dentri

2162 2683 2271 2729 τοις
2308 2666 2442 2719 ἐστί.
2468 2667 2548 2718 Τά
2562 2667 2615 2719 δέ
2646 2685 2707 2735 γε
2731 2669 2828 2737 τῆς
2859 2669 3110 2729 κτίσεως,
3134 2670 3190 2719 ἐν
3214 2668 3495 2720 ἀλλοιώσει
3517 2671 3609 2722 καὶ
3623 2688 3736 2740 τρο-

493 2759 795 2812 exclamat:
831 2756 908 2809 Tu
958 2756 1174 2822 quidem
1219 2753 1458 2807 insidens
1490 2753 1742 2806 saeculum
1776 2773 1788 2807 :
1829 2769 1926 2807 tius
1971 2769 2062 2805 an-

2165 2762 2313 2820 παῖς,
2342 2759 2632 2828 ἀγχίθυρον
2665 2761 2854 2828 ἔχοντα
2876 2759 2972 2830 τὴν
3010 2763 3388 2830 τπαραφθοράν.
3440 2765 3551 2816 Καὶ
3583 2765 3737 2818 τοῦτο

500 2860 601 2902 tem
631 2850 914 2916 perdentes
949 2847 1223 2900 smeulum.
1273 2841 1435 2896 Sedet
1479 2844 1621 2896 enim
1660 2843 1819 2896 veluti
1855 2843 1904 2894 in
1939 2858 2064 2909 prn-

2164 2848 2444 2917 γινώσκων
2473 2845 2530 2903 εὖ
2559 2850 2726 2917 μάλα,
2754 2853 2847 2903 καὶ
2870 2852 2944 2914 ὼς
2971 2851 3165 2921 ἄριστα
3200 2854 3503 2921 φιλοσὸςων
3535 2858 3564 2907 6
3610 2874 3741 2926 προ-

495 2941 621 3009 priis
651 2942 865 2994 sedibus
888 2956 1096 3006 semper
1123 2937 1281 3001 Deus,
1308 2937 1587 2989 dominans
1610 2943 1768 3002 atque
1794 2935 2065 3002 imperans

2167 2943 2342 3011 φήτης
2359 2941 2624 3011 Ἱερεμίας
2649 2942 2911 3009 ἀνεφώνει
2936 2943 3068 3012 πρὸς
3091 2943 3239 3005 θεὸν,
3260 2947 3338 2996 ὅτι
3357 2966 3374 2994 ‹
3399 2948 3468 2997 Σὺ
3492 2947 3740 3017 καθήμε-

493 3033 761 3094 erunibus,
798 3031 1045 3098 nullaque
1083 3029 1292 3082 ali‘eclio
1325 3028 1374 3080 in
1406 3043 1526 3080 eum
1563 3025 1844 3095 imperium
1884 3027 2062 3077 habet.

2166 3048 2251 3091 νος
2296 3031 2384 3082 τὸν
2418 3031 2608 3094 αἰῶνα,
2645 3032 2739 3083 καὶ
2769 3034 2924 3101 ἡμεῖς
2958 3033 3316 3103 ἀπολλύμενοι
3354 3035 3444 3088 τὸν
3471 3037 3674 3089 αἰῶνα·
3715 3056 3735 3090 r

491 3121 600 3177 Nos
630 3137 754 3176 vero
786 3138 906 3175 cum
944 3132 1128 3174 natura
1171 3119 1374 3187 praediti
1408 3122 1575 3172 simus
1624 3133 1782 3186 quam
1832 3119 2064 3170 maxime

2165 3120 2469 3174 καθεδεῖται
2498 3123 2606 3192 γὰρ
2636 3122 2822 3193 ὥσπερ
2847 3125 2904 3176 ἐν
2938 3123 3087 3186 ίδίοις
3127 3125 3310 3186 θάκοις
3342 3125 3403 3177 τὸ
3439 3125 3581 3180 θεῖον
3630 3129 3739 3189 ἀεὶ,

494 3213 560 3264 ad
605 3211 977 3264 alteratinncm
1023 3209 1480 3274 mutationemque
1517 3206 1754 3275 proclivi,
1788 3207 2062 3273 perdimus

2167 3212 2446 3286 βασιλεῦον
2481 3213 2573 3263 καὶ
2605 3215 3113 3285 κατακρατοῦντιῖη
3139 3217 3296 3278 ὅλων,
3325 3218 3417 3269 καὶ
3453 3219 3556 3270 ὑπὸ
3611 3220 3741 3288 μήδ-

493 3301 765 3362 sacculum,
803 3301 900 3352 hoc
929 3307 1032 3361 est,
1082 3300 1132 3350 in
1181 3298 1368 3365 quovis
1410 3309 1649 3365 tempore
1683 3297 2058 3364 corruptibiles

2165 3302 2277 3365 ενὺς
2312 3303 2416 3354 τῶν
2438 3304 2624 3355 παθῶν
2655 3304 3101 3372 τυραννούμενον.
3159 3307 3343 3373 Ἡμεῖς
3371 3307 3428 3358 δὲ
3459 3308 3555 3376 τὴν
3582 3309 3741 3376 φύσιν

495 3393 882 3458 mutabilcsque
907 3404 1111 3442 smnus.
1169 3387 1349 3441 Deitas
1397 3389 1576 3456 itaque
1628 3387 1773 3440 nullo
1825 3401 2058 3456 unquam

2166 3395 2572 3465 εὑτροχωτατήν
2615 3413 2671 3447 τε
2705 3396 2798 3447 καὶ
2835 3396 3218 3465 εὑπαρὲιςορον
3252 3401 3444 3469 κομιδῇ
3485 3401 3618 3470 πρὸς
3650 3403 3743 3453 ἀλ-

496 3497 732 3552 tempore
779 3483 970 3536 mutari
1008 3491 1202 3549 potest,
1239 3496 1414 3548 neque
1442 3481 1544 3532 ulla
1592 3479 1872 3533 affectione
1905 3497 1932 3532 a
1965 3496 2058 3534 sua

2166 3485 2378 3537 λοίωσιν
2405 3487 2618 3555 ἔχοντες
2649 3488 2742 3538 καὶ
2776 3489 3002 3557 τροπήν,
3030 3488 3380 3557 ἀπολλύμεθα
3412 3491 3502 3542 τὸν
3547 3494 3739 3557 αἰῶνα,

496 3574 747 3628 ﬁrmitate
776 3573 1030 3652 dimoveri
1051 3589 1064 3633 ς
1087 3588 1114 3624 e
1138 3571 1412 3624 contrario
1432 3571 1800 3637 corruptibilis
1828 3572 2059 3624 mutabi-

2166 3578 2443 3629 τουτέστιν
2470 3620 2482 3641 ,
2515 3580 2571 3628 ἐν
2607 3579 2767 3632 παντὶ
2815 3578 2990 3646 καιρῷ
3037 3580 3129 3630 καὶ
3180 3582 3375 3650 χρόνῳ,
3413 3582 3642 3652 φθαρτοί
3685 3586 3744 3638 τέ

498 3669 686 3732 lisque,
734 3669 832 3717 boc
880 3673 980 3726 est,
1019 3673 1196 3715 creata
1239 3672 1451 3724 natura,
1504 3662 1775 3715 cssenuali
1813 3663 2057 3715 ittttntttu-

2169 3667 2333 3735 ἐσμεν
2357 3668 2448 3719 καὶ
2476 3668 2716 3738 τρεπτοί.
2748 3666 2872 3720 Οΰτ’
2894 3665 2986 3720 οὖν
3014 3668 3074 3720 τὸ
3105 3667 3244 3722 θεῖον
3274 3672 3331 3721 ἐν
3357 3677 3741 3740 παρατροπαῖς

498 3760 700 3811 bilitate
724 3757 941 3824 praedita
967 3768 1087 3808 esse
1111 3771 1214 3809 non
1238 3763 1430 3823 potest,
1450 3767 1621 3822 neque
1643 3755 1836 3807 divina:
1859 3766 2060 3807 natura:

2166 3759 2358 3824 γένοιτ’
2383 3759 2447 3811 ἄν
2475 3775 2601 3811 ποτε
2645 3761 2742 3827 τῆς
2795 3759 2928 3821 ίδίας
2973 3760 3312 3830 ὲδραιὸτητος
3361 3762 3597 3825 ἐξωσθὲν
3631 3765 3736 3818 ὑπό

495 3851 755 3902 bonorum
787 3846 1122 3915 possessione
1149 3845 1388 3914 gloriari.
1419 3845 1608 3899 Audiet
1641 3845 1783 3916 enim
1820 3846 2013 3898 merito
2043 3862 2056 3896 :

2165 3863 2257 3897 του
2297 3847 2405 3898 τῶν
2457 3845 2662 3909 παθῶν,
2698 3845 2807 3897 οὔτ’
2840 3847 2905 3898 ἂν
2955 3848 2987 3916 ἡ
3036 3845 3248 3916 φθαρτή
3283 3864 3338 3898 τε
3367 3850 3459 3900 καὶ
3500 3850 3745 3902 ἀλλοιου-

491 3935 657 4009 684
699 3935 878 4002 «Ωιιίά
929 3936 1068 3988 enim
1119 3935 1318 3997 trabes,
1367 3936 1508 4004 quod
1564 3950 1668 3987 non
1724 3935 2053 4002 accepisti?»

2171 3938 2306 4005 μένη
2328 3975 2342 3998 ,
2377 3937 2655 3989 τουτέστιν
2705 3939 2736 4006 ἡ
2770 3937 2992 4007 γενητὴ,
3035 3938 3527 4009 καταπλουτήσειεν
3564 3940 3627 3992 ἂν
3654 3942 3745 3993 οὐ·

494 4029 642 4094 ριιοιι
681 4042 805 4080 vero
842 4027 1189 4080 immutabilis
1242 4026 1460 4080 Omnino
1520 4027 1591 4079 sit
1639 4023 1795 4079 Verbi
1835 4038 2056 4087 natura,

2169 4025 2334 4095 σιώδη
2385 4026 2482 4097 τήν
2530 4025 2811 4095 ἀτρεψίαν,
2865 4027 3064 4080 οὐδ’ἀν
3116 4030 3444 4098 ἐπαυχήσειε
3493 4034 3607 4094 τοῖς
3645 4035 3745 4103 τῆς

499 4119 768 4173 mutabilis
807 4131 981 4171 autem
1028 4132 1248 4188 prorsus
1295 4127 1497 4179 creata,
1536 4117 1788 4171 facillime
1828 4119 1947 4184 quis
1981 4118 2060 4170 in-

2168 4118 2317 4178 θείας
2353 4117 2563 4186 φύσεως
2595 4119 2816 4184 ἀγαθοῖς
2845 4118 2917 4180 ὡς
2941 4118 3149 4188 ίδίοιςή
3183 4120 3379 4182 κτίσις.
3425 4122 3743 4176 Ἀκούσεται

501 4213 702 4282 telligat
745 4226 773 4265 e
813 4211 1006 4263 ῡωωε
1051 4211 1100 4262 in
1149 4210 1336 4279 spiritu
1382 4223 1609 4264 canente
1653 4227 1666 4263 :
1711 4228 1729 4260 ι
1760 4209 1889 4264 Cteli
1937 4224 2058 4277 per-

2166 4210 2273 4278 γάρ
2300 4209 2558 4276 εὐλόγως·
2599 4226 2617 4259 ‹
2660 4209 2722 4259 Τί
2757 4209 2864 4278 γὰρ
2895 4209 3060 4278 ἔχεις,
3091 4210 3120 4260 ὃ
3164 4211 3264 4262 οὐκ
3298 4212 3520 4276 ἔλαθες
3560 4234 3578 4263 ›
3619 4215 3740 4268 ’Ὁτι

493 4303 668 4365 ibunt,
720 4312 773 4355 tu
813 4313 990 4354 autem
1045 4301 1406 4369 permanebis,
1441 4311 1496 4354 et
1542 4316 1729 4354 omnes
1783 4309 1839 4353 ut
1894 4304 2058 4354 vesti-

2165 4301 2217 4352 δέ
2252 4303 2396 4351 ἐστιν
2436 4299 2704 4369 ἄτρεπτος
2746 4299 2844 4369 μὲν
2874 4299 2968 4351 καὶ
3005 4299 3359 4363 ἀναλλοίωτος
3390 4305 3668 4368 naves).th
3708 4308 3739 4375 ὴ

494 4405 731 4446 mentum
784 4402 1120 4445 veterascent
1177 4408 1190 4443 :
1241 4401 1293 4443 et
1349 4392 1489 4444 sicut
1541 4393 1868 4458 Opertorium
1938 4409 2055 4444 mu-

2165 4392 2256 4444 τοῦ
2309 4393 2466 4458 ὶὸγου
2508 4391 2688 4460 φύσις,
2744 4389 3007 4460 ἀλλοιωτὴ
3041 4391 3095 4442 δὲ
3127 4393 3401 4455 παντελῶς
3449 4395 3481 4462 ή
3515 4397 3739 4466 γενητή,

495 4484 632 4535 tabis
659 4498 774 4548 eos,
809 4493 860 4535 et
906 4482 1271 4535 mutabuntur.
1311 4481 1388 4534 Tu
1427 4490 1603 4534 autem
1658 4482 1795 4534 idem
1837 4484 1947 4549 ipse
1977 4497 2054 4545 es,

2166 4485 2507 4554 καταθρήσαι
2539 4501 2620 4546 τις
2659 4484 2723 4536 ἂν
2760 4483 2852 4534 καὶ
2892 4482 3008 4534 λίαν
3031 4483 3285 4546 εὐκόλως,
3335 4485 3740 4555 ἀναμελῳδοῦν-

492 4584 542 4626 et
594 4575 716 4625 anni
770 4574 842 4624 tui
907 4588 1010 4625 non
1061 4572 1402 4625 deficient".
1441 4591 1458 4624 ι
1499 4571 1595 4625 libi
1651 4573 1810 4641 igitur
1863 4574 2058 4626 mansit

2166 4592 2252 4637 τος
2289 4578 2346 4627 ὲν
2388 4573 2662 4644 Πνεύματι
2697 4572 2790 4624 τοῦ
2826 4573 3096 4642 μακαρίου
3133 4573 3322 4626 Δαϐίδ·
3365 4595 3382 4624 ι
3424 4578 3484 4627 Ol
3522 4579 3738 4648 οὐρανοὶ

497 4664 726 4718 Verbum
781 4666 893 4726 Dei,
935 4665 977 4717 si
1029 4679 1154 4718 vere
1203 4663 1420 4732 dicitur,
1465 4664 1611 4731 quod
1669 4664 1908 4732 deposita
1960 4679 2054 4717 sua

2162 4667 2503 4728 ἀπολοῦνται,
2544 4668 2607 4718 σὺ
2632 4666 2688 4719 δὲ
2719 4665 3012 4733 διαμενεῖς,
3053 4665 3146 4717 καὶ
3179 4666 3378 4729 πάντες
3417 4668 3492 4729 ὼς
3526 4670 3738 4737 ἱμάτιον

493 4757 748 4809 tiriuitate
798 4766 954 4821 atque
1001 4755 1322 4816 stabilitate,
1373 4757 1436 4809 ad
1489 4757 1540 4810 id
1590 4757 1728 4825 quod
1794 4771 1897 4808 nou
1942 4766 2058 4810 erat

2162 4759 2662 4827 παλαιωθήσονται,
2707 4758 2800 4809 καὶ
2844 4759 2974 4809 ὡσεὶ
3027 4757 3370 4827 περιϐόλαιον
3408 4759 3600 4826 ἑλίξεις
3638 4763 3736 4812 αὺ-

496 4851 771 4902 traductus
805 4859 904 4912 est,
963 4849 1478 4918 trausl‘ormatnsque
1512 4858 1592 4902 est
1643 4852 1693 4903 iu
1743 4851 1922 4904 carnis
1959 4866 2056 4902 na-

2160 4852 2307 4914 τοὺς,
2335 4853 2425 4902 καὶ
2448 4849 2864 4919 ἀλλαγήσονται.
2901 4850 2972 4901 Σὺ
3001 4849 3055 4900 δὲ
3087 4852 3114 4901 6
3142 4849 3300 4911 αὐτὸς
3328 4845 3396 4912 εἴ,
3428 4852 3520 4902 καὶ
3552 4854 3616 4904 τὰ
3642 4853 3735 4922 ἔτη

495 4949 690 5004 turam,
729 4948 781 4992 et
820 4950 1014 4991 statum
1058 4939 1501 5006 corruptibilem?
1540 4942 1690 4994 Anne
1729 4944 1906 5010 potius
1959 4941 2059 4994 hoc

2165 4960 2255 4994 σου
2295 4943 2392 4995 οὐκ
2436 4941 2764 5010 ὲκλείψουσι.
2803 4960 2821 4992 ι
2861 4941 2966 4993 Ποῦ
3002 4941 3291 5012 τοιγαροῦν
3353 4944 3661 5012 μεμένηκεν
3711 4949 3737 4997 ὁ

493 5031 738 5083 delirium
772 5045 929 5098 atque
954 5032 1157 5085 insania
1189 5033 1313 5086 est?

2164 5035 2325 5097 αὑτός
2350 5036 2376 5085 6
2409 5037 2470 5086 ἐκ
2505 5033 2637 5086 Θεοῦ
2678 5034 2870 5102 Λόγος,
2903 5032 3062 5104 εἴπερ
3094 5035 3238 5086 ἐστὶν
3280 5036 3510 5103 ἀτρεκὲς
3530 5036 3734 5100 εἰπεῖν,

489 5135 570 5186 ὅτι
612 5129 791 5198 μεθεὶς
829 5130 883 5180 τὸ
904 5130 1302 5200 ὲρηρεισμένως
1355 5147 1414 5183 τε
1475 5131 1567 5183 καὶ
1593 5131 1896 5201 ἀκλονήτως
1927 5131 2090 5199 ἔχειν,
2129 5131 2566 5200 καταπεφοίτηκε
2629 5131 2728 5200 μὲν
2777 5131 2856 5191 είς
2895 5130 3032 5198 ὅπερ
3057 5129 3154 5180 οὐκ
3181 5124 3266 5196 ἦν,
3307 5130 3737 5197 μεταπεποίηται

490 5223 544 5273 δὲ
573 5222 666 5272 καὶ
702 5221 779 5282 εἰς
811 5221 1008 5289 σαρκὸς
1050 5221 1227 5289 φύσιν,
1266 5223 1358 5274 καὶ
1423 5223 1502 5286 εἰς
1563 5222 1622 5274 τὸ
1667 5221 1980 5292 φθείρεσθαι
2044 5224 2319 5292 πεφυκός
2353 5219 2477 5294 ⁷Αρ¹
2519 5217 2612 5275 οὖν
2655 5222 2774 5292 οὐχὶ
2823 5221 2988 5292 λῆρός
3060 5236 3118 5272 τε
3155 5219 3248 5270 καὶ
3293 5219 3393 5288 ἤδη
3444 5220 3538 5271 καὶ
3570 5223 3739 5286 μανία

490 5313 677 5379 ταυτί;

563 5407 620 5457 Β.
665 5407 755 5459 Est
787 5419 948 5459 certe.

2231 5411 2292 5463 Β.
2324 5410 2472 5463 Πάνυ
2497 5408 2594 5480 μὲν
2623 5406 2735 5462 οὖν.

561 5497 624 5550 Α.
669 5496 870 5549 Licebit
895 5497 1034 5549 euitn
1069 5513 1181 5565 part
1216 5499 1516 5553 temeritate
1547 5499 1744 5565 dicere,
1774 5503 1912 5570 quod
1945 5516 2049 5556 non

2229 5504 2293 5555 A.
2329 5501 2468 5570 Ὥρα
2487 5500 2594 5571 γὰρ
2623 5502 2794 5551 εἰπεῖν
2819 5501 2936 5560 ταῖς
2959 5497 3183 5550 ἐκείνων
3215 5500 3478 5568 ἀμαθίαις
3510 5501 3737 5552 ἀντιτεί-

494 5598 574 5638 est
615 5588 1011 5640 dissentaneum
1040 5629 1054 5654 ,
1108 5600 1373 5644 terrenam
1421 5606 1634 5660 quoque
1685 5604 1926 5646 naturam
1987 5595 2052 5647 ad

2161 5612 2347 5655 νοντας
2368 5592 2754 5663 ἀμαθέστερον,
2786 5592 2860 5651 ὡς
2903 5592 3046 5642 ἔστιν
3079 5591 3177 5643 οὐκ
3215 5594 3441 5654 ἀπεικὸς
3465 5633 3479 5655 ,
3516 5593 3610 5645 καὶ
3639 5592 3735 5661 τὴν

500 5676 715 5730 Deitatis
746 5686 988 5731 naturam
1011 5683 1373 5737 conscendere
1407 5699 1582 5752 posse,
1609 5695 1768 5756 atque
1812 5686 1861 5740 in
1892 5702 2050 5740 uuam

2160 5685 2265 5738 ἀπὸ
2290 5685 2393 5755 γῆς
2417 5684 2594 5754 σάρκα
2615 5684 2748 5754 πρὸς
2775 5682 2871 5753 τὴν
2898 5683 2992 5751 τῆς
3022 5682 3284 5752 Θεότητος
3321 5683 3483 5752 φύσιν
3513 5685 3734 5752 ἀναφαι-

568 5850 609 5880 "
636 5850 775 5904 l‘sal.
807 5866 877 5920 ct,
905 5851 991 5917 ‘27,
1030 5854 1118 5909 28.
