4036 6336
390 415 522 476 1301

1506 424 1593 482 DE
1634 424 2157 486 INCABNATIONE
2199 430 2577 492 UNlGENlTl.

3561 441 3585 497 l
3595 441 3702 498 9.09.

381 535 484 605 τᾷν
515 533 777 589 δύνασθαί
812 554 964 606 ποτε,
1003 540 1097 592 καὶ
1127 541 1221 612 τῆς
1263 542 1527 596 ἀνωτάτω
1550 545 1761 599 ’πασῶν
1799 546 1976 611 οὐσίας

2093 566 2216 605 cum
2259 567 2516 622 suprema
2557 568 2801 608 omnium
2835 555 3072 611 essentia
3113 556 3566 616 constitutionem
3601 575 3699 617 ve-

381 624 640 690 γενέσθαι
668 626 948 682 σύστασιν.
986 631 1046 683 Εί
1085 633 1196 702 γὰρ
1226 632 1366 702 αὑτὴ
1397 633 1498 704 τῆς
1528 634 1784 706 θεότητος
1819 638 1850 706 ή
1886 637 1986 705 φύ-

381 732 491 779 σις,
521 718 663 771 κατά
696 735 758 787 γε
785 721 886 791 τὴν
911 721 1137 776 ἐκείνων
1184 724 1610 797 ἐμϐροντησίαν,
1644 729 1726 788 είς
1754 729 1853 800 τὴν
1888 731 1987 799 τῆς

382 810 588 878 σαρκὸς
613 813 1044 885 μετακεχώρηκε
1079 815 1263 884 φύσιν,
1310 817 1464 870 οὐδὲν
1491 819 1554 871 τὸ
1583 821 1851 890 ἀπεῖργον
1882 819 1984 886 ἔτι,

379 899 482 970 τὴν
512 902 611 971 μὲν
646 903 796 957 κάτω
826 921 886 958 τε
915 907 1010 960 καὶ
1045 907 1182 961 ἰδίαν
1213 908 1377 976 φύσιν
1401 951 1415 975 ,
1449 911 1868 981 ὑπερπέτασθαι
1890 912 1986 983 τὴν

382 992 588 1062 σάρκα,
619 997 1095 1063 μεταπλὰττεσθαι
1119 1000 1175 1054 δὲ
1201 1002 1338 1069 πρὸς
1373 1002 1624 1075 θεότητα,
1661 1005 1754 1057 καὶ
1785 1006 1864 1068 είς
1899 1005 1989 1058 οὺ-

379 1083 506 1137 σίαν
529 1086 629 1156 τὴν
669 1088 956 1146 ἀνωτάτω.
997 1091 1137 1145 Ἀλλ’
1168 1094 1232 1148 οὑ
1261 1097 1384 1159 ταῖς
1411 1096 1641 1150 ἐκείνων
1671 1098 1988 1161 ἀσυνεσίαις

375 1175 442 1229 τὸ
486 1177 742 1244 εὐπειθὲς
785 1183 1165 1254 χαριούμεθα·
1200 1188 1645 1260 προσκεισόμεθα
1688 1189 1745 1243 δὲ
1783 1189 1987 1260 μᾶλλον

375 1271 502 1334 ταῖς
533 1270 707 1336 θείαις
759 1275 1031 1345 Γραφαῖς,
1082 1279 1176 1332 καὶ
1230 1282 1520 1351 προφήτου
1554 1283 1654 1353 μὲν
1685 1282 1938 1351 λέγοντος
1968 1299 1982 1313 ³

383 1377 404 1410 ι
444 1360 576 1412 Ἰδοὺ
625 1363 657 1430 ὴ
693 1363 974 1434 Παρθένος
1006 1368 1064 1418 ὲν
1091 1370 1294 1440 γαστρὶ
1334 1369 1568 1440 λήψεται
1597 1414 1610 1436 ,
1647 1375 1740 1426 καὶ
1770 1374 1986 1440 τέξεται

377 1447 532 1510 Υίὸν,
569 1450 664 1501 καὶ
705 1452 961 1517 καλέσεις
1004 1454 1066 1508 τὸ
1120 1455 1293 1527 ὄνομα
1333 1457 1502 1513 αὑτοῦ
1548 1460 1920 1534 Ἐμμανουήλ·
1961 1483 1978 1514 ι

377 1542 929 1612 κατασφραγίζοντος
975 1545 1154 1619 δὲτὴν
1187 1551 1650 1624 προαναφώνησιν
1685 1554 1780 1607 τοῦ
1809 1572 1986 1625 μακα-

377 1637 501 1705 ρίου
527 1636 772 1707 Γαϐριὴλ
795 1679 809 1703 ,
865 1639 960 1692 καὶ
1006 1643 1106 1710 τὴν
1155 1643 1365 1697 ἀνωθεν
1394 1644 1577 1716 ψῆφον
1610 1649 1676 1719 τῇ
1715 1648 1984 1720 Παρθένῳ

373 1727 831 1799 διερμηνεύοντος
857 1749 870 1761 ο
907 1750 926 1783 ι
957 1733 1048 1802 Μὴ
1082 1733 1254 1803 φοϐοῦ
1290 1735 1421 1807 γὰρ,
1456 1738 1584 1807 ἔφη.
1613 1741 1867 1811 Μαριὰμ,
1902 1743 1985 1797 ὅτι

377 1817 490 1871 ίδοὺ
513 1819 758 1891 συλλήψῃ
788 1823 846 1874 ὲν
883 1825 1102 1895 γαστρὶ,
1140 1827 1236 1879 καὶ
1263 1825 1393 1899 τέξῃ
1426 1829 1572 1896 Υἰὸν,
1613 1832 1702 1884 καὶ
1734 1833 1986 1897 καλέσεις

372 1913 438 1964 τὸ
468 1911 642 1982 ὄνομα
669 1915 837 1967 αὑτοῦ
875 1915 1087 1985 Ἰησοῦν
1112 1935 1124 1947 ·
1159 1941 1176 1969 ι
1217 1920 1282 1973 ἐκ
1322 1923 1583 1990 γυναικὸς
1628 1924 1848 1997 ἀληθῶς
1892 1944 1982 1995 γε-

373 2006 668 2076 γεννῆσθαι
710 2007 1042 2079 πιστεύομεν
1071 2009 1163 2064 τὸν
1209 2013 1583 2087 Ἐμμανουὴλ,
1621 2019 1716 2070 καὶ
1759 2020 1818 2071 τὸ
1841 2020 1982 2091 λαμ-

379 2097 520 2168 πρόν
550 2115 609 2151 τε
647 2101 742 2154 καὶ
775 2101 1109 2169 ἀξιὰγαστον
1133 2104 1234 2172 τῆς
1268 2107 1482 2162 ἑαυτῶν
1509 2108 1727 2178 φύσεως
1759 2111 1822 2164 οὐ
1854 2111 1982 2166 διω-

375 2189 588 2260 σόμεθα
610 2192 899 2266 καύχημα,
927 2194 1258 2265 φρονοῦντες
1288 2199 1488 2269 ὀρθῶς.

450 2282 509 2335 Β.
544 2284 780 2353 ’Δριστα
821 2284 981 2356 ἔφης.
1046 2285 1415 2360 Ἑπδράξατο
1447 2293 1556 2365 γὰρ
1591 2296 1619 2348 ὀ
1641 2295 1978 2367 Μονογενὴς,

370 2374 498 2444 οὐχὶ
529 2373 628 2445 τῆς
656 2375 794 2438 ἰδίας
819 2376 1036 2445 φύσεως
1157 2379 1266 2450 γὰρ
1307 2383 1374 2436 ἂν
1396 2384 1554 2437 οὐδέν
1588 2403 1642 2439 τι
1676 2388 1878 2458 μᾶλλον
1913 2389 1982 2442 τὰ

372 2466 499 2520 καθ’
529 2469 678 2538 ἡμᾶς
696 2470 753 2521 ὲν
785 2470 1250 2541 ἀμείνοσιν),ἀλλ’
1278 2474 1399 2528 οὐδὲ
1421 2477 1521 2546 τῆς
1542 2480 1815 2547 ἀγγέλων,
1848 2481 1982 2535 ἀλλὰ

371 2558 691 2629 σπέρματος
727 2560 932 2629 Ἀϐραὶ
942 2579 1002 2630 μ,
1029 2563 1174 2615 καθὰ
1206 2564 1658 2638 γέγραπται.ἿΙν
1679 2570 1788 2644 γὰρ
1812 2571 1978 2636 οὕτω,

370 2651 469 2704 καὶ
498 2652 595 2721 οὐχ
625 2651 850 2722 ἑτέρως,
885 2653 947 2706 τὸ
984 2655 1338 2729 διολισθῆσαν
1387 2662 1467 2724 είς
1523 2662 1733 2734 φθορὰν
1762 2665 1977 2720 ἀνασώ-

371 2742 571 2798 σασθαι
611 2745 790 2812 γένος.

442 2835 508 2891 Α.
529 2835 593 2889 Τί
616 2835 708 2900 δέ;
743 2838 878 2910 Οὐχὶ
901 2839 1124 2896 κάκεῖνο
1151 2845 1290 2913 πρὸς
1321 2845 1496 2900 τοῖσδε
1531 2849 1977 2917 καταθαυμάζειν

368 2926 544 2991 ἄξιον,
579 2922 624 2982 ὧ
669 2930 898 3000 Ἑρμεία
918 2951 934 3000 ;

443 3020 503 3075 Β.
547 3022 619 3077 Τὸ
648 3023 801 3076 ποῖόν
823 3041 875 3076 τι
910 3027 1053 3097 φής;

443 3113 505 3167 Δ.
533 3114 710 3168 Μόνον
741 3116 848 3189 γὰρ
878 3119 1000 3189 οὐχὶ
1023 3124 1116 3175 καὶ
1140 3123 1198 3176 τὸ
1242 3124 1520 3194 ἐρρῶσθαι
1567 3131 1874 3199 φράσαντες
1909 3136 1974 3206 τῇ

2091 644 2232 699 nire.
2266 644 2323 700 Si
2356 661 2594 715 namque
2625 645 2737 717 ipsa
2779 649 3082 706 divinitatis
3116 659 3312 708 natura
3345 652 3534 722 (juxta
3575 653 3700 710 illo-

2093 754 2210 793 rum
2260 740 2718 813 deliramentum)
2775 743 2828 798 itt
2881 744 3064 801 carnis
3121 753 3374 806 naturam
3419 748 3699 817 transivit,

2092 831 2224 886 ttibil
2248 832 2525 888 obstiterit
2552 835 2848 904 quominus
2878 834 3111 892 inferior
3136 837 3251 892 haec
3280 847 3470 893 nostra
3503 849 3700 893 natura

2092 926 2364 982 transiliat
2393 942 2640 993 carnem,
2667 938 2717 982 et
2771 929 2823 983 in
2873 929 3144 985 Deitatem
3191 939 3355 1000 atque
3386 946 3699 1001 supremam

2093 1019 2238 1072 illaut
2267 1022 2563 1076 essentiam
2605 1021 3045 1078 transforntctur.
3087 1025 3156 1076 At
3200 1038 3300 1079 nos
3346 1024 3560 1079 illorum
3613 1024 3698 1078 in-

2089 1111 2253 1180 eptiis
2285 1112 2444 1168 [idem
2472 1128 2809 1184 nequaquam
2842 1115 3258 1172 adhibebimus:
3279 1115 3374 1172 sed
3410 1116 3590 1186 potius
3618 1117 3700 1172 di-

2089 1205 2234 1259 vinis
2280 1204 2584 1276 Scriptnris
2628 1208 3066 1277 scquiescemus,
3098 1210 3364 1281 propheta
3397 1208 3562 1265 etiam
3611 1209 3699 1264 di-

2090 1306 2248 1350 eeote
2291 1315 2303 1350 :
2353 1316 2371 1350 ι
2401 1299 2541 1353 Ecce
2574 1297 2733 1367 Virgo
2782 1298 2835 1354 in
2873 1312 3030 1355 utero
3077 1299 3373 1370 concipiet,
3418 1309 3474 1356 et
3523 1302 3702 1370 pariet

2091 1385 2312 1450 Filium,
2340 1398 2395 1443 et
2427 1389 2695 1444 vocabunt
2728 1405 2927 1447 nomen
2967 1391 3088 1461 ejus
3116 1389 3434 1445 Emmanuel
3476 1391 3555 1459 '°;
3590 1409 3610 1445 ι
3645 1401 3703 1448 et

2092 1481 2252 1537 beato
2273 1481 2528 1536 Gabriele
2547 1482 2686 1537 hanc
2709 1483 3116 1552 pradictionem
3142 1483 3528 1549 conﬁrmaute,
3561 1484 3702 1540 divi-

2089 1589 2326 1644 namque
2354 1575 2689 1630 voluntatem
2732 1576 2930 1648 virgini
2967 1577 3280 1632 declaraute
3309 1596 3322 1633 :
3356 1595 3374 1629 ι
3400 1575 3478 1633 Ne
3505 1579 3700 1634 timeas

2088 1665 2259 1727 enim.
2313 1666 2510 1735 inquit,
2563 1664 2755 1731 Maria,
2807 1666 3068 1737 quoniam
3126 1681 3258 1724 ecce
3310 1668 3591 1737 concipies
3641 1669 3698 1724 in

2091 1761 2274 1814 utero,
2303 1761 2357 1806 et
2387 1753 2571 1822 paries
2612 1753 2834 1819 Filium,
2877 1766 2935 1812 et
2970 1756 3192 1813 vocabis
3225 1772 3423 1814 nomen
3456 1758 3576 1826 ejus
3606 1757 3697 1814 Je-

2091 1859 2209 1899 sum
2249 1846 2316 1898 “.
2353 1864 2369 1897 t
2408 1846 2486 1902 Ex
2522 1848 2754 1903 muliere
2787 1857 2974 1904 natum
3013 1864 3204 1905 revera
3258 1849 3536 1908 credimus
3568 1851 3700 1908 Em-

2093 1939 2433 2002 manuelem;
2471 1949 2527 1996 et
2565 1941 2909 2010 Splendidam
2954 1944 3443 2016 admirabilemqne
3470 1926 3699 2002 natura:

2091 2041 2292 2088 nostrae
2320 2033 2640 2104 dignitatem
2670 2049 2774 2091 non
2806 2035 3135 2104 rejiciemus.

2162 2299 2222 2354 Β.
2270 2301 2488 2369 Optime
2534 2301 2694 2357 dicis.
2742 2303 3117 2373 Apprebendit
3167 2304 3312 2358 enim
3368 2303 3530 2369 Deus,
3588 2320 3695 2360 non

2088 2396 2363 2464 propriam
2391 2411 2455 2450 ac
2483 2395 2810 2465 peculiarem
2849 2406 3101 2451 naturam
3129 2399 3341 2468 (neque
3363 2397 3508 2452 enim
3531 2398 3695 2468 quid-

2087 2502 2247 2556 quam
2281 2488 2348 2542 ad
2384 2504 2481 2542 nos
2512 2487 2760 2544 utilitatis
2792 2490 3175 2558 pervenisset),
3196 2491 3291 2545 sed
3322 2504 3498 2559 neque
3522 2504 3692 2560 ange-

2088 2579 2292 2642 lorum,
2342 2581 2436 2633 sed
2470 2593 2656 2634 semen
2689 2579 2947 2648 Abrahae,
2991 2581 3132 2636 sicut
3179 2582 3444 2650 scriptum
3497 2591 3580 2637 cst
3617 2582 3662 2612 "
3722 2617 3724 2620 -

2086 2669 2161 2722 Ita
2198 2670 2367 2735 enim,
2404 2680 2458 2724 et
2492 2687 2596 2725 non
2632 2670 2793 2726 aliter
2823 2686 2996 2741 genus
3024 2671 3090 2726 ad
3136 2671 3435 2742 perniciem
3473 2672 3695 2729 devolu-

2086 2772 2197 2816 tum
2228 2763 2641 2817 instaurandum
2675 2774 2815 2819 erat.

2158 2853 2222 2906 A.
2267 2851 2408 2917 Quid
2435 2867 2566 2907 vero
2587 2853 2611 2906 ?
2632 2853 2788 2908 Anne
2818 2855 2919 2909 hoc
2945 2855 3110 2910 etiam
3140 2855 3526 2912 admirandum
3558 2871 3691 2913 cen—

2082 2957 2196 3006 ses,
2225 2941 2444 2997 [let-mia
2469 2941 2493 2994 ?

2154 3033 2214 3086 Β.
2256 3034 2528 3098 Quidnam
2553 3035 2577 3087 Ἰ

2156 3126 2221 3179 Α.
2280 3124 2466 3179 Sacrae
2514 3123 2660 3179 enim
2723 3121 3023 3192 Scriptura:
3087 3125 3241 3194 quasi
3301 3126 3689 3198 valediecntes,

368 3206 719 3280 θεοπνεύστῳ
743 3211 959 3283 Γραφῇ,
981 3213 1076 3266 καὶ
1095 3215 1376 3286 πνεύμασι
1412 3221 1638 3285 πλάνοις
1660 3222 1752 3276 τὸν
1776 3225 1976 3279 οἰκεῖόν

2093 3226 2136 3274 ει
2183 3217 2471 3287 spiritibus
2507 3217 2712 3272 erroris
2753 3227 2989 3273 utentem
3037 3217 3376 3285 addicentes,
3419 3220 3586 3294 685
3625 3239 3692 3278 eo

367 3315 517 3363 τινες
553 3300 928 3373 ἀπονέμοντες
953 3304 1102 3371 νοῦν,
1135 3309 1216 3370 εἰς
1244 3309 1407 3363 τοῦτο
1433 3311 1724 3368 καθίκοντο
1749 3316 1978 3369 δυσϐου-

368 3390 491 3455 λίας
536 3393 633 3446 καὶ
670 3396 1072 3465 μειρακι-ώδους
1119 3398 1472 3471 ἀϐελτηρίας,
1514 3403 1590 3466 ὡς
1624 3407 1835 3462 οίεσθαι
1868 3409 1976 3462 δεῖν

366 3483 462 3536 τὸν
491 3484 599 3537 τῶν
620 3484 834 3540 αἰώνων
853 3487 1208 3561 δημιουργὸν,
1228 3493 1319 3546 τὸν
1337 3496 1609 3549 συναῖδιον
1629 3497 1708 3570 τῷ
1733 3499 1854 3571 Θεῷ
1882 3504 1978 3557 καὶ

373 3576 552 3648 Πατρὶ
579 3578 775 3645 Λόγον,
802 3583 869 3652 τῇ
910 3583 1010 3653 τῆς
1067 3583 1273 3654 σαρκὸς
1307 3586 1525 3655 γενέσει
1572 3606 1977 3665 συμπαρομαρ-

371 3666 579 3721 τοῦσαν
603 3669 748 3741 ἔχειν
785 3673 885 3742 τῆς
913 3674 1204 3746 ὑπάρξεως
1230 3665 1332 3749 τὴν
1355 3680 1533 3751 ἀρχὴν
1555 3721 1570 3746 ,
1616 3684 1709 3737 καὶ
1737 3685 1976 3760 ὁψιγενῆ

368 3763 745 3828 φαντάζεσθαι
768 3762 859 3816 τὸν
893 3766 1154 3820 ἐπέκεινα
1177 3769 1380 3834 παντὸς
1403 3772 1601 3838 αἰῶνος
1634 3777 1726 3829 καὶ
1745 3780 1936 3848 χρόνου
1956 3823 1971 3846 ,

366 3852 445 3916 ὡς
474 3854 534 3906 ὲν
564 3855 815 3924 ἐσχάτοις
865 3858 960 3917 καὶ
1010 3859 1168 3930 μόλις
1211 3864 1322 3927 τοῖς
1349 3864 1450 3936 τῆς
1502 3867 1975 3942 ὲνανθρωπήσεως

368 3948 603 4015 καιροῖς,
634 3948 859 4020 Πατέρα
893 3949 994 4018 μὲν
1013 3951 1270 4020 γενέσθαι
1295 3955 1387 4010 τὸν
1417 3957 1573 4024 Θεὸν,
1600 3965 1973 4019 συνεισϐαλεῖν

365 4038 423 4092 δὲ
450 4038 641 4111 ὥσπερ
672 4043 753 4104 είς
782 4043 844 4094 τὸ
874 4039 1018 4097 εἷναί
1051 4062 1114 4097 τε
1159 4048 1254 4100 καὶ
1301 4051 1602 4118 ὑφεστάναι
1655 4056 1734 4124 τῷ
1773 4059 1835 4111 ὲκ
1875 4061 1975 4129 τῆς

368 4131 649 4204 Παρθένον
707 4135 858 4205 ναῷ,
908 4137 1001 4191 τὸν
1050 4139 1122 4192 δι’
1146 4136 1207 4196 οὗ
1249 4141 1316 4195 τὰ
1343 4143 1542 4211 πάντα,
1580 4148 1674 4201 καὶ
1728 4149 1785 4202 ὲν
1831 4143 1876 4218 ᾧ
1906 4152 1973 4204 τά

368 4226 570 4282 πάντα.
599 4224 728 4301 Ἆρ’
773 4227 868 4284 οὖν
900 4232 1022 4302 οὺχὶ
1070 4234 1207 4306 πρὸς
1253 4236 1409 4305 λῆξιν
1435 4239 1536 4311 ἤδη
1580 4240 1679 4312 τὴν
1711 4243 1973 4300 ἀνωτάτω

364 4319 716 4392 διεληλάκασι
749 4324 862 4377 τῶν
883 4326 1102 4390 κακῶν,
1134 4329 1182 4379 οἱ
1223 4328 1394 4398 μῦθον
1424 4330 1570 4385 οὕτω
1607 4333 1700 4387 τὸν
1748 4337 1970 4409 γραώδη

367 4413 462 4464 καὶ
498 4412 753 4485 βδελυρὸν
784 4417 1188 4487 προχειρότατα
1223 4425 1639 4492 προσηκάμενοι
1665 4465 1679 4488 ,
1743 4429 1839 4482 καὶ
1871 4432 1970 4501 τῆς

365 4505 610 4573 ἀκράτου
663 4507 898 4571 νωθείας
951 4509 1044 4562 τὸν
1087 4513 1288 4566 οἰκεῖον
1343 4515 1755 4586 ἀναπλήσαντες
1805 4519 1968 4585 νοῦν;

2082 3311 2370 3382 imperitia
2418 3321 2475 3367 et
2518 3311 2776 3380 juvenilis
2826 3313 3155 3367 temeritatis
3202 3313 3572 3382 devenerunt,
3633 3327 3693 3371 ut

2080 3403 2450 3458 existimarint
2482 3417 2607 3457 eum
2644 3403 2735 3473 qui
2795 3403 3050 3458 conditor
3101 3412 3185 3458 est
3245 3405 3572 3462 szrculorunt
3636 3419 3694 3464 et

2079 3504 2389 3551 conuentus
2414 3493 2529 3550 Deo
2557 3505 2613 3551 et
2635 3494 2804 3561 Patri,
2833 3495 3072 3551 Verbum
3116 3497 3399 3564 nimirum,
3434 3510 3545 3555 tum
3578 3503 3686 3573 pri-

2081 3603 2226 3643 mum
2262 3589 2560 3644 exsistendi
2611 3589 2825 3645 initium
2861 3592 3170 3660 accepisse,
3221 3608 3346 3646 cum
3387 3597 3688 3650 secundum

2080 3696 2305 3738 carnem
2341 3693 2503 3738 natus
2535 3694 2643 3751 est,
2671 3695 2726 3739 et
2758 3684 2910 3739 tarde
2939 3684 3180 3754 genitum
3211 3700 3353 3749 esse,
3389 3688 3478 3756 qui
3505 3689 3689 3744 omnia

2078 3773 2276 3828 szecula
2312 3783 2368 3828 et
2415 3783 2655 3843 tempora
2688 3774 2980 3838 antecedit,
3018 3773 3091 3827 ita
3123 3784 3182 3831 ut
3212 3775 3435 3830 ultimus
3471 3778 3686 3834 tandem

2079 3867 2478 3922 incarnationis
2519 3869 2854 3936 temporibus
2896 3867 3041 3924 Deus
3077 3870 3255 3925 lactus
3286 3870 3357 3926 sit
3407 3869 3591 3937 Pater,
3631 3885 3688 3927 et

2077 3961 2480 4030 quodammodo
2509 3961 2811 4016 immissum
2846 3963 2897 4015 in
2929 3959 3143 4018 uterum
3173 3964 3414 4035 Virginis
3452 3975 3509 4018 ut
3541 3975 3690 4021 esset

2077 4063 2242 4122 atque
2290 4053 2636 4120 subsisteret,
2681 4071 2804 4106 eum
2845 4069 2940 4122 per
2975 4072 3135 4126 quem
3188 4067 3241 4110 et
3295 4057 3346 4111 in
3401 4072 3510 4127 quo
3559 4068 3687 4113 sunt

2076 4148 2280 4201 omnia.
2315 4148 2471 4202 Anne
2505 4162 2599 4202 eos
2627 4148 2694 4201 ad
2732 4158 2930 4202 tutelam
2963 4150 3208 4202 omniuut
3251 4149 3526 4204 malorum
3559 4165 3685 4218 per.

2077 4239 2292 4295 venisse
2323 4255 2536 4306 censes,
2575 4241 2667 4310 qui
2701 4243 2839 4294 adeo
2869 4243 3103 4296 anilibus
3133 4253 3296 4312 atque
3328 4243 3682 4300 exsecrandis

2077 4330 2273 4386 fabulis
2293 4331 2534 4385 animum
2557 4332 2863 4401 adjiciunt?
2890 4352 2904 4384 ι
2932 4333 3278 4404 Sepulcrum,
3298 4347 3467 4399 certe,
3484 4346 3681 4404 patens

2074 4431 2160 4476 est
2205 4429 2392 4488 guttur
2430 4437 2642 4486 eorum,
2695 4423 2894 4492 linguis
2927 4426 3042 4480 suis
3069 4425 3256 4481 dolose
3297 4427 3553 4497 agebant,
3583 4443 3678 4483 ve-

2077 4531 2273 4570 nenum
2312 4517 2557 4586 aspidum
2581 4517 2681 4572 sub
2719 4517 2875 4571 labiis
2908 4533 3122 4583 eorum,
3157 4534 3388 4588 quorum
3417 4537 3480 4576 os
3506 4521 3678 4578 male-

371 4621 389 4648 ι
417 4598 624 4667 Τάφος,
650 4599 890 4670 ἀληθῶς,
919 4602 1270 4672 ἀνεῳγμένος
1303 4607 1331 4659 ό
1377 4607 1586 4678 λάρυγξ
1617 4611 1819 4677 αὐτῶν,
1853 4617 1970 4677 ταῖς

2093 4609 2319 4665 lietione
2349 4618 2405 4665 et
2441 4610 2805 4665 amaritudine
2835 4610 3056 4680 plenum
3081 4622 3162 4667 est
3190 4612 3257 4664 ".
3291 4632 3310 4665 ι

366 4689 641 4756 γλώσσαις
657 4691 838 4744 αὐτῶν
862 4692 1194 4758 ἐδολιοῦσαν,
1223 4696 1298 4759 ἰὸς
1320 4698 1564 4753 ἀσπίδων
1583 4702 1688 4755 ὑπὸ
1717 4705 1784 4755 τά
1816 4706 1972 4776 χείλη

364 4780 578 4844 αὐτῶν,
601 4773 676 4836 ὧν
697 4781 758 4834 τὸ
797 4783 974 4853 στόμα
1001 4784 1143 4854 ἀρᾶς
1178 4788 1271 4838 καὶ
1303 4789 1530 4859 πικρίας
1558 4792 1740 4861 γέμει.
1785 4814 1802 4844 ι

440 4875 499 4926 Β.
542 4874 806 4947 Σὺμφημι
837 4892 849 4906 ·
880 4877 976 4929 καὶ
1013 4878 1122 4950 γάρ
1150 4879 1300 4933 ἐστιν
1335 4883 1572 4954 ἀτρεκὴς
1604 4886 1631 4937 ό
1677 4885 1772 4938 τοῦ
1814 4888 1965 4940 Ψάλ-

366 4965 556 5029 λοντος
592 4967 771 5034 λόγος.

441 5058 503 5111 Δ.
544 5053 620 5110 ἾΙ
647 5059 758 5131 γὰρ
793 5060 912 5130 οὐχὶ
944 5061 1034 5116 τὸν
1078 5061 1145 5114 δι’
1175 5057 1235 5114 οὗ
1271 5065 1337 5116 τὰ
1375 5067 1572 5130 πάντα,
1617 5070 1712 5121 καὶ
1757 5077 1964 5143 προῦφο

365 5152 592 5205 εστάναι
616 5151 724 5205 τῶν
755 5153 978 5208 πάντων
1000 5157 1245 5226 ἀνάγκης

441 5332 502 5383 Β.
545 5328 617 5385 Εὖ
650 5332 851 5400 λέγεις.

442 5423 506 5476 Α.
547 5424 612 5476 Τί
647 5423 704 5477 δὲ
728 5426 792 5493 δὴ
821 5426 918 5477 καὶ
947 5426 1120 5496 δρῷεν
1157 5429 1242 5491 ἂν,
1288 5429 1536 5483 Ἰωάννου
1588 5432 1686 5500 μὲν
1719 5436 1959 5505 γράφον-

365 5531 483 5578 τος,
518 5533 534 5564 ι
559 5515 646 5568 Ἑν
673 5516 816 5586 ἀρχῇ
843 5513 913 5587 ἦν
949 5520 976 5568 ό
996 5519 1188 5588 Λόγος,
1219 5521 1395 5574 πάντα
1424 5525 1490 5575 δι’
1519 5525 1686 5578 αὑτοῦ
1721 5528 1960 5595 ἐγένετο,

370 5607 467 5658 καὶ
491 5608 657 5677 χωρίς
683 5608 847 5660 αὑτοῦ
885 5611 1102 5678 ἐγένετο
1133 5612 1254 5665 οὐδὲ
1296 5615 1374 5667 ἓν.
1415 5635 1430 5665 ι
1471 5617 1577 5668 Καὶ
1609 5618 1794 5682 πάλιν,
1836 5640 1852 5670 ι
1896 5623 1960 5673 Ὃ

369 5694 439 5765 ἦν
493 5700 587 5752 ἀπ’
637 5701 848 5770 ἀρχῆς,
896 5701 924 5754 ὃ
980 5704 1332 5775 ἀκηκόαμεν,
1389 5709 1414 5756 ὃ
1470 5710 1794 5781 Ξιιιράκαμξν
1856 5732 1957 5776 :91,-

449 5880 496 5913 ”
531 5881 631 5938 lsa.
673 5882 856 5950 \u,ll.
943 5886 977 5912 7‘
1009 5883 1142 5942 Luc.
1183 5901 1217 5952 ll.
1263 5886 1343 5954 ἀί),
1387 5888 1473 5942 51.
1556 5869 1777 5948 "Hebr.
1806 5909 1841 5962 l,
1886 5895 1965 5948 lli.

2047 5895 2088 5926 “
2117 5893 2256 5950 l‘sal.
2299 5913 2413 5969 λιιι,
2447 5899 2497 5953 5,,

2154 4883 2216 4938 Β.
2250 4884 2550 4939 Assentior.
2621 4883 2791 4940 Verus
2823 4901 2968 4941 etum
3003 4897 3086 4942 est
3118 4888 3418 4945 l’salmistze
3470 4905 3672 4947 sermo.

2144 5066 2206 5115 Λ.
2271 5063 2409 5129 Quid
2467 5065 2647 5131 enim,
2717 5045 2898 5119 nonne
2948 5074 3071 5120 cum
3129 5084 3223 5137 per
3271 5084 3428 5138 quem
3491 5074 3672 5126 omnia

2071 5162 2210 5212 facta
2265 5166 2410 5224 sunt,
2461 5159 2715 5215 omnibus
2758 5161 3370 5230 etiant-prteexstitisse
3433 5179 3665 5221 necesse

2071 5263 2153 5306 est
2188 5251 2212 5304 ἲ

2144 5344 2203 5397 Β.
2247 5345 2411 5401 Ιὶρριο
2445 5346 2602 5401 dicis.

2144 5440 2208 5492 Λ.
2261 5440 2398 5505 Quid
2455 5456 2586 5494 vero
2642 5450 2822 5511 agant,
2892 5445 3164 5497 scribente
3226 5443 3484 5499 Joanne:
3530 5466 3545 5497 ι
3617 5450 3668 5501 in

2074 5535 2340 5604 principio
2386 5546 2506 5589 erat
2561 5536 2816 5603 Verbum,
2881 5538 3062 5590 omnia
3125 5553 3222 5606 per
3284 5540 3456 5606 ipsum
3521 5541 3664 5594 liter:

2074 5638 2220 5692 sunt,
2251 5638 2306 5680 el
2337 5629 2456 5681 sine
2494 5629 2610 5695 ipso
2644 5628 2841 5682 factum
2875 5631 3114 5683 estnihil
3151 5632 3209 5682 "‘.
3261 5652 3275 5682 ι
3313 5630 3375 5684 Et
3403 5649 3617 5686 rursum
3654 5678 3660 5684 .

2081 5738 2096 5766 ι
2119 5719 2271 5783 Quod
2294 5728 2411 5773 erat
2440 5719 2504 5772 ab
2539 5719 2712 5782 initio,
2739 5721 2881 5788 quod
2910 5723 3231 5798 audivimus,
3258 5723 3400 5792 quod
3432 5723 3667 5777 vidimus

2583 5902 2622 5930 ³*
2651 5899 2806 5954 Joan.
2841 5917 2877 5966 l,
2918 5903 2940 5957 ι
2976 5903 3026 5956 3.
