4036 6336
495 375 634 432 1203

1511 375 1567 431 S.
1610 373 1882 430 Ci'liiLLl
1923 373 2387 430 ALi-'.XANDRINI
2429 373 2742 430 ARt’J‘llEP.

3609 365 3734 422 Ιὲθλ

491 489 666 543 oculis
696 487 919 551 nostris,
950 486 1101 556 quod'
1124 486 1513 555 perspeximus.
1545 494 1596 540 et
1623 501 1816 538 manus
1859 493 2047 540 nostra:

2156 487 2453 557 ὀφθαλμοῖς
2485 485 2658 555 ἡμῶν,
2683 484 2710 535 ὃ
2742 481 3108 550 ἐθεασάμεθα,
3143 481 3236 534 καὶ
3285 482 3340 533 αἱ
3375 483 3556 549 χεῖρες
3579 479 3758 549 ἡμῶν,

491 586 963 633 contrectaverunt
1001 577 1066 632 de
1090 578 1266 631 Verbo
1291 579 1431 632 vitae.
1467 576 1532 630 Et
1557 577 1662 630 vita
1709 575 2055 631 manifestata

490 681 592 732 est.
618 679 668 724 et
703 670 952 734 vidimus,
977 679 1027 723 ct
1079 678 1363 731 testamur,
1409 677 1462 721 et
1493 669 1879 722 annuutiamus
1908 667 2057 722 vobis

492 760 653 812 vitam
688 762 962 821 aeternam,
997 773 1114 828 quae
1140 770 1254 810 erat
1294 758 1432 825 apud
1462 757 1697 820 Patrem,
1730 767 1782 810 et
1803 757 2056 827 apparuit

492 851 644 904 nobis
666 852 729 902 ³⁵.
767 869 784 902 ι
843 847 1070 918 Jamque
1121 848 1371 902 Christus
1418 848 1531 918 ipse
1563 848 1893 903 exsistentia:
1946 863 2056 903 sua:

491 941 873 1009 antiquitatem
915 940 1146 994 invisam
1183 938 1383 993 Judaeis
1433 940 1690 993 declarat.
1743 938 2056 993 Dicentibus

489 1033 632 1086 enim
667 1032 770 1086 illis
801 1050 814 1086 :
855 1049 871 1080 t
903 1031 1268 1100 Quadraginta
1300 1045 1470 1084 annos
1502 1028 1732 1082 nondum
1785 1027 1970 1094 habes,
2003 1039 2056 1082 et

493 1124 761 1176 Abraham
805 1123 1032 1176 vidisti?
1071 1141 1091 1174 ι
1121 1123 1403 1177 manifeste
1453 1121 1723 1189 respondit
1756 1137 1770 1173 :
1815 1139 1832 1170 ι
1863 1120 2053 1182 Amen,

490 1229 645 1266 amen
673 1215 792 1268 dico
840 1214 1010 1276 vobis,
1063 1223 1351 1280 antequam
1411 1212 1681 1265 Abraham
1725 1215 1899 1276 fieret,
1957 1227 2056 1277 ego

488 1322 610 1360 sum
639 1309 706 1359 ".
766 1324 785 1362 θ
847 1307 943 1360 Cui
998 1321 1126 1361 vero
1182 1305 1438 1359 tribuitur
1488 1305 1652 1370 illttd,
1704 1314 1852 1369 erat,
1910 1303 2056 1356 nullo

487 1397 715 1464 adjecto,
741 1407 902 1468 atque
925 1398 1083 1451 etiam
1111 1396 1392 1451 manifeste
1422 1395 1571 1459 illud,
1592 1412 1724 1460 sunt,
1761 1395 2050 1464 quodnam,

487 1489 737 1555 obsecro,
771 1500 1027 1560 agnoscat
1073 1499 1224 1543 ortus
1268 1488 1350 1543 sui
1383 1487 1754 1556 principium?
1795 1497 1884 1540 aut
1946 1502 2054 1555 quo

489 1591 644 1648 pacto
663 1583 753 1650 qui
786 1590 904 1635 erat
929 1582 979 1634 in
1010 1581 1271 1648 principio
1306 1579 1551 1648 superior
1575 1579 1722 1633 omni
1753 1577 2050 1640 intellectu,

489 1673 540 1724 in
579 1681 814 1739 tempore
846 1669 1007 1723 fuerit
1044 1680 1264 1724 vocatus
1291 1669 1356 1723 ad
1391 1668 1805 1723 exsistentiami
1846 1667 1900 1722 Si
1930 1668 2051 1734 quis

486 1772 662 1815 autent
710 1762 761 1814 in
820 1760 918 1815 llos
961 1760 1199 1826 longiore
1245 1758 1568 1814 refutatione
1595 1759 1670 1813 uti
1707 1758 1856 1820 velit,
1910 1757 2050 1811 haud

2160 579 2514 648 ἐψηλάφησαν
2536 617 2551 642 ,
2589 579 2714 646 περὶ
2744 575 2836 628 τοῦ
2871 575 3028 643 λόγον
3073 575 3170 644 τῆς
3203 575 3367 642 ζωῆς.
3407 573 3514 624 Καὶ
3548 573 3583 641 ἡ
3621 570 3731 642 ζωὴ

2157 672 2502 743 ἐφανερώθη,
2539 672 2634 723 καὶ
2661 670 3011 739 ἑωράκαμεν,
3060 669 3154 720 καὶ
3200 663 3610 737 μαρτυροῦμει,
3643 665 3731 716 καὶ

2157 762 2573 831 ἀπαγγέλλομεν
2606 761 2733 830 ὑμῖν
2760 759 2857 829 τὴν
2902 758 3045 829 ζωὴν
3086 758 3184 828 τὴν
3211 757 3448 820 αἰώνιον,
3493 757 3616 826 ἥτις
3666 751 3732 824 ἦν

2157 853 2292 923 πρὸς
2318 852 2407 905 τὸν
2451 852 2690 920 Πατέρα,
2721 852 2814 904 καὶ
2849 849 3172 920 ἐφανερώθη
3195 852 3330 918 ἡμῖν
3357 865 3368 876 ·
3412 868 3428 898 ι
3468 846 3631 898 αὑτοῦ
3673 845 3729 898 δὲ

2156 944 2395 1016 Χριστοῦ
2437 944 2540 1013 τῆς
2579 944 2714 1007 ιδίας
2757 943 3044 1013 ὑπάρξεως
3083 941 3181 1010 τὴν
3221 940 3466 994 ἄποπτον
3511 938 3732 1008 ἁρχαιὸο

2155 1053 2292 1105 τητα
2316 1037 2428 1091 τοῖς
2463 1033 2737 1096 Ἰουδαίοις
2785 1033 3306 1101 κατασημαὼοντος·
3364 1030 3580 1098 Ἐπειδῆ
3624 1029 3730 1097 γὰρ

2156 1126 2412 1195 ἔφασκον,
2438 1145 2456 1177 t
2486 1125 2825 1194 Πεντήκοντα
2855 1123 2946 1194 ἐτη
2983 1121 3134 1176 οὑπω
3163 1123 3329 1191 ἔχεις,
3359 1125 3454 1174 καὶ
3481 1119 3732 1189 Ἀϐραὰμ

2156 1219 2433 1290 ὲώρακας;
2501 1236 2520 1268 ι
2577 1217 2876 1286 ἀντήκουον
2936 1214 3214 1282 ἐναργῶς,
3266 1235 3282 1263 ι
3330 1213 3536 1282 Ἀμὴν,
3585 1210 3729 1282 ἀμὴν

2155 1311 2299 1378 λέγω
2343 1310 2502 1380 ὑμῖν,
2555 1308 2684 1377 πρὶν
2732 1305 2984 1375 Ἀϐραὰμ
3033 1305 3327 1373 γενέσθαι,
3378 1303 3489 1371 ἐγώ
3527 1306 3663 1373 εἰμι.
3703 1321 3721 1353 ι

2155 1401 2286 1456 Οὐδὲ
2313 1400 2394 1463 τὸ,
2426 1396 2505 1466 ἦν·
2526 1401 2696 1461 ἐστιν,
2731 1397 3166 1467 ἐπενηνεγμένου
3204 1395 3454 1465 μηδενὸς,
3496 1395 3590 1446 καὶ
3622 1393 3728 1464 μὴν

2155 1494 2248 1546 καὶ
2280 1492 2339 1545 τὸ
2369 1491 2483 1559 εἰμὶ
2515 1492 2771 1544 τέτακται
2798 1490 3005 1559 σαφῶς,
3032 1487 3152 1540 τίνα
3174 1487 3275 1555 τῆς
3305 1487 3572 1553 γενέσεως
3594 1502 3724 1538 κατ-

2156 1583 2251 1633 ίδοι
2285 1599 2368 1643 τις
2408 1581 2475 1634 ἂν
2515 1581 2613 1650 τὴν
2645 1581 2853 1651 ἀρχήνς
2885 1579 2917 1650 ἦ
2949 1580 3069 1631 τίνα
3111 1577 3174 1647 δὴ
3221 1577 3446 1645 τρόπον,
3495 1577 3522 1627 6
3565 1575 3640 1627 ὢν
3667 1575 3725 1626 ἐν

2152 1674 2293 1744 ἀρχῇ
2329 1676 2395 1744 τῇ
2434 1673 2633 1735 παντὸς
2664 1672 2924 1724 ἐπέκεινα
2955 1669 3069 1733 νοῦ,
3097 1669 3462 1739 παραδέξαιτο
3490 1667 3560 1721 ἂν
3586 1668 3644 1720 τὸ
3667 1669 3723 1720 ἐν

2153 1765 2327 1835 καιρῷ
2377 1762 2676 1833 κεκλῆσθαι
2735 1763 2871 1834 πρὸς
2921 1761 3186 1831 ὖπαρξιν;
3239 1760 3301 1814 Εἰ
3363 1759 3463 1830 μὲν
3504 1753 3597 1811 οὖν
3639 1775 3723 1820 τις

485 1851 696 1908 diliicile
719 1853 900 1916 fuerit,
939 1852 1115 1907 allatis
1156 1867 1324 1907 sacrae
1372 1849 1667 1920 Scriptura:
1695 1851 1896 1914 verbis,
1933 1851 2047 1904 illo-

2151 1855 2324 1907 ἕλοιτο
2365 1854 2603 1907 τουτοισὶ
2649 1852 3023 1922 σχολαιότερον
3073 1845 3458 1918 ἀντιφέρεσθαι
3491 1845 3726 1916 χαλεπὸν

489 1960 612 1997 rum
652 1943 837 1997 deliria
898 1941 1202 2011 proﬂigare.
1268 1941 1382 2013 Ego
1426 1958 1559 1998 vero
1595 1956 1716 1995 cum
1752 1941 1866 1996 haec
1916 1942 2051 1996 adeo

486 2033 770 2088 manifeste
831 2034 963 2089 falsa
1035 2035 1319 2103 turpiaque
1386 2034 1519 2098 sint,
1589 2046 2050 2103 supervacaneum

484 2124 906 2178 existimaveer
939 2123 1057 2194 plus
1093 2140 1273 2194 operte
1311 2126 1363 2179 in
1394 2124 1462 2180 iis
1493 2123 1787 2180 refutandis
1825 2137 2045 2192 ponere.

552 2384 611 2437 Β.
652 2386 816 2441 Recte
847 2386 950 2440 ais.

551 2481 614 2531 Α.
645 2476 908 2542 Quocirca
926 2476 991 2530 ad
1017 2477 1178 2531 aliam
1200 2492 1298 2534 nos
1318 2478 1680 2542 conferamus,
1704 2479 1872 2550 me
1902 2479 2050 2533 dam-

485 2577 622 2620 natae
666 2567 738 2620 illi
787 2567 1029 2636 opinioni
1077 2567 1310 2622 afﬁnem.
1356 2568 1605 2624 Nonnulli
1642 2571 1785 2623 enim
1807 2570 2050 2624 veritatis

481 2657 950 2724 pulclu-itudinem,
983 2657 1144 2711 veluti
1171 2660 1434 2712 numistna
1475 2659 1691 2728 aliquod
1721 2659 2046 2725 adulterant,

482 2749 727 2802 tollentes
756 2750 808 2801 in
840 2749 1006 2801 altum
1034 2764 1224 2812 cornu,
1251 2758 1304 2801 ct
1364 2749 1698 2817 iniquitatem
1768 2749 2048 2816 loquentes

481 2841 742 2894 adversus
772 2839 960 2902 Deum,
1014 2841 1151 2893 sient
1188 2840 1447 2910 scriptum
1487 2851 1569 2895 est
1591 2841 1656 2892 ".
1686 2839 2050 2909 lmaginantu-r

481 2931 623 2984 enim
661 2929 1000 2997 linigenitum
1027 2933 1296 2999 propriam
1338 2947 1486 2984 suam
1547 2933 1911 2985 exsistentiam
1943 2947 2046 2985 non

484 3022 706 3084 habere,
761 3035 934 3089 neque
988 3023 1038 3074 in
1093 3037 1188 3074 sua
1256 3023 1529 3091 hypostasi
1589 3024 1887 3078 subsistere
1914 3043 1934 3077 τ·
1954 3025 2046 3077 sed

478 3111 700 3164 verbum
730 3111 1049 3179 simpliciter
1090 3120 1142 3163 et
1193 3125 1496 3165 sermonem
1526 3114 1618 3181 qui
1651 3114 1762 3167 sola
1800 3116 2046 3168 enuntia-

2152 1945 2336 2010 οὑδέν,
2369 1945 2498 2008 τοὺς
2533 1944 2634 2013 τῆς
2669 1941 3031 1996 θεοπνεύστου
3072 1940 3292 2010 Γραφῆς
3325 1937 3724 2008 παρακομίζον-

2152 2055 2250 2100 τας
2293 2037 2483 2105 λόγους
2507 2078 2523 2099 ,
2557 2034 2626 2088 τὰ
2668 2037 2732 2088 ἐκ
2762 2033 2861 2103 τῆς
2900 2033 3122 2086 ἐκείνων
3156 2029 3557 2100 ἐμϐροντησίας
3589 2030 3724 2082 ἀπο-

2151 2129 2446 2201 κρούεσθαι
2485 2129 2680 2200 βλάϐη.
2720 2126 2802 2184 Τά
2831 2144 2892 2195 γε
2921 2127 3027 2197 μὴν
3060 2123 3204 2178 οὕτω
3229 2125 3435 2195 ἐναργῆ
3464 2123 3726 2176 νοσοῦντα

2150 2221 2239 2274 τὸν
2282 2221 2540 2292 ἔλεγχον,
2596 2219 2691 2273 καὶ
2746 2217 2882 2272 πολὺ
2941 2217 3061 2270 λίαν
3109 2217 3300 2286 ἔχοντα
3349 2215 3412 2268 τὸ
3459 2215 3725 2284 ἀκαλλὲς,

2150 2314 2404 2384 περιττὸν
2431 2307 2585 2383 οἶμαι
2625 2327 2727 2365 που
2767 2310 2864 2364 καὶ
2892 2308 3173 2381 φροντίδος
3199 2305 3404 2374 ἀξιοῦν.

2219 2402 2278 2459 Β.
2321 2401 2392 2459 Εὖ
2419 2403 2616 2474 λέγεις.

2219 2500 2287 2553 Α.
2329 2496 2538 2551 Οὐκοῦν
2567 2497 2653 2550 ἐπ’
2685 2496 2863 2548 ἐκεῖνο
2901 2495 3091 2565 ἴωμεν,
3142 2495 3280 2564 ὅπερ
3325 2494 3444 2546 ἐστὶ
3492 2491 3570 2562 τῷ
3598 2507 3728 2545 κατ⁹

2151 2591 2478 2660 εγνωσμένῳ
2505 2589 2782 2658 συγγενές.
2813 2585 3297 2658 Παρασημαίνουσι
3324 2584 3438 2654 γάρ
3459 2598 3604 2645 τινες
3625 2582 3724 2651 τῆς

2149 2679 2406 2751 ἀληθείας
2455 2679 2517 2732 τὸ
2567 2679 2802 2740 κάλλος,
2846 2676 3097 2746 καθάπερ
3142 2693 3194 2728 τι
3247 2675 3488 2743 νόμισμα
3538 2671 3729 2740 κιὸδη-

2151 2772 2398 2834 λεύοντες
2418 2810 2433 2835 ,
2473 2769 2790 2840 ἐπαίροντές
2820 2785 2880 2820 τε
2907 2769 2986 2831 εἰς
3021 2765 3152 2836 ὕψος
3178 2767 3240 2819 τὸ
3266 2768 3436 2836 κέρας
3455 2806 3468 2828 ,
3504 2765 3594 2818 καὶ
3618 2764 3731 2816 ἀδι-

2150 2862 2274 2914 κίαν
2305 2861 2592 2923 λαλοῦντες
2639 2861 2778 2912 κατά
2819 2859 2987 2925 Θεοῦ,
3025 2860 3165 2913 κατὰ
3208 2859 3272 2910 τὸ
3315 2857 3726 2928 γεγραμμένον.

2163 2949 2532 3020 Ἀνύπαρκτόν
2563 2966 2622 3002 τε
2673 2950 2766 3000 καὶ
2805 2948 2988 3010 ἰδικῶς
3019 2949 3116 3017 οὑχ
3147 2948 3493 3017 ὑφεστηκότα
3525 2946 3728 3016 φαντά-

2150 3041 2334 3104 ζονται
2363 3041 2454 3092 τὸν
2480 3041 2779 3110 Μονογενῆ,
2805 3041 2896 3092 καὶ
2929 3041 3030 3092 οὐκ
3051 3036 3188 3093 εἶναι
3217 3042 3314 3110 μὲν
3341 3043 3398 3092 ἐν
3424 3040 3726 3092 ὑποστάσει

2148 3136 2212 3202 τῇ
2242 3132 2361 3185 καθ’
2389 3131 2600 3194 ἑαυτὸν,
2632 3132 2783 3201 ῥῆμα
2811 3131 2866 3183 δέ
2899 3131 3086 3192 ἁπλῶς
3128 3131 3223 3183 καὶ
3250 3131 3430 3197 λόγον,
3467 3130 3560 3182 τὸν
3585 3131 3729 3182 κατὰ

483 3203 624 3258 tione
684 3214 893 3257 constat
944 3219 971 3256 a
1037 3203 1143 3256 Deo
1201 3205 1336 3267 fieri,
1392 3216 1554 3274 atque
1605 3206 1674 3258 ita
1731 3208 1781 3260 in
1831 3207 2047 3260 homine

2151 3179 2319 3294 μένην
2348 3222 2444 3293 τὴν
2473 3179 2750 3294 προέρύρζν
2775 3223 3028 3290 γενέσθαι
3060 3179 3209 3293 παρὰ
3243 3179 3523 3284 Θεοῦ,1καὶ
3549 3224 3607 3274 ἐν
3634 3224 3726 3274 dv-

483 3296 753 3350 hahitasse
808 3297 994 3350 dicunt
1029 3297 1232 3360 miseri,
1290 3306 1450 3364 atque
1496 3297 1596 3351 hoc
1646 3307 1804 3363 pacto
1862 3295 2043 3349 Jesum

480 3390 895 3452 constituentes,
953 3389 1104 3440 aiunt
1159 3389 1488 3442 sanctiorem
1561 3389 1775 3456 quidem
1843 3388 2048 3441 sanctis

479 3495 620 3543 esse,
674 3494 780 3532 non
847 3490 1022 3532 tamen
1069 3477 1255 3532 Deum.
1317 3477 1577 3542 Quocirca
1635 3490 1691 3530 ut
1744 3478 2048 3532 Servatoris

482 3568 649 3620 nostri
707 3568 997 3634 discipulus
1032 3568 1104 3620 ait
1138 3585 1150 3619 :
1181 3585 1198 3616 ι
1231 3566 1364 3630 Quis
1411 3576 1491 3619 est
1536 3567 1783 3631 mendax,
1824 3568 1923 3622 nisi
1957 3569 2046 3636 qui

475 3667 640 3725 negat
683 3655 864 3710 Jesum
917 3673 1037 3710 esse
1083 3657 1398 3710 Christum?
1429 3657 1526 3710 llic
1553 3670 1634 3712 est
1673 3660 2043 3723 antichristus,

483 3763 682 3815 negans
715 3749 928 3801 Patrem
959 3759 1013 3800 et
1057 3747 1271 3801 Filium.
1328 3748 1578 3816 Quisquis
1629 3759 1784 3818 negat
1829 3749 2042 3816 Filium,

483 3853 657 3907 neque
678 3839 890 3892 Patrem
925 3840 1103 3893 habet.
1141 3840 1240 3904 Qui
1270 3841 1554 3894 confitetur
1577 3841 1792 3904 Filium,
1831 3843 2044 3898 Patrem

481 3945 698 3998 quoque
748 3931 908 3983 habet
935 3934 999 3982 “.
1043 3950 1064 3980 ›
1098 3932 1244 3984 Alter
1299 3933 1441 3986 enim
1473 3932 1522 3984 iu
1551 3936 1721 3988 altero
1756 3945 1808 3987 et
1839 3950 1866 3987 a
1895 3937 2047 3990 nobis

481 4032 536 4074 et
579 4037 605 4072 a
649 4022 853 4075 sanctis
899 4021 1102 4090 angelis
1151 4023 1476 4091 agnOseiIur.
1539 4023 1816 4093 Siquidem
1887 4042 2044 4080 nemo

485 4113 802 4167 intellexerit
844 4115 969 4182 quid
1007 4114 1074 4168 sit
1115 4114 1294 4178 Pater,
1326 4117 1426 4170 nisi
1457 4115 1648 4170 Filium
1698 4119 2045 4173 exsisleutem

483 4220 548 4259 ac
594 4206 828 4271 genitum
863 4215 1040 4259 mente
1079 4207 1364 4276 concipiat.
1400 4209 1502 4264 Sed
1545 4226 1721 4277 neque
1754 4212 1888 4264 sciat
1919 4214 2046 4281 quid

484 4299 557 4352 sit
585 4297 772 4364 Filius,
830 4299 927 4351 nisi
975 4297 1184 4352 Patrem
1226 4301 1473 4369 genuisse
1529 4302 1747 4370 cogitet.
1788 4302 2048 4357 Necessa-

485 4389 622 4440 rium
654 4389 833 4457 itaque
862 4403 1056 4443 Censeo
1085 4391 1243 4442 etiam
1303 4407 1424 4444 vere
1461 4391 1658 4457 dicere,
1702 4393 1809 4448 Nisi
1839 4395 2048 4448 exsistit

2148 3311 2350 3381 θρώπῳ
2397 3313 2718 3382 κατοικῆσαί
2751 3330 2915 3380 φασιν
2955 3315 3003 3365 οἱ
3052 3313 3313 3375 τάλανες,
3349 3312 3632 3375 συνθέντες
3670 3313 3725 3365 δὲ

2147 3403 2289 3456 οὑτω
2317 3404 2406 3456 τὸν
2444 3403 2669 3475 Ἰησοῦν,
2704 3405 2871 3474 ἀγίων
2902 3405 2999 3474 μὲν
3031 3401 3170 3458 εἷναί
3199 3422 3361 3473 φασιν
3401 3405 3721 3475 ἁγιώτερον,

2147 3497 2205 3547 οὐ
2241 3495 2344 3565 μὴν
2375 3495 2454 3547 ἔτι
2482 3498 2577 3548 καὶ
2619 3496 2771 3550 Θεόν.
2810 3498 3020 3550 Οὐκοῦν
3054 3497 3196 3548 καθά
3232 3498 3326 3548 καὶ
3355 3498 3381 3548 6
3416 3497 3509 3548 τοῦ
3544 3497 3724 3566 Σωτῆ-

2151 3601 2240 3654 ρος
2269 3585 2548 3637 ἐπέστειλε
2585 3585 2855 3654 μαθητὴς,
2888 3606 2906 3636 ε
2938 3585 3032 3648 Τίς
3063 3588 3209 3637 ἐστιν
3232 3587 3259 3636 ὁ
3289 3585 3550 3655 ψεύστης,
3571 3588 3618 3637 εί
3649 3587 3722 3657 μὴ

2145 3675 2174 3725 6
2215 3673 2566 3744 ἀρνούμενος,
2601 3677 2682 3727 ὅτι
2719 3673 2925 3745 Ἰησοῦς
2958 3676 3057 3727 οὑκ
3086 3675 3232 3727 ἔστιν
3263 3678 3291 3728 6
3318 3676 3583 3744 Χριστός;
3618 3672 3718 3729 Οὑε-

2147 3765 2235 3826 τός
2265 3767 2413 3817 ἐστιν
2438 3768 2466 3817 ὁ
2493 3767 2837 3834 ἀντίχριστος
2859 3804 2873 3828 ,
2919 3768 2947 3817 6
2990 3765 3322 3835 ἀρνούμενος
3370 3765 3460 3817 τὸν
3504 3767 3719 3836 Πατέρα

2147 3856 2242 3908 καὶ
2270 3855 2361 3907 τὸν
2391 3857 2538 3910 Υἱόν.
2570 3858 2683 3918 Πᾶς
2725 3859 2752 3909 6
2785 3857 3116 3926 ἀρνούμενος
3147 3858 3238 3908 τὸν
3281 3857 3437 3919 Υἱδν,
3472 3858 3592 3909 ούδέ
3631 3859 3720 3911 τὸν

2148 3948 2364 4018 Πατέρα
2399 3948 2541 4018 ἔχει·
2566 3949 2905 4017 ὁ”όμολογῶν
2937 3950 3028 4001 τὸν
3061 3948 3208 4012 Υἱὸν,
3243 3951 3337 4001 καὶ
3364 3950 3454 4002 τὸν
3498 3951 3718 4020 Πατέρα

2147 4039 2278 4109 ἔχει.
2313 4059 2332 4092 ι
2367 4041 2566 4110 ’Ἄμφω
2591 4041 2700 4110 γὰρ
2731 4040 2798 4092 δι’
2838 4041 3041 4108 ἀμφοῖν
3075 4041 3167 4092 καὶ
3212 4042 3472 4110 ἑκάτερος
3503 4043 3560 4095 ἐν
3596 4044 3715 4096 ἐκαο

2145 4131 2288 4203 τέρῳ
2329 4133 2460 4203 πρός
2486 4151 2544 4185 τε
2575 4133 2732 4204 ὴμῶν
2766 4134 2964 4197 αὑτῶν,
3001 4133 3094 4186 καὶ
3131 4133 3239 4184 τῶν
3268 4135 3436 4201 ἁγίων
3474 4135 3720 4202 ἀγγέλων

2149 4223 2626 4291 ἐπιγινώσκονται.
2666 4226 2738 4276 Οὑ
2791 4226 2898 4296 γὰρ
2947 4225 3010 4277 ἄν
3053 4243 3135 4288 τις
3183 4226 3454 4294 ἀναμαθοι
3505 4228 3556 4280 τί
3604 4229 3718 4281 ἐστι

2150 4318 2372 4387 Πατὴρ,
2423 4319 2473 4369 εἰ
2509 4318 2582 4387 μὴ
2614 4318 2738 4369 Υἱὸν
2782 4318 3068 4384 ὑφεστῶτά
3105 4337 3163 4370 τε
3198 4323 3294 4372 καὶ
3325 4323 3721 4392 γεγεννημένον

2150 4409 2444 4472 εἰσδέξαιτο
2469 4409 2608 4463 κατὰ
2635 4410 2787 4464 νοῦν*
2814 4410 2927 4464 ἀλλ’
2976 4411 3085 4462 οὐδ’
3124 4411 3190 4464 ἂν
3218 4413 3244 4464 ὅ
3278 4413 3328 4464 τι
3366 4414 3481 4464 ποτ’
3517 4414 3664 4466 ἐστὶν
3693 4417 3722 4468 6

484 4479 673 4543 Filius,
708 4496 774 4533 ne
805 4480 1016 4533 Patrem
1048 4481 1259 4550 quidem
1292 4498 1413 4535 vere
1469 4485 1790 4553 cogitatione
1849 4487 2047 4554 percipi

2151 4499 2277 4563 Υἱὸς
2319 4500 2588 4570 ἁναμάθοι
2633 4501 2814 4565 πάλιν,
2864 4503 2911 4552 εἰ
2949 4501 3022 4570 μὴ
3067 4502 3148 4553 ὅτι
3203 4502 3424 4556 τέτοκεν
3457 4506 3485 4556 6
3531 4505 3720 4574 Πατὴρ

484 4586 659 4638 posse.
701 4571 797 4626 Uhi
830 4573 970 4625 enim
1023 4584 1105 4627 est
1149 4573 1325 4637 Pater,
1367 4577 1543 4629 sinon
1598 4593 1780 4631 revera
1829 4581 2050 4648 genuit?

484 4672 576 4715 aut
633 4662 675 4715 si
728 4665 906 4731 genuit
954 4664 1001 4716 itl
1060 4668 1198 4733 quod
1267 4669 1525 4734 subsistit,
1607 4686 1778 4740 neque
1829 4675 2048 4726 omnino

483 4756 853 4808 usistentiam
882 4757 1059 4822 habet,
1118 4758 1352 4826 genitum
1381 4762 1482 4812 erit
1526 4761 1681 4828 plane
1713 4764 1866 4816 nihil.
1912 4764 2040 4817 Nam

485 4847 624 4912 quod
693 4863 798 4899 non
851 4847 1080 4912 exsistit,
1137 4850 1337 4915 aequale
1381 4862 1461 4903 est
1520 4853 1724 4918 nihilo;
1758 4856 1861 4908 imo
1916 4872 2043 4908 vero

485 4953 703 5004 prorsus
753 4939 904 4991 nihil.
951 4940 1124 5009 Atque
1175 4941 1250 5027 in:
1302 4941 1442 4995 Deus
1491 4945 1592 4996 erit
1661 4945 1815 4999 Pater
1869 4949 2040 5001 nihili.

483 5028 666 5094 Atqui,
699 5046 726 5079 ο
760 5030 1203 5095 miseri,dixerim
1239 5047 1333 5098 ego
1355 5036 2039 5098 ejuscemodidoctoribus:

487 5116 676 5169 inanes
732 5134 882 5185 ungat
937 5129 1063 5173 sunt
1123 5133 1298 5173 vestra
1367 5125 1664 5192 dogmata:
1713 5139 1801 5179 attt
1847 5130 2041 5198 alioqui

489 5207 616 5259 mihi
646 5211 992 5276 interroganti
1021 5215 1355 5279 respondete.
1405 5213 1520 5277 Quo
1551 5227 1704 5284 pttt'lt)
1733 5230 1815 5271 est
1847 5222 2043 5273 eximia

486 5313 614 5364 ergo
637 5314 732 5353 nos
763 5298 976 5353 dilectio
1005 5299 1095 5354 Dei
1121 5320 1181 5355 :tc
1213 5302 1382 5356 Patris
1411 5307 1431 5356 ?
1461 5316 1510 5359 et
1536 5308 1578 5360 si
1604 5309 1750 5361 dedit
1776 5326 1869 5377 pro
1892 5313 2044 5366 nobis

485 5386 702 5451 Filium,
725 5391 812 5457 qui
848 5406 909 5441 ex
957 5402 1130 5444 vestra
1171 5397 1431 5448 sententia
1483 5413 1585 5450 non
1643 5402 1872 5463 exsistit,
1911 5405 2040 5456 nihil

488 5475 647 5544 igitur
684 5479 828 5532 dedit
857 5497 952 5548 pro
976 5485 1144 5547 nobis,
1179 5501 1347 5554 neque
1399 5489 1626 5542 Verbum
1665 5509 1790 5544 raro
1847 5494 2041 5548 factum

489 5580 591 5632 ut,
635 5587 803 5640 neque
866 5577 1220 5629 venerandam
1271 5595 1486 5634 crucem
1533 5587 1809 5649 sustinuit,
1878 5604 2046 5655 neque

559 5742 642 5797 πί
676 5742 870 5800 ,Ιυιιιιι
909 5749 953 5810 l,
991 5750 1040 5802 “2.
1133 5751 1346 5808 ".loau.
1391 5771 1504 5822 vm,
1545 5758 1629 5825 57,
1669 5758 1751 5812 58.

2152 4590 2487 4659 διενθυμοῖτο
2520 4592 2718 4659 σοφῶς.
2742 4592 2969 4653 Ούκοῦν,
2995 4594 3291 4659 ἀναγκαῖον
3319 4591 3472 4662 οἶμαί
3499 4611 3602 4647 πού
3628 4597 3723 4649 καὶ

2152 4678 2380 4748 ἀτρεκὲς
2405 4679 2598 4739 εἰπεῖν,
2630 4679 2714 4741 Ὠς
2751 4680 2906 4749 εἴπερ
2938 4681 3084 4732 ἐστὶν
3119 4681 3462 4751 ἀνύπαρκτος
3499 4687 3525 4737 6
3571 4685 3720 4752 Υἱὸς,

2150 4770 2254 4822 οὐδ’
2284 4770 2349 4822 ἂν
2377 4771 2464 4822 τὸν
2517 4771 2731 4840 Πατέρα
2768 4771 2906 4824 κατὰ
2953 4771 3010 4822 τὸ
3055 4771 3250 4842 ἀληθὲς
3295 4777 3592 4853 νοήσαιμεν
3631 4777 3716 4829 ἀν.

2151 4861 2259 4912 Ποῦ
2285 4862 2391 4931 γὰρ
2417 4862 2494 4914 ἔτι
2524 4863 2733 4932 Πατὴρ,
2757 4866 2803 4915 εί
2838 4864 2910 4932 μὴ
2943 4864 3160 4918 τέτοκεν
3195 4865 3438 4936 ἀληθῶς;
3466 4869 3533 4919 Ἢ
3563 4870 3720 4938 είπερ

2151 4954 2443 5022 γεγέννηκε
2476 4955 2537 5004 τὸ
2585 4955 2657 5024 μὴ
2689 4955 2932 5023 ὑφεστὼς
2953 4992 2967 5015 ,
3016 4957 3151 5025 μήτε
3189 4958 3431 5026 ὑπάρχον
3465 4959 3598 5021 ὅλως
3621 5000 3634 5023 ,
3661 4960 3721 5012 τὺ

2151 5044 2408 5111 γεννηθὲν
2437 5042 2589 5097 ἔσται
2625 5045 2682 5096 τὸ
2708 5046 2891 5113 μηδέν.
2926 5047 2997 5099 T6
3020 5046 3128 5116 γάρ
3152 5065 3234 5100 τοι
3261 5051 3333 5116 μὴ
3369 5049 3637 5117 ὑφεστὼς,
3664 5052 3721 5102 ὲν

2154 5133 2250 5203 ἴσῳ
2275 5133 2351 5202 τῷ
2381 5135 2586 5202 μηδενὶ,
2625 5136 2825 5201 μᾶλλον
2851 5135 2906 5188 δὲ
2937 5137 3211 5199 παντελῶς
3255 5139 3424 5192 οὐδέν.
3458 5134 3586 5192 Εἶτα
3624 5141 3716 5193 τοῦ

2157 5227 2381 5294 μηδενὸς
2416 5227 2564 5278 ἔσται
2613 5229 2801 5296 Πατὴρ
2839 5231 2866 5280 6
2913 5230 3064 5292 Θεός.
3123 5229 3298 5294 Ἀλλ’,
3342 5225 3387 5282 ὧ
3433 5232 3716 5300 βέλτιστοι,

2153 5320 2316 5386 φαίην
2345 5318 2409 5369 ἂν
2439 5318 2610 5386 ἔγωγε
2646 5320 2780 5388 πρός
2808 5338 2868 5387 γε
2903 5324 3024 5383 τοὺς
3068 5321 3174 5373 τῶν
3220 5323 3476 5376 τοιούτων
3522 5325 3718 5394 ἐξηγη-

2150 5413 2264 5474 τὰς,
2317 5410 2472 5473 ὕθλος
2519 5416 2720 5474 εἰκαῖος
2767 5413 2833 5465 τὰ
2873 5414 3000 5483 παρ’
3048 5415 3229 5481 ὑμῶν,
3281 5417 3447 5486 ἤγουν
3479 5419 3720 5488 ἐρομένῳ

2154 5502 2418 5569 φράζετε·
2453 5503 2568 5563 πῶς
2613 5504 2887 5573 ἐξαίρετος
2938 5508 2967 5571 ἡ
3021 5508 3096 5567 εἰς
3130 5509 3278 5575 ἡμᾶς
3311 5510 3585 5578 ἀγάπησις
3623 5509 3716 5561 τοῦ

2153 5591 2286 5643 Θεοῦ
2333 5593 2424 5644 καὶ
2471 5595 2708 5662 Πατρός
2766 5595 2857 5646 καὶ
2899 5597 2943 5646 εἰ
2983 5596 3211 5650 δέδωκεν
3260 5599 3395 5670 ὑπὲρ
3627 5600 3717 5654 τὸν

1831 5761 1872 5791 ’⁷
1907 5759 2040 5814 Psal.
2071 5778 2197 5828 un,
2237 5766 2312 5818 l2.
2397 5768 2481 5820 "1
2516 5766 2663 5823 .luan.
2705 5785 2759 5832 Il,
2791 5769 2878 5833 (ὶῖ,
2916 5772 2997 5826 23.
