4036 6336
524 420 663 477 ms

1535 411 1593 471 S.
1632 413 1905 471 οϊιιιιιι
1946 411 2415 470 ΑιειΑΝοιιιΝι
2455 410 2776 468 ARCHIEI'.

3614 410 3759 467 ιιιο

524 542 754 594 ctiones.
793 536 1036 591 Esurisse
1059 534 1200 589 enirn
1226 534 1441 599 dicitur,
1464 544 1517 589 et
1549 533 1757 590 labores
1788 551 1853 589 ex
1904 535 2068 606 longis

2182 534 2330 598 αίτιι
2372 534 2542 603 πάθη.
2591 534 2849 599 Πεινῆσαι
2890 530 2999 604 7&9
3039 530 3280 601 λέγεται,
3320 532 3522 594 κόπους
3558 548 3617 584 τε
3654 533 3764 586 ὑπ·-

521 624 939 696 prol‘ectionibns
971 626 1248 690 tolerasse,
1282 641 1527 696 pavorem
1569 627 1730 681 etiam
1781 640 1843 681 ac
1888 636 2082 690 metus,

522 720 758 777 dolorem
783 726 837 771 et
877 732 1186 782 maerorem,
1244 727 1471 772 mortem
1537 718 1767 787 denique
1817 718 1871 771 in
1924 733 2085 773 cruce

519 812 770 867 subiisse.
800 810 1037 878 Cogente
1076 812 1217 866 enim
1248 811 1460 863 nemine
1529 812 1763 865 animam
1800 826 1950 865 suam
1988 826 2083 880 pro

518 902 677 957 nobis
706 902 965 970 posuit“,
1002 911 1056 954 ut
1094 902 1317 955 mortuis
1351 900 1588 956 simulet
1640 903 1940 957 viventibus
1988 904 2085 955 do-

516 992 754 1046 minetur
780 991 845 1045 “.
868 991 1100 1046 Carnem
1126 996 1359 1059 namque
1390 1006 1541 1047 suam
1573 1006 1670 1059 pro
1700 990 1936 1046 omnium
1962 1006 2083 1043 car-

517 1101 586 1138 ne
614 1085 944 1152 persolvens,
973 1082 1168 1139 donum
1204 1099 1390 1138 revera
1438 1084 1688 1139 omnibus
1732 1082 2078 1152 equivalens,

519 1178 753 1231 animam
782 1176 942 1228 etiam
976 1190 1127 1231 suam
1163 1175 1401 1229 omn-ium
1434 1176 1733 1227 animarmn
1759 1172 2076 1241 redemptio-

517 1268 601 1320 nis
628 1268 858 1334 pretium
893 1266 1064 1327 dedit,
1091 1266 1301 1320 tametsi
1358 1272 1571 1319 rursdm
1630 1266 1907 1327 revixerit,
1966 1264 2073 1316 vita

515 1356 831 1411 naturaliter
870 1356 1162 1421 exsistens,
1216 1365 1275 1411 ut
1315 1355 1473 1410 Deus.
1528 1355 1737 1409 Idcirco
1767 1366 1821 1409 et
1861 1353 2077 1407 divinus

510 1447 704 1502 Petrus
733 1448 803 1500 ita
835 1448 945 1501 ait:
990 1465 1008 1499 ι
1046 1446 1157 1502 Viri
1191 1446 1411 1514 fratres,
1466 1434 1625 1503 liceat
1693 1447 1955 1500 audenter
1996 1444 2078 1500 di-

511 1551 641 1593 cere
656 1538 719 1590 ad
749 1548 844 1593 vos
876 1539 943 1592 de
971 1538 1274 1607 patriarcha
1314 1537 1765 1608 David,quoniam
1794 1537 2082 1592 defunctus

2186 628 2429 692 ενεγκεῖν
2458 626 2583 686 τοὺς
2624 626 2687 675 ἐκ
2724 622 2950 693 μακρῶν
2971 621 3309 692 ὁδοιποριῶν,
3354 623 3547 686 πτοίας
3575 640 3634 675 τε
3665 625 3762 677 καὶ

2186 717 2405 785 φόϐους,
2444 717 2536 768 καὶ
2584 715 2758 782 λύπην
2795 714 2891 767 καὶ¹
2936 713 3201 781 ἀγωνίαν,
3250 714 3343 766 καὶ
3389 714 3481 767 τὸν
3543 716 3637 767 ἐπὶ
3681 714 3762 785 τῷ

2185 809 2402 877 σταυρῷ
2433 808 2677 860 θάνατον.
2717 805 3214 872 Ἐπαναγκάξοντος
3251 804 3358 876 7&9
3389 804 3628 868 οὐδενὸς,
3670 805 3761 859 τέ-

2182 902 2361 953 θεικεν
2380 900 2473 965 ἀφ’
2496 897 2690 950 ἑαυτοῦ
2711 896 2808 966 τὴν
2832 894 2968 948 ἰδίαν
2998 893 3175 965 ψυχὴν
3194 895 3333 965 ὑπὲρ
3356 894 3533 964 ἡμῶν,
3556 895 3643 947 ἵνα
3664 895 3762 947 καὶ

2182 991 2389 1060 νεκρῶν
2421 990 2513 1043 καὶ
2543 987 2760 1054 ζώντων
2789 986 3074 1057 κυριεύσῃ.
3105 986 3291 1055 Σάρκα
3338 985 3438 1055 μὲν
3478 986 3578 1055 τὴν
3620 986 3759 1039 ιδίαν

2178 1081 2277 1149 τῆς
2318 1081 2570 1134 ἁπάντων
2623 1078 2823 1148 caput)»;
2864 1078 3280 1140 ἀνταποτιννὺς,
3327 1078 3499 1148 δῶρον
3530 1077 3750 1146 άληθῶς

2179 1170 2449 1233 ἀντάξιον,
2490 1169 2665 1239 ψυχὴν
2704 1169 2760 1221 δὲ
2790 1168 2967 1238 ψυχῆς
3001 1168 3316 1239 ἀντίλυτρον
3350 1172 3447 1239 τῆς
3495 1170 3760 1222 ἁπάντων

2179 1260 2521 1331 ποιούμενος,
2564 1262 2612 1313 εἰ
2668 1262 2759 1313 καὶ
2803 1260 3005 1313 ἀνεϐίω
3037 1260 3219 1324 πάλιν,
3248 1260 3360 1331 ζωὴ
3410 1274 3549 1313 κατα
3592 1259 3756 1329 φύσιν

2177 1354 2437 1424 ὑπάρχων
2480 1354 2555 1417 ὼς
2588 1354 2744 1416 Θεός.
2795 1355 2903 1408 Καὶ
2937 1354 3066 1422 γοῦν
3111 1355 3139 1406 ό
3182 1353 3473 1418 ιθεσπέσιος
3520 1354 3750 1426 Πέτρος,

2182 1465 2199 1497 ι
2228 1446 2453 1516 ’Ἄνδρες
2482 1444 2726 1514 ἀδελφοὶ,
2758 1445 2942 1515 φησιν,
2976 1445 3094 1511 ἐξὸν
3136 1447 3311 1498 εἰπεῖν
3356 1445 3498 1515 μετά
3530 1448 3754 1515 παρρη-

2178 1536 2295 1598 σίας
2328 1534 2459 1603 πρὸς
2482 1535 2625 1604 ὑμᾶς
2649 1533 2777 1604 περὶ
2814 1534 2911 1587 τοῦ
2950 1535 3289 1605 πατριάρχου
3323 1535 3508 1596 Δαδὶδ,
3530 1536 3614 1587 ὅτι
3658 1536 3754 1589 καὶ

508 1635 596 1681 est
627 1637 682 1680 et
716 1628 958 1697 sepultus
990 1637 1093 1693 est,
1123 1636 1176 1683 et
1216 1628 1519 1697 sepulcrum
1548 1627 1663 1695 ejus
1691 1636 1775 1683 est
1805 1627 1940 1697 apud
1980 1642 2068 1680 nos

2174 1629 2493 1699 ἐτελεύτησε
2520 1628 2615 1681 καὶ
2651 1628 2846 1695 ἐτάφη.
2881 1628 3058 1680 καὶτὸ
3086 1627 3279 1697 μνῆμα
3310 1628 3475 1680 αὐτοῦ
3511 1628 3660 1678 ἐστιν
3693 1626 3753 1679 ἐν

512 1734 683 1786 usque
714 1720 765 1773 in
810 1718 1126 1774 hodiernum
1161 1720 1323 1776 diem.
1351 1720 1610 1789 Propheta
1642 1720 1801 1789 igitur
1828 1734 1947 1772 cum
1990 1733 2068 1773 es-

2174 1722 2304 1789 ἡμῖν
2342 1719 2468 1790 ἄχρι
2492 1718 2589 1787 τῆς
2612 1718 2824 1787 ἡμέρας
2855 1717 3079 1786 ταύτης.
3125 1717 3417 1787 Προφήτης
3450 1712 3542 1769 οὖν
3569 1716 3750 1787 ὑπάρ-

510 1817 612 1869 sct.
633 1820 687 1863 et
715 1808 876 1862 sciret
905 1809 1026 1877 quia
1041 1807 1394 1879 jurejurando
1407 1809 1641 1873 iurasset
1692 1809 1765 1864 illi
1830 1810 1971 1864 Deus
2008 1811 2068 1863 de

2174 1828 2304 1880 κων,
2335 1809 2427 1863 καὶ
2467 1807 2641 1872 εἰδὼς,
2666 1808 2750 1861 ὅτι
2794 1808 2941 1877 ὅρκῳ
2989 1806 3204 1877 ὤμοσεν
3250 1806 3399 1877 αὐτῷ
3430 1808 3457 1860 ὁ
3488 1806 3641 1869 Θεὸς,
3685 1808 3752 1860 ὲκ

507 1895 684 1949 fructu
713 1896 875 1953 lumbi
901 1897 1019 1966 ejus
1042 1900 1229 1955 sedere
1263 1913 1425 1968 super
1454 1900 1635 1953 sedem
1679 1897 1817 1964 ejus,
1877 1898 2065 1966 praevi-

2174 1898 2391 1971 καρποῦ
2433 1898 2535 1967 τῆς
2581 1897 2782 1966 ὀσφύος
2826 1896 2989 1950 αὐτοῦ
3025 1895 3247 1949 καθίσαι
3289 1897 3383 1949 ἐπὶ
3430 1898 3520 1950 τὸν
3557 1898 3750 1968 θρόνον

509 1987 642 2041 dens
665 1972 884 2041 locutus
902 1998 984 2045 est
1015 1988 1083 2043 de
1110 1991 1504 2045 resurrectione
1534 1989 1757 2053 Christi,
1809 1989 1930 2057 quia
1978 2005 2068 2043 ne-

2176 1991 2365 2053 αύτοῦ,
2412 1989 2649 2060 προϊδὼν
2694 1989 2923 2059 ὲλάλησε
2964 1989 3225 2058 περὶτῆς
3276 1990 3625 2053 ἀναστάσεως
3653 1988 3748 2044 τοῦ

506 2089 612 2143 que
633 2074 895 2130 derelicta
917 2088 999 2132 est
1034 2078 1087 2132 in
1115 2078 1324 2132 inferno
1351 2079 1527 2133 anima
1558 2080 1694 2144 eius,
1722 2094 1899 2150 neque
1947 2095 2068 2133 caro

2175 2078 2435 2151 Χριστοῦ,
2477 2081 2559 2132 ὅτι
2598 2078 2721 2133 οὒτε
2772 2078 3166 2149 ἐγκατελείφθη
3225 2080 3303 2143 είς
3339 2080 3471 2150 ᾅδην
3514 2081 3546 2148 ή
3600 2079 3746 2151 ψυχὴ

506 2164 625 2231 eius
650 2166 783 2219 vidit
814 2168 1212 2236 corruptionem
1241 2167 1308 2221 “.
1343 2187 1361 2218 ι
1405 2166 1585 2235 Neque
1617 2169 1759 2223 enim
1816 2168 1894 2222 fas
1914 2166 2068 2223 fuerit

2173 2170 2358 2232 αὑτοῦ,
2389 2169 2513 2223 οὔτε
2540 2173 2572 2239 ἡ
2609 2170 2745 2239 σὰρξ
2770 2168 2935 2222 αὐτοῦ
2974 2166 3081 2221 εἶδε
3112 2169 3430 2239 διαφθοράν.
3462 2190 3479 2220 ι
3515 2171 3589 2222 Οὐ
3638 2171 3747 2243 γάρ

506 2257 682 2312 dicere
704 2270 972 2324 perpetua
1002 2260 1330 2328 corruptioni
1350 2260 1637 2315 obnoxiam
1672 2273 1797 2313 esse
1835 2262 2073 2330 potuisse

502 2361 721 2401 carnem
758 2344 930 2402 Verbo
955 2348 1199 2413 unitam;
1244 2362 1415 2417 neque
1444 2363 1632 2405 rursus
1684 2348 1917 2403 divinam
1956 2351 2071 2403 ani-

504 2450 646 2492 mum
673 2437 845 2503 portis
874 2437 1070 2491 inferni
1095 2437 1411 2504 sulijectznn.
1447 2438 1575 2490 Nam
1602 2440 1653 2491 in
1679 2438 1889 2495 inferno
1918 2442 2069 2495 dere-

506 2528 665 2579 lictus
693 2544 794 2581 non
817 2538 917 2593 cst,
941 2538 999 2581 ut
1020 2528 1231 2584 divinus
1261 2529 1424 2603 ωδ
1446 2529 1638 2584 Petrus
1661 2531 1754 2585 ait.
1781 2530 1894 2587 Non
1926 2532 2066 2584 enim

507 2625 751 2670 naturam
781 2631 898 2685 quae
931 2633 960 2671 a
985 2628 1155 2673 morte
1174 2621 1557 2688 comprehendi
1591 2629 1643 2674 et
1671 2621 1809 2675 vinci
1837 2639 1940 2675 non
1976 2639 2068 2691 pn-

506 2716 629 2771 tcst,
658 2708 762 2763 hoc
784 2719 890 2773 est,
926 2710 1264 2765 divinitatem
1294 2709 1585 2777 Unigeniti,
1628 2726 1661 2766 e
1699 2714 2067 2767 subterraneis

502 2800 775 2867 specubus
806 2802 1078 2860 reductam
1132 2802 1227 2857 ait.
1282 2800 1470 2870 Neque
1528 2801 1671 2855 enim
1705 2802 2066 2855 admiratione

502 2890 659 2959 digna
688 2906 772 2945 res
792 2903 956 2951 esset,
984 2892 1028 2945 si
1066 2908 1169 2945 non
1220 2894 1416 2946 mansit
1451 2893 1501 2944 in
1560 2892 1770 2945 inferno
1806 2890 2062 2955 Verbum,

500 2982 643 3050 quod
676 2981 904 3036 Deitatis
929 2983 1164 3037 etlkacia
1189 2992 1242 3036 et
1266 2992 1459 3036 natura
1508 2982 1812 3036 admirabili
1884 2992 1938 3035 et
1983 2998 2066 3035 ra-

504 3076 699 3129 tionem
724 3078 1019 3129 excedente
1044 3075 1201 3130 modo
1214 3074 1396 3129 omnia
1426 3074 1609 3139 implet
1632 3074 1921 3142 omniaque
1938 3088 2062 3140 pcr-

496 3173 661 3217 aueat.
689 3162 947 3229 Superior
968 3164 1110 3217 enim
1144 3176 1225 3221 est
1270 3164 1417 3218 utimi
1453 3165 1569 3219 loco
1618 3174 1670 3217 et
1720 3164 2061 3217 circumscri-

2172 2278 2253 2314 τοι
2280 2262 2437 2330 θέμις
2466 2261 2659 2324 εἰπεῖν,
2694 2257 2869 2328 φθορᾷ
2905 2258 3004 2328 μὲν
3035 2257 3296 2312 δύνασθαι
3326 2258 3647 2329 κρατεῖσθαι
3669 2259 3743 2313 δι-

2171 2356 2355 2425 ηνεκεῖ
2382 2353 2479 2422 τὴν
2508 2352 2803 2406 ὲνωθεῖσαν
2826 2352 2905 2422 τῷ
2932 2352 3089 2422 Λόγῳ
3123 2352 3322 2421 σάρκα,
3340 2351 3570 2422 κάτοχον
3600 2353 3655 2406 δὲ
3679 2348 3745 2407 αὖ

2170 2450 2288 2511 ταῖς
2328 2446 2454 2516 ᾅδου
2499 2445 2695 2507 πύλαις
2732 2446 2833 2514 τὴν
2885 2444 3037 2499 θείαν
3078 2444 3330 2513 γενέσθαι
3379 2444 3582 2515 ψυχήν.
3632 2447 3747 2499 Οὐκ

2169 2536 2564 2605 ἐγκατελείφθη
2608 2537 2713 2607 7&9
2759 2537 2840 2599 εἰς
2877 2536 3026 2606 ᾅδου,
3076 2536 3222 2589 καθὰ
3268 2538 3362 2589 καὶ
3395 2539 3421 2589 ὀ
3461 2537 3745 2602 θεσπέσιος

2169 2628 2272 2697 ἔφη
2296 2627 2521 2699 Πέτρος.
2559 2627 2635 2679 Οὐ
2674 2627 2781 2695 γάρ
2815 2643 2917 2678 που
2946 2628 3047 2696 τήν
3090 2643 3154 2694 γε
3196 2626 3435 2697 ἄληπτον
3467 2628 3746 2692 παντελῶς

2170 2720 2261 2771 καὶ
2295 2718 2565 2773 ἀνάλωτον
2599 2717 2676 2787 τῷ
2712 2718 2927 2788 θανάτῳ
2966 2718 3149 2788 φύσιν,
3184 2720 3457 2783 τουτέστι,
3492 2721 3592 2789 τὴν
3628 2720 3746 2773 θεός

2166 2829 2306 2881 τητα
2343 2812 2436 2864 τοῦ
2484 2809 2844 2878 Μονογενοῦς,
2892 2809 3000 2863 τῶν
3032 2811 3134 2864 ὑπὸ
3179 2811 3342 2880 χθόνα
3385 2812 3575 2880 μυχῶν
3614 2814 3746 2865 ἀνα-

2168 2904 2491 2973 κεκομίσθαι
2522 2904 2705 2973 φησίν.
2733 2904 2808 2957 Ού
2835 2904 2943 2974 7&9
2974 2904 3039 2958 ἂν
3063 2902 3272 2973 ἠξιώθη
3299 2904 3361 2957 τὸ
3391 2905 3577 2973 χρῆμα
3611 2896 3743 2957 θαύ-

2170 3010 2357 3063 ματος,
2397 2995 2444 3044 εί
2481 2994 2555 3063 μὴ
2586 2995 2893 3063 μεμένηκεν
2922 2996 3002 3058 εἰς
3032 2994 3121 3047 τὸν
3153 2994 3287 3064 ᾅδην
3315 2997 3343 3047 ὁ
3381 2996 3445 3046 ἐκ
3480 2994 3614 3047 Θεοῦ
3647 2996 3745 3047 Λό-

2166 3102 2281 3151 γος,
2320 3087 2385 3154 τῇ
2419 3085 2519 3153 τῆς
2546 3084 2798 3153 θεότητος
2831 3086 3081 3156 ἐνεργείᾳ
3114 3103 3173 3138 τε
3203 3086 3298 3138 καὶ
3339 3085 3519 3154 φύσει,
3558 3104 3740 3157 παρα-

2164 3175 2329 3239 δόξως
2360 3176 2453 3228 καὶ
2489 3176 2626 3245 ὑπὲρ
2678 3176 2858 3243 λόγον,
2903 3178 3127 3247 πληρῶν
3170 3178 3268 3248 μὲν
3302 3177 3372 3232 τὰ
3412 3181 3610 3244 πάντα,
3650 3182 3743 3233 καὶ

497 3257 704 3322 ptionc,
733 3255 1202 3323 magnitudineque
1235 3256 1584 3309 mensurabili
1619 3255 1821 3312 Deitas.
1855 3268 1951 3307 nec
1998 3254 2065 3307 ab

2172 3268 2283 3325 τοῖς
2330 3265 2496 3317 πᾶσιν
2546 3264 2850 3334 ἐπιδημῶν.
2924 3266 3205 3336 ’Λνωτέρω
3262 3269 3369 3339 γὰρ
3419 3271 3607 3334 τόπου,
3652 3270 3743 3321 καὶ

500 3345 605 3399 ullo
635 3346 959 3399 continetur.
992 3345 1119 3402 Illud
1155 3362 1281 3399 vero
1330 3346 1530 3399 nemini
1578 3364 1684 3401 non
1726 3364 2070 3417 summopere

498 3436 869 3491 admirandum
899 3444 1001 3493 est.
1030 3438 1177 3506 quod
1203 3452 1399 3506 corpus
1426 3448 1614 3491 natura
1670 3453 1762 3493 sua
1809 3440 2071 3505 corrupti-

500 3527 603 3581 bile
632 3527 905 3591 revixerit,
960 3528 1226 3596 siquidem
1284 3528 1679 3597 incorruptibili
1741 3530 1915 3585 Verbo
1956 3531 2071 3584 uni-

499 3628 611 3672 tum
646 3618 999 3675 crat.Anitna
1048 3629 1228 3675 autem
1285 3620 1487 3683 divina,
1538 3637 1657 3690 quae
1718 3638 2066 3693 congressum

496 3718 659 3777 atque
689 3710 947 3765 unitatem
988 3726 1107 3765 cum
1139 3710 1313 3767 Verbo
1343 3723 1629 3769 consecuta
1672 3724 1810 3779 erat,
1844 3715 2067 3769 descen-

496 3800 575 3855 dit
604 3799 817 3866 quidem
850 3800 901 3853 in
934 3800 1223 3867 inl'ertmm,
1257 3811 1311 3855 et
1342 3801 1521 3856 divina
1567 3805 1803 3871 potentia
1844 3805 2065 3860 faculta-

493 3902 657 3960 teque
682 3892 1049 3957 utens,etiatn
1087 3892 1368 3961 spiritibus
1394 3894 1445 3947 in
1483 3894 1695 3951 iul‘erno
1747 3898 2066 3954 constitutis

494 3982 762 4051 apparuit.
787 3982 990 4040 Idcirco
1014 3986 1175 4037 etiam
1200 3984 1335 4039 dixit
1366 3986 1437 4042 iis
1452 3986 1542 4055 qui
1566 3988 1617 4040 in
1636 3988 1867 4043 vinculis
1887 4000 2067 4055 erant,

498 4092 518 4123 4
565 4071 757 4127 Exite:
805 4085 862 4126 et
910 4074 973 4128 iis
1003 4076 1095 4143 qui
1127 4076 1178 4128 in
1205 4076 1462 4141 tenebris,
1485 4076 1813 4133 Revelamini
1841 4080 1906 4135 ⁸⁵.
1941 4100 1961 4132 ›
1989 4083 2067 4135 Ac

494 4164 627 4221 Inibi
659 4164 872 4231 quidem
906 4165 1228 4227 ejuscemodi
1258 4167 1458 4237 aliquid
1492 4168 1673 4225 dicere
1698 4172 1910 4225 videtur
1936 4172 2062 4227 bea-

493 4262 580 4307 tus
612 4252 803 4308 Petrus
832 4254 897 4308 de
917 4253 1091 4311 Verbo
1117 4257 1231 4321 Dei,
1262 4257 1432 4326 deque
1470 4259 1647 4316 anima
1702 4277 1819 4331 quae
1858 4264 1907 4317 ei
1964 4280 2064 4333 per

493 4347 947 4415 dispensationem
990 4351 1135 4403 unita
1156 4359 1259 4405 est.
1319 4370 1337 4402 ι
1384 4349 1572 4410 Melius
1628 4361 1732 4420 est,
1789 4355 2059 4426 inquiens,

495 4435 895 4493 ltcnefncientes
922 4436 991 4508 (si
1023 4440 1271 4496 voluntas
1301 4440 1394 4497 Dei
1428 4443 1723 4513 velit)pati,
1756 4461 1914 4515 quam
1949 4462 2061 4500 ma-

493 4527 825 4591 lelacientes,
878 4530 1002 4598 quia
1057 4539 1111 4585 et
1162 4530 1411 4587 Christus
1455 4537 1621 4589 semel
1667 4551 1766 4607 pro
1828 4538 2062 4608 peccatis

494 4629 743 4673 mortuus
766 4631 865 4683 est,
889 4621 1066 4688 justus
1101 4638 1199 4691 pro
1220 4624 1453 4693 iniustis,
1480 4635 1536 4680 ut
1564 4641 1661 4681 nos
1686 4627 1903 4684 oﬂ'erret
1924 4630 2051 4695 Deo,

493 4709 845 4766 inortillcatus
892 4712 1107 4779 quidem
1138 4727 1322 4778 carne,
1355 4715 1659 4772 viuiﬁcatus
1687 4727 1869 4772 autem
1931 4708 2055 4789 Spi-

493 4801 594 4853 ritu
626 4818 640 4853 :
678 4801 731 4853 In
753 4817 879 4867 quo,
919 4802 1109 4870 inquit,
1137 4814 1191 4859 et
1212 4806 1274 4859 iis
1295 4807 1385 4874 qui
1432 4807 1483 4861 in
1514 4824 1736 4865 carcere
1763 4813 2054 4881 erant.spi-

491 4891 681 4945 ritibus
710 4893 927 4947 veniens
956 4893 1283 4963 praedicavit,
1323 4896 1413 4967 qui
1463 4898 1752 4967 aliquando
1789 4901 2049 4956 increduli

488 4981 699 5033 fuerant
725 4982 789 5034 “.
820 5003 835 5032 ι
865 4983 1044 5052 Neque
1059 4986 1225 5049 enim,
1256 4996 1314 5041 ut
1336 4988 1590 5053 arbitror,
1618 4991 1837 5055 dixerit,
1861 4994 2055 5045 nudam

489 5071 765 5141 solamque
795 5090 891 5142 per
915 5088 975 5127 se
996 5075 1255 5131 Deitatem
1283 5077 1554 5146 Unigeuiti
1588 5082 1640 5133 in
1662 5081 1926 5135 infernum
1961 5082 2051 5137 de-

488 5164 762 5217 scendisse
804 5180 816 5215 :
852 5167 1117 5235 siquidem
1150 5168 1434 5223 invisibilis
1467 5172 1735 5226 exsistens
1780 5174 2059 5242 spiritibus

489 5252 577 5315 qui
609 5251 717 5305 illic
740 5264 915 5319 erant,
939 5257 1236 5323 praedicare
1266 5260 1490 5315 omnino
1524 5278 1628 5315 non
1692 5265 1884 5331 potuit.
1912 5263 2056 5317 Praz-

487 5343 716 5395 stantior
746 5345 886 5398 enim
918 5356 1000 5401 est
1037 5348 1217 5405 Deitas
1252 5367 1408 5419 quam
1454 5363 1509 5407 ιιι
1546 5355 1690 5407 cerni
1731 5357 1925 5423 possit:
1963 5357 2056 5410 sed

490 5447 662 5499 neque
694 5434 1006 5503 imaginaria
1040 5441 1269 5507 quadam
1299 5444 1608 5510 apparentia
1637 5446 1972 5500 divinitatem
2005 5448 2053 5500 in

490 5521 682 5574 animm
728 5525 960 5591 Speciem
1019 5528 1457 5585 transfortnataut
1524 5535 1912 5600 concetlemus;
1964 5539 2053 5589 sed

489 5610 713 5678 perinde
742 5624 902 5684 atque
930 5617 993 5671 iis
1023 5620 1110 5687 qui
1147 5622 1321 5675 adhuc
1358 5621 1410 5675 in
1434 5638 1597 5678 carne
1649 5635 1953 5691 versantur,
1982 5630 2049 5682 ita

559 5787 600 5818 ⁴²
635 5787 807 5845 lJean
864 5809 945 5853 lli.
992 5795 1073 5848 l6.
1154 5798 1193 5827 δ’
1231 5797 1388 5854 llom.
1435 5814 1544 5864 xw,
1575 5800 1626 5857 9.
1710 5804 1890 5860 “Act.
1926 5820 1983 5863 ιι.
2018 5805 2203 5862 τοὶ-ι.

2176 3353 2557 3423 περιορισμοῦ,
2588 3353 2679 3405 καὶ
2713 3353 2981 3423 μεγέθους
3014 3357 3284 3425 μετρητοῦ
3316 3358 3374 3410 τὺ
3403 3359 3579 3421 Θεῖον,
3612 3360 3743 3412 αὐτὸ

2171 3443 2226 3495 δὲ
2255 3443 2358 3494 ὑπὸ
2389 3443 2613 3512 μηδενὸς
2634 3444 3000 3515 χωρούμενον.
3027 3446 3337 3515 Παράδοξον
3358 3448 3433 3514 δὲ,
3465 3451 3556 3502 καὶ
3570 3451 3741 3503 οὐδενὶ

2172 3534 2279 3588 τῶν
2312 3534 2478 3588 ὄντων
2503 3534 2875 3605 ἀθαύμαστον,
2916 3536 2998 3588 ὅτι
3029 3537 3187 3607 σῶμα
3225 3539 3322 3609 μὲν
3356 3540 3555 3593 ἀνεϐίω
3584 3542 3644 3593 τὸ
3676 3544 3740 3611 τῇ

2172 3624 2328 3692 φύσει
2386 3623 2640 3695 φθαρτὸν,
2685 3628 2959 3697 συνήνωτο
2986 3628 3095 3698 γάρ
3130 3629 3207 3700 τῷ
3250 3630 3509 3701 ἀφθάρτῳ
3557 3632 3736 3703 Λόγῳ.

2172 3716 2331 3785 Ψυχὴ
2365 3715 2421 3767 δὲ
2459 3716 2491 3785 ή
2539 3715 2679 3780 θεία,
2731 3715 2827 3787 τὴν
2859 3718 2996 3788 πρὸς
3051 3720 3214 3773 αὑτὸν
3246 3722 3487 3791 λαχοῦσα
3522 3725 3737 3795 συνδρο-

2173 3808 2279 3874 μήν
2309 3823 2366 3858 τε
2398 3806 2491 3859 καὶ
2513 3807 2704 3859 ἕνωσιν
2734 3810 3179 3879 καταπεφοίτῃκε
3209 3810 3307 3881 μὲν
3333 3813 3410 3874 εἰς
3442 3812 3591 3882 ᾅδου,
3620 3813 3737 3866 θεο-

2171 3900 2370 3968 πρεπεῖ
2404 3898 2462 3950 δὲ
2482 3898 2707 3968 δυνάμει
2760 3900 2853 3951 καὶ
2893 3900 3109 3973 ἐξουσίᾳ.
3153 3904 3446 3973 χρωμένη,
3498 3906 3593 3959 καὶ
3629 3910 3736 3971 τοῖς

2169 3992 2347 4043 ἐκεῖσε
2384 3990 2659 4058 πνεύμασι
2691 3992 3075 4060 κατεφαίνετο.
3099 3995 3391 4065 Τοιγάρτοι
3417 3997 3508 4049 καὶ
3535 3996 3736 4064 ἔφασκε

2166 4083 2273 4143 τοῖς
2311 4082 2367 4133 ἐν
2391 4080 2631 4150 δεσμοῖς,
2665 4100 2682 4132 ι
2720 4083 3018 4148 Ἐξέλθετε,
3055 4086 3148 4138 καὶ
3185 4088 3296 4149 τοῖς
3337 4088 3392 4139 ἐν
3430 4086 3507 4157 τῷ
3535 4090 3735 4154 σκότει,

2178 4172 2640 4243 ’Λνακαλύφθητε.
2681 4193 2699 4225 ι
2731 4176 2838 4228 Καί
2890 4194 2980 4246 μοι
3010 4177 3177 4245 δοκεῖ,
3216 4180 3379 4247 φάναι
3404 4198 3456 4234 τι
3492 4180 3735 4235 τοιοῦτον

2165 4266 2258 4317 καὶ
2289 4267 2317 4318 ὁ
2349 4266 2621 4337 μακάριος
2652 4269 2859 4339 Πέτρος
2889 4268 3018 4339 περί
3046 4287 3106 4321 τε
3130 4270 3224 4323 τοῦ
3254 4271 3387 4324 Θεοῦ
3418 4273 3611 4341 Λόγου,
3645 4276 3734 4327 καὶ

2164 4356 2261 4425 τῆς
2322 4357 2444 4411 καθ’
2493 4358 2690 4413 ἕνωσιν
2751 4362 3102 4431 οἰκονομικὴν
3145 4364 3519 4433 γεγενημένης
3566 4366 3733 4418 αὐτοῦ

2160 4446 2357 4527 ψυχῆς,
2390 4467 2408 4499 ι
2438 4447 2696 4520 Κρεῖττον
2740 4450 2849 4522 γάρ
2898 4450 3386 4521 ἀγαθοποιοῦντας,
3419 4454 3467 4505 εί
3502 4453 3644 4507 θέλοι
3676 4456 3732 4507 τὲ

2094 4572 2136 4626 D
2163 4538 2374 4609 θέλημα
2399 4538 2493 4592 τοῦ
2515 4539 2673 4606 Θεοῦ,
2709 4541 2960 4612 πάσχειν,
2986 4542 3017 4613 ἦ
3053 4540 3503 4607 κακοποιοῦντας,
3530 4545 3612 4597 ὅτι
3643 4546 3732 4598 καί

2160 4632 2188 4683 ὁ
2227 4630 2463 4701 Χριστῷς
2507 4632 2656 4696 ἅπαξ
2706 4634 2843 4705 ὑπὲρ
2889 4635 3173 4704 ἁμαρτιῶν
3213 4635 3448 4688 ἀπέθανε
3473 4676 3487 4700 ,
3526 4636 3730 4701 δίκαιος

2160 4720 2301 4791 ὑπὲρ
2333 4721 2556 4786 ἀδίκων,
2582 4724 2649 4775 ἵν’
2683 4725 2831 4794 ἡμᾶς
2852 4727 3181 4798 προσαγάγῃ
3217 4726 3294 4794 τῷ
3322 4727 3460 4795 Θεῷ,
3487 4728 3725 4781 θανατω-

2159 4812 2271 4876 θεὶς
2290 4816 2474 4884 σαρκὶ,
2502 4815 2853 4885 ζωοποιηθεὶς
2882 4817 2939 4869 δὲ
2964 4818 3254 4886 πνεύματι·
3274 4818 3359 4869 Ἐν
3378 4811 3442 4883 ᾧ,
3461 4819 3613 4889 φησι,
3644 4819 3727 4871 καὶ

2159 4908 2271 4968 τοῖς
2301 4908 2360 4959 ἐν
2386 4908 2601 4978 φυλακῇ
2637 4909 2909 4978 πνεύμασι
2947 4909 3230 4979 πορευθεὶς
3257 4910 3541 4979 ἐκήρυξεν,
3572 4912 3730 4964 ἀπει-

2160 4996 2355 5065 θήσασι
2388 5014 2540 5050 ποτε.
2578 5019 2595 5050 ι
2643 4999 2776 5051 Οὐδὲ
2807 5000 2915 5070 γάρ
2943 4996 3097 5070 οἶμαι
3135 5003 3291 5069 φαῖεν
3325 5002 3409 5064 ἂν,
3443 5002 3518 5063 ὡς
3550 5003 3730 5075 γυμνὴ

2160 5089 2252 5142 καὶ
2278 5088 2398 5141 καθ’
2424 5089 2619 5159 ἑαυτὴν
2636 5092 2667 5159 ἡ
2686 5090 2886 5160 Θεότης
2908 5091 3001 5144 τοῦ
3030 5092 3383 5159 Μονογενοῦς,
3404 5095 3729 5161 καταπεφοί-

2158 5198 2289 5249 τηκε
2322 5181 2419 5250 μὲν
2458 5183 2537 5244 είς
2576 5183 2724 5252 ᾅδου,
2756 5184 3043 5254 διεκήρυξε
3084 5185 3140 5236 δὲ
3178 5187 3291 5246 τοῖς
3341 5186 3518 5237 ἐκεῖσε
3569 5188 3727 5237 πνεύ-

2157 5286 2309 5337 μασι,
2343 5269 2540 5333 άοπτος
2570 5268 2702 5323 οὖσα
2734 5274 3034 5335 παντελῶς.
3062 5274 3327 5342 Κρεῖττον
3360 5274 3466 5344 7&9
3510 5275 3597 5325 ἀεὶ
3636 5274 3728 5327 τοῦ

2159 5358 2388 5426 ὁρᾶσθαι
2428 5358 2486 5408 τὸ
2518 5358 2691 5423 Θεῖον,
2724 5361 2835 5412 ἀλλ’
2870 5361 2991 5412 οὐδὲ
3026 5361 3263 5431 δοκήσει,
3308 5365 3400 5415 καὶ
3428 5364 3729 5431 ἐσχηματι-

2166 5450 2400 5516 σμένως,
2440 5451 2515 5512 εἰς
2538 5451 2597 5503 τὸ
2627 5452 2803 5520 ψυχῆς
2837 5448 2973 5515 εἶδος
3001 5454 3167 5522 αὐτὴν
3203 5455 3596 5526 μεμορφῶσθαι
3627 5457 3725 5508 δῶ-

2164 5558 2349 5609 σομεν,
2386 5544 2747 5611 παραιτητέον
2780 5545 2835 5595 δὲ
2894 5548 3141 5614 πανταχῆ
3181 5548 3276 5617 τὴν
3314 5549 3531 5617 δόκησιν
3554 5565 3566 5576 ·
3616 5548 3727 5600 ἀλλ’

2160 5632 2345 5703 (Tunc-9
2370 5636 2476 5694 τοῖς
2508 5633 2584 5684 ἔτι
2629 5637 2766 5703 μετὰ
2800 5638 3017 5706 σαρκὸς,
3051 5638 3193 5689 οὕτω
3220 5640 3310 5690 καὶ
3342 5643 3459 5703 ταῖς
3493 5644 3570 5703 εἰς
3603 5641 3724 5712 ᾅδου

2286 5806 2712 5869 ⁴’⁸15,ι.ὶι.ικ,9.
2864 5813 3038 5867 il‘ett'.
3088 5831 3162 5872 ιιι.
3203 5817 3383 5872 ίῖ-ιυ.
