4036 6336
398 611 460 661 Δ.
506 608 615 661 Καὶ
652 608 760 680 μὴν
800 608 958 662 τοῦτό
1001 608 1061 677 γέ
1108 609 1258 661 ἐστιν
1293 609 1323 678 ἡ
1373 607 1659 679 πλάνητις,
1704 609 1796 660 καὶ
1848 608 1909 659 τὸ
1947 621 1982 666 ,ι

332 701 598 773 ἁμαρτεῖν
626 702 720 753 τοῦ
778 702 1085 770 πρέποντάς
1120 718 1178 753 τε
1236 701 1329 752 καὶ
1361 700 1617 769 ἀληθοῦς.
1667 699 1756 769 Μὴ
1802 700 1908 768 γάρ

334 810 421 867 μοι
446 794 646 865 διὲλῃς,
675 793 809 863 μηδὲ
836 793 1044 857 διῖστάς
1075 796 1151 856 εἰς
1184 793 1470 862 ἄνθρωπον
1499 792 1680 855 ίδικῶς
1710 792 1803 844 καὶ
1828 794 1909 853 εἰς

336 883 462 938 Θεὸν
496 885 690 950 Λόγον.
716 883 1065 954 διπρόσωπον
1095 885 1225 953 ἡμῖν
1250 881 1530 935 ἀντιτύπου
1572 882 1664 934 τὸν
1700 883 1909 952 Ἐμμα-

336 976 510 1048 νουήλ.
543 977 635 1047 Μὴ
666 977 772 1046 ἄρα
802 993 883 1038 τις
914 978 1048 1045 ἡμῖν
1086 976 1312 1037 εἰκότως
1338 974 1755 1044 διαμωμήσαιτο
1780 990 1911 1044 φρο-

338 1070 440 1120 νεῖν
462 1067 737 1137 ἑλομένοις
768 1066 925 1137 ὀρθὸν
953 1067 1054 1137 μὲν
1084 1066 1257 1126 οὐδὲν,
1309 1068 1493 1119 ἐκεῖνα
1520 1066 1575 1117 δὲ
1618 1065 1839 1135 μᾶλλον,
1876 1065 1911 1117 ἂ

336 1159 425 1213 ut
469 1156 555 1211 διὰ
595 1158 696 1227 τῆς
728 1158 890 1226 ἁγίας
926 1156 1290 1227 κατεδικάσθη
1338 1158 1598 1227 Γραφῆςς
1640 1152 1765 1209 Ἷιδε
1803 1158 1910 1227 γάρ

336 1262 412 1311 τις
438 1246 543 1315 ἔφη
567 1246 675 1298 τῶν
700 1245 938 1316 Χριστοῦ
965 1245 1275 1315 μαθητῶν-ι
1299 1245 1485 1315 Ὑμεῖς
1512 1246 1591 1304 δὲ.
1610 1246 1907 1314 ἀγαπητοὶ,

330 1338 609 1409 μνήσθητε
640 1339 749 1391 τῶν
784 1339 1049 1407 ῥημάτων
1086 1338 1193 1389 τῶν
1224 1337 1640 1409 προειρημένων
1672 1336 1776 1389 ὑπὸ
1803 1338 1910 1389 τῶν

326 1430 649 1483 ἀποστόλων
704 1429 796 1482 τοῦ
850 1430 1061 1499 Κυρίου
1105 1429 1261 1501 ἡμῶν
1296 1428 1468 1499 Ἰησοῦ
1519 1430 1778 1499 Χριστοῦ,
1828 1429 1909 1481 ὅτι

326 1524 515 1592 ελεγον
546 1525 696 1595 ὑμῖν,
726 1525 807 1575 ὅτι
839 1525 923 1576 ἐπ’
957 1524 1201 1594 ἐσχάτων
1228 1523 1335 1575 τῶν
1361 1524 1567 1593 χρόνων
1598 1522 1907 1575 ἐλεύσονται

328 1620 387 1671 ιν
432 1618 788 1687 ἐμπαιγμονῇ
830 1617 1131 1685 ἐμπαῖκται
1178 1616 1316 1666 κατᾶ
1346 1617 1445 1677 τὰς
1482 1614 1691 1668 ἑαυτῶν
1722 1616 1910 1667 ἐπιθυ-

330 1708 461 1779 μίας
491 1707 850 1778 πορευόμενοι
881 1707 989 1758 τῶν
1016 1707 1304 1759 ἀσεϐειῶν.
1338 1700 1499 1759 Οὗτοί
1533 1708 1670 1760 εἰσ³ν
1694 1710 1741 1759 οἱ
1773 1709 1907 1760 dno-

326 1798 653 1871 διορίζοντες
681 1799 923 1868 ψυχικοὶ,
952 1796 1168 1866 πνεῦμα
1203 1799 1275 1868 μὴ
1302 1798 1536 1867 ἔχοντες,
1570 1815 1585 1847 ι

398 1892 457 1943 Β.
502 1892 575 1944 Οὐ
617 1891 909 1961 διοριστέον
950 1886 1043 1941 οὖν
1082 1892 1186 1958 ἄρα
1228 1891 1346 1942 κατ’
1378 1891 1566 1943 οὐδένα
1609 1890 1835 1959 τρόπον;

1445 494 1536 548 ΒΕ
1572 490 2091 549 DICABNATIONE
2138 485 2511 544 UNIGENITL

3472 492 3612 549 me

2086 606 2149 660 A.
2188 604 2351 673 Atqui
2379 604 2481 658 hoc
2512 603 2726 672 quidem
2756 611 2843 655 est
2865 614 3070 668 errare,
3100 613 3152 657 et
3199 619 3227 657 ιι
3257 604 3482 658 veritate
3513 609 3610 660 de-

2020 693 2258 748 ﬂectere.
2294 690 2484 762 Neque
2512 692 2654 747 enim
2683 693 2797 746 hate
2820 691 3122 745 divellcnda
3157 702 3304 759 sunt,
3331 696 3400 747 ita
3427 704 3484 749 ut
3515 696 3613 750 lto-

2017 787 2215 840 minem
2247 786 2479 840 seorsitn
2513 794 2743 848 statuas,
2772 792 2827 837 et
2860 783 3027 838 Deum
3088 784 3325 838 Verbum
3352 786 3612 850 seorsim,

2014 889 2067 933 et
2119 877 2315 947 duplici
2368 892 2599 945 persona
2653 876 2940 946 pranlitum
2995 877 3153 931 nobis
3199 876 3613 933 Emmanuelem

2012 968 2254 1038 emugas.
2285 968 2478 1024 Nonne
2512 970 2659 1023 enim
2702 969 2898 1023 merito
2956 983 3054 1022 nos
3114 967 3281 1039 695
3341 969 3614 1037 quispiam

2018 1062 2398 1129 reprehendat,
2430 1062 2471 1113 si
2510 1061 2698 1113 relicta
2728 1076 2855 1114 vera
2889 1072 3146 1130 rectaque
3200 1063 3498 1124 sententia,
3546 1076 3611 1115 ea

2015 1155 2191 1220 potius
2220 1165 2494 1207 sectemur
2530 1170 2649 1223 qua:
2694 1168 2857 1210 sacra
2901 1153 3182 1221 Scriptum
3247 1154 3616 1209 condemnat?

2013 1242 2148 1296 Nam
2182 1244 2254 1297 ita
2289 1246 2512 1313 quidam
2546 1245 2939 1313 discipulorum
2966 1246 3166 1299 Christi
3208 1245 3422 1314 inquit:
3452 1264 3472 1298 ι
3504 1244 3615 1301 Vos

2014 1349 2217 1399 autem,
2246 1338 2452 1397 dilecti.
2484 1352 2753 1390 memores
2779 1347 2956 1392 estote
2989 1340 3277 1391 verborum
3330 1353 3449 1407 quzc
3470 1354 3611 1407 pra:-

2014 1428 2156 1482 tlicta
2189 1438 2312 1481 sunt
2361 1428 2427 1479 ab
2457 1430 2721 1497 apostolis
2760 1429 2970 1483 Domini
3007 1431 3177 1483 nostri
3209 1428 3334 1485 Jesu
3363 1430 3608 1485 Christi:

2015 1520 2105 1587 qui
2133 1520 2385 1573 dicebam
2420 1521 2591 1582 vobis,
2615 1522 2875 1588 quoniam
2916 1522 2969 1573 in
3006 1522 3318 1576 novissimis
3355 1524 3612 1590 tctnppt‘io

2016 1611 2114 1662 bus
2145 1610 2364 1663 venient
2394 1610 2641 1664 illusores
2670 1610 2967 1665 secundum
2996 1612 3264 1666 desideria
3294 1629 3389 1666 sua
3424 1613 3612 1666 ambu-

2016 1698 2187 1752 lantes
2225 1701 2275 1752 iu
2318 1702 2709 1767 itnpictulibtts.
2784 1701 2846 1756 Hi
2900 1707 3146 1771 suntqui
3202 1712 3494 1773 segregant
3527 1719 3613 1757 se-

2016 1793 2295 1859 metipsos,
2329 1793 2617 1859 animales,
2646 1794 2899 1859 spiritum
2938 1810 3042 1849 non
3083 1796 3343 1851 habentes
3377 1796 3443 1849 ⁸⁸.
3482 1815 3500 1847 ι

2090 1882 2149 1935 Β.
2190 1880 2345 1937 Nulla
2382 1885 2543 1953 igitur
2578 1888 2788 1941 ratione
2818 1896 2945 1940 sttut
2981 1888 3287 1943 dirimenda
3329 1890 3457 1942 ista.

395 1990 459 2037 A.
502 1952 799 2055 Οὑμενοῦν.
856 1985 947 2046 Εἰς
994 2000 1057 2049 γε
1096 1952 1157 2052 δὴ
1208 1982 1443 2051 μάλιστα
1495 1983 1555 2035 τὸ
1604 1952 1697 2034 δῦο
1747 1952 1912 2055 φάναι

2090 1977 2153 2029 Α.
2204 1975 2271 2031 Ut
2328 1952 2567 2031 maxime
2624 1978 2729 2032 duo
2789 1979 3040 2032 dicantur
3102 1990 3391 2051 postquam
3454 1982 3609 2036 unita

327 2077 468 2147 μετᾶ
520 2077 620 2148 τὴν
676 2076 893 2136 ἕνωσιν,
938 2075 1033 2127 καὶ
1067 2075 1340 2144 ἀναμέρος
1386 2075 1648 2144 ἑκάτερον
1692 2074 1913 2127 ἐννοεῖν.

338 2168 534 2223 Ἰστέον
555 2169 600 2222 δ’
630 2164 742 2234 οῦν,
776 2169 857 2221 ὅτι
889 2168 1083 2237 θεωρεῖ
1113 2170 1210 2237 μέν
1246 2186 1365 2220 τινα
1404 2168 1622 2235 φύσεων
1651 2167 1915 2237 διαφορὰν

324 2261 353 2314 ὁ
380 2262 754 2325 νοῦςοταυτὸν
793 2262 903 2331 γάρ
940 2260 999 2313 οὗ
1036 2260 1087 2312 τί
1126 2279 1227 2313 που
1260 2260 1450 2331 θεότης
1477 2278 1535 2314 τε
1569 2262 1665 2313 καὶ
1703 2260 1914 2331 ἀνθρω-

326 2353 496 2421 πότης
515 2368 528 2381 ‘
559 2351 859 2415 εἰσδέξεται
887 2351 943 2403 δὲ
965 2350 1101 2420 ὁμοῦ
1128 2354 1245 2413 ταῖς
1280 2352 1405 2421 περὶ
1429 2350 1633 2403 τούτων
1661 2352 1911 2414 ἐννοίαις,

328 2446 420 2499 καὶ
452 2449 564 2497 τοῖν
585 2446 786 2514 ἀμφοῖν
814 2446 892 2507 είς
923 2444 1155 2513 ἑνότητα
1184 2444 1515 2515 συνδρομήν.
1548 2443 1758 2498 Οὐκοῦν
1778 2443 1913 2496 Θεοῦ

328 2535 426 2607 μιν
457 2537 623 2603 ἐξέφυ
656 2536 751 2590 τοῦ
784 2536 1021 2607 Πατρός,
1046 2536 1119 2601 ὡς
1148 2536 1303 2600 Θεὸς,
1332 2537 1407 2599 ὡς
1438 2539 1502 2589 ὲκ
1529 2536 1808 2607 Παρθένου
1834 2536 1911 2597 δὲ,

325 2628 652 2700 ἄνθρωπος·
690 2630 717 2680 ὁ
756 2630 865 2698 γὰρ
910 2629 1045 2682 Θεοῦ
1080 2629 1293 2698 [ἰατρὸς
1328 2631 1656 2700 ἀπορῤήτως
1708 2648 1767 2682 τε
1821 2632 1915 2682 καὶ

327 2723 465 2794 ὑπὲρ
520 2722 642 2775 νοῦν
696 2724 1021 2794 ἀναλάμψας
1055 2724 1247 2791 Λόγος,
1290 2723 1647 2793 γεγεννῆσθαι
1698 2724 1915 2790 λέγεται

325 2818 419 2870 καὶ
465 2816 553 2867 διὰ
605 2817 883 2883 γυναικὸς,
917 2817 1326 2884 καταφοιτήσας
1374 2818 1454 2877 εἰς
1493 2815 1911 2885 ἀνθρωπότητα,

324 2910 419 2959 καὶ
465 2905 652 2969 καθετς
703 2908 895 2959 ἑαυτὸν
926 2908 1006 2969 εἰς
1036 2908 1170 2977 ὅπερ
1218 2908 1315 2959 οὐκ
1348 2902 1437 2976 ἦν,
1467 2908 1566 2975 οὐχ
1623 2908 1710 2959 ἵνα
1758 2907 1916 2979 μείνῃ

324 2999 723 3069 κεκενωμένος,
754 2999 870 3051 ἀλλ’
901 3000 987 3052 ἵνα
1021 2999 1152 3062 Θεὸς
1181 2997 1318 3053 εἶναι
1355 3001 1680 3069 πιστεύηται
1733 3001 1826 3053 καὶ
1858 3003 1915 3054 ὲν

324 3092 454 3145 εῖδει
481 3092 559 3161 τῷ
596 3091 715 3143 καθ’
744 3093 891 3161 ἡμᾶς
932 3090 1189 3162 πεφηνὼς
1216 3093 1307 3143 ἐπὶ
1348 3093 1471 3162 γῆς,
1503 3094 1600 3162 οὐχ
1629 3092 1703 3157 ὼς
1735 3094 1790 3145 ὲν
1822 3094 1916 3145 ἀν-

324 3181 529 3251 θρώπῳ
565 3183 921 3251 κατοικήσας,
948 3181 1062 3233 ἀλλ’
1092 3183 1164 3243 ὡς
1192 3182 1323 3234 αὐτὸ
1350 3184 1490 3234 κατὰ
1514 3182 1674 3249 φύσιν
1700 3182 1913 3253 ἀνθρω-

325 3291 424 3337 πος
470 3270 730 3341 γεγονὼς,
764 3272 901 3342 μετά
919 3272 1014 3324 τοῦ
1040 3273 1134 3342 τὴν
1162 3274 1296 3325 ίδζαν
1319 3273 1705 3327 ἀνασώσασθαι
1731 3274 1907 3338 δόξαν.
1942 3304 1983 3359 C

326 3366 433 3419 Καὶ
464 3364 598 3433 γοῦν
621 3367 648 3417 ὁ
670 3364 961 3427 θεσπέσιος
998 3363 1229 3428 Παῦλος,
1274 3365 1341 3417 τά
1374 3365 1507 3418 πολὺ
1534 3365 1630 3436 τῆς
1672 3366 1915 3437 ἀλλήλων

324 3456 739 3527 ὁμοουσιότητος
768 3456 1089 3525 διεστηκότα
1130 3472 1189 3508 τε
1231 3457 1323 3509 καὶ
1363 3458 1657 3528 ἀμετρήτῳ
1687 3458 1916 3529 διαφορᾷ

325 3549 788 3621 διεσχοινισμένα,
818 3549 1047 3617 θεότητά
1074 3566 1131 3602 τε
1160 3549 1256 3603 καὶ
1284 3549 1680 3619 ἀνθρωπότητα
1731 3551 1917 3603 συλλέ-

325 3659 437 3711 γων
462 3643 540 3703 είς
565 3640 623 3693 ἒν
651 3640 1037 3710 οἰκονομικῶς,
1072 3642 1165 3693 καὶ
1190 3641 1252 3704 ἐξ
1278 3642 1485 3711 ἀμφοῖν
1511 3642 1601 3695 τὸν
1636 3643 1730 3694 ἕνα
1758 3660 1916 3695 κατα·

329 3734 610 3803 σημαίνων
657 3732 920 3804 Χριστὸν,
969 3734 1062 3785 καὶ
1114 3732 1240 3785 Υἰδν
1291 3734 1385 3785 καὶ
1433 3732 1600 3796 Θεὸν,
1654 3752 1671 3783 ι
1706 3734 1915 3798 Παῦλος

325 3823 533 3887 δοῦλος,
575 3823 764 3893 φησὶν,
807 3821 982 3892 Ἰησοῦ
1032 3821 1291 3893 Χριστοῦ,
1332 3822 1529 3892 κλητὸς
1580 3824 1912 3887 ἀπόστολος,

327 3915 708 3986 ἀφωρισμένος
739 3915 814 3977 εἰς
846 3914 1174 3981 Εὑαγγέλιον
1203 3896 1360 3979 Θεοῦ,
1388 3914 1415 3966 ὃ
1442 3916 1915 3985 προεπηγγείλατο

325 4008 413 4061 διὰ
458 4008 568 4060 τῶν
616 4006 911 4076 προφητῶν
947 4007 1113 4059 αὑτοῦ
1162 4009 1218 4059 ὲν
1267 4008 1508 4077 Γραφαῖς
1557 4009 1760 4075 ἁγίαις,
1789 4010 1915 4076 περὶ

326 4098 419 4151 τοῦ
451 4098 580 4151 Υίοῦ
621 4098 786 4151 αὑτοῦ
827 4097 920 4149 τοῦ
956 4098 1249 4167 ’γενομένου
1295 4099 1359 4151 ἐκ
1410 4100 1722 4169 σπέρματος
1752 4101 1915 4153 Δαὸὶδ

327 4192 469 4244 κατὰ
500 4190 698 4260 σάρκα,
727 4189 820 4242 τοῦ
867 4189 1177 4260 ὁρισθέντος
1214 4189 1346 4242 Υἰοῦ
1394 4190 1529 4242 Θεοῦ
1583 4193 1639 4243 ἐν
1687 4192 1913 4262 δυνάμει

326 4282 467 4335 κατὰ
490 4280 714 4351 Πνεῦμα
742 4280 1071 4352 ἁγιωσύνης.
1105 4300 1123 4332 ι
1145 4280 1277 4333 Ἰδοὺ
1301 4279 1364 4351 δὴ
1392 4281 1579 4349 σαφῶς
1602 4282 1913 4353 ἀφωρίσθαι

325 4376 491 4444 φησιν
538 4374 728 4427 ἑαυτὸν
762 4376 841 4437 είς
886 4374 1217 4443 Εὐαγγέλιον
1269 4374 1424 4440 Θεοῦ,
1463 4376 1636 4428 καίτοι
1686 4377 1912 4448 γράφων

324 4465 625 4533 ἀναφανδόν
648 4481 663 4497 θ
726 4484 743 4516 ι
774 4463 912 4518 υῦτε
962 4467 1071 4537 γὰρ
1124 4467 1348 4528 ἑαυτοὺς
1378 4468 1744 4537 κηρύσσομεν,
1778 4469 1912 4522 ἀλλὰ

323 4556 559 4628 Χριστὸν
614 4556 819 4625 Ἰησοῦν
881 4557 1106 4628 Κύριον.
1152 4577 1170 4609 ι
1220 4560 1330 4611 Καὶ
1381 4560 1573 4612 πάλιν·
1631 4580 1649 4611 ι
1682 4562 1755 4614 Οὐ
1803 4563 1912 4629 γὰρ

2018 2078 2163 2129 sunt,
2208 2078 2261 2122 et
2319 2071 2547 2123 seorsim
2611 2069 2823 2140 singula
2882 2070 3280 2143 intelligantur,
3331 2074 3610 2129 sciendmu

2017 2168 2121 2222 est,
2155 2160 2296 2228 quod
2358 2176 2515 2215 mens
2566 2163 2787 2231 quidem
2855 2173 3174 2218 naturarum
3233 2166 3609 2229 diversitatem

2016 2254 2327 2308 considerat
2369 2253 2582 2325 (neque
2630 2256 2773 2309 enim
2828 2256 2970 2310 idem
3024 2268 3150 2310 sunt
3197 2258 3511 2313 humanitas
3556 2271 3612 2314 et

2017 2343 2319 2414 divinitas).
2354 2346 2446 2399 sed
2480 2347 2641 2399 simul
2682 2346 2849 2400 etiam
2882 2363 3005 2402 cum
3042 2350 3144 2403 bac
3176 2351 3614 2406 consideratione

2018 2437 2303 2504 utriusque
2354 2430 2691 2491 concursuut
2729 2441 2796 2492 ad
2860 2440 3127 2495 unitatem
3186 2442 3607 2513 contemplatur.

2018 2527 2253 2582 Proinde
2287 2545 2350 2583 ex
2386 2530 2493 2585 Deo
2518 2530 2735 2597 quidem
2769 2534 3059 2600 processit,
3099 2543 3159 2589 ut
3187 2534 3329 2589 Dens
3354 2552 3371 2589 :
3399 2551 3467 2599 ex
3500 2535 3611 2590 Vir-

2018 2621 2142 2687 gine
2172 2630 2371 2683 autem,
2409 2632 2466 2677 ut
2507 2624 2692 2681 homo.
2729 2623 2961 2679 Verbum
2993 2628 3137 2681 enim
3168 2629 3309 2696 quod
3358 2628 3612 2683 iueﬂabi-

2021 2712 2164 2775 liter,
2204 2726 2479 2781 Supraque
2522 2714 2861 2769 intellectum
2899 2719 3195 2771 ltntnnnnnt
3232 2733 3262 2773 e
3296 2715 3408 2775 Deo
3448 2718 3613 2775 Patre

2020 2801 2244 2865 effulsit,
2280 2814 2466 2855 natum
2506 2818 2629 2858 esse
2659 2805 2862 2859 dicitur
2890 2808 3058 2861 etiam
3095 2823 3161 2863 ex
3200 2809 3449 2875 muliere,
3486 2825 3609 2863 cum

2021 2894 2415 2947 humanitatem
2462 2900 2775 2965 assumpsit,
2820 2907 2873 2951 et
2916 2899 3154 2968 seipsum
3197 2902 3415 2957 demisit
3456 2906 3522 2957 ad
3558 2905 3613 2957 id

2018 2986 2161 3053 quod
2187 3000 2291 3037 nou
2325 2994 2483 3048 erat;
2524 3003 2628 3040 non
2670 2999 2727 3041 ut
2759 2990 3095 3044 divinitatem
3136 2995 3371 3059 amittat,
3412 2996 3507 3050 sed
3553 3006 3612 3049 ut

2020 3076 2162 3131 Deus
2192 3094 2314 3133 esse
2361 3079 2643 3143 credatur,
2684 3092 3039 3151 nostramque
3075 3084 3306 3139 formam
3349 3089 3400 3140 in
3448 3092 3613 3143 terris

2019 3182 2283 3240 gestasse,
2332 3187 2438 3224 non
2499 3180 2758 3241 tanquam
2817 3175 2870 3227 in
2924 3175 3144 3230 homine
3192 3178 3474 3245 habitans,
3511 3183 3611 3237 sed

2022 3273 2278 3333 tanquam
2334 3264 2437 3317 hoc
2500 3263 2706 3331 ipsum,
2764 3267 2925 3319 homo
2979 3268 3239 3321 nimirmn
3288 3272 3613 3328 naturaliter

2020 3356 2217 3420 factus,
2249 3358 2467 3429 prepria
2502 3367 2684 3413 tamen
2731 3372 2827 3411 sua
2876 3358 3048 3428 gloria
3084 3360 3293 3429 integra
3330 3376 3607 3421 manente.

2018 3448 2225 3505 Idcirco
2253 3449 2469 3503 divinus
2507 3450 2596 3503 ille
2628 3448 2829 3503 Paulus
2850 3490 2865 3512 ,
2897 3451 3289 3506 humanitatem
3316 3465 3370 3510 et
3408 3457 3604 3512 divini-

2020 3548 2183 3595 tatem
2231 3555 2352 3609 qua:
2407 3540 2561 3609 longe
2617 3556 2646 3595 a
2706 3542 3282 3600 consubstantialitate
3347 3548 3489 3603 inter
3550 3566 3613 3606 se

2018 3633 2241 3697 distant,
2280 3642 2329 3687 et
2372 3635 2633 3689 immensa
2669 3636 2903 3704 quadam
2943 3636 3251 3694 diﬂ'erentia
3290 3642 3610 3715 disiungun-

2020 3734 2126 3791 tur,
2161 3727 2212 3781 in
2240 3744 2405 3781 unum
2440 3729 2653 3783 ratione
2695 3729 3087 3785 incarnationis
3121 3734 3415 3805 colligens,
3446 3745 3613 3808 atque

2016 3832 2079 3870 ex
2116 3817 2325 3871 duobus
2356 3833 2518 3871 unum
2546 3818 2839 3890 designans
2874 3820 3177 3891 Christum,
3207 3836 3263 3879 et
3298 3825 3521 3893 Filium,
3556 3840 3612 3883 et

2020 3908 2209 3973 Deum,
2238 3911 2307 3963 ita
2341 3910 2518 3980 inquit
2552 3928 2564 3964 :
2606 3930 2623 3962 ι
2653 3911 2853 3967 Paulus
2884 3928 3079 3970 servus
3101 3911 3228 3971 Jesu
3259 3917 3495 3983 Christi,
3521 3936 3611 3975 vo-

2016 4011 2174 4055 catus
2232 4003 2546 4071 apostolus,
2592 4014 2910 4074 segregatus
2970 4004 3024 4059 in
3081 4006 3435 4080 Evangelium
3489 4012 3606 4069 Dei.

2016 4091 2168 4159 Quod
2196 4093 2527 4161 promiserat
2556 4110 2650 4161 per
2697 4096 2993 4165 prophetas
3038 4114 3167 4153 suos
3210 4100 3261 4154 in
3310 4099 3609 4173 Scriptnris

2016 4186 2221 4238 sanctis
2260 4184 2327 4239 de
2371 4183 2512 4239 Filio
2542 4200 2661 4252 suo,
2709 4188 2799 4256 qui
2847 4188 3026 4244 tactus
3065 4199 3149 4244 est
3193 4192 3243 4246 ei
3286 4207 3354 4248 ex
3395 4198 3609 4253 semine

2020 4276 2184 4329 David
2248 4278 2543 4331 secundum
2593 4293 2837 4333 carnem.
2899 4280 3000 4346 Qui
3063 4283 3483 4351 prsedestinatus
3524 4298 3610 4343 est

2014 4366 2188 4421 Filius
2216 4366 2310 4421 Dei
2348 4369 2398 4421 in
2430 4369 2631 4425 virtute
2658 4370 2959 4427 secundum
3004 4371 3271 4444 Spiritum
3305 4379 3610 4435 sanctiﬁca-

2018 4462 2180 4517 tionis
2208 4462 2274 4515 ".
2309 4480 2328 4513 ι
2364 4462 2500 4517 Ecce
2534 4463 2824 4519 manifeste
2850 4478 3198 4537 segregatum
3245 4484 3304 4524 se
3328 4485 3448 4527 esse
3477 4475 3609 4529 dicit

2016 4555 2069 4608 in
2101 4553 2449 4621 Evangelium
2498 4554 2613 4621 Dei,
2643 4566 2828 4624 aperte
2860 4558 3059 4628 alioqui
3094 4561 3341 4616 scribens
3383 4581 3395 4617 :
3433 4580 3453 4616 ι
3486 4564 3603 4620 Νοιι

325 4647 519 4714 ἔκρινά
542 4663 595 4699 τι
627 4647 828 4699 εἰδέναι
862 4648 918 4699 ἐν
947 4648 1095 4717 ὑμῖν,
1122 4650 1171 4699 εί
1197 4649 1274 4718 μὴ
1306 4650 1511 4719 Ἰησοῦν
1544 4652 1797 4723 Χριστὸν,
1818 4655 1910 4705 καὶ

2017 4644 2157 4697 enim
2223 4644 2588 4711 nosmetipsos
2633 4647 3014 4713 prtedieamus,
3054 4652 3149 4704 sed
3204 4652 3483 4709 Cbristnm
3516 4654 3604 4710 Je-

323 4735 515 4789 τοῦτον
571 4738 1004 4808 ἐσταυρωμένον
1040 4757 1058 4788 ι
1112 4739 1238 4791 Υίὸν
1297 4740 1355 4793 δὲ
1408 4740 1571 4794 αὑτὸν
1634 4745 1906 4812 ὀνομάσας

320 4825 483 4889 Θεοῦ,
516 4829 611 4880 καὶ
660 4830 723 4881 ὲκ
764 4831 1085 4907 σπέρματος
1123 4832 1286 4883 Δασιδ
1320 4833 1677 4904 γεγεννῆσθαί
1716 4852 1903 4904 φησιν,

323 4918 557 4990 ὡρίσθαι
609 4935 667 4971 τε
714 4919 1129 4991 διῖσχυρίζεται,
1160 4922 1255 4975 καὶ
1302 4926 1380 4985 είς
1412 4924 1539 4976 Υἱὺν
1587 4925 1745 4978 Θεοῦ.
1780 4927 1903 4991 Πῶς

321 5007 439 5075 οὖν,
488 5012 611 5064 εἰπέ
656 5029 768 5081 μοι,
801 5012 954 5076 Θεὸς,
1002 5016 1030 5066 ό
1077 5015 1140 5067 ὲκ
1195 5017 1507 5086 σπέρματος
1552 5020 1762 5087 ἀναφὺς
1808 5019 1902 5073 τοῦ

322 5098 519 5165 Δαϐίδ;
548 5102 576 5152 ό
594 5100 651 5152 δὲ
673 5100 737 5171 δὴ
766 5102 859 5153 καί
891 5102 996 5172 πρὸ
1021 5102 1229 5157 αἰώνων
1256 5106 1349 5157 καὶ
1378 5106 1562 5169 ἀῖδίως
1598 5108 1745 5171 Υίὺς,
1771 5110 1905 5164 καθὸ

322 5190 567 5259 πέφηνεν
612 5190 676 5241 ἐκ
720 5188 887 5253 Θεοῦ,
914 5190 1035 5243 τίνα
1068 5190 1133 5261 δὴ
1175 5193 1374 5263 τρόπον
1416 5197 1494 5256 εἰς
1522 5195 1648 5247 Υἰὸν
1693 5195 1902 5266 ὡρίσθη

321 5280 480 5343 Θεοῦ,
500 5280 753 5352 καθάπερ
776 5282 854 5343 εἰς
879 5282 1049 5351 ἀρχάς
1072 5284 1166 5335 τοῦ
1191 5284 1489 5353 ὑφεστάναι
1518 5286 1901 5357 παρενεχθείς;

324 5372 471 5442 Ἔφη
516 5371 625 5441 γὰρ
668 5374 828 5435 ante;
876 5374 1005 5443 περὶ
1056 5374 1272 5440 ἑαυτοῦ,
1330 5395 1346 5425 ι
1377 5377 1579 5446 Κύριος
1615 5374 1734 5431 εἷπε
1769 5381 1903 5450 πρός

323 5478 412 5532 με’
444 5462 574 5526 Υἱός
620 5480 721 5533 μου
777 5460 824 5516 εἷ
870 5466 957 5529 σὺ,
988 5464 1097 5534 ἐγὼ
1146 5469 1385 5538 σήμερον
1425 5470 1734 5543 γεγέννηκά
1768 5489 1847 5525 σε.
1881 5492 1897 5523 ι

321 5554 512 5607 Καίτοι
545 5554 640 5607 τοῦ
663 5552 930 5623 σήμερον
951 5558 1038 5609 ἀεί
1060 5575 1178 5620 πως
1202 5561 1352 5629 ἡμῖν,
1380 5562 1499 5629 οὐχὶ
1525 5562 1614 5614 τὸν
1647 5581 1908 5635 παρῳχη-

322 5646 482 5709 κότα,
527 5644 619 5699 τὸν
650 5647 919 5699 ἐνεστῶτα
966 5648 1023 5701 δὲ
1063 5650 1264 5719 μᾶλλον
1311 5652 1738 5722 καταδηλοῦντυς
1786 5674 1905 5709 και-

326 5733 434 5799 ρόν.

2014 4752 2133 4790 sum
2169 4736 2453 4793 Domimuu
2484 4738 2552 4791 ".
2582 4756 2599 4788 ι
2632 4736 2697 4791 Et
2747 4754 2934 4795 rursus
2961 4758 2976 4795 :
3018 4760 3036 4793 ι
3060 4741 3245 4813 Neque
3277 4747 3423 4801 enim
3464 4748 3609 4817 judi-

2013 4825 2130 4879 cavi
2174 4825 2470 4896 quidquam
2523 4830 2665 4882 scire
2718 4828 2770 4882 in
2825 4831 2999 4895 vobis,
3063 4833 3164 4887 nisi
3209 4834 3393 4890 Jesum
3444 4839 3606 4895 Chri-

2011 4928 2181 4981 Stum,
2218 4930 2274 4973 et
2324 4920 2544 4989 quidem
2587 4924 3002 4979 cruciﬁxum".
3036 4943 3055 4977 ι
3092 4925 3285 4981 Filium
3332 4945 3459 4984 vero
3510 4932 3603 4989 Dei

2013 5009 2189 5077 ipsum
2221 5013 2540 5080 nominans,
2569 5016 2731 5069 etiam
2759 5030 2825 5071 ex
2857 5018 3069 5073 semine
3103 5018 3268 5073 David
3292 5033 3475 5077 nattnn
3503 5025 3602 5088 ait,

2012 5113 2472 5173 segregatumque
2512 5120 2574 5161 se
2615 5105 2881 5172 amt-mat,
2917 5110 3082 5164 etiam
3132 5112 3185 5166 in
3234 5111 3429 5169 Filium
3482 5110 3599 5171 Dei.

2012 5194 2295 5260 Quomodo
2326 5197 2489 5266 igitur
2516 5209 2599 5253 est
2629 5200 2802 5261 Deus,
2837 5204 2927 5271 qui
2957 5218 3020 5257 ex
3052 5204 3273 5259 semine
3298 5205 3463 5262 David
3503 5226 3602 5265 na-

2014 5292 2101 5339 tus
2128 5285 2249 5340 est?
2285 5286 2351 5341 Et
2378 5289 2467 5356 qui
2504 5300 2629 5345 ante
2657 5290 2824 5363 696
2860 5295 3056 5348 stecula
3100 5305 3154 5349 et
3185 5299 3253 5351 ab
3278 5310 3486 5355 asterno
3515 5316 3602 5357 est

2014 5376 2201 5441 Filius,
2238 5390 2508 5447 quatenus
2540 5396 2602 5435 ex
2654 5383 2766 5437 Deo
2812 5387 3119 5453 processit,
3159 5402 3269 5457 quo
3319 5404 3480 5457 pacto
3517 5409 3603 5451 est

2009 5480 2330 5539 segregatus
2369 5471 2421 5524 in
2464 5470 2659 5527 Filium
2685 5474 2802 5539 Dei,
2854 5478 3194 5534 exsistentia:
3240 5492 3351 5535 sine
3394 5486 3600 5555 princi-

2006 5563 2152 5630 pium
2178 5564 2583 5630 quodammodo
2611 5570 2847 5623 nactus?
2878 5569 2967 5623 Ait
2990 5572 3133 5625 enim
3162 5572 3283 5643 ipse
3307 5576 3372 5629 de
3394 5580 3599 5647 seipso,

2008 5667 2027 5700 ι
2066 5648 2327 5705 Dominus
2376 5653 2513 5707 dixit
2549 5654 2615 5708 ad
2667 5672 2797 5713 me:
2848 5656 3019 5714 Filius
3072 5678 3228 5718 meus
3282 5680 3342 5720 es
3391 5676 3599 5737 tu,t-go

2003 5741 2163 5796 hodie
2202 5742 2361 5812 genui
2393 5753 2445 5799 te
2472 5746 2540 5803 “.
2578 5764 2597 5799 ι
2635 5746 2771 5803 Cum
2810 5750 3011 5822 alioqui
3051 5753 3205 5809 hodie
3239 5772 3344 5811 non
3374 5769 3598 5828 prater-

2002 5834 2157 5892 itmn,
2187 5834 2280 5889 scd
2313 5850 2551 5903 pra-setis
2585 5848 2799 5911 tempus
2829 5859 3047 5914 semper
3079 5849 3371 5919 signiticet.

398 5932 439 5967 δ’
466 5934 592 5990 JutL
624 5935 803 5990 17-19.
884 5938 924 5967 ⁸¹
959 5938 1111 5991 liont.
1144 5954 1179 6000 ι,
1228 5940 1245 5992 l
1285 5941 1334 5993 5.
1412 5944 1456 5973 ⁸³
1488 5941 1530 5995 Il
1563 5943 1687 5997 Cor.
1721 5961 1790 6013 Iv,
1824 5948 1876 6000 5.

2034 5945 2208 6001 ICor.
2238 5962 2297 6013 ιι,
2326 5946 2380 6002 2.
2457 5952 2504 5983 “
2534 5953 2672 6009 Paul.
2710 5973 2768 6021 ιι,
2802 5960 2870 6021 7;
2906 5958 3070 6015 llrbr.
3103 5976 3141 6029 ι,
3173 5962 3227 6020 5.
