4036 6336
295 436 430 490 ινιτ

1379 435 1469 492 DE
1517 425 2040 486 INCARNATIONE
2083 433 2245 488 UMG
2256 431 2458 490 EMTI.

3433 439 3571 494 129.6

292 531 492 597 μένων,
523 523 659 580 ἀλλὰ
689 523 959 595 λαλοῦμεν
982 523 1117 578 Θεοῦ
1145 522 1337 593 σοφίαν
1367 524 1426 577 ἐν
1461 522 1749 595 μυστηρίῳ
1776 523 1879 594 τὴν

1993 523 2078 578 ted
2137 525 2430 594 loquimur
2478 524 2571 579 Dei
2627 523 2952 594 sapientiam
3006 525 3060 582 in
3114 529 3398 598 mysterio,
3453 547 3571 601 qua'

288 616 811 688 ἀποκεκρυμμένην,
835 616 903 687 ἣν
938 613 1242 686 προώρισεν
1265 615 1294 667 ό
1316 612 1449 676 Θεὸς
1480 612 1587 684 πρὸ
1617 613 1726 665 τῶν
1747 609 1878 665 αίώ-

290 727 396 764 νων
441 711 519 773 εἰς
559 709 713 774 δόξαν
745 709 922 778 ὑμῶν,
966 708 1034 778 ἢν
1080 707 1257 770 οὐδεὶς
1290 705 1400 760 τῶν
1448 704 1728 777 ἀρχόντων
1776 701 1875 758 τοῦ

289 801 485 864 αίῶνος
508 801 696 854 τούτου
724 801 983 868 ἔγνωκεν.
1014 819 1032 852 ι
1056 798 1120 854 Ei
1145 800 1254 872 γὰρ
1270 798 1535 867 ἔγνωσαν,
1555 798 1655 851 οὐκ
1685 797 1753 852 ἃν
1783 796 1876 852 τὸν

289 894 496 966 Κύριον
525 894 628 965 τῆς
658 894 815 965 δόξης
849 893 1223 964 ισταύρωσαν.
1254 893 1363 946 Καὶ
1387 893 1494 964 μὴν
1521 893 1614 946 ἐπὶ
1642 889 1876 955 τούτοις,

293 1004 312 1038 ι
333 987 427 1050 Ὃς
449 983 524 1040 ὢν
544 986 888 1057 ἀπαύγασμα
909 987 1008 1058 τῆς
1025 985 1183 1056 δόξης
1202 985 1296 1039 καὶ
1314 985 1603 1056 χαρακτὴρ
1622 987 1723 1055 τῆς
1743 984 1878 1038 ὑπο-

291 1079 534 1143 στάσεως
576 1078 764 1144 αὑτοῦ,
798 1080 980 1151 φέρων
1008 1095 1068 1134 τε
1099 1078 1169 1132 τὰ
1199 1079 1375 1132 πάντα
1425 1077 1502 1149 τῷ
1547 1079 1752 1148 ῥήματι
1777 1076 1878 1146 τῆς

288 1171 572 1244 δυνάμεως
604 1171 790 1234 αὐτοῦ,
824 1169 1167 1243 καθαρισμὸν
1193 1171 1301 1224 τῶν
1328 1170 1613 1241 ἁμαρτιῶν
1647 1170 1877 1239 ποιησά·

293 1281 477 1337 μενος,
502 1264 754 1319 ἐκάθισεν
788 1266 845 1318 ἐν
876 1263 1026 1335 δεξιᾷ
1051 1263 1150 1336 τῆς
1196 1263 1587 1335 μεγαλωσύνης
1635 1264 1693 1314 ὲν
1740 1261 1880 1334 ὑψη-

290 1353 424 1419 λοῖς,
456 1354 695 1425 τοσούτῳ
723 1354 986 1424 κρείττων
1013 1353 1303 1424 γενόμενος
1339 1353 1449 1405 τῶν
1474 1351 1743 1420 ἀγγέλων,
1769 1353 1880 1422 ὅσῳ

288 1445 694 1518 διαφορώτερον
722 1447 853 1516 παρ’
887 1447 1084 1509 αὐτοὺς
1108 1444 1588 1516 κεκληρονόμηκεν
1627 1445 1816 1513 ὄνομα.
1853 1463 1872 1494 ι

292 1539 487 1593 Καίτοι
537 1537 596 1590 τό
641 1554 705 1607 γε
742 1533 878 1590 εἷναί
927 1552 986 1590 τε
1036 1535 1132 1590 καὶ
1175 1534 1538 1605 ὀνομάζεσθαι
1578 1535 1680 1603 τῆς
1723 1534 1880 1609 δόξῃς

292 1630 520 1702 Κύριον.
541 1629 657 1694 πῶς
679 1630 803 1700 οὐχὶ
826 1627 945 1681 λίαν
970 1627 1262 1699 ύπερτενδς
1283 1628 1376 1682 καὶ
1400 1626 1602 1690 παντὸς
1624 1627 1879 1680 ἐπέκεινα

289 1722 522 1794 γενητοῦ
557 1722 652 1776 καὶ
682 1721 1038 1791 παρηγμένον
1068 1718 1208 1789 πρὸς
1230 1719 1476 1788 fissum;
1498 1720 1608 1773 Καὶ
1639 1719 1878 1788 παρίημι

293 1815 395 1886 μὶν
429 1814 500 1868 τὰ
540 1811 874 1883 ἀνθρώπινα·
907 1810 1119 1883 σμικρά
1143 1809 1251 1882 γάρ
1295 1808 1361 1882 δὴ
1405 1810 1548 1864 λίαν·
1581 1810 1693 1881 ἐρῶ
1717 1809 1761 1862 δ’
1785 1805 1878 1865 οὖν

289 1908 372 1962 ὅτι
407 1907 508 1961 κᾶν
547 1892 840 1974 Ἀγγελους
871 1903 1159 1976 ὀνομάσαι,
1189 1901 1283 1957 καὶ
1311 1901 1513 1975 ’Δρχάς
1535 1903 1629 1956 καὶ
1647 1902 1883 1975 Θρόνους

291 2000 388 2055 καὶ
422 1997 766 2071 Κυριότητας
810 1995 1264 2067 ἀπαριθμήσαιτό
1290 2011 1396 2060 τις,
1429 1995 1523 2048 καὶ
1557 1993 1665 2066 μὴν
1706 1995 1800 2048 καὶ
1832 1995 1882 2049 εί

291 2091 401 2145 τῶν
430 2089 692 2146 ἀνωτάτω
720 2088 1148 2161 διαμεμνήσεται
1176 2085 1450 2160 Σεραιρὶμ,
1472 2086 1705 2141 κατόπιν
1735 2087 1884 2141 ἰόντα

292 2182 392 2254 τῆς
409 2180 584 2245 οὕτως
610 2178 939 2251 ὑπερτενοῦς
959 2177 1346 2249 ὁμολογήσειεν
1368 2176 1436 2233 ἂν
1454 2177 1725 2242 εὐκλείας,
1747 2177 1801 2231 εί
1818 2194 1883 2246 γε

293 2274 418 2330 νοῦν
446 2275 560 2344 ἔχοι
588 2273 663 2344 μὴ
695 2264 1480 2343 παρεφοαρμένον.⁹Εκκριτον
1508 2269 1618 2342 γὰρ
1654 2265 1794 2323 εἶναι
1823 2269 1885 2323 τὸ

294 2365 462 2436 γέρας
503 2364 665 2436 φημὶ,
706 2363 800 2417 καὶ
836 2361 946 2416 δεῖν
977 2361 1298 2416 ἀνακεῖσθαι
1331 2361 1468 2432 μόνῃ
1498 2363 1565 2432 τῇ
1601 2359 1711 2414 τῶν
1744 2361 1883 2415 ὅλων

295 2456 652 2529 παμϐασιλίδι
698 2456 877 2527 φύσει.
911 2455 1036 2518 Πῶς
1062 2451 1157 2508 οὗν
1202 2454 1269 2508 ἂν
1321 2454 1532 2523 γένοιτο
1584 2455 1683 2524 τῆς
1726 2452 1885 2524 δόξης

294 2548 497 2622 Κύριος
537 2549 565 2601 ὁ
593 2545 1038 2616 ἐσταυρωμένος
1076 2543 1149 2597 Τὸ
1181 2543 1239 2597 δὲ
1269 2543 1612 2614 ἀπαύγασμα
1643 2542 1736 2596 τοῦ
1767 2544 1882 2596 Πα-

293 2641 440 2712 τρὺς,
471 2639 566 2694 καὶ
595 2638 692 2708 τῆς
719 2636 905 2700 οὐσίας
936 2637 965 2689 ό
998 2635 1308 2706 χαρακτὴρ,
1337 2637 1365 2689 ό
1391 2636 1574 2706 φέρων
1603 2634 1671 2688 τά
1704 2633 1884 2687 πάντα

295 2732 373 2802 τῷ
419 2732 625 2804 ῥήματι
671 2729 770 2800 τῆς
801 2728 1082 2798 δυνάμεως
1110 2727 1298 2791 αὐτοῦ,
1332 2727 1601 2797 κρείττων
1634 2726 1885 2794 ἀγγέλων

295 2821 620 2894 γεγενῆσθαι
637 2821 876 2889 λέγεται,
894 2821 1034 2891 τάχα
1054 2835 1156 2873 που
1185 2818 1246 2872 τὺ
1273 2818 1514 2881 ἔλαττον,
1535 2819 1610 2882 ὡς
1643 2811 1882 2889 ἐγῷμαι.

295 2917 502 2986 λαϐὼν,
532 2917 622 2971 ὅτε
653 2916 892 2986 πέφηνεν
921 2913 1226 2985 ἄνθρωπος.
1260 2912 1575 2984 Γέγραπται
1622 2911 1750 2985 γὰρ,
1799 2913 1883 2964 ὅτι

303 3032 320 3064 ι
352 3012 454 3067 Τὸν
488 3010 544 3064 δὲ
581 3008 754 3083 βραχύ
784 3025 837 3061 τι
862 3009 992 3079 παρ’
1023 3005 1288 3076 ἀγγέλους
1333 3005 1717 3076 ἠλαττωμένον
1761 3005 1884 3075 βλέ-

299 3121 474 3174 πομεν
515 3099 746 3170 Ἰησοῦν,
773 3100 862 3154 διὰ
891 3100 951 3154 τὸ
977 3098 1207 3170 πάθημα
1236 3098 1330 3151 τοῦ
1368 3099 1600 3153 Θανάτου
1635 3099 1761 3169 δόξῃ
1789 3100 1883 3152 καὶ

1916 1873 1957 1928 Β

1981 615 2297 671 abscondita
2330 624 2447 683 est,
2474 631 2637 686 quam
2679 616 3090 686 praedestinavit
3126 617 3269 676 Deus
3302 631 3429 676 ante
3469 637 3570 678 saa-

1979 705 2098 762 eula
2130 706 2184 762 in
2227 707 2456 779 gloriam
2510 717 2778 772 nostram,
2833 724 2996 777 quam
3051 722 3217 766 nemo
3265 714 3574 784 principum

1980 799 2140 868 hujus
2164 799 2350 856 saeculi
2384 800 2660 869 cognovit.
2692 798 2750 856 Si
2782 801 2931 856 enim
2966 804 3392 873 cognovissent,
3432 821 3574 860 nuu-

1980 905 2139 961 quam
2191 891 2480 946 Dominum
2520 892 2707 962 gloria:
2731 892 3224 950 cruuitlxissent".
3275 913 3294 946 ι
3339 895 3574 952 Praeter-

1979 997 2040 1036 ca
2072 997 2085 1034 :
2149 999 2167 1033 ι
2196 979 2298 1047 Qui
2346 995 2469 1034 cum
2513 981 2586 1036 sit
2625 981 2883 1051 splendor
2912 980 3102 1052 glorias
3141 991 3197 1037 et
3234 983 3408 1053 ﬁgura
3445 984 3566 1040 suh~

1980 1074 2197 1129 stantia:
2228 1073 2368 1142 ejus,
2401 1082 2740 1145 portansque
2767 1077 2954 1130 omnia
2985 1076 3154 1132 verbo
3188 1077 3408 1133 virtutis
3438 1093 3575 1144 sum,

1983 1165 2359 1237 purgationem
2391 1173 2737 1236 peccatorum
2759 1165 2990 1234 iaciens,
3013 1169 3169 1224 sedet
3191 1169 3260 1224 ad
3289 1169 3576 1228 dexteram

1985 1263 2281 1334 maiestatis
2323 1263 2377 1316 in
2423 1261 2697 1330 excelsis;
2751 1269 2903 1318 tanto
2951 1261 3144 1317 melior
3188 1263 3401 1334 angelis
3443 1263 3578 1322 elle-

1982 1365 2128 1417 ctus,
2163 1361 2370 1421 quanto
2408 1352 2748 1408 dim-rentius
2795 1369 2908 1423 pra:
2959 1353 3065 1408 illis
3113 1370 3311 1412 nomen
3353 1356 3578 1414 haeredi-

1985 1445 2118 1500 tavit
2140 1443 2204 1498 ⁸⁸.
2238 1462 2256 1496 ι
2291 1444 2459 1499 Porro
2482 1460 2604 1499 cum
2642 1446 2716 1500 sit
2741 1453 2798 1499 et
2838 1446 3141 1516 appelletur
3165 1447 3425 1504 Dominus
3458 1449 3581 1518 glo-

1981 1538 2098 1604 rim,
2149 1538 2423 1606 quomodo
2472 1553 2579 1592 non
2627 1539 2881 1594 omnibus
2938 1540 3141 1595 creatis
3190 1548 3246 1594 et
3295 1540 3364 1595 ad
3397 1548 3580 1595 ortum

1985 1629 2247 1685 traductis
2269 1630 2342 1686 sit
2367 1629 2956 1700 excellentioriAtque
2989 1641 3050 1685 ut
3074 1631 3312 1687 humana
3345 1641 3580 1701 praeter-

1981 1737 2141 1784 eam,
2183 1735 2303 1791 quae
2331 1721 2493 1775 exilia
2532 1722 2769 1790 vi'liaque
2802 1729 2949 1788 sunt,
2979 1722 3025 1777 si
3071 1722 3194 1791 quis
3233 1721 3472 1794 Angelos
3524 1731 3580 1776 et

1987 1811 2352 1881 Principatus,
2378 1821 2432 1868 et
2464 1812 2714 1867 Thronos
2741 1826 2806 1867 ac
2828 1811 3244 1868 Dumiuationes
3268 1823 3583 1875 recenseat,

1985 1902 2119 1972 quin
2149 1911 2205 1956 et
2226 1917 2497 1973 suprema:
2531 1903 2810 1973 dignitatis
2855 1901 3167 1972 Seraphim,
3203 1905 3470 1960 immenso
3508 1915 3584 1959 ta-

1985 2010 2115 2049 men
2133 1995 2449 2050 discrimine
2480 2010 2509 2049 a
2539 2010 2751 2050 summa
2780 1997 2883 2052 hac
2913 1997 3084 2066 gloria
3116 1996 3340 2053 diﬂ‘erre
3366 1996 3584 2066 judica-

1986 2089 2082 2154 bit,
2141 2089 2184 2143 si
2241 2096 2474 2143 mentem
2525 2097 2844 2154 corruptam
2899 2102 3005 2143 non
3073 2089 3293 2146 haheat.
3332 2089 3587 2145 Eximius

1984 2181 2129 2235 enim
2159 2179 2333 2236 honor
2353 2190 2457 2247 est,
2483 2181 2686 2252 quique
2717 2182 2816 2236 soli
2857 2182 3056 2236 divinas
3082 2194 3294 2236 naturae
3335 2197 3456 2253 qua!
3483 2184 3582 2240 ιοιί

1986 2274 2238 2350 universo
2272 2275 2503 2343 imperat
2525 2275 2798 2330 conreuit.
2829 2273 2900 2329 At
2923 2289 3033 2344 quo
3060 2284 3218 2344 pacto
3248 2273 3414 2329 fuerit
3460 2274 3574 2330 Do-

1987 2365 2165 2418 minus
2191 2363 2398 2436 gloriae,
2433 2365 2477 2420 is
2498 2369 2589 2434 qui
2613 2367 2764 2420 cruci
2792 2365 2983 2424 aﬂixus
3012 2366 3131 2422 est?
3149 2366 3422 2438 Splendor
3447 2383 3502 2420 vr
3549 2385 3581 2423 ο

1984 2456 2186 2524 Patris,
2234 2465 2290 2510 et
2342 2456 2630 2513 character
2694 2459 2950 2513 essentiae
3002 2460 3192 2529 ipsius,
3249 2469 3589 2531 portansque

1987 2549 2169 2604 omnia
2217 2549 2384 2605 verbo
2429 2551 2645 2607 virtutis
2697 2565 2846 2615 suae,
2903 2553 3096 2607 melior
3146 2552 3355 2622 angelis
3405 2553 3586 2609 factus

1985 2656 2104 2699 esse
2132 2643 2348 2708 dicitur,
2380 2643 2560 2699 minor
2596 2644 2872 2712 nimirum,
2907 2655 2967 2699 ut
3006 2645 3266 2714 arbitror,
3293 2646 3374 2700 eis
3404 2647 3584 2703 decla-

1987 2746 2160 2800 ratus,
2205 2750 2328 2792 cum
2379 2735 2630 2806 apparuit
2674 2736 2856 2792 homo.
2915 2735 3193 2806 Scriptum
3249 2746 3331 2792 est
3377 2737 3522 2794 enim
3565 2758 3579 2793 :

1995 2846 2013 2879 ι
2053 2826 2219 2882 Paulo
2254 2828 2430 2893 minus
2461 2827 2530 2881 ab
2560 2829 2768 2898 angelis
2810 2827 3081 2892 minutum
3111 2829 3360 2884 videmus
3391 2827 3581 2884 Jesum

1989 2927 2209 2989 propter
2232 2918 2543 2988 passionem
2575 2920 2771 2976 mortis
2795 2928 2848 2976 et
2876 2920 3080 2976 honore
3113 2932 3436 2976 coronatum
3463 2922 3530 2976 ⁸³.
3559 2940 3577 2973 ι

1987 3009 2127 3078 Quid
2163 3009 2368 3078 igitur?
2410 3009 2831 3066 Privahimusne
2877 3011 3112 3066 Verbum
3166 3015 3309 3080 quod
3358 3027 3427 3069 ex
3471 3012 3589 3070 Deo

1988 3119 2052 3158 ac
2084 3102 2243 3158 Patre
2273 3103 2537 3171 processit
2568 3103 2890 3157 excellentia
2929 3103 3013 3158 illa
3047 3105 3218 3177 698
3245 3120 3366 3175 qua:
3391 3121 3588 3162 essen-

296 3199 430 3267 τιμῇ
462 3192 925 3262 ἐστεφανωμένον.
953 3187 1104 3261 »Ἆρ’
1124 3186 1218 3243 οὖν
1242 3187 1516 3258 ὲξὼσομεν
1544 3189 1632 3243 τὸν
1661 3192 1724 3244 ἐκ
1748 3190 1882 3243 Θεοῦ

1993 3193 2191 3247 tialiter
2220 3193 2321 3263 ipsi
2359 3193 2522 3258 inest,
2546 3201 2602 3246 et
2632 3207 2660 3245 a
2691 3191 2936 3262 perlecta
2971 3208 3095 3247 cum
3128 3193 3289 3249 Patre
3323 3194 3584 3252 similitu-

300 3287 514 3360 Πατρός
538 3284 820 3354 πεφηνότα
844 3283 1036 3351 Λόγον,
1061 3281 1159 3351 τῆς
1186 3279 1336 3350 αὐτῷ
1361 3280 1672 3351 προσούσης
1694 3279 1886 3333 οὺσιώ-

298 3381 421 3442 tau;
471 3377 762 3448 ὑπεροχῆς,
797 3376 892 3428 καὶ
920 3373 1020 3442 τῆς
1049 3372 1186 3444 πρὸς
1212 3371 1373 3424 αὑτὸν
1410 3368 1673 3440 ἀκριϐοῦς
1721 3371 1890 3438 saepe.

303 3473 475 3544 ρείας,
505 3472 600 3524 καὶ
643 3471 740 3539 τῆς
771 3467 1018 3537 ἀγγέλων
1051 3465 1300 3527 εὐκλείας
1331 3463 1641 3535 ἡττώμενον
1668 3460 1889 3531 βλέπον-

300 3583 389 3627 τες
417 3562 508 3618 διὰ
531 3562 590 3615 τὸ
619 3561 718 3629 τῆς
743 3558 1054 3627 οἰκονομίας
1085 3554 1529 3624 σμικροπρεπές;

373 3657 431 3709 Β.
475 3652 772 3724 Ούμενοῦν.
804 3645 973 3720 Οἶμαι
1007 3647 1116 3718 γὰρ
1147 3647 1277 3710 δεῖν,
1304 3645 1428 3700 οὔτε
1469 3645 1577 3698 τῶν
1611 3645 1890 3716 ἀνθρωπίκ

303 3764 409 3802 νων
442 3742 802 3799 ἀπαλλάττειν
850 3737 1130 3800 παντελῶς
1173 3736 1262 3789 τὸν
1293 3738 1356 3788 ὲκ
1385 3735 1520 3789 Θεοῦ
1550 3737 1718 3803 Λόγον
1753 3734 1888 3804 μετὰ

303 3840 400 3911 τὴν
434 3837 568 3907 πρὸς
592 3835 772 3905 σάρκα
798 3831 1036 3894 σύνοδον,
1062 3829 1189 3882 οὗτε
1215 3828 1320 3899 μὴν
1344 3828 1502 3899 δόξης
1528 3829 1628 3892 τῆς
1664 3829 1891 3899 Θεοπρεο

307 3932 439 3994 ποῦς
471 3929 795 3999 ἀποστερεῖν
821 3925 880 3978 τὸ
913 3922 1274 3993 ἀνθρώπινον,
1305 3924 1354 3975 εί
1382 3924 1439 3974 ἐν
1473 3921 1694 3993 Χριστῷ
1721 3926 1892 3975 νοοῖτο

309 4027 401 4079 καὶ
429 4023 659 4092 λέγοιτο.
693 4019 839 4089 Πλὴν
870 4018 1162 4089 ἐρομένους
1219 4014 1326 4067 ῑσθι
1352 4013 1432 4067 τοί
1473 4031 1622 4076 τινας
1647 4029 1658 4041 ·
1695 4014 1736 4064 Τ
1745 4013 1787 4076 ίς
1829 4013 1892 4084 δὴ

305 4119 413 4189 ἄρα
442 4117 588 4170 ἐστὶν
613 4112 827 4183 ἀληθῶς
867 4109 1070 4179 Ἰησοῦς
1096 4110 1123 4162 ὁ
1149 4106 1414 4179 Χριστός;
1460 4107 1516 4157 '0
1548 4108 1609 4157 ἐκ
1634 4107 1892 4172 γυναικὸς

309 4210 615 4280 ἄνθρωπος,
649 4206 816 4276 ἤγουν
848 4204 876 4254 ό
905 4203 968 4254 ὲκ
997 4198 1132 4252 Θεοῦ
1162 4198 1369 4266 Λόγος;

376 4305 442 4354 Α.
473 4296 706 4353 Ὴλίθιον
757 4293 856 4364 μὲν
906 4290 1105 4360 κομιδῇ
1152 4289 1211 4341 τὸ
1239 4285 1598 4342 διατείνεσθαι
1641 4287 1890 4359 περιττὰ,

309 4392 403 4446 καὶ
446 4387 746 4458 φληνάφοις
777 4380 1179 4450 εἰκαιομυθίαις
1218 4378 1806 4449 ἀνταναφωνεῖν.Ἐρῶ
1847 4379 1893 4430 δ’

1991 3285 2135 3350 diue,
2164 3299 2286 3339 cum
2325 3284 2474 3339 illum
2516 3285 2584 3338 ob
2611 3284 3008 3340 incarnationis
3035 3286 3403 3343 humilitatem
3439 3286 3582 3341 infe-

1993 3376 2194 3431 riorem
2227 3376 2435 3445 angelis
2461 3375 2665 3431 factum
2702 3375 2990 3430 videmus?

2063 3634 2124 3688 Β.
2171 3633 2544 3706 Nequaquam.
2581 3636 2846 3693 Existimo
2878 3639 3025 3693 enim
3047 3646 3302 3709 oportere
3331 3654 3509 3712 neque
3535 3641 3591 3696 in

1994 3729 2308 3784 universum
2337 3731 2690 3785 humanitatis
2719 3731 3148 3800 proprietatibus
3192 3733 3407 3800 privare
3449 3733 3588 3789 Ver-

1945 3827 1951 3838 '
1996 3820 2119 3874 hum
2159 3834 2224 3876 ex
2261 3821 2399 3882 Deo.
2437 3832 2726 3892 postquam
2780 3837 3000 3877 carnem
3041 3824 3378 3894 assumpsit:
3416 3839 3595 3896 neque

1996 3925 2186 3965 rursus
2233 3911 2629 3966 humanitatem
2679 3912 2860 3965 divina
2914 3911 3084 3982 gloria
3132 3911 3393 3981 spoliare,
3449 3914 3494 3968 si
3535 3913 3592 3967 in

1994 4006 2210 4062 Christo
2239 4006 2574 4075 intelligatur
2603 4017 2659 4060 ct
2691 4006 2925 4060 dicatur.
2956 4010 3028 4061 At
3067 4006 3254 4061 dicunt
3289 4006 3538 4061 nonnulli
3568 4029 3586 4062 :

1995 4101 2257 4167 Quisnam
2294 4114 2418 4154 vere
2450 4096 2714 4153 estJesus
2740 4097 3037 4153 Christus?
3075 4097 3322 4154 Homone
3358 4115 3426 4153 ex
3470 4116 3595 4153 tnu-

1995 4195 2130 4251 liere
2164 4203 2346 4259 natus,
2377 4209 2443 4246 an
2475 4192 2706 4248 Verbum
2738 4207 2804 4246 ex
2849 4190 3002 4246 Deo?

2067 4287 2132 4341 A.
2179 4285 2388 4342 Stolida
2424 4283 2670 4354 proiecto
2713 4299 2801 4339 res
2841 4293 2925 4338 est
2958 4283 3026 4338 de
3053 4276 3215 4338 rehus
3239 4285 3597 4353 supervacuis

1997 4380 2198 4433 acriter
2232 4377 2599 4439 contendere,
2640 4376 3050 4447 nugacibusque
3096 4390 3160 4430 ac
3198 4375 3353 4430 vanis
3400 4375 3596 4431 verbo-

307 4480 423 4544 υῦν,
452 4483 533 4536 ὅτι
572 4476 838 4549 σφαλερόν
863 4492 922 4528 τε
963 4473 1054 4526 καὶ
1089 4472 1188 4525 οὑκ
1220 4471 1454 4541 ἀζήμιον
1487 4471 1547 4522 τὸ
1585 4471 1888 4540 διατέμνειν

2002 4485 2117 4522 rum
2153 4469 2479 4523 commentis
2521 4466 2866 4530 occlamare,
2923 4466 3053 4535 quin
3096 4467 3276 4537 potius
3322 4467 3597 4537 periculo-

310 4571 388 4634 είς
415 4571 508 4625 δύο
536 4544 629 4621 καί
674 4544 945 4634 ἀναμέρος
975 4563 1127 4631 ίστᾷν
1177 4558 1461 4629 ἄνθρωπόν
1489 4577 1547 4612 τε
1578 4560 1671 4612 καὶ
1698 4560 1888 4628 Λόγον,

2001 4579 2118 4618 sum
2162 4562 2494 4630 noxiumque
2534 4574 2655 4615 esse
2697 4558 3013 4629 judicarim,
3062 4571 3252 4616 sedare
3298 4560 3354 4615 in
3397 4561 3504 4615 duo
3544 4573 3602 4616 et

308 4663 408 4718 οὐκ
459 4659 792 4729 ἀνεχομένης
840 4655 939 4724 τῆς
987 4652 1318 4722 οίκονομίας,
1368 4653 1460 4710 καὶ
1513 4651 1746 4722 Χριστὸν
1797 4652 1893 4704 ἕνα

314 4753 523 4826 βοὼσης
552 4751 649 4820 τῆς
684 4747 1040 4802 θεοπνεύστου
1070 4743 1312 4814 Γραφῆς.
1345 4744 1554 4813 Χρῆναι
1586 4743 1695 4814 γὰρ
1720 4742 1894 4810 ἔγωγέ

311 4863 475 4916 φημι,
514 4845 651 4914 μήτε
688 4841 782 4894 τὸν
825 4842 890 4893 ἐκ
927 4837 1064 4891 Θεοῦ
1093 4837 1266 4905 Λόγον
1299 4834 1719 4904 ἀνθρωπότητος
1747 4835 1894 4905 δίχα,

315 4940 450 5008 μήτε
475 4935 564 4988 τὸν
587 4936 651 4986 ἐκ
671 4930 926 5000 γυναικὸς
950 4927 1319 4998 ἀπο-τεχθέντα
1349 4927 1610 4996 ναὸν,οὺχ
1635 4926 1900 4981 amcam

310 5029 389 5099 τῷ
406 5028 583 5097 Λόγῳ,
603 5025 838 5097 Χριστὸν
862 5021 1070 5094 Ἰησοῦν
1091 5019 1476 5091 ὀνομάζεσθαι.
1497 5019 1903 5090 Ἀνθρωπότητι

312 5121 423 5189 γὰρ
447 5117 567 5172 καθ’
587 5117 780 5172 ἕνωσιν
799 5113 1147 5184 οἰκονομικὴν
1165 5113 1494 5184 ἀπορῤήτως
1519 5112 1906 5182 συνενηνεγμέ-

315 5228 402 5274 νος
441 5213 470 5264 ὁ
513 5212 576 5262 ἐκ
618 5207 755 5262 Θεοῦ
797 5208 966 5276 Λόγος
993 5208 1196 5258 νοεῖται
1229 5204 1484 5276 Χριστός,
1517 5203 1777 5273 ἀνωτέρω
1809 5205 1908 5274 μὲν

314 5303 752 5375 ἀνθρωπότητος,
781 5300 855 5365 ὡς
885 5298 1045 5370 φύσει
1071 5298 1203 5360 Θεὸς
1234 5299 1328 5351 καὶ
1358 5297 1506 5360 Υἱὸς,
1539 5297 1819 5366 ὑφιζάνων
1845 5297 1903 5350 δέ

315 5412 366 5448 τι
420 5392 593 5465 βραχὺ
644 5391 739 5444 τοῦ
785 5392 843 5444 ιν
890 5389 1021 5462 δόξῃ
1062 5387 1420 5458 θεοπρεποῦς.
1471 5387 1544 5451 ὼς
1594 5387 1901 5458 ἄνθρωπος.

317 5487 627 5558 Τοιγάρτοι,
659 5484 789 5537 ποτε
841 5483 938 5552 μὶν
995 5481 1233 5551 ἔφασκεν
1265 5498 1277 5512 ·
1309 5481 1409 5534 ιύ
1461 5479 1723 5550 δωρακὼς
1783 5481 1902 5548 ἐμὲ,

318 5579 528 5650 ἑώρακε
561 5577 652 5630 τὸν
684 5574 1086 5648 Πατέρα.Ἐγὼ
1128 5574 1222 5627 καὶ
1248 5577 1276 5627 ό
1307 5574 1494 5644 Πατὴρ
1534 5575 1591 5625 ἓν
1641 5574 1808 5644 ἐσμεν
1835 5591 1845 5601 ·
1883 5591 1899 5622 ι

314 5673 404 5727 ὁτὲ
435 5675 489 5728 δὲ
521 5669 588 5728 αὖ
626 5669 784 5724 πάλιν
807 5686 820 5700 ⁸
858 5688 874 5719 ι
899 5669 956 5721 Ὀ
984 5669 1171 5736 Πατήρ
1206 5683 1305 5735 μου
1337 5664 1536 5733 μείζων
1572 5664 1671 5734 μού
1701 5666 1901 5717 ἐστιν.»

389 5851 472 5906 "l
505 5851 631 5905 Cor.
664 5833 725 5910 ιι,
760 5845 872 5908 6-8..
952 5843 999 5875 ⁸⁸
1025 5843 1188 5897 ιιι-ιη.
1230 5860 1265 5904 ι,
1305 5843 1357 5905 '5,
1389 5845 1440 5896 ι.
1521 5845 1564 5874 ⁵⁵
1593 5843 1752 5897 11ι·1)ι·.
1794 5861 1850 5906 ιι,
1883 5843 1933 5897 9.

642 5941 912 6001 ΡΑτιιυι,
961 5940 1080 5999 (in.
1120 5937 1210 5998 LX
1237 5937 1362 5995 XV.

2002 4655 2292 4726 separatim
2339 4661 2583 4709 statuere
2623 4652 2896 4707 hominem
2951 4662 3006 4706 et
3037 4652 3314 4718 Verbum,
3351 4668 3473 4709 cum
3511 4653 3601 4709 in.

2005 4747 2341 4802 carnationis
2379 4745 2516 4798 ratio
2565 4744 2616 4798 id
2664 4759 2770 4797 non
2825 4745 3088 4812 patiatur,
3145 4759 3382 4813 cumque
3437 4759 3599 4800 sacra

2009 4839 2287 4908 Scriptura
2320 4851 2488 4892 unum
2525 4848 2648 4892 esse
2685 4833 2964 4890 Christum
2996 4836 3275 4904 praedicet.
3308 4835 3421 4906 Ego
3451 4836 3597 4892 enim

2005 4932 2078 4984 ita
2111 4939 2294 4986 statuo
2322 4936 2576 4996 oportere
2597 4966 2612 4992 ,
2648 4940 2822 4994 neque
2854 4925 3094 4980 Verbum
3141 4941 3207 4982 ex
3251 4926 3362 4982 Deo
3391 4925 3600 4996 absque

2005 5020 2365 5083 humanitate,
2397 5032 2571 5086 neque
2592 5016 2850 5084 templum
2888 5017 3125 5086 quodex
3159 5015 3381 5087 Virgine
3411 5026 3600 5071 uatum

2003 5124 2087 5171 est
2115 5127 2225 5168 non
2259 5112 2467 5165 unitum
2505 5108 2706 5174 Verbo,
2728 5106 2912 5162 Jesum
2939 5108 3217 5164 Christum
3247 5109 3454 5164 vocari.
3487 5107 3603 5164 Hu-

2008 5205 2257 5261 manitati
2287 5202 2431 5257 enim
2470 5201 2771 5257 secundum
2817 5200 3082 5255 unitatem
3125 5216 3224 5272 per
3260 5201 3600 5256 incarnatio-

2009 5311 2129 5351 nem
2163 5294 2361 5350 factam
2396 5292 2742 5348 inelTahiliter
2767 5293 3081 5362 copulatum
3110 5290 3350 5348 Verbum
3373 5308 3440 5347 ex
3470 5292 3603 5359 Deo.

2011 5390 2210 5444 dicitur
2237 5387 2511 5456 Christus,
2544 5388 2795 5456 superior
2825 5387 3043 5457 quidem
3081 5402 3246 5458 quam
3289 5395 3372 5442 est
3407 5387 3602 5441 huma-

2014 5479 2179 5545 nitas,
2213 5488 2271 5533 ut
2307 5488 2502 5534 natura
2531 5478 2676 5533 Deus
2701 5489 2757 5533 et
2779 5477 2950 5532 Filius
2977 5491 2993 5532 :
3022 5477 3253 5533 inferior
3298 5493 3427 5533 vero
3472 5494 3609 5533 nou-

2013 5572 2146 5627 nihil
2179 5572 2347 5643 gloria
2375 5573 2595 5635 divina,
2631 5579 2688 5626 ut
2728 5572 2912 5627 homo.
2969 5571 3184 5628 Idcirco
3223 5581 3278 5626 et
3317 5572 3431 5641 ipse
3478 5571 3606 5626 alihi

2015 5663 2190 5717 dixit:
2235 5682 2252 5714 ι
2284 5662 2389 5730 Qui
2437 5665 2573 5718 vidit
2618 5678 2737 5727 me,
2772 5664 2906 5718 vidit
2946 5672 3002 5719 et
3044 5663 3260 5718 Patrem
3295 5664 3360 5717 ‘°.
3399 5662 3510 5734 Ego
3557 5676 3611 5717 ct

2015 5843 2059 5873 ⁸ο
2083 5840 2238 5897 Joan.
2281 5858 2388 5907 xit,
2424 5841 2478 5898 9.

3197 5935 3270 5996 39
