4036 6336
496 446 629 498 1227
1474 438 1528 488 S.
1572 434 1838 491 (ιιιιιιΛΛ
1882 436 2090 490 ΑΗΞΧΑ

2129 436 2344 491 ιυιιιΝι
2386 437 2698 492 Αιιαιιιιίρ.
3366 506 3389 547 /
3588 424 3723 483 ιφιιε

493 560 653 610 Pater
694 571 853 608 unum
912 567 1095 606 smnus
1120 553 1184 603 ".
1235 571 1251 602 ι
1287 552 1419 606 Cum
1469 527 1767 607 vero.dicit
1799 568 1810 605 :
1845 572 1862 604 ι
1897 556 2054 608 Pater
2083 603 2087 613 ,

2157 554 2231 605 υύ
2273 554 2441 623 μείων
2485 556 2591 625 γὰρ
2634 555 2708 605 ὦν
2742 551 2832 605 τοῦ
2869 550 3079 619 Πατρῖις
3115 547 3252 601 κατά
3281 527 3435 613 “Et
3478 544 3537 595 ὲν
3570 542 3723 609 οὐσίᾳ

494 648 664 714 major
697 659 780 698 me
804 641 943 697 est“
976 659 987 693 :
1028 661 1045 693 ι
1070 658 1191 695 cum
1219 655 1325 696 non
1357 641 1427 695 sit
1452 642 1626 697 minor
1652 641 1813 698 Patre
1842 645 2048 698 ratione

2153 643 2368 706 ταυτὸν,
2399 644 2493 697 καὶ
2528 643 2666 695 κατά
2700 644 2807 695 πᾶν
2838 639 3012 694 ὁτιοῦν
3040 640 3099 693 τὸ
3134 633 3465 699 ίσοστατοῦν,
3496 634 3557 685 tv
3583 631 3726 685 ὲλάτσ

493 736 789 791 identitatis
840 734 1128 798 essentia,
1179 741 1233 787 et
1283 732 1607 787 omnimon
1657 734 2045 798 similitudinis,

2153 750 2301 786 τοσιν
2348 729 2485 788 εἶναί
2517 752 2649 805 φησι
2690 733 2776 786 διά
2807 732 2867 785 τὸ
2895 730 3248 801 ἀνθρώπινον.
3280 725 3629 798 Κηρύττεται
3668 721 3724 773 δὲ

489 826 749 881 minorem
789 838 847 879 se
878 838 996 878 esse
1037 823 1166 877 dicit
1204 821 1413 876 mione
1443 821 1813 878 humanitatis.
1843 821 2046 877 Praedi-

2155 823 2248 876 καὶ
2279 822 2365 876 διά
2395 823 2502 875 τῶν
2537 822 2697 892 ἱερῶν
2727 823 3095 893 Γραμμάτων,
3127 819 3254 873 ποτὲ
3281 819 3376 889 μὲν
3406 816 3481 876 ὡς
3512 814 3631 875 ὅλος
3653 809 3725 862 ὣν

488 926 642 969 catur
663 929 789 971 vero
808 915 969 969 etiam
998 914 1051 967 in
1084 913 1253 967 sacris
1277 910 1517 976 Litteris,
1538 913 1802 967 interdum
1831 914 2045 982 quidem

2152 910 2454 980 ἅνθρωπος,
2492 911 2910 981 σεσιωπημένης
2940 909 3105 963 αὑτοῦ
3152 910 3249 978 τῆς
3294 908 3549 977 θεότητος
3586 903 3727 955 οίκο·

488 1015 543 1059 ιιι
572 1008 782 1075 lntegre
809 1003 1075 1057 exsistens
1105 1003 1283 1064 homo,
1312 1015 1417 1055 non
1442 1014 1693 1070 expressa
1720 1001 1888 1070 ipsius
1912 1001 2047 1055 divi—

2153 1002 2416 1071 νομικῶς·
2460 1003 2591 1054 ποτὲ
2638 1003 2693 1055 δὲ
2741 998 2806 1055 αὖ
2863 1002 3019 1055 πάλιν
3052 1000 3141 1055 καὶ
3169 1000 3321 1063 Θεὸς,
3358 992 3725 1066 σεσιγημὲνης

488 1098 685 1159 nitate,
741 1096 947 1148 ratione
999 1092 1432 1147 incarnationis:
1487 1091 1751 1145 interdum
1802 1105 1933 1145 vero
1988 1100 2046 1145 ut

2153 1092 2317 1146 αὐτοῦ
2364 1093 2462 1161 τῆς
2498 1093 2913 1162 ἀνθρωπότητος
2934 1110 2946 1122 ’
2982 1093 3246 1144 ἀδικεῖται
3290 1090 3345 1141 δὲ
3388 1087 3511 1140 κατ’
3538 1084 3728 1139 οὐδένα

491 1187 650 1247 Deus.
680 1199 783 1238 non
807 1195 1061 1250 expressa
1109 1181 1439 1235 humanitate
1471 1197 1483 1233 :
1512 1189 1699 1233 neutra
1744 1189 1919 1233 tamen
1962 1195 2046 1233 ra-

1966 1195 2046 1233 ra-
2152 1183 2349 1251 τρόπον
2382 1183 2469 1236 διὰ
2501 1184 2593 1235 καὶ
2627 1184 2825 1253 ἀμφοῖν
2854 1185 2933 1245 είς
2969 1183 3194 1253 ἑνότητα
3224 1180 3516 1252 σύμϐασιν.
3556 1226 3560 1229 ,

490 1278 633 1329 tione
665 1274 761 1344 ipsi
796 1274 991 1343 injuria
1039 1272 1114 1336 lit,
1150 1280 1368 1341 propter
1410 1272 1692 1339 utriusque
1732 1270 2047 1341 appellatio-

486 1368 569 1419 nis
595 1368 645 1418 in
671 1379 835 1418 unum
859 1376 1204 1417 concursum.

555 1460 612 1512 Β.
649 1459 926 1525 Quomodo
958 1457 1079 1512 ais?
1116 1470 1286 1525 neque
1313 1456 1456 1510 enim
1482 1456 1613 1510 satis
1638 1469 1896 1525 assequor
1920 1456 2044 1526 quid

1857 1470 1896 1509 ir
1920 1456 2044 1526 quid
2221 1449 2279 1501 Β.
2325 1448 2445 1511 Πῶς
2484 1450 2692 1518 λέγεις;
2733 1452 2953 1521 συνίημι
2987 1451 3093 1520 γὰρ
3127 1451 3187 1503 ού
3224 1450 3451 1522 σφόδρα.

483 1554 639 1609 velis.

556 1647 615 1697 Α.
664 1643 918 1699 Hebraeus
958 1657 1023 1697 ex
1064 1641 1302 1695 Hebraeis
1342 1649 1396 1695 et
1442 1640 1580 1695 tribu
1620 1640 1913 1712 Benjamin,
1949 1655 2045 1696 vo-

2222 1628 2285 1678 A.
2317 1625 2375 1677 '0
2413 1624 2661 1695 Ἐϐραῖος
2700 1625 2758 1690 ιξ
2790 1626 3058 1695 Ἑϐραίων
3093 1628 3187 1680 καὶ
3225 1626 3401 1695 φυλῆς
3440 1625 3722 1697 Βενιαμὶν,

482 1749 637 1792 catus
662 1736 955 1806 apostolus.
985 1734 1176 1789 scribit
1206 1734 1272 1787 iis
1318 1733 1409 1801 qui
1453 1747 1550 1803 per
1574 1732 1731 1787 ﬁdem
1768 1732 2042 1803 justilicati

2149 1717 2177 1768 6
2210 1716 2404 1787 κλητὸς
2430 1717 2744 1782 ἀπόστολος.
2774 1718 3074 1771 ἐπιστέλλει
3111 1720 3222 1782 τοῖς
3247 1719 3332 1773 διὰ
3365 1719 3607 1783 πίστεως
3636 1720 3722 1773 δε-

483 1838 636 1895 sunt,
675 1836 730 1882 et
772 1826 1165 1882 mortilicarunt
1204 1826 1441 1879 membra
1482 1825 1687 1889 carnis,
1730 1824 2044 1879 fornicatio-

2149 1806 2546 1877 δικαιωμένοις,
2583 1809 2676 1861 καὶ
2707 1807 3150 1879 κατανεκρώσασι
3193 1810 3259 1864 τὰ
3296 1811 3429 1882 μέλη
3460 1810 3562 1881 τῆς
3592 1827 3723 1882 σαρ-

481 1933 603 1972 nem
660 1917 926 1981 videlicet,
976 1915 1399 1977 immunditiam,
1447 1913 1748 1978 libidinem,
1800 1908 2075 1983 concupit

2147 1899 2261 1961 κὸς,
2295 1899 2549 1969 ⁸πορνείαν
2581 1899 2644 1969 δὴ
2675 1899 2818 1967 λέγω
2852 1902 2945 1954 καὶ
2971 1900 3162 1965 πάθος,
3195 1902 3489 1970 ἐπιθυμίαν
3526 1902 3721 1973 κακὴν,

482 2008 742 2064 scientiam
796 2007 988 2060 malam
1032 2017 1085 2061 et
1130 2006 1450 2059 avaritiam:
1491 2023 1508 2055 ε
1544 2003 1849 2059 MortilicaIi
1900 1994 2041 2059 eniin

2144 1988 2239 2040 xci.
2280 1989 2379 2059 τὴν
2429 1986 2759 2053 πλεονεξίαν.
2814 1989 3178 2044 ιἈπεθάνετε
3226 1992 3354 2062 γάρ,
3385 1992 3480 2044 καὶ
3532 1993 3564 2062 ἡ
3611 1990 3722 2061 ζωή

480 2099 633 2158 estis,
670 2106 721 2151 et
751 2098 856 2150 vita
883 2105 1061 2150 vestra
1107 2092 1420 2149 abscondita
1460 2102 1544 2147 est
1576 2109 1697 2146 cum
1743 2092 1959 2148 Christo
1991 2096 2042 2148 in

2146 2078 2297 2148 ὑμῶν
2326 2079 2628 2150 κέκρυπται
2659 2082 2753 2134 σῦν
2782 2081 2857 2151 τῷ
2886 2081 3106 2152 Χριστῷ
3133 2084 3191 2134 tv
3225 2083 3300 2153 τῷ
3322 2082 3462 2151 Θεῷ.
3490 2101 3508 2134 ι
3551 2084 3725 2146 Αὐτός

483 2190 595 2243 Deo
616 2187 682 2241 ⁸³.
723 2206 741 2238 ι
774 2188 888 2255 Ipse
917 2185 1080 2239 etiam
1113 2184 1177 2239 de
1210 2182 1483 2251 discipulis
1515 2182 1626 2236 suis
1655 2182 1779 2237 alibi
1822 2182 1995 2253 inquit
2025 2202 2037 2237 :

2141 2183 2205 2236 γε
2230 2168 2335 2238 μὴν
2364 2168 2469 2238 εφη
2491 2169 2618 2239 περὶ
2649 2169 2757 2221 τῶν
2787 2170 2979 2223 ἑαυτοῦ
3015 2170 3293 2241 μαθητῶν
3324 2189 3342 2222 ι
3368 2172 3552 2243 Πάτερ
3578 2172 3722 2239 ἅγιε,

486 2299 503 2330 ι
543 2277 701 2333 Pater
728 2285 937 2339 sancte,
974 2287 1127 2328 serva
1159 2288 1251 2327 eos
1296 2273 1347 2325 in
1392 2272 1605 2325 nomine
1649 2278 1741 2325 tuo
1783 2288 1919 2341 quos
1950 2272 2041 2327 de-

2140 2257 2379 2325 τήρησον
2409 2257 2605 2320 αὐτοὺς
2644 2260 2701 2311 tv
2731 2258 2807 2328 τῷ
2845 2260 3068 2329 ὀνόματί
3107 2278 3221 2324 σου,
3254 2255 3298 2330 ᾧ
3328 2261 3571 2325 δέδωκάς
3610 2279 3722 2332 μοι,

479 2371 605 2424 nisti
639 2368 789 2431 mihi,
815 2365 983 2436 699
1012 2374 1070 2419 ut
1098 2364 1207 2417 sint
1246 2377 1441 2428 unum,
1473 2364 1610 2415 sicut
1642 2371 1695 2416 et
1733 2378 1850 2418 nos.
1907 2363 2037 2417 Cum

2142 2348 2230 2401 ἵνα
2259 2342 2392 2401 ὦσιν
2422 2349 2499 2413 ἓν,
2518 2348 3029 2420 καθὼςήμείς.”οτε
3059 2353 3207 2424 ήμην
3239 2352 3355 2423 μετ’
3384 2353 3587 2419 αὐτῶν,
3615 2354 3724 2423 ἐγὼ

478 2476 654 2513 essem
688 2471 810 2511 cum
835 2457 937 2519 eis,
966 2468 1064 2521 ego
1104 2454 1384 2506 servabam
1432 2464 1524 2504 cos
1568 2451 1619 2504 in
1666 2452 1879 2507 nomine
1927 2460 2036 2506 tuo.

2140 2438 2366 2509 ιτήρουν
2397 2438 2593 2502 αὐτοὺς
2622 2440 2681 2493 tv
2706 2440 2782 2509 τῷ
2812 2442 3034 2511 ὀνόματί
3069 2459 3183 2509 σου,
3214 2444 3303 2507 οῦς
3332 2444 3569 2508 δέδωκάς
3610 2462 3721 2515 μοι,

476 2554 625 2617 Quos
651 2550 843 2605 dedisti
874 2548 1005 2601 milti
1032 2561 1129 2617 ego
1149 2546 1513 2609 custodivi,'et
1545 2559 1701 2598 nemo
1723 2557 1786 2597 ex
1820 2543 1884 2597 iis
1913 2557 2038 2611 per-

2139 2530 2235 2583 καὶ
2274 2530 2514 2599 ιφύλαξα
2542 2532 2757 2596 αὐτοὺς,
2790 2534 2883 2585 καὶ
2919 2533 3094 2597 οὐδεὶς
3138 2535 3197 2600 ἐξ
3242 2535 3421 2589 αὐτῶν
3451 2537 3722 2598 ἀπώλετο.

474 2645 557 2706 iit,
602 2643 703 2697 nisi
743 2640 883 2694 ﬁlius
927 2638 1264 2707 perditionis,
1304 2646 1363 2688 ut
1397 2635 1677 2703 Scriptura
1726 2633 2035 2703 impleatur.

2141 2623 2188 2675 εί
2230 2621 2307 2693 μὴ
2333 2625 2361 2675 ό
2388 2622 2501 2685 υίὸς
2546 2622 2645 2691 τῆς
2684 2623 2983 2689 ἀπωλείας,
3031 2625 3118 2679 ἵνα
3147 2626 3179 2695 ἡ
3214 2626 3402 2698 Γραφὴ
3438 2627 3721 2698 πληρωθῇ.

476 2731 627 2786 Nunc
653 2738 832 2783 autem
866 2727 933 2782 ad
959 2737 1010 2781 te
1039 2727 1213 2788 venio.
1248 2735 1301 2778 et
1342 2725 1455 2778 haec
1495 2724 1688 2791 loquor
1721 2724 1774 2777 in
1820 2724 2035 2788 mundo,

2140 2711 2254 2765 Νῦν
2308 2713 2364 2766 δὲ
2410 2712 2545 2783 πρὸς
2595 2714 2654 2765 σὲ
2704 2712 2955 2783 ἔρχομαι,
2986 2715 3081 2767 καὶ
3126 2714 3301 2769 ταῦτα
3354 2717 3502 2770 λαλῶ
3547 2721 3605 2771 tv
3647 2721 3724 2789 τῷ

475 2834 535 2877 ιιι
574 2822 808 2877 babeant
866 2817 1119 2888 gaudium
1179 2830 1353 2870 meum
1400 2815 1670 2884 impletum
1742 2814 1793 2868 in
1839 2824 2038 2869 semet-

2140 2808 2348 2878 κόσμῳ,
2387 2807 2474 2860 ἵνα
2512 2807 2675 2877 ἔχωσι
2716 2808 2815 2877 τὴν
2852 2808 3025 2879 χαράν
3052 2809 3150 2879 τὴν
3178 2811 3317 2881 ιμὴν
3347 2812 3724 2882 πεπληρωμέ-

477 2914 611 2983 ipsis
631 2912 698 2965 ⁸⁸.
736 2929 756 2962 ι
794 2906 1052 2975 lntelligis
1081 2906 1284 2975 itaque,
1324 2917 1431 2973 quo
1463 2912 1618 2971 pacto
1643 2903 1694 2954 in
1728 2903 1809 2956 his
1832 2918 1895 2957 ex
1928 2902 2038 2957 sola

2140 2915 2238 2967 νην
2267 2900 2325 2951 tv
2352 2901 2581 2962 ἑαυτοῖς.
2617 2919 2635 2951 ι
2669 2898 2861 2969 Συνίης
2891 2896 3003 2966 οὖν,
3029 2900 3176 2963 ὅπως
3205 2903 3312 2955 ἀπὸ
3343 2904 3514 2973 μόνης
3534 2904 3724 2975 ὥσπερ

473 2998 871 3072 quodammodo
926 2998 1260 3053 humanitate
1317 2993 1470 3047 nobis
1518 2992 1807 3063 signiﬁcari
1860 2993 2039 3046 videa-

2137 2992 2271 3060 ἡμῖν
2304 2990 2404 3059 τῆς
2434 2990 2853 3062 ἀνθρωπότητος
2890 2992 2946 3044 ἐν
2992 3009 3056 3059 γε
3100 2996 3339 3048 τουτοισὶ
3373 2995 3724 3067 κατασημαίο

476 3094 603 3148 tur?

2138 3080 2321 3134 νεσθαι
2359 3081 2538 3148 δοκεῖς

542 3184 603 3239 Β.
644 3180 811 3238 Recte
841 3183 942 3236 ais.
2083 3241 2086 3242 ν

2083 3241 2086 3242 ν
2212 3170 2271 3222 Β.
2308 3171 2601 3242 Ὀρθότατα
2639 3171 2794 3241 ἔφης.

542 3280 607 3329 Δ.
649 3275 1000 3331 Censebimus
1024 3272 1167 3326 enim
1211 3270 1443 3324 nondum
1480 3268 1854 3322 absconditum
1894 3280 2033 3330 esse,
2062 3241 2104 3297 δ

2209 3268 2272 3314 Δ.
2314 3241 2621 3332 υίησόμεθα
2676 3263 2784 3333 γὰρ
2837 3262 2953 3315 οῦτι
3010 3281 3111 3316 που
3161 3266 3467 3336 κεκρύφθαι
3517 3285 3577 3321 τε
3628 3270 3721 3324 καὶ

474 3381 647 3434 neque
710 3380 740 3418 e
782 3363 981 3417 mundo
1025 3360 1362 3421 excessisse,
1407 3373 1531 3413 cum
1597 3366 1783 3425 aperte
1832 3356 1976 3409 dicat
2020 3373 2033 3407 :

2139 3354 2437 3423 ἀποδημεῖν
2455 3354 2545 3406 τοῦ
2569 3353 2793 3423 κόσμου,
2814 3356 2988 3408 καίτοι
3009 3355 3231 3423 λέγοντα
3250 3358 3459 3425 σαφῶς·
3478 3378 3497 3410 ί
3522 3361 3719 3432 Ἀμὴν.

478 3475 499 3508 ο
544 3456 737 3515 Amen,
775 3465 932 3505 amen
972 3451 1091 3503 dico
1118 3447 1290 3512 vobis,
1320 3448 1460 3515 quod
1502 3447 1589 3499 ubi
1630 3445 1736 3498 duo
1792 3455 1885 3498 aut
1929 3454 2038 3501 tres

2139 3446 2289 3514 ἀμὴν
2312 3445 2452 3513 λέγω
2475 3446 2625 3515 ὑμῖν,
2648 3446 2727 3497 δτι
2757 3446 2889 3499 ὅπου
2934 3448 3027 3499 ἐὰν
3066 3447 3371 3518 συναχθῶσι
3392 3450 3485 3503 δύο
3510 3452 3542 3521 ἢ
3570 3457 3717 3524 τρεῖς

470 3544 780 3614 congregati
822 3540 1024 3595 fuerint
1082 3540 1133 3591 in
1181 3538 1397 3591 nomine
1454 3552 1604 3599 meo,
1659 3535 1765 3587 illic
1816 3549 1932 3589 sum
1984 3536 2037 3588 in

2140 3536 2218 3597 εἰς
2258 3535 2317 3587 τὸ
2350 3535 2483 3604 ἐμὸν
2523 3535 2713 3604 ὄνομα,
2748 3538 2865 3589 ἐκεῖ
2895 3538 3009 3605 εἰμι
3050 3539 3106 3592 tv
3142 3538 3288 3608 μέσῳ
3320 3540 3521 3594 αὐτῶν.
3555 3560 3573 3592 ι
3610 3545 3718 3596 Καὶ

471 3636 651 3691 medio
680 3648 866 3688 eorum
889 3630 953 3683 ⁸⁸.
997 3650 1015 3682 ι
1054 3629 1118 3683 Et
1148 3643 1332 3682 rursus
1363 3644 1375 3679 :
1418 3644 1436 3676 ι
1476 3626 1611 3680 Ecce
1640 3640 1738 3694 ego
1767 3624 2037 3679 vobiscum

2139 3624 2319 3677 πάλιψ
2353 3644 2370 3675 t
2398 3624 2525 3677 Ἰδοὺ
2558 3624 2669 3693 ἐγὼ
2692 3626 2808 3694 μεθ’
2840 3626 2992 3695 ὑμῶν
3019 3629 3129 3697 εἰμι
3155 3629 3331 3693 πάσας
3358 3630 3455 3694 τὰς
3482 3633 3717 3702 ἡμέρας,

470 3742 590 3782 sum
634 3722 884 3778 omnibus
938 3720 1145 3783 diebus,
1192 3733 1361 3785 usque
1410 3718 1475 3769 ad
1522 3718 2036 3771 consummationem

2138 3715 2241 3777 tuo;
2268 3714 2368 3784 τῆς
2401 3718 2709 3779 συντελείας
2740 3716 2831 3769 τοῦ
2867 3718 3080 3781 αἰῶνος.
3110 3720 3298 3782 »Ἰδοις
3322 3721 3366 3773 δ’
3398 3724 3462 3775 ἂν
3493 3724 3589 3777 καὶ
3622 3727 3718 3777 αῦ-

470 3815 652 3872 s:eculi
678 3815 741 3867 ⁸⁸.
772 3833 791 3866 ι
825 3811 961 3879 Quin
983 3821 1037 3865 et
1065 3810 1487 3866 sacratissimum
1533 3808 1755 3861 Paulum
1798 3821 2037 3876 saepenu-

2137 3803 2227 3854 τὸν
2275 3804 2364 3856 τὸν
2413 3804 2700 3874 ἱερώτατον
2760 3804 2969 3858 Παῦλον
3004 3808 3534 3878 καταρῤᾳθυμοῦντα
3591 3814 3719 3864 πολ-

470 3922 621 3962 mero
656 3906 839 3958 videas
875 3912 1161 3970 negantem
1189 3899 1383 3953 debere
1412 3898 1586 3968 ipsum
1630 3898 1907 3965 praedicari
1936 3897 2035 3950 bo-

2140 3895 2295 3955 λάκις
2351 3896 2443 3947 τοῦ
2501 3897 2592 3947 καὶ
2624 3896 2906 3965 ἄνθρωπον
2950 3896 3059 3949 δεῖν
3098 3898 3497 3969 ἀνακηρύττειν
3532 3903 3716 3956 αὐτόν.

470 4000 711 4050 minem:
756 4013 772 4045 ι
812 3993 1012 4047 Paulus
1044 3992 1209 4051 enim.
1245 3990 1437 4057 inquit,
1478 3988 1780 4057 apostolus,
1822 4003 1928 4043 non
1968 3989 2036 4042 ab

2146 4004 2164 4035 ι
2194 3984 2401 4047 Παῦλος
2447 3985 2575 4055 γὰρ,
2605 3988 2786 4055 φησὶν,
2820 3988 2848 4037 6
2888 3988 3200 4050 ἀπόστολος,
3232 3989 3331 4041 οὐκ
3374 3991 3473 4043 ἀπ’
3507 3993 3718 4065 ἀνθρὼ-

474 4085 803 4147 hominibus,
854 4098 1028 4151 neque
1084 4097 1177 4151 per
1230 4082 1495 4145 homines,
1552 4080 1645 4135 sed
1706 4094 1800 4147 per
1853 4078 2033 4134 Jesum

2140 4093 2275 4139 πων,
2312 4076 2429 4129 οὐδὲ
2455 4078 2520 4129 δι’
2549 4077 2872 4147 ἀνθρώπων,
2904 4078 3037 4130 ἀλλά
3064 4079 3151 4132 διά
3190 4078 3362 4149 Ἰησοῦ
3393 4083 3657 4153 Χριστοῦ.
3696 4105 3711 4135 ι

470 4176 746 4231 Christum
761 4174 826 4227 ".
851 4192 868 4224 ι
890 4174 953 4226 Ει
980 4172 1137 4242 paqu
1162 4180 1281 4241 post
1305 4189 1316 4222 :
1345 4190 1361 4221 ι
1389 4170 1581 4225 Notum
1614 4172 1757 4247 enim
1781 4171 1928 4225 vobis
1965 4169 2040 4223 fa-

2136 4165 2244 4218 Καὶ
2265 4162 2329 4219 αὖ
2353 4167 2442 4219 ἐπὶ
2460 4168 2691 4230 τούτοις”
2718 4186 2735 4217 t
2761 4167 3014 4237 Γνωρίζω
3040 4169 3093 4221 δὲ
3120 4170 3245 4239 ὑμῖν
3270 4170 3331 4222 τὸ
3357 4172 3714 4240 Εὐαγγέλιον,

471 4269 577 4333 cio,
610 4267 825 4330 fratres,
861 4263 1209 4332 Evangelium
1234 4262 1374 4331 quod
1419 4261 1843 4331 evangelizatum
1886 4271 1969 4317 est
2005 4278 2035 4315 ιι

2136 4258 2286 4325 φησὶ,
2320 4257 2381 4309 τὸ
2408 4257 2785 4325 εὐαγγελισθὲν
2831 4257 3101 4327 ὑπ’ὲμοῦ,
3130 4260 3208 4311 ὅτι
3260 4261 3359 4313 οὐκ
3406 4262 3523 4316 ἔστι
3578 4268 3719 4319 κατὰ

470 4372 580 4419 me,
609 4354 735 4425 quia
762 4368 867 4408 non
890 4362 971 4407 est
1004 4353 1296 4407 secundum
1340 4352 1631 4405 hominem.
1666 4349 1846 4420 Neque
1890 4352 2033 4407 enim

2134 4346 2437 4418 ἄνθρωπον.
2483 4346 2615 4399 Οὐδὲ
2662 4346 2769 4416 γὰρ
2811 4347 2922 4414 ἐγὼ
2956 4348 3106 4414 παρά
3137 4348 3425 4419 ἀνθρώπου
3470 4355 3717 4424 παρέλα-

472 4460 573 4513 ego
596 4444 663 4499 ab
696 4443 913 4499 homine
943 4440 1126 4510 accepi
1154 4440 1297 4502 illud,
1348 4453 1517 4506 neque
1562 4440 1719 4493 didici
1754 4456 1766 4493 :
1812 4440 1903 4495 sed
1941 4455 2035 4508 per

2136 4438 2228 4491 δον
2276 4438 2441 4499 αὐτὸ,
2496 4437 2615 4490 οὐδὲ
2672 4437 2949 4507 ἐδιδάχθην
2978 4478 2992 4502 ,
3048 4438 3182 4494 ἀλλά
3222 4441 3286 4493 δι’
3313 4443 3718 4514 ἀποκαλύψεως

472 4532 857 4587 revelationem
881 4529 1004 4584 Iesu
1036 4528 1235 4584 Cbristi
1267 4529 1332 4580 ⁸⁸.
1376 4548 1393 4579 ι
1430 4528 1566 4593 Quin
1598 4539 1651 4582 et
1686 4529 1793 4581 alio
1832 4530 1882 4582 in
1918 4531 2035 4585 loco

2151 4528 2323 4599 Ἰησοῦ
2354 4529 2606 4599 Χριστοῦ.
2634 4548 2651 4579 ι
2691 4530 2799 4582 Καὶ
2829 4529 2934 4598 μὴν
2962 4530 3055 4583 καὶ
3084 4532 3308 4603 ἑτέρωθί
3354 4552 3556 4604 φησιν·
3600 4558 3617 4587 ι
3660 4540 3718 4590 Ei

472 4626 547 4676 ait
581 4641 592 4675 :
652 4640 670 4672 ε
711 4622 766 4675 Si
817 4635 943 4675 vero
996 4620 1157 4674 etiam
1198 4619 1546 4689 cognovimus
1589 4620 1879 4673 secundum
1915 4636 2035 4674 car-

2140 4585 2336 4672 6t'xat
2368 4585 2682 4690 ἐγνώκαμεν
2729 4585 2865 4673 κατά
2891 4585 3095 4691 ⁵σάρκα
3141 4585 3578 4693 ὶξριστὸύ,.ἀλλά

473 4730 594 4768 nem
631 4713 924 4773 Christum,
981 4710 1073 4764 sed
1126 4725 1268 4764 nunc
1313 4710 1421 4775 jam
1476 4724 1577 4761 non
1630 4710 1876 4763 novimus
1901 4709 1965 4763 ".
2009 4728 2028 4761 ι

2141 4710 2236 4763 οὐκ
2263 4712 2341 4764 ἔτι
2379 4710 2733 4781 γινώσκομεν.
2769 4728 2787 4762 s
2820 4712 2914 4773 Τίς
2943 4707 3035 4764 οὖν
3068 4715 3214 4766 ἐστιν
3258 4716 3467 4783 Ἰησοῦς
3514 4717 3543 4767 ὁ
3583 4719 3720 4787 Χρι-

472 4805 729 4871 Quisnam
760 4802 922 4870 igitur
967 4810 1047 4854 est
1080 4800 1234 4853 .lcsus
1278 4800 1542 4862 Christus,
1592 4801 1681 4868 qui
1728 4800 1861 4855 adeo
1900 4800 2035 4854 incf-

2141 4800 2283 4863 στδς,
2316 4802 2344 4853 ό
2371 4800 2467 4869 τὴν
2510 4799 2679 4862 οὕτως
2711 4801 3020 4871 ἀπόρρητον
3050 4802 3260 4874 ἀπλανῆ
3313 4822 3370 4857 τε
3422 4808 3520 4860 καὶ
3569 4808 3720 4862 θείαν

473 4894 689 4947 l‘ahiletn
739 4901 1051 4961 certamque
1097 4902 1150 4945 ct
1198 4892 1429 4943 divinam
1483 4892 1860 4961 mysteriorum
1906 4906 2031 4945 suo-

2140 4889 2479 4957 ἀποκάλυψιν
2545 4889 2652 4941 τῶν
2720 4890 2912 4943 ἑαυτοῦ
2966 4894 3276 4963 μυστηρίων
3322 4897 3718 4967 ὲναστράπτων

473 5002 590 5039 rum
620 4983 996 5039 revelationem
1025 4982 1123 5050 ipsi
1150 4982 1421 5036 immittit?
1445 4997 1622 5036 nonne
1650 4980 1877 5035 Verbum
1906 4996 2033 5036 caro

2142 4978 2348 5048 ἑαυτῷς
2398 4974 2484 5048 ἄρ’
2522 4980 2638 5048 οὐχὶ
2685 4979 2971 5048 γενόμενος
3008 4982 3145 5053 σὰρξ
3181 4986 3209 5035 ὁ
3232 4985 3426 5053 Λόγος,
3482 4990 3577 5041 καὶ
3618 4990 3722 5061 τὴν

474 5076 695 5134 factum,
735 5071 981 5139 quodque
1005 5079 1221 5140 propter
1260 5084 1353 5125 nos
1382 5085 1445 5124 ex
1477 5068 1693 5139 Virgine
1740 5071 1887 5126 nasci
1927 5085 2031 5124 non

1927 5085 2031 5124 non
2141 5073 2201 5121 ὲκ
2238 5070 2491 5135 γυναικὸς
2522 5070 2585 5122 δι’
2614 5072 2760 5139 ἡμᾶς
2786 5072 2884 5123 οὐκ
2914 5073 3188 5141 ἀτιμάσας
3213 5075 3500 5145 γέννησιν;

474 5173 555 5217 est
587 5161 975 5231 dedignatum?

544 5250 604 5304 Β.
646 5250 897 5305 Omnino.
937 5249 1148 5305 Memini
1183 5251 1325 5305 enim
1372 5252 1510 5305 beati
1548 5249 1815 5305 Gabrielis
1857 5250 1924 5303 ita
1967 5251 2032 5303 ad

2213 5246 2268 5297 Β.
2313 5244 2460 5297 Πάνυ
2506 5245 2603 5312 μὲν
2633 5240 2744 5298 οὖν.
2778 5249 3227 5319 Διαμεμνήσομαι
3253 5252 3363 5323 γὰρ
3406 5254 3500 5307 τοῦ
3542 5275 3724 5326 μαχα-

475 5354 716 5397 sanctam
779 5340 1047 5409 Virginem
1076 5342 1351 5397 dicentis:
1393 5361 1410 5393 ι
1476 5341 1550 5399 Ne
1596 5343 1807 5405 timeas,
1836 5340 2031 5405 Maria;

2144 5337 2257 5405 ρίου
2304 5336 2549 5403 λέγοντος
2596 5338 2635 5388 Γ
2638 5336 2832 5407 α6ριὴλ
2880 5339 3008 5408 πρὸς
3052 5342 3151 5411 τὴν
3196 5344 3357 5411 ἁγίαν
3408 5348 3718 5417 Παρθένον·

474 5446 599 5487 ecce
638 5432 781 5484 enim
825 5432 1096 5499 concipies
1130 5432 1181 5485 in
1232 5442 1402 5498 utero,
1434 5441 1487 5487 et
1531 5433 1706 5502 paries
1745 5431 1931 5497 lilium,
1978 5442 2032 5484 ct

2146 5448 2162 5479 t
2196 5429 2284 5499 Μὴ
2310 5427 2494 5497 φοϐοῦ,
2527 5430 2777 5499 Μαριάμ”
2810 5431 2918 5483 ἰδοῦ
2950 5432 3060 5502 γὰρ
3096 5434 3340 5506 συλλήψῃ
3390 5439 3447 5489 ὲν
3496 5442 3720 5511 γαστρὶ,ν

475 5521 689 5574 vocabis
724 5536 913 5576 nomen
943 5524 1057 5591 ejus
1089 5521 1269 5578 Jesum
1299 5524 1363 5575 ".
1401 5545 1418 5575 ι
1470 5522 1672 5577 Novum
1719 5533 1895 5577 autem
1932 5523 2029 5575 hoc

2139 5520 2231 5572 καὶ
2261 5518 2387 5589 τέξῃ
2414 5520 2549 5582 υἱὸν,
2586 5522 2675 5572 καὶ
2710 5520 2954 5583 καλέσεις
2982 5522 3041 5573 τὸ
3071 5523 3240 5593 ὄνομα
3268 5527 3435 5579 αὐτοῦ
3456 5530 3714 5601 Ἰησοῦν.»

544 5720 842 5787 “Joan.x,
877 5724 962 5777 30.
1040 5725 1255 5781 “Joan.
1290 5727 1516 5789 xlv,28.
1622 5725 1898 5781 “Coloss.
1940 5741 2021 5788 ιιι,
2057 5723 2172 5776 3-5.
2278 5722 2322 5751 "'
2370 5719 2523 5773 Jnmi.
2582 5737 2710 5778 un.
2757 5722 2941 5775 llol5.
3056 5725 3098 5753 "
3154 5724 3343 5781 Matth.
3417 5747 3570 5789 xvm.
3627 5733 3699 5787 20

472 5792 517 5820 ··
546 5791 719 5844 “tua
754 5774 1047 5861 nmiae.
1105 5774 1522 5862 's‘v"c:..:.i.".,"i:
1604 5798 1645 5826 σε
1674 5774 2042 5857 inimus.

2124 5795 2164 5822 "
2190 5791 2224 5845 Η
2260 5793 2380 5844 Cor.
2426 5807 2471 5850 ν,
2508 5793 2586 5842 lii.
2664 5774 2875 5846 "ilum;
2902 5774 2938 5856 ι,
2969 5794 3059 5859 7,0,
3094 5774 3343 5847 δ¹.““’“’“”
3419 5774 3570 5799 “’¹““1
3630 5774 3717 5790 -ν.
