4036 6336
520 464 617 515 ’ἹἏ
1462 465 1518 519 S.
1560 465 1829 522 CVRIILI
1876 467 2336 523 ALEXANDRINI
2378 471 2696 525 ARCHIEP.

3585 472 3722 524 19.32

493 601 510 635 ι
543 582 764 648 Quando
793 581 1146 640 introduxerit
1184 582 1598 655 l‘rimogeuitum
1631 589 1682 641 in
1722 589 1904 642 orbem
1931 599 2037 642 ter-

2148 607 2227 650 τες
2257 591 2476 658 ἄγγελοι
2516 591 2667 645 Θεοῦ.
2702 611 2719 641 ι
2765 592 2819 641 ὐ
2856 590 2962 660 γὰρ
3000 589 3220 658 ἰδιότητι
3269 590 3469 656 φυπκῇ
3516 588 3612 657 τῆς
3645 591 3718 641 δι’

490 690 582 736 τευ,
609 674 783 728 dixit:
834 671 899 726 Et
938 673 1159 728 adorent
1203 689 1325 731 eum
1358 691 1546 732 omnes
1580 679 1754 740 angeli
1802 679 1891 733 Dei
1916 679 1983 734 ".
2019 696 2036 728 ι

492 762 618 815 Nam
651 761 977 830 proprietate
1006 772 1212 818 naturae
1236 764 1305 818 ab
1333 766 1584 820 universo
1615 768 1746 822 orbe
1781 778 2041 822 terrarum

490 851 686 915 differt,
728 862 985 922 extraque
1012 853 1184 923 ipsum
1232 856 1464 921 exsistit,
1495 867 1554 912 ut
1583 856 1754 922 Deus;
1793 875 1914 912 eum
1957 860 2039 912 in-

487 955 702 1010 gressus
729 953 831 1007 est,
869 957 993 1011 pars
1039 945 1219 999 mundi
1254 945 1580 1010 declaratus,
1625 957 1680 1000 ιιι
1733 950 1922 1014 homo,
1953 949 2045 1003 sed

488 1048 592 1086 non
619 1033 818 1088 idcirco
851 1049 881 1088 ε
908 1035 1086 1089 divina
1131 1033 1296 1104 gloria
1336 1036 1555 1090 excidit.
1590 1036 1862 1090 Adoratnr
1901 1039 2043 1092 enim

489 1129 548 1176 ut
573 1123 896 1193 unigenitus,
939 1125 1151 1178 tametsi
1191 1135 1410 1178 vocetur
1452 1126 1856 1195 priinogcnitns.
1893 1126 2045 1193 Quod

487 1213 703 1281 quidem
732 1221 814 1267 est
847 1213 1128 1268 manifeste
1173 1213 1520 1270 humanitatis
1555 1217 1845 1273 conditioni
1883 1231 2043 1285 quam

486 1303 720 1356 maxime
752 1303 1100 1357 conveniens.

554 1391 615 1446 Β.
657 1394 795 1464 Ergo
833 1405 888 1448 ut
921 1396 1188 1449 hominem
1230 1394 1571 1448 adnrabimns
1622 1396 2042 1451 Etitu.amtelem.

556 1593 623 1646 Α.
666 1590 839 1646 Absit.
869 1589 1231 1643 Vanissimnm
1271 1590 1413 1643 enim
1461 1589 1560 1642 hoc
1603 1597 1704 1652 est,
1749 1600 1802 1640 et
1844 1587 2046 1644 fraudis

486 1695 645 1751 atque
697 1681 899 1736 erroris
945 1679 1336 1747 plenissimum.
1391 1676 1518 1730 Nam
1565 1680 1664 1730 hoc
1708 1689 1864 1746 pacto
1912 1681 2042 1732 nihil

485 1772 793 1827 differemus
824 1771 889 1823 ab
922 1771 986 1822 iis
1015 1771 1102 1837 qui
1131 1776 1434 1821 creaturam
1475 1768 1650 1835 potius
1694 1783 1854 1835 quam
1889 1768 2046 1822 Crea-

484 1874 652 1917 torem
685 1862 886 1924 colunt,
919 1859 1008 1929 qui
1057 1859 1272 1928 quidem
1312 1869 1716 1912 t'.0ll|llllllal'lllll
1765 1860 2043 1912 veritatem

2148 681 2411 749 κουμένης
2444 680 2656 748 ἁπάσης
2681 679 2991 745 διενεγκὼν,
3024 678 3128 743 ἔξω
3160 694 3221 730 τε
3261 677 3428 745 αὐτῆς
3459 677 3721 748 ὑπάρχων

2143 771 2217 833 ὡς
2243 771 2394 834 Θεὸς,
2426 772 2741 840 εἰσ-ϐέϐηκεν
2775 773 2852 831 εἰς
2880 770 3068 836 αὐτὴν,
3102 769 3268 840 μέρος
3299 768 3506 837 κόσμου
3536 783 3716 837 πεφη-

2144 857 2248 922 νὼς
2296 860 2367 922 ῶς
2414 861 2726 930 ἄνθρωπος,
2777 860 2917 930 πλὴν
2969 860 3028 911 οὺ
3081 858 3170 911 διὰ
3221 859 3377 911 τοῦτο
3422 857 3523 927 τῆς
3567 857 3716 920 Θείας

2144 952 2417 1003 ἀπώλισθε
2459 954 2636 1022 δόξης.
2675 954 3062 1022 ιῐροσκυνεῖται
3109 951 3217 1019 γάρ
3265 952 3340 1014 ὡς
3397 951 3713 1019 μονογενὴς,

2145 1041 2237 1092 καὶ
2262 1041 2309 1092 ει
2340 1042 2556 1094 καλοῖτο
2591 1027 2954 1112 πρωτότοκος,
2989 1043 3124 1109 ὅπερ
3153 1042 3303 1094 ἐστὶν
3341 1042 3585 1114 ἐναργῶς
3609 1045 3715 1104 τοῖς

2145 1130 2240 1196 τῆς
2273 1128 2686 1198 ἀνθρωπότητος
2716 1129 2938 1198 μέτροις
2963 1129 3046 1180 ὅτι
3080 1127 3316 1197 μάλιστα
3347 1129 3578 1197 πρέπον.

2215 1387 2275 1441 Β.
2302 1388 2422 1458 Ἆρ’
2455 1382 2546 1440 οὖν
2569 1388 2640 1450 ὡς
2671 1387 2950 1456 ἄνθρωπον
2979 1390 3430 1458 προσκυνήσομεν
3465 1389 3552 1442 τὸν
3590 1389 3717 1461 Ἐμ-

2147 1479 2404 1546 μανουήλ.

2212 1571 2275 1620 Α.
2317 1570 2404 1638 Μὴ
2438 1569 2664 1635 γένοιτο.
2699 1570 2872 1638 Λῆρος
2907 1571 3007 1640 ἤδη
3041 1571 3210 1633 τουτὶ,
3242 1573 3334 1623 καὶ
3377 1571 3582 1641 ἀπάτη,
3625 1572 3717 1626 καὶ

2145 1661 2422 1727 πλάνησις.
2467 1661 2747 1730 Διοίσομεν
2797 1662 2852 1713 δὲ
2899 1665 3020 1714 κατ’
3052 1663 3202 1715 οὐδὲν
3263 1662 3372 1713 τῶν
3442 1666 3505 1733 τῇ
3543 1664 3717 1717 κτίσει

2144 1751 2574 1819 λελατρευκότων
2627 1751 2912 1821 παρα,τον
2943 1754 3184 1821 κτίστην
3230 1753 3321 1804 καὶ
3353 1753 3604 1823 Ποιητὴν,
3640 1755 3714 1807 οῖ-

2143 1858 2284 1903 τινες
2336 1843 2672 1910 μετήλλαξαν
2723 1843 2817 1912 τὴν
2880 1842 3132 1912 ἀλήθειαν
3181 1843 3276 1895 τοῦ
3329 1843 3463 1896 Θεοῦ
3529 1845 3588 1895 ὲν
3641 1845 3716 1914 τῷ

485 1957 575 2009 Dei
614 1955 662 2008 in
701 1953 1061 2014 mendacium,
1107 1950 1249 2003 sicut
1289 1950 1542 2017 scriptum
1585 1948 1757 2001 est".
1806 1948 2042 2014 Quorum

2148 1932 2353 2000 ψεύδει,
2389 1933 2526 1984 κατά
2578 1934 2637 1984 τὸ
2680 1935 3084 2003 γεγραμμένον,
3115 1929 3197 1996 οἷς
3250 1937 3298 1986 εἰ
3349 1936 3716 2005 φρονήσαιμεν

484 2045 804 2102 sententiam
853 2045 897 2098 si
935 2057 1030 2096 nos
1094 2054 1403 2111 sequamur,
1449 2054 1552 2092 una
1598 2039 1758 2092 etiam
1804 2055 1923 2092 cum
1967 2043 2045 2093 eis

486 2135 764 2190 audiemus
792 2148 805 2184 :
845 2151 864 2183 ι
905 2132 1150 2186 Dicentes
1176 2144 1233 2183 se
1262 2143 1382 2182 esse
1409 2127 1700 2196 sapientes,
1732 2127 1878 2181 stulti
1918 2127 2041 2181 facti

486 2235 626 2286 sunt,
666 2233 718 2276 et
748 2228 1086 2273 mutaverunt
1133 2218 1357 2288 gloriam
1401 2217 1825 2285 incorruptibilis
1860 2217 1950 2270 Dei
1991 2217 2043 2269 iu

483 2315 886 2370 similitudinem
951 2310 1199 2379 imaginis
1248 2307 1610 2376 corruptibilis
1669 2309 1936 2369 hominis,
1992 2317 2044 2361 ct

487 2405 924 2476 quadrupedum,
951 2411 1004 2456 et
1037 2401 1365 2469 serpentium
1392 2399 1460 2454 ".
1493 2417 1510 2449 ι
1547 2398 1700 2470 ⁷ο]
1742 2397 1855 2452 Non
1899 2399 2042 2452 enim

483 2499 640 2552 etiam
660 2512 754 2549 nos
771 2493 1092 2562 ejuscemodi
1112 2492 1335 2555 erimus,
1351 2491 1535 2545 eadem
1554 2507 1669 2559 quae
1689 2492 1758 2543 illi
1787 2491 2046 2546 facientes

483 2603 544 2640 ac
563 2585 892 2641 sentientes?
919 2595 968 2636 et
987 2583 1208 2652 gloriam
1225 2581 1315 2634 Dei
1347 2581 1400 2633 in
1427 2581 1757 2634 mendacium
1779 2591 2046 2635 mutantes

487 2681 538 2731 in
587 2676 989 2730 similitudinem
1046 2673 1294 2741 imaginis
1355 2671 1719 2739 corruptibilis
1772 2672 2037 2736 hominis,

485 2780 737 2836 tauquam
768 2763 908 2817 nudo
937 2759 1160 2823 homini,
1191 2769 1350 2826 atque
1374 2757 1461 2810 uni
1495 2772 1556 2811 ετ
1591 2758 1741 2812 nobis
1773 2759 2045 2812 adoratio-

483 2870 605 2908 nem
642 2851 944 2905 deferamus
970 2847 1302 2902 Etumanueli
1326 2847 1349 2900 ’ἒ

549 2942 610 2996 Β.
643 2941 889 2997 Omnino.

552 3036 617 3087 Α.
659 3032 850 3087 Nonne
881 3045 1006 3084 vero
1039 3028 1200 3085 etiam
1254 3028 1487 3084 cmlcsus
1528 3029 1836 3098 angelorum
1877 3039 2046 3085 matus

482 3126 669 3178 eadem
714 3139 814 3192 qua
858 3122 929 3176 illi
958 3122 1164 3176 insania
1195 3122 1438 3174 laborare
1477 3121 1682 3175 dicetur
1718 3122 1740 3172 ?

554 3213 612 3266 Β.
657 3215 732 3266 Ita
773 3214 1036 3282 profecto.

553 3306 619 3360 A.
661 3302 798 3370 Quin
853 3314 909 3356 et
989 3301 1223 3370 gentium
1302 3300 1454 3352 turba
1535 3298 1926 3364 inevitabilem,
1989 3298 2112 3354 nt"

485 3395 736 3458 arbitror,
760 3392 959 3448 erroris
991 3392 1378 3445 accusationem
1413 3391 1668 3452 incurret,
1699 3398 1751 3442 et
1782 3390 2042 3444 inelnibili

484 3489 678 3544 veteris
716 3485 881 3555 culpae
912 3484 1028 3537 labe
1059 3481 1251 3536 infecta
1282 3484 1398 3534 erit.
1457 3480 1669 3533 Erravit
1705 3484 1843 3534 cnim
1882 3485 2043 3535 etiam

485 3596 645 3643 nunc,
677 3577 968 3645 etquidem
1013 3575 1178 3628 nihilo
1210 3574 1382 3628 secius
1428 3588 1585 3640 quam
1622 3573 1771 3636 olim,
1808 3584 1860 3626 et
1909 3575 2044 3626 viain

483 3686 600 3740 qtae
653 3671 716 3722 ad
780 3668 1054 3721 vetitatcm
1120 3666 1261 3718 ducit
1296 3666 1576 3732 ignoravit.
1629 3665 1776 3730 Quod
1829 3667 2045 3734 quidem

483 3761 695 3814 abunde
743 3767 996 3814 testatur.
1026 3764 1082 3806 ut
1119 3763 1370 3822 apparet,
1411 3751 1638 3817 Paulus,
1676 3754 1746 3806 ita
1776 3769 1865 3806 cas
1898 3771 2044 3808 cont-

483 3851 684 3918 pellans
720 3863 781 3901 ac
834 3847 1016 3901 dicens
1064 3843 1142 3897 ιδ(
1177 3843 1279 3898 Sed
1312 3853 1434 3898 tunc
1481 3845 1690 3912 quidem
1741 3845 2046 3913 ignorantes

483 3941 681 4001 Deum,
723 3938 786 3993 iis
837 3940 924 4005 qui
989 3946 1176 3989 natura
1235 3950 1337 3987 non
1390 3943 1515 3988 sunt
1573 3937 1642 3986 dii
1707 3938 2044 3990 SCI‘Vlt'lMIiS.

483 4032 630 4086 Nunc
688 4041 864 4083 autem
915 4044 1034 4082 cuni
1075 4024 1430 4094 cognoveritis
1466 4023 1666 4087 Deum,
1705 4025 1810 4078 itno
1851 4029 2043 4092 rogniti

484 4125 600 4177 sitis
624 4139 651 4175 a
677 4122 785 4175 Deo
816 4135 831 4172 :
859 4119 1124 4189 quomodo
1141 4117 1508 4171 convertimini
1527 4116 1715 4169 iterum
1738 4116 1801 4170 ad
1837 4119 2043 4170 infirma

481 4227 536 4270 et.
568 4230 732 4285 egena
766 4213 1047 4276 elementa,
1075 4209 1266 4277 quibus
1287 4209 1460 4260 denuo
1485 4209 1685 4262 servire
1713 4210 1870 4262 vultis
1893 4209 1936 4238 ⁷⁸
1971 4211 1990 4261 L’
2021 4228 2039 4259 ι

486 4305 704 4370 Qualem
736 4302 877 4355 enim
914 4301 1076 4353 Deum
1134 4307 1460 4362 cognorunt,
1504 4299 1544 4350 si
1597 4312 1699 4350 non
1731 4307 1812 4351 est
1860 4308 2046 4351 natura

482 4397 623 4449 Dens
642 4391 908 4452 Christus,
940 4389 990 4442 in
1016 4403 1171 4455 quem
1198 4387 1574 4440 crediderunt?
1606 4396 1658 4440 et
1685 4388 1726 4440 si
1750 4391 2046 4441 servierunt

485 4486 712 4548 homini,
784 4484 833 4536 in
888 4479 1140 4549 pristinos
1191 4481 1389 4534 erroris
1446 4477 1662 4546 laqueos
1722 4480 2040 4536 inciderunt.

483 4581 634 4630 Anne
665 4591 786 4628 vere
818 4574 907 4626 til-i
945 4573 1123 4625 dicere
1161 4572 1332 4624 ..de0r
1359 4571 1380 4621 ?

552 4667 608 4720 Β.
650 4663 895 4718 Prorsus.

549 4760 615 4812 A.
653 4757 784 4810 Vide
820 4757 1018 4822 itaQuc,
1067 4754 1331 4822 Quomodo
1369 4752 1479 4819 iam
1528 4755 1844 4808 necessariis
1885 4765 2045 4823 θυμω

485 4848 822 4904 evidentibus
857 4846 1214 4913 argumentis,
1251 4854 1303 4898 et
1338 4855 1542 4898 tantum
1579 4859 1682 4897 non
1713 4844 1952 4899 nolentes
1981 4860 2044 4898 eo

482 4938 890 5006 compellantur,
926 4947 979 4990 ut
1008 4936 1290 4990 debeamus
1326 4937 1591 5005 sapienter
1620 4947 1866 5006 tanquam
1897 4949 2047 4992 natu-

483 5032 666 5085 raliter
699 5028 864 5083 Deum
895 5029 1114 5081 adorare
1144 5025 1356 5092 Filium,
1380 5028 1540 5080 etiam
1576 5027 1624 5080 in
1656 5037 1840 5082 nostra
1874 5029 2044 5083 forma

481 5131 860 5192 apparentem,
909 5133 1029 5173 cum
1077 5118 1433 5172 eoalescentia
1488 5119 1599 5172 sive
1652 5133 1942 5175 concursus
1993 5122 2044 5174 in

479 5210 737 5263 unitatem
765 5222 867 5260 non
901 5206 1077 5273 inepto
1106 5207 1274 5274 possit
1300 5205 1440 5258 illam
1473 5219 1588 5273 quae
1614 5207 1677 5260 de
1703 5206 2047 5263 humanitatis

481 5298 782 5367 suspicione
814 5297 1046 5349 incidere
1087 5305 1261 5360 posset
1296 5295 1655 5351 difﬁcultatem
1701 5299 1900 5352 tollere.

554 5389 613 5446 Β.
652 5390 765 5454 Quo
798 5398 954 5457 pacto
983 5387 1104 5441 ais?

548 5481 614 5532 Α.
657 5477 853 5530 Natura
888 5476 1027 5530 enim
1055 5476 1234 5540 Verbi,
1269 5488 1534 5545 assumpta
1565 5479 1913 5545 humanitate,
1945 5496 2045 5533 non

479 5584 560 5629 est
596 5571 734 5624 nuda
766 5570 1090 5632 humanitas,
1117 5571 1209 5624 sed
1241 5571 1413 5640 potius
1442 5573 1656 5625 vincens
1698 5573 1910 5641 propria
1955 5590 2046 5626 sna

480 5663 645 5735 gloria
698 5663 930 5731 id_quod
973 5673 1300 5732 assumptum
1352 5673 1452 5729 est,
1508 5664 1836 5720 divinitatem
1898 5681 2046 5720 suam

553 5837 600 5867 ³³
630 5834 796 5894 Hebr.
831 5851 866 5903 1,
898 5837 950 5892 6.

1028 5842 1074 5873 τι
1107 5840 1261 5896 Rom.
1290 5858 1323 5907 ι,
1359 5842 1446 5895 9.5.
1526 5843 1567 5873 τι
1596 5843 1721 5896 ibid.
1762 5841 1849 5908 σε,
1888 5843 1974 5896 εδ.

2145 2017 2368 2086 ἀδελφὰ,
2414 2019 2507 2071 καὶ
2555 2020 2995 2090 συνακουσόμεθα
3045 2021 3261 2084 πάντως
3287 2039 3300 2051 ο
3357 2041 3375 2073 ι
3417 2023 3716 2087 Φάσκοντες

2147 2101 2284 2159 εἶναι
2308 2108 2480 2172 σοφοὶ,
2514 2109 2927 2178 ἐμωράνθησαν,
2949 2110 3041 2162 καὶ
3066 2110 3298 2178 ήλλαξαν
3325 2110 3421 2180 τὴν
3446 2111 3601 2177 δόξαν
3625 2113 3715 2166 τοῦ

2145 2197 2419 2266 ἀφθάρτου
2467 2198 2602 2249 Θεοῦ
2655 2201 2710 2250 ἐν
2756 2201 3057 2268 ὁμοιώματι
3101 2202 3307 2263 εἰκόνος
3351 2202 3592 2273 φθαρτοῦ
3623 2205 3715 2258 ἀν-

2145 2285 2381 2357 θρώπου,
2398 2288 2492 2340 καὶ
2510 2291 2786 2352 πετεινῶν,
2808 2291 2900 2343 καὶ
2919 2292 3282 2360 τετραπόδων,
3307 2293 3398 2345 καὶ
3417 2295 3678 2363 ἑρπετῶν.
3695 2314 3712 2345 ι

2145 2377 2218 2431 ἿΙ
2249 2381 2356 2448 γὰρ
2385 2381 2503 2450 οὐχὶ
2534 2382 2625 2433 καὶ
2651 2385 2807 2451 ἡμεῖς
2833 2383 3003 2456 αὑτρὶ,
3032 2384 3123 2436 καὶ
3171 2387 3411 2454 ἱσουργοὶ
3461 2389 3549 2439 καὶ
3583 2388 3717 2456 σύμ-

2177 2400 2218 2431 n
2249 2400 2356 2448 γαρ
2385 2400 2503 2450 ουχι
2534 2400 2625 2433 και
2651 2400 2807 2451 ημεις
2833 2400 2930 2433 αυτ
2969 2404 3003 2444 ι,
3032 2400 3123 2436 και
3171 2400 3411 2454 ισουργοι
3461 2400 3549 2439 και
3583 2404 3716 2456 συμ-

2147 2486 2341 2539 φρονες
2379 2474 2491 2533 τοῖς
2541 2400 2989 2541 μνημονευθεῖσςν
3020 2475 3255 2543 ἐσόμεθα
3277 2515 3289 2537 ,
3333 2461 3431 2545 τὴν
3458 2477 3550 2529 τοῦ
3585 2477 3716 2530 Θεοῦ

2145 2563 2298 2628 δόξαν
2346 2567 2404 2618 ὲν
2453 2565 2528 2634 τῷ
2573 2565 2756 2634 ψεύδει
2809 2565 3280 2635 μεταλλάττοντες,
3318 2571 3373 2620 ὲν
3415 2552 3720 2640 ὁμοιώματῖ

2148 2653 2348 2716 εἰκόνος
2385 2654 2620 2723 φθαρτοῦ
2649 2655 2954 2726 ἀνθρώπου,
2985 2658 3031 2708 εἰ
3061 2657 3134 2721 ὡς
3167 2657 3440 2728 ἀνθρώπῳ
3466 2661 3607 2730 ψιλῷ
3627 2663 3719 2716 καὶ

2149 2743 2226 2793 ἑνὶ
2251 2743 2358 2794 τῶν
2391 2744 2510 2796 καθ’
2540 2746 2685 2814 ἡμᾶς
2731 2746 3085 2814 προσοίσομεν
3116 2746 3214 2814 τὴν
3248 2748 3615 2817 προσκύνησιν
3646 2751 3720 2820 τῷ

2162 2833 2508 2904 Ἐμμανουήλ
2529 2851 2543 2898 ;

2221 2927 2276 2980 Β.
2320 2928 2429 2979 Καὶ
2471 2926 2635 2995 μάλα.

2217 3018 2281 3069 Α.
2322 3017 2387 3068 Τί
2426 3017 2514 3080 δέ,
2556 3017 2675 3086 οὐχὶ
2711 3017 2803 3069 καὶ
2834 3019 2968 3087 αὑτὴ
3003 3019 3109 3072 τῶν
3152 3020 3402 3088 ἀγγέλων
3434 3023 3466 3091 ἡ
3517 3021 3719 3075 ἄνωθεν

2148 3106 2374 3177 πληθὺς,
2393 3110 2504 3172 τοῖς
2531 3110 2608 3170 si;
2639 3108 2794 3162 τοῦτο
2819 3110 3011 3179 μανίας
3040 3111 3233 3180 ἥκουσι
3268 3114 3671 3179 συντετάξεταη

2218 3200 2277 3252 Β.
2310 3199 2571 3270 Ἀνάγκη.

2216 3291 2278 3342 Δ.
2311 3291 2645 3360 Ἀνεξίτητον
2673 3290 2750 3354 δὲ,
2778 3287 2929 3361 οἶμαί
2965 3310 3085 3354 που,
3117 3294 3215 3363 τὴν
3243 3294 3334 3347 ἐπὶ
3350 3294 3425 3364 τῷ
3446 3294 3721 3362 πεπλανῆ-

2151 3380 2270 3433 σθαι
2305 3382 2521 3452 γραφην
2550 3383 2642 3434 καὶ
2691 3384 2756 3451 τῇ
2795 3383 2900 3434 τῶν
2946 3381 3110 3434 ἐθνῶν
3139 3385 3308 3456 ἀγέλῃ
3332 3385 3719 3455 περιθήσομεν,

2151 3473 2242 3525 καὶ
2273 3473 2670 3525 δυσαπόνιπτον
2719 3474 2827 3536 ἕξει
2872 3473 2976 3525 τῶν
3026 3475 3269 3544 ἀρχαίων
3298 3479 3634 3546 αιτιαμάτων
3662 3478 3723 3529 τὸ

2152 3563 2363 3630 βλάϐος.
2385 3564 2652 3614 Πλανᾶται
2676 3562 2801 3631 γὰρ,
2831 3557 3005 3631 οἶμαι,
3026 3565 3116 3614 καί
3145 3563 3258 3630 νῦν,
3275 3567 3366 3617 καὶ
3392 3566 3541 3618 οὐδὲν
3564 3562 3721 3636 ἦττον

2150 3656 2180 3722 ἢ
2236 3655 2420 3717 πάλαι,
2470 3655 2561 3706 καὶ
2610 3653 2704 3723 τὴν
2754 3654 2834 3715 εἰς
2881 3655 3009 3706 εὐθὺ
3045 3655 3453 3726 διαστείχουσαν
3487 3658 3721 3728 ἠγνόηκε

2149 3745 2348 3814 τρίϐον.
2385 3743 2492 3797 Καὶ
2523 3745 2791 3814 περιττὸς,
2816 3745 2888 3806 ὡς
2915 3747 3108 3809 ἔοικεν,
3138 3747 3166 3798 ὁ
3190 3749 3459 3816 μακάριος
3491 3749 3718 3813 Παῦλος,

2149 3835 2482 3906 προσφωνῶν
2503 3852 2560 3886 τε
2584 3837 2761 3898 αὐτοῖς
2793 3837 2885 3887 καὶ
2915 3835 3137 3902 λέγων’(
3162 3837 3320 3890 Ἀλλά
3347 3837 3466 3890 τότε
3500 3839 3597 3909 μὲν
3623 3841 3721 3892 οὐκ

2149 3928 2347 3989 εἰδότες
2368 3926 2516 3990 Θεὸν,
2542 3925 2883 3977 ἐδουλεύσατε
2929 3928 3040 3988 τοῖς
3093 3927 3167 3996 μὴ
3219 3927 3375 3994 φύσει
3407 3930 3721 3992 θεοῖς.Νυν“ι

2148 4019 2204 4070 δὲ
2231 4017 2446 4085 γνόντες
2477 4017 2626 4091 Θεὸν,
2657 4016 2854 4086 μᾶλλον
2879 4017 2934 4067 δὲ
2962 4016 3291 4084 γνωσθέντες
3320 4018 3422 4070 ὑπὸ
3445 4017 3538 4070 τοῦ
3560 4017 3716 4082 Θεοῦ,

2151 4110 2263 4171 πῶς
2296 4109 2646 4178 ἐπιστρέφετε
2679 4108 2839 4160 πάλιν
2886 4110 2975 4159 ἐπὶ
3021 4107 3090 4160 τὰ
3134 4107 3338 4178 ἀσθενῆ
3392 4113 3484 4162 καὶ⁵
3530 4113 3718 4180 πτωχὰ

2151 4204 2406 4271 στοιχεῖα,
2437 4195 2513 4264 οἷς
2547 4202 2706 4254 πάλιν
2735 4202 2937 4254 ἄνωθεν
2966 4201 3232 4256 δουλεύειν
3266 4203 3448 4256 θέλετε
3471 4221 3484 4270 ;
3507 4224 3525 4256 ι
3564 4205 3718 4258 Ποῖον

2149 4293 2254 4363 γὰρ
2279 4295 2356 4346 ἔτι
2385 4293 2516 4345 Θεὸν
2547 4292 2866 4360 ἐγνώκασιν,
2899 4296 2944 4345 εἰ
2977 4295 3049 4363 μὴ
3082 4295 3238 4363 φύσει
3264 4295 3397 4358 Θεὸς
3417 4299 3443 4349 ὁ
3466 4297 3716 4367 Χριστὸς,

2150 4387 2226 4446 εἰς
2251 4385 2309 4437 ὃν
2342 4383 2738 4436 πεπιστεύκασι
2760 4402 2772 4450 ;
2803 4385 2909 4437 Καὶ
2928 4387 2974 4436 εἰ
2995 4385 3411 4456 λελατρεῦκασιν
3428 4386 3715 4458 ἀνθρώπῳ.

2149 4476 2258 4535 τοῖς
2293 4474 2390 4541 τῆς
2434 4473 2664 4542 ἀρχαίας
2717 4473 3033 4543 πλανήσεως
3074 4474 3344 4543 ἐνέχονται
3372 4475 3609 4546 βρόχοις.
3650 4480 3718 4529 ἰι

2081 4587 2123 4640 ι)
2152 4569 2248 4619 οὐκ
2288 4567 2481 4636 ἀληθὲς
2519 4568 2544 4620 ὅ
2584 4584 2757 4636 φημι;

2226 4659 2286 4710 Β.
2329 4659 2474 4710 Πάνυ
2520 4659 2618 4726 μὲν
2659 4655 2767 4710 οὖν.

2223 4751 2285 4800 Λ.
2311 4749 2498 4818 Ἀθρει
2528 4747 2590 4815 δὴ
2619 4744 2730 4813 οὖν,
2773 4749 2917 4810 ὅπως
2962 4749 3018 4813 ἐξ
3068 4749 3380 4818 ἀναγκαίων
3408 4751 3507 4821 ἤδη
3540 4751 3721 4804 συλλο·

2153 4837 2360 4905 γισμῶν
2419 4839 2696 4906 μονονουχὶ
2754 4840 2847 4890 καὶ
2913 4839 3005 4906 οὐχ
3061 4839 3274 4902 ἑκόντες
3333 4841 3714 4912 συνωθούμεθα

2154 4929 2288 4997 πρός
2316 4945 2378 4995 γε
2410 4927 2468 4978 τὸ
2491 4927 2598 4978 δεῖν
2626 4929 2908 4998 ἐμφρόνως
2934 4929 3005 4990 ώς
3037 4927 3157 4998 Θεῷ
3199 4931 3338 4982 κατὰ
3373 4931 3535 4998 φύσιν
3558 4948 3724 5000 προσ-

2155 5021 2333 5070 κυνεῖν
2363 5017 2440 5086 τῷ
2471 5017 2604 5086 mp,
2640 5021 2734 5070 καὶ
2779 5021 2833 5069 ἐν
2865 5019 2938 5088 τῷ
2969 5017 3089 5070 καθ’
3115 5021 3262 5087 ἡμᾶς
3302 5026 3563 5089 πεφηνότι
3601 5021 3725 5091 σχή-

2157 5128 2320 5179 ματι,
2365 5110 2463 5176 τῆς
2507 5112 2582 5171 εξς
2633 5111 2856 5178 ἑνότητα
2932 5111 3234 5182 συνδρομῆς
3303 5113 3407 5163 οὑκ
3457 5113 3725 5174 ἀνικάνως

2154 5201 2381 5270 ἐχούσης
2404 5201 2480 5261 εἰς
2501 5198 2558 5251 τὸ
2587 5200 2845 5269 ἀφανίσαι
2874 5200 3032 5270 τυχὸν
3053 5201 3112 5252 τὸ
3141 5203 3236 5252 καὶ
3282 5200 3393 5253 ἔσθ’
3414 5202 3723 5256 ὅτιελυποῦν

2155 5296 2233 5355 εἰς
2264 5292 2360 5345 ἀνθ
2371 5293 2678 5361 ρωπότητος
2712 5293 2965 5359 ὑποψίαν.

2185 5378 2193 5388 ’
2227 5383 2284 5434 Β.
2328 5381 2452 5442 Πῶς
2493 5382 2661 5450 ἔφης

2226 5477 2287 5526 Λ.
2332 5474 2714 5542 "pos-21505::
2738 5473 2842 5544 γὰρ
2875 5475 2904 5543 ἡ
2935 5474 3024 5526 τοῦ
3044 5475 3212 5542 Λόγου
3245 5475 3405 5544 φύσις
3432 5475 3491 5526 τὸ
3517 5473 3724 5543 ἀνθρώ-

2158 5585 2328 5627 πινον,
2368 5568 2463 5618 οὐκ
2497 5567 2850 5636 ἀνθρωπόττις
2881 5569 2992 5618 ἐστὶ
3025 5568 3175 5637 ψιλὴ,
3205 5567 3409 5620 νικῶσα
3440 5566 3495 5618 δὲ
3529 5566 3724 5636 μᾶλλον

2159 5661 2264 5731 ἰδία
2297 5660 2422 5730 δόξῃ
2465 5661 2519 5711 τὸ
2556 5661 2918 5730 προσὶεηᾳθὲν,
2954 5663 3008 5713 ἐν
3044 5661 3321 5730 ἀκλονὴτιε)
3354 5659 3580 5722 σώζεται
3608 5659 3724 5713 δια-

2059 5843 2101 5873 ”
2126 5840 2301 5895 Galal.
2342 5856 2412 5906 μ’,
2443 5841 2493 5901 8.
2529 5841 2580 5895 9.
