4036 6336
349 411 487 468 ιεδδ

1443 404 1531 457 ΒΕ
1572 401 1679 457 1Νο
1699 396 2090 456 \RNATIONE
2131 393 2512 454 UNIGENITI.

3497 384 3638 438 ΗἋ

346 535 484 604 μονῇ
514 530 610 602 τῆς
644 526 982 598 θεοπρεποῦς
1013 525 1284 589 εὐκλείας.
1319 524 1488 578 Ταυτὶ
1525 524 1847 595 φρονοῦντες
1884 523 1933 575 οἱ

2051 521 2309 589 integram
2351 526 2513 586 atque
2543 515 2920 570 inconcussam
2955 507 3174 565 retinet.
3216 504 3369 573 Quod
3414 503 3637 574 quidem

345 622 604 694 μαθηταὶ,
631 618 1002 692 προσεκύνουν
1027 617 1294 685 λέγοντες·
1330 635 1346 667 ι
1374 615 1610 686 ’Δληθῶς
1640 613 1778 667 Θεοῦ
1807 613 1932 676 Υἱὸς

340 710 410 768 εἴ·
445 733 464 765 ι
500 714 678 768 καίτοι
709 712 875 782 βάδην
913 711 1058 764 ίόντα
1092 708 1398 779 βλέποντες,
1419 707 1514 758 κιιλ⁵
1539 707 1597 758 ὲν
1622 707 1786 776 σαρκὶ
1810 704 1930 758 καθ’

339 805 514 874 ἡμᾶς’
549 804 635 855 ἐπ’
661 802 832 871 ἄκρου
868 799 978 870 γὰρ
1020 798 1086 870 δὴ
1124 797 1289 852 διέθει
1316 796 1558 868 κύματος
1589 795 1932 867 παραδόξως,

339 892 414 960 ὡς
450 894 602 958 Θεός.

418 1075 478 1126 Β.
520 1074 629 1126 Καὶ
661 1074 744 1135 τίς
775 1068 842 1142 ἦν
868 1070 898 1123 ό
926 1071 1100 1139 λέγων
1136 1069 1272 1138 πρὸς
1308 1067 1407 1136 τὴν
1454 1071 1510 1121 ὲν
1535 1072 1598 1138 τῇ
1645 1068 1930 1140 Σαμαρείᾳ

343 1167 604 1232 γυναῖκα·
648 1163 880 1234 «Ὑμεῖς
933 1163 1290 1232 προσκυνεῖτε
1327 1159 1355 1212 δ
1400 1160 1499 1212 οὐκ
1539 1160 1742 1222 οίδατε,
1775 1161 1935 1228 ἡμεῖς

342 1252 759 1325 προσκυνοῦμεν
784 1253 813 1306 δ
839 1252 1096 1321 οῖδαμεν;
1131 1271 1151 1304 ι
1185 1247 1319 1304 Εἶτα
1349 1252 1468 1315 πῶς
1497 1252 1650 1305 ἔσται
1688 1268 1934 1322 προσκυ-

346 1348 527 1416 νητὸς,
554 1349 583 1400 ό
609 1349 721 1410 τοῖς
745 1342 1114 1417 προσκυνοῦσι
1144 1344 1577 1414 συντεταγμένος
1599 1362 1613 1409 ;

412 1439 478 1490 Δ.
521 1439 631 1492 Καὶ
657 1431 1102 1509 μὴν,ὣφιλότης,
1134 1435 1195 1489 τὸ
1226 1437 1320 1501 Τίς
1346 1436 1408 1505 δὴ
1431 1433 1590 1488 τοῦτο
1615 1435 1936 1497 πλειστάκις

345 1530 646 1598 ἀναφωνεῖς
682 1529 742 1583 τὸ
773 1527 1048 1593 λεξείδιον,
1078 1529 1178 1581 οὐκ
1207 1523 1303 1581 οἷδ’
1334 1529 1481 1592 ὅπως
1512 1531 1625 1592 τοῖς
1657 1529 1936 1593 ἁσυνέτοις

347 1622 729 1695 ἔξευρημένον.
777 1621 1125 1693 Μεμέρισται
1159 1622 1267 1692 γὰρ
1304 1622 1554 1692 οὐδαμῶς
1603 1624 1630 1675 ὁ
1677 1621 1933 1693 Χριστός.

359 1712 417 1765 Ὀ
440 1713 495 1764 δὲ
515 1711 594 1782 τῷ
618 1711 830 1782 γυναίῳ
859 1712 1200 1783 προσλαλῶν,
1226 1714 1254 1764 ὁ
1287 1707 1367 1775 εἷς
1403 1731 1462 1764 τε
1495 1712 1588 1766 καὶ
1621 1713 1783 1782 μόνος
1820 1712 1935 1765 Κῦ-

347 1821 460 1876 Ριος
507 1799 576 1874 ἦν
613 1804 820 1875 Ἰησοῦς
852 1806 880 1858 δ
909 1805 1163 1876 Χριστὸς.
1199 1804 1260 1857 ἔκ
1298 1822 1354 1857 τε
1395 1806 1488 1876 τῆς
1523 1806 1937 1874 προσκυνούσης

2037 612 2332 665 sentientes
2392 606 2676 677 discipuli,
2721 604 3017 659 adorarunt
3061 599 3306 655 dicentes
3347 614 3361 650 :
3415 614 3433 646 ι
3498 591 3642 650 Vere

2037 700 2205 756 Filius
2253 699 2349 754 Dei
2403 713 2493 762 es,
2533 717 2553 749 ι
2615 711 2738 752 ουιιι
2780 694 2929 748 illum
2991 687 3416 745 inambulantem
3483 682 3642 754 aquis

2037 800 2344 854 cernerent,
2373 786 2589 845 tametsi
2617 786 2670 840 in
2695 801 2860 840 carne
2891 792 3205 838 versaretur
3239 789 3298 832 nt
3328 792 3423 832 nos
3451 793 3465 829 :
3489 790 3640 830 sum-

2039 897 2161 938 mos
2215 883 2360 938 enim
2424 880 2620 937 fluctus
2681 875 3031 950 percurrebat
3094 866 3531 931 admirabiliter,
3582 873 3642 919 ut

2043 974 2206 1028 Deus.

2110 1066 2170 1121 Β.
2203 1065 2365 1136 Atqui
2400 1064 2648 1134 quisnam
2682 1070 2800 1117 erat
2829 1059 3018 1114 dicens
3041 1057 3108 1111 ad
3133 1055 3416 1110 mulierem
3450 1049 3648 1106 Sama-

2039 1159 2271 1213 ritanam
2317 1176 2332 1214 :
2387 1176 2406 1211 ι
2463 1158 2572 1213 Vos
2615 1156 2854 1212 adoratis
2891 1152 3035 1223 quod
3079 1148 3350 1206 nescitis:
3395 1159 3494 1200 nos
3542 1142 3642 1198 ad-

2039 1265 2264 1306 oramus
2290 1252 2435 1320 quod
2476 1248 2680 1304 scimus
2724 1247 2771 1280 ‘"
2802 1246 2825 1300 ί
2861 1264 2880 1300 ι
2915 1246 3186 1301 Praeterea
3233 1236 3505 1310 quomodo
3539 1236 3644 1290 erit

2041 1343 2372 1407 adorandus,
2407 1342 2499 1411 qui
2538 1351 2623 1398 est
2652 1341 2705 1396 in
2745 1353 2976 1395 nurnero
3002 1350 3191 1393 eorum
3221 1332 3312 1402 qui
3362 1327 3644 1385 adorant?

2109 1436 2176 1489 Α.
2213 1434 2580 1505 Frequenter,
2620 1447 2653 1487 ο
2675 1430 2880 1495 amice,
2907 1430 3050 1485 hanc
3079 1440 3291 1488 vocem,
3325 1423 3483 1489 Quis,
3511 1421 3640 1475 mihi

2041 1527 2270 1589 occinis,
2325 1525 2507 1580 nescio
2545 1523 2816 1596 quomodo
2882 1523 2953 1577 ab
3000 1517 3270 1591 imperitis
3339 1517 3639 1570 inventam.

2041 1617 2196 1672 Nulla
2224 1616 2386 1688 702
2417 1616 2561 1670 enim
2592 1615 2800 1670 ratione
2845 1614 3050 1668 divisus
3092 1617 3177 1665 est
3214 1605 3486 1663 Christus.
3537 1603 3640 1670 Qui

2041 1723 2170 1763 vero
2218 1707 2498 1761 mulierem
2547 1703 2872 1775 alloquitur,
2901 1716 3043 1757 unus
3076 1715 3141 1754 ac
3189 1697 3338 1754 solus
3378 1694 3642 1749 Dominus

2041 1812 2159 1855 erat
2191 1799 2349 1856 Jesus
2394 1798 2668 1864 Christus,
2718 1813 2782 1852 ex
2816 1795 3153 1852 humanitate
3185 1807 3304 1862 quae
3337 1789 3558 1852 adorat,
3588 1797 3645 1842 et

347 1874 769 1964 ἄνθρωπότητος
821 1895 914 1947 καὶ
952 1874 1014 1947 sx
1042 1895 1140 1964 τῆς
1173 1874 1654 1967 προσκυνουμένης
1685 1896 1936 1966 θεότητος

2051 1893 2329 1950 divinitate
2359 1907 2479 1961 quae
2505 1892 2760 1944 adoratnr
2792 1887 3050 1944 ineflabili
3086 1886 3244 1939 modo
3278 1882 3637 1950 compositus.

349 1983 708 2053 συγκείμενος
733 1984 1084 2056 ἁπορῤήτως,
1115 1985 1368 2056 καθάπερ
1388 1986 1582 2055 ἀμέλει
1607 1987 1738 2056 φαίη
1767 2003 1849 2050 τις
1872 1986 1937 2039 ἂν

347 2075 439 2127 καὶ
468 2075 670 2144 ἑτέρως
705 2078 831 2146 περὶ
862 2070 1130 2148 αὑτοῦῘῌ
1161 2078 1259 2147 μὲν
1297 2078 1406 2148 γάρ
1449 2080 1564 2130 ἐστι
1596 2078 1750 2142 Θεὸς,
1781 2081 1938 2132 νοοῖτ’

346 2166 412 2219 ἂν
459 2165 721 2236 ὑπάρχων
751 2168 914 2232 αὐτὸς
941 2171 969 2222 ό
1006 2169 1104 2238 τῆς
1148 2169 1308 2239 δόξης
1346 2169 1572 2240 Κύριοςκ
1663 2169 1718 2224 δὲ
1747 2171 1937 2239 γέγονε

347 2257 487 2310 κατὰ
521 2258 736 2327 μέθεξιν
777 2257 876 2330 τὴν
903 2261 1054 2330 παρὰ
1081 2259 1213 2311 Θεοῦ
1244 2260 1598 2332 δοξαζόμενος
1628 2261 1937 2332 ἄνθρωπος,

349 2347 517 2400 ἐδεῖτο
563 2349 660 2401 καὶ
702 2347 881 2417 δόξης,
911 2348 1087 2415 λέγων
1111 2365 1122 2378 ·
1176 2368 1192 2400 ι
1225 2348 1428 2421 Πάτερ,
1469 2351 1692 2416 δόξασόν
1725 2369 1816 2404 σου
1847 2353 1940 2405 τὸν

349 2440 494 2493 Υίόν.
523 2458 542 2491 ι
566 2439 726 2504 Ἀλλ’,
752 2459 769 2491 ι
797 2437 890 2503 Εἷς
907 2439 1134 2508 Κύριος,
1163 2440 1258 2510 μία
1284 2442 1484 2506 πίστις,
1511 2443 1570 2494 ἓν
1594 2444 1932 2514 βάπτισμα.»

349 2529 490 2583 κατὰ
513 2530 575 2583 τὸ
599 2530 1228 2601 γεγραμμένον.”Ωσπερ
1256 2526 1346 2583 οὖν
1382 2532 1496 2583 ἐστι
1525 2532 1622 2602 μία
1662 2533 1866 2598 πίστις,
1906 2536 1939 2604 ἡ

349 2625 425 2685 είς
455 2623 711 2692 Χριστὸν,
753 2623 846 2675 καὶ
878 2622 935 2674 ἓν
966 2621 1183 2691 ἀληθῶς
1208 2623 1265 2674 τὸ
1293 2622 1599 2693 βάπτισμα,
1634 2627 1812 2678 καίτοι
1849 2624 1941 2694 βαι

349 2713 688 2782 πτιξομένων
715 2713 808 2767 καὶ
841 2713 1285 2768 πεπιστευκότων
1310 2715 1468 2785 ἡμῶν
1489 2719 1568 2779 εἰς
1599 2716 1818 2786 Πατέρα
1846 2718 1940 2770 καὶ

351 2805 479 2859 Υἰὸν
505 2808 599 2859 καὶ
623 2807 778 2874 ἆγιον
800 2804 1026 2876 Πνεῦμα
1043 2825 1055 2836 ·
1088 2809 1229 2860 κατὰ
1252 2808 1342 2860 τὸν
1364 2809 1545 2870 αὐτὸν,
1561 2806 1941 2881 οἷμαι,τρόπον

351 2914 408 2949 τε
427 2898 521 2950 καὶ
545 2897 701 2964 λόγον
723 2899 820 2968 μία
836 2899 1206 2969 προσκύνησις
1225 2901 1335 2952 Πατ
1345 2901 1454 2970 ρδς,
1475 2902 1564 2953 καὶ
1584 2901 1742 2956 ἐνανΟ
1753 2905 1942 2973 ρωπή-

355 3006 544 3053 σαντος
565 2989 718 3055 Υξοῦ,
741 3007 834 3043 και
855 2991 1013 3058 ἁγίου
1041 2991 1376 3060 Πνεῦματος.
1413 2993 1812 3063 Ἐξωσθήσεται
1835 2995 1942 3067 γὰρ

351 3081 602 3151 οὐδαμῶς
629 3082 724 3135 τοῦ
755 3082 1178 3153 προσκυνεῖσθαι
1199 3083 1328 3147 δεῖν,
1371 3084 1507 3154 πρός
1548 3102 1605 3136 τε
1648 3086 1804 3155 ἡμῶν
1847 3088 1942 3140 αὑ-

351 3171 458 3226 τῶν
485 3175 578 3225 καὶ
605 3173 715 3226 τῶν
749 3174 922 3242 ἁγίων
951 3173 1198 3242 ἀγγέλων
1226 3175 1251 3226 5
1286 3176 1616 3247 Μονογενὴς,
1651 3179 1744 3230 καὶ
1775 3182 1822 3230 εί
1851 3179 1940 3246 γέ·
1969 3214 2010 3270 C

353 3279 476 3331 γονε
525 3263 681 3335 σὰρξ.
712 3266 805 3317 καὶ
847 3265 1158 3334 ἐσκήνωσεν
1195 3265 1252 3316 ὲν
1296 3268 1446 3336 ἡμῖν,
1477 3270 1850 3337 κεχρημάτικὲ
1882 3286 1940 3321 τε

354 3356 697 3426 πρωτότοκος
729 3358 784 3410 ὲν
812 3357 1026 3421 πολλοῖς
1054 3358 1319 3426 ἀδελφοῖς.
1342 3361 1493 3412 Ἐπεὶ
1524 3361 1605 3421 τίς
1647 3363 1711 3414 ἂν
1734 3362 1943 3430 γένοιτο

357 3448 539 3501 λοιπὸν
566 3451 592 3502 ό
623 3440 720 3518 τῆς
751 3450 837 3500 ἐπ’
863 3448 1012 3520 αὑτῷ
1039 3451 1271 3513 πίστεως
1303 3451 1479 3517 λόγος,
1509 3453 1625 3515 πῶς
1656 3454 1755 3505 οὐκ
1796 3455 1944 3518 ἄξιον

359 3539 486 3593 ἰδεῖν
505 3558 518 3604 ;
540 3539 674 3593 Οὐδὲ
701 3540 830 3610 γὰρ,
855 3537 1028 3611 οἶμαι,
1049 3545 1206 3608 φαῖεν
1229 3542 1294 3594 ἂν
1319 3543 1475 3612 οἵπερ
1501 3544 1566 3596 ἂν
1593 3545 1795 3598 ἕλοιντο
1820 3565 1946 3617 φρο-

360 3632 466 3682 νεῖν
495 3628 691 3699 ὀρθῶς,
720 3630 794 3692 ὡς
826 3631 908 3692 είς
949 3631 1107 3701 μόνον
1133 3632 1580 3701 πεπιστεύκαμεν
1606 3635 1696 3686 τὸν
1721 3636 1782 3687 ἐκ
1806 3637 1943 3690 θεοῦ

360 3721 533 3788 φύντα
562 3723 753 3790 Λόγον,
781 3723 1224 3792 ἀπογυμνοῦντες
1258 3725 1419 3776 αὐτὸν
1452 3725 1552 3792 τῆς
1592 3728 1809 3797 σαρκόςσ
1836 3729 1944 3780 οὐδ’

360 3806 424 3864 αὖ
466 3814 640 3863 ἐκεῖνο
681 3813 1005 3882 παρήσομεν
1044 3815 1239 3866 εἰπεῖν’
1273 3813 1547 3880 λελέξεται
1588 3818 1723 3886 γάρ.

428 3903 488 3957 Β.
530 3903 602 3956 Τὸ
639 3903 692 3954 τί
729 3902 792 3972 δὴ
832 3906 972 3974 φής;

429 3995 492 4048 Α.
535 3994 606 4047 Οὐ
650 3995 758 4065 γὰρ
797 3995 873 4058 ὡς
918 3997 998 4058 εἰς
1029 3995 1125 4048 ἕνα
1171 3996 1275 4048 τῶν
1322 3997 1442 4050 καθ’
1474 3999 1641 4066 ἡμᾶς,
1671 3997 1793 4051 οὔτε
1839 4001 1946 4071 μὴν

359 4086 434 4149 ὼς
476 4087 556 4148 είς
596 4085 883 4155 ἄνθρωπον
919 4089 949 4158 η
983 4087 1182 4152 πίστις,
1214 4089 1327 4141 ἀλλ’
1357 4093 1435 4154 εἰς
1480 4091 1611 4143 Θεὸν
1650 4093 1947 4162 πράττεται

361 4179 450 4231 τὸν
488 4177 646 4246 φύσει
689 4179 783 4232 καὶ
828 4178 1043 4249 ἀληθῶς
1073 4181 1131 4232 ἐν
1160 4181 1438 4252 προσώπῳ
1465 4184 1724 4252 Χριστοῦ·
1755 4186 1948 4257 συλλή-

359 4271 519 4340 ψεται
553 4271 609 4324 δὲ
635 4270 713 4340 τῷ
749 4271 891 4342 λόγῳ
925 4272 1019 4325 καὶ
1051 4274 1081 4324 ό
1108 4274 1268 4341 σοφὸς
1296 4275 1523 4343 γράφων
1550 4276 1782 4340 Παῦλος·
1821 4299 1838 4329 ι
1870 4280 1945 4331 Οὐ

362 4365 468 4433 γὰρ
515 4363 741 4426 ἑαυτοὺς
791 4364 1210 4435 ὲκηρύσσομεν,
1276 4365 1410 4419 ἀλλὰ
1461 4369 1692 4436 Χριστὸν
1739 4371 1948 4436 Ἰησοῦν

363 4454 587 4525 Κύριον·
625 4454 852 4518 ἑαυτοὺς
891 4454 948 4506 δὲ
985 4454 1203 4517 δούλους
1249 4455 1401 4525 ὑμῶν
1442 4457 1528 4511 δια
1565 4460 1824 4528 Χριστοῦ,
1866 4463 1948 4515 ὅτι

361 4545 492 4609 θεὸς
515 4547 542 4598 ό
567 4545 734 4599 εἰπὼν
771 4546 836 4599 ἐκ
876 4546 1097 4608 σκότους
1126 4546 1234 4613 φῶς
1269 4547 1498 4617 λάμψαι,
1523 4549 1581 4612 ὃς
1617 4550 1858 4621 ἔλαμψεν
1891 4556 1949 4607 ὲν
1985 4563 2027 4618 D
2055 4547 2296 4591 "05mm
2332 4554 2346 4602 ἱ

361 4640 481 4701 ταῖς
515 4637 767 4708 καρδίαις
805 4635 965 4706 ήμῶν
996 4639 1131 4708 πρὸς
1152 4639 1431 4707 φωτισμὸν
1456 4641 1552 4710 τῆς
1573 4641 1828 4708 γνώσεως
1853 4644 1953 4714 τῆς

361 4727 520 4800 δόξης
562 4727 727 4781 αὐτοῦ
771 4729 828 4780 ἐν
878 4727 1157 4798 προσώπῳ
1193 4729 1450 4799 Χριστοῦ.
1483 4749 1499 4779 ι
1523 4731 1652 4782 Ἰδοὺ
1676 4731 1738 4800 δὴ
1771 4733 1955 4800 σαφῶς

363 4836 422 4872 τε
441 4820 556 4877 ,καὶ
597 4818 843 4890 ἐναργῶς
889 4820 917 4872 ό
941 4820 1220 4890 φωτισμὸς
1261 4821 1358 4889 τῆς
1399 4819 1650 4888 γνώσεως
1687 4822 1780 4875 τοῦ
1817 4823 1952 4876 Θεοῦ

364 4913 458 4967 καὶ
493 4913 708 4984 Πατρὸς
742 4915 800 4966 ὲν
836 4913 1114 4983 προσώπῳ
1147 4913 1409 4984 διέλαμψε
1431 4913 1524 4966 τοῦ
1549 4916 1804 4986 Χριστοῦ.
1832 4918 1954 4969 Τοι-

366 5006 556 5074 γάρτοι
593 5005 687 5057 καὶ
731 5004 969 5073 ἔφασκεν
997 5020 1009 5033 ·
1042 5023 1058 5054 ι
1082 5005 1140 5056 '0
1187 5005 1447 5076 ἑωρακὼς
1471 5005 1592 5075 ἐμὲ,
1620 5004 1832 5077 ἑώρακε
1857 5008 1947 5059 τὸν

365 5098 602 5168 Πατέρα·
631 5095 742 5163 ἐγὼ
764 5096 860 5150 καὶ
881 5095 909 5146 ό
929 5093 1118 5165 Πατὴρ
1145 5096 1202 5146 ἓν
1225 5097 1412 5164 ὲσμεν.
1451 5115 1468 5146 ι
1517 5097 1819 5168 Χαρακτὴρ
1842 5097 1896 5150 δὲ
1921 5101 1947 5149 ὁ

366 5191 507 5253 θεῖος
543 5191 600 5242 οὔ
646 5187 976 5260 σωματικὸς,
1001 5187 1116 5241 ἀλλ’
1141 5187 1198 5238 ὲν
1222 5187 1450 5256 δυνάμει
1473 5189 1562 5240 καὶ
1584 5188 1710 5261 δόξῃ
1733 5193 1798 5261 τῇ
1828 5190 1946 5242 Θεο-

367 5283 742 5356 πρεπεστάτῃ,
762 5281 920 5336 τοῦτο
951 5281 1007 5334 δὲ
1038 5277 1105 5352 ἦν
1140 5280 1439 5350 ἀκραιφνὲς
1465 5282 1521 5333 ἐν
1544 5283 1780 5352 Χριστῷ·
1809 5300 1950 5351 γνω-

370 5371 613 5447 ρίζεσθαι
649 5389 709 5425 τε
751 5373 845 5427 καὶ
884 5371 973 5426 διὰ
1009 5373 1212 5425 τούτων
1254 5370 1429 5441 ἠξίου,
1456 5372 1549 5423 καὶ
1580 5371 1670 5424 διὰ
1706 5373 1801 5442 τῆς
1842 5373 1948 5426 τῶν

368 5465 661 5538 δρωμένων
700 5464 1010 5536 ὑπεροχῆς,
1057 5465 1136 5527 είς
1191 5463 1400 5527 ἑννοίας
1441 5464 1818 5536 ἁναθρὼσκειν
1857 5467 1953 5527 τὰς

370 5559 456 5611 ὶπ*
485 5556 634 5628 αὐτῷ
656 5555 782 5619 τοὺς
801 5554 1184 5626 ἀκροωμένους
1207 5555 1384 5625 ἦθελε,
1400 5556 1917 5625 κατασμικρυνούση
1927 5574 1952 5618 ς

372 5649 532 5703 αὐτὸν
555 5650 740 5720 ἡρέμα
769 5648 865 5719 τῆς
892 5647 1176 5718 όρωμένης
1205 5646 1426 5716 σαρκός.
1461 5664 1477 5697 ι
1511 5647 1570 5699 ΕΞ
1595 5647 1702 5717 γὰρ
1725 5647 1783 5699 οὖ
1812 5647 1948 5698 ποιῶ

449 5825 674 5884 "Joan.
717 5843 790 5895 tv,
827 5827 915 5882 2‘2.
1015 5824 1237 5881 "Joan.
1272 5841 1402 5887 xm,
1444 5825 1486 5879 l.

1567 5827 1607 5854 τῖ’
1639 5827 1832 5896 Ιίνιιυδ.
1874 5841 1945 5892 ιγ,
1987 5829 2036 5881 ὲ».

2042 1981 2762 2052 Quemadmodumfortasse
2804 1977 3073 2049 quispiam
3117 1976 3275 2031 aliter
3316 1987 3530 2042 quoque
3578 1972 3647 2025 de

2044 2079 2160 2144 ipso
2195 2075 2412 2130 dixerit.
2445 2073 2723 2140 Quatenus
2744 2071 2888 2126 enim
2918 2078 3002 2126 est
3027 2069 3188 2132 Deus,
3211 2073 3500 2122 censeatur
3523 2068 3645 2120 esse

2045 2168 2302 2222 Dominus
2349 2166 2582 2235 gloriae:
2636 2175 2905 2234 quatenus
2949 2176 3082 2217 vero
3127 2160 3302 2215 factus
3351 2165 3433 2213 est
3483 2159 3643 2212 homo

2043 2262 2340 2314 secundum
2371 2255 2844 2328 participationem
2878 2268 2908 2308 a
2941 2254 3049 2308 Deo
3079 2251 3436 2320 glorificatns,
3466 2247 3640 2318 gloria

2044 2349 2254 2419 egebat,
2291 2349 2517 2402 dicens:
2552 2366 2570 2398 ι
2603 2345 2785 2408 Pater,
2823 2343 3064 2414 glorifica
3100 2341 3296 2396 Filium
3333 2349 3484 2394 tuum
3511 2337 3579 2390 ⁷⁵.
3621 2355 3638 2388 ι

2043 2443 2334 2508 Caeterum,
2373 2459 2391 2491 ι
2433 2438 2583 2494 Unus
2613 2449 2694 2493 est
2728 2437 3010 2496 Dominus.
3036 2451 3139 2489 una
3162 2434 3318 2499 ﬁdes,
3353 2446 3517 2485 unum
3550 2429 3646 2483 ba-

2045 2536 2266 2605 ptisma,
2295 2553 2312 2584 »
2335 2534 2477 2589 sicut
2498 2534 2761 2603 scriptum
2777 2540 2862 2586 est
2889 2531 2956 2585 "’.
2981 2526 3446 2597 Quemadmodum
3484 2524 3646 2595 igitur

2047 2642 2151 2680 una
2212 2634 2294 2680 est
2355 2626 2486 2680 lides
2539 2624 2594 2678 in
2652 2623 2964 2687 Christum,
3003 2632 3164 2691 atque
3223 2635 3388 2674 unum
3454 2629 3643 2672 revera

2047 2719 2346 2788 baptisma,
2387 2716 2602 2770 tametsi
2638 2715 2897 2785 baptizati
2935 2715 3104 2768 simus
3147 2721 3205 2767 et
3252 2712 3542 2767 credamus
3589 2710 3646 2762 in

2045 2811 2284 2876 Patrem,
2321 2809 2540 2873 Filium,
2568 2818 2621 2863 et
2649 2807 2911 2877 Spiritum
2939 2817 3188 2860 sanctum
3218 2822 3232 2860 :
3265 2804 3458 2857 cadam
3487 2802 3646 2870 plain:

2047 2903 2258 2958 ratione
2295 2917 2361 2956 ac
2425 2901 2583 2955 modo
2648 2914 2754 2954 una
2793 2908 2876 2954 est
2938 2897 3184 2953 adoratio
3232 2895 3408 2949 Patris
3438 2903 3491 2948 et
3522 2891 3643 2946 Filii

2047 2992 2339 3058 incarnati,
2383 3002 2437 3046 et
2469 2989 2705 3061 Spiritus
2734 2988 2934 3045 sancti.
2966 2986 3151 3055 Neque
3178 2989 3322 3041 enim
3354 2983 3462 3037 ullo
3486 2991 3646 3052 pacto

2047 3099 2076 3137 a
2132 3083 2285 3138 nobis
2321 3085 2527 3152 pariter
2576 3092 2630 3137 et
2685 3081 2887 3136 sanctis
2944 3081 3150 3150 angelis
3210 3080 3276 3132 ab
3330 3075 3645 3131 adoratione

2047 3174 2412 3230 excludendus
2441 3175 2905 3245 estUnigenitus,
2940 3175 3152 3228 tametsi
3187 3173 3362 3226 factus
3387 3170 3456 3225 sit
3487 3184 3642 3231 caro,

2045 3277 2100 3322 et
2130 3267 2390 3321 habitarit
2425 3269 2476 3321 in
2501 3267 2679 3331 nobis,
2701 3277 3034 3335 vocatusque
3063 3266 3132 3320 sit
3166 3262 3559 3333 primogenitus
3585 3261 3639 3313 in

2044 3358 2229 3412 multis
2259 3358 2512 3413 fratribus
2533 3359 2600 3411 ⁸⁸.
2623 3357 2703 3412 Ad
2722 3358 2837 3412 htec
2867 3371 3114 3426 quamam
3146 3355 3212 3411 sit
3248 3355 3368 3408 fidei
3394 3355 3443 3406 in
3469 3353 3642 3420 ipsum

2045 3450 2218 3514 ratio,
2249 3453 2522 3520 quomodo
2564 3464 2669 3504 non
2712 3449 2782 3503 sit
2809 3464 2989 3518 operte
3032 3448 3264 3517 pretium
3313 3443 3644 3514 inquirere?

2045 3540 2163 3595 Non
2217 3543 2360 3596 enim
2419 3543 2685 3606 dixerint,
2719 3551 2777 3594 nt
2821 3541 3043 3610 Opinor,
3098 3540 3188 3608 qui
3245 3551 3388 3593 recte
3443 3538 3645 3591 sensire

2049 3631 2252 3695 velint,
2290 3646 2388 3685 nos
2422 3630 2475 3684 in
2509 3630 2681 3685 solum
2721 3627 2953 3683 Verbum
2984 3630 3126 3697 quod
3160 3644 3223 3682 ex
3255 3626 3364 3681 Deo
3402 3626 3644 3694 procedit

2047 3723 2344 3777 credidisse
2366 3763 2380 3788 ,
2411 3723 2677 3776 nudantes
2717 3721 2893 3791 ipsum
2934 3734 3120 3774 carne.
3154 3718 3261 3773 Sed
3293 3733 3468 3786 neque
3514 3717 3642 3771 illud

2049 3831 2263 3870 rursum
2296 3816 2474 3870 dicere
2499 3816 2834 3869 omittemus.
2867 3813 3088 3869 Dicetur
3111 3812 3255 3868 enim
3287 3812 3493 3866 statim.

2121 3908 2182 3961 Β.
2212 3907 2480 3972 Quidnam
2510 3908 2680 3963 dicis?

2120 3996 2185 4048 Α.
2215 3995 2402 4064 Neque
2429 3995 2574 4049 enim
2607 4004 2864 4064 tanquam
2903 3996 2953 4049 in
2979 4009 3143 4048 unum
3173 4009 3239 4048 ex
3271 3991 3449 4059 nobis,
3470 4007 3646 4064 neque

2051 4097 2110 4142 ut
2147 4090 2201 4142 in
2235 4088 2436 4143 nudum
2485 4087 2760 4142 hominem
2793 4087 3066 4142 credimus
3088 4127 3102 4151 ,
3136 4087 3229 4141 sed
3265 4086 3318 4139 in
3360 4084 3526 4139 Deum
3551 4086 3643 4154 qui

2051 4179 2372 4235 naturaliter
2432 4194 2496 4235 ac
2551 4194 2697 4234 vere.
2733 4188 2819 4234 est
2863 4180 2915 4234 in
2966 4193 3193 4249 persona
3258 4178 3460 4232 Christi
3512 4175 3647 4232 fides

2053 4281 2240 4327 nostra
2292 4272 2487 4339 vergit.
2551 4270 2650 4326 Cui
2704 4271 2920 4341 quidem
2977 4270 3260 4325 sententiae
3320 4269 3643 4338 astipulatur

2052 4363 2268 4433 sapiens
2295 4363 2380 4417 ille
2407 4361 2607 4416 Paulus
2633 4363 2703 4416 ita
2729 4363 2977 4416 scribens
3010 4380 3062 4417 ιι
3081 4360 3197 4416 Non
3228 4364 3378 4416 enim
3401 4372 3641 4417 nosmet-

2053 4454 2198 4522 ipsos
2226 4452 2652 4520 prmdicabamns
2673 4491 2688 4514 ,
2719 4450 2812 4505 scd
2835 4448 3021 4505 Jesum
3050 4449 3325 4504 Christum
3355 4447 3640 4503 Dominum

2395 4553 2494 4592 nos
2553 4548 2731 4591 autem
2782 4554 2969 4592 servos
3020 4548 3225 4593 vestros
3285 4553 3380 4608 per
3433 4536 3638 4592 Jesnni.

2052 4630 2318 4695 Quoniam
2370 4629 2512 4684 Deus
2547 4631 2636 4699 qui
2687 4631 2823 4684 dixit
2853 4631 2919 4685 de
2970 4630 3214 4685 tenebris
3249 4631 3422 4685 lucem
3457 4630 3642 4698 splen-

2056 4722 2432 4791 descere,ipse
2466 4722 2641 4775 illuxit
2666 4722 2726 4776 in
2749 4723 3000 4777 cordibus
3029 4725 3231 4778 uestris
3269 4725 3334 4776 ad
3371 4721 3644 4776 illumina-

2051 4815 2253 4868 tioncm
2303 4815 2544 4870 scientiae
2578 4815 2843 4871 claritatis
2874 4815 2997 4884 Dei,
3035 4816 3085 4869 in
3120 4815 3258 4870 facie
3313 4815 3444 4870 .lcsu
3485 4815 3644 4871 Chri-

2053 4906 2118 4960 sti
2146 4905 2212 4958 ⁸¹.
2254 4924 2274 4958 ι
2329 4903 2468 4960 Ecce
2489 4921 2651 4978 quam
2697 4916 2883 4976 aperte
2907 4923 2970 4962 ac
3005 4905 3289 4962 manifeste
3322 4907 3645 4963 illnminatio

2055 4999 2301 5053 scientiae
2337 4997 2431 5054 Dei
2465 5015 2528 5053 ac
2580 4999 2755 5055 Patris
2812 5002 2864 5054 in
2916 5016 3144 5070 persona
3193 5000 3393 5057 Christi
3447 5002 3644 5057 illuxit.

2058 5091 2261 5148 Idcirco
2286 5096 2447 5148 etiam
2477 5095 2611 5148 dixit
2643 5109 2658 5148 :
2691 5113 2708 5146 ι
2747 5095 2843 5160 Qui
2877 5095 3011 5149 vidit
3033 5110 3138 5163 mc,
3168 5095 3300 5151 vidit
3327 5105 3376 5149 et
3405 5095 3641 5150 Patrem.

2060 5181 2171 5252 ligo
2189 5193 2241 5238 et
2266 5182 2424 5237 Patcr
2455 5200 2617 5238 unum
2640 5200 2876 5240 sumus.»
2911 5187 3203 5242 Character
3226 5197 3405 5242 autem
3431 5188 3645 5242 divinus

2059 5293 2164 5331 non
2195 5287 2278 5331 est
2305 5292 2620 5347 corporeus,
2649 5277 2741 5331 sed
2781 5278 2832 5331 in
2869 5279 3067 5332 virtute
3095 5293 3158 5333 ac
3189 5280 3356 5348 gloria
3387 5295 3510 5349 quea
3534 5280 3644 5335 Deo

2059 5369 2291 5423 maxime
2320 5368 2641 5432 conveniat,
2679 5370 2779 5424 hoc
2804 5380 2888 5424 est
2918 5371 2968 5424 in
3009 5370 3228 5425 Christo
3259 5390 3270 5434 ;
3305 5382 3359 5426 ct
3398 5387 3494 5441 per
3530 5373 3644 5428 inec

2058 5462 2395 5517 innotescere
2448 5464 2645 5526 voluit,
2699 5473 2756 5520 et
2810 5479 2906 5533 pcr
2965 5466 3228 5520 factorum
3262 5468 3640 5522 excellentiam

2057 5554 2332 5610 auditores
2373 5555 2438 5608 ad
2471 5555 2552 5610 sui
2582 5557 2828 5610 notitiam
2869 5559 3045 5622 evehi,
3075 5575 3196 5612 rum
3231 5559 3426 5629 alioqui
3459 5561 3642 5616 carnis

2054 5658 2304 5718 a~pcctns
2361 5648 2536 5714 ipsum
2597 5649 2838 5703 nonnihil
2884 5652 3220 5706 obscuraret.
3283 5671 3298 5704 ι
3361 5653 3415 5706 Si
3470 5656 3638 5721 enim,

2118 5825 2160 5856 "’
2190 5824 2345 5882 ltom.
2386 5842 2499 5894 nn,
2535 5826 2624 5882 29.
2704 5828 2743 5856 "
2773 5828 2810 5883 ll
2845 5829 2972 5885 Cur.
3012 5844 3082 5895 ιτ,
3115 5830 3169 5895 5,
3208 5831 3260 5884 6.
