4036 6336
470 378 610 433 1-3δῦ

1459 379 1513 430 ὃ.
1555 376 1830 432 ιλιίιιιιι
1867 375 2335 432 ,ιιΕΧΑΝυιιιΝι
2374 375 2688 433 Αιιωιιειι.

3582 377 3605 430 Ι
3618 375 3723 431 2513

464 499 674 571 inquit,
723 515 824 555 non
882 500 1018 555 facio
1049 515 1211 569 opera
1266 500 1441 556 Patris
1467 502 1603 567 mei,
1658 501 1815 575 703
1873 500 2022 556 nolitt

2136 502 2202 557 τὰ
2226 500 2361 575 ἔργα
2391 502 2483 556 τοῦ
2524 502 2732 572 Πατρός
2759 494 2881 571 μου,
2908 500 3061 570 φησὶ,
3091 500 3167 570 μὴ
3192 495 3476 571 πιστεύετέ
3518 512 3629 566 μοι.
3655 496 3721 547 Et

463 594 685 647 credere
713 593 861 647 mihi.
891 592 945 646 Si
974 601 1153 648 autem
1185 592 1355 658 facio,
1391 603 1446 648 et
1475 594 1518 647 si
1552 593 1679 647 mihi
1720 608 1823 649 non
1873 584 2032 645 rultis

463 682 714 747 credere,
759 683 1010 751 operibus
1048 683 1180 739 meis
1226 683 1429 738 credite
1459 684 1524 735 θ’.
1559 702 1577 735 ι
1611 683 1780 738 Porro
1806 696 2031 738 censue-

461 776 562 831 rim
600 774 870 829 Christum
917 784 1027 828 tum
1075 776 1328 843 temporis
1358 775 1457 830 hoc
1489 775 1724 841 dixisse,
1758 776 1897 843 quod
1928 789 2032 828 non

463 866 652 922 inutile
691 867 743 921 id
788 868 900 921 fore
932 866 1112 921 sciret.
1152 868 1285 921 Cum
1328 866 1469 921 enim
1509 867 1879 921 existimarent
1928 879 2033 919 non

460 970 585 1013 esse
633 956 950 1013 naturaliter
1012 956 1210 1018 Deum.
1246 957 1337 1026 qui
1388 972 1483 1026 pro
1533 959 1684 1012 nobis
1723 957 2033 1012 incarnatus

462 1061 581 1106 erat
617 1070 629 1105 :
666 1053 757 1106 sed
785 1050 1097 1118 simpliciter
1134 1050 1333 1103 nudum
1379 1049 1645 1104 hominem
1671 1089 1685 1113 ,
1713 1050 1851 1105 sicut
1890 1064 2029 1115 nos;

463 1159 689 1214 eamque
738 1145 808 1199 ob
857 1158 1072 1197 causam
1129 1140 1368 1196 nonnulli
1407 1140 1564 1196 ﬁdem
1603 1142 1650 1195 ei
1691 1142 2029 1211 derogarent,

463 1235 664 1291 utiliter
696 1248 761 1288 ac
800 1235 1106 1289 necessario
1141 1240 1339 1287 metum
1379 1231 1589 1288 illorum
1618 1232 2032 1299 tarditatemque

462 1326 527 1379 ad
602 1326 925 1381 credendum
994 1338 1333 1395 praesecaus,
1377 1335 1433 1378 et
1473 1334 1677 1379 naturte
1738 1325 2033 1380 divinitatis

460 1417 618 1471 tidem
652 1417 917 1480 tribuens,
961 1426 1211 1487 tauquam
1245 1418 1295 1470 in
1320 1431 1544 1486 persona
1590 1415 1766 1471 Patris
1797 1434 1813 1482 ;
1844 1424 2029 1471 etnon

461 1516 661 1563 nostrae
688 1508 974 1563 humilitati
1020 1508 1328 1572 ascrihens,
1360 1508 1536 1562 dixit:
1569 1526 1587 1559 ι
1630 1506 1729 1574 Qui
1768 1508 1935 1562 credit
1977 1510 2026 1560 in

460 1614 567 1662 me,
596 1612 699 1653 non
732 1599 784 1653 iu
821 1613 905 1653 me
930 1598 1122 1661 credit,
1155 1597 1247 1653 sed
1280 1597 1331 1651 itt
1357 1612 1477 1651 eum
1504 1599 1590 1666 qui
1626 1597 1767 1651 misit
1799 1612 1881 1651 tne
1903 1597 1967 1651 ⁸³.
2006 1617 2023 1649 ι

460 1687 648 1744 Nonne
686 1690 787 1745 hoc
811 1689 1032 1757 perinde
1053 1697 1135 1743 est
1160 1702 1223 1741 ac
1250 1690 1294 1743 si
1324 1689 1466 1743 dicat
1497 1705 1508 1739 :
1542 1688 1585 1740 0
1612 1704 1705 1741 vos
1733 1689 1822 1757 qui
1848 1688 2026 1743 verbis

388 1826 391 1829 ,
460 1780 592 1833 meis
650 1779 807 1834 iidem
860 1778 1160 1841 adhibetis,
1198 1794 1302 1832 non
1364 1779 1563 1832 humile
1607 1787 1699 1832 aut
1759 1776 2024 1845 abjectutn

456 1868 654 1938 aliquid
689 1868 755 1923 de
784 1883 867 1922 me
896 1868 1129 1938 cogitate
1159 1888 1171 1921 :
1202 1867 1329 1937 quin
1371 1867 1545 1937 potius
1580 1869 1678 1920 hoc
1706 1880 2024 1935 persuasum

459 1960 678 2023 habete,
722 1959 862 2027 quod
910 1959 1002 2027 qui
1044 1957 1174 2012 mihi
1220 1972 1378 2025 quem
1426 1957 1670 2010 incuruo
1721 1956 2030 2025 conspicitis

457 2051 816 2115 credideritis,
847 2066 950 2105 non
986 2051 1037 2104 itt
1070 2050 1340 2105 hominem
1385 2047 1701 2117 simpliciter
1745 2048 2031 2103 credentes

456 2142 641 2206 eritis,
685 2146 777 2197 sed
823 2142 873 2195 in
932 2142 1103 2211 ipsum
1146 2139 1391 2204 Patrem,
1448 2154 1543 2208 per
1578 2154 1662 2192 me
1704 2136 1896 2193 Filium
1936 2141 2027 2209 qui

453 2232 815 2287 omnimodam
867 2232 1226 2300 aequalitatem
1283 2230 1804 2299 sintilitudinetnque
1858 2230 2028 2285 habeo

452 2342 575 2379 cum
608 2324 766 2380 Patre
800 2343 813 2378 :
847 2335 1003 2393 atque
1040 2325 1352 2379 incarnatus
1398 2323 1611 2392 quidem
1641 2338 1758 2376 sum
1810 2336 2029 2393 propter

454 2432 570 2480 vos,
606 2415 971 2485 humilemque
1000 2414 1257 2469 amictum
1299 2414 1429 2469 mihi
1494 2415 1686 2479 ascivi,
1718 2415 2026 2468 humanita-

454 2517 561 2562 tem
592 2511 881 2575 nimirum,
906 2506 1210 2577 aequalitate
1240 2515 1414 2562 tamen
1458 2518 1660 2561 natura:
1682 2517 1733 2562 et
1757 2508 2026 2576 nperatio~

455 2602 559 2666 nis,
590 2609 747 2671 atque
778 2601 1057 2656 identitate
1080 2600 1263 2670 gloriae
1292 2598 1680 2671 perfectissime
1714 2598 1855 2652 Patri
1879 2599 2026 2653 simi-

454 2690 522 2747 lis
550 2706 667 2746 sutn
698 2707 760 2745 ac
800 2706 911 2761 par.

524 2781 585 2836 Β.
623 2783 696 2836 Ita
731 2783 961 2837 videtur.

524 2871 588 2921 A.
619 2868 775 2937 Atqui
810 2870 916 2923 alio
938 2871 1101 2924 etiam
1128 2872 1286 2925 modo
1312 2872 1613 2943 intelligere
1640 2873 1815 2941 possis
1846 2873 2020 2942 ipsum

453 2962 611 3014 lidetn
642 2974 749 3014 non
778 2960 1126 3031 repellentem
1151 2980 1163 3016 :
1189 2963 1282 3017 sed
1307 2965 1511 3031 absque
1535 2963 1715 3032 aliqua
1753 2964 2021 3019 divisione

452 3062 615 3119 atque
637 3049 939 3105 dill'erentia
976 3053 1323 3121 recipientem
1358 3053 1529 3121 ipsam
1566 3053 1618 3107 iu
1649 3055 1866 3124 propria
1894 3070 2019 3123 per-

2135 594 2191 647 δὲ
2215 594 2374 660 ποιῶ,
2401 595 2504 649 κᾶν
2526 595 2648 664 ἐμοὶ
2687 594 2761 664 μὴ
2801 591 3116 661 πιστεύητε,
3139 592 3253 653 τοῖς
3276 588 3463 659 ἔργοις
3492 605 3596 657 μον
3630 604 3723 640 πι-

2141 686 2381 739 στεύετε.
2404 706 2423 738 ι
2447 687 2615 741 Φάναι
2652 686 2707 739 δὲ
2742 681 2896 755 οἶμαι
2920 685 3078 739 ταυτὶ
3100 683 3160 736 τὸ
3177 679 3431 752 τηνικάδε
3462 678 3719 750 Χριστὸν,

2136 777 2232 829 οὐκ
2276 776 2566 840 ἀσυντελὲς
2608 778 2687 839 είς
2727 774 2912 845 ὄνησιν
2953 774 3131 827 εἰδότα
3164 772 3226 826 τὸ
3272 771 3480 842 χρῆμα.
3500 766 3721 835 Ἐπειδὴ

2135 867 2241 935 γὰρ
2271 866 2437 937 ῷοντο
2464 866 2594 921 Θεὸν
2623 867 2718 937 μὲν
2740 866 2840 919 οὐκ
2857 861 2995 918 εἶναι
3022 863 3162 919 κατὰ
3183 862 3343 933 φύσιν
3364 861 3453 914 τὸν
3477 860 3544 912 δι’
3567 861 3719 930 ἡμᾶς

2140 957 2791 1029 ἐ·ιηνθριοπηκότα,ῲιλὸν
2814 958 2870 1010 δὲ
2895 957 3079 1020 ἁπλῶς
3098 956 3386 1026 ἄνθρωπον
3408 950 3718 1020 καθ’ἠμᾶς,

2134 1048 2508 1117 ἁπαράδεθιτόν
2562 1066 2621 1101 τε
2672 1048 2759 1103 διὰ
2802 1048 2960 1102 τοῦτο
3020 1046 3121 1115 τὴν
3183 1045 3271 1097 ἐπ’
3328 1041 3475 1113 αύτῷ
3531 1042 3719 1094 πίστιν

2134 1138 2584 1203 ἐποιοῦντότινες·
2598 1140 2907 1207 ἀναγκαίως
2925 1138 2986 1191 τὸ
2996 1137 3155 1205 δεῖμα
3180 1137 3270 1188 καὶ
3293 1136 3383 1187 τόν
3404 1134 3721 1197 ὲπὶτούτοις

2135 1228 2290 1281 δκνον
2320 1229 2776 1299 ὑποτεμνόμενος,
2801 1232 2864 1299 τῇ
2900 1230 2997 1297 τῆς
3032 1226 3287 1295 θεότητος
3312 1226 3472 1294 φύσει
3494 1224 3592 1295 τὴν
3621 1224 3716 1277 πί·
3780 1300 3783 1301 ν

2136 1335 2248 1372 στιν
2283 1320 2575 1383 ἀνατιθεὶς,
2599 1322 2674 1385 ὠς
2711 1323 2768 1373 ὲν
2809 1319 3085 1391 προσώπῳ
3123 1318 3355 1389 Πατρδς,
3380 1316 3472 1370 καὶ
3496 1317 3620 1386 οὐχὶ
3646 1317 3713 1387 τῇ

2133 1410 2253 1462 καθ’
2275 1412 2422 1483 ἡμᾶς
2464 1413 2904 1483 σμικροπρεπείᾳ
2945 1413 3289 1484 προσνέμων,
3311 1411 3549 1480 ἔφασκεν
3572 1426 3587 1440 ·
3615 1427 3635 1460 ι
3656 1409 3717 1461 Ὁ

2134 1500 2405 1554 πιστεύων
2442 1504 2522 1565 εἰς
2563 1504 2687 1571 ἐμὲ,
2710 1502 2770 1554 οὐ
2813 1503 3060 1555 πιστεύει
3104 1504 3184 1565 είς
3226 1501 3345 1570 ἐμὲ.
3372 1499 3587 1562 ἀλλἐίς
3623 1499 3717 1551 τὸν

2130 1592 2425 1661 πέμψαντά
2456 1610 2545 1663 με.
2574 1612 2591 1645 ι
2619 1590 2743 1664 Ἆρ’
2778 1595 2877 1657 οὐκ
2920 1594 3033 1647 ἴσον
3077 1594 3282 1646 εἰπεῖν·
3307 1588 3377 1644 Ὦ
3422 1591 3529 1644 τῶν
3567 1579 3733 1661 ἐμῶν’

2132 1686 2389 1753 κατήκοοι
2416 1685 2609 1754 λόγων,
2640 1685 2714 1755 μὴ
2741 1685 2913 1755 μικρὰ
2932 1686 3026 1737 καὶ
3053 1684 3400 1757 χαμαιρριιρῆ
3425 1682 3493 1734 τὰ
3515 1684 3593 1744 εἰς
3614 1682 3716 1751 ἐμὲ

2129 1775 2375 1841 δοξάζετε
2396 1794 2407 1805 ·
2438 1776 2550 1830 ἴστε
2579 1777 2637 1830 δὲ
2680 1779 2761 1829 ὅτι
2798 1778 2897 1849 τὴν
2921 1780 3000 1840 εἰς
3021 1777 3185 1830 αὐτὸν
3206 1775 3305 1845 ἐμὲ
3325 1774 3416 1827 τὸν
3436 1772 3717 1844 ὁρώμενον

2131 1869 2188 1918 ἐν
2213 1868 2378 1939 σαρκὶ
2400 1868 2711 1939 προϊέμενοι
2736 1868 2941 1933 πίστιν,
2964 1869 3064 1921 οὐκ
3098 1870 3178 1931 εἰς
3212 1867 3495 1937 ἄνθρωπον
3525 1863 3716 1928 ἁπλῶς

2132 1960 2319 2014 ἔσεσθε
2350 1961 2796 2023 πεπιστευκότες,
2822 1960 2935 2013 ἀλλ’
2960 1962 3037 2024 είς
3075 1960 3236 2014 αὑτὸν
3260 1959 3352 2011 τὸν
3381 1956 3622 2026 Πατέρα,
3643 1952 3712 2008 δι’

2130 2053 2267 2121 ἐμοῦ
2291 2052 2385 2105 τοῦ
2407 2053 2546 2105 κατὰ
2568 2055 2675 2106 πᾶν
2711 2052 2890 2105 ὀτι)ὖν
2922 2053 3050 2115 ἴσως
3075 2068 3131 2104 τε
3157 2052 3253 2104 καὶ
3275 2048 3713 2119 ἀπαραλλάκτως

2131 2144 2346 2213 ἔχοντος
2371 2142 2532 2209 Υίοῦ,
2560 2142 2931 2213 σαρκωθέντος
2969 2143 3068 2210 μὲν
3102 2140 3169 2192 δι’
3194 2140 3369 2209 ὑμᾶς,
3412 2138 3509 2190 καὶ
3551 2135 3709 2207 περί-

2130 2236 2315 2307 ϐλημα
2367 2233 2778 2306 σμικροπρεπὲς
2830 2230 3202 2301 οἰκειουμένου
3231 2271 3245 2294 ,
3288 2230 3385 2300 τὴν
3422 2226 3708 2299 ἀνθρωπό-

2126 2344 2266 2398 τητα
2286 2367 2299 2391 ,
2321 2327 2383 2379 τό
2408 2344 2470 2395 γε
2492 2326 2596 2398 μὴν
2626 2324 2845 2395 ἱσοςρυές
2865 2341 2921 2377 τε
2949 2325 3040 2377 καὶ
3065 2323 3335 2402 ίσουρτὸν,
3364 2321 3460 2377 καὶ⁸
3492 2322 3549 2373 ἐν
3575 2336 3707 2372 ταυ-

2127 2418 2311 2487 τότητι
2351 2418 2506 2488 δόξης
2552 2417 2921 2487 ἁδιαλὼδητον
2970 2415 3248 2479 παντελῶς
3302 2415 3515 2486 ἔχοντος
3572 2411 3708 2486 πρὸς

2128 2508 2308 2562 αὐτόν.

2202 2779 2260 2829 ii.
2308 2778 2541 2829 Ἔοικεν.

2200 2871 2265 2926 Α.
2319 2869 2644 2940 ’Δναμὰθοις
2666 2870 2708 2921 δ’
2740 2869 2806 2923 ἂν
2829 2872 2924 2923 καὶ
2956 2868 3157 2939 ἑτέρως
3186 2868 3351 2922 αὐτὸν
3388 2867 3486 2939 τὴν
3527 2867 3706 2921 πίστιν

2128 2964 2188 3016 οὐ
2225 2961 2606 3031 διωθούμενον,
2645 2963 2797 3026 ἀλλὰ,
2838 2962 3013 3031 τομῆς
3038 2979 3185 3025 τινος
3218 2962 3341 3031 δίχα
3375 2962 3469 3015 καὶ
3518 2959 3705 3030 διαφο-

2133 3051 2249 3118 ρᾶς,
2284 3048 2685 3119 εἰσδεδεγμένον
2715 3050 2884 3120 αὐτὴν
2925 3051 3000 3113 ὠς
3042 3051 3099 3103 ἐν
3136 3049 3249 3120 ἰδίῳ
3284 3050 3581 3123 προσώπῳ,
3614 3048 3707 3103 καὶ

452 3159 606 3207 sona,
631 3144 845 3198 tametsi
870 3142 1044 3199 factus
1069 3144 1139 3200 sit
1162 3159 1310 3198 caro.
1341 3144 1629 3213 Postquam
1652 3148 1796 3199 enim
1820 3161 2019 3201 caecum

2129 3144 2176 3194 εἰ
2214 3142 2404 3210 γέγονε
2436 3142 2592 3209 σάρξ.
2638 3142 2857 3210 Ἐπειδὴ
2890 3141 2997 3213 γὰρ
3020 3142 3110 3194 τὸν
3136 3143 3199 3194 ἐκ
3229 3143 3499 3212 γεννητῆς
3527 3142 3707 3207 satam

452 3234 601 3289 illum
633 3251 661 3288 a
700 3236 981 3290 uativitate
1012 3237 1225 3291 sanavit
1254 3233 1325 3302 “,
1357 3245 1412 3291 et
1444 3236 1600 3291 dulce
1638 3236 2022 3307 insolitumque

452 3329 632 3382 lumen
703 3330 750 3383 ci
807 3330 1072 3393 immisit,
1129 3330 1380 3384 omnibus
1436 3331 1631 3383 merito
1676 3330 2018 3384 admirationi

451 3428 589 3475 erat.
630 3421 807 3490 Atque
851 3421 939 3476 hic
981 3421 1197 3490 quidem
1244 3420 1373 3476 vitio
1413 3420 1503 3476 illo
1544 3420 1804 3476 liberatus
1852 3436 1880 3474 a
1928 3419 2022 3474 Ju-

450 3512 581 3565 ιιιείε
612 3511 979 3581 indicabatur,
1027 3523 1082 3567 et
1118 3513 1385 3568 medicum
1427 3514 1820 3582 protitebatur:
1863 3514 2020 3569 Chri-

450 3615 567 3658 stus
600 3618 728 3659 vero
762 3618 883 3657 eum
939 3606 1243 3659 accedens:
1286 3624 1304 3655 ι
1352 3603 1433 3659 Tu
1475 3606 1747 3672 credisne,
1821 3606 2017 3675 inquit,

454 3695 504 3746 in
538 3692 732 3747 Filium
769 3691 904 3747 Dei?
939 3712 959 3746 ι
991 3692 1090 3759 Qui
1134 3708 1255 3747 cum
1284 3692 1651 3749 exclamaret:
1686 3713 1704 3745 ι
1744 3695 1877 3763 Quis
1915 3704 2016 3756 est,

453 3786 700 3847 Domine,
732 3794 788 3837 ut
833 3784 1048 3839 credam
1100 3785 1150 3838 in
1186 3783 1405 3853 ipsum?
1429 3803 1447 3836 ι
1479 3786 1760 3853 respondit
1790 3787 2011 3841 dicens:

459 3894 477 3923 ι
514 3873 577 3927 Ει
608 3873 787 3928 vidisti
817 3872 1015 3943 ipsum,
1040 3883 1094 3927 et
1122 3874 1213 3942 qui
1248 3874 1485 3941 loquitur
1515 3862 1715 3939 tecum,
1745 3874 1833 3929 ille
1856 3886 1959 3931 est.
1993 3901 2010 3927 ι

451 3965 549 4032 Qui
575 3967 877 4034 respondit:
904 3983 921 4015 ι
946 3964 1142 4030 Credo,
1165 3965 1408 4021 Domine.
1430 3966 1496 4021 Et
1515 3968 1759 4022 adoravit
1776 3983 1899 4023 eum
1912 3970 1978 4022 ⁸³.
1995 3989 2013 4020 ι

452 4056 735 4123 Quomodo
763 4056 923 4125 igitur
954 4072 1061 4111 non
1106 4059 1177 4112 sit
1204 4058 1453 4113 omnibus
1485 4060 1854 4123 manifestum,
1880 4060 2018 4116 diri-

454 4164 577 4202 nam
607 4162 669 4203 ac
690 4162 998 4217 supremam
1034 4158 1282 4203 naturam
1306 4149 1478 4206 oculis
1508 4153 1657 4205 cerni
1691 4168 1718 4206 a
1744 4167 2016 4223 quoquam

452 4256 557 4296 nou
591 4241 784 4309 posse?
821 4259 839 4293 t
886 4242 1051 4295 Deum
1080 4241 1222 4294 enim
1254 4256 1412 4297 nemo
1451 4244 1585 4297 vidit
1612 4259 1870 4314 unquam,
1909 4264 1927 4296 ι
1959 4252 2017 4301 ut

449 4334 709 4402 scriptum
739 4342 825 4387 est
859 4330 924 4386 ⁸⁸.
973 4332 1027 4387 Si
1062 4348 1191 4403 ergo
1222 4333 1558 4403 distinguens
1583 4349 1733 4389 suam
1764 4335 2015 4390 humani-

451 4434 635 4489 tatem,
669 4434 724 4477 ttt
761 4424 861 4478 hoc
897 4424 1073 4491 ipsum
1112 4438 1377 4492 apparens
1413 4439 1477 4478 ex
1530 4424 1636 4480 Deo
1673 4425 1833 4481 Patre
1884 4428 2015 4480 Ver-

2124 3233 2344 3302 τυφλὸν,
2383 3236 2475 3286 καὶ
2504 3232 2564 3284 τὸ
2592 3232 2765 3301 γλυκὺ
2798 3232 2917 3303 μὲν,
2946 3232 3112 3301 ἄηθες
3152 3232 3196 3284 δ’
3225 3231 3340 3299 οὖν,
3370 3231 3705 3302 ἑπεφύτενσε

2127 3324 2243 3394 φῶς
2275 3323 2445 3394 αὐτῷ,
2479 3324 2629 3394 παρὰ
2655 3325 2870 3377 πάντων
2904 3324 3130 3387 εἰκότως
3159 3324 3520 3395 ἐθαυμάζετο.
3567 3325 3702 3379 Ἀλλ’

2123 3418 2150 3470 ὁ
2199 3418 2299 3485 μὲν
2348 3415 2442 3469 τοῦ
2486 3417 2693 3479 πάθους
2744 3410 3164 3487 ἀπηλλαγμένος
3220 3418 3371 3488 παρὰ
3409 3422 3522 3482 τοῖς
3578 3421 3704 3474 ’loa-

2122 3506 2294 3570 δαίοις
2340 3505 2608 3579 ἐκρίνετο,
2649 3507 2745 3559 καὶ
2782 3506 3052 3577 ὡμολόγει
3095 3507 3187 3560 τὸν
3228 3507 3431 3577 ἰατρόν·
3472 3508 3703 3576 Χριστὸς

2123 3598 2178 3651 δὲ
2211 3598 2356 3667 αὐτῷ
2402 3597 2740 3667 περιτυχὼν,
2790 3617 2807 3647 ι
2852 3598 2922 3650 Σὺ
2980 3597 3278 3662 πιστεύεις,
3334 3599 3593 3667 ἔφασκεν,
3628 3602 3704 3661 εἰς

2122 3695 2213 3748 τὶν
2244 3696 2371 3748 mw
2403 3694 2496 3748 τοῦ
2515 3694 2650 3748 Θεοῦ
2676 3711 2691 3760 ;
2733 3713 2749 3744 ι
2786 3693 2891 3746 Τοῦ
2914 3692 2991 3760 δὲ,
3021 3695 3102 3760 τὸ,
3128 3716 3146 3747 ι
3174 3695 3269 3758 Τίς
3298 3697 3436 3762 ἐστι,
3458 3697 3651 3767 Κύριε,
3680 3718 3697 3750 ι

2120 3785 2564 3858 διακεκραγύτος,
2596 3806 2615 3837 ι
2656 3787 2742 3839 ἵνα
2775 3786 3049 3839 πιστεύσω
3074 3790 3154 3850 εἰς
3176 3787 3377 3852 αὖτόνς
3409 3807 3427 3837 ι
3460 3790 3703 3860 ἀντεφώ-

2122 3896 2201 3932 νει
2234 3878 2429 3946 λέγων’
2472 3898 2490 3929 ι
2538 3878 2650 3931 Καὶ
2683 3877 2934 3946 ἑώρακας
2972 3878 3154 3944 αὑτὸν,
3183 3880 3275 3931 καὶ
3304 3880 3332 3931 6
3364 3879 3539 3933 λαλῶν
3568 3883 3702 3952 μετὰ

2122 3968 2238 4030 σοῦ,
2269 3967 2471 4031 ἐκεῖνός
2502 3970 2668 4021 ἐστιν.
2711 3987 2727 4017 ι
2776 3968 2834 4018 '0
2864 3966 2918 4018 δὲ
2976 3965 3101 4036 ἔφη·
3140 3986 3155 4017 ι
3208 3968 3478 4032 Πιστεύω,
3509 3969 3697 4040 Κύριε.

2120 4059 2229 4112 Καὶ
2264 4058 2664 4128 προσεκύνησεν
2711 4057 2875 4128 αὐτῷ.
2921 4076 2940 4110 ι
2985 4058 3175 4111 Καίτοι
3220 4058 3333 4123 πῶς
3386 4061 3485 4130 οὐχ
3531 4061 3698 4114 ἅπασι

2124 4152 2422 4220 συμφανὲς,
2450 4149 2527 4213 ὼς
2573 4150 2771 4212 ἆοπτος
2802 4148 3079 4213 παντελῶς
3106 4152 3139 4221 ἠ
3175 4150 3294 4203 θεία
3325 4168 3384 4203 τε
3431 4153 3526 4203 καὶ
3560 4153 3697 4207 ἀνω-

2120 4240 2290 4295 τάτω⁸
2315 4241 2512 4311 φύσις;
2564 4260 2582 4293 ι
2634 4241 2767 4295 Θεὸν
2794 4241 2901 4313 γὰρ
2943 4241 3114 4305 οὐδεὶς
3148 4242 3355 4314 ἑώρακε
3396 4243 3634 4311 πώποτε,
3672 4264 3690 4296 ι

2118 4333 2259 4387 κατὰ
2287 4333 2346 4386 τὸ
2379 4333 2782 4404 γεγραμμένον.
2814 4334 2985 4404 Εἴπερ
3033 4329 3126 4387 οὖν
3170 4334 3377 4400 διιστὰς
3416 4338 3608 4390 ἑαυτοῦ
3640 4338 3699 4391 τὸ

2120 4424 2484 4497 ἀνθρώπινον,
2519 4425 2593 4489 ὡς
2632 4426 2764 4480 αὐτὸ
2810 4426 2874 4493 δὴ
2921 4425 3080 4479 τοῦτο
3114 4426 3371 4497 πεφηνὼς
3405 4429 3433 4480 ὁ
3467 4430 3530 4480 ὲκ
3566 4426 3698 4480 Θεοῦ

446 4516 596 4578 hum,
630 4516 803 4568 nudus
846 4530 911 4567 ac
955 4514 1100 4569 solus
1143 4515 1289 4570 credi
1335 4515 1522 4581 voluit,
1559 4526 1613 4569 et
1653 4532 1856 4571 caecum
1899 4517 2012 4585 jam

2126 4515 2340 4587 Πατρὺς
2365 4514 2556 4583 Λόγος,
2589 4516 2794 4587 γυμνὸς
2823 4516 2916 4569 καὶ
2946 4516 3103 4586 μόνος
3137 4517 3289 4587 ἠξίου
3325 4518 3697 4583 πιστεύεσθαι,

448 4613 692 4659 curatum
741 4605 1021 4670 hortatur,
1066 4622 1131 4659 ne
1179 4607 1355 4675 potius
1389 4621 1635 4675 quamam
1695 4607 1767 4662 sit
1822 4620 2014 4663 natura

452 4695 541 4748 ltei
591 4708 772 4749 secum
816 4694 1053 4764 cogitet:
1081 4696 1174 4749 sed
1209 4698 1389 4763 potius
1432 4697 1793 4764 corporaliter
1834 4708 2017 4753 osten-

447 4788 545 4849 dit,
571 4786 642 4838 ita
663 4795 720 4839 ut
737 4785 909 4840 oculis
934 4786 1063 4855 ipsis
1086 4787 1400 4856 conspicere
1426 4788 1613 4842 liceret
1651 4788 1804 4857 (dixit
1832 4790 2012 4845 enim:

449 4878 610 4951 704
641 4880 704 4933 Et
738 4880 885 4935 vides
918 4879 1119 4947 ipsum,
1173 4890 1227 4935 et
1264 4881 1354 4949 qui
1401 4880 1638 4949 loquitur
1675 4894 1880 4949 tecum,
1927 4886 2016 4940 ille

448 4971 550 5039 tzs‘l)
581 4990 594 5023 :
623 4987 801 5026 nonne
832 4987 1047 5027 carnem
1080 4973 1381 5028 ostendisse
1404 4975 1786 5030 cenaebitnus?

519 5150 577 5205 li.
604 5150 856 5205 Omnino.

518 5244 583 5293 Α.
624 5240 784 5307 Atqui
824 5242 1092 5311 quomodo
1128 5241 1381 5314 deinceps
1422 5243 1538 5314 ipse
1596 5248 1665 5301 sit
1710 5262 1871 5312 caro,
1913 5246 2016 5301 nisi

447 5332 776 5402 intelligatur
802 5332 1095 5387 secundum
1126 5338 1401 5400 ttnionem,
1433 5344 1690 5404 tauquam
1727 5338 1841 5405 ipse
1869 5339 2017 5392 exsi-

448 5435 596 5477 stens
640 5424 911 5493 proprium
947 5426 1114 5491 ipsius
1152 5442 1165 5479 :
1203 5428 1653 5495 quemadmodum
1703 5427 1815 5483 fere
1847 5430 2012 5484 etiam

450 5515 504 5571 in
550 5514 703 5570 nobis
738 5516 974 5569 accidit?
1020 5515 1203 5586 Neque
1253 5517 1396 5572 enim
1439 5519 1723 5589 quisquam
1760 5521 2015 5575 ostendat

448 5608 735 5677 Separatitn
762 5648 779 5675 ,
810 5623 983 5679 neque
1014 5609 1328 5682 imperfecte
1361 5614 1631 5668 hominem
1664 5614 1821 5671 nobis
1855 5615 2009 5670 sitni-

2121 4605 2183 4657 τὸ
2233 4606 2307 4675 μὴ
2364 4605 2561 4675 μᾶλλον
2608 4610 2706 4678 τὴν
2751 4606 2844 4660 τοῦ
2896 4605 3031 4659 Θεοῦ
3084 4607 3247 4678 φύσιν
3289 4609 3699 4679 ἀναλογίζεσθαι

2120 4695 2250 4758 δεῖν,
2299 4696 2421 4763 ἥτις
2465 4695 2592 4750 ποτέ
2632 4698 2769 4763 ἐστι,
2815 4699 2904 4751 τὸν
2951 4695 3009 4752 εὖ
3053 4700 3299 4755 παθόντα
3344 4700 3696 4767 διεκελεύετο,

2124 4781 2408 4857 παρέδειξε
2458 4789 2513 4843 δὲ
2563 4789 2924 4859 σωματικῶς,
2984 4790 3060 4854 ὡς
3109 4791 3203 4846 καὶ⁵
3250 4792 3435 4855 αὐτοῖς
3489 4791 3697 4863 app,“

2119 4878 2488 4934 καταθεᾶσθαι
2535 4880 2707 4951 παρὸν
2749 4880 2874 4950 (ἔφη
2908 4884 3042 4953 γὰρ,
3075 4885 3159 4937 ὅτι
3186 4887 3299 4939 Καὶ
3329 4882 3576 4956 ἑώρακας
3604 4890 3699 4941 αὑ-

2117 4971 2228 5037 τὸν,
2270 4971 2362 5023 καὶ
2409 4971 2436 5023 ὁ
2482 4971 2657 5025 λαλῶν
2692 4974 2827 5043 μετὰ
2864 4974 2979 5037 σοῦ,
3025 4977 3228 5040 ἐκεῖνός
3272 4973 3470 5051 ἒστιν)’
3502 4974 3539 5050 ἦ
3579 4981 3698 5053 οὐχὶ

2119 5062 2217 5135 τὴν
2254 5063 2434 5133 σάρκα
2463 5062 2784 5135 παραδεῖξαι
2814 5068 3098 5136 φήσομεν;

2190 5157 2250 5208 Β.
2292 5156 2401 5208 Καὶ
2434 5158 2593 5213 πάνυ.

2188 5251 2253 5302 Α.
2292 5245 2429 5302 Εἶτα
2473 5249 2588 5315 πῶς
2620 5251 2781 5315 αὐτὸς
2813 5252 2878 5305 ἂν
2908 5251 2994 5323 εἴη
3049 5253 3233 5309 λοιπὸν
3267 5259 3298 5327 ἡ
3342 5259 3497 5329 σὰρξ,
3532 5262 3580 5311 εξ
3624 5260 3697 5330 μὴ

2117 5342 2287 5394 νοοῖτο
2323 5340 2443 5394 καθ’
2466 5341 2656 5395 ’ἐνωσιν
2680 5343 2753 5407 ὡς
2790 5345 2950 5409 αὐτὸς
2974 5346 3232 5420 ὑπάρχων
3260 5352 3320 5403 τὸ
3352 5352 3484 5406 ἴδιον
3507 5354 3695 5419 αὐτοῦ,

2124 5434 2375 5504 καθάπερ
2405 5435 2593 5504 ἀμέλει
2643 5438 2737 5492 καὶ
2782 5440 2867 5508 ἐφ’
2923 5441 3076 5510 ἡμῶν
3122 5442 3320 5511 γένοιτ’
3365 5445 3464 5510 ἄνς
3526 5465 3697 5502 κατα-

2120 5524 2311 5593 δείξειε
2346 5524 2452 5595 γὰρ
2487 5526 2550 5579 ἄν
2588 5544 2671 5589 τις
2733 5529 2791 5581 οὺ
2853 5532 3266 5603 μεμερισμένως
3310 5535 3429 5589 οὐδὲ
3492 5536 3697 5602 ἀτελῶς

2118 5616 2211 5670 τὸν
2259 5616 2564 5687 καθ”ήμᾶς
2600 5619 2907 5691 ἄνθρωπον,
2966 5623 3059 5676 τὸν
3113 5628 3176 5678 ἐκ
3222 5626 3401 5699 ψυχῆς
3446 5627 3510 5701 δὴ
3557 5630 3698 5699 λέγω

516 5782 735 5843 "Jean.
772 5802 824 5849 ι,
858 5787 942 5853 .37,
976 5784 1064 5843 38..
1142 5787 1358 5845 “.loan.
1397 5806 1490 5855 λιι,
1542 5790 1617 5844 ιι.
1697 5789 2020 5861 ⁶λ10.ιιι,ι.ι,
2066 5792 2173 5846 l-‘l.
2256 5792 2297 5822 ³³
2324 5794 2453 5849 ibid.
2486 5794 2670 5851 53-38.
2751 5797 2971 5854 "Joan.
3016 5819 3051 5869 t,
3097 5802 3178 5858 lS.
