4036 6336
345 423 478 479 [9.37

1448 416 1534 469 DE
1575 409 2088 470 thiAliNATIONK
2134 414 2512 472 L‘NIGENITI.

3493 404 3630 459 127:8

340 543 439 597 καὶ
489 543 759 615 σώματος,
816 542 905 595 καί
955 542 1061 595 ἀπὸ
1111 541 1277 612 μόνης
1312 540 1499 597 αὐτοῦ
1540 541 1637 609 τῆς
1701 537 1923 608 σαρκός.

2043 541 2161 603 lem,
2204 555 2269 596 ex
2311 542 2518 605 anima,
2550 540 2790 609 inquam,
2820 543 2874 591 et
2908 546 3142 602 corpore
3180 537 3547 591 constantem,
3574 536 3628 580 et

414 723 471 777 Β.
518 723 802 792 Σύμφημι·
837 722 1016 790 λέγεις
1043 723 1151 793 γὰρ
1180 722 1375 793 ὀρθῶς.

410 817 474 870 Α.
520 816 769 884 Γέγραφε
803 817 858 869 δέ
896 833 1000 869 που
1048 816 1140 869 καὶ
1192 818 1219 868 6
1268 815 1430 883 σοφὸς
1472 817 1603 886 ἡμῖν
1653 814 1925 885 Ἰωάννης,

341 907 422 959 ὅτι
470 925 487 957 ι
530 906 708 958 Πολλὰ
758 907 857 976 μὲν
916 904 1009 960 οῦν
1055 908 1147 960 καὶ
1186 906 1321 960 ἄλλα
1356 909 1558 978 σημεῖα
1595 908 1853 978 ἐποίησεν
1901 909 1929 960 6

356 996 562 1067 Ἰησοῦς
606 997 837 1053 ἐνώπιον
887 999 994 1052 τῶν
1045 997 1302 1069 μαθητῶν
1340 1000 1526 1060 αὑτοῦ,
1576 998 1612 1053 ἃ.
1661 1001 1761 1052 οὐκ
1810 1000 1929 1052 ἔστι

344 1088 705 1159 γεγραμμένα
744 1090 801 1141 tv
845 1090 922 1159 τῷ
959 1088 1149 1160 βιϐλίῳ
1182 1090 1376 1159 τούτῳ.
1410 1088 1596 1142 Ταῦτα
1626 1090 1680 1143 δὲ
1721 1090 1927 1159 γέγρα-

341 1192 491 1240 πται,
531 1178 618 1230 [va
682 1179 970 1249 πιστεύητε
1010 1179 1093 1231 δτι
1144 1178 1349 1249 Ἰησοῦς
1398 1179 1545 1230 ἐστιν
1576 1180 1603 1231 6
1633 1177 1869 1249 Χριστὸς
1902 1179 1929 1230 6

342 1270 468 1333 Υἱὸς
517 1270 610 1324 τοῦ
660 1270 795 1324 Θεοῦ
836 1271 929 1324 τοῦ
982 1271 1203 1335 ζῶντος,
1253 1271 1345 1324 καὶ
1394 1271 1480 1324 ἵνα
1534 1269 1928 1334 πιστεύσαντες

339 1358 484 1430 ζωὴν
518 1359 678 1432 ἔχητε
713 1362 773 1414 tv
800 1360 877 1430 τῷ
908 1362 1133 1432 ὀνόματι
1171 1362 1360 1415 αὐτοῦ.
1410 1381 1427 1414 ι
1465 1362 1851 1432 Κατατεθήποι
1885 1361 1931 1414 δ’

338 1451 403 1503 ἄν
436 1468 521 1516 τις
569 1453 628 1506 οὐ
695 1454 846 1522 μεῖον
904 1455 998 1507 καὶ
1048 1455 1139 1507 τὸν
1194 1454 1482 1509 θεσπέσιον
1535 1457 1738 1527 Πέτρον
1802 1456 1931 1508 Ἰου-

339 1539 506 1603 δαίοις
540 1543 1045 1615 προσπεφωνηκότα
1080 1544 1269 1613 σαφῶς
1302 1546 1396 1597 καὶ
1412 1545 1740 1615 ἀναφανδόν·
1765 1545 1933 1615 «Ἀρ-

339 1649 526 1701 χοντες
550 1631 643 1686 τοῦ
674 1634 803 1688 λαοῦ
844 1636 941 1687 καὶ
981 1636 1365 1707 πρεσϐύτεροι,
1404 1640 1452 1690 εἰ
1485 1640 1647 1708 ἡμεῖς
1688 1639 1930 1709 σήμερον

339 1730 748 1801 ἀνακρινόμεθα
800 1734 892 1785 ἐπὶ
943 1732 1265 1803 εὐεργεσίαν
1305 1732 1596 1803 ἀνθρώπου
1644 1733 1927 1799 ἀσθενοῦς,

340 1825 395 1876 ἑν
430 1824 539 1876 τίνι
585 1817 739 1887 οὗτος
794 1826 1084 1891 σέσωσται,
1118 1827 1361 1896 γνωστὸν
1393 1827 1534 1880 ἔστω
1577 1829 1743 1881 πᾶσιν
1776 1828 1927 1897 ὑμῖν,

342 1914 433 1967 καὶ
469 1917 629 1969 παντὶ
656 1917 737 1987 τῷ
774 1918 888 1987 λαῷ
934 1919 1170 1991 Ἰσραὴλ,
1206 1920 1287 1971 δτι
1334 1920 1391 1972 ὲν
1430 1919 1504 1988 τῷ
1535 1919 1761 1991 ὀνόματι
1826 1920 1928 1988 Ἰη-
1962 1898 2005 1957 Β

341 2006 434 2059 σοῦ
493 2008 729 2079 Χριστοῦ
780 2011 873 2063 τοῦ
930 2010 1272 2081 Ναζωραίου,
1318 2012 1377 2063 ὃν
1438 2012 1593 2081 ὑμεῖς
1647 2012 1927 2081 ἐσταυρώ-

342 2116 492 2161 σατε,
525 2099 583 2151 ὃν
616 2103 643 2152 ὁ
681 2102 814 2164 Θεὸς
841 2102 1064 2173 ἤγειρεν
1097 2105 1159 2155 ἐκ
1200 2106 1431 2175 νεκρῶν,
1475 2107 1532 2157 tv
1565 2103 1742 2173 τούτῳ
1774 2097 1929 2167 οὗτος

340 2191 684 2262 παρέστηκεν
711 2193 942 2247 ἐνώπιον
985 2196 1137 2265 ὑμῶν
1168 2198 1347 2265 ὑγιής.
1392 2215 1407 2246 ι
1450 2198 1560 2250 Καὶ
1604 2194 1723 2265 μεθ’
1766 2194 1930 2265 ἕτερα

341 2280 501 2334 πάλιν
526 2298 537 2311 ⁸
578 2302 596 2333 ι
635 2284 745 2336 Καὶ
775 2286 875 2339 οὐκ
912 2285 1061 2340 ἐστιν
1095 2291 1153 2341 tv
1181 2289 1325 2357 ἄλλῳ
1357 2290 1532 2342 οὐδενὶ
1577 2292 1610 2360 ὴ
1661 2287 1925 2359 σωτηρία.

339 2375 477 2427 Οὐδὲ
525 2376 632 2447 γὰρ
683 2377 853 2448 ὄνομα
895 2379 1083 2450 ἔτερόν
1131 2383 1276 2434 ἐστιν
1323 2382 1427 2434 ὑπὸ
1472 2383 1564 2435 τὸν
1610 2382 1841 2452 οὐρανὸν
1870 2380 1932 2433 τὸ

337 2467 617 2539 δεδομένον
664 2473 721 2523 tv
755 2471 1083 2542 ἀνθρώποις,
1118 2474 1176 2525 ὲν
1209 2468 1251 2539 ᾧ
1294 2473 1374 2525 δεῖ
1422 2474 1661 2544 σωθῆναι
1695 2475 1863 2544 ἡμᾶς.
1906 2491 1923 2523 ι

339 2562 433 2625 Τίς
465 2559 558 2617 οῦν
602 2564 709 2634 ἄρα
742 2566 910 2632 ἐστὶν,
941 2568 969 2619 6
1012 2568 1107 2619 καὶ
1140 2566 1371 2621 θάνατον
1407 2568 1627 2632 ὑποδὺς,
1667 2568 1760 2620 καὶ
1797 2570 1930 2637 ἐγη-

339 2653 603 2725 γερμένος
641 2656 698 2707 tv
726 2656 875 2727 δόξῃ,
904 2659 999 2712 καὶ
1044 2659 1108 2710 ὲκ
1157 2656 1431 2728 Ναζαρὲτ,
1483 2661 1530 2711 εἰ
1578 2660 1654 2729 μὴ
1716 2657 1928 2729 Ἰησοῦς

339 2745 593 2816 Χριστὸς,
626 2748 927 2815 τουτέστιν,
979 2751 1007 2802 6
1060 2750 1169 2820 πρὸ
1222 2750 1423 2813 παντὸς
1473 2750 1573 2819 μὲν
1620 2750 1819 2814 αἰῶνος
1867 2752 1932 2804 ὲκ

340 2836 554 2908 Πατρὺς
580 2839 906 2911 ἀπορρήτως
943 2843 1338 2913 γεγεννημένος
1375 2882 1387 2906 ,
1434 2843 1491 2894 tv
1520 2842 1577 2894 δέ
1609 2859 1670 2909 γε
1712 2842 1789 2912 τῷ
1818 2843 1928 2895 λοι-

339 2925 451 2997 σθῳ
486 2929 582 2981 καὶ
627 2930 708 2991 εἰς
758 2929 928 3000 πέρας
972 2930 1160 3000 ἥκοντι
1204 2928 1297 2981 τοῦ
1348 2929 1545 2992 αἰῶνος
1604 2928 1801 2998 καιρῷ,
1838 2929 1930 2981 καὶ

340 3020 669 3091 σωματικῶς
703 3022 769 3075 ἐκ
796 3023 1078 3091 γυναικὸς;
1120 3022 1177 3076 Ὀ
1219 3021 1402 3074 πίστιν
1442 3018 1535 3074 οὖν
1576 3022 1685 3091 ἄρα
1717 3022 1815 3091 τὴν
1850 3022 1930 3084 εἰς

340 3113 501 3166 αὑτὸν
531 3114 909 3185 προσιέμενος,
958 3115 1127 3185 γέρας
1175 3115 1463 3168 ἀποίσεται
1520 3116 1581 3167 τὸ
1626 3115 1928 3185 ἐξαίρετον·

339 3205 756 3276 διακεκλήσεται
800 3206 909 3277 γὰρ
952 3206 1064 3270 υἱὸς
1110 3206 1245 3259 Θεοῦ
1271 3222 1285 3236 ·
1339 3227 1356 3257 ι
1392 3208 1545 3259 Ὅσοι
1586 3207 1693 3277 γὰρ
1739 3204 1930 3260 ἔλαϐον

340 3296 524 3357 αὐτὸν,
563 3298 762 3351 ἔδωκεν
794 3299 976 3363 αὐτοῖς
1004 3300 1276 3365 ἐξουσίαν,
1312 3301 1468 3370 φησι,
1492 3300 1656 3353 τέκνα
1677 3299 1814 3353 Θεοῦ
1842 3315 1933 3363 γε-

340 3391 549 3457 νέσθαι,
582 3392 761 3445 οἳοούκ
791 3392 849 3459 ἐξ
880 3394 1151 3463 αἱμάτων,
1194 3395 1316 3445 οὐδὲ
1355 3395 1418 3447 ἐκ
1465 3392 1768 3464 θελήματος
1803 3410 1933 3462 σαρ-

344 3486 458 3550 κὸς,
498 3486 619 3539 οὐδὲ
666 3488 730 3540 ὲκ
772 3486 1077 3558 θελήματος
1116 3487 1326 3556 ἀνδρὸς,
1356 3487 1471 3540 ἀλλ’
1512 3489 1575 3541 ἐκ
1604 3484 1739 3540 Θεοῦ
1783 3488 1934 3555 ἐγεν-

342 3579 606 3649 νήθησαν.
666 3599 683 3631 ι
746 3580 863 3633 Ἵνα
902 3580 1008 3653 γὰρ
1054 3580 1278 3649 γένηται
1322 3580 1618 3649 πρωτεύων
1672 3581 1729 3633 tv
1770 3580 1934 3632 πᾶσιν

343 3672 525 3735 αὐτὸς,
561 3670 705 3724 καθὰ
737 3670 1070 3742 γέγραπται,
1107 3672 1433 3741 γεγέννηται
1488 3672 1585 3742 μὲν
1628 3672 1716 3725 διὰ
1744 3689 1934 3741 γυναι-

346 3762 459 3825 κός.
504 3762 722 3833 Ἐπειδὴ
752 3763 808 3815 δέ
838 3765 986 3817 ἐστιν
1036 3764 1260 3835 ἀπαρχὴ
1306 3764 1405 3831 τῆς
1438 3765 1937 3836 ἀναμορφουμένης

347 3854 578 3917 κτίσεως
606 3855 671 3908 δι’
699 3856 973 3926 ἀγιασμοῦ
1006 3856 1141 3928 πρὸς
1168 3856 1324 3921 Θεὸν,
1344 3858 1439 3911 καὶ
1475 3858 1579 3928 πρό
1610 3874 1671 3925 γε
1707 3857 1815 3910 τῶν
1840 3857 1934 3911 ἄλ·

347 3946 453 3999 λων
501 3948 665 4011 αὐτὸς
699 3950 923 4018 γενητὸς
956 3949 1171 4020 ἐδείχθη
1221 3949 1563 4019 Πνεύματος,
1600 3951 1698 4020 τὴν
1744 3948 1939 4019 ἀνδρός

347 4056 405 4092 τε
437 4040 535 4093 καὶ
561 4040 819 4108 γυναικὸς
863 4040 1272 4111 ὑπερθρώσκων
1307 4041 1541 4107 σύνοδον,
1577 4041 1667 4095 καὶ
1697 4042 1798 4095 οὐκ
1824 4042 1941 4095 ἀτι-

353 4134 450 4204 μίᾳ
480 4135 573 4186 καὶ
607 4135 783 4205 μῶμῳ
828 4133 1209 4199 καταδικάζων
1238 4134 1337 4201 τὴν
1380 4134 1543 4203 φύσιν
1592 4134 1792 4203 (τίμιος
1831 4134 1940 4205 γὰρ

348 4222 377 4273 6
408 4223 604 4292 γάμος,
637 4223 731 4276 καὶ
763 4224 791 4274 6
826 4223 1038 4287 πλάσας
1072 4224 1347 4295 ἀπαρχῆς,
1382 4224 1549 4295 ἄρσεν
1576 4224 1669 4277 καὶ
1686 4224 1819 4294 θῆλυ
1846 4242 1940 4278 πε-

353 4315 579 4386 ποίηκεν
626 4316 868 4380 αὐτοὺς),
909 4317 1045 4372 ἀλλὰ
1074 4317 1151 4388 τῷ
1203 4317 1411 4387 μείζονι
1450 4318 1545 4371 καὶ
1593 4317 1943 4388 ἁσυγκρὶτως
1986 4329 2001 4342 ’

352 4408 734 4479 ῦπερκειμένῳ
792 4412 1115 4479 προσνέμων
1165 4411 1265 4481 ἤδη
1322 4429 1438 4475 πως
1484 4411 1551 4464 τὰ
1598 4409 1941 4479 ἀνθρώπινα.

352 4500 649 4571 Γεννητοὺς
703 4502 808 4572 γὰρ
856 4503 1197 4572 Πνεύματος,
1252 4505 1350 4557 οὐκ
1404 4502 1636 4573 ἀνδρῶν,
1689 4502 1837 4573 ἡμᾶς
1862 4502 1942 4555 ἔτι

2034 650 2097 687 ex
2129 632 2243 687 sola
2285 633 2460 701 ipsius
2504 644 2689 687 carne.

2105 725 2163 777 Β.
2210 726 2512 779 Asseutior.
2549 724 2717 777 Recte
2750 720 2893 777 enim
2929 720 3088 774 dicis.

2103 818 2167 870 Α.
2197 815 2402 872 Scribit
2434 832 2566 871 vero
2597 815 2762 871 etiam
2796 812 2923 867 alibi
2954 811 3174 877 sapiens
3210 805 3301 861 illc
3343 803 3623 860 Joannes:

2036 928 2056 962 ι
2091 910 2256 964 Multa
2295 910 2513 979 quidem
2560 918 2615 963 et
2660 907 2764 960 alia
2808 906 2961 975 signa
3012 903 3138 958 fecit
3177 898 3336 956 Jesus
3393 898 3445 952 in
3497 910 3631 951 con-

2034 1014 2222 1075 spectu
2253 1002 2642 1072 discipulorum
2678 1013 2930 1061 suorum,
2959 1011 3080 1067 qua:
3116 1008 3224 1049 non
3261 1002 3389 1048 sunt
3421 990 3629 1057 scripta

2036 1096 2087 1151 in
2122 1097 2261 1151 libro
2290 1096 2413 1149 hoc.
2454 1093 2577 1147 Haec
2611 1102 2796 1147 autem
2841 1089 3045 1158 scripta
3099 1095 3249 1147 sunt,
3281 1093 3338 1137 ut
3386 1080 3626 1136 credatis

2035 1184 2164 1252 quia
2196 1182 2354 1239 Jesus
2379 1191 2463 1237 est
2486 1181 2656 1236 Filius
2685 1180 2776 1234 Dei
2806 1179 2937 1243 vivi,
2968 1188 3021 1232 et
3050 1187 3107 1230 ut
3134 1175 3424 1230 credentes
3459 1172 3625 1225 vitam

2037 1274 2281 1330 habeatis
2317 1276 2367 1328 in
2404 1275 2625 1328 nomine
2658 1273 2832 1341 ipsius
2862 1272 2925 1324 ⁸⁷.
2972 1290 2989 1321 ι
3026 1267 3343 1322 Admiretur
3378 1279 3504 1318 vero
3540 1264 3634 1315 ali-

2035 1367 2157 1434 quis
2199 1380 2303 1419 non
2332 1364 2513 1420 minus
2550 1364 2795 1418 divinum
2832 1361 3074 1424 Petrum,
3108 1360 3173 1413 ad
3212 1357 3433 1412 Judaeos
3467 1370 3628 1424 aper-

2037 1469 2088 1515 te
2130 1460 2203 1514 ita
2242 1461 2588 1529 loquentem:
2623 1478 2641 1511 ι
2682 1457 2967 1526 Principes
3000 1454 3210 1525 populi,
3250 1462 3305 1506 et
3336 1450 3583 1506 scuiom
3615 1490 3629 1511 ,

2034 1552 2079 1604 si
2123 1565 2220 1605 nos
2281 1551 2440 1604 hodie
2487 1550 2803 1619 iudicamur
2851 1548 2903 1601 in
2944 1545 3233 1601 benelacto
3268 1542 3509 1597 hominis
3548 1542 3634 1593 in-

2038 1642 2204 1707 lirmi,
2257 1644 2307 1697 in
2346 1657 2453 1712 quo
2492 1644 2595 1697 iste
2623 1642 2806 1697 salvus
2849 1640 3025 1694 factus
3050 1648 3154 1701 est,
3190 1646 3377 1690 notum
3413 1636 3482 1688 sit
3515 1649 3634 1687 out—

2038 1735 2201 1791 nibus
2234 1737 2411 1799 vobis,
2455 1745 2510 1791 et
2540 1736 2687 1791 omni
2726 1734 2869 1803 plebi
2910 1732 3100 1795 Israel,
3148 1731 3275 1799 quia
3324 1728 3375 1780 in
3413 1725 3633 1781 nomine

2038 1828 2253 1881 Domini
2301 1828 2475 1882 nostri
2530 1826 2657 1882 Jesu
2710 1825 2919 1881 Christi
2983 1821 3274 1885 Nazareni,
3321 1835 3483 1889 quem
3536 1835 3634 1871 vos

2035 1919 2420 1983 crueiiixistis,
2452 1932 2615 1986 quem
2665 1916 2808 1970 Deus
2855 1915 3145 1970 suscitavit.
3192 1927 3222 1964 a
3272 1909 3525 1972 mortuis,
3576 1912 3630 1962 in

2036 2011 2138 2065 hoc
2163 2009 2264 2063 iste
2290 2018 2431 2064 astat
2470 2008 2621 2062 vobis
2655 2021 2821 2062 sanus
2856 2005 2922 2059 ⁸⁸.
2963 2024 2979 2056 ι
3015 2004 3082 2059 Ει
3116 2001 3277 2073 paulo
3306 2011 3426 2071 post
3459 2019 3471 2053 :
3512 2019 3530 2051 ι
3567 1999 3631 2055 Et

2036 2118 2140 2157 non
2171 2111 2258 2157 est
2286 2106 2338 2154 in
2377 2100 2483 2155 alio
2510 2101 2694 2170 aliquo
2740 2099 2911 2153 salus.
2959 2096 3147 2167 Neque
3180 2096 3326 2150 enim
3362 2108 3447 2148 εει
3481 2092 3632 2148 aliud

2036 2210 2231 2250 nomen
2264 2194 2365 2249 sub
2397 2196 2538 2247 caelo
2571 2193 2759 2245 datum
2795 2189 3129 2253 hominibus,
3170 2190 3223 2242 in
3244 2202 3350 2257 quo
3380 2194 3635 2256 oporteat

2035 2301 2135 2341 nos
2177 2286 2359 2341 salvos
2408 2286 2523 2340 ﬂeri
2572 2286 2637 2339 ".
2696 2304 2712 2336 ι
2753 2284 3018 2351 Quisnam
3073 2281 3239 2350 igitur
3284 2288 3388 2344 est,
3438 2277 3527 2346 qui
3580 2285 3636 2332 et

2037 2388 2267 2432 mortem
2314 2377 2450 2431 obiit
2488 2384 2541 2430 et
2577 2375 2877 2429 resurrexit
2912 2374 2966 2427 in
3000 2371 3195 2440 gloria,
3229 2377 3394 2439 atque
3429 2385 3495 2423 ex
3525 2365 3635 2421 Na-

2043 2470 2256 2534 zareth,
2285 2469 2385 2522 nisi
2420 2466 2580 2523 Jesus
2611 2466 2883 2529 Christus,
2914 2463 3016 2519 hoc
3040 2474 3144 2530 est,
3178 2466 3269 2533 qui
3302 2473 3427 2517 ante
3451 2463 3634 2516 omnia

2035 2562 2229 2617 srecula
2287 2577 2353 2615 ex
2404 2561 2566 2615 Patre
2611 2557 2959 2614 ineil‘abiliter
3015 2558 3234 2625 genitus
3268 2557 3386 2611 est?
3426 2555 3637 2611 Ultimo

2036 2669 2164 2709 vero
2208 2662 2262 2709 et
2316 2656 2383 2708 ad
2437 2655 2643 2709 exitum
2695 2663 2957 2722 vergente
2990 2652 3314 2706 saeculorum
3368 2661 3634 2719 tempore,

2035 2748 2397 2813 corporaliter
2442 2748 2608 2801 etiam
2660 2760 2722 2801 ex
2780 2744 3002 2816 Virgine
3047 2754 3209 2798 natus
3244 2754 3348 2798 est.
3404 2742 3639 2797 l‘roindo

2035 2842 2125 2908 qui
2161 2840 2212 2892 in
2243 2840 2418 2909 ipsum
2449 2840 2643 2904 credit,
2671 2838 2933 2894 eximium
2957 2837 3242 2907 praemium
3277 2834 3509 2899 auferet;
3540 2851 3635 2887 vn-

2036 2929 2247 2983 cabitur
2298 2931 2443 2984 enim
2506 2929 2647 2983 filius
2690 2930 2804 2985 Dei.
2841 2949 2857 2980 ι
2893 2928 3172 2997 Quotquot
3214 2927 3361 2983 enim
3408 2941 3639 2994 accepe-

2038 3031 2162 3075 runt
2201 3036 2348 3083 eum,
2382 3022 2532 3076 dedit
2576 3022 2659 3078 eis
2707 3029 3055 3089 potestatem,
3110 3020 3311 3089 inquit,
3364 3020 3502 3074 Iilios
3541 3018 3634 3072 Dei

2038 3114 2174 3177 lieri,
2192 3115 2281 3182 qui
2302 3130 2407 3169 non
2428 3128 2492 3169 ex
2512 3114 2893 3183 sanguinihus,
2922 3128 3099 3183 neque
3123 3127 3188 3167 ex
3218 3113 3496 3166 voluntate
3516 3126 3637 3164 ear-

2041 3204 2143 3267 nis,
2175 3220 2349 3273 neque
2369 3220 2436 3259 ex
2458 3204 2733 3259 voluntate
2752 3206 2876 3270 viri,
2902 3206 2997 3259 sed
3020 3220 3085 3259 ex
3109 3206 3217 3259 Deo
3245 3203 3354 3257 nati
3378 3213 3506 3256 sunt
3528 3201 3595 3253 ".
3614 3220 3631 3248 ι

2039 3298 2170 3352 Nam
2247 3308 2305 3353 ut
2385 3298 2478 3352 fiat
2556 3299 2850 3367 primatum
2931 3307 3126 3353 tenens
3217 3298 3270 3351 in
3339 3299 3636 3357 omnibus,

2038 3392 2175 3444 sicut
2206 3389 2469 3460 scriptum
2495 3389 2663 3453 est",
2686 3398 2845 3443 natus
2870 3390 3087 3457 quidem
3119 3400 3291 3443 estex
3320 3389 3636 3442 muliere”.

2037 3485 2171 3539 Cum
2209 3500 2337 3539 vero
2389 3484 2460 3538 sit
2517 3483 2769 3551 primitia:
2802 3483 2850 3514 ⁸³
2884 3492 3153 3537 creaturas
3204 3481 3513 3535 reformata:
3570 3480 3639 3531 ad

2041 3576 2205 3630 Deum
2240 3591 2338 3645 per
2387 3575 2906 3639 sanctiﬁcationem,
2947 3575 3065 3643 ipse
3112 3574 3279 3628 etiam
3328 3581 3456 3625 ante
3501 3572 3641 3625 alios

2042 3680 2198 3722 natus
2236 3683 2302 3721 ex
2366 3667 2573 3737 Spiritu
2622 3666 2936 3721 declaratus
2984 3677 3090 3729 est,
3142 3666 3241 3718 viri
3294 3674 3348 3719 et
3397 3662 3640 3716 mulieris

2040 3774 2392 3829 congressum
2424 3760 2742 3826 excedens;
2778 3774 2884 3812 non
2935 3758 3082 3828 quod
3118 3769 3369 3810 naturam
3404 3756 3641 3825 alicujus

2043 3852 2324 3906 dedecoris
2355 3859 2448 3905 aut
2475 3852 2609 3905 labis
2636 3861 2851 3904 notaret
2887 3867 2947 3904 ac
2980 3852 3264 3903 danmaret
3291 3848 3636 3916 (honoranda

2043 3944 2189 3998 enim
2262 3960 2347 3998 res
2388 3952 2477 3997 est
2525 3943 2861 4013 conjugium,
2909 3951 2964 3996 et
3012 3941 3105 4011 qui
3162 3942 3435 3995 hominem
3491 3942 3644 3994 initio

2043 4036 2269 4100 ereavit,
2302 4035 2603 4091 masculum
2653 4044 2708 4091 et
2750 4034 3007 4090 feminam
3041 4032 3171 4089 fecit
3200 4033 3321 4088 illos
3344 4034 3435 4103 "),
3477 4032 3640 4103 705

2045 4126 2139 4181 sed
2172 4130 2316 4195 quod
2338 4126 2452 4195 jam
2488 4128 2723 4181 humana
2770 4128 3031 4195 majorem
3085 4137 3249 4197 atque
3297 4128 3642 4197 incompara—

2045 4222 2229 4277 biliter
2253 4220 2700 4276 excellentiorem
2727 4221 2775 4275 ei
2820 4220 3107 4275 tribueret.
3149 4218 3318 4273 Natos
3350 4222 3494 4274 enim
3548 4236 3646 4273 no.

2047 4329 2110 4369 ex
2146 4315 2366 4384 spiritu,
2406 4329 2513 4369 non
2541 4328 2606 4367 ex
2638 4312 2772 4367 viris
2792 4326 3110 4383 nuncupare
3139 4311 3325 4367 voluit.
3365 4330 3381 4361 ι
3412 4311 3643 4369 Idcirco.

2048 4406 2287 4475 Patrem,
2328 4406 2525 4477 inquit,
2562 4405 2730 4460 nolite
2763 4419 2960 4459 vocare
3004 4404 3158 4459 vobis
3202 4418 3367 4475 super
3400 4412 3600 4458 terram
3630 4423 3641 4455 ;

2048 4514 2187 4553 unus
2228 4508 2313 4554 est
2358 4496 2503 4553 enim
2553 4497 2715 4551 Pater
2760 4507 2964 4561 vester,
3017 4498 3108 4565 qui
3151 4497 3205 4550 in
3253 4497 3411 4550 ctelis
3445 4506 3531 4549 est
3574 4495 3639 4545 ’³.

353 4596 711 4667 χρηματίζειν
750 4595 930 4665 ἠθελε.
980 4616 996 4646 ι
1056 4597 1165 4649 Καὶ
1199 4595 1350 4663 γοῦν,
1386 4596 1626 4667 Πατέρα,
1664 4598 1819 4666 φησι,
1867 4598 1937 4668 μὴ

2050 4593 2253 4647 Omnes
2283 4600 2466 4645 autem
2508 4606 2606 4645 vos
2656 4588 2858 4644 fratres
2891 4589 3026 4645 estis
3074 4587 3140 4642 ".
3182 4607 3198 4639 ι
3242 4587 3645 4655 lrreprehenst-

356 4687 622 4758 καλέσητε
653 4687 807 4757 ὑμῶν
851 4688 944 4740 ἐπὶ
969 4688 1064 4757 τῆς
1090 4686 1193 4757 γῆς
1215 4704 1227 4716 ’
1266 4682 1346 4751 εἷς
1378 4689 1487 4760 γάρ
1517 4689 1665 4741 ἐστιν
1692 4692 1719 4743 ὁ
1754 4690 1946 4761 Πατὴρ

357 4781 485 4851 ὑμῖν
517 4783 546 4833 6
592 4780 880 4850 οὐράνιος·
920 4782 1121 4844 πάντες
1168 4780 1227 4834 δὲ
1271 4782 1428 4851 ὑμεῖς
1483 4782 1700 4850 ἀδελφοί
1735 4784 1878 4836 ἐστε.
1925 4802 1942 4835 ι

358 4871 566 4925 Οὐκοῦν
596 4872 897 4943 ἀμώμητον
932 4872 1209 4934 παντελῶς
1252 4874 1313 4925 τὸ
1343 4873 1621 4927 πιστεύειν
1654 4877 1730 4939 εἰς
1760 4876 1944 4940 αὑτὸν,

362 4965 560 5035 μᾶλλον
591 4966 647 5019 δὲ
675 4966 769 5019 καὶ
892 4965 1001 5018 τῶν
1038 4966 1530 5037 πλημμελημάτων
1555 4970 1834 5041 ἀμνηστίᾳ
1864 4987 1949 5023 τε-

357 5058 604 5129 τίμηται.
653 5059 861 5130 Γράφει
890 5059 998 5130 γὰρ
1028 5055 1129 5112 ὦδε
1172 5060 1333 5113 πάλιν
1363 5063 1389 5113 6
1417 5060 1666 5131 ἔκκριτος
1700 5060 1910 5124 Παῦλος
1931 5078 1943 5091 ·

366 5173 383 5205 ι
428 5152 643 5217 Εἰδότες
686 5153 742 5206 δὲ
771 5154 853 5205 δτι
888 5153 947 5205 οὐ
979 5150 1279 5206 δικαιοῦται
1334 5153 1619 5224 ἅνθρωπος
1664 5154 1723 5219 ἐξ
1771 5154 1949 5225 ἔργων

361 5247 545 5319 νόμου,
569 5248 663 5301 ἐὰν
690 5248 764 5319 μὴ
792 5247 880 5300 διὰ
910 5248 1147 5309 πίστεως
1181 5248 1353 5317 Ἰησοῦ
1385 5246 1642 5318 Χριστοῦ,
1669 5249 1761 5300 καὶ
1791 5250 1951 5319 ἡμεῖς

363 5342 441 5404 εἰς
481 5341 715 5410 Χριστὸν
757 5339 963 5411 Ἰησοῦν
1002 5338 1424 5409 ἐπιστεύσαμεν.
1466 5358 1483 5391 ι
1526 5341 1871 5410 Κατοκνήσω
1894 5340 1950 5391 δὲ

363 5433 636 5503 οὐδαμῶς,
664 5433 802 5501 ὅπερ
842 5433 945 5501 ἤδη
990 5432 1203 5499 φθάσας
1245 5431 1399 5502 ἔφην,
1443 5432 1829 5500 ἀνακυκλήσας
1873 5433 1949 5485 ει-

365 5524 507 5589 πεῖν,
538 5528 617 5579 ὅτι
646 5524 879 5595 Χριστὸς
924 5526 1131 5595 Ἰησοῦς
1158 5526 1216 5577 οὐ
1251 5524 1453 5595 γυμνὸς
1486 5526 1581 5577 καὶ
1612 5524 1733 5578 καθ’
1761 5527 1953 5577 ἑαυτὸν

365 5617 395 5673 ὁ
419 5619 484 5673 ὲκ
513 5616 647 5671 Θεοῦ
679 5619 881 5672 νοεῖται
926 5618 1116 5685 Λόγος,
1151 5616 1262 5669 ἀλλ’
1305 5619 1391 5670 ὅτε
1428 5617 1729 5687 προσέλαϐε
1759 5618 1818 5670 τὸ
1858 5620 1949 5670 ἀντ

1122 5820 1167 5850 ³⁸
1199 5822 1311 5871 ,ιι-ι.
1350 5837 1417 5874 tv,
1454 5820 1601 5871 3-111.

1173 5894 1213 5923 ³³
1240 5892 1371 5947 Utrlt.
1411 5908 1446 5957 ι,
1483 5891 1568 5941 εῑ.

449 5822 491 5853 ⁸⁷
520 5822 676 5876 Joan.
712 5838 803 5883 xx,
829 5821 917 5880 50,
955 5819 1043 5871 51.

374 5907 443 5962 ιν,
479 5894 513 5951 ι.
602 5892 685 5947 ⁸³⁷1
722 5895 845 5949 (Lor.
883 5908 970 5957 λι,
1004 5893 1088 5945 ‘20.

1686 5819 1726 5847 η
1756 5816 1887 5867 ιὶιίιὶ.
1925 5817 2004 5878 11,
2052 5818 2131 5869 12.

1651 5892 1693 5913 π
1718 5891 1907 5943 Matth.
1951 5905 2099 5957 mn,
2135 5891 2186 5942 υ.

2051 4684 2157 4740 bile
2193 4684 2375 4753 itaque
2406 4697 2632 4751 prorsus
2668 4693 2754 4736 est
2784 4683 2837 4734 in
2872 4684 3048 4749 ipsum
3076 4680 3329 4735 credere.
3384 4678 3498 4733 lmo
3547 4695 3643 4748 po-

2050 4778 2155 4830 tius
2189 4783 2538 4846 peccatorum
2574 4771 2852 4827 ohlivloue
2910 4769 3046 4825 ﬁdes
3096 4770 3148 4823 in
3204 4770 3379 4839 ipsum
3416 4770 3635 4823 decora-

2051 4878 2137 4921 tur
2166 4877 2329 4935 atque
2379 4865 2718 4934 rependitur.
2749 4862 2828 4917 Ita
2876 4864 3023 4917 enim
3073 4862 3232 4917 nobis
3280 4862 3517 4917 eximius
3560 4862 3651 4917 illo

2054 4960 2252 5015 Paulus
2281 4959 2510 5013 scribit:
2545 4974 2564 5007 ι
2604 4954 2851 5010 Scieutes
2879 4956 3023 5024 quod
3055 4970 3163 5009 non
3188 4953 3523 5023 justiheatur
3556 4958 3652 5011 ho-

2057 5068 2145 5107 mo
2183 5068 2247 5105 ex
2277 5049 2537 5120 operibus
2582 5048 2739 5117 legis,
2783 5047 2887 5101 nisi
2930 5061 3026 5117 per
3063 5046 3227 5101 tidem
3261 5045 3389 5102 Jesu
3418 5049 3650 5111 Christi,

2053 5158 2106 5201 et
2150 5161 2249 5201 nos
2288 5144 2340 5198 in
2378 5143 2598 5198 Christo
2636 5140 2767 5196 Jesu
2801 5139 3133 5194 credidimus
3175 5138 3266 5192 "‘.
3309 5157 3326 5189 ι
3376 5142 3648 5195 Caeterum

2058 5255 2401 5309 nequaquam
2429 5236 2695 5307 gravabor
2728 5249 2790 5288 ea
2817 5249 2938 5302 (ιιιοιι
2972 5232 3147 5289 fusius
3176 5249 3205 5288 a
3238 5248 3323 5288 me
3360 5233 3508 5288 dicta
3529 5244 3656 5288 sunt

2058 5334 2109 5386 in
2140 5346 2409 5387 summam
2438 5329 2693 5398 colligere
2732 5346 2743 5381 :
2782 5327 3041 5382 nimirum
3078 5328 3220 5396 quod
3265 5326 3517 5381 Christus
3549 5342 3654 5380 non

2057 5426 2127 5479 sit
2168 5426 2372 5479 nudum
2411 5439 2476 5476 ac
2503 5438 2598 5491 per
2641 5436 2700 5476 se
2728 5436 2793 5476 ex
2838 5419 2997 5475 Patre
3036 5420 3339 5489 procedens
3375 5418 3608 5473 Verbum
3641 5440 3649 5468 :

2060 5518 2156 5573 sed
2182 5516 2480 5585 assumpsit
2518 5513 2916 5567 humanitatem
2970 5520 3024 5563 et
3072 5526 3239 5564 carne
3271 5510 3517 5563 indutum
3550 5522 3653 5570 est,

2063 5622 2227 5679 atque
2256 5608 2326 5662 ita
2357 5622 2416 5661 se
2445 5606 2733 5659 habentem
2763 5612 2926 5671 atque
2970 5610 3346 5670 apparentem,
3397 5598 3658 5653 formam-

2213 5811 2435 5866 τ’0.1ιιιιιι.
2474 5825 2508 5862 ι.
2553 5808 2633 5871 l2,
2672 5806 2753 5860 15.
2832 5804 2870 5833 τ’·
2904 5799 3111 5871 (ioloss.
3150 5814 3186 5863 ι,
3234 5800 3313 5857 l8.
3410 5802 3454 5829 ”
3481 5798 3658 5856 Calai.

2266 5886 2309 5909 ’ί
2341 5882 2469 5936 ibid.
2500 5883 2551 5937 8.
2625 5869 2715 5909 π’
2747 5875 2922 5931 (ialal.
2957 5887 3013 5940 tt,
3055 5869 3134 5924 Ib.
