4036 6336
464 379 603 435 1255

1452 379 1505 431 ὃ.
1548 377 1822 433 (λιίιιιιι
1860 375 2327 432 Διί-ΣΧΛΝυΗΙΝΙ
2367 376 2680 433 AllL'llllii'.

3574 375 3715 431 12513

458 500 667 572 lnqult,
716 516 817 555 non
875 501 1011 556 facio
1042 516 1204 570 opera
1259 501 1434 556 Patris
1460 502 1596 567 mei,
1650 502 1807 575 703
1866 502 2015 557 nolitt‘

2129 502 2195 557 τὲ
2219 501 2354 575 ἔργα
2384 502 2476 556 τοῦ
2517 502 2725 572 Πατρός
2752 494 2873 571 μάν,
2901 500 3055 571 φησὶ,
3084 501 3160 570 μὴ
3185 496 3469 552 πιστεύετὲ
3508 513 3620 565 μοι.
3646 496 3713 548 Et

456 595 678 648 credere
706 594 854 647 mihi.
884 593 938 647 Si
967 603 1146 650 autem
1177 592 1347 658 facio,
1384 604 1439 648 et
1468 595 1511 649 si
1545 594 1672 647 mihi
1712 609 1817 649 non
1865 593 2026 646 vultis

456 683 707 748 credere,
752 683 1003 752 operibus
1040 683 1173 739 meis
1219 684 1422 739 credite
1452 685 1516 735 ι’.
1552 702 1570 735 ι
1603 683 1773 738 Porro
1799 698 2025 739 censue-

454 777 555 831 rim
593 774 864 830 Christum
910 784 1019 829 tum
1068 776 1322 845 temporis
1351 776 1450 831 hoc
1482 776 1717 841 dixisse,
1751 776 1890 844 quod
1921 789 2025 828 non

456 868 645 923 inutile
685 868 736 921 id
781 868 893 921 fore
926 866 1105 922 sciret.
1144 868 1278 921 Cum
1321 866 1462 921 enim
1502 868 1872 922 existimarent
1921 880 2025 919 non

453 970 579 1014 esse
626 958 943 1013 naturaliter
1006 957 1203 1019 Deum,
1239 959 1330 1026 qui
1381 972 1476 1027 pro
1526 959 1677 1012 nobis
1716 957 2026 1012 incarnatus

455 1062 574 1107 erat
610 1071 622 1107 :
659 1054 750 1107 sed
778 1051 1091 1118 simpliciter
1127 1050 1326 1103 nudum
1371 1049 1678 1113 hominem,
1706 1050 1843 1105 sicut
1882 1064 2022 1115 nos;

456 1160 683 1215 eamque
732 1146 802 1199 ob
850 1158 1065 1198 causam
1122 1140 1361 1196 nonnulli
1400 1140 1558 1196 fidem
1596 1142 1643 1195 ei
1684 1142 2022 1211 derogarent,

456 1235 657 1291 utiliter
690 1249 755 1288 ac
794 1234 1099 1289 necessario
1134 1240 1331 1287 metum
1371 1231 1582 1288 illorum
1610 1232 2025 1299 tarditatemque

455 1328 520 1380 ad
594 1327 918 1381 credendum
987 1339 1326 1396 praeseeans,
1370 1336 1426 1378 et
1466 1334 1669 1379 natura:
1732 1325 2026 1381 divinitatis

452 1418 611 1473 tidem
644 1418 910 1480 tribuens,
954 1426 1205 1487 tauquam
1238 1417 1288 1470 in
1313 1431 1537 1487 persona
1584 1415 1759 1471 Patris
1790 1434 1806 1482 ;
1837 1424 1890 1471 et
1918 1430 2022 1471 non

454 1518 653 1563 nostra:
681 1508 967 1563 humilitati
1013 1508 1321 1572 ascribens,
1353 1508 1487 1562 dixit
1517 1524 1529 1559 :
1562 1526 1579 1559 ι
1622 1506 1721 1575 Qui
1761 1508 1929 1562 credit
1970 1511 2019 1561 in

452 1615 560 1662 ine,
589 1612 692 1654 non
726 1598 777 1653 in
814 1613 898 1653 me
923 1598 1115 1661 credit,
1148 1597 1240 1653 sed
1273 1597 1324 1651 in
1350 1612 1470 1650 eum
1497 1599 1583 1666 qni
1620 1597 1760 1651 misit
1792 1612 1874 1652 me
1896 1598 1961 1651 ³³³.
1999 1616 2016 1648 ι

454 1688 641 1745 Nonne
678 1690 780 1745 hoc
804 1690 1025 1757 perinde
1046 1697 1128 1744 est
1153 1702 1217 1742 ac
1243 1690 1287 1743 si
1317 1688 1459 1743 dicat
1491 1706 1501 1739 :
1535 1689 1578 1740 ()
1605 1704 1698 1742 vos
1726 1689 1815 1757 qui
1842 1688 2019 1743 verbis

380 1824 381 1827 η
453 1780 585 1834 nteis
643 1779 801 1834 ﬁdem
853 1778 1153 1841 adhibetis,
1192 1794 1295 1832 non
1357 1780 1556 1833 humile
1600 1788 1691 1832 aut
1752 1776 2017 1845 ahjectutn

449 1868 647 1938 aliquid
682 1868 747 1924 de
778 1883 861 1923 me
888 1869 1122 1938 cositate
1152 1888 1164 1922 :
1196 1868 1321 1938 quin
1364 1867 1538 1937 potius
1573 1869 1671 1920 hoc
1700 1881 2017 1935 persuasum

451 1961 671 2023 habete,
715 1960 855 2027 quod
903 1960 995 2027 qui
1038 1956 1167 2013 mihi
1214 1972 1371 2026 quem
1419 1957 1469 2011 in
1504 1971 1663 2011 carne
1714 1956 2023 2025 conspicitis

450 2052 809 2115 credideritis,
839 2066 944 2105 non
980 2052 1030 2104 in
1064 2050 1333 2105 hominem
1378 2047 1693 2117 simpliciter
1738 2048 2024 2102 credentes

449 2142 635 2206 eritis,
678 2146 770 2197 sed
816 2142 866 2195 in
925 2142 1096 2211 ipsum
1138 2139 1383 2204 Patrem,
1441 2154 1537 2208 per
1572 2154 1654 2192 me
1697 2136 1889 2193 Filium
1929 2141 2019 2209 qui

447 2233 808 2287 omnimodam
860 2232 1219 2300 mqualitatem
1276 2230 1797 2299 similitudinetnque
1851 2230 2022 2285 habeo

446 2343 568 2380 cum
602 2324 759 2380 Patre
792 2343 805 2379 :
840 2335 997 2393 atque
1033 2326 1346 2379 incarnatus
1391 2324 1604 2393 quidem
1634 2338 1751 2377 sum
1804 2336 2022 2394 propter

448 2433 562 2481 vos,
599 2416 964 2485 humilemque
994 2416 1250 2470 amictum
1293 2415 1422 2469 mihi
1488 2415 1679 2479 ascivi,
1711 2416 2020 2469 humanita-

447 2517 554 2562 tem
585 2511 874 2575 nimirum,
899 2507 1203 2577 :cqualitate
1233 2516 1407 2562 tamen
1450 2519 1652 2561 natura:
1674 2516 1726 2563 et
1750 2508 2019 2577 operatio-

448 2602 552 2666 nis,
584 2609 740 2671 atque
772 2601 1049 2657 identitate
1073 2601 1257 2671 gloriae
1285 2599 1674 2671 perfectissime
1708 2598 1849 2653 Patri
1872 2599 2020 2653 simi-

448 2690 515 2746 lis
543 2707 660 2746 sum
691 2706 753 2745 ae
793 2707 904 2760 par.

518 2782 578 2836 Β.
616 2783 689 2836 Ita
725 2784 954 2838 videtur.

517 2872 582 2921 Α.
612 2868 770 2937 Atqui
804 2870 909 2924 alio
932 2871 1095 2925 etiam
1121 2872 1279 2925 modo
1306 2872 1606 2943 intelligere
1634 2874 1809 2941 possis
1838 2873 2013 2943 ipsum

448 2963 605 3015 Iidem
636 2975 742 3015 non
771 2960 1119 3032 repellentem
1144 2981 1155 3015 :
1182 2964 1276 3017 sed
1300 2965 1504 3031 absque
1528 2964 1708 3033 aliqua
1747 2965 2014 3019 divisione

446 3062 608 3120 atque
630 3050 932 3106 dili'erentia
970 3053 1316 3122 recipientem
1352 3054 1522 3121 ipsam
1559 3053 1611 3107 in
1642 3055 1860 3125 prepria
1888 3070 2013 3123 per-

2129 594 2183 647 si
2208 594 2366 660 ποιῶ,
2393 595 2497 649 κᾶν
2519 596 2641 664 ἐμοὶ
2679 593 2753 665 μὴ
2794 592 3109 661 πιστεύητε,
3132 593 3245 653 τοῖς
3268 588 3455 659 ἔργοις
3485 605 3588 657 μου
3622 604 3715 640 πι-

2134 686 2373 739 στεύετε.
2397 706 2416 739 ι
2440 687 2608 741 Φάναι
2644 686 2700 739 δὲ
2735 681 2888 755 οἶμαι
2913 686 3071 739 ταυτὶ
3093 684 3153 737 τὸ
3170 678 3423 753 τηνικάδε
3454 679 3711 749 Χριστὸν,

2129 777 2224 829 οὑκ
2269 777 2558 841 ἀσυντελὲς
2602 778 2681 840 εἰς
2720 774 2905 845 δνησιν
2946 774 3125 827 εἰδότα
3157 772 3219 826 τὸ
3264 766 3713 842 χρῆμαυεπειδὴ

2128 868 2235 935 γὰρ
2264 866 2430 937 ᾤοντο
2457 867 2587 921 Θεὸν
2616 868 2711 937 μὲν
2732 867 2833 920 οὐκ
2850 861 2989 918 εἶναι
3014 864 3156 921 κατὰ
3176 862 3335 933 φύσιν
3356 861 3446 915 τὸν
3470 860 3536 912 δι’
3559 860 3711 930 ἡμᾶς

2133 957 2783 1029 ἐιιηνθριοπηκότα,ψιλὸν
2806 958 2863 1010 δὲ
2887 957 3072 1020 ἁπλῶς
3092 956 3379 1026 ᾶνθρωπον
3401 950 3709 1021 καθ’ὴμᾶς.

2127 1048 2500 1117 ἁπαράδέκτόν
2554 1066 2613 1102 τε
2665 1048 2752 1102 διὰ
2795 1048 2953 1101 τοῦτο
3013 1046 3114 1115 τὴν
3176 1045 3264 1097 ἐπ’
3320 1042 3468 1113 αὐτῷ
3523 1042 3711 1093 πίστιν

2127 1138 2901 1207 ἐποιοῦντότινες·ἀναγκαίως
2918 1138 2979 1191 τὸ
2989 1137 3147 1205 δεῖμα
3173 1136 3263 1188 καὶ
3286 1136 3375 1187 τόν
3396 1133 3713 1197 ὲπὶτούτοις

2128 1229 2283 1281 ὄκνον
2313 1229 2769 1299 ὑποτεμνόμενος,
2794 1232 2857 1299 τῇ
2893 1230 2990 1297 τῆς
3025 1226 3280 1296 θεότητος
3304 1225 3464 1294 φύσει
3486 1225 3584 1295 τὴν
3613 1224 3709 1277 πί-

2128 1335 2241 1372 στιν
2276 1320 2568 1384 ἀνατιθεὶς,
2592 1321 2667 1384 ὡς
2704 1322 2761 1373 ὲν
2802 1319 3078 1392 προσώπῳ
3116 1318 3348 1390 Πατρδς,
3372 1318 3465 1370 καὶ
3489 1317 3612 1387 οὐχὶ
3637 1318 3707 1387 τῇ

2126 1410 2246 1462 καθ’
2268 1411 2415 1485 ἡμᾶς
2456 1413 2897 1483 σμικροπρεπείᾳ
2939 1414 3282 1484 προσνέμων,
3305 1412 3543 1481 ἔφασκεν
3564 1427 3579 1440 ’
3607 1428 3627 1461 t
3648 1410 3711 1462 Ὀ

2126 1501 2397 1554 πιστεύων
2434 1504 2515 1564 εἰς
2555 1504 2680 1572 ἐμὲ,
2703 1502 2763 1555 οὐ
2806 1504 3053 1556 πιστεύει
3097 1504 3177 1565 εἰς
3219 1502 3338 1571 ἐμὲ.
3364 1500 3580 1562 ἁλλέἰς
3616 1499 3711 1552 τὸν

2124 1591 2417 1662 πέμψαντά
2449 1610 2538 1663 με.
2567 1612 2585 1645 ι
2612 1590 2737 1665 Ἀρ*
2772 1595 2870 1659 οὐκ
2914 1594 3026 1647 ἴσον
3070 1595 3274 1646 εἰπεῖν·
3301 1588 3370 1644 Ὦ
3415 1591 3522 1644 τῶν
3560 1579 3726 1661 ἐμῶν⁵

2124 1686 2382 1754 κατήκοοι
2409 1685 2603 1755 λόγων,
2632 1685 2708 1755 μὴ
2734 1685 2906 1755 μικρὰ
2926 1686 3020 1738 καὶ
3046 1684 3393 1756 χαμαιρριφῆ
3418 1682 3486 1734 τὰ
3508 1683 3587 1744 εἰς
3608 1682 3709 1751 ἐμὲ

2122 1775 2368 1841 δοξάζετε
2388 1795 2400 1806 ·
2430 1776 2543 1831 ἴστε
2572 1778 2630 1831 δὲ
2673 1780 2755 1830 ὅτι
2791 1778 2891 1849 τὴν
2914 1780 2994 1839 εἰς
3014 1778 3178 1830 αὑτὸν
3200 1776 3299 1845 ἐμὲ
3318 1774 3409 1826 τὸν
3429 1772 3709 1844 ὁρώμενον

2124 1869 2181 1919 ἐν
2206 1869 2370 1939 σαρκὶ
2392 1868 2704 1939 προϊέμενοι
2729 1868 2934 1933 πίστιν,
2958 1870 3056 1921 οὐκ
3091 1870 3171 1931 εἰς
3206 1867 3489 1937 ἄνθρωπον
3519 1864 3709 1929 ἁπλῶς

2125 1960 2313 2014 ἔσεσθε
2342 1962 2789 2023 πεπιστευκότες,
2815 1960 2928 2013 ἀλλ’
2953 1962 3031 2024 εἰς
3068 1959 3229 2013 αὐτὸν
3253 1959 3346 2011 τὸν
3376 1957 3617 2026 Πατέρα,
3637 1952 3706 2008 δι’

2124 2053 2260 2121 ἐμοῦ
2284 2052 2378 2105 τοῦ
2400 2053 2539 2105 κατὰ
2561 2055 2668 2106 πᾶν
2703 2052 2883 2105 ὅτεών
2914 2053 3043 2115 ἴσως
3068 2068 3125 2104 τε
3151 2052 3247 2104 καὶ
3269 2048 3706 2119 ἀπαραλλάκτως

2124 2145 2338 2213 ἔχοντος
2364 2143 2494 2196 Υἱοῦ
2513 2184 2526 2209 ,
2553 2141 2924 2213 σαρκωθέντος
2963 2143 3061 2210 μὲν
3096 2141 3163 2192 δι’
3189 2141 3363 2209 ὑμᾶς.
3406 2138 3502 2191 καὶ
3545 2135 3702 2207 περί·-

2123 2237 2308 2307 6),ημα
2360 2234 2771 2306 σμικροπρεπὲς
2823 2231 3195 2301 οἰκειουμένου
3224 2271 3239 2293 ,
3282 2230 3379 2300 τὴν
3415 2226 3701 2299 ἀνθρωπό-

2119 2343 2259 2399 τητα
2279 2368 2293 2392 ,
2314 2327 2375 2380 τό
2402 2344 2463 2395 γε
2485 2326 2588 2398 μὴν
2619 2325 2837 2396 ἱσοφυές
2859 2342 2914 2377 τε
2942 2326 3033 2377 καὶ
3059 2323 3329 2402 ξσουργὸν,
3357 2322 3453 2377 καὶ
3486 2322 3543 2373 ἐν
3570 2337 3701 2372 ταυ-

2120 2418 2304 2487 τότητι
2344 2418 2500 2489 δόξης
2545 2416 2914 2487 ἀδιαλώσητον
2963 2415 3242 2480 παντελῶς
3296 2416 3510 2487 ἔχοντος
3566 2411 3702 2486 πρὸς

2121 2509 2301 2562 αὐτόν.

2194 2780 2254 2829 ll.
2300 2778 2534 2830 Ἔοικεν.

2192 2872 2258 2927 Α.
2312 2869 2637 2940 Ἀναμὰθοις
2658 2870 2701 2921 δ’
2733 2870 2799 2923 ἂν
2823 2872 2917 2923 καὶ
2949 2868 3149 2939 ἑτέρως
3180 2868 3344 2922 αὑτὸν
3382 2867 3480 2939 τὴν
3520 2868 3700 2921 πίστιν

2121 2966 2181 3017 ού
2218 2962 2599 3032 διωθούμενον,
2637 2963 2791 3026 ἀλλὰ,
2831 2962 3005 3031 τομῆς
3032 2979 3177 3025 τινος
3211 2962 3334 3032 δίχα
3368 2963 3464 3015 καὶ
3512 2960 3698 3030 διαφο-

2126 3052 2242 3119 ρᾶς,
2277 3049 2678 3119 εἰσδεδεγμένον
2708 3050 2877 3120 αὐτὴν
2918 3051 2993 3113 ὡς
3034 3051 3093 3103 ἐν
3128 3050 3243 3121 ἰδίῳ
3277 3050 3575 3123 προσώπῳ,
3608 3048 3701 3103 καὶ

445 3159 600 3207 sona,
625 3145 838 3199 tametsi
864 3142 1038 3200 factus
1062 3145 1133 3200 sit
1156 3159 1304 3199 caro.
1334 3144 1623 3214 Postquam
1646 3148 1789 3200 enim
1813 3162 2012 3201 caecum

2122 3145 2170 3195 εἰ
2207 3143 2396 3211 γέγονε
2429 3143 2585 3210 σάρξ.
2631 3142 2850 3210 Ἐπειδὴ
2882 3141 2991 3213 γὰρ
3012 3142 3103 3194 τὸν
3129 3144 3193 3194 ἐκ
3222 3143 3492 3212 γεννητῆς
3520 3142 3701 3207 ἐξιᾶτο

446 3234 594 3289 illum
626 3251 654 3288 a
693 3236 975 3290 nativitate
1005 3237 1219 3292 sanavit
1247 3234 1319 3302 “,
1351 3246 1406 3291 et
1438 3236 1594 3292 dulce
1632 3237 2015 3307 insolitumque

446 3330 626 3383 lumen
696 3330 744 3383 ei
800 3330 1066 3394 immisit,
1122 3330 1373 3385 omnibus
1430 3332 1624 3384 merito
1670 3331 2012 3385 admirationi

444 3428 583 3474 erat.
624 3422 800 3491 Atque
845 3420 933 3476 hic
974 3421 1191 3491 quidem
1237 3420 1367 3476 vitio
1407 3421 1497 3477 illo
1538 3421 1798 3476 liberatus
1846 3437 1874 3475 a
1922 3420 2015 3475 Ju-

444 3512 575 3566 dteis
606 3512 973 3581 judicahatur,
1021 3523 1076 3567 et
1112 3513 1378 3568 medicum
1422 3514 1814 3582 prolitebatur:
1857 3514 2014 3569 Chri-

443 3615 561 3658 stus
593 3618 721 3660 vero
755 3618 876 3658 eum
932 3606 1237 3659 accedens:
1280 3624 1299 3655 ι
1346 3604 1427 3659 To
1469 3607 1741 3671 credisne,
1815 3606 2011 3675 inquit,

447 3696 497 3746 in
532 3693 725 3747 Filium
762 3691 898 3747 Dei?
933 3712 952 3746 ι
985 3693 1083 3760 Qui
1128 3708 1249 3747 cum
1278 3693 1645 3749 exclamaret:
1680 3713 1699 3745 ι
1737 3695 1870 3763 Quis
1908 3705 2009 3756 est,

447 3786 693 3847 Domine,
726 3795 782 3837 ut
826 3785 1041 3839 credam
1094 3785 1144 3838 in
1180 3783 1399 3853 ipsum?
1423 3804 1441 3837 ι
1473 3787 1753 3854 respondit
1783 3788 2004 3841 dicens:

452 3894 470 3923 ε
506 3873 570 3927 Ει
602 3872 781 3928 vidisti
811 3872 1008 3943 ipsum,
1034 3883 1088 3927 et
1116 3874 1206 3942 qui
1242 3874 1479 3941 loquitur
1509 3862 1709 3939 tecum,
1739 3875 1827 3929 ille
1849 3886 1952 3930 est.
1987 3900 2003 3927 ο

444 3966 543 4032 Qui
568 3966 870 4034 respondit:
897 3983 915 4016 ε
939 3964 1136 4030 Credo,
1159 3966 1402 4021 Domine.
1426 3966 1491 4020 Et
1509 3968 1892 4022 adoraviteum
1905 3969 1969 4021 ⁸³.
1988 3988 2006 4019 ι

445 4057 728 4123 Quomodo
756 4056 917 4126 igitur
949 4072 1054 4112 non
1100 4059 1171 4112 sit
1198 4058 1447 4112 omnibus
1479 4059 1847 4123 manifestum,
1873 4060 2011 4115 divi-

447 4164 570 4202 nam
600 4163 662 4203 ac
684 4162 991 4218 supremam
1028 4158 1276 4203 naturain
1300 4150 1472 4205 oculis
1502 4152 1651 4205 cerni
1685 4168 1711 4205 a
1737 4168 2009 4223 quoquam

445 4257 551 4296 non
585 4242 778 4309 posse?
814 4259 832 4293 ι
879 4243 1044 4295 Deum
1073 4242 1216 4295 enim
1248 4256 1406 4297 nemo
1445 4243 1579 4297 vidit
1605 4258 1863 4313 unquam,
1902 4264 1920 4297 ι
1952 4252 2011 4300 ιιι

443 4335 702 4403 scriptum
732 4344 817 4387 est
853 4331 918 4386 ⁸⁸.
966 4332 1020 4387 Si
1056 4349 1185 4403 ergo
1216 4333 1552 4403 di~tinguens
1577 4349 1727 4389 suam
1757 4335 2008 4390 humani-

444 4434 629 4489 tatem,
663 4434 717 4477 ut
753 4424 854 4478 hoc
891 4425 1065 4491 ipsum
1105 4439 1371 4493 apparens
1407 4439 1471 4478 ex
1524 4425 1629 4479 Deo
1666 4424 1825 4481 Patre
1877 4428 2009 4480 Ver-

2118 3234 2337 3302 τυφλὸν,
2376 3236 2467 3286 καὶ
2496 3233 2556 3285 τὸ
2584 3232 2759 3300 γλυκὺ
2792 3232 2910 3303 μὲν,
2940 3232 3105 3301 ἄηθες
3146 3233 3189 3284 δ’
3218 3232 3333 3299 οὖν,
3364 3231 3700 3302 ἐπεφύτειισε

2120 3325 2237 3395 φῶς
2267 3323 2438 3394 αὐτῷ,
2470 3324 2621 3395 παρὰ
2647 3324 2863 3377 πάντων
2898 3324 3123 3387 εἰκότως
3152 3324 3513 3395 ἐθαυμάζετο.
3560 3326 3699 3379 Ἀλλ’

2116 3420 2144 3471 ὁ
2192 3418 2292 3486 μὲν
2341 3416 2435 3469 τοῦ
2478 3417 2685 3480 πάθους
2737 3408 3158 3487 ἀπηλλαγμένος
3213 3418 3364 3487 παρὰ
3403 3422 3515 3482 τοῖς
3570 3421 3700 3473 Ἰου-

2115 3506 2286 3569 δαίοις
2332 3506 2601 3579 ἐκρίνετο,
2642 3507 2737 3559 καὶ
2775 3506 3045 3576 ὡμολόγει
3088 3506 3181 3559 τὸν
3221 3507 3425 3577 ἰατρόν·
3466 3508 3701 3575 Χριστὸς

2115 3598 2171 3651 δὲ
2204 3598 2348 3666 αύτῷ
2395 3597 2733 3667 περιτυχὼν,
2783 3616 2800 3647 ι
2846 3598 2916 3650 Σὺ
2973 3597 3271 3661 πιστεύεις,
3327 3599 3586 3667 ἔφασκεν,
3621 3603 3701 3662 εἰς

2115 3695 2205 3747 τὶν
2237 3694 2364 3747 risv
2395 3694 2489 3748 τοῦ
2508 3693 2643 3748 Θεοῦ
2670 3711 2684 3759 ;
2726 3713 2742 3744 ι
2779 3694 2884 3746 Τοῦ
2907 3693 2984 3760 δὲ,
3015 3694 3096 3760 τὸ,
3121 3715 3140 3747 r
3168 3695 3263 3758 Τίς
3291 3696 3429 3762 ἐστι,
3452 3696 3645 3767 Κύριε,
3675 3718 3693 3750 ι

2113 3785 2557 3857 διακεκραγύτος,
2589 3806 2607 3837 ι
2649 3787 2735 3839 ἵνα
2768 3786 3042 3839 πιστεύσω
3067 3789 3147 3850 εἰς
3169 3788 3370 3852 αύτόν;
3403 3808 3420 3837 ι
3454 3790 3700 3859 ἀντεφώ-

2114 3896 2194 3931 νει
2227 3878 2421 3945 λέγων’
2466 3898 2483 3929 ι
2531 3878 2643 3931 Καὶ
2676 3876 2927 3946 ἑώρακας
2965 3878 3147 3944 αὑτὸν,
3177 3880 3268 3932 καὶ
3297 3880 3326 3931 ό
3358 3880 3533 3933 λαλῶν
3561 3883 3699 3951 μετὰ

2115 3967 2231 4031 σοῦ,
2262 3967 2464 4031 ἐκεῖνός
2495 3969 2661 4021 ἐστιν.
2703 3986 2721 4017 ι
2769 3968 2827 4019 '0
2857 3966 2911 4019 δὲ
2969 3966 3095 4036 ἔφη·
3133 3986 3149 4017 ι
3202 3968 3471 4032 Πιστεύω,
3502 3969 3694 4040 Κύριε.

2113 4059 2222 4112 Καὶ
2257 4058 2657 4129 προσεκύνησεν
2703 4057 2868 4128 αὐτῷ.
2914 4076 2933 4109 ι
2978 4059 3168 4112 Καίτοι
3212 4058 3326 4122 πῶς
3380 4061 3479 4129 οὐχ
3525 4060 3694 4115 ἅπασι

2117 4151 2416 4220 συμφανὲς,
2444 4149 2521 4213 ὠς
2566 4150 2764 4211 ἄοπτος
2795 4148 3072 4213 παντελῶς
3100 4152 3132 4219 ἡ
3168 4149 3287 4203 Θεία
3318 4168 3377 4203 τε
3424 4152 3520 4204 καὶ
3553 4153 3694 4206 ἀνω-

2113 4239 2283 4295 τάτω*
2307 4241 2505 4310 φύσις;
2557 4260 2575 4293 ι
2627 4241 2759 4295 Θεὸν
2788 4241 2894 4312 γὰρ
2936 4241 3107 4305 οὐδεὶς
3141 4241 3348 4313 ἑώρακε
3389 4243 3627 4311 πώποτε,
3666 4263 3685 4295 ι

2110 4332 2252 4387 κατὰ
2280 4333 2340 4386 τὸ
2373 4333 2775 4404 γεγραμμένον.
2807 4334 2978 4404 Εἴπερ
3026 4329 3119 4387 οὖν
3163 4335 3371 4400 διιστὰς
3409 4337 3602 4390 ἑαυτοῦ
3634 4338 3695 4390 τὸ

2114 4424 2478 4497 ἀνθρώπινον,
2512 4426 2585 4489 ὡς
2625 4426 2757 4479 αὐτὸ
2803 4426 2867 4494 δὴ
2914 4425 3073 4478 τοῦτο
3106 4426 3365 4497 πεφηνὼς
3398 4429 3427 4479 ὁ
3459 4430 3524 4480 ὲκ
3559 4426 3692 4480 Θεοῦ

440 4516 589 4579 hum,
623 4516 797 4569 nudus
839 4530 905 4567 ac.
948 4514 1094 4570 solus
1136 4515 1282 4570 credi
1330 4515 1516 4580 voluit,
1553 4525 1606 4569 et
1647 4533 1849 4571 caecum
1893 4518 2005 4585 jam

2120 4516 2333 4587 Πατρὸς
2358 4515 2549 4583 Λόγος,
2583 4515 2787 4587 γυμνὸς
2817 4516 2910 4569 καὶ
2940 4516 3097 4587 μόνος
3130 4518 3282 4589 ἠξίου
3319 4517 3691 4583 πιστεύεσθαι,

442 4613 686 4661 curatum
734 4606 1015 4671 hortatur,
1059 4623 1125 4659 ne
1173 4607 1349 4675 potius
1383 4622 1629 4675 quamam
1690 4606 1760 4661 sit
1817 4620 2006 4663 natura

446 4696 535 4748 llei
584 4709 765 4749 secum
809 4694 1167 4764 cogitetzsed
1203 4698 1383 4763 potius
1426 4697 1787 4763 corporaliter
1827 4708 2010 4753 osten-

441 4787 539 4849 dit,
565 4786 636 4838 ita
657 4785 903 4841 utoculis
928 4787 1056 4856 ipsis
1079 4788 1394 4856 conspicere
1420 4788 1607 4842 liceret
1645 4789 1797 4857 (dixit
1826 4790 1968 4844 enim
1992 4809 2006 4844 :

443 4879 604 4951 704
634 4879 698 4933 Ει
731 4880 878 4935 vides
912 4880 1112 4948 ipsum,
1166 4890 1220 4936 et
1259 4881 1347 4950 qui
1396 4880 1633 4950 loquitur
1669 4894 1874 4949 tecum,
1920 4885 2009 4940 ille

442 4972 544 5040 cst)
574 4990 587 5023 :
616 4987 795 5026 nonne
826 4987 1041 5028 carnem
1073 4974 1375 5029 ostendisse
1398 4975 1781 5030 censebimus?

513 5150 571 5205 ll.
599 5150 850 5205 Omnino.

512 5244 577 5294 Α.
618 5241 777 5308 Atqui
817 5242 1086 5312 quomodo
1121 5242 1375 5314 deinceps
1417 5244 1531 5314 ipse
1590 5248 1659 5301 sit
1704 5261 1864 5312 Caro,
1906 5246 2010 5302 nisi

441 5333 769 5402 intelligatur
796 5333 1089 5388 secundum
1119 5338 1394 5401 unionem,
1427 5345 1683 5405 tanquam
1722 5338 1834 5406 ipse
1862 5339 2010 5392 exsi-

442 5436 589 5478 stens
634 5425 904 5494 proprium
941 5426 1108 5492 ipsius
1146 5443 1159 5480 :
1196 5428 1646 5496 quemadmodum
1697 5427 1808 5483 fere
1840 5431 2006 5484 etiam

443 5516 499 5571 in
544 5514 697 5571 nobis
732 5515 967 5569 accidit?
1013 5515 1197 5587 Neque
1247 5517 1389 5572 enim
1432 5520 1717 5588 quisquam
1753 5521 2008 5575 ostendat

442 5608 729 5677 separatim
756 5648 772 5675 ,
803 5623 977 5680 neque
1008 5610 1321 5681 imperfecte
1354 5614 1625 5669 hominem
1658 5615 1814 5671 nobis
1848 5615 2001 5669 simi-

510 5784 551 5817 “
577 5783 729 5843 Joan.
767 5803 817 5849 κ,
852 5786 937 5853 57,
971 5784 1059 5843 35..
1136 5788 1351 5844 “hau.
1390 5806 1484 5855 an,
1535 5790 1611 5844 il.

1690 5789 2013 5861 “10.1mm,
2060 5792 2166 5845 l-‘i.

2115 4606 2176 4656 τὸ
2226 4606 2300 4675 μὴ
2357 4605 2554 4675 μᾶλλον
2601 4611 2699 4678 τὴν
2744 4606 2837 4659 τοῦ
2889 4604 3024 4659 Θεοῦ
3077 4607 3240 4678 φύσιν
3282 4609 3693 4678 ἀναλογίζεσθαι

2114 4694 2243 4758 δεῖν,
2293 4696 2415 4765 ἥτις
2457 4695 2586 4749 ποτέ
2624 4698 2761 4763 ἐστι,
2808 4699 2899 4750 τὸν
2944 4695 3002 4752 εὖ
3046 4699 3292 4754 παθόντα
3337 4700 3689 4767 διεκελεύετο,

2117 4788 2401 4857 παρέδειξε
2452 4788 2505 4843 δὲ
2556 4788 2917 4859 σωματικῶς,
2978 4790 3053 4854 ὡς
3102 4791 3196 4845 καὶ
3243 4792 3428 4855 αὐτοῖς
3482 4792 3691 4863 ὗμμμσι

2113 4878 2481 4933 καταθεᾶσθαι
2528 4880 2699 4951 παρὸν
2742 4880 2867 4950 (ἔφη
2901 4884 3036 4953 γὰρ,
3068 4884 3153 4937 ὅτι
3179 4886 3292 4938 Καὶ
3322 4881 3570 4955 ἑώρακας
3598 4890 3693 4940 αύ-

2110 4970 2221 5037 τδν,
2263 4971 2355 5023 καὶ
2402 4971 2430 5022 ὁ
2476 4970 2650 5025 λαλῶν
2684 4973 2819 5042 μετὰ
2857 4973 2971 5038 σοῦ,
3017 4977 3222 5040 ἐκεῖνός
3266 4974 3463 5051 ’ἐστινγ
3495 4975 3532 5050 ἦ
3573 4981 3691 5053 οὐχὶ

2113 5062 2211 5135 τὴν
2247 5062 2427 5133 σάρκα
2456 5062 2777 5134 παραδεῖξαι
2806 5067 3053 5136 φήσομεν
3077 5084 3092 5134 ;

2183 5157 2243 5208 Β.
2286 5155 2394 5208 Καὶ
2427 5158 2587 5213 πάνυ.

2181 5251 2246 5302 Α.
2286 5244 2423 5302 Εἶτα
2466 5248 2580 5313 πῶς
2613 5251 2774 5314 αὐτὸς
2806 5251 2872 5305 ἂν
2902 5251 2987 5323 εἴη
3043 5253 3227 5308 λοιπὸν
3260 5259 3292 5327 ἡ
3335 5258 3490 5328 σὰρξ,
3526 5261 3573 5311 εἰ
3617 5261 3689 5329 μὴ

2110 5343 2280 5393 νοοῖτο
2317 5340 2436 5394 καθ’
2459 5340 2650 5395 ἕνωσιν
2673 5342 2746 5406 ὡς
2784 5345 2944 5408 αὐτὸς
2967 5346 3225 5419 ὑπάρχων
3254 5352 3314 5402 τὸ
3345 5353 3478 5406 ἴδιον
3501 5353 3687 5418 αὑτοῦ,

2117 5434 2368 5504 καθάπερ
2399 5435 2586 5504 ἀμέλει
2637 5437 2730 5491 καὶ
2775 5439 2860 5508 ἐφ’
2917 5440 3069 5509 ἡμῶν
3115 5442 3313 5510 γένοιτ’
3359 5445 3458 5510 ἄν;
3521 5465 3690 5501 κατα-

2114 5524 2304 5592 δεὶξειε
2339 5524 2445 5596 γὰρ
2481 5526 2543 5579 ἄν
2581 5544 2664 5589 τις
2726 5529 2784 5580 ού
2846 5531 3259 5602 μεμερισμένως
3303 5535 3423 5589 οὐδὲ
3485 5536 3690 5601 ἀτελῶς

2111 5616 2203 5669 τόν
2252 5616 2555 5686 καθ”ήμᾶς
2593 5618 2901 5691 ἄνθρωπον,
2960 5622 3051 5676 τὸν
3105 5627 3169 5677 ἐκ
3216 5625 3394 5698 ψυχῆς
3440 5626 3504 5700 δὴ
3550 5629 3691 5699 λέγω

2249 5792 2446 5849 una.
2479 5794 2663 5851 5358.
2744 5796 2964 5854 "Juan.
3008 5818 3044 5868 ι,
3090 5801 3171 5857 lS.
