4036 6336
337 425 470 482 19.ὖῖ

1442 419 1528 472 DE
1568 412 2081 472 lNCAliNATIONE
2128 416 2505 475 L‘NIGENITI.

3486 406 3624 461 1258

332 546 431 600 καὶ
482 545 753 618 σώματος,
809 545 898 597 καὶ
948 546 1055 598 ἀπὸ
1105 544 1271 614 μόνης
1305 542 1491 599 αὐτοῦ.
1534 543 1630 613 τῆς
1695 540 1916 611 σαρκός.

2036 543 2154 606 lem,
2197 558 2262 598 ex
2304 544 2511 607 anima,
2543 542 2784 612 inquam,
2814 545 2867 593 ct
2902 550 3136 604 corpore
3175 540 3540 594 constantem,
3568 539 3622 583 et

407 726 465 779 Β.
512 726 795 795 Σύμφημι·
830 725 1010 793 λέγεις
1037 726 1144 796 γάρ
1174 724 1369 796 ὀρθῶς.

404 820 468 873 Δ.
512 818 763 887 Γέγραφε
797 820 851 871 δέ
890 836 992 872 που
1042 819 1134 871 καὶ
1186 821 1213 871 6
1262 818 1423 887 σοφὸς
1465 820 1596 888 ἡμῖν
1646 817 1919 887 Ἰωάννης,

335 910 416 962 ὅτι
463 928 480 960 ι
522 908 702 961 Πολλά
752 910 851 978 μὲν
910 906 1003 963 οῦν
1048 910 1140 962 καὶ
1180 909 1315 963 ἀλλα
1349 912 1552 981 σημεῖα
1589 911 1847 981 ἐποίησεν
1894 912 1922 963 6

350 999 555 1070 Ἰησοῦς
599 1000 831 1056 ἐνώπιον
880 1001 988 1054 τῶν
1038 1000 1296 1071 μαθητῶν
1333 1002 1519 1063 αὑτοῦ,
1570 1001 1605 1055 ἃ
1654 1003 1755 1055 οὑκ
1804 1002 1923 1054 ἐστι

339 1091 699 1161 γεγραμμένα
737 1092 794 1144 ἑν
838 1093 916 1163 τῷ
952 1092 1143 1163 βιϐλίῳ
1176 1092 1369 1162 τούτῳ.
1404 1090 1589 1145 Ταῦτα
1619 1092 1673 1146 δὲ
1714 1092 1921 1163 γέγρα-

336 1196 485 1244 πται,
524 1180 610 1233 ἵνα
675 1182 963 1252 πιστεύητε
1004 1182 1086 1234 ὅτι
1139 1180 1342 1253 Ἰησοῦς
1392 1181 1538 1233 ἐστιν
1570 1182 1597 1233 6
1627 1180 1862 1251 Χριστὸς
1896 1182 1923 1233 6

337 1272 463 1336 Υἱὸς
510 1273 604 1327 τοῦ
654 1273 788 1327 Θεοῦ
830 1274 922 1327 τοῦ
976 1274 1197 1338 ζῶντος,
1246 1274 1338 1326 καὶ
1388 1274 1474 1326 ἶνα
1528 1272 1921 1337 πιστεύσαντες

334 1361 478 1433 ζωὴν
511 1361 672 1435 ἔχητε
706 1365 768 1417 ὲν
794 1363 871 1433 τῷ
902 1364 1126 1435 ὀνόματι
1165 1365 1354 1418 αὑτοῦ.
1403 1384 1421 1417 ι
1459 1364 1844 1435 Κατατεθήποι
1878 1364 1925 1417 δ’

333 1453 397 1507 ἄν
431 1471 515 1519 τις
562 1456 622 1509 οὺ
689 1456 840 1525 μεῖον
898 1457 992 1509 καὶ
1042 1458 1132 1511 τὸν
1188 1457 1475 1511 θεσπέσιον
1528 1460 1732 1529 Πέτρον
1795 1459 1925 1511 Ἰου-

333 1542 499 1606 δαίοις
532 1545 1039 1617 προσπεφωνηκότα
1073 1546 1262 1617 σαφῶς
1295 1549 1390 1600 καὶ
1406 1548 1734 1617 ἀναφανδόψ
1758 1548 1926 1618 «Ἀρ-

334 1652 519 1704 χοντες
544 1634 637 1689 τοῦ
668 1636 798 1691 λαοῦ
838 1638 934 1691 καὶ
974 1638 1359 1709 πρεσϐύτεροι,
1398 1642 1445 1693 εἰ
1479 1642 1641 1711 ἡμεῖς
1682 1641 1924 1711 σήμερον

333 1734 742 1803 ἀνακρινόμεθα
795 1737 885 1788 επὶ
936 1735 1259 1806 εὐεργεσίαν
1299 1735 1590 1806 ἀνθρώπου
1638 1735 1921 1801 ἀσθενοῦς,

333 1828 390 1879 εν
424 1827 533 1879 τίνι
579 1820 733 1891 οὗτος
788 1830 1078 1894 σέσωσται,
1112 1829 1354 1898 γνωστὸν
1388 1829 1527 1883 ἔστω
1571 1832 1736 1883 πᾶσιν
1770 1830 1921 1899 ὑμῖν,

336 1917 425 1971 καὶ
462 1920 622 1971 παντὶ
650 1920 730 1989 τῷ
768 1920 882 1990 λαῷ
927 1921 1163 1993 Ἰσραὴλ,
1200 1924 1280 1974 ὃτι
1328 1924 1385 1975 ὲν
1423 1922 1498 1991 τῷ
1529 1922 1755 1993 ὀνόματι
1820 1923 1921 1991 Ἰη-
1955 1900 1998 1960 Β

334 2008 428 2062 σοῦ
486 2011 723 2082 Χριστοῦ
773 2014 867 2066 τοῦ
924 2013 1266 2084 Ναζωραίου,
1312 2014 1371 2066 ὃν
1431 2016 1587 2083 ὑμεῖς
1641 2015 1921 2083 ἐσταυρώ-

336 2118 485 2165 σατε,
518 2102 576 2154 ὃν
609 2106 637 2155 6
675 2104 807 2168 Θεὸς
834 2106 1058 2175 ἤγειρεν
1090 2108 1152 2159 ἐκ
1195 2109 1424 2178 νεκρῶν,
1469 2109 1526 2160 ὲν
1559 2106 1736 2176 τούτῳ
1767 2100 1923 2170 οὗτος

334 2195 678 2265 παρέστηκεν
706 2196 935 2250 ἐνώπιον
978 2199 1131 2268 ὑμῶν
1162 2200 1341 2267 ὑγιής.
1386 2217 1401 2248 ι
1444 2201 1553 2253 Καὶ
1598 2196 1717 2267 μεθ’
1760 2197 1923 2268 ἕτερα

334 2283 494 2337 πάλιν
518 2302 530 2314 ·
572 2305 589 2335 ι
629 2288 738 2340 Καὶ
768 2289 868 2342 οὐκ
906 2288 1054 2343 ἔστιν
1088 2293 1147 2344 ὲν
1175 2291 1319 2361 ἄλλῳ
1350 2293 1525 2344 οὐδενὶ
1570 2294 1603 2362 ὴ
1654 2290 1919 2361 σωτηρία.

332 2378 470 2430 Ούδὲ
518 2380 625 2451 γάρ
676 2380 846 2451 ὄνομα
888 2382 1077 2454 ἕτερόν
1124 2386 1270 2437 ἐστιν
1316 2385 1421 2437 ὑπὸ
1466 2385 1558 2437 τὸν
1604 2384 1836 2455 οὐρανὸν
1864 2383 1925 2435 τὺ

330 2471 611 2542 δεδομένον
658 2475 715 2526 ὲν
749 2474 1076 2546 ἀνθρώποις,
1112 2477 1169 2528 ἐν
1202 2470 1245 2543 ᾧ
1288 2477 1367 2528 δεῖ
1416 2477 1655 2547 σωθῆναι
1688 2477 1856 2547 ἡμᾶς.
1900 2494 1918 2526 ι

333 2565 427 2628 Ti;
459 2562 553 2620 οὗν
595 2567 703 2637 ἄρα
735 2568 903 2635 ἐστὶν,
935 2571 963 2622 6
1006 2570 1101 2622 καὶ
1134 2569 1365 2624 θάνατον
1402 2570 1621 2635 ὑποδὺς,
1660 2571 1754 2623 καὶ
1791 2572 1924 2640 ἐγη-

331 2657 596 2727 γερμένος
634 2659 692 2711 ὲν
719 2658 868 2730 δόξῃ,
898 2661 994 2714 καὶ
1038 2662 1102 2713 ὲκ
1151 2659 1425 2731 Ναζαρὲτ,
1477 2664 1524 2714 εἰ
1572 2663 1647 2732 μὴ
1710 2660 1922 2732 Ἰησοῦς

332 2749 587 2820 Χριστὸς,
619 2751 920 2818 τουτέστιν,
972 2754 1000 2804 6
1054 2754 1162 2823 πρὸ
1216 2753 1417 2815 παντὸς
1467 2753 1567 2821 μὲν
1615 2753 1813 2817 αἰῶνος
1861 2754 1926 2807 ὲκ

332 2840 547 2911 Πατρὺς
574 2842 899 2914 ἀπορρήτως
936 2846 1332 2916 γεγεννημένος
1368 2885 1381 2909 ,
1428 2846 1485 2897 ἐν
1514 2845 1570 2897 δέ
1603 2862 1665 2913 γε
1706 2845 1784 2915 τῷ
1813 2846 1923 2898 λοι-

331 2928 444 3000 σθῳ
479 2932 575 2983 καὶ
620 2933 701 2994 εἰς
751 2932 923 3003 πέρας
966 2934 1154 3003 ἥκοντι
1198 2932 1290 2984 τοῦ
1343 2932 1538 2994 αἰῶνος
1597 2931 1795 3001 καιρῷ,
1832 2932 1925 2984 καὶ

334 3022 663 3093 σωματικῶς
697 3025 762 3077 ἐκ
791 3026 1072 3093 γυναικός
1114 3025 1171 3078 ’0
1212 3024 1396 3077 πίστιν
1436 3021 1529 3077 οὖν
1570 3024 1679 3093 ἄρα
1710 3025 1809 3095 την
1844 3025 1924 3087 εἰς

332 3116 495 3169 αὑτὸν
524 3117 903 3187 προσιέμενος,
952 3118 1121 3188 γέρας
1169 3118 1456 3171 ἀποίσεται
1514 3118 1575 3170 τὸ
1620 3117 1922 3187 ἐξαίρετονο

332 3208 750 3278 διακεκλήσεται
793 3209 903 3281 γὰρ
946 3209 1058 3273 υἱὸς
1104 3208 1239 3262 Θεοῦ
1265 3224 1280 3239 ο
1333 3229 1349 3259 ι
1386 3211 1539 3261 Ὅσοι
1580 3208 1687 3280 γὰρ
1732 3206 1925 3262 ἔλαϐον

334 3300 517 3359 αὑτὸν,
556 3302 756 3354 ἔδωκεν
787 3302 969 3365 αὐτοῖς
998 3302 1270 3369 ἐξουσίαν,
1306 3304 1462 3372 φησι,
1485 3303 1650 3355 τέκνα
1671 3301 1808 3355 Θεοῦ
1836 3317 1928 3366 γε·

334 3394 542 3460 νέσθαι,
576 3395 754 3448 οῗοούκ
785 3396 843 3462 ἐξ
874 3396 1145 3466 αἱμάτων,
1188 3397 1310 3448 οὐδὲ
1349 3398 1413 3449 ὲκ
1460 3396 1761 3467 θελήματος
1798 3413 1927 3465 σαρ-

338 3490 450 3553 κὸς,
491 3489 613 3542 οὐδὲ
659 3491 724 3543 ὲκ
766 3490 1072 3561 θελήματος
1110 3490 1321 3559 ἀνδρὸς,
1351 3490 1464 3542 ἀλλ’
1506 3492 1569 3542 ἐκ
1598 3486 1733 3543 Θεοῦ
1776 3491 1928 3557 ἐγεν-

336 3582 599 3653 νήθησαν.
660 3602 677 3635 ι
740 3583 856 3636 Ἵνα
895 3582 1002 3656 γὰρ
1048 3584 1272 3653 γένηται
1316 3583 1612 3652 πρωτεύων
1666 3584 1723 3635 ὲν
1764 3583 1929 3635 πᾶσιν

337 3675 518 3739 αὐτὸς,
554 3673 699 3728 καθά
731 3674 1064 3745 γέγραπται,
1102 3676 1427 3744 γεγέννηται
1482 3674 1579 3745 μὲν
1622 3674 1710 3727 διὰ
1739 3692 1929 3743 γυναι·
1966 3660 1969 3663 ’

339 3765 453 3828 κός.
498 3766 715 3837 Ἐπειδὴ
746 3767 803 3818 δέ.
832 3768 981 3820 ἐστιν
1030 3766 1254 3837 ἀπαρχὴ
1300 3768 1399 3833 τῆς
1433 3768 1932 3839 ἀναμορφουμένης

341 3858 572 3921 κτίσεως
600 3858 665 3911 δι’
693 3859 967 3929 ἀγιασμοῦ
1000 3859 1135 3930 πρὸς
1162 3859 1317 3923 Θεὸν,
1338 3860 1433 3914 καὶ
1469 3860 1572 3931 πρό
1604 3876 1666 3928 γε
1702 3859 1810 3913 τῶν
1834 3859 1929 3913 ἄλ·

342 3950 448 4003 λων
495 3950 659 4014 αὐτὸς
693 3952 917 4021 γενητὸς
950 3952 1164 4023 ἐδείχθη
1215 3952 1557 4021 Πνεύματος,
1594 3953 1692 4023 τὴν
1738 3952 1934 4022 ἀνδρὸς

341 4059 399 4095 τε
431 4042 527 4097 καὶ
554 4043 813 4111 γυναικὸς
857 4043 1267 4114 ὑπερθρώσκων
1302 4043 1535 4110 σύνοδον,
1572 4044 1661 4097 καὶ
1691 4044 1792 4097 οὐκ
1818 4044 1935 4098 ἀτι-

347 4137 443 4207 μίᾳ
474 4138 567 4189 καὶ
601 4138 777 4208 μῶμῳ
822 4136 1203 4202 καταδικάζων
1232 4136 1331 4204 τὴν
1374 4137 1537 4206 φύσιν
1586 4137 1786 4205 (τίμιος
1825 4137 1935 4207 γὰρ

343 4225 371 4276 6
402 4225 598 4295 γάμος,
631 4226 725 4279 καὶ
757 4227 785 4278 6
820 4225 1033 4290 πλάσας
1067 4228 1341 4297 ἀπαρχῆς,
1377 4227 1543 4299 ἄρσεν
1570 4227 1663 4279 καὶ
1680 4226 1814 4297 θῆλυ
1841 4244 1935 4280 πε-

347 4318 573 4388 ποίηκεν
621 4319 862 4384 αὐτοὺς),
903 4320 1039 4375 ἀλλά
1069 4320 1145 4390 τῷ
1197 4320 1404 4390 μείζονι
1445 4321 1540 4374 καὶ
1588 4320 1937 4391 ἀσυγκρίτως

347 4410 728 4482 ὑπερκειμὲνῳ
787 4414 1109 4483 προσνέμων
1160 4414 1259 4483 ἠδη
1317 4432 1433 4478 πως
1478 4414 1545 4466 τά
1592 4412 1935 4482 ἀνθρώπινα.

346 4503 643 4575 Γεννητοὺς
697 4504 802 4575 γὰρ
850 4505 1191 4575 Πνεύματος,
1245 4508 1344 4559 οὐκ
1399 4505 1630 4576 ἀνδρῶν,
1683 4505 1831 4575 ἡμᾶς
1856 4504 1936 4558 ἔτι

2027 652 2091 690 ex
2123 635 2236 689 sola
2278 635 2454 703 ipsius
2497 647 2683 689 carne.

2098 728 2156 780 Β.
2203 728 2505 782 Assentior.
2542 726 2710 780 Recte
2743 723 2886 779 enim
2923 722 3081 777 dicis.

2097 820 2160 873 A.
2190 818 2395 875 Scribit
2428 834 2559 874 vero
2590 818 2755 873 etiam
2789 814 2917 869 alibi
2948 814 3168 880 sapiens
3204 808 3294 864 ille
3337 806 3617 862 Joannes:

2030 930 2049 965 ι
2085 912 2249 967 Multa
2289 913 2506 981 quidem
2553 920 2609 966 et
2654 910 2757 963 alia
2801 909 2955 977 signa
3005 906 3132 961 fecit
3171 901 3330 958 Jesus
3387 901 3439 954 in
3490 913 3625 953 con-

2028 1016 2215 1078 spectu
2247 1005 2636 1075 discipulorum
2672 1015 2923 1064 suorum,
2953 1013 3074 1069 qua:
3110 1011 3217 1051 non
3255 1005 3383 1050 sunt
3415 992 3623 1060 scripta

2029 1099 2081 1154 in
2116 1100 2254 1154 libro
2284 1098 2407 1152 hoc.
2448 1096 2571 1150 Hrec
2604 1104 2789 1149 autem
2834 1092 3038 1160 scripta
3092 1098 3242 1149 sunt,
3275 1096 3332 1140 ut
3380 1083 3619 1138 credatis

2028 1186 2158 1255 quia
2190 1184 2347 1241 Jesus
2372 1194 2456 1240 est
2480 1183 2651 1238 Filius
2678 1182 2770 1236 Dei
2800 1181 2930 1245 vivi,
2961 1190 3015 1235 et
3044 1189 3101 1232 ut
3128 1178 3418 1232 credentes
3452 1174 3619 1227 vitam

2030 1278 2274 1332 habeatis
2310 1278 2361 1331 in
2397 1278 2619 1331 nomine
2651 1275 2825 1344 ipsius
2855 1274 2919 1326 δ’.
2966 1292 2983 1323 ι
3019 1270 3337 1324 Admirctur
3371 1282 3497 1320 vero
3533 1266 3629 1318 ali-

2029 1370 2150 1436 quis
2192 1383 2296 1422 non
2325 1367 2507 1422 minus
2544 1367 2788 1421 divinum
2826 1364 3068 1426 Petrum,
3102 1363 3167 1415 ad
3206 1360 3426 1414 Judaeos
3461 1373 3622 1426 aper-

2031 1471 2083 1517 te
2124 1463 2196 1516 ita
2235 1464 2581 1531 loquentem:
2616 1480 2635 1513 ι
2676 1460 2961 1529 Principes
2993 1456 3204 1527 populi,
3244 1464 3298 1508 et
3330 1452 3577 1508 seniore;
3609 1492 3623 1513 .

2028 1554 2073 1607 si
2117 1568 2213 1608 nos
2274 1554 2434 1607 hodie
2482 1553 2797 1622 judicamur
2844 1551 2897 1603 in
2937 1547 3227 1603 benefacta
3261 1544 3502 1599 hominis
3543 1544 3627 1595 in-

2031 1646 2197 1709 firmi,
2251 1646 2300 1699 in
2340 1659 2447 1714 quo
2485 1646 2589 1700 iste
2616 1644 2799 1699 salvus
2842 1642 3018 1697 factus
3044 1650 3147 1704 est,
3184 1648 3370 1693 notum
3406 1638 3475 1690 sit
3509 1651 3628 1689 οιιι-

2032 1738 2195 1793 nibus
2228 1740 2404 1801 vobis,
2448 1748 2503 1793 ct
2534 1738 2680 1793 omni
2720 1736 2862 1805 plebi
2903 1734 3094 1797 lsrael,
3142 1733 3270 1802 quia
3318 1730 3369 1783 in
3407 1728 3628 1783 nomine

2031 1830 2247 1884 Domini
2294 1831 2469 1885 nostri
2523 1829 2651 1884 Jesu
2704 1828 2912 1883 Christi
2976 1824 3268 1887 Nazareni,
3314 1838 3477 1891 quem
3530 1837 3627 1874 vos

2029 1922 2414 1986 crucifixistis,
2446 1933 2608 1988 quem
2658 1918 2801 1973 Deus
2848 1917 3139 1972 suscitavit
3185 1930 3215 1967 a
3266 1912 3519 1975 mortuis,
3570 1914 3624 1965 in

2030 2013 2131 2067 hoc
2157 2012 2257 2066 iste
2284 2020 2424 2066 astat
2464 2010 2615 2064 vobis
2648 2023 2815 2064 sanus
2849 2008 2917 2061 ⁸⁸.
2957 2026 2972 2059 ι
3010 2006 3076 2061 Et
3109 2003 3271 2075 paulo
3300 2013 3420 2074 post
3453 2021 3465 2055 :
3506 2022 3524 2053 ι
3560 2002 3625 2057 Et

2030 2120 2134 2160 non
2164 2114 2251 2160 est
2280 2108 2331 2157 in
2370 2102 2477 2157 alio
2504 2104 2687 2172 aliquo
2733 2102 2905 2156 salus.
2953 2099 3140 2169 Neque
3174 2098 3320 2153 enim
3356 2110 3442 2151 est
3475 2094 3626 2151 aliud

2029 2213 2225 2252 nomen
2258 2196 2359 2252 sub
2390 2199 2532 2250 coelo
2565 2196 2752 2249 datum
2788 2192 3123 2256 hominibus,
3163 2192 3343 2259 inquo
3374 2196 3629 2258 oporteat

2029 2304 2129 2344 nos
2171 2288 2352 2344 salvos
2401 2289 2516 2343 ﬁeri
2565 2288 2630 2342 ⁸⁸.
2690 2306 2706 2339 ι
2746 2286 3012 2354 Quisnam
3067 2284 3233 2353 igitur
3278 2290 3381 2347 est,
3432 2280 3521 2349 qui
3574 2288 3631 2334 et

2030 2391 2261 2435 mortem
2308 2380 2443 2434 obiit
2481 2386 2535 2433 et
2570 2377 2871 2433 resurrexit
2905 2377 2960 2430 in
2994 2374 3189 2443 gloria,
3222 2380 3387 2441 atque
3423 2387 3489 2425 ex
3518 2368 3629 2424 Na-

2037 2473 2250 2537 zareth,
2279 2472 2379 2525 nisi
2414 2469 2574 2525 Jesus
2604 2470 2877 2533 Christus,
2908 2466 3011 2522 hoc
3035 2476 3137 2532 est,
3172 2468 3263 2537 qui
3295 2476 3422 2519 ante
3445 2466 3628 2519 omnia

2029 2565 2222 2620 saecula
2281 2580 2347 2618 ex
2398 2563 2559 2617 Patre
2604 2560 2953 2617 ineffabiliter
3008 2560 3228 2628 genitus
3262 2560 3380 2614 est?
3424 2558 3631 2614 Ultimo

2030 2671 2158 2711 vero
2203 2665 2257 2711 et
2310 2658 2377 2711 ad
2430 2658 2637 2712 exitum
2690 2666 2951 2725 vergente
2984 2654 3308 2709 saeculorum
3362 2664 3629 2721 tempore,

2029 2750 2391 2817 corporaliter
2436 2751 2601 2803 etiam
2654 2763 2716 2804 ex
2774 2746 2995 2818 Virgine
3040 2757 3203 2801 natus
3238 2757 3343 2800 est.
3397 2745 3633 2799 Proinde

2030 2844 2119 2911 qui
2155 2843 2206 2895 iu
2237 2842 2411 2911 ipsum
2444 2842 2636 2907 credit,
2665 2840 2926 2897 eximium
2952 2839 3237 2909 przeniium
3271 2837 3502 2901 auferet;
3534 2853 3628 2890 vn-

2030 2932 2241 2986 cabitur
2292 2933 2438 2987 enim
2500 2931 2641 2986 filius
2684 2932 2798 2987 Dei.
2835 2951 2851 2983 ι
2888 2930 3166 2999 Quotquot
3208 2929 3355 2985 enim
3402 2944 3633 2997 aecepc-

2032 3034 2156 3078 runt
2196 3039 2342 3087 eum,
2376 3025 2527 3079 dedit
2570 3024 2653 3081 eis
2701 3032 3049 3092 potestatem,
3104 3023 3305 3092 inquit,
3358 3022 3496 3076 lilios
3535 3020 3628 3074 llci

2032 3116 2168 3180 fieri,
2186 3118 2276 3185 qui
2297 3132 2401 3171 non
2422 3132 2487 3171 ex
2506 3116 2888 3186 sanguinibus,
2916 3130 3092 3185 neque
3117 3129 3182 3170 ex
3212 3115 3489 3168 voluntate
3509 3128 3631 3167 car-

2034 3206 2137 3270 nis,
2170 3222 2343 3275 neque
2363 3222 2430 3261 ex
2452 3208 2727 3262 voluntate
2746 3208 2870 3273 viri,
2896 3208 2990 3262 sed
3014 3223 3079 3261 ex
3103 3208 3211 3262 Deo
3239 3206 3348 3260 nati
3373 3215 3500 3259 sunt
3521 3203 3590 3256 ”.
3608 3222 3626 3250 ι

2033 3300 2164 3354 Nam
2242 3311 2300 3355 ut
2379 3300 2472 3355 fiat
2550 3302 2844 3370 primatum
2925 3310 3120 3355 tenens
3211 3300 3263 3354 in
3333 3301 3629 3359 omnibus,

2031 3394 2169 3447 sicut
2201 3392 2463 3463 scriptum
2490 3392 2657 3457 est",
2680 3400 2839 3446 natus
2864 3393 3081 3460 quidem
3113 3403 3285 3447 estex
3314 3391 3629 3445 muliere".

2032 3487 2165 3541 Cum
2203 3502 2331 3541 vero
2384 3487 2454 3541 sit
2511 3486 2763 3554 priinitia:
2796 3486 2845 3517 ”
2877 3495 3147 3540 creaturae
3198 3484 3507 3538 reformata:
3564 3483 3633 3534 ad

2035 3579 2199 3633 Deum
2235 3594 2332 3647 per
2382 3578 2901 3641 sanctificationem,
2941 3577 3059 3645 ipse
3107 3576 3273 3631 etiam
3322 3582 3450 3628 ante
3495 3574 3635 3627 alios

2036 3683 2192 3724 natus
2230 3686 2297 3724 ex
2361 3670 2568 3740 Spiritu
2617 3669 2931 3724 declaratus
2979 3679 3084 3731 est,
3137 3668 3235 3720 viri
3288 3676 3342 3721 et
3390 3664 3634 3719 mulieris

2035 3776 2387 3832 congressum
2418 3763 2695 3818 excedens
2724 3779 2736 3828 ;
2772 3776 2878 3814 non
2929 3760 3076 3830 quod
3112 3772 3363 3813 naturam
3398 3758 3635 3827 alicujus

2038 3854 2319 3909 dedecoris
2349 3862 2443 3907 aut
2470 3854 2604 3907 labis
2631 3863 2845 3906 notaret
2881 3869 2941 3907 ac
2974 3854 3259 3905 damnaret
3285 3850 3630 3918 (honoranda

2038 3947 2184 4001 enim
2256 3962 2342 4000 res
2383 3955 2470 4000 est
2520 3946 2855 4015 conjugium,
2903 3953 2958 3998 et
3006 3942 3099 4013 qui
3156 3944 3430 3997 hominem
3485 3944 3638 3996 initio

2038 4038 2264 4103 creavit,
2296 4038 2598 4093 masculum
2648 4046 2703 4093 et
2745 4037 3002 4092 feminam
3035 4034 3165 4091 fecit
3194 4036 3315 4090 illos
3338 4036 3429 4105 ³³),
3472 4034 3635 4105 705

2040 4128 2133 4184 sed
2166 4131 2310 4198 quod
2332 4129 2446 4197 jam
2483 4130 2718 4184 humana
2765 4130 3026 4197 majorem
3079 4139 3244 4199 atque
3291 4130 3637 4200 incompara-

2040 4225 2224 4280 biliter
2248 4222 2695 4279 cxcellentiorem
2722 4224 2770 4277 ei
2814 4222 3101 4277 tribueret.
3144 4221 3313 4275 Natos
3344 4225 3489 4277 enim
3543 4239 3641 4275 ιιυ»

1980 4331 1995 4345 ·
2041 4332 2105 4372 ex
2141 4317 2361 4386 spiritu,
2400 4331 2507 4372 non
2535 4330 2601 4370 ex
2633 4314 2767 4369 viris
2787 4328 3105 4385 nuncupare
3133 4314 3319 4369 voluit.
3359 4332 3375 4363 ι
3406 4313 3637 4372 idcirco.

2042 4409 2281 4477 Patrem,
2323 4409 2520 4480 inquit,
2556 4408 2725 4463 nolite
2758 4421 2955 4462 vocare
2998 4406 3153 4461 vobis
3196 4420 3362 4477 super
3394 4414 3594 4460 terram
3624 4425 3636 4457 ;

2042 4517 2182 4556 unus
2222 4511 2308 4556 est
2353 4500 2497 4556 enim
2547 4500 2710 4554 Pater
2755 4509 2959 4563 vester,
3012 4499 3102 4566 qui
3146 4499 3199 4552 in
3248 4499 3405 4552 crelis
3440 4506 3526 4551 est
3569 4496 3633 4549 ".

348 4598 705 4669 χρηματίζειν
744 4598 924 4667 ήθελε.
974 4619 990 4648 ι
1050 4600 1159 4651 Καὶ
1193 4598 1343 4667 γοῦν,
1380 4600 1621 4670 Πατέρα,
1658 4600 1813 4669 φησὶ,
1862 4601 1931 4670 μὴ

2044 4584 2247 4649 Omnes
2277 4604 2460 4648 autem
2504 4609 2601 4647 vos
2652 4591 2853 4646 fratres
2886 4590 3021 4647 estis
3068 4589 3135 4644 “.
3176 4609 3192 4641 ι
3237 4588 3639 4657 lrreprehensi-

351 4690 616 4760 καλέσητε
647 4690 801 4759 ὑμῶν
846 4691 938 4743 ἐπὶ
964 4690 1058 4761 τῆς
1085 4689 1187 4760 γῆς
1209 4706 1221 4719 ⁶
1260 4685 1340 4754 εἷς
1372 4692 1481 4762 γάρ
1512 4692 1659 4744 ἐστιν
1687 4694 1713 4745 6
1748 4693 1941 4764 Πατὴρ

351 4784 479 4853 ὑμῖν
512 4785 540 4836 6
586 4783 874 4853 οὐράνιοςο
914 4785 1115 4846 πάντες
1162 4784 1221 4837 δὲ
1266 4785 1422 4854 ὑμεῖς
1477 4784 1695 4853 ἀδελφοί
1729 4787 1872 4839 ἐστε.
1919 4805 1937 4838 ι

352 4874 561 4928 Οὐκοῦν
590 4874 891 4946 ἀμώμητον
926 4875 1204 4937 παντελῶς
1246 4876 1307 4929 τὸ
1336 4876 1616 4929 πιστεύειν
1648 4879 1725 4942 εἰς
1755 4878 1939 4943 αὐτὸν,

357 4968 555 5037 μᾶλλον
585 4968 641 5021 δὲ
668 4970 763 5022 καὶ
794 4970 859 5041 τῇ
886 4968 996 5021 τῶν
1032 4969 1524 5040 πλημμελημάτων
1550 4972 1829 5044 ἀμνηστίᾳ
1859 4990 1942 5026 τε-

351 5061 598 5132 τίμηται.
646 5062 855 5133 Γράφει
885 5061 992 5133 γάρ
1023 5057 1123 5115 ὦδε
1166 5062 1327 5115 πάλιν
1357 5066 1383 5115 6
1412 5062 1661 5133 ἔκκριτος
1695 5063 1905 5127 Παῦλος
1925 5081 1938 5093 ·

359 5175 377 5207 ι
422 5155 637 5219 Εἱδότες
681 5156 737 5209 δὲ
766 5157 848 5208 ὅτι
882 5156 942 5208 οὐ
973 5152 1274 5209 δικαιοῦται
1329 5156 1613 5227 ἄνθρωπος
1659 5157 1718 5222 ἐξ
1766 5157 1944 5227 ἔργων

356 5250 539 5321 νόμου,
563 5252 657 5304 ἐὰν
685 5251 759 5321 μὴ
786 5249 875 5303 διὰ
905 5251 1140 5312 πίστεως
1176 5250 1348 5319 Ἰησοῦ
1379 5249 1637 5321 Χριστοῦ,
1663 5252 1756 5303 καὶ
1786 5254 1946 5322 ἡμεῖς

358 5345 435 5407 εἰς
475 5344 710 5413 Χριστὸν
752 5342 957 5413 Ἰησοῦν
996 5342 1417 5411 ἐπιστεύσαμεν.
1462 5360 1477 5393 ι
1521 5343 1865 5412 Κατοκνήσω
1888 5341 1944 5393 δὲ

358 5435 631 5506 οὐδαμῶς,
659 5436 796 5504 ὅπερ
836 5435 939 5504 ἠδη
985 5434 1198 5502 φθάσας
1240 5434 1393 5504 ἔφην,
1438 5435 1823 5503 άνακυκλήσας
1868 5436 1943 5487 εξ-

359 5527 501 5593 πεῖν,
533 5531 611 5583 ὅτι
641 5528 875 5598 Χριστὸς
919 5528 1125 5597 Ἰησοῦς
1152 5528 1211 5579 ού
1245 5527 1448 5597 γυμνὸς
1480 5528 1576 5580 καὶ
1608 5528 1727 5581 καθ’
1756 5529 1946 5580 ἑαυτὸν

360 5620 389 5676 6
414 5623 477 5677 ὲκ
507 5620 641 5675 Θεοῦ
674 5622 875 5674 νοεῖται
921 5621 1110 5688 Λόγος,
1145 5618 1257 5671 ἀλλ’
1300 5622 1385 5673 ὅτε
1422 5620 1723 5689 προσέλαϐε
1754 5620 1812 5672 τὸ
1853 5622 1945 5673 ἀντ

1117 5822 1595 5875 ⁶⁸Ᾱι’1.1γ,8ιιυ.

1168 5893 1367 5949 “ficu.
1406 5892 1564 5958 1,;‘7.

444 5825 485 5855 "
515 5825 670 5880 Junii.
707 5840 797 5885 xx,
823 5824 912 5883 5".
950 5822 1038 5875 5|.

368 5910 437 5965 Iv,
474 5897 507 5953 ι.
596 5895 679 5950 "l
717 5898 839 5951 Cur.
878 5911 965 5960 av,
998 5896 1083 5947 ‘20.

1680 5822 1720 5849 ‘-‘
1751 5819 1882 5870 lhixl.
1920 5819 1999 5881 li,
2047 5821 2125 5871 Η.

1646 5894 1688 5917 ”
1713 5893 1902 5946 Matth.
1945 5907 2094 5959 um,
2130 5893 2181 5945 υ.

2045 4687 2152 4742 bile
2188 4687 2369 4755 itaque
2402 4700 2626 4754 prorsus
2662 4695 2749 4739 est
2779 4686 2832 4736 iu
2866 4685 3042 4751 ipsum
3071 4682 3324 4737 credere.
3379 4680 3492 4735 Ιιιιο
3542 4697 3637 4750 po-

2044 4780 2150 4833 tins
2183 4786 2533 4848 peccatorum
2568 4774 2847 4829 oblivione
2904 4771 3041 4828 ﬁdes
3090 4772 3143 4825 in
3198 4773 3373 4840 ipsum
3410 4771 3633 4825 decora»

2046 4881 2131 4924 tur
2160 4880 2325 4938 atque
2374 4867 2712 4936 rependitur.
2744 4864 2822 4919 lta
2870 4866 3017 4919 enim
3068 4865 3227 4919 nobis
3275 4864 3512 4918 eximius
3555 4864 3645 4919 ille

2049 4962 2246 5016 Paulus
2276 4961 2505 5015 scribit:
2540 4976 2558 5009 ι
2598 4957 2845 5013 Seieutes
2874 4958 3017 5027 quod
3050 4972 3157 5011 non
3183 4956 3518 5026 justifrcatur
3551 4959 3646 5012 ho-

2052 5070 2139 5109 mo
2177 5070 2242 5108 ex
2272 5052 2531 5122 operibus
2576 5050 2733 5119 legis,
2778 5050 2882 5104 nisi
2925 5064 3021 5119 per
3058 5049 3221 5104 tidem
3255 5047 3383 5104 Jesu
3412 5050 3645 5113 Christi.

2047 5160 2101 5203 et
2144 5164 2243 5203 nos
2282 5147 2335 5200 in
2373 5146 2593 5200 Christo
2631 5142 2761 5198 Jesu
2796 5142 3128 5197 credidimus
3170 5138 3260 5195 “'.
3304 5160 3321 5191 ι
3370 5143 3643 5197 Caeterum

2052 5258 2395 5311 nequaquam
2424 5239 2690 5309 gravabor
2722 5251 2785 5291 ea
2812 5251 2933 5304 qua
2967 5234 3141 5290 fusius
3171 5252 3200 5290 a
3233 5250 3318 5289 me
3354 5235 3503 5290 dicta
3523 5246 3650 5290 sunt

2053 5336 2104 5389 in
2134 5349 2403 5390 surnmam
2433 5332 2688 5401 colligere
2726 5348 2738 5383 :
2777 5329 3035 5384 nimirum
3073 5330 3215 5398 quod
3260 5328 3511 5383 Christus
3543 5345 3649 5383 non

2052 5429 2122 5481 sit
2164 5428 2367 5482 nudum
2406 5442 2470 5479 ac
2498 5441 2592 5494 per
2636 5439 2695 5478 se
2722 5438 2787 5479 ex
2833 5421 2991 5477 Patre
3031 5423 3333 5491 procedens
3369 5420 3603 5475 Verbum
3636 5441 3644 5471 :

2054 5521 2151 5575 sed
2177 5518 2475 5588 assmnpsit
2513 5516 2911 5569 humanitatem
2964 5522 3018 5565 et
3066 5528 3233 5566 carne
3265 5512 3512 5566 indutum
3544 5524 3648 5573 est,

2058 5624 2222 5681 atque
2250 5610 2321 5664 ila
2352 5625 2410 5663 se
2439 5609 2727 5662 habentem
2758 5614 2921 5673 atque
2965 5612 3341 5672 apparentem,
3391 5601 3653 5655 fortnam-

2208 5819 2251 5846 -‘°
2276 5813 2430 5868 Ιιοίιιι.
2468 5827 2503 5864 ι.
2548 5810 2628 5873 I2,
2667 5808 2747 5862 I5.
2827 5806 2865 5833 "
2898 5801 3106 5873 (Iuleas.
3145 5816 3180 5865 Ι,
3228 5801 3307 5858 18.
3404 5804 3449 5830 ⁹²
3474 5800 3653 5857 “diui.

2261 5888 2303 5911 ἐ
2336 5884 2465 5938 ιιηιι.
2494 5885 2545 5939 s.
2619 5871 2711 5911 ’νει
2742 5876 2916 5933 ι;.ιι.ιι.
2952 5888 3007 5941 ιι,
3049 5871 3128 5926 ιιι.
