  <div class='ocr_page' id='page_1' title='image "/cluster/home/n/w/nwhite01/storage/ocr_20150623/75/pst.000005712748/655.png"; bbox 0 0 4036 6336; ppageno 0'>
   <div class='ocr_carea' id='block_1_1' title="bbox 461 402 597 459">
    <p class='ocr_par' dir='ltr' id='par_1_1' title="bbox 461 402 597 459">
     <span class='ocr_line' id='line_1_1' title="bbox 461 402 597 459; baseline 0.029 -4"><span class='ocrx_word' id='word_1_1' title='bbox 461 402 597 459; x_wconf 71' lang='lat' dir='ltr'><strong>i239</strong></span> 
     </span>
    </p>
   </div>
   <div class='ocr_carea' id='block_1_2' title="bbox 1433 400 2650 460">
    <p class='ocr_par' dir='ltr' id='par_1_2' title="bbox 1433 400 2650 460">
     <span class='ocr_line' id='line_1_2' title="bbox 1433 400 2650 460; baseline 0.002 -3"><span class='ocrx_word' id='word_1_2' title='bbox 1433 400 1489 457; x_wconf 91' lang='lat' dir='ltr'><strong>S.</strong></span> <span class='ocrx_word' id='word_1_3' title='bbox 1529 400 1802 459; x_wconf 72' lang='lat' dir='ltr'><strong>CYRILLI</strong></span> <span class='ocrx_word' id='word_1_4' title='bbox 1834 400 2300 457; x_wconf 72' lang='lat' dir='ltr'><strong>ALEXANDRINI</strong></span> <span class='ocrx_word' id='word_1_5' title='bbox 2334 402 2650 460; x_wconf 77' lang='lat' dir='ltr'><strong>ARCHIEP.</strong></span> 
     </span>
    </p>
   </div>
   <div class='ocr_carea' id='block_1_3' title="bbox 3555 413 3689 470">
    <p class='ocr_par' dir='ltr' id='par_1_3' title="bbox 3555 413 3689 470">
     <span class='ocr_line' id='line_1_3' title="bbox 3555 413 3689 470; baseline 0.007 -1"><span class='ocrx_word' id='word_1_6' title='bbox 3555 413 3689 470; x_wconf 71' lang='lat' dir='ltr'><strong>i240</strong></span> 
     </span>
    </p>
   </div>
   <div class='ocr_carea' id='block_1_4' title="bbox 458 514 2019 596">
    <p class='ocr_par' dir='ltr' id='par_1_4' title="bbox 458 514 2018 589">
     <span class='ocr_line' id='line_1_4' title="bbox 458 514 2018 589; baseline -0.001 -18"><span class='ocrx_word' id='word_1_7' title='bbox 458 533 567 589; x_wconf 86' lang='lat' dir='ltr'><strong>que</strong></span> <span class='ocrx_word' id='word_1_8' title='bbox 622 524 859 574; x_wconf 83' lang='lat' dir='ltr'><strong>nostram</strong></span> <span class='ocrx_word' id='word_1_9' title='bbox 908 522 1230 586; x_wconf 70' lang='lat' dir='ltr'><strong>gestantem,</strong></span> <span class='ocrx_word' id='word_1_10' title='bbox 1290 514 1449 569; x_wconf 86' lang='lat' dir='ltr'><strong>Pater</strong></span> <span class='ocrx_word' id='word_1_11' title='bbox 1502 516 1712 570; x_wconf 82' lang='lat' dir='ltr'><strong>sanctis</strong></span> <span class='ocrx_word' id='word_1_12' title='bbox 1762 514 2018 584; x_wconf 70' lang='lat' dir='ltr'><strong>apostolis</strong></span> 
     </span>
    </p>
   </div>
   <div class='ocr_carea' id='block_1_5' title="bbox 2123 514 3696 596">
    <p class='ocr_par' dir='ltr' id='par_1_5' title="bbox 2123 514 3696 596">
     <span class='ocr_line' id='line_1_5' title="bbox 2123 514 3696 596; baseline 0.007 -28"><span class='ocrx_word' id='word_1_13' title='bbox 2123 514 2413 585; x_wconf 81' lang='grc' dir='ltr'>θρὼπινον,</span> <span class='ocrx_word' id='word_1_14' title='bbox 2458 518 2729 589; x_wconf 78' lang='grc' dir='ltr'>ἐνεπλάκη</span> <span class='ocrx_word' id='word_1_15' title='bbox 2755 522 2935 589; x_wconf 81' lang='grc' dir='ltr'>σαρκί·</span> <span class='ocrx_word' id='word_1_16' title='bbox 2980 520 3153 584; x_wconf 79' lang='grc' dir='ltr'>οὕτως</span> <span class='ocrx_word' id='word_1_17' title='bbox 3200 520 3389 592; x_wconf 76' lang='grc' dir='ltr'>ῑχοντα</span> <span class='ocrx_word' id='word_1_18' title='bbox 3424 524 3519 581; x_wconf 72' lang='grc' dir='ltr'>καὶ</span> <span class='ocrx_word' id='word_1_19' title='bbox 3548 526 3696 596; x_wconf 81' lang='grc' dir='ltr'><strong>ὁρώ-</strong></span> 
     </span>
    </p>
   </div>
   <div class='ocr_carea' id='block_1_6' title="bbox 461 602 2022 676">
    <p class='ocr_par' dir='ltr' id='par_1_6' title="bbox 461 602 2022 676">
     <span class='ocr_line' id='line_1_6' title="bbox 461 602 2022 676; baseline -0.003 -13"><span class='ocrx_word' id='word_1_20' title='bbox 461 608 729 675; x_wconf 86' lang='lat' dir='ltr'><strong>ostendlt,</strong></span> <span class='ocrx_word' id='word_1_21' title='bbox 779 606 1143 676; x_wconf 71' lang='lat' dir='ltr'><strong>hujuscemodi</strong></span> <span class='ocrx_word' id='word_1_22' title='bbox 1186 620 1315 661; x_wconf 86' lang='lat' dir='ltr'><strong>voce</strong></span> <span class='ocrx_word' id='word_1_23' title='bbox 1366 606 1578 661; x_wconf 72' lang='lat' dir='ltr'><strong>cmiitus</strong></span> <span class='ocrx_word' id='word_1_24' title='bbox 1606 606 1747 661; x_wconf 85' lang='lat' dir='ltr'><strong>edita</strong></span> <span class='ocrx_word' id='word_1_25' title='bbox 1802 624 1814 660; x_wconf 90' lang='lat'>:</span> <span class='ocrx_word' id='word_1_26' title='bbox 1860 625 1879 660; x_wconf 77' lang='grc' dir='ltr'><strong>ι</strong></span> <span class='ocrx_word' id='word_1_27' title='bbox 1924 602 2022 659; x_wconf 80' lang='lat' dir='ltr'><strong>Hic</strong></span> 
     </span>
    </p>
   </div>
   <div class='ocr_carea' id='block_1_7' title="bbox 463 697 2021 769">
    <p class='ocr_par' dir='ltr' id='par_1_7' title="bbox 463 697 2021 769">
     <span class='ocr_line' id='line_1_7' title="bbox 463 697 2021 769; baseline -0.001 -16"><span class='ocrx_word' id='word_1_28' title='bbox 463 709 543 753; x_wconf 84' lang='lat' dir='ltr'><strong>est</strong></span> <span class='ocrx_word' id='word_1_29' title='bbox 573 697 741 753; x_wconf 79' lang='lat' dir='ltr'><strong>Filius</strong></span> <span class='ocrx_word' id='word_1_30' title='bbox 771 712 925 753; x_wconf 77' lang='lat' dir='ltr'><strong>meus</strong></span> <span class='ocrx_word' id='word_1_31' title='bbox 960 698 1211 762; x_wconf 87' lang='lat' dir='ltr'><strong>dilectus,</strong></span> <span class='ocrx_word' id='word_1_32' title='bbox 1242 698 1293 753; x_wconf 94' lang='lat' dir='ltr'><strong>in</strong></span> <span class='ocrx_word' id='word_1_33' title='bbox 1326 713 1432 768; x_wconf 92' lang='lat' dir='ltr'><strong>quo</strong></span> <span class='ocrx_word' id='word_1_34' title='bbox 1466 700 1596 753; x_wconf 91' lang='lat' dir='ltr'><strong>mihi</strong></span> <span class='ocrx_word' id='word_1_35' title='bbox 1627 698 1759 755; x_wconf 83' lang='lat' dir='ltr'><strong>bene</strong></span> <span class='ocrx_word' id='word_1_36' title='bbox 1786 699 2021 769; x_wconf 79' lang='lat' dir='ltr'><strong>compla-</strong></span> 
     </span>
    </p>
   </div>
   <div class='ocr_carea' id='block_1_8' title="bbox 462 789 2020 863">
    <p class='ocr_par' dir='ltr' id='par_1_8' title="bbox 462 789 2020 863">
     <span class='ocr_line' id='line_1_8' title="bbox 462 789 2020 863; baseline 0.002 -19"><span class='ocrx_word' id='word_1_37' title='bbox 462 790 587 845; x_wconf 87' lang='lat' dir='ltr'><strong>cui:</strong></span> <span class='ocrx_word' id='word_1_38' title='bbox 620 790 794 860; x_wconf 79' lang='lat' dir='ltr'><strong>ipsum</strong></span> <span class='ocrx_word' id='word_1_39' title='bbox 839 789 1022 845; x_wconf 85' lang='lat' dir='ltr'><strong>audite</strong></span> <span class='ocrx_word' id='word_1_40' title='bbox 1050 792 1119 845; x_wconf 82' lang='lat'><strong>&quot;.</strong></span> <span class='ocrx_word' id='word_1_41' title='bbox 1158 810 1176 843; x_wconf 74' lang='grc' dir='ltr'><strong>ι</strong></span> <span class='ocrx_word' id='word_1_42' title='bbox 1216 790 1477 861; x_wconf 84' lang='lat' dir='ltr'><strong>lntelligis</strong></span> <span class='ocrx_word' id='word_1_43' title='bbox 1513 792 1714 863; x_wconf 86' lang='lat' dir='ltr'><strong>itaque,</strong></span> <span class='ocrx_word' id='word_1_44' title='bbox 1754 795 2020 863; x_wconf 92' lang='lat' dir='ltr'><strong>quomodo</strong></span> 
     </span>
    </p>
   </div>
   <div class='ocr_carea' id='block_1_9' title="bbox 462 881 2020 948">
    <p class='ocr_par' dir='ltr' id='par_1_9' title="bbox 462 881 2020 948">
     <span class='ocr_line' id='line_1_9' title="bbox 462 881 2020 948; baseline -0.001 -10"><span class='ocrx_word' id='word_1_45' title='bbox 462 895 569 938; x_wconf 84' lang='lat' dir='ltr'><strong>non</strong></span> <span class='ocrx_word' id='word_1_46' title='bbox 605 881 748 936; x_wconf 83' lang='lat' dir='ltr'><strong>dicat</strong></span> <span class='ocrx_word' id='word_1_47' title='bbox 774 904 785 936; x_wconf 90' lang='lat'><strong>:</strong></span> <span class='ocrx_word' id='word_1_48' title='bbox 820 882 875 935; x_wconf 90' lang='lat' dir='ltr'><strong>In</strong></span> <span class='ocrx_word' id='word_1_49' title='bbox 900 884 1000 937; x_wconf 89' lang='lat' dir='ltr'><strong>hoc</strong></span> <span class='ocrx_word' id='word_1_50' title='bbox 1028 892 1109 936; x_wconf 85' lang='lat' dir='ltr'><strong>est</strong></span> <span class='ocrx_word' id='word_1_51' title='bbox 1139 882 1307 937; x_wconf 85' lang='lat' dir='ltr'><strong>Filius</strong></span> <span class='ocrx_word' id='word_1_52' title='bbox 1336 898 1507 948; x_wconf 83' lang='lat' dir='ltr'><strong>mens,</strong></span> <span class='ocrx_word' id='word_1_53' title='bbox 1544 900 1609 938; x_wconf 91' lang='lat' dir='ltr'><strong>ne</strong></span> <span class='ocrx_word' id='word_1_54' title='bbox 1638 883 1872 939; x_wconf 80' lang='lat' dir='ltr'><strong>vicissim</strong></span> <span class='ocrx_word' id='word_1_55' title='bbox 1905 894 2020 937; x_wconf 89' lang='lat' dir='ltr'><strong>tan-</strong></span> 
     </span>
    </p>
   </div>
   <div class='ocr_carea' id='block_1_10' title="bbox 460 970 2019 1039">
    <p class='ocr_par' dir='ltr' id='par_1_10' title="bbox 460 970 2019 1039">
     <span class='ocr_line' id='line_1_10' title="bbox 460 970 2019 1039; baseline 0.001 -14"><span class='ocrx_word' id='word_1_56' title='bbox 460 984 621 1039; x_wconf 86' lang='lat' dir='ltr'><strong>quam</strong></span> <span class='ocrx_word' id='word_1_57' title='bbox 656 970 792 1026; x_wconf 87' lang='lat' dir='ltr'><strong>alter</strong></span> <span class='ocrx_word' id='word_1_58' title='bbox 839 971 891 1025; x_wconf 93' lang='lat' dir='ltr'><strong>in</strong></span> <span class='ocrx_word' id='word_1_59' title='bbox 921 972 1090 1025; x_wconf 86' lang='lat' dir='ltr'><strong>altero</strong></span> <span class='ocrx_word' id='word_1_60' title='bbox 1114 986 1235 1027; x_wconf 84' lang='lat' dir='ltr'><strong>esse</strong></span> <span class='ocrx_word' id='word_1_61' title='bbox 1259 983 1598 1036; x_wconf 83' lang='lat' dir='ltr'><strong>censeretur,</strong></span> <span class='ocrx_word' id='word_1_62' title='bbox 1636 974 1729 1027; x_wconf 86' lang='lat' dir='ltr'><strong>sed</strong></span> <span class='ocrx_word' id='word_1_63' title='bbox 1767 989 1905 1029; x_wconf 88' lang='lat' dir='ltr'><strong>unus</strong></span> <span class='ocrx_word' id='word_1_64' title='bbox 1934 984 2019 1027; x_wconf 87' lang='lat' dir='ltr'><strong>at—</strong></span> 
     </span>
    </p>
   </div>
   <div class='ocr_carea' id='block_1_11' title="bbox 460 1061 2020 1131">
    <p class='ocr_par' dir='ltr' id='par_1_11' title="bbox 460 1061 2020 1131">
     <span class='ocr_line' id='line_1_11' title="bbox 460 1061 2020 1131; baseline 0.001 -14"><span class='ocrx_word' id='word_1_65' title='bbox 460 1076 567 1131; x_wconf 89' lang='lat' dir='ltr'><strong>que</strong></span> <span class='ocrx_word' id='word_1_66' title='bbox 614 1062 757 1117; x_wconf 87' lang='lat' dir='ltr'><strong>idem</strong></span> <span class='ocrx_word' id='word_1_67' title='bbox 802 1061 1096 1116; x_wconf 78' lang='lat' dir='ltr'><strong>secundum</strong></span> <span class='ocrx_word' id='word_1_68' title='bbox 1127 1062 1384 1116; x_wconf 88' lang='lat' dir='ltr'><strong>unitatem</strong></span> <span class='ocrx_word' id='word_1_69' title='bbox 1430 1064 1833 1117; x_wconf 88' lang='lat' dir='ltr'><strong>incarnationis.</strong></span> <span class='ocrx_word' id='word_1_70' title='bbox 1868 1063 2020 1131; x_wconf 86' lang='lat' dir='ltr'><strong>Quod</strong></span> 
     </span>
    </p>
   </div>
   <div class='ocr_carea' id='block_1_12' title="bbox 462 1151 2021 1227">
    <p class='ocr_par' dir='ltr' id='par_1_12' title="bbox 462 1151 2021 1227">
     <span class='ocr_line' id='line_1_12' title="bbox 462 1151 2021 1227; baseline 0.003 -23"><span class='ocrx_word' id='word_1_71' title='bbox 462 1168 592 1207; x_wconf 87' lang='lat' dir='ltr'><strong>vero</strong></span> <span class='ocrx_word' id='word_1_72' title='bbox 618 1152 977 1223; x_wconf 79' lang='lat' dir='ltr'><strong>periculosum</strong></span> <span class='ocrx_word' id='word_1_73' title='bbox 1024 1151 1447 1222; x_wconf 86' lang='lat' dir='ltr'><strong>damnosumque</strong></span> <span class='ocrx_word' id='word_1_74' title='bbox 1487 1154 1753 1223; x_wconf 78' lang='lat' dir='ltr'><strong>imprimis</strong></span> <span class='ocrx_word' id='word_1_75' title='bbox 1779 1154 1851 1208; x_wconf 78' lang='lat' dir='ltr'><strong>sit</strong></span> <span class='ocrx_word' id='word_1_76' title='bbox 1896 1154 2021 1227; x_wconf 72' lang='lat' dir='ltr'><strong>huip</strong></span> 
     </span>
    </p>
   </div>
   <div class='ocr_carea' id='block_1_13' title="bbox 464 1238 2018 1314">
    <p class='ocr_par' dir='ltr' id='par_1_13' title="bbox 464 1238 2018 1314">
     <span class='ocr_line' id='line_1_13' title="bbox 464 1238 2018 1314; baseline 0.001 -19"><span class='ocrx_word' id='word_1_77' title='bbox 464 1242 745 1296; x_wconf 74' lang='lat' dir='ltr'><strong>sententia:</strong></span> <span class='ocrx_word' id='word_1_78' title='bbox 778 1240 1054 1308; x_wconf 88' lang='lat' dir='ltr'><strong>reluctari,</strong></span> <span class='ocrx_word' id='word_1_79' title='bbox 1095 1238 1331 1298; x_wconf 84' lang='lat' dir='ltr'><strong>Joannes</strong></span> <span class='ocrx_word' id='word_1_80' title='bbox 1365 1242 1523 1298; x_wconf 93' lang='lat' dir='ltr'><strong>facile</strong></span> <span class='ocrx_word' id='word_1_81' title='bbox 1554 1246 1903 1314; x_wconf 74' lang='lat' dir='ltr'><strong>persuaserit,</strong></span> <span class='ocrx_word' id='word_1_82' title='bbox 1946 1246 2018 1298; x_wconf 81' lang='lat' dir='ltr'><strong>ita</strong></span> 
     </span>
    </p>
   </div>
   <div class='ocr_carea' id='block_1_14' title="bbox 460 1330 2021 1402">
    <p class='ocr_par' dir='ltr' id='par_1_14' title="bbox 460 1330 2021 1402">
     <span class='ocr_line' id='line_1_14' title="bbox 460 1330 2021 1402; baseline 0.001 -16"><span class='ocrx_word' id='word_1_83' title='bbox 460 1334 667 1396; x_wconf 86' lang='lat' dir='ltr'><strong>dicens,</strong></span> <span class='ocrx_word' id='word_1_84' title='bbox 698 1332 841 1400; x_wconf 88' lang='lat' dir='ltr'><strong>quod</strong></span> <span class='ocrx_word' id='word_1_85' title='bbox 873 1331 1012 1384; x_wconf 91' lang='lat' dir='ltr'><strong>idem</strong></span> <span class='ocrx_word' id='word_1_86' title='bbox 1042 1330 1114 1384; x_wconf 84' lang='lat' dir='ltr'><strong>sit</strong></span> <span class='ocrx_word' id='word_1_87' title='bbox 1146 1332 1520 1387; x_wconf 87' lang='lat' dir='ltr'><strong>testimonium</strong></span> <span class='ocrx_word' id='word_1_88' title='bbox 1568 1333 1658 1387; x_wconf 85' lang='lat' dir='ltr'><strong>Dei</strong></span> <span class='ocrx_word' id='word_1_89' title='bbox 1686 1334 1831 1402; x_wconf 89' lang='lat' dir='ltr'><strong>quod</strong></span> <span class='ocrx_word' id='word_1_90' title='bbox 1863 1342 2021 1388; x_wconf 89' lang='lat' dir='ltr'><strong>testa-</strong></span> 
     </span>
    </p>
   </div>
   <div class='ocr_carea' id='block_1_15' title="bbox 461 1422 2018 1490">
    <p class='ocr_par' dir='ltr' id='par_1_15' title="bbox 461 1422 2018 1490">
     <span class='ocr_line' id='line_1_15' title="bbox 461 1422 2018 1490; baseline 0.001 -14"><span class='ocrx_word' id='word_1_91' title='bbox 461 1436 545 1478; x_wconf 86' lang='lat' dir='ltr'><strong>tus</strong></span> <span class='ocrx_word' id='word_1_92' title='bbox 580 1435 663 1479; x_wconf 88' lang='lat' dir='ltr'><strong>est</strong></span> <span class='ocrx_word' id='word_1_93' title='bbox 698 1425 763 1480; x_wconf 86' lang='lat' dir='ltr'><strong>de</strong></span> <span class='ocrx_word' id='word_1_94' title='bbox 809 1422 947 1481; x_wconf 85' lang='lat' dir='ltr'><strong>Filio</strong></span> <span class='ocrx_word' id='word_1_95' title='bbox 989 1439 1087 1480; x_wconf 89' lang='lat' dir='ltr'><strong>suo</strong></span> <span class='ocrx_word' id='word_1_96' title='bbox 1114 1442 1127 1477; x_wconf 88' lang='lat'><strong>:</strong></span> <span class='ocrx_word' id='word_1_97' title='bbox 1155 1443 1173 1475; x_wconf 79' lang='grc' dir='ltr'>ι</span> <span class='ocrx_word' id='word_1_98' title='bbox 1206 1422 1308 1490; x_wconf 85' lang='lat' dir='ltr'><strong>Qui</strong></span> <span class='ocrx_word' id='word_1_99' title='bbox 1364 1423 1534 1477; x_wconf 91' lang='lat' dir='ltr'><strong>credit</strong></span> <span class='ocrx_word' id='word_1_100' title='bbox 1576 1424 1627 1477; x_wconf 91' lang='lat' dir='ltr'><strong>in</strong></span> <span class='ocrx_word' id='word_1_101' title='bbox 1672 1423 1864 1477; x_wconf 82' lang='lat' dir='ltr'><strong>Filium</strong></span> <span class='ocrx_word' id='word_1_102' title='bbox 1904 1424 2018 1488; x_wconf 86' lang='lat' dir='ltr'><strong>Dei,</strong></span> 
     </span>
    </p>
   </div>
   <div class='ocr_carea' id='block_1_16' title="bbox 459 1518 2018 1585">
    <p class='ocr_par' dir='ltr' id='par_1_16' title="bbox 459 1518 2018 1585">
     <span class='ocr_line' id='line_1_16' title="bbox 459 1518 2018 1585; baseline -0.003 -10"><span class='ocrx_word' id='word_1_103' title='bbox 459 1522 624 1576; x_wconf 88' lang='lat' dir='ltr'><strong>habet</strong></span> <span class='ocrx_word' id='word_1_104' title='bbox 666 1522 1028 1578; x_wconf 83' lang='lat' dir='ltr'><strong>testimonium</strong></span> <span class='ocrx_word' id='word_1_105' title='bbox 1064 1518 1155 1574; x_wconf 88' lang='lat' dir='ltr'><strong>Dei</strong></span> <span class='ocrx_word' id='word_1_106' title='bbox 1190 1521 1240 1573; x_wconf 92' lang='lat' dir='ltr'><strong>in</strong></span> <span class='ocrx_word' id='word_1_107' title='bbox 1294 1534 1371 1574; x_wconf 86' lang='lat' dir='ltr'><strong>se.</strong></span> <span class='ocrx_word' id='word_1_108' title='bbox 1419 1519 1518 1585; x_wconf 87' lang='lat' dir='ltr'><strong>Qui</strong></span> <span class='ocrx_word' id='word_1_109' title='bbox 1552 1533 1657 1572; x_wconf 93' lang='lat' dir='ltr'><strong>non</strong></span> <span class='ocrx_word' id='word_1_110' title='bbox 1688 1519 1857 1572; x_wconf 84' lang='lat' dir='ltr'><strong>credit</strong></span> <span class='ocrx_word' id='word_1_111' title='bbox 1892 1518 2018 1583; x_wconf 87' lang='lat' dir='ltr'><strong>Deo,</strong></span> 
     </span>
    </p>
   </div>
   <div class='ocr_carea' id='block_1_17' title="bbox 461 1609 2019 1680">
    <p class='ocr_par' dir='ltr' id='par_1_17' title="bbox 461 1609 2019 1680">
     <span class='ocr_line' id='line_1_17' title="bbox 461 1609 2019 1680; baseline -0.001 -15"><span class='ocrx_word' id='word_1_112' title='bbox 461 1614 777 1667; x_wconf 87' lang='lat' dir='ltr'><strong>mendacem</strong></span> <span class='ocrx_word' id='word_1_113' title='bbox 808 1611 938 1665; x_wconf 84' lang='lat' dir='ltr'><strong>facit</strong></span> <span class='ocrx_word' id='word_1_114' title='bbox 976 1626 1141 1676; x_wconf 90' lang='lat' dir='ltr'><strong>eum;</strong></span> <span class='ocrx_word' id='word_1_115' title='bbox 1179 1609 1304 1680; x_wconf 88' lang='lat' dir='ltr'><strong>quia</strong></span> <span class='ocrx_word' id='word_1_116' title='bbox 1345 1624 1449 1663; x_wconf 90' lang='lat' dir='ltr'><strong>non</strong></span> <span class='ocrx_word' id='word_1_117' title='bbox 1493 1610 1664 1663; x_wconf 87' lang='lat' dir='ltr'><strong>credit</strong></span> <span class='ocrx_word' id='word_1_118' title='bbox 1698 1610 1749 1661; x_wconf 92' lang='lat' dir='ltr'><strong>in</strong></span> <span class='ocrx_word' id='word_1_119' title='bbox 1782 1610 2019 1663; x_wconf 87' lang='lat' dir='ltr'><strong>testimo-</strong></span> 
     </span>
    </p>
   </div>
   <div class='ocr_carea' id='block_1_18' title="bbox 460 1697 2019 1772">
    <p class='ocr_par' dir='ltr' id='par_1_18' title="bbox 460 1697 2019 1772">
     <span class='ocr_line' id='line_1_18' title="bbox 460 1697 2019 1772; baseline -0.003 -16"><span class='ocrx_word' id='word_1_120' title='bbox 460 1703 605 1757; x_wconf 87' lang='lat' dir='ltr'><strong>nium</strong></span> <span class='ocrx_word' id='word_1_121' title='bbox 628 1702 769 1772; x_wconf 91' lang='lat' dir='ltr'><strong>quod</strong></span> <span class='ocrx_word' id='word_1_122' title='bbox 786 1702 1102 1755; x_wconf 84' lang='lat' dir='ltr'><strong>testificatus</strong></span> <span class='ocrx_word' id='word_1_123' title='bbox 1116 1711 1197 1755; x_wconf 87' lang='lat' dir='ltr'><strong>est</strong></span> <span class='ocrx_word' id='word_1_124' title='bbox 1216 1702 1353 1754; x_wconf 89' lang='lat' dir='ltr'><strong>Deus</strong></span> <span class='ocrx_word' id='word_1_125' title='bbox 1368 1702 1432 1753; x_wconf 93' lang='lat' dir='ltr'><strong>de</strong></span> <span class='ocrx_word' id='word_1_126' title='bbox 1449 1698 1583 1753; x_wconf 85' lang='lat' dir='ltr'><strong>Filio</strong></span> <span class='ocrx_word' id='word_1_127' title='bbox 1599 1713 1713 1752; x_wconf 92' lang='lat' dir='ltr'><strong>suo.</strong></span> <span class='ocrx_word' id='word_1_128' title='bbox 1731 1718 1748 1749; x_wconf 79' lang='grc' dir='ltr'>ι</span> <span class='ocrx_word' id='word_1_129' title='bbox 1771 1697 2019 1752; x_wconf 87' lang='lat' dir='ltr'><strong>Testatus</strong></span> 
     </span>
    </p>
   </div>
   <div class='ocr_carea' id='block_1_19' title="bbox 459 1790 2017 1862">
    <p class='ocr_par' dir='ltr' id='par_1_19' title="bbox 459 1790 2017 1862">
     <span class='ocr_line' id='line_1_19' title="bbox 459 1790 2017 1862; baseline -0.002 -16"><span class='ocrx_word' id='word_1_130' title='bbox 459 1804 636 1846; x_wconf 84' lang='lat' dir='ltr'><strong>autem</strong></span> <span class='ocrx_word' id='word_1_131' title='bbox 677 1802 758 1847; x_wconf 82' lang='lat' dir='ltr'><strong>est</strong></span> <span class='ocrx_word' id='word_1_132' title='bbox 797 1792 936 1862; x_wconf 92' lang='lat' dir='ltr'><strong>quod</strong></span> <span class='ocrx_word' id='word_1_133' title='bbox 967 1791 1063 1845; x_wconf 84' lang='lat' dir='ltr'><strong>Hic</strong></span> <span class='ocrx_word' id='word_1_134' title='bbox 1089 1792 1179 1859; x_wconf 89' lang='lat' dir='ltr'><strong>qui</strong></span> <span class='ocrx_word' id='word_1_135' title='bbox 1232 1791 1283 1844; x_wconf 90' lang='lat' dir='ltr'><strong>in</strong></span> <span class='ocrx_word' id='word_1_136' title='bbox 1317 1804 1479 1845; x_wconf 86' lang='lat' dir='ltr'><strong>carne</strong></span> <span class='ocrx_word' id='word_1_137' title='bbox 1519 1800 1568 1844; x_wconf 87' lang='lat' dir='ltr'><strong>et</strong></span> <span class='ocrx_word' id='word_1_138' title='bbox 1620 1793 1670 1843; x_wconf 91' lang='lat' dir='ltr'><strong>in</strong></span> <span class='ocrx_word' id='word_1_139' title='bbox 1704 1790 1872 1844; x_wconf 86' lang='lat' dir='ltr'><strong>forma</strong></span> <span class='ocrx_word' id='word_1_140' title='bbox 1905 1806 2017 1844; x_wconf 85' lang='lat' dir='ltr'><strong>ser-</strong></span> 
     </span>
    </p>
   </div>
   <div class='ocr_carea' id='block_1_20' title="bbox 457 1878 2019 1951">
    <p class='ocr_par' dir='ltr' id='par_1_20' title="bbox 457 1878 2019 1951">
     <span class='ocr_line' id='line_1_20' title="bbox 457 1878 2019 1951; baseline -0.002 -17"><span class='ocrx_word' id='word_1_141' title='bbox 457 1884 508 1935; x_wconf 91' lang='lat' dir='ltr'><strong>vi</strong></span> <span class='ocrx_word' id='word_1_142' title='bbox 535 1882 888 1951; x_wconf 88' lang='lat' dir='ltr'><strong>conspicitur,</strong></span> <span class='ocrx_word' id='word_1_143' title='bbox 924 1889 1006 1935; x_wconf 89' lang='lat' dir='ltr'><strong>est</strong></span> <span class='ocrx_word' id='word_1_144' title='bbox 1036 1879 1383 1949; x_wconf 74' lang='lat' dir='ltr'><strong>singulariter</strong></span> <span class='ocrx_word' id='word_1_145' title='bbox 1408 1893 1471 1932; x_wconf 92' lang='lat' dir='ltr'><strong>ac</strong></span> <span class='ocrx_word' id='word_1_146' title='bbox 1499 1878 1840 1947; x_wconf 84' lang='lat' dir='ltr'><strong>peculiariter</strong></span> <span class='ocrx_word' id='word_1_147' title='bbox 1864 1893 2019 1933; x_wconf 83' lang='lat' dir='ltr'><strong>verus</strong></span> 
     </span>
    </p>
   </div>
   <div class='ocr_carea' id='block_1_21' title="bbox 458 1970 2022 2039">
    <p class='ocr_par' dir='ltr' id='par_1_21' title="bbox 458 1970 2022 2039">
     <span class='ocr_line' id='line_1_21' title="bbox 458 1970 2022 2039; baseline -0.002 -13"><span class='ocrx_word' id='word_1_148' title='bbox 458 1987 609 2028; x_wconf 83' lang='lat' dir='ltr'><strong>meus</strong></span> <span class='ocrx_word' id='word_1_149' title='bbox 638 1971 825 2026; x_wconf 81' lang='lat' dir='ltr'><strong>Filius.</strong></span> <span class='ocrx_word' id='word_1_150' title='bbox 860 1971 997 2038; x_wconf 83' lang='lat' dir='ltr'><strong>Quid</strong></span> <span class='ocrx_word' id='word_1_151' title='bbox 1025 1970 1189 2024; x_wconf 84' lang='lat' dir='ltr'><strong>vere?</strong></span> <span class='ocrx_word' id='word_1_152' title='bbox 1218 1985 1397 2023; x_wconf 91' lang='lat' dir='ltr'><strong>nonne</strong></span> <span class='ocrx_word' id='word_1_153' title='bbox 1434 1978 1487 2022; x_wconf 88' lang='lat' dir='ltr'><strong>et</strong></span> <span class='ocrx_word' id='word_1_154' title='bbox 1522 1970 1747 2038; x_wconf 77' lang='lat' dir='ltr'><strong>gratiam</strong></span> <span class='ocrx_word' id='word_1_155' title='bbox 1778 1986 1895 2039; x_wconf 76' lang='lat' dir='ltr'><strong>qnce</strong></span> <span class='ocrx_word' id='word_1_156' title='bbox 1927 1986 2022 2039; x_wconf 87' lang='lat' dir='ltr'><strong>per</strong></span> 
     </span>
    </p>
   </div>
   <div class='ocr_carea' id='block_1_22' title="bbox 457 2061 2023 2133">
    <p class='ocr_par' dir='ltr' id='par_1_22' title="bbox 457 2061 2023 2133">
     <span class='ocr_line' id='line_1_22' title="bbox 457 2061 2023 2133; baseline -0.002 -15"><span class='ocrx_word' id='word_1_157' title='bbox 457 2079 667 2119; x_wconf 86' lang='lat' dir='ltr'><strong>sacrum</strong></span> <span class='ocrx_word' id='word_1_158' title='bbox 696 2064 1014 2133; x_wconf 87' lang='lat' dir='ltr'><strong>baptismum</strong></span> <span class='ocrx_word' id='word_1_159' title='bbox 1063 2061 1355 2127; x_wconf 84' lang='lat' dir='ltr'><strong>confertur,</strong></span> <span class='ocrx_word' id='word_1_160' title='bbox 1381 2071 1434 2117; x_wconf 93' lang='lat' dir='ltr'><strong>et</strong></span> <span class='ocrx_word' id='word_1_161' title='bbox 1468 2061 1879 2115; x_wconf 85' lang='lat' dir='ltr'><strong>viviticationem</strong></span> <span class='ocrx_word' id='word_1_162' title='bbox 1905 2077 2023 2129; x_wconf 68' lang='lat' dir='ltr'><strong>qua:</strong></span> 
     </span>
    </p>
   </div>
   <div class='ocr_carea' id='block_1_23' title="bbox 460 2151 2022 2224">
    <p class='ocr_par' dir='ltr' id='par_1_23' title="bbox 460 2151 2022 2224">
     <span class='ocr_line' id='line_1_23' title="bbox 460 2151 2022 2224; baseline -0.004 -14"><span class='ocrx_word' id='word_1_163' title='bbox 460 2159 511 2211; x_wconf 88' lang='lat' dir='ltr'><strong>in</strong></span> <span class='ocrx_word' id='word_1_164' title='bbox 551 2156 667 2224; x_wconf 89' lang='lat' dir='ltr'><strong>ipso</strong></span> <span class='ocrx_word' id='word_1_165' title='bbox 711 2166 814 2219; x_wconf 84' lang='lat' dir='ltr'><strong>est,</strong></span> <span class='ocrx_word' id='word_1_166' title='bbox 853 2162 909 2208; x_wconf 87' lang='lat' dir='ltr'><strong>et</strong></span> <span class='ocrx_word' id='word_1_167' title='bbox 956 2152 1423 2223; x_wconf 76' lang='lat' dir='ltr'><strong>participationem</strong></span> <span class='ocrx_word' id='word_1_168' title='bbox 1460 2151 1551 2206; x_wconf 88' lang='lat' dir='ltr'><strong>Dei</strong></span> <span class='ocrx_word' id='word_1_169' title='bbox 1586 2166 1680 2219; x_wconf 89' lang='lat' dir='ltr'><strong>per</strong></span> <span class='ocrx_word' id='word_1_170' title='bbox 1717 2152 2022 2205; x_wconf 55' lang='lat' dir='ltr'><strong>sanctifica-</strong></span> 
     </span>
    </p>
   </div>
   <div class='ocr_carea' id='block_1_24' title="bbox 460 2242 2021 2325">
    <p class='ocr_par' dir='ltr' id='par_1_24' title="bbox 460 2242 2021 2325">
     <span class='ocr_line' id='line_1_24' title="bbox 460 2242 2021 2325; baseline -0.004 -24"><span class='ocrx_word' id='word_1_171' title='bbox 460 2249 657 2301; x_wconf 89' lang='lat' dir='ltr'><strong>tionem</strong></span> <span class='ocrx_word' id='word_1_172' title='bbox 697 2246 749 2299; x_wconf 89' lang='lat' dir='ltr'><strong>in</strong></span> <span class='ocrx_word' id='word_1_173' title='bbox 788 2245 1013 2313; x_wconf 85' lang='lat' dir='ltr'><strong>Spiritu,</strong></span> <span class='ocrx_word' id='word_1_174' title='bbox 1042 2262 1143 2325; x_wconf 82' lang='lat' dir='ltr'><strong>per</strong></span> <span class='ocrx_word' id='word_1_175' title='bbox 1184 2242 1367 2299; x_wconf 83' lang='lat' dir='ltr'><strong>Jesum</strong></span> <span class='ocrx_word' id='word_1_176' title='bbox 1413 2243 1684 2298; x_wconf 81' lang='lat' dir='ltr'><strong>Christum</strong></span> <span class='ocrx_word' id='word_1_177' title='bbox 1732 2243 1867 2294; x_wconf 82' lang='lat' dir='ltr'><strong>facta</strong></span> <span class='ocrx_word' id='word_1_178' title='bbox 1901 2257 2021 2295; x_wconf 83' lang='lat' dir='ltr'><strong>esse</strong></span> 
     </span>
    </p>
   </div>
   <div class='ocr_carea' id='block_1_25' title="bbox 456 2337 735 2395">
    <p class='ocr_par' dir='ltr' id='par_1_25' title="bbox 456 2337 735 2395">
     <span class='ocr_line' id='line_1_25' title="bbox 456 2337 735 2395; baseline -0.004 -2"><span class='ocrx_word' id='word_1_179' title='bbox 456 2337 735 2395; x_wconf 83' lang='lat' dir='ltr'><strong>dicemus?</strong></span> 
     </span>
    </p>
   </div>
   <div class='ocr_carea' id='block_1_26' title="bbox 530 2511 2018 2578">
    <p class='ocr_par' dir='ltr' id='par_1_26' title="bbox 530 2511 2018 2578">
     <span class='ocr_line' id='line_1_26' title="bbox 530 2511 2018 2578; baseline -0.005 -5"><span class='ocrx_word' id='word_1_180' title='bbox 530 2520 589 2574; x_wconf 99' lang='grc' dir='ltr'><strong>Β.</strong></span> <span class='ocrx_word' id='word_1_181' title='bbox 611 2518 865 2575; x_wconf 91' lang='lat' dir='ltr'><strong>Omnino.</strong></span> <span class='ocrx_word' id='word_1_182' title='bbox 897 2514 1117 2570; x_wconf 80' lang='lat' dir='ltr'><strong>Memini</strong></span> <span class='ocrx_word' id='word_1_183' title='bbox 1154 2514 1297 2568; x_wconf 90' lang='lat' dir='ltr'><strong>enim</strong></span> <span class='ocrx_word' id='word_1_184' title='bbox 1322 2512 1545 2568; x_wconf 84' lang='lat' dir='ltr'><strong>Joannis</strong></span> <span class='ocrx_word' id='word_1_185' title='bbox 1568 2512 1794 2567; x_wconf 87' lang='lat' dir='ltr'><strong>dicentis</strong></span> <span class='ocrx_word' id='word_1_186' title='bbox 1822 2531 1833 2565; x_wconf 89' lang='lat'><strong>:</strong></span> <span class='ocrx_word' id='word_1_187' title='bbox 1870 2530 1887 2563; x_wconf 78' lang='grc' dir='ltr'>ι</span> <span class='ocrx_word' id='word_1_188' title='bbox 1920 2511 2018 2578; x_wconf 88' lang='lat' dir='ltr'><strong>Qui</strong></span> 
     </span>
    </p>
   </div>
   <div class='ocr_carea' id='block_1_27' title="bbox 459 2606 2021 2680">
    <p class='ocr_par' dir='ltr' id='par_1_27' title="bbox 459 2606 2021 2680">
     <span class='ocr_line' id='line_1_27' title="bbox 459 2606 2021 2680; baseline -0.006 -13"><span class='ocrx_word' id='word_1_189' title='bbox 459 2621 581 2680; x_wconf 86' lang='lat' dir='ltr'><strong>post</strong></span> <span class='ocrx_word' id='word_1_190' title='bbox 610 2626 694 2665; x_wconf 90' lang='lat' dir='ltr'><strong>me</strong></span> <span class='ocrx_word' id='word_1_191' title='bbox 728 2609 891 2675; x_wconf 88' lang='lat' dir='ltr'><strong>venit,</strong></span> <span class='ocrx_word' id='word_1_192' title='bbox 928 2610 1121 2664; x_wconf 83' lang='lat' dir='ltr'><strong>fortior</strong></span> <span class='ocrx_word' id='word_1_193' title='bbox 1167 2622 1251 2661; x_wconf 90' lang='lat' dir='ltr'><strong>me</strong></span> <span class='ocrx_word' id='word_1_194' title='bbox 1290 2617 1411 2669; x_wconf 87' lang='lat' dir='ltr'><strong>est,</strong></span> <span class='ocrx_word' id='word_1_195' title='bbox 1456 2607 1609 2675; x_wconf 86' lang='lat' dir='ltr'><strong>cujus</strong></span> <span class='ocrx_word' id='word_1_196' title='bbox 1654 2619 1756 2657; x_wconf 89' lang='lat' dir='ltr'><strong>non</strong></span> <span class='ocrx_word' id='word_1_197' title='bbox 1794 2620 1909 2657; x_wconf 90' lang='lat' dir='ltr'><strong>sum</strong></span> <span class='ocrx_word' id='word_1_198' title='bbox 1942 2606 2021 2657; x_wconf 69' lang='lat' dir='ltr'><strong>«ti-</strong></span> 
     </span>
    </p>
   </div>
   <div class='ocr_carea' id='block_1_28' title="bbox 458 2694 2018 2771">
    <p class='ocr_par' dir='ltr' id='par_1_28' title="bbox 458 2694 2018 2771">
     <span class='ocr_line' id='line_1_28' title="bbox 458 2694 2018 2771; baseline -0.006 -15"><span class='ocrx_word' id='word_1_199' title='bbox 458 2720 595 2771; x_wconf 75' lang='lat' dir='ltr'><strong>gnus</strong></span> <span class='ocrx_word' id='word_1_200' title='bbox 629 2703 997 2757; x_wconf 86' lang='lat' dir='ltr'><strong>calceamenta</strong></span> <span class='ocrx_word' id='word_1_201' title='bbox 1042 2710 1258 2769; x_wconf 87' lang='lat' dir='ltr'><strong>portare</strong></span> <span class='ocrx_word' id='word_1_202' title='bbox 1301 2718 1313 2752; x_wconf 85' lang='lat'><strong>:</strong></span> <span class='ocrx_word' id='word_1_203' title='bbox 1361 2697 1474 2765; x_wconf 89' lang='lat' dir='ltr'><strong>ipse</strong></span> <span class='ocrx_word' id='word_1_204' title='bbox 1520 2710 1611 2749; x_wconf 89' lang='lat' dir='ltr'><strong>vos</strong></span> <span class='ocrx_word' id='word_1_205' title='bbox 1644 2694 1935 2763; x_wconf 86' lang='lat' dir='ltr'><strong>baptizabit</strong></span> <span class='ocrx_word' id='word_1_206' title='bbox 1967 2697 2018 2747; x_wconf 87' lang='lat' dir='ltr'><strong>in</strong></span> 
     </span>
    </p>
   </div>
   <div class='ocr_carea' id='block_1_29' title="bbox 458 2787 1277 2860">
    <p class='ocr_par' dir='ltr' id='par_1_29' title="bbox 458 2787 1277 2860">
     <span class='ocr_line' id='line_1_29' title="bbox 458 2787 1277 2860; baseline -0.01 -13"><span class='ocrx_word' id='word_1_207' title='bbox 458 2794 659 2860; x_wconf 76' lang='lat' dir='ltr'><strong>Spiritu</strong></span> <span class='ocrx_word' id='word_1_208' title='bbox 694 2802 883 2849; x_wconf 86' lang='lat' dir='ltr'><strong>sancto</strong></span> <span class='ocrx_word' id='word_1_209' title='bbox 912 2799 965 2847; x_wconf 86' lang='lat' dir='ltr'><strong>et</strong></span> <span class='ocrx_word' id='word_1_210' title='bbox 1002 2790 1124 2859; x_wconf 90' lang='lat' dir='ltr'><strong>igne</strong></span> <span class='ocrx_word' id='word_1_211' title='bbox 1155 2787 1220 2840; x_wconf 82' lang='lat'><strong>”.</strong></span> <span class='ocrx_word' id='word_1_212' title='bbox 1259 2807 1277 2839; x_wconf 83' lang='grc'>›</span> 
     </span>
    </p>
   </div>
   <div class='ocr_carea' id='block_1_30' title="bbox 531 2969 2023 3041">
    <p class='ocr_par' dir='ltr' id='par_1_30' title="bbox 531 2969 2023 3041">
     <span class='ocr_line' id='line_1_30' title="bbox 531 2969 2023 3041; baseline -0.011 -11"><span class='ocrx_word' id='word_1_213' title='bbox 531 2977 596 3029; x_wconf 79' lang='grc' dir='ltr'><strong>Α.</strong></span> <span class='ocrx_word' id='word_1_214' title='bbox 632 2971 1067 3029; x_wconf 88' lang='lat' dir='ltr'><strong>llumanitatisne</strong></span> <span class='ocrx_word' id='word_1_215' title='bbox 1108 2969 1270 3041; x_wconf 86' lang='lat' dir='ltr'><strong>igitur</strong></span> <span class='ocrx_word' id='word_1_216' title='bbox 1310 2978 1507 3024; x_wconf 78' lang='lat' dir='ltr'><strong>nostrae</strong></span> <span class='ocrx_word' id='word_1_217' title='bbox 1562 2982 1697 3035; x_wconf 85' lang='lat' dir='ltr'><strong>opus</strong></span> <span class='ocrx_word' id='word_1_218' title='bbox 1733 2979 1853 3018; x_wconf 89' lang='lat' dir='ltr'><strong>esse</strong></span> <span class='ocrx_word' id='word_1_219' title='bbox 1895 2979 2023 3019; x_wconf 90' lang='lat' dir='ltr'><strong>cen-</strong></span> 
     </span>
    </p>
   </div>
   <div class='ocr_carea' id='block_1_31' title="bbox 459 3057 2022 3134">
    <p class='ocr_par' dir='ltr' id='par_1_31' title="bbox 459 3057 2022 3134">
     <span class='ocr_line' id='line_1_31' title="bbox 459 3057 2022 3134; baseline -0.008 -12"><span class='ocrx_word' id='word_1_220' title='bbox 459 3069 747 3132; x_wconf 79' lang='lat' dir='ltr'><strong>sebimus,</strong></span> <span class='ocrx_word' id='word_1_221' title='bbox 808 3065 862 3120; x_wconf 87' lang='lat' dir='ltr'><strong>in</strong></span> <span class='ocrx_word' id='word_1_222' title='bbox 942 3063 1149 3134; x_wconf 84' lang='lat' dir='ltr'><strong>Spiritu</strong></span> <span class='ocrx_word' id='word_1_223' title='bbox 1207 3072 1396 3116; x_wconf 88' lang='lat' dir='ltr'><strong>sancto</strong></span> <span class='ocrx_word' id='word_1_224' title='bbox 1464 3069 1515 3113; x_wconf 91' lang='lat' dir='ltr'><strong>et</strong></span> <span class='ocrx_word' id='word_1_225' title='bbox 1570 3061 1689 3126; x_wconf 90' lang='lat' dir='ltr'><strong>igne</strong></span> <span class='ocrx_word' id='word_1_226' title='bbox 1749 3057 2022 3124; x_wconf 83' lang='lat' dir='ltr'><strong>baptizare</strong></span> 
     </span>
    </p>
   </div>
   <div class='ocr_carea' id='block_1_32' title="bbox 456 3155 647 3228">
    <p class='ocr_par' dir='ltr' id='par_1_32' title="bbox 456 3155 647 3228">
     <span class='ocr_line' id='line_1_32' title="bbox 456 3155 647 3228; baseline -0.005 -18"><span class='ocrx_word' id='word_1_227' title='bbox 456 3172 610 3228; x_wconf 86' lang='lat' dir='ltr'><strong>posse</strong></span> <span class='ocrx_word' id='word_1_228' title='bbox 626 3155 647 3209; x_wconf 85' lang='lat'><strong>?</strong></span> 
     </span>
    </p>
   </div>
   <div class='ocr_carea' id='block_1_33' title="bbox 531 3241 1370 3315">
    <p class='ocr_par' dir='ltr' id='par_1_33' title="bbox 531 3241 1370 3315">
     <span class='ocr_line' id='line_1_33' title="bbox 531 3241 1370 3315; baseline -0.011 -12"><span class='ocrx_word' id='word_1_229' title='bbox 531 3251 591 3303; x_wconf 89' lang='grc' dir='ltr'><strong>Β.</strong></span> <span class='ocrx_word' id='word_1_230' title='bbox 620 3248 737 3314; x_wconf 85' lang='lat' dir='ltr'><strong>Quo</strong></span> <span class='ocrx_word' id='word_1_231' title='bbox 761 3255 915 3315; x_wconf 88' lang='lat' dir='ltr'><strong>pacto</strong></span> <span class='ocrx_word' id='word_1_232' title='bbox 947 3246 1008 3298; x_wconf 88' lang='lat' dir='ltr'><strong>id.</strong></span> <span class='ocrx_word' id='word_1_233' title='bbox 1028 3243 1144 3299; x_wconf 83' lang='lat' dir='ltr'><strong>ﬁeri</strong></span> <span class='ocrx_word' id='word_1_234' title='bbox 1170 3241 1370 3310; x_wconf 86' lang='lat' dir='ltr'><strong>possit?</strong></span> 
     </span>
    </p>
   </div>
   <div class='ocr_carea' id='block_1_34' title="bbox 528 3335 2020 3413">
    <p class='ocr_par' dir='ltr' id='par_1_34' title="bbox 528 3335 2020 3413">
     <span class='ocr_line' id='line_1_34' title="bbox 528 3335 2020 3413; baseline -0.009 -16"><span class='ocrx_word' id='word_1_235' title='bbox 528 3342 769 3413; x_wconf 77' lang='lat' dir='ltr'><strong>706A.</strong></span> <span class='ocrx_word' id='word_1_236' title='bbox 790 3341 948 3409; x_wconf 83' lang='lat' dir='ltr'><strong>Atqui</strong></span> <span class='ocrx_word' id='word_1_237' title='bbox 984 3340 1155 3393; x_wconf 89' lang='lat' dir='ltr'><strong>virum</strong></span> <span class='ocrx_word' id='word_1_238' title='bbox 1179 3335 1397 3404; x_wconf 84' lang='lat' dir='ltr'><strong>jamjam</strong></span> <span class='ocrx_word' id='word_1_239' title='bbox 1428 3344 1709 3388; x_wconf 81' lang='lat' dir='ltr'><strong>venturum</strong></span> <span class='ocrx_word' id='word_1_240' title='bbox 1738 3344 1897 3401; x_wconf 81' lang='lat' dir='ltr'><strong>atque</strong></span> <span class='ocrx_word' id='word_1_241' title='bbox 1927 3349 2020 3402; x_wconf 86' lang='lat' dir='ltr'><strong>ap-</strong></span> 
     </span>
    </p>
   </div>
   <div class='ocr_carea' id='block_1_35' title="bbox 458 3424 2023 3505">
    <p class='ocr_par' dir='ltr' id='par_1_35' title="bbox 458 3424 2023 3505">
     <span class='ocr_line' id='line_1_35' title="bbox 458 3424 2023 3505; baseline -0.008 -15"><span class='ocrx_word' id='word_1_242' title='bbox 458 3437 753 3505; x_wconf 87' lang='lat' dir='ltr'><strong>pariturum</strong></span> <span class='ocrx_word' id='word_1_243' title='bbox 809 3432 1014 3497; x_wconf 86' lang='lat' dir='ltr'><strong>dicens,</strong></span> <span class='ocrx_word' id='word_1_244' title='bbox 1048 3431 1220 3497; x_wconf 79' lang='lat' dir='ltr'><strong>ipsum</strong></span> <span class='ocrx_word' id='word_1_245' title='bbox 1272 3429 1325 3481; x_wconf 89' lang='lat' dir='ltr'><strong>in</strong></span> <span class='ocrx_word' id='word_1_246' title='bbox 1360 3428 1481 3497; x_wconf 90' lang='lat' dir='ltr'><strong>igne</strong></span> <span class='ocrx_word' id='word_1_247' title='bbox 1516 3433 1569 3479; x_wconf 93' lang='lat' dir='ltr'><strong>et</strong></span> <span class='ocrx_word' id='word_1_248' title='bbox 1606 3424 1806 3492; x_wconf 89' lang='lat' dir='ltr'><strong>Spiritu</strong></span> <span class='ocrx_word' id='word_1_249' title='bbox 1838 3435 2023 3477; x_wconf 83' lang='lat' dir='ltr'><strong>sancto</strong></span> 
     </span>
    </p>
   </div>
   <div class='ocr_carea' id='block_1_36' title="bbox 457 3515 2023 3598">
    <p class='ocr_par' dir='ltr' id='par_1_36' title="bbox 457 3515 2023 3598">
     <span class='ocr_line' id='line_1_36' title="bbox 457 3515 2023 3598; baseline -0.011 -14"><span class='ocrx_word' id='word_1_250' title='bbox 457 3528 735 3598; x_wconf 83' lang='lat' dir='ltr'><strong>baptizare</strong></span> <span class='ocrx_word' id='word_1_251' title='bbox 765 3523 1208 3587; x_wconf 79' lang='lat' dir='ltr'><strong>atiirmat,neque</strong></span> <span class='ocrx_word' id='word_1_252' title='bbox 1248 3520 1478 3575; x_wconf 86' lang='lat' dir='ltr'><strong>alienum</strong></span> <span class='ocrx_word' id='word_1_253' title='bbox 1528 3518 1813 3589; x_wconf 83' lang='lat' dir='ltr'><strong>baptizatis</strong></span> <span class='ocrx_word' id='word_1_254' title='bbox 1850 3515 2023 3585; x_wconf 84' lang='lat' dir='ltr'><strong>Spiri-</strong></span> 
     </span>
    </p>
   </div>
   <div class='ocr_carea' id='block_1_37' title="bbox 460 3607 2024 3675">
    <p class='ocr_par' dir='ltr' id='par_1_37' title="bbox 460 3607 2024 3675">
     <span class='ocr_line' id='line_1_37' title="bbox 460 3607 2024 3675; baseline -0.01 -1"><span class='ocrx_word' id='word_1_255' title='bbox 460 3631 572 3675; x_wconf 88' lang='lat' dir='ltr'><strong>tum</strong></span> <span class='ocrx_word' id='word_1_256' title='bbox 604 3619 895 3674; x_wconf 89' lang='lat' dir='ltr'><strong>immittere</strong></span> <span class='ocrx_word' id='word_1_257' title='bbox 921 3613 1097 3671; x_wconf 83' lang='lat' dir='ltr'><strong>servili</strong></span> <span class='ocrx_word' id='word_1_258' title='bbox 1121 3628 1183 3667; x_wconf 90' lang='lat' dir='ltr'><strong>ac</strong></span> <span class='ocrx_word' id='word_1_259' title='bbox 1202 3610 1594 3668; x_wconf 88' lang='lat' dir='ltr'><strong>ministratorio</strong></span> <span class='ocrx_word' id='word_1_260' title='bbox 1628 3607 1808 3671; x_wconf 90' lang='lat' dir='ltr'><strong>modo,</strong></span> <span class='ocrx_word' id='word_1_261' title='bbox 1847 3608 1940 3661; x_wconf 87' lang='lat' dir='ltr'><strong>sed</strong></span> <span class='ocrx_word' id='word_1_262' title='bbox 1969 3613 2024 3659; x_wconf 93' lang='lat' dir='ltr'><strong>ut</strong></span> 
     </span>
    </p>
   </div>
   <div class='ocr_carea' id='block_1_38' title="bbox 461 3704 2018 3765">
    <p class='ocr_par' dir='ltr' id='par_1_38' title="bbox 461 3704 2018 3765">
     <span class='ocr_line' id='line_1_38' title="bbox 461 3704 2018 3765; baseline -0.01 0"><span class='ocrx_word' id='word_1_263' title='bbox 461 3712 628 3765; x_wconf 86' lang='lat' dir='ltr'><strong>Deum</strong></span> <span class='ocrx_word' id='word_1_264' title='bbox 681 3704 974 3761; x_wconf 87' lang='lat' dir='ltr'><strong>secundum</strong></span> <span class='ocrx_word' id='word_1_265' title='bbox 1035 3713 1279 3757; x_wconf 88' lang='lat' dir='ltr'><strong>naturam</strong></span> <span class='ocrx_word' id='word_1_266' title='bbox 1326 3715 1447 3757; x_wconf 90' lang='lat' dir='ltr'><strong>cum</strong></span> <span class='ocrx_word' id='word_1_267' title='bbox 1487 3712 1696 3753; x_wconf 87' lang='lat' dir='ltr'><strong>summa</strong></span> <span class='ocrx_word' id='word_1_268' title='bbox 1735 3705 2018 3765; x_wconf 78' lang='lat' dir='ltr'><strong>potestate,</strong></span> 
     </span>
    </p>
   </div>
   <div class='ocr_carea' id='block_1_39' title="bbox 461 3789 2019 3869">
    <p class='ocr_par' dir='ltr' id='par_1_39' title="bbox 461 3789 2019 3869">
     <span class='ocr_line' id='line_1_39' title="bbox 461 3789 2019 3869; baseline -0.008 -17"><span class='ocrx_word' id='word_1_269' title='bbox 461 3797 722 3869; x_wconf 73' lang='lat' dir='ltr'><strong>Spiritum</strong></span> <span class='ocrx_word' id='word_1_270' title='bbox 749 3811 815 3850; x_wconf 77' lang='lat' dir='ltr'><strong>ex</strong></span> <span class='ocrx_word' id='word_1_271' title='bbox 844 3808 903 3849; x_wconf 89' lang='lat' dir='ltr'><strong>se</strong></span> <span class='ocrx_word' id='word_1_272' title='bbox 930 3793 1137 3862; x_wconf 88' lang='lat' dir='ltr'><strong>sibique</strong></span> <span class='ocrx_word' id='word_1_273' title='bbox 1174 3791 1450 3862; x_wconf 81' lang='lat' dir='ltr'><strong>pmprium</strong></span> <span class='ocrx_word' id='word_1_274' title='bbox 1493 3789 1698 3859; x_wconf 84' lang='lat' dir='ltr'><strong>largiri.</strong></span> <span class='ocrx_word' id='word_1_275' title='bbox 1725 3802 1823 3858; x_wconf 91' lang='lat' dir='ltr'><strong>per</strong></span> <span class='ocrx_word' id='word_1_276' title='bbox 1859 3803 2019 3857; x_wconf 92' lang='lat' dir='ltr'><strong>quem</strong></span> 
     </span>
    </p>
   </div>
   <div class='ocr_carea' id='block_1_40' title="bbox 458 3878 2019 3947">
    <p class='ocr_par' dir='ltr' id='par_1_40' title="bbox 458 3878 2019 3947">
     <span class='ocr_line' id='line_1_40' title="bbox 458 3878 2019 3947; baseline -0.006 -6"><span class='ocrx_word' id='word_1_277' title='bbox 458 3888 619 3942; x_wconf 85' lang='lat' dir='ltr'><strong>etiam</strong></span> <span class='ocrx_word' id='word_1_278' title='bbox 663 3884 875 3939; x_wconf 83' lang='lat' dir='ltr'><strong>divinus</strong></span> <span class='ocrx_word' id='word_1_279' title='bbox 913 3882 1199 3937; x_wconf 83' lang='lat' dir='ltr'><strong>character</strong></span> <span class='ocrx_word' id='word_1_280' title='bbox 1246 3881 1399 3937; x_wconf 87' lang='lat' dir='ltr'><strong>nobis</strong></span> <span class='ocrx_word' id='word_1_281' title='bbox 1445 3880 1787 3947; x_wconf 88' lang='lat' dir='ltr'><strong>insigniatur.</strong></span> <span class='ocrx_word' id='word_1_282' title='bbox 1824 3878 2019 3936; x_wconf 78' lang='lat' dir='ltr'><strong>Refor-</strong></span> 
     </span>
    </p>
   </div>
   <div class='ocr_carea' id='block_1_41' title="bbox 459 3970 2019 4043">
    <p class='ocr_par' dir='ltr' id='par_1_41' title="bbox 459 3970 2019 4043">
     <span class='ocr_line' id='line_1_41' title="bbox 459 3970 2019 4043; baseline -0.005 -13"><span class='ocrx_word' id='word_1_283' title='bbox 459 3991 667 4031; x_wconf 88' lang='lat' dir='ltr'><strong>mamur</strong></span> <span class='ocrx_word' id='word_1_284' title='bbox 710 3974 852 4029; x_wconf 88' lang='lat' dir='ltr'><strong>enim</strong></span> <span class='ocrx_word' id='word_1_285' title='bbox 904 3973 969 4027; x_wconf 89' lang='lat' dir='ltr'><strong>ad</strong></span> <span class='ocrx_word' id='word_1_286' title='bbox 1017 3972 1305 4043; x_wconf 88' lang='lat' dir='ltr'><strong>imaginem</strong></span> <span class='ocrx_word' id='word_1_287' title='bbox 1350 3970 1584 4026; x_wconf 79' lang='lat' dir='ltr'><strong>divinam</strong></span> <span class='ocrx_word' id='word_1_288' title='bbox 1633 3970 1686 4024; x_wconf 90' lang='lat' dir='ltr'><strong>in</strong></span> <span class='ocrx_word' id='word_1_289' title='bbox 1744 3970 2019 4025; x_wconf 83' lang='lat' dir='ltr'><strong>Christum</strong></span> 
     </span>
    </p>
   </div>
   <div class='ocr_carea' id='block_1_42' title="bbox 457 4060 2022 4131">
    <p class='ocr_par' dir='ltr' id='par_1_42' title="bbox 457 4060 2022 4131">
     <span class='ocr_line' id='line_1_42' title="bbox 457 4060 2022 4131; baseline -0.003 -12"><span class='ocrx_word' id='word_1_290' title='bbox 457 4064 665 4127; x_wconf 84' lang='lat' dir='ltr'><strong>Jesum,</strong></span> <span class='ocrx_word' id='word_1_291' title='bbox 705 4077 815 4116; x_wconf 89' lang='lat' dir='ltr'><strong>non</strong></span> <span class='ocrx_word' id='word_1_292' title='bbox 862 4062 1193 4131; x_wconf 87' lang='lat' dir='ltr'><strong>corporalem</strong></span> <span class='ocrx_word' id='word_1_293' title='bbox 1248 4060 1685 4115; x_wconf 89' lang='lat' dir='ltr'><strong>reformationem</strong></span> <span class='ocrx_word' id='word_1_294' title='bbox 1731 4061 2022 4115; x_wconf 84' lang='lat' dir='ltr'><strong>subeuntes</strong></span> 
     </span>
    </p>
   </div>
   <div class='ocr_carea' id='block_1_43' title="bbox 459 4150 2021 4225">
    <p class='ocr_par' dir='ltr' id='par_1_43' title="bbox 459 4150 2021 4225">
     <span class='ocr_line' id='line_1_43' title="bbox 459 4150 2021 4225; baseline -0.002 -16"><span class='ocrx_word' id='word_1_295' title='bbox 459 4157 606 4225; x_wconf 87' lang='lat' dir='ltr'><strong>(nam</strong></span> <span class='ocrx_word' id='word_1_296' title='bbox 663 4154 715 4209; x_wconf 92' lang='lat' dir='ltr'><strong>id</strong></span> <span class='ocrx_word' id='word_1_297' title='bbox 771 4153 1118 4207; x_wconf 79' lang='lat' dir='ltr'><strong>vehementer</strong></span> <span class='ocrx_word' id='word_1_298' title='bbox 1161 4151 1449 4208; x_wconf 87' lang='lat' dir='ltr'><strong>absurdum</strong></span> <span class='ocrx_word' id='word_1_299' title='bbox 1493 4151 1637 4206; x_wconf 88' lang='lat' dir='ltr'><strong>dictu</strong></span> <span class='ocrx_word' id='word_1_300' title='bbox 1677 4150 1880 4222; x_wconf 85' lang='lat' dir='ltr'><strong>fuerit),</strong></span> <span class='ocrx_word' id='word_1_301' title='bbox 1928 4151 2021 4206; x_wconf 86' lang='lat' dir='ltr'><strong>sed</strong></span> 
     </span>
    </p>
   </div>
   <div class='ocr_carea' id='block_1_44' title="bbox 460 4243 2023 4316">
    <p class='ocr_par' dir='ltr' id='par_1_44' title="bbox 460 4243 2023 4316">
     <span class='ocr_line' id='line_1_44' title="bbox 460 4243 2023 4316; baseline -0.001 -15"><span class='ocrx_word' id='word_1_302' title='bbox 460 4262 554 4316; x_wconf 88' lang='lat' dir='ltr'><strong>per</strong></span> <span class='ocrx_word' id='word_1_303' title='bbox 583 4244 1054 4316; x_wconf 88' lang='lat' dir='ltr'><strong>participationem</strong></span> <span class='ocrx_word' id='word_1_304' title='bbox 1086 4243 1260 4303; x_wconf 87' lang='lat' dir='ltr'><strong>sancti</strong></span> <span class='ocrx_word' id='word_1_305' title='bbox 1286 4243 1521 4314; x_wconf 88' lang='lat' dir='ltr'><strong>Spiritus</strong></span> <span class='ocrx_word' id='word_1_306' title='bbox 1569 4243 1739 4313; x_wconf 84' lang='lat' dir='ltr'><strong>ipsum</strong></span> <span class='ocrx_word' id='word_1_307' title='bbox 1774 4244 1825 4297; x_wconf 92' lang='lat' dir='ltr'><strong>in</strong></span> <span class='ocrx_word' id='word_1_308' title='bbox 1869 4244 2023 4299; x_wconf 86' lang='lat' dir='ltr'><strong>nobis</strong></span> 
     </span>
    </p>
   </div>
   <div class='ocr_carea' id='block_1_45' title="bbox 457 4335 2023 4408">
    <p class='ocr_par' dir='ltr' id='par_1_45' title="bbox 457 4335 2023 4408">
     <span class='ocr_line' id='line_1_45' title="bbox 457 4335 2023 4408; baseline -0.002 -14"><span class='ocrx_word' id='word_1_309' title='bbox 457 4340 588 4408; x_wconf 85' lang='lat' dir='ltr'><strong>ipsis</strong></span> <span class='ocrx_word' id='word_1_310' title='bbox 640 4339 903 4394; x_wconf 86' lang='lat' dir='ltr'><strong>habentes</strong></span> <span class='ocrx_word' id='word_1_311' title='bbox 941 4352 955 4389; x_wconf 92' lang='lat'><strong>:</strong></span> <span class='ocrx_word' id='word_1_312' title='bbox 1009 4339 1143 4392; x_wconf 89' lang='lat' dir='ltr'><strong>adeo</strong></span> <span class='ocrx_word' id='word_1_313' title='bbox 1188 4344 1248 4390; x_wconf 94' lang='lat' dir='ltr'><strong>ut</strong></span> <span class='ocrx_word' id='word_1_314' title='bbox 1274 4335 1519 4391; x_wconf 60' lang='lat' dir='ltr'><strong>laetantes</strong></span> <span class='ocrx_word' id='word_1_315' title='bbox 1547 4335 1675 4389; x_wconf 91' lang='lat' dir='ltr'><strong>illud</strong></span> <span class='ocrx_word' id='word_1_316' title='bbox 1717 4336 2023 4391; x_wconf 76' lang='lat' dir='ltr'><strong>exclamare</strong></span> 
     </span>
    </p>
   </div>
   <div class='ocr_carea' id='block_1_46' title="bbox 457 4426 2019 4499">
    <p class='ocr_par' dir='ltr' id='par_1_46' title="bbox 457 4426 2019 4499">
     <span class='ocr_line' id='line_1_46' title="bbox 457 4426 2019 4499; baseline -0.002 -13"><span class='ocrx_word' id='word_1_317' title='bbox 457 4431 727 4499; x_wconf 88' lang='lat' dir='ltr'><strong>possimus</strong></span> <span class='ocrx_word' id='word_1_318' title='bbox 777 4447 791 4485; x_wconf 92' lang='lat'><strong>:</strong></span> <span class='ocrx_word' id='word_1_319' title='bbox 843 4448 860 4480; x_wconf 75' lang='grc' dir='ltr'><strong>ι</strong></span> <span class='ocrx_word' id='word_1_320' title='bbox 916 4428 1220 4485; x_wconf 80' lang='lat' dir='ltr'><strong>Exsultabit</strong></span> <span class='ocrx_word' id='word_1_321' title='bbox 1270 4426 1449 4482; x_wconf 86' lang='lat' dir='ltr'><strong>anima</strong></span> <span class='ocrx_word' id='word_1_322' title='bbox 1496 4443 1612 4481; x_wconf 83' lang='lat' dir='ltr'><strong>mea</strong></span> <span class='ocrx_word' id='word_1_323' title='bbox 1667 4429 1717 4481; x_wconf 91' lang='lat' dir='ltr'><strong>in</strong></span> <span class='ocrx_word' id='word_1_324' title='bbox 1771 4428 2019 4495; x_wconf 86' lang='lat' dir='ltr'><strong>Domino,</strong></span> 
     </span>
    </p>
   </div>
   <div class='ocr_carea' id='block_1_47' title="bbox 2123 608 3691 685">
    <p class='ocr_par' dir='ltr' id='par_1_47' title="bbox 2123 608 3691 685">
     <span class='ocr_line' id='line_1_47' title="bbox 2123 608 3691 685; baseline 0.008 -27"><span class='ocrx_word' id='word_1_325' title='bbox 2123 623 2301 674; x_wconf 85' lang='grc' dir='ltr'>μενον,</span> <span class='ocrx_word' id='word_1_326' title='bbox 2333 609 2423 661; x_wconf 68' lang='grc' dir='ltr'>καὶ</span> <span class='ocrx_word' id='word_1_327' title='bbox 2460 610 2517 661; x_wconf 91' lang='grc' dir='ltr'><strong>ἐν</strong></span> <span class='ocrx_word' id='word_1_328' title='bbox 2552 608 2678 662; x_wconf 80' lang='grc' dir='ltr'>εῖδει</span> <span class='ocrx_word' id='word_1_329' title='bbox 2726 608 2803 679; x_wconf 84' lang='grc' dir='ltr'>τῷ</span> <span class='ocrx_word' id='word_1_330' title='bbox 2846 610 2967 663; x_wconf 77' lang='grc' dir='ltr'>καθ’</span> <span class='ocrx_word' id='word_1_331' title='bbox 2994 613 3139 682; x_wconf 74' lang='grc' dir='ltr'>ἡμᾶς</span> <span class='ocrx_word' id='word_1_332' title='bbox 3169 616 3534 685; x_wconf 81' lang='grc' dir='ltr'>τυγχάνοντα,</span> <span class='ocrx_word' id='word_1_333' title='bbox 3572 618 3691 678; x_wconf 77' lang='grc' dir='ltr'>τοῖς</span> 
     </span>
    </p>
   </div>
   <div class='ocr_carea' id='block_1_48' title="bbox 2120 697 3697 774">
    <p class='ocr_par' dir='ltr' id='par_1_48' title="bbox 2120 697 3697 774">
     <span class='ocr_line' id='line_1_48' title="bbox 2120 697 3697 774; baseline 0.006 -24"><span class='ocrx_word' id='word_1_334' title='bbox 2120 697 2295 765; x_wconf 80' lang='grc' dir='ltr'>ἁγίοις</span> <span class='ocrx_word' id='word_1_335' title='bbox 2320 698 2635 763; x_wconf 80' lang='grc' dir='ltr'><strong>ἀποστόλοις</strong></span> <span class='ocrx_word' id='word_1_336' title='bbox 2658 700 2972 771; x_wconf 79' lang='grc' dir='ltr'><strong>παρέδειξεν</strong></span> <span class='ocrx_word' id='word_1_337' title='bbox 2993 703 3021 754; x_wconf 82' lang='grc' dir='ltr'><strong>ὁ</strong></span> <span class='ocrx_word' id='word_1_338' title='bbox 3045 703 3255 773; x_wconf 79' lang='grc' dir='ltr'>Πατήρ,</span> <span class='ocrx_word' id='word_1_339' title='bbox 3282 705 3465 774; x_wconf 77' lang='grc' dir='ltr'>φωνῆς</span> <span class='ocrx_word' id='word_1_340' title='bbox 3484 704 3697 759; x_wconf 69' lang='grc' dir='ltr'>ἄνωθεν</span> 
     </span>
    </p>
   </div>
   <div class='ocr_carea' id='block_1_49' title="bbox 2119 786 3684 864">
    <p class='ocr_par' dir='ltr' id='par_1_49' title="bbox 2119 786 3684 864">
     <span class='ocr_line' id='line_1_49' title="bbox 2119 786 3684 864; baseline 0.004 -23"><span class='ocrx_word' id='word_1_341' title='bbox 2119 788 2558 860; x_wconf 85' lang='grc' dir='ltr'>ἐκπεποιημένης</span> <span class='ocrx_word' id='word_1_342' title='bbox 2604 791 2815 844; x_wconf 79' lang='grc' dir='ltr'>τοιᾶσδε</span> <span class='ocrx_word' id='word_1_343' title='bbox 2839 807 2852 821; x_wconf 88' lang='grc'><strong>·</strong></span> <span class='ocrx_word' id='word_1_344' title='bbox 2890 810 2909 843; x_wconf 86' lang='grc'><strong><em>‹</em></strong></span> <span class='ocrx_word' id='word_1_345' title='bbox 2949 786 3114 855; x_wconf 75' lang='grc' dir='ltr'>Οὗτός</span> <span class='ocrx_word' id='word_1_346' title='bbox 3143 793 3291 847; x_wconf 88' lang='grc' dir='ltr'>ἐστιν</span> <span class='ocrx_word' id='word_1_347' title='bbox 3316 795 3345 847; x_wconf 74' lang='grc' dir='ltr'>ὁ</span> <span class='ocrx_word' id='word_1_348' title='bbox 3378 794 3503 858; x_wconf 69' lang='grc' dir='ltr'>Υἱός</span> <span class='ocrx_word' id='word_1_349' title='bbox 3534 813 3633 864; x_wconf 87' lang='grc' dir='ltr'><strong>μου</strong></span> <span class='ocrx_word' id='word_1_350' title='bbox 3658 797 3684 848; x_wconf 72' lang='grc' dir='ltr'><strong><em>ὁ</em></strong></span> 
     </span>
    </p>
   </div>
   <div class='ocr_carea' id='block_1_50' title="bbox 2119 875 3687 953">
    <p class='ocr_par' dir='ltr' id='par_1_50' title="bbox 2119 875 3687 953">
     <span class='ocr_line' id='line_1_50' title="bbox 2119 875 3687 953; baseline 0.005 -20"><span class='ocrx_word' id='word_1_351' title='bbox 2119 880 2419 949; x_wconf 76' lang='grc' dir='ltr'>ἀγαπητὸς,</span> <span class='ocrx_word' id='word_1_352' title='bbox 2452 881 2509 933; x_wconf 86' lang='grc' dir='ltr'><strong>ἐν</strong></span> <span class='ocrx_word' id='word_1_353' title='bbox 2538 875 2582 948; x_wconf 86' lang='grc' dir='ltr'>ᾧ</span> <span class='ocrx_word' id='word_1_354' title='bbox 2628 883 2923 953; x_wconf 81' lang='grc' dir='ltr'>ηὑδόκησα,</span> <span class='ocrx_word' id='word_1_355' title='bbox 2964 883 3125 936; x_wconf 86' lang='grc' dir='ltr'>αὑτοῦ</span> <span class='ocrx_word' id='word_1_356' title='bbox 3170 885 3415 939; x_wconf 80' lang='grc' dir='ltr'>ἀκούετε.</span> <span class='ocrx_word' id='word_1_357' title='bbox 3470 906 3489 938; x_wconf 72' lang='grc' dir='ltr'>ι</span> <span class='ocrx_word' id='word_1_358' title='bbox 3524 886 3687 950; x_wconf 86' lang='grc' dir='ltr'>Σύνες</span> 
     </span>
    </p>
   </div>
   <div class='ocr_carea' id='block_1_51' title="bbox 2120 968 3687 1045">
    <p class='ocr_par' dir='ltr' id='par_1_51' title="bbox 2120 968 3687 1045">
     <span class='ocr_line' id='line_1_51' title="bbox 2120 968 3687 1045; baseline 0.004 -22"><span class='ocrx_word' id='word_1_359' title='bbox 2120 968 2212 1024; x_wconf 75' lang='grc' dir='ltr'><strong>οὖν</strong></span> <span class='ocrx_word' id='word_1_360' title='bbox 2266 972 2411 1034; x_wconf 80' lang='grc' dir='ltr'>ὅπως</span> <span class='ocrx_word' id='word_1_361' title='bbox 2440 973 2541 1025; x_wconf 73' lang='grc' dir='ltr'>οὐκ</span> <span class='ocrx_word' id='word_1_362' title='bbox 2587 974 2644 1025; x_wconf 82' lang='grc' dir='ltr'><strong>ἐν</strong></span> <span class='ocrx_word' id='word_1_363' title='bbox 2673 974 2866 1043; x_wconf 82' lang='grc' dir='ltr'>τούτῳ,</span> <span class='ocrx_word' id='word_1_364' title='bbox 2898 975 3079 1044; x_wconf 61' lang='grc' dir='ltr'>φησιν,</span> <span class='ocrx_word' id='word_1_365' title='bbox 3128 976 3277 1029; x_wconf 74' lang='grc' dir='ltr'>ἐστὶν</span> <span class='ocrx_word' id='word_1_366' title='bbox 3308 978 3337 1028; x_wconf 78' lang='grc' dir='ltr'><strong>ὁ</strong></span> <span class='ocrx_word' id='word_1_367' title='bbox 3389 977 3513 1040; x_wconf 74' lang='grc' dir='ltr'>Υἱός</span> <span class='ocrx_word' id='word_1_368' title='bbox 3561 994 3687 1045; x_wconf 87' lang='grc' dir='ltr'>μου,</span> 
     </span>
    </p>
   </div>
   <div class='ocr_carea' id='block_1_52' title="bbox 2122 1060 3689 1136">
    <p class='ocr_par' dir='ltr' id='par_1_52' title="bbox 2122 1060 3689 1136">
     <span class='ocr_line' id='line_1_52' title="bbox 2122 1060 3689 1136; baseline 0.004 -23"><span class='ocrx_word' id='word_1_369' title='bbox 2122 1060 2207 1115; x_wconf 64' lang='lat' dir='ltr'><strong>[va</strong></span> <span class='ocrx_word' id='word_1_370' title='bbox 2239 1062 2312 1131; x_wconf 81' lang='grc' dir='ltr'><strong>μὴ</strong></span> <span class='ocrx_word' id='word_1_371' title='bbox 2348 1063 2621 1133; x_wconf 81' lang='grc' dir='ltr'>ἀναμέρος</span> <span class='ocrx_word' id='word_1_372' title='bbox 2667 1063 2741 1125; x_wconf 83' lang='grc' dir='ltr'>ὡς</span> <span class='ocrx_word' id='word_1_373' title='bbox 2767 1064 2950 1131; x_wconf 78' lang='grc' dir='ltr'>ἔτερος</span> <span class='ocrx_word' id='word_1_374' title='bbox 2977 1065 3035 1117; x_wconf 83' lang='grc' dir='ltr'><strong>ἐν</strong></span> <span class='ocrx_word' id='word_1_375' title='bbox 3065 1065 3234 1136; x_wconf 76' lang='grc' dir='ltr'>ἑτέρῳ</span> <span class='ocrx_word' id='word_1_376' title='bbox 3264 1066 3442 1135; x_wconf 77' lang='grc' dir='ltr'>τυχὸν,</span> <span class='ocrx_word' id='word_1_377' title='bbox 3472 1066 3586 1125; x_wconf 72' lang='grc' dir='ltr'><strong>ἀλλ’</strong></span> <span class='ocrx_word' id='word_1_378' title='bbox 3609 1062 3689 1132; x_wconf 71' lang='grc' dir='ltr'>εἷς</span> 
     </span>
    </p>
   </div>
   <div class='ocr_carea' id='block_1_53' title="bbox 2121 1152 3687 1228">
    <p class='ocr_par' dir='ltr' id='par_1_53' title="bbox 2121 1152 3687 1228">
     <span class='ocr_line' id='line_1_53' title="bbox 2121 1152 3687 1228; baseline 0.003 -22"><span class='ocrx_word' id='word_1_379' title='bbox 2121 1152 2305 1221; x_wconf 84' lang='grc' dir='ltr'>νοῆται</span> <span class='ocrx_word' id='word_1_380' title='bbox 2345 1153 2438 1205; x_wconf 88' lang='grc' dir='ltr'>καί</span> <span class='ocrx_word' id='word_1_381' title='bbox 2467 1155 2493 1204; x_wconf 82' lang='grc' dir='ltr'>ὁ</span> <span class='ocrx_word' id='word_1_382' title='bbox 2534 1154 2689 1216; x_wconf 81' lang='grc' dir='ltr'>αὐτὸς</span> <span class='ocrx_word' id='word_1_383' title='bbox 2732 1154 2854 1207; x_wconf 84' lang='grc' dir='ltr'>καθ’</span> <span class='ocrx_word' id='word_1_384' title='bbox 2883 1156 3073 1208; x_wconf 87' lang='grc' dir='ltr'>’ἐνωσιν</span> <span class='ocrx_word' id='word_1_385' title='bbox 3106 1158 3469 1226; x_wconf 76' lang='grc' dir='ltr'>οἰκονομικήν.</span> <span class='ocrx_word' id='word_1_386' title='bbox 3503 1158 3687 1228; x_wconf 80' lang='grc' dir='ltr'><strong>Πλημο</strong></span> 
     </span>
    </p>
   </div>
   <div class='ocr_carea' id='block_1_54' title="bbox 2125 1244 3690 1319">
    <p class='ocr_par' dir='ltr' id='par_1_54' title="bbox 2125 1244 3690 1319">
     <span class='ocr_line' id='line_1_54' title="bbox 2125 1244 3690 1319; baseline 0.003 -22"><span class='ocrx_word' id='word_1_387' title='bbox 2125 1244 2280 1315; x_wconf 77' lang='grc' dir='ltr'>μελές</span> <span class='ocrx_word' id='word_1_388' title='bbox 2305 1246 2361 1298; x_wconf 84' lang='grc' dir='ltr'><strong>δὲ</strong></span> <span class='ocrx_word' id='word_1_389' title='bbox 2398 1246 2478 1298; x_wconf 83' lang='grc' dir='ltr'>ὅτι</span> <span class='ocrx_word' id='word_1_390' title='bbox 2502 1247 2562 1298; x_wconf 80' lang='grc' dir='ltr'><strong>τὸ</strong></span> <span class='ocrx_word' id='word_1_391' title='bbox 2590 1248 2903 1299; x_wconf 80' lang='grc' dir='ltr'>ἀντιτείνειν</span> <span class='ocrx_word' id='word_1_392' title='bbox 2933 1249 3070 1313; x_wconf 78' lang='grc' dir='ltr'>ἐστὶ,</span> <span class='ocrx_word' id='word_1_393' title='bbox 3098 1248 3188 1300; x_wconf 71' lang='grc' dir='ltr'>καὶ</span> <span class='ocrx_word' id='word_1_394' title='bbox 3217 1248 3326 1301; x_wconf 85' lang='grc' dir='ltr'>τῶν</span> <span class='ocrx_word' id='word_1_395' title='bbox 3346 1250 3426 1302; x_wconf 82' lang='grc' dir='ltr'>ὅτι</span> <span class='ocrx_word' id='word_1_396' title='bbox 3457 1250 3690 1319; x_wconf 78' lang='grc' dir='ltr'>μάλιστα</span> 
     </span>
    </p>
   </div>
   <div class='ocr_carea' id='block_1_55' title="bbox 2122 1336 3688 1408">
    <p class='ocr_par' dir='ltr' id='par_1_55' title="bbox 2122 1336 3688 1408">
     <span class='ocr_line' id='line_1_55' title="bbox 2122 1336 3688 1408; baseline 0.002 -22"><span class='ocrx_word' id='word_1_397' title='bbox 2122 1336 2587 1407; x_wconf 81' lang='grc' dir='ltr'><strong>σφαλερωτάτων,</strong></span> <span class='ocrx_word' id='word_1_398' title='bbox 2643 1337 2923 1390; x_wconf 76' lang='grc' dir='ltr'>ἀναπείσει</span> <span class='ocrx_word' id='word_1_399' title='bbox 2972 1338 3197 1408; x_wconf 78' lang='grc' dir='ltr'>γράφων</span> <span class='ocrx_word' id='word_1_400' title='bbox 3267 1338 3517 1407; x_wconf 79' lang='grc' dir='ltr'><strong>Ἰωάννης</strong></span> <span class='ocrx_word' id='word_1_401' title='bbox 3568 1338 3688 1399; x_wconf 67' lang='lat' dir='ltr'><strong>oet,</strong></span> 
     </span>
    </p>
   </div>
   <div class='ocr_carea' id='block_1_56' title="bbox 2121 1426 3701 1499">
    <p class='ocr_par' dir='ltr' id='par_1_56' title="bbox 2121 1426 3701 1499">
     <span class='ocr_line' id='line_1_56' title="bbox 2121 1426 3701 1499; baseline 0.001 -21"><span class='ocrx_word' id='word_1_402' title='bbox 2121 1426 2200 1478; x_wconf 86' lang='grc' dir='ltr'>ὃτι</span> <span class='ocrx_word' id='word_1_403' title='bbox 2235 1427 2369 1495; x_wconf 65' lang='grc' dir='ltr'>αὕτη</span> <span class='ocrx_word' id='word_1_404' title='bbox 2407 1426 2614 1497; x_wconf 57' lang='grc' dir='ltr'>ἐστι.νὴ</span> <span class='ocrx_word' id='word_1_405' title='bbox 2658 1428 2924 1499; x_wconf 87' lang='grc' dir='ltr'>μαρτυρία</span> <span class='ocrx_word' id='word_1_406' title='bbox 2958 1428 3049 1482; x_wconf 83' lang='grc' dir='ltr'>τοῦ</span> <span class='ocrx_word' id='word_1_407' title='bbox 3098 1426 3251 1490; x_wconf 83' lang='grc' dir='ltr'>Θεοῦ,</span> <span class='ocrx_word' id='word_1_408' title='bbox 3291 1428 3373 1480; x_wconf 83' lang='grc' dir='ltr'>ὅτι</span> <span class='ocrx_word' id='word_1_409' title='bbox 3419 1426 3701 1497; x_wconf 82' lang='grc' dir='ltr'>μεμαρτύ-</span> 
     </span>
    </p>
   </div>
   <div class='ocr_carea' id='block_1_57' title="bbox 2125 1516 3691 1588">
    <p class='ocr_par' dir='ltr' id='par_1_57' title="bbox 2125 1516 3691 1588">
     <span class='ocr_line' id='line_1_57' title="bbox 2125 1516 3691 1588; baseline 0.001 -19"><span class='ocrx_word' id='word_1_410' title='bbox 2125 1534 2254 1587; x_wconf 76' lang='grc' dir='ltr'>ρηκε</span> <span class='ocrx_word' id='word_1_411' title='bbox 2286 1534 2350 1568; x_wconf 87' lang='grc' dir='ltr'><strong>πε</strong></span> <span class='ocrx_word' id='word_1_412' title='bbox 2358 1516 2413 1588; x_wconf 70' lang='lat' dir='ltr'><strong>pi</strong></span> <span class='ocrx_word' id='word_1_413' title='bbox 2444 1518 2536 1570; x_wconf 90' lang='grc' dir='ltr'>τοῦ</span> <span class='ocrx_word' id='word_1_414' title='bbox 2560 1518 2687 1571; x_wconf 82' lang='grc' dir='ltr'>Υίοῦ</span> <span class='ocrx_word' id='word_1_415' title='bbox 2711 1520 2895 1572; x_wconf 85' lang='grc' dir='ltr'>αὐτοῦ·</span> <span class='ocrx_word' id='word_1_416' title='bbox 2920 1538 2938 1570; x_wconf 81' lang='grc' dir='ltr'><strong>ι</strong></span> <span class='ocrx_word' id='word_1_417' title='bbox 2964 1520 3019 1573; x_wconf 87' lang='lat' dir='ltr'><strong>&#39;U</strong></span> <span class='ocrx_word' id='word_1_418' title='bbox 3041 1518 3309 1572; x_wconf 82' lang='grc' dir='ltr'>πιστεύων</span> <span class='ocrx_word' id='word_1_419' title='bbox 3339 1522 3416 1579; x_wconf 82' lang='grc' dir='ltr'>εἰς</span> <span class='ocrx_word' id='word_1_420' title='bbox 3450 1519 3539 1571; x_wconf 72' lang='grc' dir='ltr'>τὸν</span> <span class='ocrx_word' id='word_1_421' title='bbox 3564 1518 3691 1571; x_wconf 73' lang='grc' dir='ltr'>Υἱὸν</span> 
     </span>
    </p>
   </div>
   <div class='ocr_carea' id='block_1_58' title="bbox 2120 1607 3686 1681">
    <p class='ocr_par' dir='ltr' id='par_1_58' title="bbox 2120 1607 3686 1681">
     <span class='ocr_line' id='line_1_58' title="bbox 2120 1607 3686 1681; baseline 0.001 -22"><span class='ocrx_word' id='word_1_422' title='bbox 2120 1607 2211 1660; x_wconf 88' lang='grc' dir='ltr'>τοῦ</span> <span class='ocrx_word' id='word_1_423' title='bbox 2257 1608 2411 1671; x_wconf 77' lang='grc' dir='ltr'>Θεοῦ,</span> <span class='ocrx_word' id='word_1_424' title='bbox 2449 1608 2561 1678; x_wconf 81' lang='grc' dir='ltr'>ἔχει</span> <span class='ocrx_word' id='word_1_425' title='bbox 2600 1609 2697 1681; x_wconf 77' lang='grc' dir='ltr'><strong>τὴν</strong></span> <span class='ocrx_word' id='word_1_426' title='bbox 2750 1610 3053 1681; x_wconf 81' lang='grc' dir='ltr'>μαρτυρίαν</span> <span class='ocrx_word' id='word_1_427' title='bbox 3092 1609 3183 1662; x_wconf 89' lang='grc' dir='ltr'>τοῦ</span> <span class='ocrx_word' id='word_1_428' title='bbox 3216 1608 3349 1662; x_wconf 83' lang='grc' dir='ltr'>Θεοῦ</span> <span class='ocrx_word' id='word_1_429' title='bbox 3395 1612 3452 1661; x_wconf 80' lang='grc' dir='ltr'><strong>ἐν</strong></span> <span class='ocrx_word' id='word_1_430' title='bbox 3489 1608 3686 1679; x_wconf 85' lang='grc' dir='ltr'>ἐαυτῷ.</span> 
     </span>
    </p>
   </div>
   <div class='ocr_carea' id='block_1_59' title="bbox 2133 1696 3691 1767">
    <p class='ocr_par' dir='ltr' id='par_1_59' title="bbox 2133 1696 3691 1767">
     <span class='ocr_line' id='line_1_59' title="bbox 2133 1696 3691 1767; baseline 0.001 -18"><span class='ocrx_word' id='word_1_431' title='bbox 2133 1697 2189 1749; x_wconf 90' lang='lat'><strong>&#39;0</strong></span> <span class='ocrx_word' id='word_1_432' title='bbox 2235 1696 2308 1767; x_wconf 81' lang='grc' dir='ltr'>μὴ</span> <span class='ocrx_word' id='word_1_433' title='bbox 2362 1696 2631 1750; x_wconf 85' lang='grc' dir='ltr'>πιστεύων</span> <span class='ocrx_word' id='word_1_434' title='bbox 2668 1697 2746 1767; x_wconf 81' lang='grc' dir='ltr'>τῷ</span> <span class='ocrx_word' id='word_1_435' title='bbox 2780 1697 2915 1767; x_wconf 76' lang='grc' dir='ltr'>Θεῷ,</span> <span class='ocrx_word' id='word_1_436' title='bbox 2966 1696 3203 1767; x_wconf 79' lang='grc' dir='ltr'>ψεύστην</span> <span class='ocrx_word' id='word_1_437' title='bbox 3248 1698 3547 1767; x_wconf 81' lang='grc' dir='ltr'>πεποίηκεν</span> <span class='ocrx_word' id='word_1_438' title='bbox 3593 1698 3691 1750; x_wconf 80' lang='grc' dir='ltr'>αύ-</span> 
     </span>
    </p>
   </div>
   <div class='ocr_carea' id='block_1_60' title="bbox 2119 1787 3691 1859">
    <p class='ocr_par' dir='ltr' id='par_1_60' title="bbox 2119 1787 3691 1859">
     <span class='ocr_line' id='line_1_60' title="bbox 2119 1787 3691 1859; baseline -0.001 -18"><span class='ocrx_word' id='word_1_439' title='bbox 2119 1787 2229 1851; x_wconf 79' lang='grc' dir='ltr'>τὺν,</span> <span class='ocrx_word' id='word_1_440' title='bbox 2270 1788 2350 1841; x_wconf 83' lang='grc' dir='ltr'><strong>ὅτι</strong></span> <span class='ocrx_word' id='word_1_441' title='bbox 2394 1789 2491 1841; x_wconf 83' lang='grc' dir='ltr'><strong>οὐκ</strong></span> <span class='ocrx_word' id='word_1_442' title='bbox 2528 1788 2845 1841; x_wconf 82' lang='grc' dir='ltr'>ἐπίστευσεν</span> <span class='ocrx_word' id='word_1_443' title='bbox 2877 1790 2955 1851; x_wconf 86' lang='grc' dir='ltr'><strong>είς</strong></span> <span class='ocrx_word' id='word_1_444' title='bbox 2996 1788 3095 1858; x_wconf 80' lang='grc' dir='ltr'>τὴν</span> <span class='ocrx_word' id='word_1_445' title='bbox 3131 1788 3453 1858; x_wconf 86' lang='grc' dir='ltr'>μαρτυρίαν,</span> <span class='ocrx_word' id='word_1_446' title='bbox 3498 1789 3564 1859; x_wconf 73' lang='grc' dir='ltr'><strong>ἣν</strong></span> <span class='ocrx_word' id='word_1_447' title='bbox 3603 1804 3691 1858; x_wconf 80' lang='grc' dir='ltr'>με·</span> 
     </span>
    </p>
   </div>
   <div class='ocr_carea' id='block_1_61' title="bbox 2127 1878 3692 1950">
    <p class='ocr_par' dir='ltr' id='par_1_61' title="bbox 2127 1878 3692 1950">
     <span class='ocr_line' id='line_1_61' title="bbox 2127 1878 3692 1950; baseline -0.001 -17"><span class='ocrx_word' id='word_1_448' title='bbox 2127 1879 2474 1950; x_wconf 77' lang='grc' dir='ltr'>μαρτύρηκεν</span> <span class='ocrx_word' id='word_1_449' title='bbox 2511 1880 2538 1931; x_wconf 84' lang='grc' dir='ltr'><em>ὁ</em></span> <span class='ocrx_word' id='word_1_450' title='bbox 2571 1880 2700 1942; x_wconf 82' lang='grc' dir='ltr'>Θεὸς</span> <span class='ocrx_word' id='word_1_451' title='bbox 2731 1882 2856 1950; x_wconf 70' lang='grc' dir='ltr'>περὶ</span> <span class='ocrx_word' id='word_1_452' title='bbox 2886 1878 2978 1932; x_wconf 89' lang='grc' dir='ltr'><strong>τοῦ</strong></span> <span class='ocrx_word' id='word_1_453' title='bbox 3011 1878 3137 1932; x_wconf 75' lang='grc' dir='ltr'>Υἱοῦ</span> <span class='ocrx_word' id='word_1_454' title='bbox 3168 1879 3350 1934; x_wconf 83' lang='grc' dir='ltr'>αὐτοῦ.</span> <span class='ocrx_word' id='word_1_455' title='bbox 3394 1898 3411 1929; x_wconf 72' lang='grc' dir='ltr'>ι</span> <span class='ocrx_word' id='word_1_456' title='bbox 3459 1880 3692 1949; x_wconf 80' lang='grc' dir='ltr'>Μεμαρ-</span> 
     </span>
    </p>
   </div>
   <div class='ocr_carea' id='block_1_62' title="bbox 2122 1963 3687 2039">
    <p class='ocr_par' dir='ltr' id='par_1_62' title="bbox 2122 1963 3687 2039">
     <span class='ocr_line' id='line_1_62' title="bbox 2122 1963 3687 2039; baseline -0.001 -18"><span class='ocrx_word' id='word_1_457' title='bbox 2122 1970 2327 2039; x_wconf 75' lang='grc' dir='ltr'>τύρηκε</span> <span class='ocrx_word' id='word_1_458' title='bbox 2366 1970 2442 2033; x_wconf 82' lang='grc' dir='ltr'><strong>δὲ,</strong></span> <span class='ocrx_word' id='word_1_459' title='bbox 2480 1971 2563 2022; x_wconf 83' lang='grc' dir='ltr'>ὅτι</span> <span class='ocrx_word' id='word_1_460' title='bbox 2595 1963 2781 2032; x_wconf 76' lang='grc' dir='ltr'>Οὗτος,</span> <span class='ocrx_word' id='word_1_461' title='bbox 2813 1972 2840 2022; x_wconf 86' lang='grc' dir='ltr'>ὁ</span> <span class='ocrx_word' id='word_1_462' title='bbox 2872 1969 3008 2039; x_wconf 84' lang='grc' dir='ltr'>μετὰ</span> <span class='ocrx_word' id='word_1_463' title='bbox 3054 1970 3251 2037; x_wconf 82' lang='grc' dir='ltr'>σαρκὸς</span> <span class='ocrx_word' id='word_1_464' title='bbox 3283 1969 3375 2021; x_wconf 74' lang='grc' dir='ltr'><strong>καὶ</strong></span> <span class='ocrx_word' id='word_1_465' title='bbox 3416 1970 3473 2021; x_wconf 91' lang='grc' dir='ltr'><strong>ἐν</strong></span> <span class='ocrx_word' id='word_1_466' title='bbox 3498 1969 3563 2037; x_wconf 81' lang='grc' dir='ltr'><strong>τῇ</strong></span> <span class='ocrx_word' id='word_1_467' title='bbox 3594 1967 3687 2022; x_wconf 84' lang='grc' dir='ltr'>τοῦ</span> 
     </span>
    </p>
   </div>
   <div class='ocr_carea' id='block_1_63' title="bbox 2121 2058 3689 2133">
    <p class='ocr_par' dir='ltr' id='par_1_63' title="bbox 2121 2058 3689 2133">
     <span class='ocr_line' id='line_1_63' title="bbox 2121 2058 3689 2133; baseline -0.003 -18"><span class='ocrx_word' id='word_1_468' title='bbox 2121 2062 2307 2115; x_wconf 72' lang='grc' dir='ltr'>δούλου</span> <span class='ocrx_word' id='word_1_469' title='bbox 2340 2064 2542 2133; x_wconf 78' lang='grc' dir='ltr'>μορφῇ,</span> <span class='ocrx_word' id='word_1_470' title='bbox 2573 2062 2867 2132; x_wconf 82' lang='grc' dir='ltr'><strong>μοναδικῶς</strong></span> <span class='ocrx_word' id='word_1_471' title='bbox 2897 2077 2953 2113; x_wconf 88' lang='grc' dir='ltr'><strong>τε</strong></span> <span class='ocrx_word' id='word_1_472' title='bbox 2987 2060 3079 2113; x_wconf 71' lang='grc' dir='ltr'><strong>καὶ</strong></span> <span class='ocrx_word' id='word_1_473' title='bbox 3112 2059 3290 2121; x_wconf 83' lang='grc' dir='ltr'>ίδικῶς</span> <span class='ocrx_word' id='word_1_474' title='bbox 3312 2059 3441 2127; x_wconf 73' lang='grc' dir='ltr'>ἐμὸς</span> <span class='ocrx_word' id='word_1_475' title='bbox 3476 2058 3689 2129; x_wconf 79' lang='grc' dir='ltr'>ἀληθῶς</span> 
     </span>
    </p>
   </div>
   <div class='ocr_carea' id='block_1_64' title="bbox 2123 2146 3689 2220">
    <p class='ocr_par' dir='ltr' id='par_1_64' title="bbox 2123 2146 3689 2220">
     <span class='ocr_line' id='line_1_64' title="bbox 2123 2146 3689 2220; baseline -0.004 -17"><span class='ocrx_word' id='word_1_476' title='bbox 2123 2150 2269 2213; x_wconf 79' lang='grc' dir='ltr'><strong>Υἱός.</strong></span> <span class='ocrx_word' id='word_1_477' title='bbox 2305 2152 2367 2203; x_wconf 86' lang='grc' dir='ltr'>Τί</span> <span class='ocrx_word' id='word_1_478' title='bbox 2399 2152 2489 2216; x_wconf 64' lang='lat' dir='ltr'><strong>es;</strong></span> <span class='ocrx_word' id='word_1_479' title='bbox 2526 2151 2643 2219; x_wconf 67' lang='grc' dir='ltr'>οὐχὶ</span> <span class='ocrx_word' id='word_1_480' title='bbox 2661 2151 2752 2203; x_wconf 73' lang='grc' dir='ltr'>καὶ</span> <span class='ocrx_word' id='word_1_481' title='bbox 2772 2149 2870 2220; x_wconf 82' lang='grc' dir='ltr'><strong>τὴν</strong></span> <span class='ocrx_word' id='word_1_482' title='bbox 2890 2148 2983 2201; x_wconf 75' lang='grc' dir='ltr'>διὰ</span> <span class='ocrx_word' id='word_1_483' title='bbox 3011 2147 3105 2201; x_wconf 89' lang='grc' dir='ltr'>τοῦ</span> <span class='ocrx_word' id='word_1_484' title='bbox 3134 2146 3287 2215; x_wconf 80' lang='grc' dir='ltr'>ἁγίου</span> <span class='ocrx_word' id='word_1_485' title='bbox 3318 2146 3689 2215; x_wconf 81' lang='grc' dir='ltr'>βαπτίσματος</span> 
     </span>
    </p>
   </div>
   <div class='ocr_carea' id='block_1_65' title="bbox 2122 2235 3688 2310">
    <p class='ocr_par' dir='ltr' id='par_1_65' title="bbox 2122 2235 3688 2310">
     <span class='ocr_line' id='line_1_65' title="bbox 2122 2235 3688 2310; baseline -0.006 -15"><span class='ocrx_word' id='word_1_486' title='bbox 2122 2241 2321 2295; x_wconf 77' lang='grc' dir='ltr'>εὐκλεᾶ</span> <span class='ocrx_word' id='word_1_487' title='bbox 2356 2242 2534 2310; x_wconf 83' lang='grc' dir='ltr'>χάριν,</span> <span class='ocrx_word' id='word_1_488' title='bbox 2569 2240 2662 2293; x_wconf 72' lang='grc' dir='ltr'><strong>καὶ</strong></span> <span class='ocrx_word' id='word_1_489' title='bbox 2690 2239 2787 2309; x_wconf 79' lang='grc' dir='ltr'><strong>τὴν</strong></span> <span class='ocrx_word' id='word_1_490' title='bbox 2814 2241 2870 2289; x_wconf 89' lang='grc' dir='ltr'><strong>ἐν</strong></span> <span class='ocrx_word' id='word_1_491' title='bbox 2892 2236 3038 2306; x_wconf 83' lang='grc' dir='ltr'>αύτῷ</span> <span class='ocrx_word' id='word_1_492' title='bbox 3081 2238 3423 2305; x_wconf 75' lang='grc' dir='ltr'>ζωοποίησιν,</span> <span class='ocrx_word' id='word_1_493' title='bbox 3467 2235 3560 2287; x_wconf 75' lang='grc' dir='ltr'>καὶ</span> <span class='ocrx_word' id='word_1_494' title='bbox 3591 2236 3688 2306; x_wconf 78' lang='grc' dir='ltr'>τὴν</span> 
     </span>
    </p>
   </div>
   <div class='ocr_carea' id='block_1_66' title="bbox 2120 2323 3686 2402">
    <p class='ocr_par' dir='ltr' id='par_1_66' title="bbox 2120 2323 3686 2402">
     <span class='ocr_line' id='line_1_66' title="bbox 2120 2323 3686 2402; baseline -0.004 -17"><span class='ocrx_word' id='word_1_495' title='bbox 2120 2333 2256 2387; x_wconf 85' lang='grc' dir='ltr'>Θεοῦ</span> <span class='ocrx_word' id='word_1_496' title='bbox 2292 2331 2503 2402; x_wconf 75' lang='grc' dir='ltr'>μέθεξιν</span> <span class='ocrx_word' id='word_1_497' title='bbox 2542 2330 2607 2383; x_wconf 87' lang='grc' dir='ltr'><strong>δι’</strong></span> <span class='ocrx_word' id='word_1_498' title='bbox 2639 2330 2912 2398; x_wconf 83' lang='grc' dir='ltr'>ἀγιασμοῦ</span> <span class='ocrx_word' id='word_1_499' title='bbox 2954 2328 3010 2381; x_wconf 85' lang='grc' dir='ltr'><strong>ἐν</strong></span> <span class='ocrx_word' id='word_1_500' title='bbox 3055 2325 3350 2398; x_wconf 84' lang='grc' dir='ltr'>Πνεύματι,</span> <span class='ocrx_word' id='word_1_501' title='bbox 3381 2325 3467 2378; x_wconf 77' lang='grc' dir='ltr'><strong>διὰ</strong></span> <span class='ocrx_word' id='word_1_502' title='bbox 3513 2323 3686 2397; x_wconf 80' lang='grc' dir='ltr'>Ἰησοῦ</span> 
     </span>
    </p>
   </div>
   <div class='ocr_carea' id='block_1_67' title="bbox 2121 2421 3020 2496">
    <p class='ocr_par' dir='ltr' id='par_1_67' title="bbox 2121 2421 3020 2496">
     <span class='ocr_line' id='line_1_67' title="bbox 2121 2421 3020 2496; baseline -0.006 -19"><span class='ocrx_word' id='word_1_503' title='bbox 2121 2424 2355 2496; x_wconf 81' lang='grc' dir='ltr'>Χριστοῦ</span> <span class='ocrx_word' id='word_1_504' title='bbox 2392 2423 2704 2494; x_wconf 71' lang='grc' dir='ltr'>πεπρᾶχθαι</span> <span class='ocrx_word' id='word_1_505' title='bbox 2745 2421 2986 2490; x_wconf 82' lang='grc' dir='ltr'>δώσομεν</span> <span class='ocrx_word' id='word_1_506' title='bbox 3008 2436 3020 2485; x_wconf 92' lang='grc'><strong>;</strong></span> 
     </span>
    </p>
   </div>
   <div class='ocr_carea' id='block_1_68' title="bbox 2190 2510 3684 2582">
    <p class='ocr_par' dir='ltr' id='par_1_68' title="bbox 2190 2510 3684 2582">
     <span class='ocr_line' id='line_1_68' title="bbox 2190 2510 3684 2582; baseline -0.004 -14"><span class='ocrx_word' id='word_1_507' title='bbox 2190 2516 2250 2568; x_wconf 87' lang='grc' dir='ltr'><strong>Β.</strong></span> <span class='ocrx_word' id='word_1_508' title='bbox 2314 2514 2681 2581; x_wconf 74' lang='grc' dir='ltr'>’Λναγκαίωςο</span> <span class='ocrx_word' id='word_1_509' title='bbox 2736 2513 3085 2582; x_wconf 86' lang='grc' dir='ltr'>μεμνήσομαι</span> <span class='ocrx_word' id='word_1_510' title='bbox 3136 2511 3243 2581; x_wconf 77' lang='grc' dir='ltr'>γὰρ</span> <span class='ocrx_word' id='word_1_511' title='bbox 3297 2510 3541 2564; x_wconf 76' lang='grc' dir='ltr'>Ἰωάννου</span> <span class='ocrx_word' id='word_1_512' title='bbox 3596 2511 3684 2563; x_wconf 63' lang='grc' dir='ltr'><strong>λίς</strong></span> 
     </span>
    </p>
   </div>
   <div class='ocr_carea' id='block_1_69' title="bbox 2122 2600 3687 2675">
    <p class='ocr_par' dir='ltr' id='par_1_69' title="bbox 2122 2600 3687 2675">
     <span class='ocr_line' id='line_1_69' title="bbox 2122 2600 3687 2675; baseline -0.004 -16"><span class='ocrx_word' id='word_1_513' title='bbox 2122 2624 2339 2675; x_wconf 75' lang='grc' dir='ltr'>γοντοςσ</span> <span class='ocrx_word' id='word_1_514' title='bbox 2387 2626 2403 2657; x_wconf 78' lang='grc' dir='ltr'><strong>ι</strong></span> <span class='ocrx_word' id='word_1_515' title='bbox 2451 2606 2510 2675; x_wconf 59' lang='grc' dir='ltr'><strong>ΪΟ</strong></span> <span class='ocrx_word' id='word_1_516' title='bbox 2556 2605 2611 2658; x_wconf 84' lang='grc' dir='ltr'><strong>δέ</strong></span> <span class='ocrx_word' id='word_1_517' title='bbox 2646 2604 2818 2656; x_wconf 84' lang='grc' dir='ltr'>ὀπίσω</span> <span class='ocrx_word' id='word_1_518' title='bbox 2852 2620 2953 2673; x_wconf 87' lang='grc' dir='ltr'><strong>μου</strong></span> <span class='ocrx_word' id='word_1_519' title='bbox 3004 2602 3314 2673; x_wconf 75' lang='grc' dir='ltr'>ἐρχόμενος,</span> <span class='ocrx_word' id='word_1_520' title='bbox 3348 2600 3687 2674; x_wconf 73' lang='grc' dir='ltr'>ἰσχυρότερός</span> 
     </span>
    </p>
   </div>
   <div class='ocr_carea' id='block_1_70' title="bbox 2126 2672 3687 2767">
    <p class='ocr_par' dir='ltr' id='par_1_70' title="bbox 2126 2672 3687 2767">
     <span class='ocr_line' id='line_1_70' title="bbox 2126 2672 3687 2767; baseline -0.002 -19"><span class='ocrx_word' id='word_1_521' title='bbox 2126 2672 2225 2767; x_wconf 84' lang='grc' dir='ltr'><strong>μού</strong></span> <span class='ocrx_word' id='word_1_522' title='bbox 2260 2698 2423 2756; x_wconf 73' lang='grc' dir='ltr'>ἐστιν,</span> <span class='ocrx_word' id='word_1_523' title='bbox 2457 2672 2516 2748; x_wconf 68' lang='grc' dir='ltr'><strong>οὗ</strong></span> <span class='ocrx_word' id='word_1_524' title='bbox 2541 2695 2641 2747; x_wconf 83' lang='grc' dir='ltr'>οὐκ</span> <span class='ocrx_word' id='word_1_525' title='bbox 2669 2694 2787 2763; x_wconf 76' lang='grc' dir='ltr'>είμὶ</span> <span class='ocrx_word' id='word_1_526' title='bbox 2824 2672 3005 2756; x_wconf 55' lang='lat' dir='ltr'><strong>litavi»;</strong></span> <span class='ocrx_word' id='word_1_527' title='bbox 3125 2672 3443 2764; x_wconf 77' lang='grc' dir='ltr'>ὑποδήματα</span> <span class='ocrx_word' id='word_1_528' title='bbox 3474 2672 3687 2762; x_wconf 81' lang='grc' dir='ltr'>βαστά-</span> 
     </span>
    </p>
   </div>
   <div class='ocr_carea' id='block_1_71' title="bbox 2125 2784 3688 2861">
    <p class='ocr_par' dir='ltr' id='par_1_71' title="bbox 2125 2784 3688 2861">
     <span class='ocr_line' id='line_1_71' title="bbox 2125 2784 3688 2861; baseline -0.003 -21"><span class='ocrx_word' id='word_1_529' title='bbox 2125 2806 2243 2841; x_wconf 82' lang='grc' dir='ltr'>σαι·</span> <span class='ocrx_word' id='word_1_530' title='bbox 2289 2790 2492 2851; x_wconf 82' lang='grc' dir='ltr'>ἐκεῖνος</span> <span class='ocrx_word' id='word_1_531' title='bbox 2524 2788 2667 2858; x_wconf 78' lang='grc' dir='ltr'>ὑμᾶς</span> <span class='ocrx_word' id='word_1_532' title='bbox 2706 2785 2956 2861; x_wconf 82' lang='grc' dir='ltr'>βαπτίσει</span> <span class='ocrx_word' id='word_1_533' title='bbox 3003 2788 3061 2838; x_wconf 88' lang='grc' dir='ltr'><strong>ἐν</strong></span> <span class='ocrx_word' id='word_1_534' title='bbox 3105 2784 3381 2854; x_wconf 86' lang='grc' dir='ltr'>Πνεύματι</span> <span class='ocrx_word' id='word_1_535' title='bbox 3421 2784 3559 2857; x_wconf 80' lang='grc' dir='ltr'>ἁγίῳ</span> <span class='ocrx_word' id='word_1_536' title='bbox 3596 2784 3688 2837; x_wconf 65' lang='grc' dir='ltr'><strong>καὶ</strong></span> 
     </span>
    </p>
   </div>
   <div class='ocr_carea' id='block_1_72' title="bbox 2124 2882 2338 2951">
    <p class='ocr_par' dir='ltr' id='par_1_72' title="bbox 2124 2882 2338 2951">
     <span class='ocr_line' id='line_1_72' title="bbox 2124 2882 2338 2951; baseline -0.019 -17"><span class='ocrx_word' id='word_1_537' title='bbox 2124 2882 2275 2951; x_wconf 84' lang='grc' dir='ltr'>πυρί.</span> <span class='ocrx_word' id='word_1_538' title='bbox 2320 2898 2338 2930; x_wconf 74' lang='grc' dir='ltr'><strong>ι</strong></span> 
     </span>
    </p>
   </div>
   <div class='ocr_carea' id='block_1_73' title="bbox 2193 2963 3687 3040">
    <p class='ocr_par' dir='ltr' id='par_1_73' title="bbox 2193 2963 3687 3040">
     <span class='ocr_line' id='line_1_73' title="bbox 2193 2963 3687 3040; baseline -0.003 -16"><span class='ocrx_word' id='word_1_539' title='bbox 2193 2972 2254 3024; x_wconf 85' lang='grc' dir='ltr'><strong>Α.</strong></span> <span class='ocrx_word' id='word_1_540' title='bbox 2274 2967 2397 3040; x_wconf 70' lang='lat' dir='ltr'><strong>&#39;Ap‘</strong></span> <span class='ocrx_word' id='word_1_541' title='bbox 2426 2964 2539 3034; x_wconf 83' lang='grc' dir='ltr'>οὖν,</span> <span class='ocrx_word' id='word_1_542' title='bbox 2559 2963 2603 3022; x_wconf 77' lang='grc' dir='ltr'><strong>ὦ</strong></span> <span class='ocrx_word' id='word_1_543' title='bbox 2630 2970 2829 3040; x_wconf 75' lang='grc' dir='ltr'>ἑταῖρε,</span> <span class='ocrx_word' id='word_1_544' title='bbox 2849 2971 2944 3037; x_wconf 78' lang='grc' dir='ltr'>τῆς</span> <span class='ocrx_word' id='word_1_545' title='bbox 2974 2968 3093 3022; x_wconf 81' lang='grc' dir='ltr'>καθ’</span> <span class='ocrx_word' id='word_1_546' title='bbox 3117 2968 3259 3038; x_wconf 81' lang='grc' dir='ltr'>ήμᾶς</span> <span class='ocrx_word' id='word_1_547' title='bbox 3279 2967 3687 3039; x_wconf 72' lang='grc' dir='ltr'>ἀνθρωπότητος</span> 
     </span>
    </p>
   </div>
   <div class='ocr_carea' id='block_1_74' title="bbox 2122 3055 3689 3130">
    <p class='ocr_par' dir='ltr' id='par_1_74' title="bbox 2122 3055 3689 3130">
     <span class='ocr_line' id='line_1_74' title="bbox 2122 3055 3689 3130; baseline -0.004 -15"><span class='ocrx_word' id='word_1_548' title='bbox 2122 3061 2280 3130; x_wconf 74' lang='grc' dir='ltr'>ἔργον</span> <span class='ocrx_word' id='word_1_549' title='bbox 2319 3055 2456 3110; x_wconf 80' lang='grc' dir='ltr'>εἶναι</span> <span class='ocrx_word' id='word_1_550' title='bbox 2496 3057 2708 3126; x_wconf 74' lang='grc' dir='ltr'>φῶμεν,</span> <span class='ocrx_word' id='word_1_551' title='bbox 2744 3057 2805 3109; x_wconf 79' lang='grc' dir='ltr'>τὺ</span> <span class='ocrx_word' id='word_1_552' title='bbox 2839 3059 2895 3107; x_wconf 80' lang='grc' dir='ltr'><strong>ἐν</strong></span> <span class='ocrx_word' id='word_1_553' title='bbox 2937 3055 3211 3126; x_wconf 83' lang='grc' dir='ltr'>Πνεύματι</span> <span class='ocrx_word' id='word_1_554' title='bbox 3243 3056 3382 3127; x_wconf 82' lang='grc' dir='ltr'>ἁγίῳ</span> <span class='ocrx_word' id='word_1_555' title='bbox 3411 3055 3689 3125; x_wconf 77' lang='grc' dir='ltr'>βαπτίζειν</span> 
     </span>
    </p>
   </div>
   <div class='ocr_carea' id='block_1_75' title="bbox 2049 3148 2716 3242">
    <p class='ocr_par' dir='ltr' id='par_1_75' title="bbox 2049 3148 2716 3242">
     <span class='ocr_line' id='line_1_75' title="bbox 2049 3148 2716 3242; baseline -0.009 -38"><span class='ocrx_word' id='word_1_556' title='bbox 2049 3181 2095 3242; x_wconf 79' lang='lat' dir='ltr'>c</span> <span class='ocrx_word' id='word_1_557' title='bbox 2125 3150 2381 3205; x_wconf 84' lang='grc' dir='ltr'>δύνασθαι</span> <span class='ocrx_word' id='word_1_558' title='bbox 2413 3150 2505 3202; x_wconf 76' lang='grc' dir='ltr'><strong>καὶ</strong></span> <span class='ocrx_word' id='word_1_559' title='bbox 2552 3148 2716 3218; x_wconf 88' lang='grc' dir='ltr'>πυρί;</span> 
     </span>
    </p>
   </div>
   <div class='ocr_carea' id='block_1_76' title="bbox 2195 3237 3095 3307">
    <p class='ocr_par' dir='ltr' id='par_1_76' title="bbox 2195 3237 3095 3307">
     <span class='ocr_line' id='line_1_76' title="bbox 2195 3237 3095 3307; baseline -0.003 -13"><span class='ocrx_word' id='word_1_560' title='bbox 2195 3243 2254 3294; x_wconf 88' lang='grc' dir='ltr'><strong>Β.</strong></span> <span class='ocrx_word' id='word_1_561' title='bbox 2296 3241 2405 3295; x_wconf 70' lang='grc' dir='ltr'><strong>Καὶ</strong></span> <span class='ocrx_word' id='word_1_562' title='bbox 2437 3240 2551 3303; x_wconf 85' lang='grc' dir='ltr'><strong>πῶς</strong></span> <span class='ocrx_word' id='word_1_563' title='bbox 2578 3238 2644 3292; x_wconf 77' lang='grc' dir='ltr'><strong>ἂν</strong></span> <span class='ocrx_word' id='word_1_564' title='bbox 2682 3238 2766 3307; x_wconf 75' lang='grc' dir='ltr'><strong>εἴη</strong></span> <span class='ocrx_word' id='word_1_565' title='bbox 2807 3237 2961 3291; x_wconf 76' lang='grc' dir='ltr'>τοῦτό</span> <span class='ocrx_word' id='word_1_566' title='bbox 2994 3255 3095 3306; x_wconf 88' lang='grc' dir='ltr'>γε;</span> 
     </span>
    </p>
   </div>
   <div class='ocr_carea' id='block_1_77' title="bbox 2195 3329 3692 3403">
    <p class='ocr_par' dir='ltr' id='par_1_77' title="bbox 2195 3329 3692 3403">
     <span class='ocr_line' id='line_1_77' title="bbox 2195 3329 3692 3403; baseline -0.002 -16"><span class='ocrx_word' id='word_1_567' title='bbox 2195 3336 2258 3387; x_wconf 81' lang='grc' dir='ltr'><strong>Α.</strong></span> <span class='ocrx_word' id='word_1_568' title='bbox 2301 3335 2409 3389; x_wconf 71' lang='grc' dir='ltr'><strong>Καὶ</strong></span> <span class='ocrx_word' id='word_1_569' title='bbox 2439 3333 2544 3402; x_wconf 77' lang='grc' dir='ltr'>μὴν</span> <span class='ocrx_word' id='word_1_570' title='bbox 2569 3331 2735 3403; x_wconf 77' lang='grc' dir='ltr'>ἄνδρα</span> <span class='ocrx_word' id='word_1_571' title='bbox 2764 3332 2953 3399; x_wconf 86' lang='grc' dir='ltr'>λέγων,</span> <span class='ocrx_word' id='word_1_572' title='bbox 2996 3329 3084 3384; x_wconf 80' lang='grc' dir='ltr'>τὸν</span> <span class='ocrx_word' id='word_1_573' title='bbox 3116 3332 3238 3385; x_wconf 83' lang='grc' dir='ltr'>ὅσον</span> <span class='ocrx_word' id='word_1_574' title='bbox 3293 3330 3503 3394; x_wconf 77' lang='grc' dir='ltr'>οὐδέπω</span> <span class='ocrx_word' id='word_1_575' title='bbox 3559 3347 3692 3401; x_wconf 80' lang='grc' dir='ltr'><strong>παρ⁸</strong></span> 
     </span>
    </p>
   </div>
   <div class='ocr_carea' id='block_1_78' title="bbox 2126 3423 3689 3496">
    <p class='ocr_par' dir='ltr' id='par_1_78' title="bbox 2126 3423 3689 3496">
     <span class='ocr_line' id='line_1_78' title="bbox 2126 3423 3689 3496; baseline -0.002 -18"><span class='ocrx_word' id='word_1_576' title='bbox 2126 3425 2379 3496; x_wconf 83' lang='grc' dir='ltr'>εσόμενόν</span> <span class='ocrx_word' id='word_1_577' title='bbox 2419 3441 2478 3477; x_wconf 91' lang='grc' dir='ltr'><strong>τε</strong></span> <span class='ocrx_word' id='word_1_578' title='bbox 2500 3425 2594 3477; x_wconf 81' lang='grc' dir='ltr'><strong>καὶ</strong></span> <span class='ocrx_word' id='word_1_579' title='bbox 2636 3423 3025 3495; x_wconf 79' lang='grc' dir='ltr'>ὀφθησόμενον,</span> <span class='ocrx_word' id='word_1_580' title='bbox 3058 3424 3219 3477; x_wconf 82' lang='grc' dir='ltr'>αὐτὸν</span> <span class='ocrx_word' id='word_1_581' title='bbox 3264 3424 3365 3493; x_wconf 81' lang='grc' dir='ltr'><strong>ἔφη</strong></span> <span class='ocrx_word' id='word_1_582' title='bbox 3414 3424 3689 3493; x_wconf 74' lang='grc' dir='ltr'>βαπτίζειν</span> 
     </span>
    </p>
   </div>
   <div class='ocr_carea' id='block_1_79' title="bbox 2126 3513 3753 3587">
    <p class='ocr_par' dir='ltr' id='par_1_79' title="bbox 2126 3513 3753 3587">
     <span class='ocr_line' id='line_1_79' title="bbox 2126 3513 3753 3587; baseline -0.002 -17"><span class='ocrx_word' id='word_1_583' title='bbox 2126 3520 2181 3570; x_wconf 87' lang='grc' dir='ltr'><strong>ἐν</strong></span> <span class='ocrx_word' id='word_1_584' title='bbox 2234 3518 2365 3587; x_wconf 72' lang='grc' dir='ltr'>πυρὶ</span> <span class='ocrx_word' id='word_1_585' title='bbox 2418 3517 2511 3571; x_wconf 74' lang='grc' dir='ltr'><strong>καὶ</strong></span> <span class='ocrx_word' id='word_1_586' title='bbox 2553 3516 2691 3586; x_wconf 85' lang='grc' dir='ltr'>ἁγίῳ</span> <span class='ocrx_word' id='word_1_587' title='bbox 2740 3515 3034 3585; x_wconf 89' lang='grc' dir='ltr'>Πνεύματι,</span> <span class='ocrx_word' id='word_1_588' title='bbox 3083 3513 3205 3569; x_wconf 73' lang='grc' dir='ltr'>οὔτε</span> <span class='ocrx_word' id='word_1_589' title='bbox 3251 3516 3528 3587; x_wconf 74' lang='grc' dir='ltr'>ἀλλότριον</span> <span class='ocrx_word' id='word_1_590' title='bbox 3576 3517 3690 3578; x_wconf 85' lang='grc' dir='ltr'>τοῖς</span> <span class='ocrx_word' id='word_1_591' title='bbox 3748 3554 3753 3559; x_wconf 53' lang='grc' dir='ltr'>ι</span> 
     </span>
    </p>
   </div>
   <div class='ocr_carea' id='block_1_80' title="bbox 2123 3606 3692 3679">
    <p class='ocr_par' dir='ltr' id='par_1_80' title="bbox 2123 3606 3692 3679">
     <span class='ocr_line' id='line_1_80' title="bbox 2123 3606 3692 3679; baseline -0.001 -17"><span class='ocrx_word' id='word_1_592' title='bbox 2123 3610 2542 3679; x_wconf 77' lang='grc' dir='ltr'>βαπτιζομένοις</span> <span class='ocrx_word' id='word_1_593' title='bbox 2602 3609 2810 3661; x_wconf 81' lang='grc' dir='ltr'>ἐνιέντα</span> <span class='ocrx_word' id='word_1_594' title='bbox 2866 3606 3089 3677; x_wconf 85' lang='grc' dir='ltr'>Πνεῦμα</span> <span class='ocrx_word' id='word_1_595' title='bbox 3142 3607 3521 3679; x_wconf 85' lang='grc' dir='ltr'>δουλοπρεπῶς</span> <span class='ocrx_word' id='word_1_596' title='bbox 3597 3607 3692 3661; x_wconf 69' lang='grc' dir='ltr'><strong>καὶ</strong></span> 
     </span>
    </p>
   </div>
   <div class='ocr_carea' id='block_1_81' title="bbox 2126 3698 3691 3771">
    <p class='ocr_par' dir='ltr' id='par_1_81' title="bbox 2126 3698 3691 3771">
     <span class='ocr_line' id='line_1_81' title="bbox 2126 3698 3691 3771; baseline 0 -18"><span class='ocrx_word' id='word_1_597' title='bbox 2126 3700 2492 3771; x_wconf 80' lang='grc' dir='ltr'>ύπουργικῶς,</span> <span class='ocrx_word' id='word_1_598' title='bbox 2523 3699 2635 3754; x_wconf 76' lang='grc' dir='ltr'><strong>ἀλλ’</strong></span> <span class='ocrx_word' id='word_1_599' title='bbox 2663 3699 2736 3763; x_wconf 83' lang='grc' dir='ltr'>ὡς</span> <span class='ocrx_word' id='word_1_600' title='bbox 2775 3699 2907 3751; x_wconf 85' lang='grc' dir='ltr'>Θεὸν</span> <span class='ocrx_word' id='word_1_601' title='bbox 2938 3698 3075 3753; x_wconf 77' lang='grc' dir='ltr'>κατὰ</span> <span class='ocrx_word' id='word_1_602' title='bbox 3108 3700 3265 3769; x_wconf 84' lang='grc' dir='ltr'>φύσιν</span> <span class='ocrx_word' id='word_1_603' title='bbox 3302 3701 3418 3769; x_wconf 85' lang='grc' dir='ltr'>μετ’</span> <span class='ocrx_word' id='word_1_604' title='bbox 3444 3700 3691 3767; x_wconf 82' lang='grc' dir='ltr'>ἐξουσίας</span> 
     </span>
    </p>
   </div>
   <div class='ocr_carea' id='block_1_82' title="bbox 2125 3786 3690 3859">
    <p class='ocr_par' dir='ltr' id='par_1_82' title="bbox 2125 3786 3690 3859">
     <span class='ocr_line' id='line_1_82' title="bbox 2125 3786 3690 3859; baseline 0.004 -18"><span class='ocrx_word' id='word_1_605' title='bbox 2125 3791 2221 3859; x_wconf 82' lang='grc' dir='ltr'>τῆς</span> <span class='ocrx_word' id='word_1_606' title='bbox 2249 3790 2525 3854; x_wconf 80' lang='grc' dir='ltr'>ἀνωτάτω,</span> <span class='ocrx_word' id='word_1_607' title='bbox 2558 3790 2618 3842; x_wconf 74' lang='grc' dir='ltr'>τὸ</span> <span class='ocrx_word' id='word_1_608' title='bbox 2652 3790 2709 3857; x_wconf 75' lang='grc' dir='ltr'>ἐξ</span> <span class='ocrx_word' id='word_1_609' title='bbox 2748 3791 2911 3845; x_wconf 76' lang='grc' dir='ltr'>αὐτοῦ</span> <span class='ocrx_word' id='word_1_610' title='bbox 2943 3808 3001 3844; x_wconf 89' lang='grc' dir='ltr'><strong>τε</strong></span> <span class='ocrx_word' id='word_1_611' title='bbox 3043 3792 3135 3845; x_wconf 71' lang='grc' dir='ltr'>καὶ</span> <span class='ocrx_word' id='word_1_612' title='bbox 3165 3790 3293 3844; x_wconf 83' lang='grc' dir='ltr'>ίδιον</span> <span class='ocrx_word' id='word_1_613' title='bbox 3324 3790 3507 3855; x_wconf 76' lang='grc' dir='ltr'>αὐτοῦ,</span> <span class='ocrx_word' id='word_1_614' title='bbox 3535 3791 3602 3844; x_wconf 91' lang='grc' dir='ltr'><strong>δι’</strong></span> <span class='ocrx_word' id='word_1_615' title='bbox 3630 3786 3690 3847; x_wconf 74' lang='grc' dir='ltr'><strong>οὗ</strong></span> 
     </span>
    </p>
   </div>
   <div class='ocr_carea' id='block_1_83' title="bbox 2125 3880 3691 3953">
    <p class='ocr_par' dir='ltr' id='par_1_83' title="bbox 2125 3880 3691 3953">
     <span class='ocr_line' id='line_1_83' title="bbox 2125 3880 3691 3953; baseline 0 -18"><span class='ocrx_word' id='word_1_616' title='bbox 2125 3882 2217 3935; x_wconf 75' lang='grc' dir='ltr'>καὶ</span> <span class='ocrx_word' id='word_1_617' title='bbox 2253 3883 2279 3934; x_wconf 84' lang='grc' dir='ltr'>ὁ</span> <span class='ocrx_word' id='word_1_618' title='bbox 2315 3880 2456 3944; x_wconf 90' lang='grc' dir='ltr'>θεῖος</span> <span class='ocrx_word' id='word_1_619' title='bbox 2495 3883 2625 3951; x_wconf 82' lang='grc' dir='ltr'>ἡμῖν</span> <span class='ocrx_word' id='word_1_620' title='bbox 2668 3883 3051 3952; x_wconf 76' lang='grc' dir='ltr'>ἐνσημαίνεται</span> <span class='ocrx_word' id='word_1_621' title='bbox 3080 3884 3383 3953; x_wconf 82' lang='grc' dir='ltr'>χαρακτήρ,</span> <span class='ocrx_word' id='word_1_622' title='bbox 3430 3882 3691 3953; x_wconf 86' lang='grc' dir='ltr'>Ἀναμορ-</span> 
     </span>
    </p>
   </div>
   <div class='ocr_carea' id='block_1_84' title="bbox 2126 3971 3689 4045">
    <p class='ocr_par' dir='ltr' id='par_1_84' title="bbox 2126 3971 3689 4045">
     <span class='ocr_line' id='line_1_84' title="bbox 2126 3971 3689 4045; baseline 0.001 -21"><span class='ocrx_word' id='word_1_623' title='bbox 2126 3972 2371 4043; x_wconf 74' lang='grc' dir='ltr'>φούμεθα</span> <span class='ocrx_word' id='word_1_624' title='bbox 2400 3971 2508 4043; x_wconf 83' lang='grc' dir='ltr'>γὰρ</span> <span class='ocrx_word' id='word_1_625' title='bbox 2544 3972 2619 4036; x_wconf 87' lang='grc' dir='ltr'>ὡς</span> <span class='ocrx_word' id='word_1_626' title='bbox 2660 3974 2740 4037; x_wconf 85' lang='grc' dir='ltr'><strong>είς</strong></span> <span class='ocrx_word' id='word_1_627' title='bbox 2771 3974 2955 4027; x_wconf 83' lang='grc' dir='ltr'>εἰκόνα</span> <span class='ocrx_word' id='word_1_628' title='bbox 3000 3973 3097 4045; x_wconf 82' lang='grc' dir='ltr'>τὴν</span> <span class='ocrx_word' id='word_1_629' title='bbox 3135 3973 3303 4040; x_wconf 85' lang='grc' dir='ltr'>θείαν,</span> <span class='ocrx_word' id='word_1_630' title='bbox 3344 3977 3423 4038; x_wconf 86' lang='grc' dir='ltr'><strong>είς</strong></span> <span class='ocrx_word' id='word_1_631' title='bbox 3459 3976 3689 4045; x_wconf 79' lang='grc' dir='ltr'>Χριστὸν</span> 
     </span>
    </p>
   </div>
   <div class='ocr_carea' id='block_1_85' title="bbox 2137 4064 3688 4136">
    <p class='ocr_par' dir='ltr' id='par_1_85' title="bbox 2137 4064 3688 4136">
     <span class='ocr_line' id='line_1_85' title="bbox 2137 4064 3688 4136; baseline 0.001 -19"><span class='ocrx_word' id='word_1_632' title='bbox 2137 4064 2361 4135; x_wconf 85' lang='grc' dir='ltr'>Ἰησοῦν,</span> <span class='ocrx_word' id='word_1_633' title='bbox 2396 4066 2446 4118; x_wconf 66' lang='grc' dir='ltr'>δύ</span> <span class='ocrx_word' id='word_1_634' title='bbox 2475 4064 2783 4133; x_wconf 79' lang='grc' dir='ltr'>σωματικὸν</span> <span class='ocrx_word' id='word_1_635' title='bbox 2824 4065 3185 4135; x_wconf 78' lang='grc' dir='ltr'>ὑπομένοντες</span> <span class='ocrx_word' id='word_1_636' title='bbox 3226 4066 3315 4119; x_wconf 83' lang='grc' dir='ltr'><strong>τὸν</strong></span> <span class='ocrx_word' id='word_1_637' title='bbox 3336 4066 3688 4136; x_wconf 75' lang='grc' dir='ltr'>ἀναπλασμδν</span> 
     </span>
    </p>
   </div>
   <div class='ocr_carea' id='block_1_86' title="bbox 2129 4154 3688 4227">
    <p class='ocr_par' dir='ltr' id='par_1_86' title="bbox 2129 4154 3688 4227">
     <span class='ocr_line' id='line_1_86' title="bbox 2129 4154 3688 4227; baseline 0.003 -19"><span class='ocrx_word' id='word_1_638' title='bbox 2129 4156 2342 4227; x_wconf 82' lang='grc' dir='ltr'>(κομιδῇ</span> <span class='ocrx_word' id='word_1_639' title='bbox 2372 4154 2479 4225; x_wconf 85' lang='grc' dir='ltr'>γὰρ</span> <span class='ocrx_word' id='word_1_640' title='bbox 2503 4154 2696 4226; x_wconf 77' lang='grc' dir='ltr'>εὐηθες</span> <span class='ocrx_word' id='word_1_641' title='bbox 2731 4156 2937 4212; x_wconf 82' lang='grc' dir='ltr'>οἴεσθαι</span> <span class='ocrx_word' id='word_1_642' title='bbox 2972 4156 3273 4227; x_wconf 73' lang='grc' dir='ltr'>τουτὶ),ὅιὰ</span> <span class='ocrx_word' id='word_1_643' title='bbox 3306 4157 3359 4210; x_wconf 81' lang='grc' dir='ltr'><strong>δὲ</strong></span> <span class='ocrx_word' id='word_1_644' title='bbox 3392 4158 3485 4211; x_wconf 87' lang='grc' dir='ltr'>τοῦ</span> <span class='ocrx_word' id='word_1_645' title='bbox 3522 4175 3688 4227; x_wconf 87' lang='grc' dir='ltr'>μετα-</span> 
     </span>
    </p>
   </div>
   <div class='ocr_carea' id='block_1_87' title="bbox 2125 4246 3687 4319">
    <p class='ocr_par' dir='ltr' id='par_1_87' title="bbox 2125 4246 3687 4319">
     <span class='ocr_line' id='line_1_87' title="bbox 2125 4246 3687 4319; baseline 0.001 -20"><span class='ocrx_word' id='word_1_646' title='bbox 2125 4246 2307 4317; x_wconf 87' lang='grc' dir='ltr'>λαχεῖν</span> <span class='ocrx_word' id='word_1_647' title='bbox 2333 4248 2488 4314; x_wconf 78' lang='grc' dir='ltr'>ἁγίου</span> <span class='ocrx_word' id='word_1_648' title='bbox 2515 4248 2848 4319; x_wconf 89' lang='grc' dir='ltr'>Πνεύματος,</span> <span class='ocrx_word' id='word_1_649' title='bbox 2880 4249 3040 4310; x_wconf 78' lang='grc' dir='ltr'>αὐτὸν</span> <span class='ocrx_word' id='word_1_650' title='bbox 3070 4250 3128 4304; x_wconf 86' lang='grc' dir='ltr'><strong>ἐν</strong></span> <span class='ocrx_word' id='word_1_651' title='bbox 3158 4251 3366 4313; x_wconf 81' lang='grc' dir='ltr'>ἑαυτοῖς</span> <span class='ocrx_word' id='word_1_652' title='bbox 3397 4250 3687 4305; x_wconf 83' lang='grc' dir='ltr'>πλουτοῦν-</span> 
     </span>
    </p>
   </div>
   <div class='ocr_carea' id='block_1_88' title="bbox 2123 4339 3685 4412">
    <p class='ocr_par' dir='ltr' id='par_1_88' title="bbox 2123 4339 3685 4412">
     <span class='ocr_line' id='line_1_88' title="bbox 2123 4339 3685 4412; baseline 0.002 -19"><span class='ocrx_word' id='word_1_653' title='bbox 2123 4356 2211 4403; x_wconf 89' lang='grc' dir='ltr'><strong>τες</strong></span> <span class='ocrx_word' id='word_1_654' title='bbox 2268 4339 2533 4410; x_wconf 83' lang='grc' dir='ltr'>Χριστὸν,</span> <span class='ocrx_word' id='word_1_655' title='bbox 2589 4339 2664 4403; x_wconf 87' lang='grc' dir='ltr'>ὠς</span> <span class='ocrx_word' id='word_1_656' title='bbox 2719 4341 2820 4411; x_wconf 74' lang='grc' dir='ltr'><strong>ἤδη</strong></span> <span class='ocrx_word' id='word_1_657' title='bbox 2879 4341 3165 4412; x_wconf 84' lang='grc' dir='ltr'>χαίροντας</span> <span class='ocrx_word' id='word_1_658' title='bbox 3223 4343 3396 4395; x_wconf 84' lang='grc' dir='ltr'>ἐκεῖνο</span> <span class='ocrx_word' id='word_1_659' title='bbox 3458 4346 3685 4412; x_wconf 81' lang='grc' dir='ltr'>φωνεῖν·</span> 
     </span>
    </p>
   </div>
   <div class='ocr_carea' id='block_1_89' title="bbox 2131 4430 3688 4504">
    <p class='ocr_par' dir='ltr' id='par_1_89' title="bbox 2131 4430 3688 4504">
     <span class='ocr_line' id='line_1_89' title="bbox 2131 4430 3688 4504; baseline 0.001 -18"><span class='ocrx_word' id='word_1_660' title='bbox 2131 4452 2149 4491; x_wconf 76' lang='grc' dir='ltr'>ι</span> <span class='ocrx_word' id='word_1_661' title='bbox 2206 4430 2576 4501; x_wconf 78' lang='grc' dir='ltr'>’Δγαλλιάσθω</span> <span class='ocrx_word' id='word_1_662' title='bbox 2616 4430 2820 4502; x_wconf 74' lang='grc' dir='ltr'>ήψυχή</span> <span class='ocrx_word' id='word_1_663' title='bbox 2865 4449 2962 4501; x_wconf 88' lang='grc' dir='ltr'><strong>μου</strong></span> <span class='ocrx_word' id='word_1_664' title='bbox 2994 4432 3085 4485; x_wconf 83' lang='grc' dir='ltr'><strong>ἐπὶ</strong></span> <span class='ocrx_word' id='word_1_665' title='bbox 3114 4432 3191 4503; x_wconf 84' lang='grc' dir='ltr'>τῷ</span> <span class='ocrx_word' id='word_1_666' title='bbox 3234 4432 3441 4504; x_wconf 79' lang='grc' dir='ltr'>Κυρίῳ’</span> <span class='ocrx_word' id='word_1_667' title='bbox 3478 4433 3688 4487; x_wconf 76' lang='grc' dir='ltr'>ἐνέδυσε</span> 
     </span>
    </p>
   </div>
   <div class='ocr_carea' id='block_1_90' title="bbox 457 4514 2019 4597">
    <p class='ocr_par' dir='ltr' id='par_1_90' title="bbox 457 4520 2019 4594">
     <span class='ocr_line' id='line_1_90' title="bbox 457 4520 2019 4594; baseline -0.002 -17"><span class='ocrx_word' id='word_1_668' title='bbox 457 4527 582 4594; x_wconf 90' lang='lat' dir='ltr'><strong>quia</strong></span> <span class='ocrx_word' id='word_1_669' title='bbox 622 4524 796 4578; x_wconf 92' lang='lat' dir='ltr'><strong>induit</strong></span> <span class='ocrx_word' id='word_1_670' title='bbox 837 4537 922 4577; x_wconf 92' lang='lat' dir='ltr'><strong>me</strong></span> <span class='ocrx_word' id='word_1_671' title='bbox 970 4520 1309 4575; x_wconf 83' lang='lat' dir='ltr'><strong>vestimentis</strong></span> <span class='ocrx_word' id='word_1_672' title='bbox 1354 4520 1564 4585; x_wconf 85' lang='lat' dir='ltr'><strong>salutis,</strong></span> <span class='ocrx_word' id='word_1_673' title='bbox 1613 4530 1667 4575; x_wconf 85' lang='lat' dir='ltr'><strong>et</strong></span> <span class='ocrx_word' id='word_1_674' title='bbox 1706 4521 2019 4574; x_wconf 90' lang='lat' dir='ltr'><strong>indumento</strong></span> 
     </span>
    </p>
   </div>
   <div class='ocr_carea' id='block_1_91' title="bbox 2123 4514 3683 4597">
    <p class='ocr_par' dir='ltr' id='par_1_91' title="bbox 2126 4524 3683 4597">
     <span class='ocr_line' id='line_1_91' title="bbox 2126 4524 3683 4597; baseline -0.001 -18"><span class='ocrx_word' id='word_1_675' title='bbox 2126 4526 2234 4597; x_wconf 80' lang='grc' dir='ltr'>γάρ</span> <span class='ocrx_word' id='word_1_676' title='bbox 2265 4542 2331 4597; x_wconf 92' lang='grc' dir='ltr'><strong>με</strong></span> <span class='ocrx_word' id='word_1_677' title='bbox 2367 4525 2581 4595; x_wconf 75' lang='grc' dir='ltr'>ἱμάτιον</span> <span class='ocrx_word' id='word_1_678' title='bbox 2608 4526 2897 4595; x_wconf 81' lang='grc' dir='ltr'>σωτηρίου,</span> <span class='ocrx_word' id='word_1_679' title='bbox 2930 4526 3022 4579; x_wconf 74' lang='grc' dir='ltr'>καὶ</span> <span class='ocrx_word' id='word_1_680' title='bbox 3050 4524 3251 4596; x_wconf 83' lang='grc' dir='ltr'>χιτῶνα</span> <span class='ocrx_word' id='word_1_681' title='bbox 3277 4526 3629 4597; x_wconf 79' lang='grc' dir='ltr'>εὐφροσύνης.</span> <span class='ocrx_word' id='word_1_682' title='bbox 3665 4546 3683 4577; x_wconf 73' lang='grc' dir='ltr'>ι</span> 
     </span>
    </p>
   </div>
   <div class='ocr_carea' id='block_1_92' title="bbox 450 4608 2019 4683">
    <p class='ocr_par' dir='ltr' id='par_1_92' title="bbox 450 4608 2019 4683">
     <span class='ocr_line' id='line_1_92' title="bbox 450 4608 2019 4683; baseline -0.003 -14"><span class='ocrx_word' id='word_1_683' title='bbox 450 4615 673 4683; x_wconf 74' lang='lat' dir='ltr'><strong>iustitiae</strong></span> <span class='ocrx_word' id='word_1_684' title='bbox 702 4611 1056 4667; x_wconf 89' lang='lat' dir='ltr'><strong>circumdedit</strong></span> <span class='ocrx_word' id='word_1_685' title='bbox 1084 4625 1170 4665; x_wconf 90' lang='lat' dir='ltr'><strong>me</strong></span> <span class='ocrx_word' id='word_1_686' title='bbox 1197 4610 1234 4664; x_wconf 75' lang='grc' dir='ltr'><strong>ί.</strong></span> <span class='ocrx_word' id='word_1_687' title='bbox 1273 4628 1290 4662; x_wconf 75' lang='grc' dir='ltr'><strong>ι</strong></span> <span class='ocrx_word' id='word_1_688' title='bbox 1316 4608 1590 4677; x_wconf 86' lang='lat' dir='ltr'><strong>Quotquot</strong></span> <span class='ocrx_word' id='word_1_689' title='bbox 1620 4611 1761 4665; x_wconf 89' lang='lat' dir='ltr'><strong>enim</strong></span> <span class='ocrx_word' id='word_1_690' title='bbox 1790 4610 1841 4665; x_wconf 92' lang='lat' dir='ltr'><strong>in</strong></span> <span class='ocrx_word' id='word_1_691' title='bbox 1866 4610 2019 4665; x_wconf 87' lang='lat' dir='ltr'><strong>Chri-</strong></span> 
     </span>
    </p>
   </div>
   <div class='ocr_carea' id='block_1_93' title="bbox 457 4700 1719 4774">
    <p class='ocr_par' dir='ltr' id='par_1_93' title="bbox 457 4700 1719 4774">
     <span class='ocr_line' id='line_1_93' title="bbox 457 4700 1719 4774; baseline -0.005 -13"><span class='ocrx_word' id='word_1_692' title='bbox 457 4716 598 4762; x_wconf 79' lang='lat' dir='ltr'><strong>stum</strong></span> <span class='ocrx_word' id='word_1_693' title='bbox 628 4704 882 4774; x_wconf 87' lang='lat' dir='ltr'><strong>baptizati</strong></span> <span class='ocrx_word' id='word_1_694' title='bbox 910 4702 1065 4769; x_wconf 90' lang='lat' dir='ltr'><strong>estis,</strong></span> <span class='ocrx_word' id='word_1_695' title='bbox 1096 4700 1368 4757; x_wconf 86' lang='lat' dir='ltr'><strong>Christum</strong></span> <span class='ocrx_word' id='word_1_696' title='bbox 1399 4701 1648 4756; x_wconf 89' lang='lat' dir='ltr'><strong>induistis</strong></span> <span class='ocrx_word' id='word_1_697' title='bbox 1679 4702 1719 4755; x_wconf 82' lang='grc'><strong>⁸.</strong></span> 
     </span>
    </p>
   </div>
   <div class='ocr_carea' id='block_1_94' title="bbox 527 4795 2019 4869">
    <p class='ocr_par' dir='ltr' id='par_1_94' title="bbox 527 4795 2019 4869">
     <span class='ocr_line' id='line_1_94' title="bbox 527 4795 2019 4869; baseline 0 -18"><span class='ocrx_word' id='word_1_698' title='bbox 527 4798 587 4852; x_wconf 88' lang='grc' dir='ltr'><strong>Β.</strong></span> <span class='ocrx_word' id='word_1_699' title='bbox 614 4799 670 4853; x_wconf 86' lang='lat' dir='ltr'><strong>in</strong></span> <span class='ocrx_word' id='word_1_700' title='bbox 707 4797 976 4852; x_wconf 89' lang='lat' dir='ltr'><strong>hominem</strong></span> <span class='ocrx_word' id='word_1_701' title='bbox 1005 4811 1132 4868; x_wconf 88' lang='lat' dir='ltr'><strong>ergo</strong></span> <span class='ocrx_word' id='word_1_702' title='bbox 1177 4795 1435 4867; x_wconf 85' lang='lat' dir='ltr'><strong>baptizati</strong></span> <span class='ocrx_word' id='word_1_703' title='bbox 1461 4809 1678 4859; x_wconf 84' lang='lat' dir='ltr'><strong>sumus,</strong></span> <span class='ocrx_word' id='word_1_704' title='bbox 1720 4796 1880 4869; x_wconf 86' lang='lat' dir='ltr'><strong>idque</strong></span> <span class='ocrx_word' id='word_1_705' title='bbox 1930 4810 2019 4851; x_wconf 85' lang='lat' dir='ltr'><strong>ve-</strong></span> 
     </span>
    </p>
   </div>
   <div class='ocr_carea' id='block_1_95' title="bbox 456 4885 1040 4946">
    <p class='ocr_par' dir='ltr' id='par_1_95' title="bbox 456 4885 1040 4946">
     <span class='ocr_line' id='line_1_95' title="bbox 456 4885 1040 4946; baseline -0.01 0"><span class='ocrx_word' id='word_1_706' title='bbox 456 4906 571 4946; x_wconf 88' lang='lat' dir='ltr'><strong>rum</strong></span> <span class='ocrx_word' id='word_1_707' title='bbox 608 4904 728 4945; x_wconf 87' lang='lat' dir='ltr'><strong>esse</strong></span> <span class='ocrx_word' id='word_1_708' title='bbox 758 4885 1040 4944; x_wconf 82' lang='lat' dir='ltr'><strong>dicemus?</strong></span> 
     </span>
    </p>
   </div>
   <div class='ocr_carea' id='block_1_96' title="bbox 522 4977 2020 5051">
    <p class='ocr_par' dir='ltr' id='par_1_96' title="bbox 522 4977 2020 5051">
     <span class='ocr_line' id='line_1_96' title="bbox 522 4977 2020 5051; baseline -0.002 -13"><span class='ocrx_word' id='word_1_709' title='bbox 522 4982 587 5039; x_wconf 86' lang='grc' dir='ltr'><strong>Δ.</strong></span> <span class='ocrx_word' id='word_1_710' title='bbox 624 4981 769 5035; x_wconf 89' lang='lat' dir='ltr'><strong>Bona</strong></span> <span class='ocrx_word' id='word_1_711' title='bbox 826 4980 1026 5046; x_wconf 89' lang='lat' dir='ltr'><strong>verba,</strong></span> <span class='ocrx_word' id='word_1_712' title='bbox 1091 4979 1281 5034; x_wconf 91' lang='lat' dir='ltr'><strong>amice.</strong></span> <span class='ocrx_word' id='word_1_713' title='bbox 1333 4977 1469 5051; x_wconf 87' lang='lat' dir='ltr'><strong>Quid</strong></span> <span class='ocrx_word' id='word_1_714' title='bbox 1514 4978 1672 5048; x_wconf 83' lang='lat' dir='ltr'><strong>agis?</strong></span> <span class='ocrx_word' id='word_1_715' title='bbox 1731 4978 2020 5035; x_wconf 81' lang='lat' dir='ltr'><strong>Transfers</strong></span> 
     </span>
    </p>
   </div>
   <div class='ocr_carea' id='block_1_97' title="bbox 455 5068 2019 5142">
    <p class='ocr_par' dir='ltr' id='par_1_97' title="bbox 455 5068 2019 5142">
     <span class='ocr_line' id='line_1_97' title="bbox 455 5068 2019 5142; baseline -0.003 -14"><span class='ocrx_word' id='word_1_716' title='bbox 455 5074 599 5128; x_wconf 83' lang='lat' dir='ltr'><strong>enim</strong></span> <span class='ocrx_word' id='word_1_717' title='bbox 629 5081 869 5128; x_wconf 87' lang='lat' dir='ltr'><strong>nostram</strong></span> <span class='ocrx_word' id='word_1_718' title='bbox 911 5086 1057 5140; x_wconf 89' lang='lat' dir='ltr'><strong>spem</strong></span> <span class='ocrx_word' id='word_1_719' title='bbox 1088 5070 1140 5124; x_wconf 91' lang='lat' dir='ltr'><strong>in</strong></span> <span class='ocrx_word' id='word_1_720' title='bbox 1186 5081 1405 5126; x_wconf 89' lang='lat' dir='ltr'><strong>terram.</strong></span> <span class='ocrx_word' id='word_1_721' title='bbox 1447 5068 1714 5140; x_wconf 85' lang='lat' dir='ltr'><strong>Baptizati</strong></span> <span class='ocrx_word' id='word_1_722' title='bbox 1756 5070 2019 5142; x_wconf 85' lang='lat' dir='ltr'><strong>siquidem</strong></span> 
     </span>
    </p>
   </div>
   <div class='ocr_carea' id='block_1_98' title="bbox 456 5160 2018 5231">
    <p class='ocr_par' dir='ltr' id='par_1_98' title="bbox 456 5160 2018 5231">
     <span class='ocr_line' id='line_1_98' title="bbox 456 5160 2018 5231; baseline 0.001 -15"><span class='ocrx_word' id='word_1_723' title='bbox 456 5178 661 5229; x_wconf 84' lang='lat' dir='ltr'><strong>sumus,</strong></span> <span class='ocrx_word' id='word_1_724' title='bbox 696 5178 802 5217; x_wconf 88' lang='lat' dir='ltr'><strong>non</strong></span> <span class='ocrx_word' id='word_1_725' title='bbox 834 5162 886 5216; x_wconf 92' lang='lat' dir='ltr'><strong>in</strong></span> <span class='ocrx_word' id='word_1_726' title='bbox 923 5162 1193 5217; x_wconf 90' lang='lat' dir='ltr'><strong>hominem</strong></span> <span class='ocrx_word' id='word_1_727' title='bbox 1242 5160 1579 5231; x_wconf 82' lang='lat' dir='ltr'><strong>simpliciter,</strong></span> <span class='ocrx_word' id='word_1_728' title='bbox 1621 5163 1715 5217; x_wconf 89' lang='lat' dir='ltr'><strong>sed</strong></span> <span class='ocrx_word' id='word_1_729' title='bbox 1753 5162 1806 5216; x_wconf 89' lang='lat' dir='ltr'><strong>in</strong></span> <span class='ocrx_word' id='word_1_730' title='bbox 1854 5162 2018 5218; x_wconf 90' lang='lat' dir='ltr'><strong>Deum</strong></span> 
     </span>
    </p>
   </div>
   <div class='ocr_carea' id='block_1_99' title="bbox 460 5255 2020 5323">
    <p class='ocr_par' dir='ltr' id='par_1_99' title="bbox 460 5255 2020 5323">
     <span class='ocr_line' id='line_1_99' title="bbox 460 5255 2020 5323; baseline 0.001 -16"><span class='ocrx_word' id='word_1_731' title='bbox 460 5257 835 5314; x_wconf 86' lang='lat' dir='ltr'><strong>incarnatum,</strong></span> <span class='ocrx_word' id='word_1_732' title='bbox 893 5264 948 5307; x_wconf 89' lang='lat' dir='ltr'><strong>et</strong></span> <span class='ocrx_word' id='word_1_733' title='bbox 994 5255 1352 5306; x_wconf 88' lang='lat' dir='ltr'><strong>remittentem</strong></span> <span class='ocrx_word' id='word_1_734' title='bbox 1408 5267 1619 5321; x_wconf 69' lang='lat' dir='ltr'><strong>poenam</strong></span> <span class='ocrx_word' id='word_1_735' title='bbox 1677 5265 2020 5323; x_wconf 87' lang='lat' dir='ltr'><strong>veteremque</strong></span> 
     </span>
    </p>
   </div>
   <div class='ocr_carea' id='block_1_100' title="bbox 457 5341 2020 5411">
    <p class='ocr_par' dir='ltr' id='par_1_100' title="bbox 457 5341 2020 5411">
     <span class='ocr_line' id='line_1_100' title="bbox 457 5341 2020 5411; baseline 0.002 -17"><span class='ocrx_word' id='word_1_736' title='bbox 457 5341 671 5410; x_wconf 87' lang='lat' dir='ltr'><strong>culpam</strong></span> <span class='ocrx_word' id='word_1_737' title='bbox 700 5341 764 5395; x_wconf 90' lang='lat' dir='ltr'><strong>iis</strong></span> <span class='ocrx_word' id='word_1_738' title='bbox 795 5343 883 5411; x_wconf 90' lang='lat' dir='ltr'><strong>qui</strong></span> <span class='ocrx_word' id='word_1_739' title='bbox 927 5344 977 5396; x_wconf 92' lang='lat' dir='ltr'><strong>in</strong></span> <span class='ocrx_word' id='word_1_740' title='bbox 1008 5342 1179 5411; x_wconf 91' lang='lat' dir='ltr'><strong>ipsum</strong></span> <span class='ocrx_word' id='word_1_741' title='bbox 1213 5342 1575 5397; x_wconf 85' lang='lat' dir='ltr'><strong>crediderunt.</strong></span> <span class='ocrx_word' id='word_1_742' title='bbox 1612 5342 1769 5399; x_wconf 90' lang='lat' dir='ltr'><strong>Unde</strong></span> <span class='ocrx_word' id='word_1_743' title='bbox 1799 5353 1851 5396; x_wconf 90' lang='lat' dir='ltr'><strong>et</strong></span> <span class='ocrx_word' id='word_1_744' title='bbox 1885 5344 2020 5398; x_wconf 90' lang='lat' dir='ltr'><strong>divi-</strong></span> 
     </span>
    </p>
   </div>
   <div class='ocr_carea' id='block_1_101' title="bbox 460 5430 2019 5502">
    <p class='ocr_par' dir='ltr' id='par_1_101' title="bbox 460 5430 2019 5502">
     <span class='ocr_line' id='line_1_101' title="bbox 460 5430 2019 5502; baseline 0.001 -18"><span class='ocrx_word' id='word_1_745' title='bbox 460 5447 559 5485; x_wconf 91' lang='lat' dir='ltr'><strong>nus</strong></span> <span class='ocrx_word' id='word_1_746' title='bbox 586 5430 674 5485; x_wconf 88' lang='lat' dir='ltr'><strong>ille</strong></span> <span class='ocrx_word' id='word_1_747' title='bbox 704 5430 895 5491; x_wconf 82' lang='lat' dir='ltr'><strong>Petrus</strong></span> <span class='ocrx_word' id='word_1_748' title='bbox 921 5430 1135 5485; x_wconf 67' lang='lat' dir='ltr'><strong>Judmos</strong></span> <span class='ocrx_word' id='word_1_749' title='bbox 1162 5432 1441 5502; x_wconf 89' lang='lat' dir='ltr'><strong>alloquens</strong></span> <span class='ocrx_word' id='word_1_750' title='bbox 1470 5432 1645 5486; x_wconf 77' lang='lat' dir='ltr'><strong>dixit:</strong></span> <span class='ocrx_word' id='word_1_751' title='bbox 1686 5450 1704 5483; x_wconf 76' lang='grc' dir='ltr'><strong>ι</strong></span> <span class='ocrx_word' id='word_1_752' title='bbox 1743 5431 2019 5485; x_wconf 77' lang='lat' dir='ltr'><strong>Pceniten-</strong></span> 
     </span>
    </p>
   </div>
   <div class='ocr_carea' id='block_1_102' title="bbox 460 5521 2015 5602">
    <p class='ocr_par' dir='ltr' id='par_1_102' title="bbox 460 5521 2015 5602">
     <span class='ocr_line' id='line_1_102' title="bbox 460 5521 2015 5602; baseline 0 -27"><span class='ocrx_word' id='word_1_753' title='bbox 460 5521 591 5577; x_wconf 89' lang='lat' dir='ltr'><strong>tiam</strong></span> <span class='ocrx_word' id='word_1_754' title='bbox 638 5522 800 5593; x_wconf 89' lang='lat' dir='ltr'><strong>agite,</strong></span> <span class='ocrx_word' id='word_1_755' title='bbox 841 5530 897 5577; x_wconf 89' lang='lat' dir='ltr'><strong>et</strong></span> <span class='ocrx_word' id='word_1_756' title='bbox 931 5522 1233 5602; x_wconf 57' lang='lat' dir='ltr'><strong>baptiaetur</strong></span> <span class='ocrx_word' id='word_1_757' title='bbox 1264 5524 1635 5592; x_wconf 86' lang='lat' dir='ltr'><strong>unusquisque</strong></span> <span class='ocrx_word' id='word_1_758' title='bbox 1672 5531 1909 5577; x_wconf 82' lang='lat' dir='ltr'><strong>vestrum</strong></span> <span class='ocrx_word' id='word_1_759' title='bbox 1964 5524 2015 5576; x_wconf 92' lang='lat' dir='ltr'><strong>in</strong></span> 
     </span>
    </p>
   </div>
   <div class='ocr_carea' id='block_1_103' title="bbox 462 5613 2014 5686">
    <p class='ocr_par' dir='ltr' id='par_1_103' title="bbox 462 5613 2014 5686">
     <span class='ocr_line' id='line_1_103' title="bbox 462 5613 2014 5686; baseline 0.001 -17"><span class='ocrx_word' id='word_1_760' title='bbox 462 5615 676 5669; x_wconf 89' lang='lat' dir='ltr'><strong>nomine</strong></span> <span class='ocrx_word' id='word_1_761' title='bbox 716 5613 839 5672; x_wconf 80' lang='lat' dir='ltr'><strong>.lesu</strong></span> <span class='ocrx_word' id='word_1_762' title='bbox 885 5615 1083 5671; x_wconf 89' lang='lat' dir='ltr'><strong>Christi</strong></span> <span class='ocrx_word' id='word_1_763' title='bbox 1142 5618 1193 5672; x_wconf 90' lang='lat' dir='ltr'><strong>in</strong></span> <span class='ocrx_word' id='word_1_764' title='bbox 1247 5616 1617 5672; x_wconf 83' lang='lat' dir='ltr'><strong>remissionem</strong></span> <span class='ocrx_word' id='word_1_765' title='bbox 1675 5628 2014 5686; x_wconf 74' lang='lat' dir='ltr'><strong>peccatorum</strong></span> 
     </span>
    </p>
   </div>
   <div class='ocr_carea' id='block_1_104' title="bbox 532 5793 1049 5860">
    <p class='ocr_par' dir='ltr' id='par_1_104' title="bbox 532 5793 1049 5860">
     <span class='ocr_line' id='line_1_104' title="bbox 532 5793 1049 5860; baseline 0 -7"><span class='ocrx_word' id='word_1_766' title='bbox 532 5794 577 5828; x_wconf 84' lang='lat'><strong><em>&quot;</em></strong></span> <span class='ocrx_word' id='word_1_767' title='bbox 604 5793 790 5853; x_wconf 77' lang='lat' dir='ltr'><strong>Matth.</strong></span> <span class='ocrx_word' id='word_1_768' title='bbox 826 5812 955 5860; x_wconf 77' lang='lat' dir='ltr'><strong>xvn.</strong></span> <span class='ocrx_word' id='word_1_769' title='bbox 997 5800 1049 5853; x_wconf 83' lang='lat'><strong>5.</strong></span> 
     </span>
    </p>
   </div>
   <div class='ocr_carea' id='block_1_105' title="bbox 2128 4614 3691 4687">
    <p class='ocr_par' dir='ltr' id='par_1_105' title="bbox 2128 4614 3691 4687">
     <span class='ocr_line' id='line_1_105' title="bbox 2128 4614 3691 4687; baseline 0 -18"><span class='ocrx_word' id='word_1_770' title='bbox 2128 4617 2282 4670; x_wconf 88' lang='grc' dir='ltr'>Ὅσοι</span> <span class='ocrx_word' id='word_1_771' title='bbox 2328 4614 2437 4687; x_wconf 70' lang='grc' dir='ltr'>γὰρ</span> <span class='ocrx_word' id='word_1_772' title='bbox 2484 4615 2564 4675; x_wconf 81' lang='grc' dir='ltr'><strong>είς</strong></span> <span class='ocrx_word' id='word_1_773' title='bbox 2610 4615 2842 4684; x_wconf 78' lang='grc' dir='ltr'>Χριστὸν</span> <span class='ocrx_word' id='word_1_774' title='bbox 2908 4616 3289 4687; x_wconf 72' lang='grc' dir='ltr'>ἐϐαπτίσθητε,</span> <span class='ocrx_word' id='word_1_775' title='bbox 3337 4616 3568 4686; x_wconf 70' lang='grc' dir='ltr'>Χριστὸν</span> <span class='ocrx_word' id='word_1_776' title='bbox 3616 4618 3691 4669; x_wconf 84' lang='grc' dir='ltr'><strong>ἐν·</strong></span> 
     </span>
    </p>
   </div>
   <div class='ocr_carea' id='block_1_106' title="bbox 2127 4707 2638 4776">
    <p class='ocr_par' dir='ltr' id='par_1_106' title="bbox 2127 4707 2638 4776">
     <span class='ocr_line' id='line_1_106' title="bbox 2127 4707 2638 4776; baseline -0.002 -14"><span class='ocrx_word' id='word_1_777' title='bbox 2127 4708 2410 4773; x_wconf 86' lang='grc' dir='ltr'>εδύσασθε,</span> <span class='ocrx_word' id='word_1_778' title='bbox 2457 4707 2638 4776; x_wconf 83' lang='grc' dir='ltr'>φησίν.</span> 
     </span>
    </p>
   </div>
   <div class='ocr_carea' id='block_1_107' title="bbox 2196 4794 3691 4871">
    <p class='ocr_par' dir='ltr' id='par_1_107' title="bbox 2196 4794 3691 4871">
     <span class='ocr_line' id='line_1_107' title="bbox 2196 4794 3691 4871; baseline -0.001 -19"><span class='ocrx_word' id='word_1_779' title='bbox 2196 4801 2257 4856; x_wconf 89' lang='grc' dir='ltr'><strong>Β.</strong></span> <span class='ocrx_word' id='word_1_780' title='bbox 2298 4795 2424 4871; x_wconf 66' lang='grc' dir='ltr'><strong>Ἆρ’</strong></span> <span class='ocrx_word' id='word_1_781' title='bbox 2477 4794 2569 4852; x_wconf 88' lang='grc' dir='ltr'>οῦν</span> <span class='ocrx_word' id='word_1_782' title='bbox 2628 4800 2706 4862; x_wconf 86' lang='grc' dir='ltr'>εἰς</span> <span class='ocrx_word' id='word_1_783' title='bbox 2759 4798 3045 4868; x_wconf 77' lang='grc' dir='ltr'>ἄνθρωπον</span> <span class='ocrx_word' id='word_1_784' title='bbox 3100 4797 3542 4869; x_wconf 74' lang='grc' dir='ltr'>βεϐαπτίσμεθα,</span> <span class='ocrx_word' id='word_1_785' title='bbox 3599 4799 3691 4852; x_wconf 70' lang='grc' dir='ltr'><strong>καὶ</strong></span> 
     </span>
    </p>
   </div>
   <div class='ocr_carea' id='block_1_108' title="bbox 2126 4885 2983 4961">
    <p class='ocr_par' dir='ltr' id='par_1_108' title="bbox 2126 4885 2983 4961">
     <span class='ocr_line' id='line_1_108' title="bbox 2126 4885 2983 4961; baseline -0.005 -16"><span class='ocrx_word' id='word_1_786' title='bbox 2126 4891 2280 4945; x_wconf 86' lang='grc' dir='ltr'>τοῦτο</span> <span class='ocrx_word' id='word_1_787' title='bbox 2309 4885 2447 4944; x_wconf 82' lang='grc' dir='ltr'>εἶναι</span> <span class='ocrx_word' id='word_1_788' title='bbox 2475 4892 2716 4961; x_wconf 85' lang='grc' dir='ltr'>φήσομεν</span> <span class='ocrx_word' id='word_1_789' title='bbox 2751 4888 2983 4960; x_wconf 81' lang='grc' dir='ltr'>ἀληθές;</span> 
     </span>
    </p>
   </div>
   <div class='ocr_carea' id='block_1_109' title="bbox 2192 4972 3689 5050">
    <p class='ocr_par' dir='ltr' id='par_1_109' title="bbox 2192 4972 3689 5050">
     <span class='ocr_line' id='line_1_109' title="bbox 2192 4972 3689 5050; baseline 0.001 -16"><span class='ocrx_word' id='word_1_790' title='bbox 2192 4982 2258 5034; x_wconf 77' lang='grc' dir='ltr'><strong>Δ.</strong></span> <span class='ocrx_word' id='word_1_791' title='bbox 2300 4980 2569 5050; x_wconf 78' lang='grc' dir='ltr'>Εὐφήμει,</span> <span class='ocrx_word' id='word_1_792' title='bbox 2604 4978 2877 5048; x_wconf 78' lang='grc' dir='ltr'>ἄνθρωπε.</span> <span class='ocrx_word' id='word_1_793' title='bbox 2916 4978 2982 5032; x_wconf 85' lang='grc' dir='ltr'>Τί</span> <span class='ocrx_word' id='word_1_794' title='bbox 3012 4978 3162 5050; x_wconf 77' lang='grc' dir='ltr'>δρᾷς,</span> <span class='ocrx_word' id='word_1_795' title='bbox 3190 4972 3235 5033; x_wconf 80' lang='grc' dir='ltr'>ὦ</span> <span class='ocrx_word' id='word_1_796' title='bbox 3277 4973 3462 5049; x_wconf 76' lang='grc' dir='ltr'>οῦτοςς</span> <span class='ocrx_word' id='word_1_797' title='bbox 3509 4980 3689 5035; x_wconf 85' lang='grc' dir='ltr'>Κατα-</span> 
     </span>
    </p>
   </div>
   <div class='ocr_carea' id='block_1_110' title="bbox 2124 5065 3689 5141">
    <p class='ocr_par' dir='ltr' id='par_1_110' title="bbox 2124 5065 3689 5141">
     <span class='ocr_line' id='line_1_110' title="bbox 2124 5065 3689 5141; baseline -0.003 -16"><span class='ocrx_word' id='word_1_798' title='bbox 2124 5069 2369 5141; x_wconf 77' lang='grc' dir='ltr'>;;ομίζεις</span> <span class='ocrx_word' id='word_1_799' title='bbox 2410 5068 2565 5137; x_wconf 82' lang='grc' dir='ltr'>ήμῶν</span> <span class='ocrx_word' id='word_1_800' title='bbox 2617 5069 2696 5131; x_wconf 88' lang='grc' dir='ltr'><strong>είς</strong></span> <span class='ocrx_word' id='word_1_801' title='bbox 2739 5070 2840 5138; x_wconf 77' lang='grc' dir='ltr'>γῆν</span> <span class='ocrx_word' id='word_1_802' title='bbox 2886 5067 2981 5139; x_wconf 82' lang='grc' dir='ltr'>τὴν</span> <span class='ocrx_word' id='word_1_803' title='bbox 3025 5067 3233 5121; x_wconf 81' lang='grc' dir='ltr'>ἐλπίδα.</span> <span class='ocrx_word' id='word_1_804' title='bbox 3273 5065 3689 5136; x_wconf 83' lang='grc' dir='ltr'>Βεὸαπτίσμεθα</span> 
     </span>
    </p>
   </div>
   <div class='ocr_carea' id='block_1_111' title="bbox 2125 5158 3689 5235">
    <p class='ocr_par' dir='ltr' id='par_1_111' title="bbox 2125 5158 3689 5235">
     <span class='ocr_line' id='line_1_111' title="bbox 2125 5158 3689 5235; baseline -0.001 -20"><span class='ocrx_word' id='word_1_805' title='bbox 2125 5163 2233 5235; x_wconf 80' lang='grc' dir='ltr'>γὰρ</span> <span class='ocrx_word' id='word_1_806' title='bbox 2263 5163 2361 5215; x_wconf 88' lang='grc' dir='ltr'><strong>ούκ</strong></span> <span class='ocrx_word' id='word_1_807' title='bbox 2384 5162 2463 5223; x_wconf 78' lang='grc' dir='ltr'>εἰς</span> <span class='ocrx_word' id='word_1_808' title='bbox 2490 5160 2774 5232; x_wconf 80' lang='grc' dir='ltr'>ἄνθρωπον</span> <span class='ocrx_word' id='word_1_809' title='bbox 2802 5158 3007 5225; x_wconf 80' lang='grc' dir='ltr'>ἁπλῶς,</span> <span class='ocrx_word' id='word_1_810' title='bbox 3032 5160 3145 5213; x_wconf 82' lang='grc' dir='ltr'><strong>ἀλλ’</strong></span> <span class='ocrx_word' id='word_1_811' title='bbox 3169 5162 3247 5223; x_wconf 83' lang='grc' dir='ltr'>εἰς</span> <span class='ocrx_word' id='word_1_812' title='bbox 3274 5159 3405 5213; x_wconf 78' lang='grc' dir='ltr'>Θεὸν</span> <span class='ocrx_word' id='word_1_813' title='bbox 3431 5160 3689 5230; x_wconf 85' lang='grc' dir='ltr'>ἐνηνθρω-</span> 
     </span>
    </p>
   </div>
   <div class='ocr_carea' id='block_1_112' title="bbox 2124 5248 3688 5321">
    <p class='ocr_par' dir='ltr' id='par_1_112' title="bbox 2124 5248 3688 5321">
     <span class='ocr_line' id='line_1_112' title="bbox 2124 5248 3688 5321; baseline -0.001 -18"><span class='ocrx_word' id='word_1_814' title='bbox 2124 5251 2357 5321; x_wconf 83' lang='grc' dir='ltr'>πηκότα,</span> <span class='ocrx_word' id='word_1_815' title='bbox 2389 5250 2481 5302; x_wconf 75' lang='grc' dir='ltr'><strong>καὶ</strong></span> <span class='ocrx_word' id='word_1_816' title='bbox 2510 5249 2728 5303; x_wconf 80' lang='grc' dir='ltr'>ἀνιέντα</span> <span class='ocrx_word' id='word_1_817' title='bbox 2756 5250 2946 5319; x_wconf 82' lang='grc' dir='ltr'>ποινῆς</span> <span class='ocrx_word' id='word_1_818' title='bbox 2987 5250 3080 5304; x_wconf 77' lang='grc' dir='ltr'><strong>καὶ</strong></span> <span class='ocrx_word' id='word_1_819' title='bbox 3121 5248 3229 5303; x_wconf 82' lang='grc' dir='ltr'>τῶν</span> <span class='ocrx_word' id='word_1_820' title='bbox 3258 5248 3497 5320; x_wconf 83' lang='grc' dir='ltr'>ἀρχαίων</span> <span class='ocrx_word' id='word_1_821' title='bbox 3521 5249 3688 5301; x_wconf 79' lang='grc' dir='ltr'>αἰτια-</span> 
     </span>
    </p>
   </div>
   <div class='ocr_carea' id='block_1_113' title="bbox 2126 5340 3685 5413">
    <p class='ocr_par' dir='ltr' id='par_1_113' title="bbox 2126 5340 3685 5413">
     <span class='ocr_line' id='line_1_113' title="bbox 2126 5340 3685 5413; baseline 0 -18"><span class='ocrx_word' id='word_1_822' title='bbox 2126 5343 2309 5413; x_wconf 82' lang='grc' dir='ltr'>μάτων</span> <span class='ocrx_word' id='word_1_823' title='bbox 2369 5342 2495 5405; x_wconf 78' lang='grc' dir='ltr'>τοὺς</span> <span class='ocrx_word' id='word_1_824' title='bbox 2534 5340 2631 5413; x_wconf 80' lang='grc' dir='ltr'><strong>τὴν</strong></span> <span class='ocrx_word' id='word_1_825' title='bbox 2671 5344 2753 5405; x_wconf 83' lang='grc' dir='ltr'><strong>είς</strong></span> <span class='ocrx_word' id='word_1_826' title='bbox 2796 5341 2956 5395; x_wconf 74' lang='grc' dir='ltr'>αὐτὸν</span> <span class='ocrx_word' id='word_1_827' title='bbox 2998 5340 3179 5394; x_wconf 81' lang='grc' dir='ltr'>πίστιν</span> <span class='ocrx_word' id='word_1_828' title='bbox 3226 5341 3685 5411; x_wconf 74' lang='grc' dir='ltr'>εἰσδεδεγμένους.</span> 
     </span>
    </p>
   </div>
   <div class='ocr_carea' id='block_1_114' title="bbox 2122 5430 3687 5503">
    <p class='ocr_par' dir='ltr' id='par_1_114' title="bbox 2122 5430 3687 5503">
     <span class='ocr_line' id='line_1_114' title="bbox 2122 5430 3687 5503; baseline -0.001 -18"><span class='ocrx_word' id='word_1_829' title='bbox 2122 5434 2231 5485; x_wconf 71' lang='grc' dir='ltr'><strong>Καὶ</strong></span> <span class='ocrx_word' id='word_1_830' title='bbox 2274 5430 2405 5499; x_wconf 90' lang='grc' dir='ltr'>γοῦν</span> <span class='ocrx_word' id='word_1_831' title='bbox 2452 5433 2479 5484; x_wconf 85' lang='grc' dir='ltr'>ὁ</span> <span class='ocrx_word' id='word_1_832' title='bbox 2519 5431 2799 5495; x_wconf 84' lang='grc' dir='ltr'>θεσπέσιος</span> <span class='ocrx_word' id='word_1_833' title='bbox 2838 5432 3037 5503; x_wconf 82' lang='grc' dir='ltr'>Πέτρος</span> <span class='ocrx_word' id='word_1_834' title='bbox 3079 5432 3350 5495; x_wconf 79' lang='grc' dir='ltr'>Ἰουδαίοις</span> <span class='ocrx_word' id='word_1_835' title='bbox 3393 5432 3496 5503; x_wconf 74' lang='grc' dir='ltr'><strong>ἔφη</strong></span> <span class='ocrx_word' id='word_1_836' title='bbox 3534 5447 3687 5503; x_wconf 81' lang='grc' dir='ltr'>προσ-</span> 
     </span>
    </p>
   </div>
   <div class='ocr_carea' id='block_1_115' title="bbox 2122 5522 3688 5598">
    <p class='ocr_par' dir='ltr' id='par_1_115' title="bbox 2122 5522 3688 5598">
     <span class='ocr_line' id='line_1_115' title="bbox 2122 5522 3688 5598; baseline -0.001 -17"><span class='ocrx_word' id='word_1_837' title='bbox 2122 5530 2297 5582; x_wconf 79' lang='grc' dir='ltr'>λαλῶν</span> <span class='ocrx_word' id='word_1_838' title='bbox 2317 5545 2330 5560; x_wconf 81' lang='grc'><em>’</em></span> <span class='ocrx_word' id='word_1_839' title='bbox 2370 5549 2387 5579; x_wconf 82' lang='grc' dir='ltr'><strong>ι</strong></span> <span class='ocrx_word' id='word_1_840' title='bbox 2423 5528 2803 5598; x_wconf 83' lang='grc' dir='ltr'>Μετανοήσατε</span> <span class='ocrx_word' id='word_1_841' title='bbox 2831 5522 2943 5590; x_wconf 80' lang='grc' dir='ltr'>οὖν,</span> <span class='ocrx_word' id='word_1_842' title='bbox 2977 5527 3067 5579; x_wconf 77' lang='grc' dir='ltr'><strong>καὶ</strong></span> <span class='ocrx_word' id='word_1_843' title='bbox 3092 5525 3442 5597; x_wconf 84' lang='grc' dir='ltr'>βαπτισθήτω</span> <span class='ocrx_word' id='word_1_844' title='bbox 3462 5524 3688 5589; x_wconf 77' lang='grc' dir='ltr'>ἕκαστος</span> 
     </span>
    </p>
   </div>
   <div class='ocr_carea' id='block_1_116' title="bbox 2123 5616 3688 5691">
    <p class='ocr_par' dir='ltr' id='par_1_116' title="bbox 2123 5616 3688 5691">
     <span class='ocr_line' id='line_1_116' title="bbox 2123 5616 3688 5691; baseline -0.001 -18"><span class='ocrx_word' id='word_1_845' title='bbox 2123 5621 2276 5691; x_wconf 76' lang='grc' dir='ltr'>ὑμῶν</span> <span class='ocrx_word' id='word_1_846' title='bbox 2318 5620 2410 5673; x_wconf 75' lang='grc' dir='ltr'><strong>ἐπὶ</strong></span> <span class='ocrx_word' id='word_1_847' title='bbox 2454 5619 2531 5691; x_wconf 82' lang='grc' dir='ltr'>τῷ</span> <span class='ocrx_word' id='word_1_848' title='bbox 2568 5620 2790 5691; x_wconf 73' lang='grc' dir='ltr'>ὀνόματι</span> <span class='ocrx_word' id='word_1_849' title='bbox 2833 5617 3003 5689; x_wconf 83' lang='grc' dir='ltr'>Ἰησοῦ</span> <span class='ocrx_word' id='word_1_850' title='bbox 3050 5616 3306 5689; x_wconf 85' lang='grc' dir='ltr'>Χριστοῦ,</span> <span class='ocrx_word' id='word_1_851' title='bbox 3356 5618 3434 5681; x_wconf 79' lang='grc' dir='ltr'><strong>είς</strong></span> <span class='ocrx_word' id='word_1_852' title='bbox 3496 5616 3688 5686; x_wconf 57' lang='grc' dir='ltr'>ᾶᾨεσιν</span> 
     </span>
    </p>
   </div>
   <div class='ocr_carea' id='block_1_117' title="bbox 1127 5796 2019 5866">
    <p class='ocr_par' dir='ltr' id='par_1_117' title="bbox 1127 5796 2019 5865">
     <span class='ocr_line' id='line_1_117' title="bbox 1127 5796 2019 5865; baseline 0 -12"><span class='ocrx_word' id='word_1_853' title='bbox 1127 5800 1170 5833; x_wconf 71' lang='grc'><strong>⁵⁸</strong></span> <span class='ocrx_word' id='word_1_854' title='bbox 1195 5797 1213 5853; x_wconf 93' lang='grc' dir='ltr'>ι</span> <span class='ocrx_word' id='word_1_855' title='bbox 1241 5796 1392 5857; x_wconf 80' lang='lat' dir='ltr'><strong>Joan.</strong></span> <span class='ocrx_word' id='word_1_856' title='bbox 1429 5817 1481 5865; x_wconf 72' lang='grc' dir='ltr'>ι’,</span> <span class='ocrx_word' id='word_1_857' title='bbox 1514 5801 1566 5865; x_wconf 82' lang='lat'><strong>9,</strong></span> <span class='ocrx_word' id='word_1_858' title='bbox 1611 5800 1693 5854; x_wconf 82' lang='lat' dir='ltr'><strong>f0.</strong></span> <span class='ocrx_word' id='word_1_859' title='bbox 1770 5802 1813 5833; x_wconf 83' lang='lat'>&quot;</span> <span class='ocrx_word' id='word_1_860' title='bbox 1836 5799 2019 5856; x_wconf 77' lang='lat' dir='ltr'><strong>Matth.</strong></span> 
     </span>
    </p>
   </div>
   <div class='ocr_carea' id='block_1_118' title="bbox 2123 5796 3264 5866">
    <p class='ocr_par' dir='ltr' id='par_1_118' title="bbox 2130 5797 3264 5866">
     <span class='ocr_line' id='line_1_118' title="bbox 2130 5797 3264 5866; baseline -0.011 -5"><span class='ocrx_word' id='word_1_861' title='bbox 2130 5842 2141 5861; x_wconf 86' lang='lat'><strong>.</strong></span> <span class='ocrx_word' id='word_1_862' title='bbox 2180 5802 2257 5857; x_wconf 84' lang='grc' dir='ltr'><strong>Η.</strong></span> <span class='ocrx_word' id='word_1_863' title='bbox 2340 5799 2479 5856; x_wconf 78' lang='lat' dir='ltr'><strong>‘lsa.</strong></span> <span class='ocrx_word' id='word_1_864' title='bbox 2508 5815 2617 5866; x_wconf 73' lang='lat' dir='ltr'><strong>ut,</strong></span> <span class='ocrx_word' id='word_1_865' title='bbox 2659 5799 2743 5853; x_wconf 80' lang='lat' dir='ltr'><strong>i0.</strong></span> <span class='ocrx_word' id='word_1_866' title='bbox 2820 5797 3034 5854; x_wconf 80' lang='lat' dir='ltr'><strong>&#39;Galal.</strong></span> <span class='ocrx_word' id='word_1_867' title='bbox 3075 5813 3151 5863; x_wconf 85' lang='grc' dir='ltr'>ιιι,</span> <span class='ocrx_word' id='word_1_868' title='bbox 3178 5797 3264 5850; x_wconf 68' lang='lat'><strong>27.</strong></span> 
     </span>
    </p>
   </div>
  </div>
