4036 6336
306 456 433 513 1241

1390 439 1476 492 DE
1514 424 2020 491 INCMiNATIONE
2072 426 2439 483 UNIGILNITI.

3425 416 3570 472 ΠΩ

302 576 411 630 τῶν
453 569 739 643 ἁμαρτιῶν
764 565 958 644 ἱὐμῶν,
1006 563 1099 618 καὶ
1129 555 1366 631 λήψεσθε
1409 554 1509 626 τὴν
1536 549 1745 644 δωρεὰν
1783 550 1878 644 τοῦ

1998 555 2312 608 vestrorum,
2354 552 2409 598 et
2445 538 2725 609 accipietis
2755 538 2952 593 donum
2997 534 3234 606 Spiritus
3262 532 3434 588 sancti
3464 532 3506 587 ⁸.
3538 550 3559 583 ι

1998 638 2042 644 --
2144 637 2157 644 .
2428 635 2441 644 .
2726 640 2735 644 ,
2871 630 2883 644 .
3079 628 3092 641 .
3304 623 3537 644 ,ηημ

306 664 459 733 ἁγίου
495 639 845 733 -Πνιύματόᾳ
905 677 925 711 ι
990 650 1266 709 ’Δπολύων
1313 645 1422 719 γὰρ
1471 641 1744 716 ἁμαρτίας
1786 639 1877 733 τόν

306 729 459 824 αῦτῷ
489 729 903 823 προσιέείμινον,
946 746 1025 818 τῷ
1055 744 1167 814 ἰδίῳ
1194 740 1380 795 λοιπὸν
1409 733 1691 807 καταχρίει
1715 729 1879 785 Πνεύ-

308 822 458 917 ματι,
492 846 631 916 ὅπερ
674 822 855 913 ἐνίησι
901 840 999 910 μὲν
1040 835 1222 901 αὐτὸς,
1265 832 1341 896 ὡς
1386 832 1450 884 ὲκ
1483 826 1620 881 Θεοῦ
1667 822 1878 917 Πατρός

307 914 498 1004 λόγος,
527 914 621 989 καί
646 934 703 1002 ἐξ
732 932 868 995 ἰδίας
891 930 1027 1001 ἡμῖν
1063 922 1405 995 ἁναπηγάζει
1432 918 1665 989 φύσεως·
1698 914 1877 969 κοινὸν

309 1028 367 1081 δὲ
402 1026 590 1096 ὥσπερ
626 1024 687 1077 τὸ
710 1022 901 1093 χρῆμα
936 1019 1107 1083 τιθεὶς
1151 1020 1216 1087 τῇ
1261 1014 1399 1084 μετὰ
1440 1008 1638 1082 σαρκὸς
1670 1009 1876 1060 οἰκονο-

312 1116 412 1187 μίᾳ
450 1114 540 1167 διὰ
566 1114 665 1185 τὴν
711 1111 925 1174 ἕνωσιν,
956 1109 1051 1163 καὶ
1094 1109 1170 1171 ὡς
1199 1106 1484 1173 ἄνθρωπος
1525 1101 1737 1153 ὲνέπνει
1781 1112 1881 1149 σω-

312 1184 574 1276 ματικῶς.
624 1184 969 1273 νἘνεφύσησε
994 1198 1102 1271 γάρ
1136 1198 1248 1259 τοῖς
1297 1191 1649 1255 ἀποστόλοις,
1686 1184 1876 1239 εἰπών·

310 1316 329 1347 ι
353 1294 557 1371 Δάδετε
593 1294 817 1364 Πνεῦμα
844 1292 997 1361 ᾶγιον
1019 1308 1032 1322 ο
1070 1309 1089 1341 ι
1122 1289 1215 1342 καὶ
1238 1282 1337 1339 οὐκ
1366 1286 1429 1336 ὲκ
1467 1282 1668 1353 μέτρου
1697 1278 1880 1332 δίδωσι

305 1383 365 1436 τδ
407 1365 651 1452 Πνεῦμα,
694 1382 836 1436 κατά
874 1380 973 1450 τὴν
1020 1379 1268 1432 Ἰωάννου
1310 1374 1517 1443 φωνὴν,
1567 1368 1683 1423 ἀλλ’
1722 1365 1883 1428 αὐτὸς

309 1475 511 1545 ἐνίησιν
554 1473 614 1539 ἑξ
660 1469 874 1533 ἑαυτοῦ,
923 1468 1175 1539 καθάπερ
1222 1464 1418 1534 ἀμέλει
1448 1461 1556 1514 καὶ
1600 1461 1628 1513 ό
1666 1458 1877 1525 Πατήρ.

309 1565 416 1618 Καὶ
441 1563 575 1633 γοῦν
609 1564 638 1616 ό
664 1561 947 1623 θεσπέσιος
989 1558 1222 1622 Παῦλος,
1248 1555 1561 1624 ἀποστήσας
1593 1551 1693 1622 τήν
1722 1548 1777 1602 ἐν
1818 1563 1883 1615 γε

308 1655 476 1727 τούτῳ
503 1654 789 1727 διαφοράν,
820 1653 950 1707 ποτὶ
988 1652 1087 1722 μὲν
1122 1648 1270 1720 αὑτῷ
1305 1647 1383 1718 τῷ
1427 1645 1545 1717 Θεῷ
1570 1645 1662 1697 καὶ
1708 1642 1883 1712 Πατρὶ

309 1749 628 1818 προσνέμων
650 1748 865 1819 ὁρᾶται,
897 1745 1025 1800 ποτὲ
1059 1743 1116 1796 δὲ
1161 1739 1231 1797 αὖ
1270 1741 1348 1812 τῷ
1374 1740 1509 1811 Υίῷ.
1544 1739 1748 1809 Γράφει
1774 1735 1881 1804 γὰρ

306 1834 405 1895 ὧδε
429 1858 443 1871 ·
480 1858 499 1891 ι
550 1839 742 1910 Ὑμεῖς
772 1838 829 1891 δὲ
871 1838 971 1891 οὐκ
1010 1836 1132 1889 ἐστὲ
1175 1838 1232 1889 ὲν
1264 1834 1449 1905 σαρκὶ,
1490 1830 1604 1883 ἀλλ’
1633 1832 1690 1883 ἐν
1721 1827 1884 1881 πνεύ-

1984 637 2294 694 Dissolreos
2356 635 2501 692 enim
2553 640 2777 703 peccata
2834 630 2957 701 ejus
3000 628 3094 699 qui
3149 626 3249 696 ipsi
3300 623 3571 689 adltazret,

1982 730 2202 800 pr0prio
2229 742 2327 783 suo
2359 726 2565 795 Spiritu
2592 724 2827 795 inungit,
2858 738 3019 793 quem
3067 720 3285 790 quidem
3325 715 3566 771 immittit

1985 820 2119 891 ipse,
2154 828 2211 873 ut
2238 817 2474 873 Verbum
2510 829 2574 869 ex
2619 814 2732 873 Deo
2778 813 2960 877 Patre,
3011 821 3065 865 et
3108 824 3174 866 ex
3221 807 3439 878 prepria
3469 818 3567 858 sua

1987 922 2177 967 natura
2224 911 2277 967 in
2319 925 2418 965 nos
2450 907 2801 963 transfundit.
2834 904 3193 960 Communem
3251 913 3382 955 vero
3433 913 3569 967 quo-

1983 998 2273 1055 dammodo
2293 1000 2435 1053 hanc
2466 1011 2579 1052 rem
2614 996 2818 1051 faciens
2846 1008 2967 1049 cum
3006 989 3481 1047 administratione
3514 986 3569 1039 in

1985 1104 2149 1144 carne
2188 1096 2408 1156 propter
2436 1086 2728 1151 unitatem,
2760 1084 2927 1138 etiam
2961 1074 3020 1137 ut
3064 1082 3229 1136 homo
3279 1077 3570 1148 inspiravit

1982 1180 2356 1249 corporaliter.
2408 1178 2687 1248 Inspiravit
2770 1177 2915 1232 enim
2982 1169 3289 1243 apostolis,
3346 1171 3567 1222 dicens'

1991 1292 2011 1325 ι
2064 1272 2307 1341 Accipite
2350 1270 2614 1338 Spiritum
2662 1277 2917 1323 sanctum
2950 1266 2991 1318 ι.
3036 1285 3054 1317 ι
3090 1261 3275 1332 Neque
3314 1276 3381 1315 ex
3422 1274 3572 1312 mcu-

1986 1381 2111 1420 sura
2139 1366 2234 1419 dat
2264 1365 2553 1433 Spiritum,
2588 1372 2647 1415 ut
2683 1362 2862 1430 inquit
2887 1358 3148 1420 Joannes,
3180 1355 3273 1410 sed
3307 1354 3420 1422 ipse
3447 1365 3570 1404 eum

1988 1459 2231 1513 immittit
2260 1472 2325 1511 ex
2358 1460 2563 1526 seipso,
2599 1455 2738 1509 sicut
2772 1463 2828 1509 et
2868 1452 3049 1506 Pater.
3092 1450 3300 1505 Idcirco
3330 1456 3385 1501 et.
3431 1447 3574 1501 divi-

1989 1566 2090 1605 nus
2143 1548 2340 1603 Paulus
2384 1548 2578 1603 tollens
2606 1560 2823 1601 omnem
2872 1544 2973 1598 hac
3008 1544 3061 1597 in
3097 1557 3156 1595 re
3188 1537 3572 1603 differentiam,

1990 1642 2257 1695 interdum
2284 1639 2387 1709 ipsi
2420 1639 2528 1692 Deo
2555 1652 2619 1691 ac
2653 1635 2803 1691 Patri
2834 1635 2885 1687 id
2929 1633 3168 1688 tribuere
3201 1628 3464 1692 cernitur,
3492 1626 3576 1680 in-

1990 1737 2200 1790 terdum
2228 1744 2431 1798 autem,
2462 1731 2623 1787 Filio.
2654 1730 2732 1783 Ita
2759 1728 2904 1782 enim
2934 1726 3125 1781 scribit
3150 1742 3165 1778 :
3202 1742 3221 1775 ι
3258 1720 3366 1777 Vos
3391 1730 3574 1773 autem

1991 1845 2097 1883 non
2122 1828 2254 1883 estis
2275 1828 2328 1880 in
2357 1841 2541 1889 carne,
2572 1823 2664 1879 sed
2694 1822 2743 1875 in
2780 1818 2971 1889 spiritu
2994 1858 3009 1879 ,
3042 1816 3305 1886 siquidem
3338 1811 3575 1882 Spiritus

310 1949 459 2001 ματι,
493 1900 650 2001 εἰπερ
682 1900 897 1999 πνεῦμα
929 1927 1064 1984 Θεοῦ
1112 1928 1252 1980 οἰκεῖ
1296 1900 1352 1977 ὲν
1402 1924 1563 1993 ὑμῖν·
1609 1924 1657 1974 εἰ
1699 1919 1756 1973 δέ
1797 1936 1883 1982 τις

1998 1921 2088 1975 Dei
2126 1918 2338 1973 habitat
2368 1919 2420 1970 in
2472 1917 2644 1971 vobis.
2680 1915 2735 1968 Si
2769 1926 2897 1967 vero
2923 1910 3044 1980 quis
3090 1906 3349 1976 Spiritum
3374 1900 3575 1966 Christi

308 2018 529 2090 Πνεῦμα
559 2018 797 2090 Χριστοῦ
819 2019 919 2073 οὐκ
951 2017 1085 2087 ἔχει,
1112 2008 1266 2079 οὗτος
1290 2014 1389 2067 οὐκ
1418 2013 1562 2065 ἐστιν
1590 2007 1775 2065 αὑτοῦ.
1818 2010 1881 2063 Εἰ

304 2110 359 2164 δὲ
398 2112 630 2181 Χριστὸς
676 2113 733 2165 ὲν
774 2112 921 2185 ὑμῖν,
965 2109 1026 2162 τὸ
1074 2109 1171 2178 μὲν
1224 2105 1381 2177 σῶμα
1424 2102 1616 2173 νεκρὸν
1656 2102 1744 2155 διὰ
1782 2100 1882 2171 τὴν

307 2202 601 2272 ἁμαρτίαν,
632 2203 692 2256 τὸ
714 2202 771 2259 δὲ
802 2198 1049 2271 Πνεῦμα,
1088 2198 1203 2270 ζωὴ
1227 2198 1317 2252 διὰ
1348 2195 1714 2263 δικαιοσύνην.
1753 2212 1770 2244 ι

374 2292 433 2345 Β.
482 2292 718 2361 Ἀραρεν
758 2284 887 2357 οὖν,
937 2290 1018 2344 δτι
1062 2287 1197 2341 ίδιόν
1242 2288 1358 2339 ἐστι
1410 2284 1471 2337 τὸ
1522 2281 1744 2351 Πνεῦμα
1787 2278 1881 2333 τοῦ

306 2380 458 2438 Υἰοῦ,
484 2382 578 2434 καὶ
621 2379 739 2434 οὔτι
774 2395 877 2435 που
906 2380 1087 2451 μόνον,
1118 2372 1154 2451 ᾖ
1181 2377 1352 2445 Λόγος
1387 2376 1503 2428 ἐστὶ
1530 2371 1785 2443 πεφηνὼς
1819 2373 1883 2424 ὲκ

307 2470 540 2538 Πατρός,
573 2470 707 2523 ἀλλὰ
730 2471 823 2524 καὶ
843 2463 879 2544 ᾗ
900 2468 1073 2530 νοοῖτο
1103 2467 1226 2522 καθ’
1251 2468 1397 2538 ἡμᾶς
1419 2464 1518 2520 ἄνθ
1527 2479 1709 2535 ρωπος
1738 2460 1885 2530 γενό-

309 2578 487 2632 μενος.

376 2654 440 2705 Α.
485 2653 643 2706 Ἶδιον
667 2653 740 2716 ὼς
767 2654 833 2706 ἑκ
858 2650 1092 2726 Πατρὸς,
1112 2651 1169 2703 ὲν
1189 2649 1461 2720 όμοουσίῳ
1485 2648 1783 2717 γεννήματι
1809 2644 1884 2716 τῷ

307 2743 367 2812 li
401 2744 566 2798 αὐτοῦ
595 2744 749 2813 φύντι
782 2744 960 2815 Λόγῳ,
990 2745 1086 2796 καὶ
1119 2743 1169 2795 εἰ
1196 2742 1405 2808 λέγοιτο
1438 2740 1641 2801 λαϐεῖν,
1675 2740 1763 2792 ὅτε
1793 2738 1885 2806 γέ-

307 2851 460 2901 γονεν
484 2834 772 2905 ἄνθρωπος
812 2836 840 2888 ό
862 2834 971 2887 τῶν
991 2833 1093 2903 τῆς
1118 2832 1371 2902 θεότητος
1413 2833 1717 2903 ἰδιωμάτων
1736 2831 1811 2894 ὡς
1829 2833 1884 2884 ὲν

312 2924 418 2997 ἰδίᾳ
458 2922 615 2992 φύσει
649 2922 977 2994 τητώμενος.
1016 2922 1125 2975 Καὶ
1163 2922 1295 2990 γοῦν
1340 2920 1503 2984 αὐτὸς
1550 2920 1812 2988 ὑπάρχων
1851 2919 1883 2989 ἡ

310 3016 527 3070 πάντων
551 3014 682 3086 ζωὴ,
704 3016 792 3069 διὰ
823 3015 922 3085 τὴν
948 3016 1011 3067 ὲκ
1034 3013 1233 3079 ζῶντος
1264 3012 1473 3083 Πατρὸς
1504 3012 1740 3083 ἄρρητον
1770 3011 1887 3079 γέν-

310 3125 481 3179 νησιν,
512 3108 890 3173 ζωοποιεῖσθαι
922 3106 1139 3175 λέγεται
1176 3105 1292 3176 μεθ’
1324 3104 1499 3175 ἡμῶν.
1537 3106 1694 3175 Πάρα
1721 3104 1764 3156 δ’
1792 3100 1885 3157 οὖν

309 3200 456 3271 ὅμως
499 3200 644 3265 ἰδεῖν,
679 3199 1035 3271 χαριζόμενον
1069 3198 1164 3268 μὲν
1192 3199 1257 3267 τῇ
1316 3197 1418 3267 ἰδίᾳ
1453 3196 1611 3268 σαρκί
1642 3196 1739 3265 τῆς
1771 3197 1887 3247 θεο-

312 3290 551 3362 πρεποῦς
584 3290 865 3358 ἐνεργείας
895 3290 994 3359 τὴν
1022 3289 1200 3353 δόξαν,
1228 3288 1601 3357 οἰκειούμενον
1631 3287 1686 3339 δὲ
1726 3281 1790 3338 αὖ
1818 3288 1887 3338 τὰ

314 3380 533 3451 σαρκὸς,
563 3381 656 3433 καὶ
683 3378 847 3432 οίονεί
874 3397 989 3442 πως
1019 3380 1141 3432 καθ’
1177 3379 1369 3432 ἕνωσιν
1398 3376 1768 3447 οἰκονομικὴν,
1794 3376 1887 3429 καί

312 3473 378 3543 τῇ
413 3471 517 3549 ἰδίᾳ
544 3470 891 3543 περιτιθέντα
928 3470 1105 3540 φύσει.

385 3647 444 3700 Β.
488 3646 621 3699 Τίνα
652 3647 757 3716 φὴς
786 3645 1018 3716 τρόπον;

384 3742 449 3794 Δ.
488 3734 567 3791 Ἶι
597 3738 718 3808 οὐχὶ
748 3738 811 3809 δὴ
850 3738 1084 3807 μάλιστα
1117 3735 1349 3805 πρέπειν
1390 3736 1533 3804 ἐρεῖς
1574 3733 1651 3804 τῷ
1683 3750 1744 3801 γε
1779 3733 1892 3786 δντι

319 3832 456 3885 κατὰ
491 3828 651 3899 φύσιν
684 3830 747 3881 ὲκ
773 3827 908 3881 Θεοῦ
944 3828 1155 3899 Πατρδς
1202 3826 1380 3895 Λόγῳ,
1412 3825 1470 3877 τὸ
1504 3825 1709 3879 ἄνωθεν
1738 3826 1893 3895 ἥκειν

320 3924 409 3976 καὶ
442 3922 501 3988 ἐξ
540 3919 801 3992 οὐρανοῦ,
837 3920 933 3973 καί
967 3918 1027 3972 τὸ
1068 3918 1351 3985 ζωογονεῖν
1399 3914 1658 3971 δύνασθαι
1688 3916 1786 3982 τὰ,
1814 3911 1895 3981 οἷς

322 4016 387 4070 ἂν
425 4016 627 4069 ἐνιέναι
660 4012 902 4083 βούλοιτο
930 4009 1027 4080 τὴν
1061 4009 1244 4077 (conv;

390 4107 451 4162 Β.
490 4105 658 4177 Φημί.

391 4201 455 4253 Α.
497 4197 562 4252 Τί
585 4198 677 4263 δές
712 4195 773 4250 τὸ
797 4194 1172 4267 δημιουργεῖν,
1206 4190 1329 4247 εἰπέ
1354 4206 1464 4261 μοι,
1493 4188 1712 4256 θεῖκῶς,
1748 4190 1896 4263 δοίης

321 4290 386 4345 ἂν
423 4289 561 4345 εἷναί
599 4306 651 4343 τι
684 4288 786 4342 τῶν
828 4287 1219 4359 άνθρωπίνων;

390 4382 451 4438 Β.
493 4384 606 4435 Οὐκ
643 4382 838 4450 ἔγωγε.

388 4476 453 4529 Δ.
494 4474 558 4526 Τί
601 4472 779 4527 τοίνυν
830 4473 975 4543 ἡμᾶς
1020 4472 1274 4538 ζωοποιεῖ
1306 4476 1404 4547 μὲν
1464 4477 1540 4542 ὡς
1568 4474 1721 4539 Θεὸς,
1759 4472 1897 4543 πλὴν

1992 2027 2096 2067 non
2136 2011 2319 2073 habet,
2340 2008 2427 2064 hic
2455 2022 2558 2061 non
2597 2013 2680 2059 est
2702 2003 2894 2073 ipsius.
2921 2001 2978 2055 Si
3006 2007 3187 2052 autem
3215 1993 3467 2050 Christus
3491 1999 3577 2047 est

1992 2104 2045 2159 in
2081 2103 2252 2167 vobis,
2281 2115 2478 2169 corpus
2513 2097 2733 2167 quidem
2777 2102 3047 2148 mortuum
3079 2098 3163 2143 est
3201 2096 3421 2158 propter
3450 2098 3578 2153 pec-

1994 2207 2203 2257 catum,
2235 2192 2462 2262 spiritus
2485 2203 2614 2243 vero
2641 2189 2749 2241 vita
2773 2179 3460 2256 propterjustilicationem
3479 2175 3523 2230 '.
3550 2192 3569 2224 ι

2065 2285 2127 2340 Β.
2160 2284 2399 2351 Spiritus
2435 2282 2616 2349 itaque
2666 2277 2826 2349 707
2865 2274 3113 2346 proprius
3150 2281 3233 2326 est
3279 2269 3423 2334 Filii,
3468 2281 3576 2322 ιιοιι

1991 2377 2166 2434 solum
2204 2382 2473 2444 quatenus
2519 2377 2605 2424 est.
2649 2365 2889 2421 Verbum
2934 2379 3002 2419 ex
3048 2360 3212 2415 Patre
3252 2358 3576 2428 procedens,

1991 2482 2180 2523 verum
2236 2466 2400 2521 etiam
2466 2469 2738 2531 quatenus
2789 2466 2873 2512 est
2934 2455 3097 2510 homo
3154 2449 3327 2507 nostri
3380 2448 3578 2505 similis

1991 2561 2191 2616 factus.
3430 2588 3433 2591 λ

2063 2655 2128 2707 Α.
2194 2649 2453 2717 Proprins
2491 2645 2709 2716 quidem
2743 2651 2801 2699 ut
2826 2656 2888 2695 ex
2916 2639 3081 2695 Patre
3121 2638 3173 2692 in
3207 2634 3576 2691 consubstan-

1994 2744 2109 2801 tiali
2146 2741 2283 2799 Filio
2316 2756 2380 2795 ex
2440 2753 2563 2795 sese
2607 2738 2791 2808 genito
2855 2732 3048 2797 Verbo,
3082 2729 3297 2785 tametsi
3360 2726 3579 2781 dicatur

1991 2850 2113 2892 eum
2172 2833 2421 2901 accipere
2454 2831 2670 2899 quando
2705 2828 2882 2882 iactus
2937 2833 3023 2879 est
3070 2824 3254 2887 homo,
3324 2818 3413 2889 qui
3447 2830 3573 2887 pro-

1993 2926 2324 2997 prietatibus
2363 2922 2668 2977 divinitatis
2720 2920 2773 2973 in
2828 2932 2921 2972 sua
2957 2924 3151 2971 natura
3178 2920 3349 2967 caret.
3400 2912 3581 2979 Atque

1994 3017 2196 3071 idcirco
2241 3015 2357 3085 ipse
2400 3028 2521 3067 cum
2559 3013 2629 3066 sit
2684 3009 2927 3065 omnium
2976 3007 3105 3073 vita,
3143 3004 3269 3074 quia
3322 2998 3578 3056 ineffabili

1995 3110 2154 3161 modo
2206 3122 2273 3161 ex
2337 3106 2461 3160 vivo
2516 3102 2675 3157 Patre
2728 3101 2941 3171 genitus
2978 3109 3080 3161 est,
3142 3110 3247 3153 una
3298 3093 3579 3149 nobiscum

1994 3201 2295 3254 viviticatus
2319 3210 2441 3251 esse
2484 3196 2700 3249 dicitur.
2752 3190 2946 3245 Videre
3004 3201 3183 3244 tamen
3233 3199 3348 3250 est,
3402 3188 3579 3257 ipsum

1996 3290 2145 3345 carni
2174 3303 2283 3343 sua!
2336 3287 2535 3341 divinze
2583 3285 2914 3353 operationis
2948 3282 3175 3351 gloriam
3217 3278 3498 3341 tribuisse,
3526 3284 3582 3330 et

1995 3384 2233 3438 vicissim
2261 3380 2441 3435 carnis
2458 3379 2818 3447 proprietates
2846 3391 2942 3444 per
2981 3375 3241 3427 unitatem
3290 3370 3432 3423 illam
3461 3382 3583 3439 quae

1993 3490 2058 3529 ex
2115 3474 2493 3528 incarnatione
2546 3470 2689 3525 facta
2741 3468 2933 3524 estad
2985 3466 3259 3537 propriam
3302 3478 3454 3518 suam
3485 3474 3586 3516 na-

1996 3576 2169 3620 turam
2212 3566 2496 3619 ascivisse.

2066 3656 2125 3711 Β.
2155 3656 2273 3722 Quo
2294 3667 2452 3724 pacto
2474 3654 2555 3708 ais
2584 3653 2609 3707 ’ἰ
3491 3674 3525 3700 ι

2066 3749 2131 3802 Α.
2172 3746 2364 3801 Νοιιιιε
2408 3744 2644 3799 maxime
2699 3742 2996 3798 convenire
3035 3740 3185 3794 dices
3220 3736 3397 3792 Verbo
3437 3734 3585 3806 quod

1996 3847 2082 3895 est
2110 3838 2411 3893 secundum
2437 3844 2687 3890 naturam
2715 3848 2781 3887 ex
2816 3833 2945 3895 Deo,
2993 3843 3230 3899 superne
3258 3838 3315 3883 et
3351 3842 3419 3882 ex
3446 3826 3589 3881 coelo

1996 3934 2203 3997 venire,
2256 3938 2310 3983 et
2360 3925 2639 3979 viviticare
2702 3935 2859 3992 posse
2914 3935 2974 3976 ea
3032 3918 3230 3989 quibus
3270 3917 3437 3973 vitam
3488 3917 3595 3970 int-

1998 4024 2214 4080 mittere
2258 4015 2489 4072 voluerit
2518 4014 2542 4069 ἳ

2067 4115 2130 4170 Β.
2165 4110 2421 4167 Omnino.

2068 4208 2132 4262 Δ.
2196 4204 2334 4270 Quid
2383 4198 2792 4258 vero?Creare
2848 4195 3034 4251 divino
3092 4208 3266 4262 more,
3312 4191 3591 4253 dixerisne

1998 4301 2161 4358 etiam
2187 4313 2251 4351 ex
2287 4295 2540 4351 humanis
2569 4292 2826 4364 operibus
2849 4302 2972 4344 esse
3000 4288 3024 4342 ?

2070 4391 2132 4445 Β.
2176 4391 2289 4459 Ego
2318 4398 2466 4444 certe
2501 4398 2865 4456 nequaquam.

2070 4482 2136 4537 Δ.
2175 4481 2311 4549 Quid
2362 4478 2548 4548 igitur,
2598 4476 2837 4531 viviﬁcat
2888 4475 3106 4542 quidem
3155 4490 3254 4529 nos
3299 4484 3356 4527 ut
3421 4474 3589 4538 Deus,

321 4564 381 4617 οὐ
442 4564 601 4635 μόνον
646 4563 725 4634 τῷ
776 4564 1097 4635 μεταλαχεῖν
1163 4567 1317 4635 ἁγίου
1381 4569 1730 4640 Πνεύματος,
1780 4565 1887 4618 axx

2003 4588 2258 4632 caeterum
2309 4590 2413 4629 non
2467 4572 2577 4625 sola
2631 4568 3043 4640 participatione
3090 4567 3325 4637 Spiritus
3368 4565 3587 4629 sancti;

323 4655 542 4726 ἑδεστὴν
591 4655 859 4728 παραθεὶς
922 4658 1015 4711 καὶ
1072 4657 1169 4728 τὴν
1225 4659 1627 4729 ἀναληφθεῖσαν
1681 4660 1895 4729 σάρκα;

330 4746 472 4815 Ἔφη
511 4745 638 4815 γὰρ,
675 4746 755 4798 ὅτι
809 4764 827 4797 ι
890 4746 1080 4816 Ἀμὴν,
1129 4747 1275 4819 ἀμὴν
1319 4748 1460 4817 λέγω
1495 4751 1644 4820 ὑμῖν,
1680 4752 1774 4803 ἐὰν
1820 4751 1895 4821 μὴ

323 4839 531 4908 φάγητε
556 4838 653 4908 τὴν
677 4837 854 4907 σάρκα
878 4838 971 4894 τοῦ
998 4838 1126 4891 Υἰοῦ
1152 4840 1245 4892 τοῦ
1273 4839 1581 4910 ἀνθρώπου,
1614 4842 1708 4894 καὶ
1734 4840 1895 4909 πίητε

320 4930 486 4985 αὑτοῦ
523 4932 584 4982 τὸ
613 4924 773 4999 αἷμα,
805 4929 906 4983 οὐκ
932 4928 1082 4999 ἔχετε
1118 4929 1261 5002 ζωὴν
1295 4933 1352 4984 ὲν
1383 4933 1611 4994 ἑαυτοῖς.
1654 4949 1672 4983 ι
1712 4933 1895 4985 Κατα-

322 5023 733 5097 κερτομούντων
762 5023 820 5076 δὲ
855 5024 1015 5077 αὑτὸν
1039 5025 1146 5077 τῶν
1192 5025 1461 5079 Ἰουδαίων
1496 5026 1645 5084 ποτὲ.
1675 5026 1765 5078 καὶ
1795 5025 1892 5095 τὴν

323 5116 417 5169 ἐπὶ
467 5118 578 5179 τοῖς
630 5115 878 5185 ἀμείνοσι
907 5115 1085 5185 ψῆφον
1133 5116 1414 5181 ἀνάπτειν,
1461 5118 1560 5170 οὐκ
1586 5111 1682 5169 οἷδ’
1719 5117 1895 5183 ὅπως,

325 5208 819 5277 ἐπικεχειρηκότων
867 5206 946 5276 τῷ
982 5209 1237 5279 μακαρίῳ
1273 5210 1479 5275 Μωσεῖ,
1517 5208 1817 5280 εἰρηκότων
1846 5208 1901 5261 δὲ

325 5297 646 5366 ἀναφανδόνο
686 5315 709 5347 ι
752 5300 813 5352 0i
860 5298 1091 5369 πατέρες
1122 5300 1276 5369 ἡμῶν
1307 5299 1506 5369 ἔφαγον
1535 5300 1597 5353 τὸ
1632 5303 1806 5370 μάννα
1842 5301 1899 5353 ὲν

325 5391 391 5459 τῇ
431 5389 644 5460 ἐρήμῳ,
682 5389 864 5455 καθώς
888 5393 1001 5444 ἐστι
1036 5392 1418 5463 γεγραμμένον
1439 5408 1451 5420 ·
1488 5393 1685 5462 Ἀρτον
1709 5393 1775 5445 ὲκ
1802 5390 1897 5445 τοῦ

324 5482 555 5553 οὐρανοῦ
589 5484 788 5537 ἔδωκεν
816 5484 993 5550 αὐτοῖς
1018 5488 1209 5555 φαγεῖν
1229 5501 1244 5517 ο
1277 5485 1327 5537 τί
1358 5488 1531 5549 ποιεῖς
1565 5485 1628 5537 σὺ
1652 5487 1895 5556 σημεῖον,

329 5574 413 5627 ἰνα
452 5575 830 5648 πιστεύσωμέν
882 5592 999 5643 σοις
1042 5577 1094 5629 τί
1147 5574 1376 5649 ἐργάζῃ,
1407 5576 1481 5640 ὠς
1517 5576 1720 5631 ἄνωθεν
1769 5579 1897 5648 ἡμῖν

329 5668 422 5721 καὶ
462 5670 521 5734 ἐξ
571 5669 799 5737 οὐρανοῦ
836 5671 1207 5739 κατακομίσας
1256 5670 1316 5722 τὸ
1368 5670 1561 5740 adipe;
1620 5691 1639 5720 ι
1699 5668 1894 5740 φησίν·

400 5844 556 5899 'Act.
585 5860 642 5913 ιι,
673 5845 761 5901 58.
841 5845 1037 5901 ‘Jnan.
1072 5862 1161 5914 xx,
1197 5847 1287 5903 29.
1360 5848 1560 5905 'Rmn.
1597 5866 1711 5911 νιιιτ
1745 5852 1797 5916 9.
1840 5851 1922 5906 i0.

2004 4674 2097 4727 sed
2153 4666 2545 4724 comestihilem
2615 4662 2861 4733 praebens
2916 4661 3081 4715 etiam
3142 4674 3357 4713 carnem
3424 4673 3589 4727 quam

2002 4761 2315 4831 assumpsit.
2349 4758 2496 4813 Dixit
2558 4757 2702 4810 enim
2754 4756 2870 4822 ipse
2904 4772 2917 4807 :
2956 4772 2973 4804 ι
3012 4755 3205 4817 Amen,
3259 4766 3415 4807 amen
3466 4749 3591 4804 dico

2002 4856 2176 4919 vobis,
2230 4852 2334 4907 nisi
2383 4846 2731 4905 comederitis
2782 4860 3003 4901 carnem
3058 4843 3179 4897 Filii
3219 4842 3477 4909 hominis,
3534 4849 3591 4895 et

2002 4944 2250 5001 biberitis
2279 4941 2396 5010 eius
2423 4940 2767 5008 sanguinem,
2832 4951 2939 4990 non
2994 4934 3264 4989 habebitis
3310 4933 3477 4988 vitam
3534 4932 3589 4987 in

1998 5037 2151 5090 vobis
2186 5033 2225 5087 ⁸.
2267 5051 2284 5084 ι
2332 5032 2465 5085 Cum
2498 5045 2624 5083 vero
2656 5027 2825 5083 Judzei
2878 5042 3003 5080 eum
3057 5026 3315 5081 cenviciis
3363 5024 3592 5077 lacesse-

2000 5138 2142 5192 rent,
2188 5136 2243 5179 et
2284 5124 2417 5178 Mosi
2480 5123 2739 5176 doctrinm
2800 5120 3090 5190 plurimum
3140 5118 3263 5172 fidei
3291 5116 3587 5181 deferrent,

2001 5229 2294 5290 aperteque
2356 5215 2717 5270 clamarent:
2794 5230 2812 5264 ι
2874 5210 3065 5267 Patres
3128 5211 3294 5266 nostri
3361 5210 3589 5263 manduo

2006 5317 2264 5363 caverunt
2303 5322 2499 5360 manna
2554 5304 2607 5358 in
2667 5306 2902 5369 deserto,
2938 5305 3077 5358 sicut
3134 5304 3392 5373 scriptum
3446 5310 3584 5358 est:

2005 5396 2204 5453 Panem
2258 5396 2325 5450 de
2369 5397 2509 5451 cmlo
2559 5394 2706 5449 dedit
2758 5394 2840 5449 eis
2883 5396 3213 5448 manducare
3264 5413 3276 5448 :
3318 5402 3375 5447 tu
3444 5395 3589 5462 quod

2005 5491 2215 5558 signum
2248 5486 2403 5551 facis,
2444 5496 2502 5541 ut
2528 5488 2816 5541 credamus
2849 5486 2993 5541 tibi?
3042 5487 3173 5555 quid
3226 5486 3493 5553 Operaris,
3528 5496 3592 5540 ut

2004 5594 2239 5651 superne
2290 5578 2447 5633 nobis
2512 5586 2570 5631 et
2633 5590 2699 5631 ex
2752 5575 2891 5636 caelo
2944 5574 3178 5631 atl'erens
3223 5590 3419 5646 corpus
3449 5574 3518 5627 7?
3564 5593 3584 5628 ι

2008 5672 2286 5743 respondit
2320 5669 2519 5727 Iesus:
2561 5688 2579 5721 ι
2621 5670 2816 5734 Amen,
2867 5684 3022 5724 amen
3076 5669 3194 5725 dico
3252 5670 3440 5733 vobis;
3478 5682 3585 5725 nun

2004 5852 2024 5883 ⁸
2050 5849 2208 5909 Juun.
2246 5866 2319 5919 τι,
2354 5851 2442 5906 5L
2540 5850 2557 5879 ⁷
2581 5849 2709 5905 ibid.
2742 5848 2830 5916 50,
2860 5847 2949 5905 5i.
