4036 6336
490 410 627 475 1213

1508 410 1565 463 S.
1606 407 1876 464 CYHILLI
1915 407 2377 463 ALEXANDRINI
2419 409 2736 465 ARCIIIEP.

3601 411 3740 467 ιειι

489 530 636 586 dedit
691 526 858 583 vobis
886 526 1095 595 Moyses
1144 537 1339 594 panem
1377 538 1441 579 ex
1472 524 1612 579 ccelo
1660 539 1869 579 verum.
1920 524 2051 578 Nam

2161 542 2178 574 ‹
2229 524 2418 595 Ἀμὴν,
2451 525 2597 595 ἀμὴν
2630 525 2771 593 λέγω
2811 525 2959 593 ὑμῖν,
3008 523 3067 575 ού
3102 523 3305 593 Μωσῆς
3331 521 3561 575 δέδωκεν
3605 524 3737 592 ὑμῖν

486 624 643 693 panis
676 624 764 676 Dei
808 631 892 677 est
918 622 1007 690 qui
1045 620 1107 675 dc
1144 620 1282 675 cmio
1314 620 1612 682 descendit,
1648 630 1703 675 et
1755 621 1844 675 dat
1891 622 2055 675 vitam

490 715 689 769 mundo
719 714 759 767 '.
800 732 817 765 ι
862 713 925 767 Et
954 712 1111 781 paulo
1162 720 1281 780 post
1312 721 1519 765 tantum
1550 727 1652 765 non
1684 712 1874 780 digito,
1911 712 2054 781 quod

491 809 662 871 aiunt,
718 812 1153 859 commonstrans
1179 803 1410 870 seipsum
1464 803 1801 857 iucarnatum
1829 822 1841 856 :
1872 822 1890 854 ε
1924 802 2054 871 Ego,

492 896 686 965 inquit,
716 911 831 950 sum
862 895 1014 962 panis
1042 895 1211 957 vivus,
1240 894 1327 963 qui
1378 893 1445 947 de
1500 894 1636 947 cmlo
1670 894 1941 946 descendi.
1995 890 2054 945 Si

487 989 610 1054 quis
638 988 1045 1041 manducaverit
1075 999 1137 1040 ex
1174 987 1274 1040 hoc
1310 1000 1467 1053 pane,
1504 986 1643 1037 vivet
1675 985 1726 1037 in
1757 992 2051 1038 aeternum:

486 1092 537 1134 et
574 1080 725 1148 panis
767 1094 925 1147 quem
952 1092 1051 1145 ego
1090 1077 1248 1139 dabo,
1278 1091 1406 1131 caro
1444 1090 1560 1129 mea
1601 1085 1681 1129 est
1728 1091 1824 1144 pro
1871 1075 2055 1129 mundi

487 1170 593 1222 vita
621 1172 661 1225 '.
710 1167 807 1235 Qui
852 1168 1139 1222 manducat
1162 1180 1333 1222 meam
1366 1179 1606 1231 carnem,
1642 1174 1695 1219 et
1722 1166 1853 1219 bibit
1878 1181 2055 1221 meum

486 1262 822 1330 sanguinem,
864 1261 913 1312 in
960 1273 1046 1313 me
1079 1268 1283 1321 manet,
1342 1269 1399 1313 et
1430 1274 1528 1327 ego
1565 1260 1616 1311 in
1643 1258 1750 1312 illo.
1809 1258 1875 1312 Et
1917 1259 2057 1313 sicut

487 1351 630 1404 misit
662 1364 745 1403 me
785 1350 968 1405 vivens
988 1348 1169 1415 Pater,
1198 1358 1367 1417 etego
1394 1349 1515 1402 vivo
1562 1357 1778 1418 propter
1816 1347 2051 1402 Patrem.

487 1442 552 1497 Et
580 1444 669 1512 qui
705 1442 999 1497 manducat
1044 1456 1150 1505 me,
1199 1449 1255 1496 et
1301 1442 1415 1511 ipse
1456 1441 1599 1495 vivet
1644 1449 1864 1509 pr0pter
1894 1438 2057 1509 703

488 1548 573 1587 me
602 1534 662 1586 ‘°.
707 1552 724 1583 ι
785 1531 947 1600 Atqui
979 1531 1250 1601 quomodo
1302 1546 1409 1587 non
1472 1546 1598 1585 vere
1647 1532 1860 1585 dicatur
1911 1528 2053 1599 quod

486 1637 593 1678 non
642 1621 977 1678 descenderit
1024 1638 1055 1675 e
1102 1622 1241 1676 cmlo
1306 1636 1452 1685 caro,
1503 1621 1597 1675 sed
1639 1622 1780 1689 quod
1815 1628 1931 1675 erat
1986 1635 2052 1674 ex

486 1713 724 1782 Virgine,
762 1714 902 1767 sicut
928 1712 1184 1779 scriptum
1210 1720 1293 1767 est
1325 1712 1363 1743 “
1398 1714 1419 1764 ?
1476 1712 1626 1778 Quod
1654 1726 1777 1765 vero
1807 1727 1909 1765 non
1945 1711 2054 1765 sint

484 1813 763 1873 separatae,
830 1804 921 1858 sed
971 1804 1021 1857 in
1087 1819 1252 1858 unum
1284 1814 1496 1870 coeant,
1551 1814 1605 1857 et
1656 1805 2053 1873 quodammodo

2157 616 2248 668 τὸν
2276 618 2436 687 ἀρτον
2466 621 2528 670 ἐκ
2556 617 2648 670 τοῦ
2685 614 2914 687 οὐρανοῦ
2956 615 3048 667 τὸν
3076 613 3347 685 ἀληθινόν.
3396 613 3456 666 '0
3495 614 3601 684 γὰρ
3636 615 3738 683 ἄρα

2157 725 2247 772 τος
2278 708 2370 762 τοῦ
2411 710 2547 762 Θεοῦ
2580 712 2723 763 ἐστιν
2775 710 2802 760 ὁ
2855 706 3198 761 καταδαίνων
3230 709 3291 757 ὲκ
3339 705 3430 759 τοῦ
3482 705 3735 777 οὐρανοῦ.

2160 803 2255 853 καὶ
2294 801 2438 869 ζωὴν
2469 802 2649 864 διδοὺς
2676 799 2754 869 τῷ
2785 800 2996 868 κόσμῳ.
3050 816 3067 849 ι
3106 798 3213 850 Καὶ
3243 796 3376 867 πρός
3413 812 3473 863 γε
3500 793 3736 847 τουτοισὶ

2158 891 2339 957 πάλιν,
2388 892 2667 961 μονονουχὶ
2714 892 2805 944 καὶ
2842 888 3089 957 δακτύλῳ
3136 888 3492 949 καταδεικνπ
3540 884 3737 937 ἑαυτὸν

2158 984 2503 1053 ἑνσώματον,
2540 1001 2557 1033 t
2612 982 2753 1050 Ἐγώ
2800 983 2933 1051 είμι,
2984 980 3170 1051 φησὶν,
3218 981 3246 1031 ὁ
3279 981 3441 1049 ἀρτος
3477 979 3506 1030 ὁ
3548 976 3677 1041 ζῶν,
3709 978 3739 1027 ὁ

2159 1074 2223 1126 ἐκ
2253 1074 2347 1126 τοῦ
2374 1072 2599 1142 ούρανοῦ
2644 1072 2909 1135 καταϐάς.
2957 1072 3081 1125 Ἐάν
3108 1088 3190 1133 τις
3220 1070 3370 1140 φάγῃ
3400 1070 3463 1121 ἐκ
3504 1066 3596 1119 τοῦ
3637 1066 3736 1134 ἀρα

2156 1184 2248 1219 του
2279 1166 2489 1230 τούτου,
2523 1168 2745 1235 ζήσεται
2790 1165 2869 1227 είς
2907 1164 2997 1216 τὸν
3031 1162 3233 1216 αἰῶνα·
3269 1160 3369 1230 καὶ,
3408 1162 3435 1211 ὁ
3464 1160 3625 1229 ἄρτος
3652 1158 3734 1222 δὲ,

2159 1256 2216 1309 ὃν
2240 1255 2348 1323 ἐγὼ
2372 1255 2545 1320 δώσω,
2581 1257 2613 1325 ἡ
2645 1255 2781 1324 σάρξ
2815 1254 2915 1321 μού
2949 1256 3096 1307 ἐστιν
3123 1253 3260 1323 ὑπὲρ
3288 1253 3385 1321 τῆς
3406 1249 3500 1302 τοῦ
3530 1248 3735 1318 κόσμου

2159 1348 2301 1417 ζωῆς
2322 1364 2334 1377 ’
2375 1350 2403 1400 ὀ
2429 1346 2657 1418 τρώγων
2698 1364 2801 1417 μου
2831 1345 2929 1416 τὴν
2966 1345 3166 1415 σάρκα,
3198 1344 3288 1395 καὶ
3333 1342 3500 1394 πίνων
3542 1356 3644 1408 μου
3673 1338 3736 1390 τὸ

2157 1433 2313 1507 αἷμα,
2359 1439 2416 1490 tv
2466 1436 2591 1507 ἐμοὶ
2640 1436 2815 1506 μένει,
2867 1434 3021 1502 κάγὼ
3063 1435 3120 1485 ἐν
3170 1432 3337 1501 αὐτῷ.
3392 1432 3497 1483 Καὶ
3548 1427 3731 1491 καθὼς

2158 1526 2439 1580 ἀπέστειλὲ
2474 1544 2542 1596 με
2586 1528 2614 1579 ὀ
2644 1524 2752 1588 ζῶν
2800 1525 3006 1594 Πατὴρ,
3040 1522 3194 1589 κάγὼ
3237 1520 3315 1585 ζῶ
3356 1520 3441 1573 διὰ
3488 1520 3580 1572 τὸν
3624 1520 3735 1571 Παο

2155 1620 2318 1690 τέρασ
2369 1619 2461 1671 καὶ
2489 1616 2767 1687 ὀτρώγων
2792 1634 2881 1687 με,
2935 1617 3183 1677 κάκεῖνος
3229 1614 3385 1684 ζήσει
3432 1612 3498 1664 δι’
3535 1611 3654 1682 ἐμέ.
3712 1629 3732 1662 s

2154 1713 2348 1765 Καίτοι
2374 1711 2489 1775 πῶς
2515 1712 2615 1764 οὐκ
2645 1710 2877 1781 ἀτρεκὲς
2902 1712 3097 1771 εἰπεῖν,
3129 1708 3204 1769 ὼς
3242 1706 3302 1760 οὺ
3334 1704 3739 1774 καταπεφοίτη-

2154 1823 2248 1857 κεν
2275 1804 2334 1869 ἐξ
2367 1802 2611 1873 οὐρανῶν
2650 1805 2681 1873 ἠ
2716 1800 2873 1874 σὰρξ,
2905 1801 3021 1855 ἀλλ’
3058 1798 3125 1873 ἦν
3156 1803 3218 1854 ὲκ
3246 1798 3545 1869 Παρθένου,
3594 1798 3737 1849 κατά

484 1897 626 1949 inter
676 1909 734 1949 se
783 1894 1235 1949 commisceantur
1295 1906 1613 1949 naturarum
1668 1896 2051 1964 proprietates,

2156 1897 2250 1957 τὰς
2285 1896 2538 1963 Γραφάς;
2582 1896 2735 1947 Ἐστι
2764 1894 2820 1947 δὲ
2852 1894 2933 1946 ὅτι
2980 1892 3041 1947 οὐ
3086 1893 3292 1954 διιστὰς
3334 1894 3361 1945 ὁ
3392 1890 3582 1957 Λόγος,
3620 1888 3735 1941 ἀλλ’

481 2001 513 2040 e
546 1984 956 2053 quamplurimis
993 1983 1128 2037 locis
1176 1992 1405 2039 constat.
1452 1985 1741 2039 Nicodemo
1773 1986 1915 2039 enim
1949 2000 2055 2039 non

485 2074 804 2141 intelligenti
859 2075 1197 2145 mysterium,
1251 2077 1343 2130 sed
1393 2077 1643 2143 imperite
1687 2076 2053 2129 reclamanti:

486 2184 507 2219 ι
547 2166 821 2234 Quomodo
863 2176 1087 2234 possunt
1119 2166 1235 2221 ﬂeri
1281 2168 1394 2219 haec
1422 2166 1444 2217 ?
1475 2166 1530 2219 Si
1569 2175 1803 2230 terrena,
1861 2166 2054 2233 inquit,

481 2256 593 2312 dixi
625 2257 796 2322 vobis,
834 2265 889 2311 et
928 2272 1030 2310 non
1082 2256 1303 2310 creditis
1339 2273 1353 2309 :
1388 2272 1495 2325 quo
1542 2267 1699 2324 pacto
1758 2257 1801 2308 si
1864 2256 2054 2309 dixero

480 2348 636 2403 vobis
694 2347 956 2412 cmlestia,
1001 2346 1301 2401 credetis?
1358 2346 1424 2400 Et
1482 2361 1639 2400 nemo
1694 2346 1935 2400 ascendit
1998 2349 2050 2399 in

480 2441 698 2506 coelum,
750 2440 853 2494 nisi
884 2440 973 2508 qui
1016 2453 1046 2493 e
1085 2437 1220 2493 cmlo
1261 2438 1543 2493 descendit
1585 2437 1753 2491 Filius
1788 2438 1879 2491 Dei
1919 2438 1985 2492 ".
2028 2457 2045 2489 ι

477 2529 677 2586 Judacis
714 2546 839 2586 vero
884 2545 1033 2600 aeque
1078 2539 1236 2599 atque
1286 2529 1371 2584 ille
1421 2530 1703 2597 imperitis,
1771 2529 2053 2600 ipsum’que

482 2621 829 2677 irridentibus
882 2638 896 2675 :
940 2622 982 2675 si
1045 2621 1324 2676 vivilicans
1396 2631 1557 2689 atque
1611 2634 1675 2673 ex
1735 2620 1871 2675 cmlo
1922 2628 2048 2689 pro;

480 2714 655 2784 prium
682 2728 897 2783 corpus,
923 2732 941 2765 ι
973 2712 1081 2767 lloc
1112 2726 1208 2767 vos
1223 2711 1573 2774 scandalizat,
1604 2712 1797 2779 inquit,
1853 2712 1896 2764 si
1921 2726 2051 2781 ergo

481 2804 724 2858 videritis
778 2803 970 2858 Filium
1045 2803 1277 2858 hominis
1352 2804 1730 2857 ascendentem
1790 2804 1877 2857 ubi
1935 2812 2053 2857 erat

482 2894 627 2962 prius
660 2894 753 2947 "?
821 2912 838 2944 ι
902 2896 1095 2958 Annon
1170 2903 1354 2947 natum
1411 2908 1474 2947 ex
1537 2893 1759 2948 muliere
1811 2895 2053 2948 dicemus

483 2986 877 3042 Emmanuelem
906 2987 927 3038 ?

2159 1988 2235 2049 εις
2266 1987 2322 2040 ἓν
2353 1986 2519 2056 ἄμφω
2554 1986 2850 2054 συλλέγων,
2886 1987 2980 2037 καὶ
3015 1984 3205 2055 ὥσπερ
3235 1982 3483 2053 ἀλλήλοις
3518 1982 3737 2049 ἀνακιρυ

2158 2076 2252 2140 νάς
2291 2077 2359 2129 τά
2390 2077 2498 2128 τῶν
2532 2077 2745 2145 φύσεων
2781 2076 3065 2147 ίδιώματα,
3092 2075 3178 2128 διά
3206 2074 3413 2145 μυρίων
3442 2074 3582 2125 ὅσων
3602 2072 3735 2141 ἡμῖν

2157 2168 2347 2236 ὁρᾶται
2378 2167 2570 2235 λόγων.
2614 2168 2908 2238 Νικοδήμῳ
2958 2168 3059 2237 μὲν
3107 2166 3236 2237 γὰρ,
3285 2166 3345 2219 ού
3399 2164 3632 2217 συνιέντι
3674 2162 3737 2213 τὸ

2160 2258 2476 2328 μυστήριον,
2508 2259 2905 2329 ἀνακεκραγότι
2934 2258 2988 2311 δὲ
3019 2256 3265 2327 ἀμαθῶς
3304 2276 3320 2306 ι
3365 2256 3485 2318 Πῶς
3514 2254 3735 2306 δύναται

2156 2349 2324 2403 ταῦτα
2366 2350 2618 2417 γενέσθαι
2644 2392 2658 2414 ,
2702 2350 2763 2403 El
2792 2350 2861 2403 τὰ
2889 2348 3126 2416 ιπίγεια,
3182 2348 3367 2418 φησὶν,
3401 2342 3554 2399 εἷπον
3582 2345 3733 2413 ὑμῖν,

2156 2441 2248 2493 καὶ
2285 2441 2343 2493 οὐ
2375 2441 2681 2505 πιστεύετε,
2715 2442 2831 2504 πῶς
2861 2440 2954 2494 ὲάν
2988 2442 3124 2493 εῐπω
3158 2440 3288 2507 ὑμῖν
3316 2438 3384 2491 τὰ
3414 2436 3733 2506 ἐπουράνια,

2156 2531 2474 2595 mutetis“;
2521 2531 2629 2585 Καὶ
2675 2531 2850 2593 οὐδεὶς
2886 2529 3225 2599 ἁναδέδηκιν
3256 2530 3335 2591 είς
3366 2527 3456 2581 τὸν
3485 2524 3733 2595 οὐρανὸν,

2156 2624 2204 2675 εί
2234 2624 2307 2692 μὴ
2345 2625 2372 2675 ὁ
2401 2624 2463 2675 ὲκ
2488 2622 2582 2675 τοῦ
2613 2622 2846 2693 οὖρανοῦ
2878 2621 3142 2685 καταϐὰς,
3173 2624 3201 2675 ὁ
3231 2621 3359 2683 Υίδς
3407 2620 3500 2672 τοῦ
3528 2616 3682 2671 Θεοῦ.
3711 2634 3732 2668 s

2170 2712 2443 2776 Ἰουδαίοις
2472 2713 2527 2765 δὲ
2569 2713 2754 2779 πάλιν,
2786 2713 2882 2783 τὴν
2912 2714 3035 2783 ῐσην
3064 2712 3257 2783 ἐκείνῳ
3285 2709 3532 2764 νοσοῦσιν
3568 2711 3735 2761 dm:-

2157 2805 2393 2868 δευσίαν,
2443 2806 2535 2859 καὶ
2575 2806 2847 2877 διαγελᾷν,
2879 2808 2977 2861 οὐκ
3008 2803 3101 2859 οἷδ’
3128 2808 3297 2873 ὅπως,
3339 2804 3614 2873 ἑλομένοις
3636 2802 3739 2855 αὺ-

2154 2897 2278 2959 τὸν,
2332 2900 2558 2973 ἐπείπερ
2633 2900 2735 2970 ἔφη
2806 2900 3067 2963 ζωοποιὸν
3138 2902 3231 2952 καὶ
3275 2898 3333 2964 ἐξ
3379 2894 3609 2966 οὐρανοῦ
3677 2893 3739 2945 τὸ

2162 2990 2290 3042 [διον
2322 2992 2499 3060 σῶμα,
2526 3010 2543 3043 t
2562 2990 2730 3045 Τοῦτο
2748 2992 2890 3061 ὑμᾶς
2919 2992 3282 3054 σκανδαλίζει,
3317 2988 3614 3059 φησὶν,ἑάν
3643 2982 3738 3039 οὖν

480 3079 718 3151 θεωρῆτε
755 3080 846 3133 τὸν
893 3080 1017 3133 Υίὸν
1048 3080 1139 3133 τοῦ
1186 3078 1473 3149 ἀνθρώπου
1539 3079 1898 3135 ἀναϐαίνοντα
1945 3082 2079 3136 ὅπου
2117 3079 2184 3155 ἦν
2214 3086 2273 3138 τὸ
2304 3086 2603 3157 πρότερο·.·;
2650 3106 2666 3137 ι
2700 3081 2777 3139 Ἦ
2806 3087 2927 3156 οὐχὶ
2984 3087 3242 3155 τετάχθαι
3272 3086 3518 3155 φήσομεν
3547 3085 3610 3135 ὲκ
3636 3099 3739 3148 γυ-

477 3174 661 3238 ναικὸς
695 3176 783 3227 τὸν
832 3174 1177 3246 Ἐμμανουήλ
1196 3192 1209 3242 ς

546 3266 605 3319 Β.
649 3265 901 3322 Omnino.

549 3358 615 3411 Δ.
668 3355 895 3411 Ubinam
953 3358 1113 3428 igitur
1165 3362 1316 3428 prius
1374 3364 1541 3416 erat?
1588 3373 1680 3417 aut
1740 3378 1847 3431 quo
1899 3374 2057 3429 pacto

478 3447 765 3515 ascendit,
811 3464 930 3503 cum
977 3464 1035 3504 se
1086 3450 1156 3504 ibi
1213 3466 1331 3506 esse
1381 3452 1544 3516 dicat,
1591 3454 1753 3507 etiam
1814 3466 1938 3509 nato
1990 3470 2054 3509 ex

478 3548 664 3593 sancta
711 3540 931 3608 Virgine
972 3555 1200 3609 corpore
1235 3544 1337 3599 sibi
1388 3546 1587 3599 unito?
1625 3544 1814 3599 Nonne
1876 3556 2055 3601 autem

477 3645 695 3687 carnem
723 3648 842 3702 quae
882 3648 949 3687 ex
989 3642 1130 3687 terra
1166 3644 1401 3701 constat,
1430 3634 1709 3690 vililicare
1736 3650 1839 3688 non
1876 3651 2054 3703 posse,

480 3732 747 3793 quatenus
820 3728 887 3781 ad
962 3726 1231 3795 propriam
1276 3740 1428 3781 suam
1502 3736 1748 3781 naturam
1840 3727 2052 3792 attinet,

480 3818 763 3872 dicemus?

546 3904 606 3958 Β.
644 3902 739 3960 Ita.

547 3998 613 4049 Α.
674 3994 955 4061 Quomodo
1017 3996 1179 4065 igitur
1234 4006 1316 4052 est
1373 3996 1697 4052 vivilicatrix
1754 4011 1881 4052 caro
1914 3998 2057 4054 ?aut

478 4088 747 4155 quomodo
817 4096 1103 4143 censeatur
1178 4103 1247 4145 ex
1312 4092 1451 4144 casio
1510 4103 1650 4155 esse,
1705 4103 1825 4143 cum
1867 4091 1939 4146 sit
1989 4107 2055 4147 ex

478 4188 618 4230 terra
643 4177 666 4229 ?

552 4266 613 4322 Β.
644 4268 876 4325 Ratione
923 4272 1169 4336 unitatis,
1226 4282 1285 4327 ut
1330 4274 1583 4342 arbitror,
1643 4292 1763 4331 cum
1821 4278 1941 4335 vivo
1999 4287 2054 4335 et

474 4359 692 4415 coalitus
715 4362 949 4417 demisso
983 4362 1177 4417 Verbo.

551 4455 619 4508 Α.
661 4453 827 4511 Recte
848 4456 1135 4512 admodum
1166 4458 1358 4520 sentis,
1382 4466 1436 4512 et
1470 4458 1857 4514 convenienter
1879 4463 2052 4515 sacris

475 4546 793 4613 Scripturis.
851 4545 1033 4615 Neque
1082 4549 1225 4602 enim
1274 4549 1437 4604 aliter
1487 4550 1674 4615 fuerit,
1735 4559 1789 4605 et
1838 4561 2050 4606 creator

2083 3275 2126 3332 C
2231 3269 2288 3323 B.
2336 3268 2460 3333 Πῶς
2492 3270 2599 3340 γάρ
2631 3269 2730 3334 of);

2230 3363 2293 3413 A.
2337 3360 2445 3415 Ποῦ
2478 3360 2763 3433 τοιγαροῦν
2790 3362 2851 3414 τὸ
2884 3362 3147 3432 πρότερον
3179 3358 3270 3432 ἦν;
3307 3362 3337 3428 ἢ
3386 3361 3504 3425 πῶς
3538 3364 3737 3416 ἀναδέ-

2161 3453 2327 3523 6ηκεν
2372 3453 2607 3522 ἔνθαπερ
2636 3449 2774 3505 εἷναί
2822 3469 2985 3522 φησιν
3015 3453 3197 3517 αὐτὸς,
3230 3453 3406 3506 καίτοι
3455 3454 3738 3523 τεχθέντος

2159 3543 2245 3597 διὰ
2273 3544 2371 3613 τῆς
2404 3544 2560 3612 ἀγίας
2596 3543 2869 3614 Παρθένου
2904 3545 2999 3597 τοῦ
3042 3544 3331 3607 ἑνωθέντος
3364 3545 3511 3615 αὺτῴ
3551 3545 3738 3615 σῶμα·

2158 3652 2281 3700 τος;
2325 3636 2457 3705 Οὐχὶ
2489 3636 2545 3687 δὲ
2596 3636 2687 3688 καὶ
2736 3638 3037 3707 ἀπρακτεῖν
3074 3636 3509 3707 ὁμολογήσαιμεν
3540 3636 3604 3691 ἀν
3637 3638 3735 3706 τὴν

2158 3727 2264 3779 ἀπὸ
2303 3726 2406 3795 γῆς
2456 3727 2633 3796 σάρκα
2690 3730 2825 3796 πρὸς
2866 3727 2928 3779 τὸ
2976 3726 3234 3780 δύνασθαι
3278 3728 3579 3793 ζωοποιεῖν,
3611 3729 3735 3783 ὅσον

2155 3816 2289 3891 ἧκεν
2324 3822 2401 3882 είς
2441 3819 2576 3871 ίδίαν
2618 3819 2819 3887 φύσιν;

2230 3911 2290 3966 Β.
2346 3911 2587 3979 Ἀληθές.

2229 4007 2293 4057 Δ.
2338 4004 2461 4067 Πῶς
2490 4000 2602 4068 οῦν,
2640 4006 2760 4058 είπέ
2804 4022 2910 4076 μοι,
2944 4004 3201 4068 ζωοποιὸς
3232 4006 3261 4075 ἡ
3301 4003 3469 4075 stipi;
3513 4006 3581 4058 Ἢ
3618 4004 3730 4068 πῶς

2156 4094 2222 4150 ἂν
2248 4100 2418 4151 νοοῖτο
2446 4097 2541 4150 καὶ
2583 4096 2642 4162 ἐξ
2669 4097 2896 4169 οὐρανοῦ
2924 4096 2983 4150 τὸ
3006 4096 3114 4150 ἀπὸ
3142 4097 3239 4165 τῆς
3277 4097 3415 4167 γῆς;

2227 4279 2285 4331 Β.
2327 4278 2461 4331 Καθ’
2482 4278 2695 4340 ἕνωσιν,
2724 4272 2895 4346 οἶμαι,
2918 4277 3013 4346 τὴν
3046 4275 3179 4347 πρὸς
3212 4277 3301 4329 τὸν
3335 4274 3511 4340 ζῶντά
3549 4294 3606 4331 τε
3642 4278 3732 4331 καὶ

2154 4370 2442 4441 οὐρανόθεν
2486 4370 2678 4438 Λόγον.
3282 4434 3287 4439 _

2224 4464 2288 4520 Δ.
2326 4459 2694 4532 Πεφρονηκὼς
2742 4459 2850 4513 ἴσθι
2880 4461 2949 4514 τὰ
2983 4460 3102 4514 λίαν
3124 4460 3279 4531 ὀρθὰ,
3312 4460 3538 4523 καὶτοῖς
3570 4461 3730 4531 lepor;

2155 4554 2519 4626 συμϐαίνοντα
2562 4552 2758 4620 λόγοις.
2810 4551 2908 4621 Εῐη
2965 4552 3072 4621 γὰρ
3123 4552 3190 4605 ἂν
3238 4552 3335 4621 οὐχ
3383 4551 3603 4622 ἑτέρως,
3641 4554 3733 4605 καὶ

477 4636 685 4693 ratione
726 4637 1043 4706 divinitatis,
1073 4647 1127 4695 et
1163 4657 1284 4696 cum
1335 4657 1439 4696 non
1492 4643 1699 4712 absque
1752 4658 1917 4698 carne
1967 4645 2047 4697 in-

2156 4645 2481 4717 δημιουργὸς
2520 4644 2735 4707 θεῐκῶς,
2774 4644 2866 4697 καὶ
2898 4645 2985 4696 ὅτε
3020 4644 3093 4714 μὴ
3126 4642 3248 4713 δίχα
3294 4646 3464 4697 νοοῖτο
3512 4645 3728 4714 σαρκός.

476 4728 749 4798 telligitur.
782 4729 914 4785 Nam
937 4740 990 4787 et
1032 4732 1243 4787 divinus
1277 4733 1469 4789 Paulus
1504 4752 1598 4803 pru
1642 4736 1741 4790 hac
1778 4736 2043 4789 sententia

475 4818 626 4884 facit,
678 4820 749 4874 ita
804 4823 1099 4877 scribens:
1177 4843 1194 4876 ι
1264 4824 1479 4881 Gratias
1543 4836 1763 4895 agentes
1824 4827 1934 4881 Deo
1983 4842 2047 4882 ac

475 4911 645 4975 Patri,
685 4913 773 4983 qui
800 4914 988 4985 dignos
1036 4931 1132 4971 nos
1158 4917 1283 4971 fecit
1316 4919 1367 4971 in
1398 4927 1607 4988 partem
1636 4920 1797 4974 sortis
1833 4930 2048 4975 sancto-

476 5016 619 5065 rum,
653 5002 704 5057 in
736 5004 957 5059 lumine.
988 5000 1088 5073 Qui
1119 5009 1317 5077 eripuit
1347 5025 1443 5063 nos
1479 5011 1543 5063 de
1588 5020 1860 5078 potestate
1896 5020 2047 5065 tene-

476 5094 718 5161 brarum,
785 5105 839 5149 et
891 5099 1167 5154 transtulit
1196 5101 1247 5153 in
1294 5115 1517 5170 regnum
1572 5101 1693 5157 Filii
1747 5104 2050 5159 dilectionis

472 5200 604 5241 sum.
662 5186 720 5241 in
756 5203 861 5258 quo
902 5189 1158 5247 habemus
1190 5192 1632 5263 redemptionem,
1679 5203 1733 5249 et
1778 5196 2050 5249 remissio-

474 5294 595 5333 nem
650 5291 996 5347 peccatorum
1039 5299 1054 5337 :
1091 5284 1181 5352 qui
1234 5294 1318 5339 est
1359 5287 1534 5355 imago
1594 5285 1687 5341 Dei
1738 5287 2047 5351 invisibilis,

474 5371 863 5441 primogenitus
910 5375 1085 5430 omnis
1144 5388 1425 5432 creaturae.
1481 5379 1749 5445 Quoniam
1806 5379 1856 5433 in
1933 5380 2049 5448 ipso

474 5464 690 5518 condita
719 5474 843 5519 sunt
878 5468 1149 5533 universa,
1180 5470 1230 5522 in
1265 5471 1414 5525 cmlis
1434 5482 1487 5524 et
1524 5473 1573 5523 iu
1608 5481 1773 5537 terra,
1813 5471 2043 5525 visibilia

474 5562 531 5607 ct
566 5555 876 5622 invisibilia,
916 5559 1030 5613 sive
1057 5559 1278 5623 Tlironi,
1319 5562 1432 5616 sive
1467 5562 1895 5627 Dominatioues,
1931 5563 2047 5619 sive

547 5749 568 5781 ·
590 5751 845 5829 loan_.__vi,
868 5760 954 5825 52,
987 5760 1074 5815 σε.
1152 5763 1171 5793 ν
1199 5762 1325 5817 una.
1361 5764 1446 5829 δι,
1480 5764 1561 5818 52.

484 5838 556 5887 τι,
589 5823 675 5889 62,
700 5825 787 5879 65.

1648 5765 1686 5796 '°
1721 5764 1849 5820 ibivl.
1888 5765 1975 5822 57.
2007 5764 2094 5819 58.
2176 5766 2211 5796 ¹¹
2243 5763 2370 5818 Luc.
2408 5778 2441 5824 l,
2474 5761 2559 5813 51.

2156 4738 2507 4807 Συλλήπτορα
2537 4737 2593 4788 δὲ
2631 4736 2725 4789 τοῦ
2768 4736 2929 4803 λόγου
2967 4736 3258 4806 ποιήσομαι
3294 4736 3455 4789 πάλιν
3499 4736 3595 4788 ὡδὶ
3643 4754 3731 4804 γει

2155 4831 2403 4901 γραφὸτα
2452 4830 2543 4882 τὸν
2590 4828 2876 4882 θεσπέσιον
2910 4828 3155 4881 Παῦλον·
3199 4847 3216 4879 ι
3274 4829 3731 4899 Εὑμριστοῦντες

2152 4922 2230 4992 τῷ
2262 4924 2381 4993 Θεῷ
2419 4922 2513 4976 καὶ
2542 4924 2738 4991 Πατρὶ,
2770 4922 2847 4991 τῷ
2883 4921 3205 4975 ἱκανώσαντι
3238 4923 3383 4991 ἡμᾶς
3410 4924 3487 4986 είς
3512 4923 3608 4992 τὴν
3639 4941 3731 4993 με·

2156 5016 2274 5087 ρίδα
2303 5015 2399 5067 τοῦ
2432 5014 2632 5085 κλήρου
2660 5015 2767 5067 τῶν
2799 5014 2966 5081 ἁγίων
2997 5014 3053 5066 ὲν
3081 5012 3159 5082 τῷ
3185 5016 3342 5083 φωτὶ,
3373 5014 3430 5075 ὃς
3462 5016 3729 5085 ἐρρύσατο

2152 5110 2301 5179 ἡμᾶς
2336 5108 2398 5159 ὲκ
2433 5108 2529 5175 τῆς
2572 5105 2819 5170 ἐξουσίας
2851 5104 2944 5158 τοῦ
2990 5104 3235 5168 σκότους,
3272 5106 3365 5159 καὶ
3400 5107 3727 5176 μετέστησεν

2154 5200 2232 5261 είς
2260 5198 2357 5267 τὴν
2390 5196 2665 5267 βασιλείαν
2697 5194 2790 5248 τοῦ
2838 5194 2967 5247 Υίοῦ
3000 5195 3098 5264 τῆς
3132 5196 3349 5264 ἀγάπης
3383 5196 3569 5258 αὐτοῦ,
3601 5198 3657 5251 ἐν
3686 5192 3731 5263 ᾧ

2153 5289 2349 5359 ἔχομεν
2376 5286 2473 5357 τὴν
2504 5286 2897 5358 ἀπολύτρωσιν,
2928 5285 3023 5357 τὴν
3053 5284 3245 5353 ἄρεσιν
3273 5287 3381 5339 τῶν
3421 5288 3726 5358 ἁμαρτιῶν,

2153 5382 2210 5443 ὃς
2246 5383 2391 5433 ἐστιν
2425 5368 2586 5431 εἰκὼν
2633 5376 2725 5430 τοῦ
2758 5376 2895 5430 Θεοῦ
2939 5376 3029 5428 τοῦ
3080 5377 3333 5447 ἀοράτου,
3389 5380 3729 5449 πρωτότοκος

2154 5474 2335 5539 πάσης
2380 5470 2628 5532 κτίσεως,
2664 5470 2747 5522 ὅτι
2780 5470 2838 5522 ἐν
2871 5468 3019 5538 αὐτῷ
3062 5470 3283 5539 ἐκτίσθη
3326 5470 3394 5522 τά
3429 5470 3627 5528 πάντα.
3661 5474 3727 5525 τά

2153 5579 2209 5615 τε
2258 5563 2313 5614 ἐν
2353 5563 2462 5622 τοῖς
2496 5562 2740 5631 οὐρανοῖς
2770 5562 2864 5617 καὶ
2896 5562 2961 5615 τὰ
2996 5561 3085 5613 ἐπὶ
3138 5563 3234 5630 τῆς
3283 5565 3405 5630 γῆς,
3441 5563 3506 5614 τὰ
3555 5565 3725 5632 ὁρατὰ

2680 5759 2892 5815 “.luan.
2944 5776 3019 5822 ill,
3060 5763 3111 5827 0,
3157 5761 3238 5829 l‘l,
3298 5763 3376 5817 l3.
3498 5761 3720 5819 “Joau.
