4036 6336
329 418 466 474 12ιὸ

1436 415 1522 470 DE
1566 412 2076 472 INCARNATIONE
2115 409 2491 470 UNIGENITI.

3476 397 3622 454 {2W

327 541 422 592 καί
469 539 533 592 τά
583 537 808 608 ἀόρατα,
838 537 946 592 εἴτε
980 538 1192 610 Θρόνοι,
1233 537 1340 590 εἴτε
1394 537 1754 609 κυριότητες,
1806 537 1906 591 εἴτε

2022 536 2386 605 Principatus,
2426 529 2542 585 sive
2599 526 2929 586 Petestates,
2980 516 3164 574 omnia
3204 529 3302 587 per
3359 514 3534 584 ipsum
3563 522 3616 567 et

326 630 538 700 Ἀρχαὶ,
562 632 668 683 εἴτε
682 629 972 696 Ἐξουσίαι,
999 633 1066 684 τὰ
1098 630 1277 684 πάντα.
1300 630 1367 683 δι’
1400 630 1566 683 αὐτοῦ
1593 633 1684 684 καὶ
1712 633 1791 693 εἰς
1817 630 1912 684 αὐ-

322 723 414 775 τὸν
441 723 706 785 ἔκτισται,
745 723 838 776 καὶ
889 724 1049 787 αὐτός
1090 724 1206 776 ἐστι
1255 723 1363 793 πρὸ
1411 724 1650 788 πάντων,
1706 722 1798 775 καὶ
1841 722 1912 774 τὰ

326 815 506 866 πάντα
532 815 587 865 ὲν
617 812 764 884 αὐτῷ
794 815 1108 884 συνέστηκε,
1140 815 1236 866 καὶ
1265 813 1427 875 αὑτός
1458 814 1606 866 ἐστιν
1633 815 1664 883 ὴ
1701 810 1910 881 κεφαλὴ

324 905 418 958 τοῦ
454 903 704 974 σώματος
762 907 862 976 τῆς
902 905 1250 975 Ἐκκλησίας,
1285 907 1344 968 ὃς
1376 906 1524 958 ἐστιν
1559 905 1724 976 ἁρχὴ,
1754 921 1909 972 πρω-

321 997 540 1056 τότοκος
574 997 636 1049 ὲκ
666 997 773 1051 τῶν
808 996 1040 1066 νεκρῶν,
1075 997 1161 1050 ἵνα
1194 997 1418 1066 γένηται
1459 998 1516 1048 ὲν
1552 998 1717 1048 πᾶσιν
1747 995 1911 1058 αὐτὸς

323 1088 642 1156 πρωτεύων,
691 1089 772 1140 ὅτι
804 1089 860 1140 ἐν
894 1088 1042 1158 αὐτῷ
1077 1088 1347 1157 ηὑδόκησε
1396 1089 1502 1140 πᾶν
1529 1088 1590 1138 τὸ
1632 1087 1908 1157 πλήρωμα

318 1179 387 1229 δι’
423 1178 586 1230 αὐτοῦ
636 1181 979 1248 κατοικῆσαι,
1031 1179 1125 1232 καὶ
1159 1179 1224 1232 δι’
1254 1177 1420 1232 αὑτοῦ
1464 1175 1910 1240 ἀποκαταλλάξαι

319 1269 387 1322 τὰ
418 1269 592 1323 πάντα
628 1272 706 1332 εἰς
749 1271 932 1335 αὑτὸν,
967 1272 1388 1341 εἰρηνοποιήσας
1420 1269 1508 1322 διὰ
1548 1268 1642 1321 τοῦ
1674 1269 1906 1338 αἵματος

319 1360 414 1413 τοῦ
452 1360 680 1432 σταυροῦ
712 1361 900 1425 αὐτοῦ,
936 1363 1044 1414 εἴτε
1071 1361 1140 1414 τὰ
1173 1362 1264 1414 ἐπὶ
1291 1360 1392 1429 τῆς
1414 1352 1556 1429 ⁸γῆςξ
1601 1358 1710 1411 εἴτε
1740 1358 1811 1410 τὰ
1849 1359 1904 1409 ὲν

317 1454 431 1514 τοῖς
461 1452 724 1520 οὐρανοῖς.
762 1470 779 1502 ι
830 1452 960 1504 Ἰδοὺ
991 1451 1054 1521 δὴ
1086 1452 1246 1504 πάλιν
1300 1449 1603 1518 ἀναφανδὸν
1635 1450 1700 1501 δι’
1736 1447 1902 1501 αὑτοῦ

319 1559 452 1611 φησι
506 1544 596 1594 καὶ
630 1543 708 1606 εἰς
734 1543 895 1594 αὐτὸν
926 1543 1170 1595 ἐκτίσθαι
1198 1541 1264 1595 τὰ
1294 1541 1507 1595 πάνταο
1540 1541 1633 1592 καὶ
1670 1538 1795 1609 μὴν,
1823 1539 1905 1591 ὅτι

317 1634 424 1700 πρὸ
467 1631 682 1684 πάντων
715 1633 853 1697 ἐστὶ,
899 1633 992 1684 καὶ
1037 1633 1120 1684 ὅτι
1150 1631 1219 1686 τὰ
1251 1631 1427 1684 πάντα
1470 1631 1801 1698 συνέστηκεν
1847 1630 1904 1680 ἐν

317 1719 493 1790 αὐτῷ·
531 1723 622 1774 καὶ
652 1722 812 1773 αὑτὸν
840 1716 976 1775 εἷναί
1025 1739 1155 1791 φησι
1203 1721 1547 1791 πρωτότοκον
1579 1720 1642 1771 ὲκ
1671 1715 1900 1788 νεκρῶν,

315 1813 808 1881 εἰρηνοποιήσαντα
855 1812 943 1865 διὰ
993 1812 1082 1865 τοῦ
1138 1813 1368 1883 αἵματος
1423 1810 1611 1875 αὑτοῦ,
1637 1810 1706 1864 τά
1735 1826 1795 1862 τε
1844 1810 1901 1861 ὲν

2025 631 2078 683 in
2105 628 2223 698 ipso
2246 633 2431 681 creata
2465 629 2613 677 sunt.
2644 619 2712 675 Et
2741 617 2854 686 ipse
2889 626 2974 672 est
3009 621 3135 669 ante
3178 625 3390 674 omnes,
3415 617 3469 662 et
3495 620 3618 662 om-

2019 697 2134 776 nia
2168 720 2220 772 in
2279 716 2405 786 ipso
2437 719 2714 769 constant.
2747 708 2810 764 Et
2847 708 2960 776 ipse
3013 713 3097 762 est
3149 709 3312 771 caput
3365 697 3616 766 corporis

2015 806 2292 870 Ecclesiae,
2320 803 2409 873 qui
2439 811 2522 856 est
2548 796 2901 871 principium,
2927 792 3322 866 primogenitus
3357 787 3521 858 709
3541 800 3608 840 ex

2017 899 2273 961 mortuis,
2319 906 2378 950 ut
2402 895 2475 950 sit
2523 895 2578 946 in
2618 890 2874 947 omnibus
2913 890 3028 958 ipse
3065 887 3359 956 primatum
3392 889 3613 934 tenens.

2014 993 2148 1060 Quia
2177 991 2229 1045 in
2263 991 2377 1060 ipso
2398 985 2726 1056 complacuit
2751 997 2966 1036 omnem
2999 977 3387 1050 plenitudinem
3425 971 3615 1024 divini.

2013 1083 2142 1138 tatis
2175 1081 2500 1142 inhabitare,
2548 1088 2602 1131 et
2650 1090 2746 1146 per
2771 1089 2893 1127 eum
2947 1067 3287 1126 reconciliari
3328 1062 3510 1118 omnia
3557 1061 3613 1114 in

2013 1175 2148 1241 ipso,
2187 1170 2566 1241 paciﬁcantem
2619 1181 2717 1237 per
2773 1162 3091 1232 sanguinem
3125 1158 3303 1212 crucis
3347 1155 3464 1222 ejus
3499 1152 3616 1206 sive

2010 1279 2131 1333 qua:
2173 1263 2224 1316 in
2278 1258 2460 1324 terris,
2522 1259 2636 1313 sive
2697 1272 2818 1326 qua:
2866 1256 2917 1308 in
2944 1252 3100 1309 caelis
3153 1258 3281 1303 sunt
3312 1246 3376 1299 ”.
3419 1265 3438 1295 ι
3474 1242 3615 1296 Ecce

2010 1369 2170 1424 quam
2206 1361 2391 1422 aperte
2423 1351 2586 1409 dicat.
2616 1363 2713 1420 per
2743 1349 2920 1416 ipsum
2951 1355 3006 1399 et
3040 1343 3093 1396 in
3127 1344 3244 1410 ipso
3276 1346 3456 1392 creata
3492 1347 3616 1389 esse

2009 1446 2187 1502 omnia
2221 1462 2235 1498 :
2263 1443 2514 1514 quodque
2537 1453 2662 1495 ante
2689 1452 2884 1495 omnes
2906 1437 2997 1501 sit,
3023 1443 3077 1489 et
3105 1432 3249 1502 quod
3269 1429 3449 1484 omnia
3484 1442 3614 1480 con-

2008 1543 2155 1592 stant
2191 1535 2243 1590 in
2275 1533 2410 1602 ipso.
2447 1531 2717 1588 Praeterea
2765 1528 2897 1584 dicit
2925 1527 3099 1596 ipsum
3135 1537 3256 1577 esse
3279 1517 3613 1590 primogeni-

2009 1638 2119 1682 tum
2153 1642 2218 1681 εκ
2263 1626 2515 1686 mortuis,
2552 1622 2801 1692 quodque
2838 1616 3144 1689 paciﬁcarit
3179 1628 3274 1684 per
3292 1611 3610 1679 sanguinem

2009 1734 2166 1774 suum
2216 1730 2551 1787 quaecunque
2580 1714 2634 1767 in
2664 1710 2819 1767 cadis
2859 1716 3008 1771 sunt,
3061 1715 3116 1759 et
3167 1715 3502 1774 quaecunque
3558 1701 3612 1752 in

2011 1810 2191 1864 terris.
2255 1808 2418 1877 Atqui
2468 1806 2589 1876 quis
2647 1813 2734 1858 est
2789 1800 3184 1873 primogenitus
3241 1811 3308 1849 ex
3355 1793 3608 1852 mortuis,

313 1907 425 1965 τοῖς
453 1904 720 1973 οὐρανοῖς,
755 1907 848 1958 καὶ
881 1905 949 1958 τὰ
980 1908 1070 1958 ἐπὶ
1095 1907 1192 1975 τῆς
1223 1907 1346 1975 γῆς.
1383 1901 1516 1958 Εἶτα
1542 1904 1624 1966 τίς
1655 1905 1682 1956 6
1722 1905 1784 1955 ὲκ
1816 1917 1901 1955 νε-

2015 1903 2115 1956 nisi
2170 1901 2418 1955 Christus
2448 1897 2626 1961 Jesus,
2664 1896 2768 1950 hoc
2814 1903 2918 1960 est,
2981 1891 3217 1946 Verbum
3269 1889 3325 1942 in
3358 1900 3524 1940 carne
3557 1895 3612 1938 et

315 1993 465 2062 κρῶν
491 1996 856 2063 πρωτότοκος,
888 1998 936 2048 εἱ
965 1998 1039 2066 μὴ
1073 1996 1304 2066 Χριστὸς
1344 1993 1572 2065 Ἰησοῦς,
1602 1994 1902 2055 τουτέστιν,

315 2083 374 2135 ιν
411 2084 576 2152 σαρκὶ
609 2084 704 2136 καὶ
754 2085 891 2154 μετὰ
941 2085 1144 2156 σαρκὸς
1192 2087 1220 2138 6
1252 2087 1458 2152 Λόγος;
1518 2084 1559 2136 Τ
1564 2083 1749 2152 εθναίη
1797 2081 1904 2152 γὰρ

313 2174 381 2227 ἂν
409 2174 525 2226 οῦτι
556 2193 656 2228 που
683 2176 816 2238 Θεὸς
845 2176 918 2229 ὢν
945 2180 972 2229 6
1001 2178 1191 2244 Λόγος,
1225 2177 1330 2230 οὐδ’
1356 2176 1421 2229 ἂν
1447 2178 1617 2229 νοοῖτο
1639 2175 1748 2226 τῶν
1771 2173 1906 2226 ὅλων

312 2263 646 2336 δημιουργὸς
687 2267 808 2319 καθ’
857 2270 1006 2339 ἡμᾶς
1048 2267 1123 2320 ὢν
1176 2268 1484 2338 ἅνθρωπος,
1534 2270 1581 2318 εἰ
1632 2265 1706 2337 μὴ
1755 2265 1906 2334 δεδη-

315 2356 620 2427 μιούργηκε
675 2359 774 2427 μὲν
823 2360 898 2423 ὡς
944 2360 1095 2422 Θεὸς.
1144 2361 1239 2412 καὶ
1291 2363 1338 2412 εἰ
1397 2361 1471 2428 μὴ
1519 2360 1641 2428 δίχα
1699 2357 1908 2428 σαρκὸς

313 2450 486 2499 νοοῖτο
523 2448 663 2517 μετὰ
696 2448 792 2519 τὴν
827 2450 1042 2503 ἕνωσιν.
1078 2451 1428 2520 Πρωτότοκος
1476 2452 1531 2504 δὲ
1577 2451 1670 2503 καὶ
1712 2452 1774 2503 ὲκ
1819 2468 1908 2502 νε-

315 2535 484 2603 κρῶν,
537 2537 671 2590 καθὸ
712 2541 952 2609 πέφηνεν
1004 2541 1310 2610 ἄνθρωπος,
1366 2541 1466 2593 οῦκ
1518 2540 1809 2593 ἀποϐαλὼν
1847 2541 1909 2593 τὸ

311 2623 451 2680 εἶναι
497 2627 651 2694 Θεὸς,
701 2630 788 2684 διὰ
818 2630 919 2701 τὴν
963 2631 1396 2702 ὲνανθρώπησιν.
1445 2633 1558 2685 Οἴει
1605 2649 1658 2685 τι
1710 2633 1908 2703 χρῆναι

311 2716 520 2782 τούτοις
552 2722 812 2791 ἐπιτιμᾷν
838 2739 852 2786 ;

385 2833 444 2888 Β.
487 2834 611 2887 Οὐδ’
645 2834 970 2890 ὁπωστιοῦν.

382 2949 446 3001 Λ.
492 2945 648 3011 Ἴδοις
688 2948 734 3000 δ’
763 2947 828 3001 ἂν
859 2948 952 3001 καὶ
982 2949 1211 3018 ἑτέρωθι
1244 2949 1332 3003 διὰ
1375 2950 1483 3003 τῶν
1517 2949 1696 3004 αὐτῶν
1732 2952 1912 3015 ἰόντας

309 3038 486 3108 λόγων
515 3039 638 3102 τοὺς
669 3041 1165 3119 πνευματοφόρονς.
1212 3043 1463 3111 Ἰωάννης
1497 3044 1593 3113 μὲν
1621 3046 1750 3114 γὰρ,
1781 3064 1798 3095 ι
1825 3045 1912 3096 Ἐν

311 3131 476 3201 ἀρχῇ,
509 3132 697 3201 φησιν,
730 3133 757 3183 6
799 3133 971 3199 Λόγος
1002 3128 1089 3202 ἦν,
1129 3134 1223 3186 καὶ
1263 3136 1290 3186 6
1332 3134 1504 3202 Λόγος
1551 3131 1619 3206 ἦν
1653 3136 1791 3205 πρὸς
1820 3135 1912 3186 τὸν

2007 2010 2129 2048 cum
2158 2008 2323 2046 carne
2346 1991 2368 2044 ?
2393 1990 2579 2058 Neque
2608 1989 2753 2043 enim
2804 1986 2943 2040 mori
2974 1992 3140 2054 queat
3171 1981 3313 2034 Deus
3341 1979 3612 2032 exsistens

2011 2085 2246 2138 Verbum
2285 2102 2298 2137 :
2338 2097 2512 2150 neque
2553 2087 2770 2133 creator
2799 2078 2965 2131 totius
3004 2072 3244 2129 utiiversi
3279 2068 3382 2124 dici
3440 2067 3613 2135 possit

2010 2173 2173 2228 homo
2204 2173 2372 2226 nostri
2403 2169 2620 2232 similis,
2655 2169 2757 2223 nisi
2782 2165 3052 2222 creaverit
3087 2162 3328 2232 quidem,
3361 2169 3417 2208 ut
3445 2156 3605 2220 Deus,

2012 2265 2229 2321 tametsi
2256 2281 2360 2319 non
2414 2263 2620 2330 absque
2644 2275 2806 2314 carne
2856 2257 3081 2325 intelligi
3115 2261 3308 2325 potest,
3337 2259 3458 2319 post
3485 2247 3611 2301 uni-

2015 2368 2199 2412 tatem.
2238 2355 2634 2422 Primogenitus
2659 2367 2788 2406 vero
2826 2366 2890 2406 ex
2945 2349 3178 2404 mortuis
3199 2353 3304 2408 est,
3341 2351 3612 2412 quatenus

2012 2448 2262 2517 apparuit
2285 2447 2468 2505 homo,
2503 2443 2715 2497 tametsi
2741 2450 2962 2510 propter
3011 2433 3445 2491 incarnationem
3504 2445 3611 2484 nett

2012 2537 2233 2591 desierit
2270 2551 2392 2589 esse
2441 2532 2605 2589 Deus.
2670 2531 2965 2586 Videturne
3022 2525 3117 2581 tibi
3169 2522 3373 2593 aliquid
3422 2520 3476 2596 in
3521 2518 3610 2573 Itis

2013 2624 2518 2693 reprehendemlum

2085 2830 2144 2884 Β.
2179 2827 2552 2896 Nequaquam.

2085 2943 2152 2997 A.
2192 2941 2300 2995 Sed
2333 2949 2390 2995 et
2421 2939 2545 2993 alibi
2573 2940 2676 2992 hoc
2708 2937 2882 3006 ipsum
2919 2941 3227 2989 asserentes
3279 2929 3463 2984 videas
3517 2941 3615 2984 eos

2015 3035 2106 3103 qui
2139 3035 2321 3088 divino
2371 3033 2578 3101 Spiritu
2625 3030 2789 3084 afﬂati
2840 3027 3083 3082 fuerunt.
3136 3024 3374 3079 Joannes
3423 3021 3610 3076 enim:

2023 3144 2040 3175 ι
2086 3125 2139 3177 In
2163 3122 2447 3194 principio,
2487 3122 2680 3190 inquit,
2705 3130 2825 3175 erat
2849 3117 3106 3179 Verbum,
3142 3126 3195 3170 et
3229 3114 3461 3168 Verbum
3495 3121 3615 3165 erat

311 3223 464 3288 Θεὸν,
513 3225 606 3277 καὶ
641 3224 773 3287 Θεὸς
801 3220 867 3293 ἦν
901 3227 928 3276 6
963 3225 1154 3292 Λόγος.
1203 3220 1372 3290 Οὗτος
1402 3228 1469 3298 ἦν
1507 3204 1585 3279 ἐν-
1607 3204 1748 3298 ἀρχῇ
1779 3227 1906 3298 πρὸς

2019 3217 2158 3283 apud
2196 3214 2383 3276 Deum,
2445 3222 2500 3267 et
2545 3213 2687 3266 Deus
2731 3219 2851 3265 erat
2908 3207 3160 3263 Verbum.
3220 3204 3334 3260 lloc
3388 3214 3508 3259 erat
3558 3205 3612 3257 in

310 3314 404 3366 τὸν
440 3313 592 3368 Θεόν.
623 3315 808 3367 Πάντα
850 3313 916 3366 δι’
955 3315 1119 3368 αὐτοῦ
1150 3315 1386 3384 ἐγένετο,
1420 3318 1514 3369 καὶ
1543 3318 1710 3387 χωρὶς
1747 3315 1912 3368 αὑτοῦ

314 3403 528 3472 ἐγένετο
585 3404 706 3457 οὐδὲ
732 3403 808 3456 ἓν.
845 3424 863 3456 ι
898 3405 1107 3467 Παῦλος
1131 3404 1187 3456 δὲ
1215 3401 1306 3460 αὖ·
1344 3401 1467 3468 «Εἷς
1491 3405 1620 3469 Θεὸς
1644 3407 1672 3458 6
1702 3405 1913 3476 Πατὴρ,

312 3495 372 3558 ἐξ
403 3490 460 3548 οὗ
495 3496 562 3548 τὰ
596 3495 772 3549 πάντα
795 3513 808 3524 ·
842 3492 922 3559 εἷς
961 3494 1164 3567 Κύριος
1210 3497 1415 3566 Ἰησοῦς
1452 3497 1704 3565 Χριστὸς,
1742 3497 1810 3549 δι’
1853 3488 1914 3547 οὗ

312 3592 382 3642 τὰ
416 3590 614 3642 πάντα.
645 3607 662 3640 ι
711 3588 853 3640 Ἀλλ’
881 3590 1038 3659 εἴπερ
1078 3585 1146 3659 ἦν
1188 3590 1249 3642 τὸ
1297 3589 1632 3658 μεσολαϐοῦν
1680 3589 1819 3659 μετὰ
1853 3587 1915 3640 τὸ

313 3680 554 3752 ἡνῶσθαι
591 3682 752 3751 σαρκὶ
789 3683 879 3734 τὸν
927 3682 1112 3749 Λόγον,
1159 3681 1251 3734 καὶ
1282 3683 1361 3743 εἰς
1396 3682 1691 3751 ἑτερότητα
1739 3697 1912 3734 κατα-

314 3773 579 3844 διαιροῦν,
598 3773 694 3844 τὴν
719 3773 794 3837 ὡς
813 3774 944 3826 υἱῶν
969 3773 1134 3826 δυάδα
1157 3775 1319 3843 φημὶ,
1347 3774 1489 3827 κατὰ
1510 3774 1570 3826 τὸ
1596 3775 1676 3826 σοὶ
1696 3773 1909 3838 δοκοῦν,

319 3866 434 3930 πῶς
469 3867 534 3919 ἂν
565 3866 786 3934 ἐκτίσθη
815 3866 883 3918 τὰ
912 3866 1087 3919 πάντα
1109 3865 1198 3918 διὰ
1236 3865 1410 3936 Ἰησοῦ
1432 3865 1667 3937 Χριστοῦ
1695 3883 1709 3931 ;
1751 3865 1910 3918 ’Λλλὰ

321 3957 426 4027 μὴν
459 3956 680 4027 ἐκτίσθη
716 3957 781 4010 δι’
827 3958 991 4012 αὑτοῦ
1023 3957 1088 4011 τὰ
1137 3959 1337 4012 πάντα.
1374 3957 1649 4028 Πρόδηλον
1705 3953 1798 4012 οὖν
1828 3960 1910 4011 ὄτι

315 4049 383 4100 τὰ
416 4047 576 4117 φύσει
605 4065 663 4100 τε
693 4048 785 4100 καὶ
815 4047 997 4112 ἰδικῶς
1042 4049 1418 4120 ἐνυπάρχοντα
1463 4049 1541 4120 τῷ
1582 4051 1646 4102 ἐκ
1695 4051 1910 4121 Πατρὸς

315 4139 427 4192 ὕντι
478 4141 658 4209 Λόγῳ,
706 4141 1002 4211 τετήρηται
1061 4142 1222 4194 πάλιν
1266 4141 1413 4212 αὐτῷ
1457 4143 1551 4196 καὶ
1591 4143 1678 4195 ὅτε
1719 4144 1909 4211 γέγονε

319 4233 476 4303 σάρξ.
516 4232 842 4301 Ἐπισφαλὲς
869 4228 960 4285 οὖν
989 4232 1118 4302 ἄρα,
1146 4233 1207 4286 τὸ
1236 4233 1546 4305 διατέμνειν
1568 4234 1903 4305 ἀποτολμᾷν.

317 4319 410 4388 Εἷς
435 4324 544 4396 γάρ
577 4325 778 4396 Κύριος
839 4325 1044 4394 Ἰησοῦς
1083 4325 1337 4396 Χριστὸς,
1389 4328 1483 4380 καὶ
1525 4327 1590 4380 δι’
1624 4327 1789 4382 αὑτοῦ
1836 4327 1908 4382 τὰ

318 4417 493 4472 πάντα
527 4418 998 4490 δεδημιούργηκεν
1025 4419 1052 4470 ὁ
1082 4419 1294 4490 Πατήρ.

385 4712 444 4766 B.
493 4709 734 4780 Ἀληθές.

382 4826 446 4877 Α.
479 4823 637 4878 ’Ἐστι
683 4822 969 4892 τοιγαροῦν
1020 4823 1115 4876 καὶ
1164 4821 1517 4893 δημιουργὸς,
1560 4822 1779 4889 θεῖκῶς,
1810 4825 1903 4877 καὶ

313 4917 595 4983 ζωοποιδς,
640 4916 713 4977 ὡς
757 4914 891 4985 ζωὴ,
935 4915 1355 4988 ὲνανθρωπξνως
1406 4916 1462 4968 δὲ
1534 4912 1600 4970 αὖ
1650 4919 1742 4970 καὶ
1791 4921 1906 4979 τοῖς

310 5012 450 5082 ὑπὲρ
505 5009 791 5080 ἄνθρωπον
855 5007 1141 5078 ἰδιώμασιν
1206 5010 1286 5072 εἰς
1337 5009 1394 5062 ἓν
1457 5027 1508 5063 τι
1573 5010 1634 5063 τὸ
1694 5009 1897 5081 μεταξὺ

317 5102 686 5171 σδγκείμενος.
715 5102 958 5172 Μεσίτης
987 5101 1092 5171 γάρ
1122 5102 1235 5154 ἐστι
1273 5101 1408 5155 Θεοῦ
1437 5103 1531 5156 καὶ
1573 5104 1896 5175 ἀνθρώπων,

309 5194 451 5247 κατὰ
475 5192 574 5254 τὰς
610 5191 857 5263 Γραφᾶς,
905 5191 1066 5260 φύσει
1113 5193 1211 5262 μὲν
1239 5194 1498 5265 ὑπάρχων
1528 5195 1680 5259 Θεὸς,
1715 5196 1806 5249 καὶ
1837 5196 1897 5249 οὑ

303 5285 430 5356 δὶχα
467 5285 688 5357 σαρκὸς,
760 5285 1050 5356 ἄνθρωπος
1105 5287 1161 5339 δὲ
1209 5286 1444 5356 ἀληθῶς,
1494 5291 1586 5341 καὶ
1634 5290 1693 5341 οὐ
1744 5289 1900 5357 ψιλὸς

310 5379 433 5433 καθ’
465 5379 632 5448 ἡμᾶς,
693 5378 808 5430 ἀλλ’
868 5379 942 5430 ὢν
971 5380 1110 5448 ὅπερ
1153 5374 1240 5449 ἦν,
1279 5380 1372 5432 καὶ
1401 5382 1448 5433 εἰ
1497 5383 1694 5449 γέγονε
1742 5381 1898 5451 σάρξ.

316 5471 626 5541 Γέγραπται
689 5469 816 5540 γὰρ,
869 5471 951 5523 ὄτι
993 5489 1010 5522 ι
1075 5468 1276 5540 Ἰησοῦς
1345 5473 1580 5542 Χριστὸς
1633 5473 1758 5542 χθὲς
1811 5473 1903 5524 καὶ

312 5563 568 5627 σήμερον,
610 5558 824 5620 ὀαὺτὸς
873 5559 967 5612 καὶ
1028 5561 1108 5624 εἰς
1166 5561 1291 5625 τοὺς
1347 5563 1570 5625 αἰῶνας.
1609 5582 1624 5611 ι
1655 5559 1729 5615 Ἦ
1793 5565 1901 5632 γὰρ

307 5651 425 5721 ob“.
473 5651 562 5704 διὰ
611 5652 708 5722 τῆς
765 5652 927 5719 ἁγίας
955 5653 1233 5724 Παρθένου
1272 5655 1522 5725 τετέχθαι
1568 5656 1900 5726 πιστεύομεν

406 5852 653 5911 QCultu-:5.
689 5873 726 5914 ξ.

773 5856 954 5913 12-20.
1041 5857 1327 5914 "J01llt.l.
1373 5859 1484 5915 1-5.

1570 5862 1649 5917 ¹⁶Ι
1683 5863 1804 5919 Cur.
1839 5879 1955 5920 \‘ttt.
1988 5865 2039 5918 ti.

2020 3305 2286 3374 principio
2313 3306 2450 3374 apud
2483 3305 2672 3358 Deum.
2699 3302 2893 3358 Omnia
2923 3315 3020 3370 per
3054 3300 3231 3370 ipsum
3267 3298 3407 3352 facta
3461 3305 3610 3358 sunt,

2019 3407 2073 3453 et
2117 3398 2239 3453 sine
2289 3397 2406 3466 ipso
2436 3397 2640 3451 factum
2697 3404 2782 3451 est
2833 3393 2969 3447 nihil
2998 3395 3063 3446 ".
3108 3411 3128 3444 ι
3171 3390 3372 3446 Paulus
3425 3403 3557 3441 vero
3594 3405 3610 3442 :

2024 3508 2043 3541 ι
2087 3488 2264 3555 Unus,
2324 3490 2522 3558 inquit,
2562 3490 2708 3544 Deus
2751 3489 2933 3553 Pater,
2976 3502 3042 3541 ex
3078 3498 3186 3555 quo
3210 3481 3433 3546 omnia;
3471 3494 3613 3533 unus

2020 3581 2279 3637 Dominus
2332 3581 2493 3637 Jcsus
2548 3582 2824 3645 Christus,
2887 3595 2984 3650 per
3051 3593 3212 3648 quem
3272 3575 3454 3631 omnia
3481 3573 3546 3628 “.
3584 3591 3608 3627 ι

2016 3676 2182 3744 Atqui
2203 3677 2248 3731 si
2282 3686 2402 3731 erat
2431 3675 2636 3745 aliquid
2659 3675 3013 3739 discriminis,
3045 3681 3330 3744 postquam
3364 3669 3604 3724 Verbum

2018 3770 2226 3824 unitum
2256 3777 2341 3824 est
2390 3769 2566 3833 carni,
2620 3767 2874 3837 quodque
2931 3766 3079 3819 illum
3132 3765 3184 3818 in
3235 3761 3611 3818 diversitatem

2015 3864 2308 3932 quamdam
2341 3861 2562 3925 dividat,
2588 3860 2662 3914 ita
2701 3869 2757 3912 ut
2786 3857 3101 3913 dualitatem
3135 3856 3428 3926 quamdam
3466 3855 3610 3908 lilio-

2015 3971 2132 4009 rum
2157 3955 2474 4018 constituat,
2523 3954 2663 4008 sicut
2687 3952 2784 4005 tibi
2818 3952 3030 4005 videtur
3063 3966 3076 4004 :
3116 3949 3387 4014 quomodo
3424 3945 3607 4000 omnia

2011 4057 2195 4104 creata
2227 4057 2351 4101 sunt
2395 4061 2492 4116 per
2537 4044 2721 4100 Jesum
2754 4042 3030 4099 Christum
3060 4040 3272 4109 ?Atqni
3306 4037 3488 4092 omnia
3511 4050 3611 4106 per

2013 4140 2189 4211 ipsum
2218 4148 2403 4193 creata
2435 4147 2579 4192 sunt.
2606 4135 2950 4190 Manifestum
2985 4134 3148 4205 igitur
3179 4141 3262 4186 est
3295 4129 3440 4198 quod
3481 4143 3606 4196 quae

2011 4242 2205 4288 natura
2236 4241 2290 4286 et
2323 4229 2672 4299 peculiariter
2727 4228 2912 4281 insunt
2967 4225 3143 4280 Verbo
3174 4224 3317 4293 quod
3347 4236 3413 4276 ex
3443 4219 3610 4274 Patre

2010 4325 2274 4396 procedit,
2306 4333 2525 4378 manent
2551 4323 2713 4378 etiam
2743 4323 2796 4375 in
2821 4322 2940 4389 ipso
2973 4334 3098 4375 cum
3119 4318 3322 4372 factum
3348 4323 3433 4370 est
3457 4329 3608 4371 caro.

2008 4419 2382 4475 Periculosum
2439 4419 2623 4487 itaque
2683 4425 2767 4471 est
2823 4415 2936 4469 hzec
2973 4412 3162 4484 partiri
3208 4426 3273 4467 ac
3327 4422 3604 4479 separare.

2007 4511 2164 4571 Unus
2187 4513 2332 4568 enim
2365 4512 2630 4565 Dominus
2657 4507 2817 4564 Jesus
2852 4506 3124 4571 Christus,
3182 4514 3235 4560 et
3275 4516 3372 4573 per
3425 4500 3604 4572 ipsum

1937 4582 1985 4640 θ
2010 4607 2192 4662 omnia
2225 4605 2430 4660 creavit
2458 4603 2640 4659 Pater.

2082 4721 2143 4777 Β.
2175 4722 2248 4775 lla
2276 4730 2380 4775 est.

2081 4835 2148 4890 Λ.
2191 4833 2289 4888 Est
2344 4833 2510 4902 igitur
2549 4841 2603 4886 et
2647 4840 2884 4894 creator,
2921 4828 3226 4883 divinitatis
3286 4826 3607 4893 ratione;et

2010 4922 2314 4988 vivilicans,
2368 4931 2553 4991 utpote
2607 4923 2761 4975 vita:
2819 4919 3056 4974 butnana
3122 4929 3303 4972 autem
3363 4916 3607 4972 vicissim

2013 5015 2245 5077 ratione,
2291 5029 2355 5067 ex
2389 5013 2813 5083 proprietatibus
2866 5026 2986 5080 qua:
3022 5010 3294 5066 hominem
3329 5008 3606 5062 excedunt

2011 5104 2062 5158 in
2105 5120 2269 5158 unum
2305 5104 2431 5172 quid
2475 5103 2854 5157 intermedium
2901 5100 3254 5168 compositus.
3337 5096 3605 5152 Mediator

2009 5194 2153 5247 enim
2191 5203 2273 5246 est
2302 5193 2393 5247 Dei
2427 5200 2482 5246 et
2507 5193 2808 5256 hominum,
2851 5192 3148 5246 secundum
3182 5189 3498 5257 Scripturas
3531 5187 3601 5253 ⁸⁷,

2009 5296 2199 5340 natura
2234 5286 2451 5354 quidem
2485 5284 2761 5337 exsistens
2786 5281 2946 5344 Deus,
2973 5292 3026 5336 et
3053 5296 3158 5334 non
3182 5281 3388 5349 absque
3412 5293 3600 5342 carne,

2006 5378 2168 5432 homo
2203 5389 2382 5432 autem
2420 5392 2568 5443 vere,
2606 5392 2709 5431 non
2753 5376 2898 5430 unde
2945 5383 3109 5444 atque
3160 5373 3501 5440 simpliciter,
3539 5383 3603 5428 ut.

2006 5486 2124 5534 nos,
2155 5470 2247 5524 sed
2277 5469 2546 5524 exsistens
2591 5469 2642 5522 id
2676 5469 2818 5537 quod
2855 5477 2993 5533 erat,
3048 5464 3260 5519 etiamsi
3313 5463 3492 5518 factus
3531 5467 3602 5519 sit

2005 5578 2154 5617 caro.
2209 5562 2485 5632 Scriptum
2534 5569 2616 5616 est
2662 5564 2829 5625 enim,
2885 5559 3030 5629 quod
3074 5576 3093 5609 ι
3147 5555 3305 5612 Jesus
3347 5557 3601 5613 Christus

2005 5656 2118 5711 lteri
2158 5665 2211 5710 et
2243 5655 2449 5721 hodie;
2479 5653 2621 5709 idem
2667 5654 2782 5724 ipse
2831 5664 2885 5706 et
2936 5651 3102 5721 710
3147 5651 3201 5705 in
3241 5650 3436 5706 sarcula
3471 5649 3537 5706 ".
3569 5666 3597 5705 ο

2138 5863 2218 5917 ¹⁷Ι
2255 5861 2393 5918 Tim.
2431 5879 2488 5923 tt,
2520 5861 2571 5916 5.
2656 5860 2698 5888 ’⁸
2725 5851 2888 5916 "chr.
2925 5873 3043 5918 Xltl.
3077 5856 3125 5910 8.
