4036 6336
334 462 479 517 ἔξω

1436 460 1520 512 DE
1563 452 2085 513 INCARNATIOHE
2126 452 2500 509 UNICENITI.
2548 469 2557 475 ‘

3481 451 3502 504 i
3515 450 3621 505 350

329 580 392 631 τὸ
421 577 729 649 εμπροσθεν
762 578 839 639 είς
874 575 933 629 τὸ
960 576 1181 646 ἄμεινον
1221 577 1277 628 ὲν
1325 575 1472 649 δόξῃ,
1506 578 1644 630 κατά
1685 576 1775 629 τὸν
1803 577 1918 628 ἴσον

2038 574 2094 627 de
2128 572 2436 643 priestantia
2474 570 2659 640 gloria:
2692 588 2704 623 :
2738 568 2928 623 eadem
2962 581 3177 637 quoque
3212 564 3423 619 ratione
3453 562 3620 618 etiam

332 686 435 722 που
467 669 623 737 λόγον
654 669 746 719 καὶ
780 666 839 719 τὸ
871 666 1049 720 ὀπίσω
1089 669 1357 737 φήσομεν,
1394 669 1455 719 τὸ
1490 667 1563 731 ὡς
1598 668 1654 718 ὲν
1680 666 1911 735 εὐκλείᾳ

331 760 583 831 δεύτερον
616 756 674 813 εὖ
708 758 854 829 μάλα
885 760 1242 829 καταδηλοῦν.

404 852 460 904 Β,
496 850 763 921 Περιέστη
787 849 849 920 δὴ
886 845 999 916 οὖν,
1032 850 1106 911 ὡς
1143 848 1311 914 ἔοικε,
1341 849 1440 918 τῆς
1485 850 1730 904 Ἰωάννου
1761 850 1925 920 δόξης

331 944 593 1013 ἡττᾶσθαι
656 942 909 1013 Χριστὸν,
972 941 1067 994 καὶ
1135 940 1309 992 ὀπίσω
1363 940 1591 1009 δραμεῖν
1646 940 1926 1003 ἀσυνέτως

332 1038 599 1088 ὑπονοεῖν·
629 1034 730 1105 ἔφη
756 1035 886 1104 γὰρ,
909 1034 990 1086 ὄτι
1030 1031 1236 1085 Ὀπίσω
1265 1048 1365 1101 μου
1399 1030 1617 1103 ἔρχεται
1652 1032 1814 1101 ἁνήρ.

401 1130 465 1180 Δ.
513 1125 619 1179 Φεῦ
670 1126 771 1195 τῆς
823 1122 1074 1186 ἀτοπίαςι
1134 1121 1443 1192 Οίησόμεθα
1502 1122 1612 1192 γάρ
1672 1122 1770 1191 οὐχ
1822 1114 1925 1175 ὧδε

328 1219 498 1288 ἔχειν,
528 1219 904 1289 ἑννενοηκότες
936 1216 1114 1288 ὀρθῶς
1160 1216 1220 1269 τὸ
1269 1218 1327 1269 ιν
1370 1215 1634 1285 Ψαλμοῖς.
1673 1231 1924 1286 γεγραμ-

335 1310 517 1377 μένον,
557 1310 639 1363 ὅτι
675 1328 693 1360 ι
720 1308 815 1371 Τίς
840 1308 899 1359 ἐν
927 1306 1179 1375 νεφέλαις
1229 1305 1562 1375 ίσωθήσεται
1592 1303 1671 1376 τῷ
1697 1305 1923 1376 Κυρίῳς

331 1403 425 1454 καὶ
452 1401 533 1461 τίς
564 1400 965 1469 ὁμοιωθήσεται
992 1398 1068 1468 τῷ
1100 1397 1219 1468 Θεῷ
1254 1401 1310 1451 ὲν
1341 1400 1483 1463 uici;
1507 1397 1642 1450 Θεοῦ
1666 1414 1680 1462 ;
1706 1417 1725 1449 ι
1767 1399 1922 1451 Ἀνα-

330 1490 513 1545 οετὲον
555 1487 647 1543 οὖν
685 1490 793 1559 ἄρα
834 1489 929 1543 καὶ
966 1488 1103 1560 μετὰ
1153 1488 1355 1559 σαρκὸς
1404 1487 1555 1559 αὐτῷ
1592 1488 1656 1541 τὸ
1688 1488 1928 1560 πρεσϐύ-

331 1598 517 1645 τατον,
561 1580 634 1643 ὼς
674 1580 792 1650 Θεῷ
839 1580 979 1634 κατὰ
1019 1578 1179 1647 φύσιν
1210 1577 1465 1632 ἑνωθέντι
1498 1577 1684 1647 σαρκὶ,
1729 1579 1821 1629 καὶ
1859 1572 1947 1630 τὰ.

308 1672 430 1739 κτῆς
461 1670 596 1731 ιδίας
627 1669 842 1738 φύσεως
894 1669 1078 1737 ἀγαθὰ
1108 1673 1377 1724 κοινοποῖε
1392 1686 1435 1720 ιν
1466 1668 1679 1721 είωθότι
1701 1668 1779 1739 τῷ
1811 1668 1927 1739 ίδίῳ

333 1760 568 1831 σώματι.

404 1854 461 1906 Β.
496 1856 725 1923 Ἀριστα
758 1852 917 1924 ἔφης.

401 1947 466 1996 Α.
500 1944 670 1996 Τοῦτο
698 1944 741 1995 δ’
778 1944 844 1997 ἂν
885 1944 1097 2014 μάθοις,
1129 1935 1231 1996 ὧδέ
1260 1959 1323 1995 τε
1358 1941 1478 2013 ἔχον
1516 1942 1612 1995 καὶ
1636 1941 1927 2013 εἰρημένον

330 2035 527 2105 ὀρθῶς,
562 2036 653 2088 καὶ
681 2034 740 2098 ἐξ
768 2028 1051 2105 ἑτέρων,ὧ
1076 2036 1195 2099 τάν,
1219 2034 1381 2105 εἰπερ
1400 2034 1559 2098 ἕλοιο,
1590 2032 1925 2105 μαρτυριῶν.

336 2127 482 2197 Ἐφη
541 2128 639 2195 μὲν
680 2127 790 2196 γάρ
841 2142 945 2178 που
998 2126 1130 2188 Θεὸς
1178 2127 1313 2196 περὶ
1363 2124 1457 2177 τοῦ
1507 2128 1571 2178 ὲκ
1613 2126 1928 2194 σπέρματος

331 2216 517 2278 Δασιδ,
558 2217 620 2269 τὸ
648 2217 789 2269 κατὰ
821 2218 1001 2286 σάρκα
1035 2217 1302 2287 Χριστοῦ,
1346 2218 1415 2269 δι’
1451 2218 1567 2279 ἑνὸς
1612 2218 1719 2271 τῶν
1756 2218 1927 2285 ἁγίων

334 2309 651 2380 πῳφητῶν·
692 2328 708 2359 ι
735 2310 843 2362 Καὶ
880 2312 965 2374 σὺ,
1001 2309 1269 2381 Βηθλεὲμ,
1318 2305 1468 2371 οἶκος
1508 2309 1601 2362 τοῦ
1658 2310 1923 2381 Ἐφραθᾶ,

331 2401 609 2469 ὀλιγοστὸς
658 2398 705 2452 εἷ
754 2399 847 2453 τοῦ
892 2397 1030 2454 εἶναι
1080 2404 1137 2453 ὲν
1190 2401 1433 2471 χιλιάσιν
1488 2402 1676 2454 Ἰούδα·
1727 2405 1790 2455 ὲκ
1830 2402 1924 2455 σοῦ

338 2509 427 2561 μοι
456 2492 797 2557 ἐξελεύσεται
818 2491 911 2545 τοῦ
944 2488 1082 2545 εἶναι
1113 2494 1192 2557 είς
1219 2493 1461 2563 ἄρχοντα
1492 2496 1549 2545 ὲν
1579 2492 1654 2562 τῷ
1687 2495 1921 2564 Ἰσραὴλ,

336 2584 428 2637 καὶ
467 2586 520 2635 αί
562 2583 726 2648 ἔξοδοι
775 2583 940 2637 αὑτοῦ
984 2586 1239 2655 άπαρχῆς
1280 2584 1344 2649 ἐξ
1394 2585 1617 2655 ἡμερῶν
1658 2586 1873 2647 αἰῶνος.
1903 2605 1921 2637 r

338 2679 471 2747 Περὶ
500 2678 556 2730 δέ
586 2694 649 2745 γε
698 2676 806 2730 τῶν
843 2676 976 2729 υίῶν
1022 2675 1259 2747 Ἰσραὴλ,
1296 2679 1328 2729 ό
1367 2676 1657 2746 ἱερώτατος
1694 2676 1923 2739 Παῦλος*

343 2791 358 2820 ι
392 2773 510 2824 “Ott
562 2770 762 2833 πάντες
805 2770 883 2833 είς
936 2770 1025 2822 τὸν
1074 2769 1283 2838 Ἀίωσῆν
1329 2767 1739 2837 ἐϐαπτίσθησαν
1774 2770 1830 2820 ὲν
1860 2771 1925 2839 τῇ

338 2863 533 2933 νεφέλη
577 2862 672 2915 καὶ
720 2864 777 2914 ὲν
823 2864 890 2930 τῇ
932 2861 1199 2931 θαλάσσῃ,
1243 2860 1335 2912 xa‘t
1383 2859 1584 2920 πάντες
1619 2860 1815 2929 βρῶμα
1866 2861 1927 2912 τὸ

340 2951 706 3020 πνευματικὸν
759 2950 985 3018 ἔφαγον,
1036 2950 1132 3002 καὶ
1182 2951 1386 3010 πάντες
1428 2948 1488 2999 τὸ
1521 2948 1651 3000 αὐτὸ
1686 2966 1928 3019 πνευμα-

337 3044 485 3096 τικὸν
525 3044 675 3095 {mor
707 3043 881 3112 πόμα.
923 3042 1148 3095 Ἐπινον
1174 3042 1281 3111 γὰρ
1304 3042 1369 3093 ὲκ
1392 3042 1768 3111 πνευματικῆς
1793 3042 1925 3093 ἀκο-

337 3133 634 3201 λουθούσης
690 3134 917 3203 πέτρας.
983 3132 1046 3184 Ἦ
1100 3132 1273 3202 πέτρα
1322 3131 1381 3183 δὲ
1430 3126 1498 3202 ἦν
1542 3131 1569 3182 ὁ
1615 3132 1920 3202 Χριστός.»

344 3223 532 3293 Ἀθρει
565 3222 628 3293 δὴ
664 3219 755 3275 οὖν
778 3224 835 3275 ὲν
862 3222 1083 3293 Χριστῷ
1122 3220 1296 3291 Ἰησοῦ
1334 3220 1456 3273 καθ’
1494 3221 1686 3274 ἕνωσιν
1719 3224 1927 3274 οίκονο-
1957 3245 1998 3300 C

344 3316 509 3385 μικὴν
553 3315 613 3366 τὸ
665 3313 847 3377 ίδικῶς
886 3314 981 3366 τοῦ
1028 3313 1201 3384 Λόγου
1258 3311 1650 3383 πρεσϐύτατον.
1707 3308 1783 3365 Ἦ
1832 3315 1931 3367 οὐκ

339 3410 575 3479 ἐναργὴς
638 3411 663 3461 ὁ
714 3407 910 3475 λόγος;
963 3407 1064 3458 Τδν
1117 3406 1223 3476 γάρ
1276 3422 1359 3457 τοι
1422 3406 1799 3476 Βηθλεεμίτην
1858 3408 1932 3471 ὡς

339 3499 625 3570 ἄνθρωπον
659 3500 751 3552 καὶ
784 3501 847 3550 ἐκ
877 3497 1159 3565 γυναικὸς,
1194 3498 1447 3567 ἀπαρχῆς
1497 3498 1688 3557 αἰῶνος
1715 3499 1811 3561 τὰς
1843 3499 1932 3563 ἐξ·

335 3592 490 3655 όδους
520 3592 663 3661 ἔχειν
694 3588 750 3643 εὖ
780 3591 923 3660 μάλα
956 3591 1138 3658 φησίν.
1158 3590 1247 3643 Ἐν
1276 3591 1417 3660 ἀρχῇ
1449 3590 1555 3659 γὰρ
1584 3586 1671 3661 ἦν,
1711 3593 1803 3643 καὶ
1829 3593 1934 3661 πρὸ

339 3684 543 3747 ’παντὸς
578 3684 793 3746 αἰῶνος,
833 3686 859 3735 ὁ
886 3683 1312 3751 ὲνανθρωπήσας
1346 3682 1536 3749 Λόγος,
1557 3685 1649 3736 καὶ
1678 3684 1838 3747 αὐτὸς
1865 3680 1933 3755 ἦν

341 3776 375 3842 ὴ
412 3774 620 3843 πέτρα,
664 3770 987 3840 δεδιψηκότα
1028 3772 1118 3823 τὸν
1164 3770 1380 3840 Ἰσραὴλ
1430 3774 1542 3833 τοῖς
1573 3773 1703 3843 παρ’
1744 3774 1934 3825 ἐλπίδα

344 3868 435 3918 καὶ
464 3865 745 3935 ἀδοκήτοις
775 3864 1131 3935 ἐκμεθύσκων
1170 3863 1396 3932 νάμασι,
1430 3864 1607 3916 καίτοι
1651 3866 1933 3934 γεννηθεὶς

342 3955 483 4009 κατά
523 3973 585 4022 γε
622 3954 719 4025 τὴν
753 3956 930 4025 σάρκα
973 3956 1064 4007 καὶ
1110 3955 1167 4007 τὸ
1198 3953 1536 4025 ἀνθρώπινον
1582 3956 1637 4007 ἐν
1682 3958 1933 4025 ἐσχάτοις

344 4049 571 4116 καιροῖς,
608 4047 697 4098 καὶ
728 4048 1085 4115 κεχρημένος
1116 4047 1193 4106 εἰς
1227 4046 1326 4114 τὴν
1357 4048 1433 4108 είς
1470 4046 1675 4113 κόσμον
1702 4046 1935 4100 ἀποστο-

341 4137 437 4209 λὴν
470 4138 618 4208 παρὰ
652 4136 744 4189 τοῦ
773 4138 905 4190 Θεοῦ
939 4138 1031 4190 καὶ
1066 4138 1295 4205 Πατρός.
1347 4136 1783 4201 Κατωνόμασται
1825 4140 1933 4209 γὰρ

341 4232 439 4300 οὐχ
491 4232 677 4300 ἐτέρου
731 4248 825 4283 του
876 4229 1056 4301 χάριν,
1106 4228 1221 4281 ἀλλ’
1264 4228 1294 4297 ἢ
1346 4228 1433 4281 διὰ
1484 4232 1643 4285 τοῦτο
1675 4234 1929 4301 Χριστός·

344 4323 575 4392 Χριστὸς
642 4322 696 4373 δὲ
737 4316 803 4390 ἦν
852 4322 885 4389 ἡ
936 4322 1132 4392 πέτρα,
1162 4320 1301 4373 κατὰ
1340 4322 1430 4375 τὸν
1470 4324 1700 4378 Παῦλον.
1730 4320 1805 4376 Ἦ
1843 4326 1934 4376 ὲν-

340 4414 583 4467 δοιαστὸν
610 4415 668 4466 τὸ
703 4414 892 4485 χρῆμα
916 4416 1061 4485 ἐρεῖς
1084 4431 1096 4477 ς

414 4507 473 4558 Β.
508 4506 795 4575 Οὐδαμῶς.

413 4600 477 4650 Δ.
527 4593 943 4665 Ἐπαγωνιεῖται
973 4599 1029 4652 δὲ
1068 4601 1157 4653 καὶ
1206 4601 1527 4672 συναθλήσει
1559 4601 1803 4672 τῷλόγῳ
1840 4604 1934 4655 καὶ

344 4689 373 4739 ό
426 4688 587 4755 copo;
642 4688 935 4758 Ἰωάννης,
988 4692 1273 4760 μονονουχὶ
1315 4694 1405 4744 καὶ
1453 4692 1788 4763 συναγείρων
1833 4694 1932 4757 τὰς

345 4778 556 4845 φύσεις,
593 4780 683 4831 καὶ
722 4782 799 4842 εἰς
830 4784 1192 4850 μισγάγκειαν
1220 4784 1367 4850 ἄγων
1392 4784 1496 4835 τῶν
1532 4786 1767 4855 ἑκατέρᾳ
1796 4804 1931 4855 πρε-

347 4869 557 4921 πόντων
586 4870 890 4939 ἰδιωμάτων
940 4873 1040 4942 τὴν
1068 4872 1321 4943 δύναμιν.
1376 4875 1482 4926 θέα
1516 4876 1620 4944 γὰρ
1662 4876 1687 4927 ὅ
1728 4892 1891 4944 φησιν
1914 4894 1926 4906 ·

352 4978 369 5009 ι
398 4962 461 5010 Ὃ
504 4956 570 5030 ἦν
612 4962 886 5031 ἀπαρχῆς,
922 4962 949 5014 δ
997 4965 1336 5033 ἀκηκόαμεν,
1380 4965 1408 5017 ὂ
1453 4967 1780 5035 ἑωράκαμεν
1819 4971 1931 5030 τοῖς

345 5050 646 5120 ὀφθαλμοῖς
674 5052 851 5121 ἡμῶν,
880 5052 909 5104 ὃ
938 5052 1301 5123 ἐθεασάμεθα,
1345 5057 1437 5107 καὶ
1466 5057 1518 5107 αἱ
1562 5060 1745 5126 χεῖρες
1773 5057 1930 5125 ἡμῶν

350 5141 708 5210 ἐψηλάφησαν
750 5143 877 5214 περὶ
921 5143 1013 5195 τοῦ
1052 5145 1225 5212 Λόγου
1265 5147 1363 5214 τῆς
1406 5146 1573 5214 ζωῆς,
1623 5148 1780 5216 καὶὴ
1817 5149 1929 5219 ζωὴ

350 5231 691 5300 ἐφανερώθη,
716 5232 809 5284 καὶ
830 5234 1048 5302 ὲωράκα
1058 5252 1176 5303 μεν,
1198 5237 1289 5286 καὶ
1318 5236 1723 5307 μαρτυροῦμεν,
1754 5239 1932 5305 ἀπαγ-

352 5322 613 5391 γέλλομεν
646 5325 773 5392 ὑμῖν
800 5322 900 5393 τὴν
948 5322 1092 5394 ζωὴν
1120 5325 1218 5395 τὴν
1250 5326 1485 5392 αἰώνιον,
1522 5328 1641 5396 ἥτις
1684 5322 1752 5393 ἧν
1796 5329 1931 5398 πρὸς

350 5413 439 5465 τὸν
480 5415 716 5485 Πατέρα,
762 5416 856 5468 καὶ
893 5416 1215 5485 ἐφανερώθη
1260 5420 1409 5487 ἡμῖν.
1440 5438 1457 5469 ι
1506 5419 1638 5471 Ἰδοὺ
1681 5419 1770 5471 τὸν
1808 5421 1935 5472 ὄντα

352 5504 628 5573 ἀπαρχῆς,
676 5500 855 5574 ὦφθαι
892 5510 955 5575 γέ
1014 5526 1176 5576 φησιν
1226 5510 1491 5579 ἐναργῶς,
1540 5511 1826 5579 ὑπομεῖναί
1879 5530 1935 5563 τε

356 5597 445 5648 καὶ
472 5597 633 5663 ἁφήν.
685 5598 1071 5669 Ἀνεκεκράγει
1101 5600 1208 5670 γὰρ
1250 5603 1277 5652 ό
1329 5602 1549 5669 Θωμᾶς·
1581 5622 1597 5651 ι
1632 5604 1686 5654 ὐ
1731 5602 1937 5673 Κύριός

362 5705 487 5752 μου,
540 5691 630 5740 καὶ
658 5692 683 5741 ό
708 5691 838 5753 Θεός
868 5710 989 5761 μου,
1020 5713 1035 5744 r
1073 5694 1457 5765 ἀναμετρήσεις
1491 5696 1738 5765 δακτύλῳ
1776 5696 1937 5747 πλευ-

430 5863 472 5896 "
497 5862 641 5920 Psal.
676 5882 936 5931 Lxsxvut,
967 5867 1016 5922 7.
1118 5870 1161 5900 ’³
1196 5866 1353 5924 Mirh.
1394 5885 1444 5934 ι’,
1483 5872 1537 5926 c-’-

1616 5873 1659 5901 ²⁸
1690 5872 1701 5924 1
1731 5873 1855 5925 Cor.
1895 5888 1946 5935 τ,
1978 5871 2100 5927 Qui.

2031 664 2179 727 illud,
2209 676 2350 734 post,
2381 665 2623 718 dicemus
2650 660 2957 732 significare
2987 659 3303 713 inferiorem
3332 656 3527 727 gloria.

2103 864 2160 917 Β.
2207 864 2562 918 Statuendum
2594 861 2774 930 itaque
2798 859 2924 923 erit,
2950 873 3070 913 tneo
3090 856 3317 925 judicio,
3345 854 3621 911 Christum

2026 956 2235 1011 Joanne
2263 955 2575 1009 inferiorem
2604 955 2773 1025 gloria
2802 966 2946 1007 esse.
2980 951 3128 1005 Dixit
3155 950 3299 1004 enim
3332 968 3344 1002 :
3379 950 3506 1005 Post
3536 966 3623 1007 me

2029 1051 2207 1103 veniet
2237 1049 2337 1103 vir.

2100 1139 2167 1195 A.
2208 1139 2363 1192 Absit
2401 1146 2547 1192 tanta
2582 1136 2927 1191 absurdilas!
2960 1134 3140 1188 Facile
3173 1134 3317 1187 enim
3352 1134 3622 1204 iudicabi-

2032 1245 2151 1284 mus
2182 1245 2292 1283 rem
2322 1230 2393 1283 ita
2422 1244 2482 1282 se
2513 1244 2617 1282 non
2648 1229 2870 1290 habere,
2896 1229 2939 1282 si
2974 1228 3186 1280 illud'in
3217 1227 3450 1282 Psalmis
3477 1228 3619 1281 scri-

2030 1328 2178 1387 pttun
2216 1328 2361 1372 recte
2397 1319 2762 1386 intelligamus
2795 1335 2807 1370 :
2848 1334 2865 1368 ι
2906 1317 3175 1383 Quoniam
3212 1320 3334 1384 quis
3368 1318 3419 1370 in
3457 1316 3619 1371 nuhl-

2029 1411 2130 1465 bus
2161 1411 2468 1478 aequahitur
2502 1409 2773 1463 Domino?
2806 1418 2859 1461 et
2894 1408 3022 1477 quis
3052 1408 3248 1461 similis
3281 1408 3386 1462 erit
3422 1408 3534 1462 Deo
3566 1408 3619 1463 in

2032 1502 2155 1557 ﬁliis
2187 1502 2277 1557 Dei
2295 1502 2379 1554 "‘i
2418 1521 2435 1553 ι
2473 1500 2783 1555 Tribuenda
2818 1500 2997 1567 itaque
3028 1510 3113 1552 est
3144 1498 3269 1566 ipsi,
3301 1501 3465 1552 etiam
3499 1513 3623 1552 cum

2030 1609 2219 1659 carne,
2252 1592 2596 1662 antiquitatis
2611 1593 3000 1662 praerogativa,
3031 1592 3288 1645 nimirum
3311 1601 3368 1644 ut
3391 1590 3500 1645 Deo
3530 1604 3625 1645 na-

2032 1686 2278 1740 turaliter
2322 1688 2476 1739 unito
2521 1686 2696 1745 carni.
2738 1687 2939 1755 quique
2989 1684 3222 1753 propriae
3263 1698 3375 1738 sua!
3424 1692 3627 1737 natura:

2032 1776 2170 1830 hona
2201 1777 2413 1846 corpori
2447 1776 2611 1830 etiam
2644 1792 2741 1829 suo
2772 1775 3180 1830 communicare
3207 1774 3517 1829 consuevit.

2103 1865 2165 1918 Β.
2207 1865 2421 1935 Optime
2452 1867 2609 1920 dicis.

2104 1958 2170 2011 A.
2214 1956 2326 2010 Hoc
2352 1972 2480 2011 vero
2508 1960 2577 2011 ita
2607 1974 2663 2011 se
2692 1958 2913 2023 habere,
2946 1966 3200 2025 recteque
3227 1957 3332 2011 dici
3363 1958 3527 2011 etiam
3558 1972 3623 2013 ex

2032 2048 2151 2101 aliis
2183 2048 2508 2101 lestintouiis
2536 2048 2747 2100 discere
2779 2048 2997 2127 poteris.
3030 2046 3103 2099 Ila
3134 2048 3280 2101 ettim
3314 2046 3454 2101 Deus
3488 2046 3619 2112 alibi

2031 2153 2127 2206 per
2160 2140 2450 2207 quemdam
2499 2141 2885 2205 prephetarum
2932 2138 2998 2189 de
3040 2138 3257 2190 Christo
3302 2152 3368 2192 ex
3418 2139 3627 2190 semine

2033 2227 2199 2279 David
2236 2226 2532 2279 secundum
2570 2240 2791 2278 carnem
2837 2226 3073 2291 loquitur
3107 2244 3120 2279 :
3163 2244 3181 2278 ι
3226 2224 3292 2279 Ει
3334 2236 3421 2293 ιιι,
3464 2225 3628 2281 Beth-

2030 2315 2226 2381 lchcm,
2253 2316 2440 2371 dmuns
2464 2314 2764 2383 Ephratha,
2788 2318 3009 2368 minima
3035 2330 3092 2371 es
3118 2316 3170 2370 in
3203 2317 3435 2370 millibus
3454 2313 3625 2384 Juda;

2030 2423 2094 2462 ex
2136 2419 2185 2461 te
2221 2408 2349 2460 mihi
2388 2409 2697 2475 egredietur
2733 2408 2821 2473 qui
2863 2408 2932 2460 sit
2971 2408 3282 2461 dominator
3319 2410 3369 2461 in
3407 2406 3574 2463 israel
3608 2424 3623 2461 :

2030 2508 2083 2553 et
2118 2513 2371 2567 egressus
2406 2499 2520 2565 ejus
2556 2499 2623 2552 al)
2661 2500 2815 2551 initio
2850 2513 2877 2551 a
2917 2498 3110 2554 tliehtts
3144 2500 3468 2555 aeternitatis
3490 2499 3560 2553 “.
3601 2518 3620 2554 ι

2032 2590 2105 2643 De
2144 2590 2268 2641 ﬁliis
2308 2601 2485 2642 autem
2528 2587 2691 2642 Israel
2734 2588 3105 2641 divinissimus
3147 2587 3346 2643 Paulus
3384 2590 3571 2644 ita'ait
3606 2609 3623 2626 ο

2038 2700 2055 2731 ι
2091 2680 2226 2745 Quia
2258 2694 2445 2733 omnes
2480 2680 2530 2732 in
2566 2680 2747 2750 Moyse
2782 2680 3037 2749 haptizati
3070 2690 3195 2735 sunt
3231 2681 3281 2732 in
3319 2681 3460 2736 nube
3487 2692 3538 2736 et
3568 2682 3623 2737 in

2032 2770 2192 2833 mari,
2225 2779 2278 2821 et
2309 2784 2499 2823 omnes
2526 2772 2774 2822 eautdem
2806 2784 2989 2822 escam
3024 2768 3361 2835 spiritualem
3398 2771 3625 2823 mandu-

2033 2869 2318 2923 caverunl,
2354 2869 2409 2913 et
2440 2876 2629 2913 omnes
2665 2859 2917 2913 eumdem
2955 2872 3140 2928 potum
3177 2858 3510 2928 spiritualem
3545 2858 3627 2913 bi-

2032 2949 2245 3003 berunt.
2298 2950 2558 3002 Bihcbaut
2613 2949 2757 3002 enim
2808 2949 2877 3003 de
2927 2950 3193 3017 spirituali
3251 2962 3627 3017 conseqnente

2034 3052 2125 3091 eos
2160 3047 2332 3106 petra.
2369 3034 2525 3088 Petra
2562 3044 2740 3089 aulem
2774 3047 2891 3089 erat
2922 3035 3170 3091 Christus
3196 3038 3263 3091 “.
3307 3057 3325 3089 ι
3362 3038 3628 3093 Animad-

2033 3138 2183 3181 verte
2212 3128 2395 3196 itaque
2427 3128 2479 3180 in
2510 3126 2730 3181 Christo
2758 3126 2885 3181 Jesn
2922 3129 3131 3182 ratione
3161 3129 3385 3182 unitatis
3417 3143 3516 3197 per
3545 3130 3628 3183 in.

2034 3222 2403 3273 carnalionem
2452 3218 2605 3271 factae
2651 3219 2978 3286 peculiarem
3016 3218 3176 3272 Verbi
3224 3220 3629 3287 antiquitatem.

2034 3309 2227 3363 Nonne
2273 3310 2367 3362 tibi
2412 3310 2545 3362 satis
2589 3320 2776 3377 aperte
2821 3310 2937 3363 lucc
2984 3311 3123 3364 dicta
3162 3311 3449 3365 videntur?
3490 3310 3625 3368 Nam

2033 3402 2508 3464 Bclhlchetuilam,
2528 3414 2585 3454 ut
2606 3402 2877 3455 hominem
2907 3410 2958 3454 et
2988 3418 3053 3455 ex
3083 3402 3305 3455 tuulierc
3334 3415 3537 3465 natum,
3559 3406 3629 3460 ab

2037 3497 2191 3550 initio
2240 3494 2420 3547 smruli
2473 3508 2726 3562 egressus
2781 3493 2977 3546 habere
3034 3494 3185 3546 dicit.
3245 3494 3300 3547 In
3358 3496 3628 3566 principio

2034 3589 2178 3641 enim
2218 3596 2360 3651 erat,
2398 3597 2451 3641 et
2494 3596 2619 3639 ante
2656 3585 2835 3638 omnia
2877 3582 3073 3637 saecula
3122 3584 3462 3639 incarnatum
3497 3587 3627 3641 Ver-

2037 3682 2185 3743 hum,
2224 3689 2279 3731 et
2326 3681 2499 3748 ipsum
2543 3687 2661 3731 erat
2710 3688 2881 3743 petra,
2924 3677 3179 3731 lsraelem
3231 3680 3319 3731 siti
3370 3678 3623 3734 allectum

2037 3772 2316 3841 rcpcntiua
2357 3780 2521 3838 atque
2557 3770 2832 3838 inopinata
2870 3785 3133 3838 aquarum
3170 3773 3501 3841 scaturigine
3538 3788 3629 3828 sa-

2038 3866 2196 3927 tians,
2231 3863 2441 3917 tametsi
2474 3873 2656 3915 natum
2686 3863 2753 3915 sit
2784 3860 3078 3915 secundum
3108 3878 3325 3917 carnem
3355 3875 3406 3915 et
3436 3866 3627 3917 huma-

2036 3956 2258 4009 nitatem
2310 3956 2362 4008 in
2411 3954 2722 4007 novissimis
2773 3956 3103 4020 temporibus
3151 3972 3162 4006 :
3217 3965 3519 4024 unctusque
3572 3956 3629 4011 itt

2036 4047 2399 4117 apostolatum
2441 4047 2491 4099 in
2534 4048 2790 4098 mundum
2833 4061 2861 4098 a
2899 4045 3009 4098 Deo
3054 4062 3117 4099 ac
3156 4046 3333 4100 Patre.
3373 4048 3505 4100 Nam
3549 4049 3629 4103 id-

2038 4144 2203 4202 circo,
2240 4154 2416 4207 neque
2448 4138 2609 4190 aliam
2643 4142 2711 4191 ob
2742 4154 2957 4191 causam
2993 4150 3211 4192 voratus
3239 4150 3316 4193 est
3350 4140 3623 4202 Christus.

2037 4234 2149 4287 sive
2188 4242 2402 4285 unctus.
2437 4230 2685 4284 Christus
2718 4241 2895 4283 autem
2930 4244 3045 4284 erat
3079 4242 3259 4298 petra,
3292 4234 3444 4301 juxta
3487 4234 3625 4287 [’au-

2038 4325 2167 4379 lum.
2210 4326 2366 4379 Anne
2416 4325 2768 4377 dubitandum
2819 4326 2917 4378 hac
2965 4326 3015 4378 in
3063 4339 3120 4379 re
3167 4327 3460 4395 quidquam
3506 4342 3627 4381 eSse

2037 4416 2267 4469 censes?

2114 4508 2173 4559 Β.
2220 4507 2590 4575 Nequaquam.

1967 4590 2009 4644 Ι)
2115 4600 2178 4651 Α.
2220 4599 2523 4652 Confirmat
2570 4612 2697 4649 vero
2747 4598 2885 4651 hanc
2936 4600 3298 4663 sententiam,
3346 4610 3397 4653 ct
3448 4610 3629 4656 tuetur

2040 4690 2296 4754 Joannes,
2325 4691 2486 4759 712
2520 4698 2728 4743 tantum
2763 4705 2864 4742 non
2894 4706 3228 4760 congregans
3259 4694 3304 4745 in
3336 4710 3499 4746 unum
3531 4712 3626 4748 na-

2042 4792 2223 4844 turas,
2257 4791 2309 4834 et
2343 4785 2730 4851 proprietatum
2767 4795 2883 4846 quae
2916 4782 3127 4850 utrique
3157 4784 3486 4836 conveniunt
3519 4788 3625 4838 vim

2042 4888 2104 4926 ac
2130 4874 2383 4925 virtutem
2414 4873 2463 4925 in
2497 4888 2657 4925 unam
2689 4872 3047 4927 conﬂuentem
3076 4874 3300 4925 ducens.
3324 4874 3455 4927 Vide
3483 4876 3626 4928 cnim

2038 4964 2169 5033 quid
2218 4965 2361 5016 dicat
2399 4982 2411 5016 :
2466 4980 2483 5011 ι
2528 4964 2679 5028 Quod
2723 4974 2841 5016 erat
2888 4964 2955 5017 ab
3002 4963 3186 5027 initio;
3232 4966 3375 5032 quod
3422 4967 3627 5018 audivi-

2043 5072 2181 5121 mus,
2218 5056 2362 5125 quod
2404 5056 2638 5109 vidimus
2677 5055 2850 5108 oculis
2897 5056 3128 5121 nostris;
3168 5063 3309 5124 quod
3350 5058 3626 5125 perspexi-

2041 5162 2196 5211 ntus,
2239 5156 2292 5200 et
2336 5162 2530 5200 manus
2574 5154 2769 5199 nostrae
2816 5153 3297 5199 contrectaveruut
3344 5150 3410 5199 de
3448 5146 3625 5199 Verbo

2040 5239 2183 5291 vitze.
2216 5236 2282 5291 Et
2313 5239 2418 5290 vita
2455 5237 2800 5293 manifestata
2840 5248 2950 5301 est,
2986 5249 3041 5291 et
3074 5238 3341 5302 vidimus,
3374 5247 3427 5291 et
3465 5249 3628 5292 testa-

2043 5345 2183 5392 mur,
2229 5331 2612 5384 annuntiamus
2658 5332 2809 5385 vobis
2848 5331 3011 5383 vitam
3053 5338 3311 5383 aeternam
3355 5345 3471 5397 qua:
3512 5341 3625 5384 erat

2040 5423 2178 5489 apud
2216 5423 2451 5486 Patrem,
2484 5433 2539 5476 et
2569 5425 2815 5493 apparuit
2848 5424 3003 5477 nobis
3023 5425 3090 5478 ".
3132 5442 3150 5474 ι
3190 5420 3349 5477 Vides
3382 5438 3502 5477 eum
3536 5426 3623 5490 qui

2043 5512 2142 5565 fuit
2168 5513 2236 5566 ab
2265 5513 2439 5576 initio,
2473 5514 2759 5567 manifeste
2784 5516 2957 5566 visum
2990 5514 3177 5577 fuisse,
3208 5524 3261 5566 et
3291 5515 3433 5582 tangi
3464 5516 3628 5567 susti-

2044 5604 2245 5658 nuisse.
2273 5602 2603 5657 Exclamavit
2633 5607 2772 5657 euim
2798 5603 3035 5657 Thomas
3065 5623 3075 5657 :
3112 5624 3127 5654 ι
3166 5604 3423 5657 Dominus
3454 5618 3627 5667 meus,

2044 5704 2097 5747 ct
2142 5694 2283 5749 Deus
2329 5710 2478 5749 meus
2508 5697 2575 5760 '°,
2630 5716 2646 5747 ι
2698 5713 2815 5750 cum
2870 5705 3229 5758 pertentassct
3271 5696 3437 5766 digito
3485 5696 3627 5751 latus

2182 5874 2225 5903 ’⁵
2258 5874 2270 5928 i
2305 5874 2456 5930 .luan.
2496 5893 2527 5941 ι,
2570 5877 2617 5939 Ι,
2655 5876 2706 5929 9..
2786 5876 2829 5907 ’δ
2863 5875 3019 5929 Joau.
3055 5891 3143 5938 xx,
3174 5876 3265 5930 ‘38.
