4036 6336
477 450 606 505 1251

1461 451 1516 505 S.
1558 447 1832 504 CYRILLI
1874 446 2345 502 ALEXANWNNI
2388 449 2699 504 ARCHIEP.

3589 448 3733 510 4:52

474 566 740 637 corporis,
786 575 838 621 et
885 565 1227 635 pertusioncs
1271 567 1384 624 sive
1433 567 1696 623 foramina
1745 568 2016 623 clavorum

2147 565 2246 634 ράν
2269 582 2326 617 τε
2362 567 2459 636 τὴν
2513 566 2764 636 σώματος
2805 569 2899 622 καὶ
2933 570 3032 631 τὰς
3067 571 3378 642 διατρήσεις
3410 571 3518 625 τῶν
3554 573 3725 644 ἥλων.

471 657 610 724 Quin
643 669 695 713 et
729 657 938 712 divinus
971 656 1142 712 Lucas
1175 660 1250 713 ait
1281 668 1496 714 sanctos
1527 660 1796 729 apostolos
1830 669 2042 729 specta-

474 759 616 803 tores
653 756 706 802 et
749 749 1024 804 ministros
1051 748 1208 806 Verbi
1247 750 1411 804 fuisse
1435 749 1500 802 ³⁷.
1539 749 1738 805 Factus
1775 759 1859 805 est
1894 751 2039 805 enim

469 854 794 909 conspicuus
840 840 928 909 qui
980 850 1063 896 est
1109 841 1489 910 incorporeus,
1534 851 1589 897 et
1636 842 2040 898 contrectabiiis

470 930 558 997 qni
593 930 736 998 tangi
771 931 987 1000 nequit,
1021 946 1240 986 carnem
1271 946 1430 1001 quam
1465 931 1642 987 induit
1671 947 1777 987 non
1809 933 2037 987 alienam

467 1033 499 1073 a
533 1033 590 1073 se
623 1019 859 1087 habens,
896 1020 989 1076 sed
1023 1021 1298 1091 proprium
1333 1021 1434 1076 sibi
1475 1022 1728 1093 templum
1761 1021 2034 1088 efﬁciens;

468 1118 523 1164 et
570 1125 692 1164 cum
739 1127 802 1165 ea
853 1111 1098 1181 cognitus
1149 1122 1208 1166 ut
1258 1113 1398 1192 Deus
1449 1123 1503 1168 et
1555 1114 1832 1169 Dominus.
1884 1113 2035 1170 Nosti

467 1202 630 1254 etiam
656 1202 780 1271 quid
807 1204 1183 1258 sanctissimus
1209 1203 1297 1258 ille
1321 1204 1518 1260 Paulus
1541 1207 1731 1261 scribit
1756 1223 1770 1260 :
1797 1224 1816 1257 ι
1844 1203 2035 1274 Nemo,

470 1293 665 1362 inquit,
707 1304 946 1349 nostrum
989 1294 1092 1349 sibi
1133 1296 1288 1360 vivit,
1331 1305 1386 1350 et
1427 1311 1586 1350 nemo
1633 1297 1736 1351 sibi
1783 1299 2033 1352 moritur.

471 1385 594 1438 Sive
619 1385 762 1437 enim
789 1385 1039 1449 vivimus,
1070 1385 1292 1441 Domino
1317 1387 1577 1452 vivimus;
1605 1388 1719 1442 sive
1749 1390 2030 1454 morimur,

471 1472 694 1527 Domino
718 1474 996 1530 morimur.
1027 1475 1152 1529 Sive
1176 1490 1304 1544 ergo
1332 1476 1583 1542 vivimus,
1611 1477 1724 1531 sive
1753 1477 2032 1544 morimur,

463 1563 671 1618 Domini
710 1578 918 1620 sumus.
955 1566 1010 1620 In
1049 1567 1152 1621 hoc
1187 1569 1329 1620 enim
1363 1566 1614 1622 Christus
1647 1579 1890 1621 mortuus
1925 1577 2028 1632 est,

461 1664 517 1708 et
546 1657 864 1720 resurrexit,
892 1665 950 1710 ut
982 1667 1034 1712 et
1065 1658 1308 1711 vivorum
1340 1665 1394 1712 et
1422 1667 1755 1711 mortuorum
1786 1657 2031 1713 domine-

461 1757 548 1799 tur
582 1746 648 1800 ⁸³.
687 1764 707 1798 ι
742 1746 965 1802 Constat
997 1747 1177 1817 itaque
1213 1749 1353 1816 quod
1391 1763 1575 1802 revera
1608 1748 1916 1804 dominatus
1961 1749 2030 1804 sit

2145 655 2184 706 Γ
2187 657 2475 726 εγενῆσθαι
2523 659 2579 712 δέ
2617 676 2746 729 φησι
2785 661 2910 724 τοὺς
2945 663 3135 730 ἁγίους
3181 663 3514 729 ἀποστόλους
3556 667 3651 720 καὶ
3697 669 3732 721 ὁ

2143 746 2284 810 θεῖος
2312 751 2445 818 ἡμῖν
2481 751 2699 814 Λουκᾶς
2752 751 3026 816 αὐτόπτας
3073 771 3133 806 τε
3177 755 3272 808 καὶ
3311 755 3592 826 ὑπηρέτας
3627 757 3725 810 τού

2140 838 2337 906 Λόγου.
2364 841 2560 909 Γέγονε
2589 843 2961 915 γάρέμφανὴς
2990 847 3018 899 ό
3041 845 3351 917 ἀσώματος,
3388 848 3481 900 καὶ
3509 849 3679 913 ἁπτὸς
3696 853 3727 903 6

2140 929 2374 1002 ἀναφὴς,
2401 935 2501 985 οὐκ
2529 933 2735 986 ὀθνεῖον
2754 934 2894 1004 ἔχων
2921 937 3000 989 ἔτι
3029 938 3342 1009 περίσλημα
3371 940 3468 1011 τὴν
3489 939 3597 993 ἀπὸ
3617 939 3727 1012 γῆς

2141 1021 2338 1092 σάρκα,
2369 1023 2482 1076 ἀλλ’
2519 1025 2647 1076 ἴδιον
2681 1025 2851 1096 αὐτὴν
2882 1030 3252 1099 ποιησάμενος
3297 1031 3443 1096 ναὸν,
3485 1032 3580 1084 καὶ
3624 1034 3726 1086 σὺν

2139 1113 2274 1183 αὐτῇ
2310 1115 2729 1185 γνωριζόμενος,
2760 1117 2836 1181 ὡς
2865 1119 3000 1182 Θεὸς
3025 1119 3119 1172 καὶ
3146 1119 3368 1192 Κύριος.
3401 1121 3728 1192 Γεγραφότα

2138 1203 2195 1256 δὲ
2231 1200 2389 1258 οἷσθά
2436 1225 2538 1259 που
2589 1208 2679 1260 τὸν
2723 1210 3015 1280 ἱερώτατον
3066 1211 3298 1264 Παῦλον⁸
3349 1213 3580 1278 «Οὐδεὶς
3613 1215 3726 1284 γὰρ

2139 1296 2296 1366 ἡμῶν
2325 1298 2507 1369 ἐαυτῷ
2535 1298 2624 1369 ζῇ,
2655 1301 2748 1353 καὶ
2783 1302 2958 1366 οὐδεὶς
2990 1302 3166 1373 ἐαυτῷ
3201 1304 3553 1376 ἀποθνήσκει.
3595 1306 3723 1360 Ἐάν

2138 1404 2196 1440 τε
2228 1389 2337 1457 γὰρ
2366 1387 2566 1459 ζῶμεν,
2589 1389 2666 1460 τῷ
2697 1392 2887 1462 Κυρίῳ
2917 1394 3122 1464 ζῶμεψ
3156 1395 3249 1448 ἐάν
3276 1412 3333 1447 τε
3367 1395 3726 1467 ἀποθνήσκω·-

2139 1495 2256 1548 μεν,
2299 1477 2377 1548 τῴ
2421 1482 2613 1551 Κυρίῳ
2654 1483 3090 1554 ἀποθνήσκομεν.
3129 1485 3255 1538 Ἐάν
3287 1502 3346 1538 τε
3385 1481 3478 1540 οὖν
3513 1484 3722 1558 ζῶμεν,

2135 1569 2230 1622 ἐάν
2263 1586 2321 1622 τε
2352 1571 2812 1643 ἀποθνήσκωμεν,
2857 1576 2952 1628 τοῦ
2980 1577 3185 1645 Κυρίου
3220 1579 3406 1649 ἐσμέν.
3445 1579 3539 1642 Είς
3563 1579 3722 1634 τοῦτο

2134 1659 2241 1729 γὰρ
2270 1660 2506 1728 Χριστὸς
2535 1661 2797 1727 ἀπέθανε,
2845 1666 2938 1718 καὶ
2984 1663 3199 1738 ἔζησεν,
3247 1668 3332 1721 ἵνα
3379 1669 3472 1723 καὶ
3507 1669 3721 1741 νεκρῶν

2132 1749 2228 1803 καὶ
2256 1749 2475 1812 ζώντων
2506 1753 2791 1825 κυριεύσῃ.
2825 1774 2842 1805 ι
2891 1756 3126 1827 ’Δραρεν
3153 1754 3268 1823 οὖν,
3307 1759 3387 1811 ὅτι
3430 1761 3720 1832 κεκυρίευ-

461 1847 796 1892 mortuorum
827 1847 881 1892 et
910 1839 1232 1904 viventium,
1261 1840 1350 1909 qui
1383 1854 1488 1893 non
1520 1839 1589 1896 ob
1617 1839 1776 1895 aliam
1807 1856 2016 1897 causam

2135 1861 2230 1898 κεν
2256 1844 2472 1915 ἀληθῶς
2501 1847 2716 1919 νεκρῶν
2746 1865 2806 1900 τε
2838 1850 2932 1903 καὶ
2973 1851 3192 1914 ζώντων
3218 1853 3246 1904 ὁ
3297 1853 3372 1923 μὴ
3401 1853 3590 1926 ἐτέρου
3621 1870 3716 1908 του

459 1943 618 1998 quam
645 1930 715 1984 ob
745 1931 885 1986 hanc
915 1930 1083 1986 solam
1117 1943 1362 1987 mortuus
1391 1945 1476 1989 est
1507 1942 1561 1989 et
1590 1935 1910 1989 resurrexit.

529 2103 591 2160 Β.
633 2105 881 2161 Omnino.

527 2198 592 2250 Λ.
635 2197 932 2263 Quemnam
987 2197 1149 2268 igitur
1191 2198 1433 2256 dicemus
1481 2199 1710 2257 subiisse
1763 2212 2026 2269 mortem,

458 2302 780 2357 rursumque
808 2289 1205 2345 resurrexisse‘!

524 2375 585 2430 Β.
627 2376 822 2431 Filium
851 2378 1114 2448 profecto.

525 2469 590 2521 Α.
631 2465 824 2522 Filium
860 2473 1075 2538 quidem
1115 2483 1259 2529 recte
1294 2475 1453 2539 dicis,
1485 2484 1648 2546 atque
1678 2491 1778 2548 ego
1817 2479 1868 2532 id
1902 2492 2027 2548 pro-

455 2559 648 2612 barim.
688 2558 954 2615 Caeterum
997 2561 1100 2617 hoc
1142 2579 1206 2618 ex
1254 2575 1304 2620 te
1348 2566 1503 2620 velim
1551 2582 1912 2637 cognoscere,
1956 2585 2022 2623 an

456 2645 688 2702 Verbum
717 2666 783 2704 ex
812 2651 918 2705 Deo
947 2649 1110 2707 Patre
1139 2654 1210 2708 sit
1243 2655 1471 2710 mortale
1495 2666 1549 2710 et
1577 2659 1904 2728 corruptioni
1930 2660 2026 2715 ob.

454 2740 702 2802 noxium;
743 2756 808 2795 an
849 2745 1024 2812 potius
1065 2754 1238 2802 morte
1276 2755 1330 2801 et
1368 2748 1713 2818 corruptione
1750 2755 2019 2821 superius,

453 2837 508 2880 ut
536 2830 664 2884 vita.

521 2923 582 2978 Β.
623 2923 896 2981 Posterius
923 2925 954 2980 lt
977 2944 1024 2984 rc
1054 2930 1450 2988 alﬁrmaverim.

520 3014 583 3066 Α.
626 3013 902 3080 Quomouo
931 3019 1092 3088 igitur
1119 3023 1346 3076 mortuis
1374 3033 1759 3080 annumeralus
1784 3037 1896 3094 est,
1927 3033 2015 3100 qui

450 3101 586 3157 liber
606 3115 688 3158 est
716 3109 1007 3161 secundum
1038 3107 1382 3180 Scripturas?
1407 3111 1588 3182 Neque
1614 3115 1757 3168 enim
1781 3114 2014 3172 Verbum

448 3210 541 3262 per
564 3209 622 3250 se
649 3199 782 3251 mori
815 3209 996 3266 queat.

516 3283 574 3337 Β.
617 3286 752 3352 Quia
796 3300 1004 3343 mortua
1050 3290 1216 3360 ipsius
1253 3308 1436 3362 carne,
1476 3295 1591 3366 ipse
1632 3299 1732 3353 hoc
1777 3301 1884 3370 pati
1928 3300 2012 3356 di-

445 3374 549 3428 citu
561 3390 602 3429 r.

515 3468 579 3520 A.
624 3466 942 3525 llectissime
966 3475 1156 3529 sentis.
1183 3476 1439 3539 Proinde,
1468 3496 1572 3534 non
1601 3483 1800 3550 absque
1825 3499 2008 3550 carne,

443 3557 535 3611 sed
563 3560 739 3627 potius
767 3562 925 3615 simul
953 3581 1072 3618 cum
1102 3566 1190 3620 illa
1219 3569 1604 3627 dominationis
1630 3575 1854 3644 gloriam
1881 3591 2010 3631 cun-

442 3661 658 3704 secutus
684 3662 800 3717 est,
828 3656 919 3724 qui
951 3655 1064 3724 lege
1093 3661 1277 3714 carnis
1307 3671 1360 3714 et
1393 3675 1581 3717 natura
1617 3667 1776 3721 simili
1810 3679 2008 3724 nostra:

443 3751 684 3797 mortuus
721 3755 804 3799 est
843 3754 896 3800 et
933 3751 1246 3805 resurrexit.
1285 3752 1527 3808 Humana
1567 3757 1784 3826 quidem
1827 3764 2006 3830 passio

440 3840 523 3884 est
558 3834 725 3894 mori;
763 3834 921 3905 713
957 3837 1191 3893 divinam
1230 3856 1356 3896 vero
1391 3845 1498 3897 vim
1536 3856 1698 3915 atque
1731 3855 2007 3917 operatio-

442 3937 561 3976 nem
594 3932 920 3994 resurgendo
947 3931 1185 3983 ostendit
1218 3950 1230 3985 :
1264 3943 1322 3986 ut
1351 3949 1444 4003 per
1471 3945 1760 4006 utrumque
1790 3942 1889 3996 hoc
1915 3957 2006 3997 co-

439 4023 746 4078 gnoscatur,
790 4025 843 4068 et
886 4017 1077 4074 similis
1118 4020 1303 4086 nobis,
1344 4033 1398 4078 et
1444 4026 1599 4080 nobis
1641 4031 1906 4098 superior,
1952 4043 2008 4088 ut

443 4105 581 4160 Deus
632 4107 1025 4173 universorum,
1069 4120 1121 4164 et
1181 4114 1463 4169 nobiscum
1516 4117 1708 4184 factus,
1752 4134 2007 4178 cernatur

437 4212 556 4250 cum
591 4197 765 4252 Patre.
796 4200 906 4253 lloc
935 4211 1091 4269 pacto
1121 4202 1293 4271 ipsum
1325 4222 1653 4278 cognoscens
1681 4211 2001 4280 Nathanacl,

435 4283 569 4337 dixit
626 4301 638 4336 :
695 4303 712 4335 ι
776 4286 1048 4355 Magister,
1112 4300 1164 4345 tu
1209 4308 1267 4348 es
1304 4294 1473 4351 Filius
1515 4300 1639 4367 Dei;
1707 4312 1759 4357 tu
1805 4321 1863 4360 es
1908 4322 2003 4362 rex

432 4370 680 4429 Israel".
715 4396 734 4428 ›
768 4377 885 4447 Ipse
939 4395 1068 4435 vero
1111 4383 1224 4438 suis
1279 4385 1561 4457 discipulis
1601 4392 1814 4462 inquit:
1847 4414 1866 4447 ι
1892 4396 2002 4453 Vos

433 4475 611 4518 autem
638 4468 840 4520 vocatis
871 4484 953 4521 me
981 4467 1268 4526 Dominum
1299 4484 1355 4528 et
1385 4478 1733 4549 magistrum;
1771 4496 1825 4538 et
1857 4499 2003 4543 recte

433 4555 638 4621 dicitis,
676 4571 791 4610 sum
833 4559 974 4612 enim
1005 4560 1070 4612 ³⁰.
1117 4580 1135 4611 ι
1176 4561 1252 4619 ile
1287 4579 1466 4622 autem
1504 4569 1618 4642 ipsa
1654 4573 1708 4629 id
1743 4591 1995 4647 compro-
2029 4585 2072 4639 Ι)

430 4648 582 4710 bans,
614 4651 836 4703 remittit
867 4663 1106 4720 peccata,
1135 4663 1187 4709 et
1216 4668 1533 4724 putestatem
1564 4665 1711 4720 dedit
1739 4669 1994 4727 adversus

429 4738 648 4806 spiritus
680 4741 1001 4806 immundos,
1033 4745 1105 4798 ita
1137 4756 1195 4801 ut
1224 4751 1429 4817 possint
1459 4754 1656 4820 ejicere
1684 4773 1796 4827 eos,
1827 4771 1881 4816 et
1907 4779 1994 4818 sa-

430 4842 558 4880 nare
585 4843 741 4882 omne
767 4845 936 4899 genus
968 4836 1134 4889 morbi
1166 4840 1522 4907 popularis".
1551 4844 1740 4905 Nonne
1767 4855 1909 4906 enim
1940 4856 1990 4910 in

429 4919 639 4973 nomine
679 4919 802 4974 Jesu
847 4924 1043 4980 Christi
1087 4925 1350 4987 Nazareni
1395 4949 1622 4992 sanatur
1659 4941 1883 4998 claudus
1923 4962 1988 5002 ex

427 5022 653 5079 utroque
692 5015 844 5080 pede,
885 5019 1074 5072 sedens
1114 5023 1178 5074 ad
1221 5037 1428 5091 portam
1469 5044 1586 5097 qua:
1627 5033 1822 5090 dicitur
1860 5037 1992 5108 Spe-

424 5101 565 5153 i-iosa
590 5101 670 5154 "2
697 5103 769 5155 Ita
801 5107 962 5159 etiam
994 5127 1023 5160 ιι
1056 5111 1310 5168 diuturno
1340 5121 1765 5194 gravissimoque
1801 5101 1989 5186 morbo

425 5190 681 5247 liberatus
712 5205 791 5247 cst
820 5195 1039 5264 IEneas,
1068 5201 1276 5258 (licente
1306 5208 1371 5261 ad
1403 5223 1523 5263 euut
1557 5190 1737 5271 divino
1767 5217 1932 5275 Paulo
1969 5239 1982 5274 :

428 5299 446 5331 ι
483 5280 675 5350 ΔΕηεε,
707 5299 865 5340 sanat
898 5298 946 5343 te
978 5290 1135 5348 Jcsus
1167 5295 1416 5354 Christus
1431 5299 1496 5353 ⁸⁸.
1537 5321 1554 5352 ι

491 5459 549 5511 Β.
591 5460 662 5510 lta
696 5474 794 5517 est.

494 5555 552 5601 Λ.
594 5548 750 5606 Omni
783 5556 940 5624 igitur
965 5573 1028 5613 cx
1059 5575 1210 5632 parte
1239 5572 1495 5639 compulsi
1525 5576 1589 5631 ad
1621 5580 1895 5638 veritatem
1926 5595 1980 5641 et

513 5756 553 5786 "'
583 5754 706 5808 Luc-
740 5773 773 5818 ν,
807 5760 866 5812 9..

418 5825 602 5880 "Act.
645 5841 715 5893 lx,
749 5829 837 5882 δι.

938 5764 981 5793 ³³
1006 5763 1158 5824 Rom.
1193 5785 1302 5828 xiv.
1325 5773 1442 5828 7-9.

2137 1939 2315 2008 χάριν,
2351 1939 2383 2008 ἢ
2415 1941 2498 1992 ὅτι
2526 1941 2678 1994 τοῦδε
2737 1944 2830 1996 καὶ
2867 1943 3033 2013 μόνου
3068 1942 3299 2009 τεθνεὼς
3341 1947 3435 2000 καὶ¹
3479 1947 3720 2019 ἐγηγερ-

2138 2029 2317 2100 μέκκο

2207 2121 2268 2174 Β.
2305 2122 2563 2193 Ἀραρεν.

2203 2211 2266 2262 Α.
2299 2211 2433 2264 Τίνα
2461 2213 2525 2282 δὴ
2559 2210 2669 2276 οὖν,
2715 2209 2759 2267 ὦ
2797 2219 3033 2283 γενναῖε,
3063 2217 3265 2287 φαμὲν,
3290 2217 3365 2282 ῶς
3403 2218 3575 2272 ὑπέδυ
3615 2221 3712 2288 μὶν

2131 2301 2382 2366 θάνατον,
2413 2304 2613 2357 ἀνεϐίω
2642 2305 2699 2358 δέ
2730 2302 2829 2371 αὗς

2199 2395 2258 2448 B.
2294 2395 2396 2447 Τὸν
2423 2395 2550 2449 Υἱὸν
2575 2396 2835 2467 δηλονότι.

2188 2488 2254 2539 Α.
2306 2485 2444 2539 Ἀλλ’
2470 2488 2554 2540 ὃτι
2588 2489 2686 2558 μὲν
2717 2491 2806 2542 τὸν
2848 2490 2996 2555 Υἱὸν,
3031 2486 3090 2546 εὖ
3120 2492 3316 2560 λέγεις·
3349 2495 3711 2566 ἐπαινέσομαι

2125 2575 2232 2647 γάρ
2257 2572 2370 2632 οὖν.
2403 2578 2678 2650 Ἐθέλοιμι
2706 2582 2830 2637 δ’ἀν
2862 2600 2952 2636 σου
2978 2585 3286 2655 διαμαθεῖν,
3321 2586 3548 2658 πότερον
3584 2587 3710 2658 θνη-

2123 2668 2212 2730 τὸς
2278 2670 2370 2722 καὶ
2407 2670 2584 2743 φθορᾷ
2623 2674 2855 2742 κάτοχος
2882 2676 2910 2727 6
2951 2677 3015 2727 ἐκ
3043 2676 3177 2729 Θεοῦ
3207 2679 3416 2748 Πατρδς
3453 2679 3705 2752 Λόγος,ῆ

2125 2760 2264 2829 πέρα
2301 2759 2527 2816 θανάτου
2557 2765 2649 2817 καὶ
2683 2765 2885 2834 φθορᾶς
2916 2766 3174 2833 ἀμείνων,
3209 2767 3283 2831 ὡς
3309 2768 3440 2838 ζωή.

2193 2936 2252 2991 Β.
2290 2938 2446 2992 Οὕτω
2475 2941 2636 3011 φημί.

2190 3032 2252 3080 Δ.
2288 3025 2421 3082 Εἶτα
2464 3031 2580 3096 πῶς
2629 3034 2849 3100 γέγονεν
2907 3037 2963 3087 ἐν
3001 3040 3234 3106 νεκροῖς,
3277 3039 3370 3091 καὶ
3417 3042 3702 3114 ἐλεύθερος

2119 3119 2213 3185 ῶν,
2259 3121 2399 3173 κατά
2443 3123 2542 3184 τὰς
2594 3123 2848 3193 Γραφάς;
2900 3126 3135 3198 Τεθναίη
3175 3130 3282 3199 γὰρ
3321 3131 3386 3184 ἂν
3431 3132 3548 3185 οὔτι
3599 3152 3699 3189 που

2041 3238 2082 3294 c
2118 3210 2239 3263 καθ’
2265 3213 2454 3265 ἑαυτὸν
2483 3216 2510 3266 6
2541 3216 2730 3282 Λόγος.

2188 3311 2249 3362 Β.
2284 3311 2729 3384 ’Ότιτεθνεὼσης
2763 3315 2925 3368 αὐτοῦ
2954 3317 3054 3387 τῆς
3099 3319 3319 3389 σαρκὸς,
3351 3321 3509 3384 αὐτὸς
3542 3323 3700 3376 τοῦεο

2113 3394 2329 3462 λέγεται
2361 3398 2571 3452 παθεῖν.

2183 3491 2246 3544 Δ.
2287 3489 2584 3560 Ὀρθότατά
2629 3511 2691 3560 γε
2739 3495 2833 3547 καὶ
2865 3496 3137 3561 ἀπλανῶς.
3193 3501 3423 3567 Οὐκοῦν,
3465 3504 3526 3557 ού
3573 3506 3695 3575 δὲχα

2111 3580 2332 3649 σαρκὸς.
2363 3583 2458 3634 σὺν
2487 3584 2622 3653 αὐτῇ
2655 3586 2710 3638 δὲ
2744 3587 2945 3654 μᾶλλον
2968 3591 3062 3642 καὶ
3099 3593 3216 3661 μετ’
3244 3595 3434 3664 αὐτῆς,
3471 3597 3568 3666 τὴν
3595 3601 3693 3666 τῆς

2109 3669 2430 3739 κυριότητος
2477 3673 2776 3743 ἀνεδήσατο
2831 3677 3012 3742 δόξαν,
3064 3685 3092 3735 6
3149 3682 3300 3754 νόμῳ
3356 3671 3557 3754 σαρκδς
3599 3688 3691 3739 καὶ

2109 3759 2267 3828 φύσει
2299 3765 2365 3832 τῇ
2399 3763 2521 3816 καθ’
2555 3767 2700 3835 ἡμᾶς
2733 3769 2963 3832 τεθνεὼς
3009 3773 3102 3825 καὶ
3132 3775 3532 3846 ἐγηγερμένος.
3569 3779 3688 3832 Ἀν-

2109 3851 2378 3922 θρὼπινον
2403 3856 2499 3924 μέν
2520 3856 2578 3908 τὺ
2600 3859 2850 3912 τεθνάναι
2882 3864 3074 3928 πάθος,
3123 3866 3402 3938 ἐνέργημα
3428 3869 3482 3922 δὲ
3511 3870 3687 3925 θεῖκδν

2107 3944 2165 3996 τὸ
2208 3945 2508 3999 ἀναὸιῶναι
2560 3948 2794 4015 δεικνὺς,
2853 3952 2937 4006 ἵνα
2969 3955 3036 4006 δι’
3086 3957 3285 4026 ἀμφοῖν
3330 3962 3683 4034 γνωρίζηται,

2107 4035 2229 4088 καθ’
2263 4038 2415 4106 ἡμᾶς
2443 4056 2502 4091 τε
2531 4040 2647 4109 ἅμα
2674 4043 2766 4094 καὶ
2798 4044 2937 4114 ὑπὲρ
2964 4049 3112 4116 ἡμᾶς
3141 4041 3374 4116 ὡς’Θεὸς
3395 4055 3504 4106 τῶν
3527 4057 3682 4122 ὅλων,

2106 4128 2200 4180 καὶ
2225 4129 2345 4194 μεθ’
2375 4132 2406 4200 ἡ
2418 4130 2535 4200 μῶν
2563 4137 2825 4202 γεγονὼς,
2858 4139 3029 4208 ὁρῷτο
3061 4142 3202 4210 μετά
3237 4145 3468 4215 Πατρός.
3499 4148 3685 4214 Οὕτως

2105 4217 2264 4272 αὑτὸν
2292 4222 2321 4273 6
2355 4221 2649 4295 Ναθαναὴλ
2694 4228 3093 4296 ἐπιγινώσκων,
3130 4233 3356 4304 ἔφασκεν
3411 4260 3429 4290 ι
3472 4242 3680 4305 Ῥαῦδὶ,

2106 4311 2170 4363 σὺ
2230 4308 2282 4364 εἴ
2339 4315 2367 4366 6
2435 4315 2558 4379 Υἱὸς
2619 4318 2714 4370 τοῦ
2773 4319 2939 4387 Θεοῦ,
3005 4325 3068 4378 σὺ
3119 4323 3170 4379 εἷ
3215 4331 3242 4382 6
3285 4329 3537 4399 βασιλεὺς
3588 4335 3679 4388 τοῦ

2103 4402 2342 4474 Ἰσραήλ.
2373 4424 2390 4456 ι
2414 4407 2581 4472 Αὐτὸς
2606 4410 2662 4463 δὲ
2688 4415 2799 4476 τοῖς
2819 4415 3010 4467 ἑαυτοῦ
3035 4419 3325 4490 μαθηταῖς·
3355 4443 3371 4474 ι
3406 4425 3594 4494 Ὑμεῖς
3624 4429 3679 4481 δὲ

2103 4495 2315 4550 καλεῖτέ
2359 4515 2445 4565 με,
2492 4503 2676 4570 φησὶν,
2725 4505 2751 4554 6
2802 4505 3002 4577 Κύριος
3050 4512 3143 4563 καὶ
3190 4513 3540 4580 διδάσκαλος,
3586 4521 3679 4571 καὶ

2101 4587 2280 4651 καλῶς
2313 4589 2519 4658 λέγετεο
2552 4594 2668 4663 εἰμὶ
2696 4596 2820 4666 γάρ.
2856 4617 2871 4646 ι
2913 4600 3168 4670 Ἵίργῳόὲ
3194 4606 3326 4656 αὐτὸ
3354 4611 3677 4680 πιστευόμε-

2097 4696 2206 4743 νος,
2243 4681 2425 4750 ἀνίησι
2471 4691 2569 4752 μὲν
2613 4687 2908 4758 ἁμαρτίας,
2942 4692 3190 4757 ἐξουσίαν
3229 4696 3284 4748 δὲ
3331 4697 3498 4753 ἔδωκε
3537 4703 3675 4756 κατά

2097 4773 2424 4842 πνευμάτων
2472 4777 2819 4848 ἀκαθάρτων,
2873 4783 3009 4836 ὥστε
3052 4786 3332 4841 ἐκϐάλλειν
3373 4792 3531 4854 αὐτὰ,
3580 4795 3674 4847 καὶ

2096 4862 2423 4934 θεραπεύειν
2455 4869 2632 4921 πᾶσαν
2672 4871 2824 4924 νόσον
2857 4874 2948 4926 καὶ
2983 4878 3160 4931 πᾶσαν
3201 4881 3470 4949 μαλακίαν
3505 4886 3562 4936 ἐν
3596 4885 3672 4954 τῷ

2094 4951 2229 5022 λαῷ.
2256 4949 2330 5005 Ἦ
2364 4956 2464 5008 οὐκ
2489 4958 2543 5008 ἐν
2574 4959 2796 5026 ὀνόματι
2846 4963 3016 5033 Ἰησοῦ
3054 4968 3288 5036 Χριστοῦ
3325 4971 3666 5043 Ναζωραίου,

2092 5044 2486 5111 τεθεράπευται
2537 5049 2635 5117 μὲν
2675 5052 2701 5101 ό
2738 5050 2816 5104 τὼ
2861 5056 2984 5108 πόδε
3021 5057 3419 5129 λελωϐημένος,
3467 5066 3562 5117 καὶ
3601 5070 3664 5138 τῇ

2089 5136 2266 5207 ὡραία
2307 5141 2652 5209 προσιζάνων
2699 5145 2884 5218 πύλῃς
2932 5150 3241 5219 ἀῤῥωστίαν
3283 5153 3337 5206 δὲ
3397 5154 3494 5227 τὴν
3529 5157 3670 5212 οὕτω

2089 5225 2306 5295 μακρὰν
2337 5228 2686 5298 ἀπεσείσατο,
2715 5235 2810 5285 καὶ
2853 5237 3045 5308 κομιδῇ
3076 5239 3462 5309 δυσδιάφυκτον
3486 5245 3669 5318 διέδρα

2085 5317 2239 5368 νόσον
2293 5319 2513 5383 Αἰνέας,
2573 5323 2707 5393 πρὸς
2752 5325 2810 5377 ὃν
2865 5329 2892 5379 ὁ
2937 5328 3221 5396 θεσπέσιος
3271 5335 3374 5407 ἔφη
3434 5338 3665 5405 Παῦλος·

2089 5425 2107 5458 s
2131 5408 2315 5474 Αίνὲα,
2344 5413 2485 5465 ἰᾶταί
2503 5413 2570 5466 ’σε
2610 5416 2817 5487 Ἰησοῦς
2839 5422 2865 5472 6
2890 5422 3144 5492 Χριστός.
3186 5445 3204 5477 ι

2160 5501 2218 5552 n.
2261 5501 2502 5571 Ἀληθές.

2159 5595 2220 5645 Α.
2265 5594 2608 5666 Πανταχόθεν
2645 5596 2736 5652 οὖν
2781 5601 2887 5672 ἄρα
2934 5606 3329 5680 συνωθούμενοι
3358 5615 3494 5684 πρὸς
3535 5617 3672 5690 ἀλήη

1522 5778 1740 5839 "luant.
1779 5799 1812 5850 ι,
1846 5786 1931 5841 49.
2013 5794 2016 5820 ³

2118 5811 2233 5848 nan.
2277 5813 2393 5864 τινι,
2432 5800 2518 5853 13.
2601 5802 2856 5861 “Matth.
2894 5823 2946 5872 κ,
2975 5809 3025 5862 8.
3106 5813 3148 5843 δ’
3173 5814 3292 5869 Art.
3324 5833 3404 5884 Ill,
3441 5820 3474 5872 ‘2
3506 5835 3662 5894 seqq.
