4036 6336
318 429 453 484 19.Ξῦ

1448 429 1635 497 QUOD
1680 429 1867 487 UNUS
1908 427 2019 484 SIT
2057 428 2431 483 CHRISTUS.

3448 425 3583 483 1934

316 548 486 610 οειαν,
524 550 617 600 καὶ
650 547 710 599 τὸ
752 549 859 609 τοῖς
900 547 1061 618 ἱεροῖς
1098 547 1391 619 Γρὸιμμασι
1429 546 1620 603 δοκοῦν
1668 551 1889 619 ἰχνηλα-

1994 561 2270 602 sacrarum
2313 546 2721 616 Scripturarum
2758 541 3067 600 auctoritati
3104 540 3456 611 acquiescere
3490 556 3585 597 vo-

314 640 427 690 τεῖν
467 632 524 690 εὖ
576 637 723 704 μάλα
763 636 1175 705 σπουδάζοντες,
1213 638 1306 692 καὶ
1348 640 1468 701 ταῖς
1512 638 1621 693 τῶν
1668 640 1893 709 πατρῶν

315 730 570 799 ἑπόμενοι
609 730 809 791 δόξαις,
835 730 924 780 τὸν
949 731 1013 784 ἐκ
1038 728 1193 800 ῥίζης
1236 731 1456 795 Ἰεσσαὶ,
1496 731 1586 785 τὸν
1626 734 1689 785 ἐκ
1721 733 1892 803 σπέρ-

207 811 222 823 ’
318 838 485 890 ματος
514 819 699 881 Δαόὶδ,
727 819 818 872 τὸν
847 821 911 873 ὲκ
948 821 1203 887 γυναικὸς
1240 820 1383 874 κατὰ
1416 821 1615 891 σάρκα,
1650 821 1741 874 τὸν
1773 822 1892 892 μεθ’

314 912 470 983 ἡμῶν
500 911 602 963 ὑπὸ
642 911 805 980 νόμον
842 911 919 973 ὡς
946 911 1253 982 ἄνθρωπον,
1290 912 1384 965 καὶ
1416 913 1557 983 ὑπὲρ
1584 914 1729 983 ἡμᾶς
1753 913 1893 984 ὑπὲρ

314 1004 476 1072 νόμον
503 1003 578 1064 ὡς
605 1001 755 1065 Θεὸν,
802 1003 893 1055 τὸν
916 1001 983 1053 δι’
1031 1003 1179 1073 ἡμᾶς
1230 1020 1287 1056 τε
1334 1005 1427 1057 καὶ
1461 1004 1593 1074 μεθ’
1644 1006 1803 1076 ήμῶν
1836 1009 1893 1060 ὲν

314 1093 543 1162 νεκροῖς,
570 1092 661 1143 τὸν
690 1091 829 1161 ὑπὲρ
849 1090 1074 1161 ἡμᾶςδι’
1100 1091 1289 1145 ἑαυτὸν
1317 1092 1577 1155 ζωοποιὸν
1601 1094 1694 1147 καὶ
1725 1093 1879 1163 ζωὴν,

314 1183 439 1235 Υιδν
473 1177 614 1235 εἶναι
643 1182 738 1235 τοῦ
764 1182 897 1236 Θεοῦ
930 1180 1074 1235 κατὰ
1106 1182 1364 1254 ἀλήθειαν
1394 1185 1743 1255 πιστεύομεν,
1769 1185 1888 1239 οὔτε

310 1272 591 1344 ψιλοῦντες
625 1273 875 1343 θεότητος
899 1274 960 1327 τὸ
988 1273 1353 1346 ἀνθρώπινον,
1381 1276 1505 1330 οὔτε
1536 1280 1642 1349 μὴν
1677 1277 1891 1349 ἀνθρω-

311 1362 542 1432 πότητος
572 1362 1045 1431 ἁπαμφιεννύντες
1076 1364 1168 1416 τὸν
1194 1365 1366 1435 Λόγον
1411 1367 1548 1438 μετὰ
1581 1367 1679 1437 τὴν
1715 1368 1893 1437 ἄφρα-

312 1470 436 1507 στον
465 1452 804 1523 συμπλοκὴν,
831 1452 946 1507 ἀλλ’
975 1455 1073 1508 ἕνα
1097 1456 1301 1509 καὶτὸν
1321 1458 1481 1511 αὑτὸν
1501 1459 1891 1529 ὁμολογοῦντες

312 1547 459 1612 Υἰδν,
491 1547 554 1599 ὲκ
580 1546 728 1597 δυοῖν
782 1546 1151 1617 πραγμάτοιν,
1187 1550 1267 1611 εἰς
1310 1550 1367 1601 ἓν
1402 1567 1455 1602 τι
1493 1550 1554 1603 τὸ
1592 1551 1653 1615 ἐξ
1686 1552 1890 1621 ἀμφοῖν

310 1638 637 1708 ἀπορρήτοις
697 1638 1059 1708 ὲκπεφηνότα,
1110 1639 1233 1693 καθ’
1282 1640 1474 1695 ῑνωσιν
1517 1642 1757 1713 δηλονότι
1790 1642 1891 1714 τὴν

310 1726 602 1787 ἀνωτάτω,
653 1726 747 1779 καὶ
793 1727 853 1779 οὐ
900 1727 1113 1795 φύσεως
1153 1734 1535 1805 παρατροπήν.
1575 1733 1739 1788 Ὅσον
1781 1734 1890 1805 γὰρ

309 1813 451 1867 οὕτω
485 1812 766 1879 δοξάζουσι
790 1817 1075 1887 περιέσται
1104 1818 1164 1871 τὸ
1188 1820 1397 1891 κέρδος,
1433 1825 1688 1893 σαφηνιεῖ
1715 1823 1890 1892 λέγων

309 1904 337 1954 6
359 1901 593 1973 Χριστοῦ
636 1903 909 1974 μαθητής·
944 1924 962 1957 ι
989 1907 1085 1970 Ὃς
1118 1906 1182 1961 ἂν
1216 1910 1648 1982 ὁμολογήσῃ,ὃτι
1680 1912 1889 1983 Ἰησοῦς

310 1996 456 2046 ἐστιν
485 1996 513 2047 6
561 1993 685 2050 Υἱὸς
718 1993 809 2047 τοῦ
839 1994 998 2061 Θεοῦ,
1050 1998 1079 2049 6
1127 1997 1260 2062 Θεὸς
1294 2000 1351 2052 ἐν
1394 2001 1545 2071 αὐτῷ
1582 2004 1753 2073 μένει,
1792 2004 1887 2059 καὶ

310 2084 472 2148 αὐτὸς
512 2086 569 2137 ὲν
608 2083 687 2155 τῷ
723 2084 861 2156 Θεῷ.
892 2110 910 2138 ι
965 2088 1088 2141 Ὅτι
1129 2088 1186 2141 δὲ
1232 2089 1438 2161 Ἰησοῦς
1465 2094 1699 2164 Χριστὸς
1741 2098 1770 2148 6
1821 2098 1887 2150 ἐκ

311 2174 473 2229 Δασὶδ
500 2178 641 2229 κατὰ
674 2178 875 2249 σάρκα,
907 2180 1051 2232 κατὰ
1084 2180 1243 2249 φύσιν
1270 2183 1363 2235 καὶ
1383 2183 1601 2253 ἀληθῶς
1621 2186 1747 2251 Υἱός
1770 2188 1886 2242 ἐστι

309 2266 403 2320 τοῦ
432 2266 590 2329 Θεοῦ,
615 2267 747 2321 καθὸ
768 2270 961 2336 γέγονε
996 2271 1133 2342 σὰρξ
1182 2274 1211 2324 6
1234 2273 1425 2341 Λόγος,
1457 2276 1550 2328 καὶ
1579 2278 1887 2349 ἐσκήνωσεν

311 2362 369 2412 ἑν
414 2361 544 2429 ἡμῖν
568 2397 583 2421 ,
649 2366 1052 2432 κατασφραγιεῖ
1093 2363 1266 2431 λέγων
1312 2366 1340 2417 6
1391 2368 1550 2435 σοφὸς
1615 2370 1890 2441 Ἰωάννηςο

319 2470 335 2501 ι
362 2450 470 2503 Καὶ
505 2450 726 2521 οἴδαμεν
759 2453 839 2505 ὅτι
874 2455 902 2505 6
940 2454 1065 2517 Υἱὸς
1101 2456 1191 2509 τοῦ
1224 2455 1361 2510 Θεοῦ
1391 2460 1536 2527 ἥκει,
1566 2463 1658 2514 καὶ
1694 2463 1893 2518 ἔδωκεν

312 2543 444 2609 ἡμῖν
482 2539 743 2603 διάνοιαν,
780 2542 865 2593 ἵνα
909 2542 1271 2614 γινώσκωμεν
1312 2546 1403 2598 τὸν
1440 2548 1695 2618 ἀληθινὸν
1739 2551 1891 2615 Θεὸν,

313 2630 407 2682 καὶ
440 2629 608 2698 ισμὲν
639 2630 696 2681 ἐν
740 2629 816 2700 τῷ
849 2630 1111 2701 ἀληθινῷ,
1159 2634 1216 2685 ἐν
1252 2633 1330 2703 τῷ
1360 2634 1474 2704 Υιῷ
1508 2636 1671 2689 αὑτοῦ
1716 2637 1889 2708 Ἰησοῦ

313 2718 550 2789 Χριστῷ.
579 2715 747 2783 Οὗτός
796 2722 945 2774 ἐστιν
971 2724 999 2775 6
1026 2721 1278 2792 ἀληθινὸς
1308 2724 1439 2789 Θεὸς
1478 2728 1571 2778 καὶ
1601 2725 1713 2797 ζωὴ
1760 2727 1890 2780 αἰώ-

312 2825 442 2873 νιος,
471 2827 491 2860 ι
527 2811 619 2863 καὶ
650 2811 717 2863 δι’
753 2811 918 2865 αὐτοῦ
948 2830 1031 2877 τε,
1075 2814 1167 2867 καὶ
1200 2815 1296 2867 σὺν
1326 2814 1492 2884 αὐτῷ,
1531 2814 1607 2885 τῷ
1641 2815 1761 2886 Θεῷ
1796 2818 1893 2871 καὶ

314 2900 487 2970 "arpi.
526 2902 557 2971 ἡ
592 2900 717 2963 δόξα
762 2903 861 2955 σὺν
905 2902 1045 2974 ἁγίῳ
1089 2905 1386 2974 Πνεῦματι,
1418 2906 1497 2969 εἰς
1526 2907 1652 2968 τοὺς
1690 2904 1892 2971 αἰῶνας

310 2990 420 3043 ’τῶν
454 2990 685 3045 αἰώνων.
738 2992 929 3064 Ἀμήν.

381 3127 427 3157 ³⁵
452 3126 470 3182 Ι
494 3128 648 3183 Joan.
681 3143 754 3195 tv,
783 3129 868 3187 l5.
945 3130 1163 3188 "Joan.
1200 3150 1236 3200 ι,
1272 3134 1361 3188 14.
1436 3134 1481 3167 ³⁸
1504 3134 1524 3189 l
1549 3134 1706 3192 Joan.
1731 3151 1789 3203 τ,
1820 3136 1911 3192 20.

1995 638 2197 702 lentes,
2235 648 2290 693 et
2321 638 2542 691 Patrum
2583 638 2907 692 sententiam
2947 643 3269 704 sequentes,
3310 632 3587 687 credimus

1990 744 2116 785 eum
2149 731 2241 798 qui
2273 744 2339 783 ex
2372 729 2555 785 radice
2582 727 2775 793 Jessze,
2806 725 2896 797 qui
2928 741 2994 781 ex
3025 724 3232 780 semine
3262 723 3454 786 David,
3486 722 3581 792 qui

1994 836 2057 876 ex
2101 822 2320 891 Virgine
2364 822 2662 878 secundum
2711 833 2965 882 carnem,
3014 818 3106 888 qui
3150 817 3435 872 nobiscum
3483 814 3587 870 sub

1995 912 2112 983 lege
2152 922 2235 966 est
2276 920 2333 965 ut
2378 912 2559 977 homo,
2601 920 2656 966 et
2699 926 2861 979 supra
2910 924 3027 971 nos,
3071 921 3233 980 supra
3286 907 3483 979 legem,
3527 915 3587 961 ut

1994 1003 2161 1070 Deus,
2192 1004 2281 1072 qni
2314 1013 2535 1073 propter
2565 987 2973 1058 nosinobiscum
3003 1007 3088 1055 est
3123 1001 3267 1055 inter
3298 1008 3583 1064 mortuos;

1992 1095 2082 1165 qui
2114 1109 2274 1163 supra
2306 1110 2402 1149 nos
2430 1108 2527 1165 per
2550 1094 2786 1165 seipsum
2816 1101 2901 1149 est
2926 1092 3206 1147 viviﬁcans
3235 1098 3290 1145 et
3316 1090 3460 1157 vita;
3497 1104 3586 1145 re-

1994 1203 2121 1242 vera
2162 1201 2283 1243 esse
2325 1186 2521 1241 Filium
2564 1187 2680 1242 Dei.
2717 1183 2902 1255 Neque
2943 1182 3338 1237 humanitatem
3384 1180 3579 1236 divini-

1997 1286 2105 1332 tate
2149 1279 2437 1341 nudantes,
2482 1291 2659 1347 neque
2701 1290 2889 1330 rursus
2931 1282 3193 1330 ementes
3237 1272 3586 1329 humanitate

1994 1366 2254 1434 Verbum,
2289 1380 2411 1437 posr
2443 1367 2586 1427 illam
2619 1365 2945 1422 ineﬂabilem
2979 1365 3251 1437 copulam,
3288 1364 3380 1420 sed
3414 1380 3583 1421 unum

1992 1468 2151 1528 atque
2179 1462 2427 1513 eumdem
2461 1458 2929 1528 proﬂtentcs'esse
2966 1457 3184 1520 Filium,
3219 1456 3310 1527 qui
3344 1471 3411 1511 ex
3449 1456 3589 1511 dua-

1992 1551 2093 1605 bus
2132 1549 2293 1605 rebus
2337 1551 2389 1605 in
2433 1565 2599 1605 unum
2646 1548 2774 1619 quid
2819 1563 2887 1604 ex
2932 1547 3196 1603 ambobus
3238 1545 3588 1603 ineﬂahiliter

1991 1642 2325 1713 apparuerit,
2364 1641 2661 1698 secundum
2701 1640 2953 1696 unionem
2994 1639 3250 1694 nimirum
3291 1654 3584 1701 summam.

1991 1748 2099 1789 non
2127 1741 2307 1788 autem
2333 1731 2635 1788 secundum
2659 1740 2869 1789 natura:
2896 1730 3281 1786 mutationem.
3303 1728 3583 1796 Quantum

1991 1825 2137 1881 enim
2181 1825 2272 1895 qui
2319 1825 2393 1881 ita
2438 1825 2683 1880 sentiunt
2726 1823 3063 1881 lucrifacturi
3106 1823 3246 1887 sint,
3288 1821 3583 1878 manifeste

1920 1892 1963 1947 Β
1992 1892 2231 1970 declarat
2262 1912 2468 1969 Christi
2503 1912 2798 1982 discipulus
2830 1913 3019 1968 dicens
3050 1929 3063 1965 :
3100 1931 3117 1961 ι
3152 1910 3416 1980 Quisquis
3446 1926 3582 1966 con—

1994 2006 2171 2063 fessus
2204 2005 2365 2063 fuerit
2398 2008 2654 2079 quoniam
2684 2004 2843 2061 Jesus
2872 2014 2959 2059 est
2988 2004 3157 2060 Filius
3195 2005 3317 2069 Dei;
3360 2004 3585 2059 Deus-in

1992 2113 2059 2154 eo
2099 2108 2323 2164 manet,
2368 2108 2425 2153 et
2469 2099 2584 2169 ipse
2630 2098 2682 2153 in
2730 2097 2933 2154 Deo“.
2987 2117 3007 2151 ι
3058 2097 3214 2165 Quod
3259 2112 3387 2153 vero
3427 2097 3589 2153 .lesns

1994 2191 2248 2246 Christus
2272 2191 2361 2259 qui
2394 2200 2478 2246 est
2505 2206 2570 2245 ex
2601 2190 2768 2247 David
2799 2191 3096 2246 secundum
3121 2190 3462 2255 carnem,,sit
3492 2205 3586 2244 ua-

1998 2280 2245 2336 turaliter
2274 2295 2337 2334 ac
2366 2296 2492 2336 vere
2527 2280 2698 2337 Filius
2733 2281 2850 2347 Dei,
2886 2291 3153 2353 quatenus
3182 2280 3415 2335 Verbum
3456 2297 3588 2337 caro

1996 2370 2195 2425 factum
2234 2379 2347 2432 est.
2386 2381 2440 2425 et
2480 2372 2745 2427 habitavit
2786 2372 2839 2427 in
2886 2372 3039 2427 nobis
3064 2373 3131 2437 ⁸⁸,
3169 2373 3455 2427 conﬁrmat
3497 2388 3588 2428 sa-

1993 2462 2146 2530 piens
2190 2460 2278 2515 ille
2324 2460 2562 2517 Joannes
2605 2463 2794 2517 dicens
2835 2480 2848 2515 :
2899 2480 2916 2513 ι
2973 2462 3036 2515 Et
3080 2462 3287 2517 scimus
3327 2463 3585 2533 quoniam

2004 2551 2171 2606 Filius
2200 2551 2290 2606 Dei
2319 2552 2493 2616 venit,
2519 2562 2575 2607 et
2599 2552 2747 2607 dedit
2776 2552 2932 2607 nobis
2958 2568 3181 2608 sensum
3210 2566 3268 2607 ut
3294 2568 3590 2623 cognosca-

1998 2657 2118 2697 mus
2170 2656 2355 2697 verum
2412 2641 2625 2711 Deum,
2677 2654 2731 2697 et
2773 2643 2946 2699 simus
2992 2646 3044 2699 in
3099 2659 3225 2699 vero
3267 2644 3387 2713 ejus
3429 2643 3586 2697 Filio.

1998 2731 2163 2804 714
2189 2731 2286 2787 llic
2312 2744 2394 2788 est
2420 2749 2581 2789 verus
2611 2734 2771 2800 Deus,
2799 2744 2853 2789 et
2880 2736 2988 2789 vita
3015 2744 3219 2791 :eterna
3240 2735 3284 2766 "
3308 2755 3319 2797 ;
3359 2754 3376 2787 ι
3410 2744 3463 2789 et
3495 2750 3590 2803 per

1996 2822 2204 2891 ipsum,
2236 2834 2290 2877 et
2322 2838 2444 2877 eum
2480 2824 2595 2893 ipso
2630 2825 2738 2879 Deo
2769 2840 2831 2879 ac
2859 2824 3009 2880 Patri
3042 2827 3209 2896 gloria
3243 2842 3365 2880 eum
3401 2834 3590 2879 saneto

2000 2911 2225 2984 Spiritu,
2261 2915 2312 2969 in
2348 2916 2542 2970 saecula
2577 2917 2918 2973 saeculorum.
2950 2920 3140 2972 Amen.

340 3312 3569 3367 mw

1502 3489 1802 3605 ΤΟΥ
1884 3492 2376 3608 ΑΥΤΟΥ

1022 3735 1316 3873 ΟΤΙ
1414 3744 1676 3869 ΕΙΣ
1764 3743 1881 3875 Ο
1976 3746 2708 3880 ΧΡΙΣΤΟΣ
2781 3746 2859 3870 ⁸.

1617 4152 2251 4269 EJUSDEM

1094 4381 1426 4488 QUOD
1506 4388 1819 4479 UNUS
1890 4391 2080 4480 SIT
2154 4396 2780 4486 CHRISTUS.

384 4713 449 4765 Α.
490 4712 846 4784 ιίαθημὸιτων
886 4716 989 4787 μὲν
1024 4717 1135 4770 τῶν
1161 4719 1325 4789 ἱερῶν
1358 4723 1521 4795 κόρος
1572 4726 1638 4779 ἂν
1681 4729 1887 4797 γένοιτο

2066 4734 2355 4791 Sacrarum
2415 4739 2822 4807 disciplinarum
2883 4750 3046 4812 atque
3103 4741 3368 4798 doctrinae
3430 4745 3574 4798 nulla

309 4803 586 4869 παντελῶς
631 4806 804 4869 οὐδεὶς
855 4811 968 4872 τοῖς
1021 4827 1084 4878 γε
1134 4812 1347 4884 άληθῶς
1411 4818 1735 4891 ἀρτίφροσι,
1794 4827 1886 4879 καὶ

309 4894 506 4961 γνῶσιν
538 4898 617 4959 εἰς
642 4897 781 4951 νοῦν·
795 4900 893 4969 τὴν
922 4899 1184 4963 ζωοποιδν
1211 4911 1654 4981 σονεγηγερκόσι.
1681 4914 1885 4986 Γέγρα-

312 5002 441 5039 πται
462 4986 591 5056 γάρ’
638 5006 657 5039 ι
688 4989 809 5042 Ὅτι
830 4991 931 5044 οὐκ
952 4994 1038 5046 ἐπ’
1070 4995 1218 5066 ἄρτῳ
1246 4998 1392 5068 μόνῳ
1421 5000 1645 5069 ζήσεται
1677 5005 1889 5076 ἄνθρω-

314 5094 432 5140 πος,
472 5078 590 5132 ἀλλ’
621 5081 713 5133 ἐπὶ
769 5084 931 5135 παντὶ
962 5086 1168 5155 ῥήματι
1193 5089 1610 5162 ἐκπορευομένῳ
1648 5094 1734 5148 διὰ
1766 5096 1887 5149 στό-

312 5183 480 5237 ματος
506 5166 662 5222 Θεοῦ.
694 5189 712 5220 ι
747 5170 932 5241 Τροφὴ
960 5174 1068 5244 γὰρ
1096 5175 1212 5240 νοῦ,
1252 5178 1279 5229 6
1304 5178 1459 5245 λόγος
1492 5182 1519 5233 6
1550 5184 1701 5253 παρὰ
1730 5184 1886 5248 Θεοῦ,

308 5255 402 5307 καὶ
425 5254 590 5344 ᾇρτος
614 5260 1001 5329 πνευματικὸς,
1032 5265 1301 5333 στηρίζων
1321 5266 1606 5339 ἀνθρώπου
1637 5274 1884 5344 καρδίαν,

306 5343 447 5397 κατὰ
475 5343 537 5397 τό
562 5346 621 5399 ὲν
649 5346 815 5419 βίϐλῳ
850 5350 1092 5421 Ψαλμῶν
1133 5356 1485 5427 ὑμνούμενον.

377 5435 435 5488 Β.
472 5432 544 5490 Εὖ
574 5437 775 5505 λέγεις.

378 5527 441 5577 Α.
494 5526 761 5599 Ἑλλήνων
786 5534 883 5601 μὲν
931 5532 1021 5589 οὖν
1052 5541 1099 5590 οἱ
1126 5541 1277 5608 σοφοὶ
1307 5543 1400 5594 καὶ
1440 5542 1659 5611 λογάδες
1686 5548 1879 5601 τεθαυο

396 5683 436 5713 ³⁷
466 5684 650 5741 Mattli.
679 5704 749 5755 ιν,
775 5690 827 5744 4.
914 5692 956 5723 ³⁸
982 5690 1120 5747 Psal.
1156 5709 1272 5759 cm,
1310 5697 1396 5753 l5.

1993 4826 2151 4896 plane
2180 4838 2262 4882 est
2294 4829 2552 4895 satietas,
2588 4832 2653 4885 iis
2687 4832 2777 4902 qui
2817 4846 3005 4887 revera
3042 4843 3191 4888 recte
3221 4836 3494 4899 sentiunt,
3525 4845 3582 4891 et

1994 4918 2355 4972 viviﬁcantem
2404 4922 2649 4976 notitiam
2701 4933 2883 4977 mente
2936 4925 3254 4979 hauserunt.
3304 4925 3579 4994 Scriptum

1995 5017 2079 5061 est
2108 5010 2251 5063 enim
2286 5029 2297 5063 :
2336 5030 2355 5063 ι
2392 5012 2524 5078 Quia
2562 5030 2664 5069 non
2703 5015 2751 5067 in
2787 5014 2903 5068 solo
2932 5030 3069 5084 pane
3102 5016 3244 5068 vivet
3278 5017 3459 5084 homo,
3488 5020 3582 5073 sed

1996 5096 2047 5150 iu
2079 5100 2223 5153 oumi
2257 5102 2422 5155 verbo
2454 5104 2595 5169 quod
2630 5104 2870 5172 procedit
2902 5120 2963 5157 es
2995 5120 3090 5159 ore
3127 5106 3216 5159 Dei
3243 5107 3307 5159 ".
3347 5126 3366 5159 ι
3397 5106 3585 5162 Nutri-

1994 5199 2233 5244 meutum
2264 5194 2407 5245 enim
2442 5196 2639 5249 mentis
2671 5205 2751 5248 est
2785 5196 3007 5249 verbum
3046 5197 3162 5261 Dei,
3194 5210 3247 5252 et
3280 5200 3435 5266 panis
3469 5200 3581 5269 spi-

1993 5280 2206 5336 ritualis
2232 5282 2566 5340 conﬁrmans
2591 5301 2656 5340 ac
2686 5289 2952 5341 roborans
2978 5302 3071 5342 cor
3094 5288 3363 5353 hominis;
3392 5305 3583 5359 quem-

1990 5373 2281 5429 admodum
2313 5377 2363 5431 in
2392 5376 2626 5434 Psalmis
2657 5382 2959 5435 canitur".

2066 5463 2123 5518 Β.
2168 5463 2333 5521 Recte
2366 5469 2464 5522 ais.

2062 5553 2125 5607 Α.
2168 5552 2461 5611 Gentilium
2515 5556 2730 5628 quidem
2784 5568 3057 5630 sapientes
3108 5569 3443 5614 venustatem
3502 5561 3580 5616 dl-

385 5866 397 5882 '
435 5865 681 5943 Dialogus
714 5872 799 5927 hic
838 5873 886 5927 iu
912 5875 1147 5933 editione
1175 5878 1399 5935 Auberti
1440 5898 1720 5945 perperam
1752 5897 2067 5943 muneratur
2096 5905 2266 5946 nonus
2295 5907 2358 5944 ex
2392 5891 2477 5945 his
2514 5894 2602 5961 qui
2638 5909 2756 5948 eum
2784 5892 3000 5950 Hermia
3037 5896 3206 5951 hahiti
3242 5908 3384 5953 sunt.
3416 5896 3570 5952 Enn.
