4036 6336
460 401 599 458 1255

1442 396 1499 455 S.
1541 393 1813 452 CYRILLI
1852 387 2315 448 ALEXANDRINI
2354 386 2675 446 ARCHli-ZP.

3561 382 3700 437 ίὲὕθ

458 514 613 571 condi
639 506 882 566 admirati
909 509 1154 574 fuerunt,
1182 509 1649 581 eloquentiamque
1674 525 1883 564 summo
1907 518 2015 562 stu-

2145 507 2334 560 ιάκασι
2374 506 2435 558 τὸ
2482 501 2791 565 καλλιέπὲς.
2853 500 2946 554 καὶ¹
2984 501 3091 554 τῶν
3132 501 3213 554 ὅτι
3268 496 3499 568 μάλιστα
3568 513 3699 548 κατο

456 606 546 662 dio
572 601 841 666 aﬂectant,
864 610 920 656 et
945 602 1126 657 subtili
1158 603 1440 656 verborum
1471 610 1663 655 ornatu
1692 599 2014 671 gloriantur,

456 694 823 761 orationisque
855 707 1045 761 pompa
1075 707 1137 746 ac
1170 693 1306 748 fastu
1340 693 1696 747 delectantur.
1730 692 1805 744 Ac
1834 698 2014 758 poeta—

457 802 573 840 rum
604 784 817 852 quidem
850 785 1102 837 materies
1133 797 1216 837 est
1250 784 1609 846 mendacium,
1638 782 1721 835 cui
1757 780 2019 850 rhythmis

455 877 565 929 suis
600 890 661 928 ac.
696 876 935 929 numeris
969 878 1193 944 gratiam
1230 884 1283 929 et
1314 885 1643 927 venustatem
1678 873 1896 925 addunt.
1919 868 2023 923 Ve-

457 965 638 1019 ritatis
675 974 853 1017 autem
887 979 1142 1033 perquam
1171 964 1361 1033 exigua
1395 963 1460 1016 ab
1491 963 1569 1016 eis
1604 962 1740 1015 ratio
1774 960 2021 1023 habetur,

456 1070 585 1122 quin
630 1064 807 1123 potius
848 1069 1056 1109 summa
1092 1054 1337 1107 laborant
1373 1052 1548 1121 inepia
1588 1065 1729 1105 verae
1770 1049 2024 1118 utilisque

459 1150 761 1207 sententia,
790 1146 855 1197 de
889 1145 1018 1203 Deo.
1052 1144 1293 1213 inquam.
1328 1143 1655 1197 naturaliter
1681 1157 1745 1197 ac
1772 1150 1900 1195 vere
1928 1149 2026 1195 ex-

459 1236 700 1299 sistente,
730 1244 785 1288 et
818 1245 875 1288 ut
908 1233 1109 1289 Paulus
1145 1235 1317 1303 inquit
1354 1252 1367 1287 :
1404 1252 1424 1286 ι
1467 1233 1816 1287 Evanuerunt
1850 1231 1902 1285 in
1936 1246 2029 1286 co-

460 1326 804 1396 gitationibus
847 1326 989 1389 suis,
1028 1332 1083 1379 et
1121 1325 1468 1380 obscuratum
1510 1333 1594 1378 est
1634 1323 1897 1391 insipiens
1936 1336 2031 1375 cor

459 1432 666 1472 eorum.
701 1417 947 1473 Dicentes
976 1419 1121 1472 enim
1154 1432 1213 1472 se
1238 1433 1362 1471 esse
1392 1418 1687 1486 sapientes,
1718 1416 1865 1469 stulti
1902 1408 2027 1468 iacti

460 1519 619 1571 sunt.
653 1516 704 1563 et
741 1516 1084 1563 mutaverunt
1122 1507 1349 1578 gloriam
1386 1506 1811 1574 incorruptibilis
1847 1503 1940 1557 Dei
1979 1505 2029 1558 in

462 1597 863 1653 similitudinem
894 1597 1143 1667 imaginis
1172 1596 1539 1665 corruptibilis
1571 1595 1828 1657 hominis,
1855 1601 1911 1647 et
1940 1607 2033 1646 vo-

463 1688 690 1750 lucrum,
722 1696 774 1741 et
804 1687 1233 1757 quadrupedum,
1266 1695 1319 1740 et
1350 1686 1683 1755 serpentium
1707 1685 1773 1737 ".
1816 1702 1834 1735 ι

538 1902 601 1957 Β.
641 1901 714 1957 Ita
747 1911 851 1959 est.

532 2035 596 2090 Α.
642 2034 715 2089 De
740 2035 805 2088 iis
834 2034 1011 2102 itaque
1039 2048 1135 2103 per
1153 2050 1339 2091 vocem
1365 2036 1514 2091 Isaiae
1544 2037 1682 2093 Deus
1712 2038 1783 2093 ita
1816 2040 1987 2107 inquit
2016 2056 2029 2094 :

467 2130 667 2184 Scitote
694 2129 816 2198 quia
841 2118 978 2181 cinis
1002 2137 1083 2183 est
1107 2145 1200 2184 cor
1220 2145 1427 2195 eorum,
1451 2141 1499 2185 et
1527 2141 1730 2185 errant.
1755 2131 1915 2201 715
1938 2134 2034 2187 Διά

465 2236 568 2289 que
602 2221 652 2273 hi
689 2221 899 2286 quidem
936 2220 1006 2271 ita
1043 2218 1215 2272 affecti
1260 2232 1403 2274 sunt.
1441 2220 1540 2286 Qui
1579 2236 1706 2275 vero
1745 2223 2030 2292 impiarum

466 2312 751 2365 haeresiutn
794 2319 1044 2364 auctores
1077 2312 1435 2374 exstiterunt,
1475 2313 1667 2381 impuri
1704 2323 1866 2382 atque
1905 2330 2033 2383 apo-

467 2412 658 2463 stata},
709 2400 909 2467 quique
962 2400 1224 2453 adversus
1273 2401 1505 2453 divinam
1560 2400 1785 2470 gloriam
1837 2403 2034 2456 buccas

469 2509 597 2547 suas
639 2494 896 2558 dilatant,
943 2507 1195 2562 perversa
1252 2494 1568 2564 nefarieque
1620 2495 1935 2564 loquentes,
1980 2495 2032 2548 in

470 2586 636 2640 nihilo
665 2586 949 2651 minorem,
979 2590 1086 2641 imo
1118 2586 1373 2655 majorem
1404 2602 1560 2655 quam
1592 2587 1841 2657 gentiles,
1870 2587 2037 2657 impe-

473 2674 649 2727 ritiam
681 2674 914 2743 prolapsi
966 2690 1082 2730 esse
1131 2688 1441 2731 cernuntur.
1492 2675 1673 2747 Longe
1700 2679 1840 2731 enim
1869 2680 2037 2733 satius

471 2764 658 2820 [uisset
691 2780 785 2820 eos
812 2767 953 2819 viam
985 2766 1228 2821 veritatis
1260 2784 1362 2822 non
1393 2771 1711 2839 cegnovisse
1732 2812 1747 2836 ,
1777 2787 1938 2839 quam
1974 2788 2034 2826 ea

470 2857 717 2926 cognita,
765 2867 1059 2913 retrorsum
1115 2859 1399 2915 deﬂectere
1451 2878 1480 2913 a
1535 2872 1723 2916 sancto
1773 2872 2037 2931 prmcepto

472 2950 617 3016 quod
650 2950 779 3017 ipsis
812 2951 989 3003 datum
1023 2959 1127 3005 est.
1150 2952 1363 3005 Accidit
1393 2954 1535 3006 enim
1572 2954 1675 3006 illis
1700 2953 1851 3020 juxta
1878 2957 2042 3009 veris-

472 3040 667 3107 simum
703 3042 1042 3108 proverbium
1079 3058 1093 3093 :
1131 3058 1150 3091 ι
1186 3042 1352 3096 Canis
1387 3058 1635 3098 reversus
1668 3046 1733 3097 ad
1767 3060 1919 3100 suum
1953 3061 2039 3099 vo-

474 3131 686 3196 mitum,
720 3141 773 3184 et
793 3146 884 3186 sus
930 3131 1035 3186 lota
1059 3132 1110 3186 in
1132 3132 1471 3188 volutabrum
1496 3135 1636 3191 casui
1662 3136 1897 3190 revoluta
1918 3135 1981 3189 ⁸ο.
2016 3156 2032 3185 ι

2055 1835 2101 1891 Β

2122 595 2577 664 εσπουδασμενων
2609 594 2737 663 παρ’
2760 590 2943 656 αὐτοῖς
2985 594 3101 644 ἑστι
3146 590 3207 643 τὸ
3236 588 3573 658 ἀλληγορεϊν,
3604 587 3700 638 καὶ

2119 689 2305 758 ψιλαῖς
2349 686 2609 757 ῥημάτων
2652 682 2951 753 ἑπαυχοῦσι
3003 681 3312 751 κομψείαις,
3355 678 3448 732 καὶ
3494 677 3573 749 τῷ
3602 678 3701 745 τῆς

2120 778 2321 846 λέξεως
2349 776 2738 846 ἑνασρύνονται
2766 774 2983 843 κόμπῳ.
3040 772 3150 825 Καὶ
3172 769 3270 842 ῦλη
3305 770 3400 840 μιν
3428 771 3701 838 ποιηταῖς.

2123 868 2184 920 τὸ
2213 866 2427 936 ψεῦδος,
2455 865 2685 936 ῥυθμοῖς
2714 866 2808 917 καὶ
2840 863 3057 933 μέτροις
3086 863 3165 923 εἰς
3193 861 3255 914 τὸ
3275 858 3495 930 ἐπίχαρι
3522 874 3580 910 τε
3608 857 3704 910 καὶ

2125 958 2358 1028 ἐμμελὲς
2409 956 2881 1027 ὲκτετορευμένον,
2948 952 3099 1022 ὀλίγη
3160 951 3217 1005 δὲ
3270 950 3547 1013 παντελῶς
3602 949 3704 1018 τῆς

2127 1049 2383 1120 ἀληθείας
2409 1049 2647 1119 φροντὶς,
2675 1047 3062 1119 ηρρωστήκασι
3086 1043 3146 1097 δὲ
3172 1042 3266 1097 καὶ
3309 1045 3507 1097 σπάνιν
3531 1040 3703 1110 ὀρθῆς

2128 1142 2223 1195 καὶ
2268 1140 2591 1209 ὀνησιφόρον
2639 1138 2816 1207 δόξης,
2869 1136 2966 1205 τῆς
3010 1134 3102 1190 ἐπί
3136 1150 3222 1202 γε,
3266 1132 3429 1203 φημὶ,
3460 1132 3537 1201 τῷ
3563 1130 3709 1184 κατά

2131 1230 2291 1302 φῦσιν
2323 1231 2416 1283 καὶ
2447 1222 2663 1301 ἀληθῶς
2691 1228 2804 1281 δντι
2830 1226 2969 1297 Θεῷ,
3004 1224 3205 1296 μᾶλλον
3229 1224 3285 1277 δὲ
3318 1223 3460 1277 καθά
3487 1240 3652 1293 φησιν
3679 1222 3711 1274 ὁ

2133 1320 2419 1393 ἱερώτατος
2472 1320 2711 1382 Παῦλος·
2780 1336 2798 1371 ι
2830 1316 3281 1389 Ἑματαιώθησαν
3330 1316 3389 1368 ὲν
3429 1317 3540 1377 τοῖς
3587 1313 3711 1365 διαο

2130 1413 2407 1481 λογισμοῖς
2448 1409 2649 1475 αὐτῶν,
2692 1410 2786 1464 καὶ⁵
2827 1406 3113 1479 ἐσκοτίσθη
3154 1408 3190 1478 ὴ
3227 1406 3484 1469 ἀσύνετος
3527 1403 3710 1459 αὐτῶν

2133 1502 2346 1572 καρδία.
2387 1501 2690 1565 Φάσκοντες
2732 1498 2869 1554 εἶναι
2911 1500 3085 1571 σοφοὶ,
3138 1498 3558 1569 ἐμωράνθησαν.
3613 1498 3713 1552 καὶ

2134 1593 2367 1663 ἦλλαξαν
2395 1594 2494 1663 τὴν
2516 1592 2675 1658 δόξαν
2708 1592 2803 1645 τοῦ
2837 1589 3114 1661 ἀφθάρτου
3153 1588 3289 1642 Θεοῦ
3318 1591 3375 1642 ἑν
3403 1587 3712 1659 ὁμοιώματι

2135 1686 2341 1747 εἰκόνος
2370 1683 2609 1755 φθαρτοῦ
2630 1682 2940 1754 ἀνθρώπου,
2965 1683 3060 1735 καὶ
3082 1680 3368 1749 πετεινῶν,
3400 1683 3494 1737 καὶ
3517 1698 3713 1752 τετρα-

2136 1776 2333 1838 πόδων,
2363 1778 2456 1828 καὶ
2486 1775 2751 1846 ἑρπετῶν.
2774 1794 2793 1825 ι

2211 1910 2270 1963 B.
2325 1907 2567 1978 Ἀληθές.

2208 2040 2271 2092 Δ.
2324 2040 2468 2109 Ἔφη
2523 2038 2652 2106 γοῦν
2696 2038 2825 2108 περὶ
2867 2037 3046 2091 αὐτῶν
3091 2036 3185 2091 διὰ
3222 2037 3405 2108 φωνῆς
3455 2036 3683 2090 Ἡσαΐου

2138 2130 2302 2191 Θεός·
2341 2130 2519 2181 Γνῶτε
2564 2130 2645 2179 ὅτι
2682 2129 2872 2190 σποδὸς
2905 2130 2938 2197 ή
2980 2128 3179 2198 καρδία
3208 2127 3408 2191 αὐτῶν,
3444 2129 3535 2180 καὶ
3571 2127 3712 2180 πλα-

2140 2221 2356 2274 νῶνται.
2400 2219 2539 2271 Ἀλλ’
2582 2213 2682 2271 ὦδε
2720 2219 2818 2287 μὲν
2847 2218 2915 2271 τὰ
2946 2220 3187 2273 ἐκείνων.
3239 2219 3307 2271 Οἵ
3347 2235 3409 2286 γε
3461 2217 3568 2288 μὴν
3601 2218 3717 2272 τῶν

2139 2311 2366 2366 ἀνοσίων
2398 2310 2663 2381 αἱρέσεων
2697 2311 2916 2380 εὑρεταὶ
2954 2311 3259 2377 γεγονότες.
3306 2310 3356 2361 οί
3397 2307 3612 2379 βέϐηλοί
3651 2324 3717 2361 τι

2143 2404 2235 2457 καὶ
2286 2403 2605 2468 ἀποστάται,
2660 2403 2755 2454 καὶ
2810 2403 2908 2469 τῆς
2967 2402 3115 2465 θείας
3167 2401 3322 2471 δόξης
3362 2400 3421 2453 τὸ
3477 2400 3715 2473 ἀκρατὲς

2143 2497 2346 2551 ἑαυτῶν
2400 2497 2823 2563 κατενρύνοντες
2887 2496 3098 2565 στόμα,
3161 2494 3254 2549 καὶ
3318 2494 3601 2557 λαλοῦντες
3646 2493 3719 2547 τά

2142 2590 2585 2659 διεστραμμένα,
2659 2588 3105 2656 καταφωραθεέν
3166 2586 3232 2639 ἂν
3280 2585 3380 2638 οὐκ
3424 2586 3481 2638 ἑν
3534 2584 3717 2653 μείοσι

2142 2682 2379 2750 γραφαῖς
2414 2679 2512 2749 τῆς
2562 2678 2830 2747 Ἑλλήνων
2854 2676 3199 2747 ἀῦελτηρίας,
3230 2676 3287 2741 ἐξ
3308 2674 3564 2737 ἀπονοίας
3590 2673 3721 2727 ὠλι-

2146 2772 2426 2843 σθηκότες,
2454 2770 2485 2839 ἢ
2512 2769 2650 2839 τάχα
2675 2785 2775 2821 πον
2815 2770 2909 2820 καὶ
2959 2770 3017 2821 ἐν
3049 2770 3163 2831 τοῖς
3197 2768 3468 2820 ἐπέκεινα.
3523 2767 3721 2835 Κρείτ-

2144 2880 2235 2915 τον
2258 2862 2363 2931 γὰρ
2392 2856 2458 2929 ἦν
2492 2860 2672 2921 αὐτοῖς
2706 2859 2777 2928 μὴ
2804 2859 3175 2925 ἐπεγνωκέναι
3203 2856 3301 2929 τὴν
3325 2857 3442 2909 ὁδὸν
3461 2856 3560 2923 τῆς
3588 2855 3722 2925 ἀλη-

2146 2954 2316 3017 θείας,
2350 2954 2381 3021 ἢ
2412 2950 2800 3018 ἐπεγνωκόσιν,
2835 2950 2913 3012 είς
2948 2949 3015 3002 τά
3062 2950 3236 3003 ὀπίσω
3260 2948 3580 3018 ἀνακάμψαι
3610 2947 3724 3001 ἀπὸ

2144 3046 2241 3114 τῆς
2265 3044 2505 3113 δοθείσης
2533 3044 2714 3105 αὐτοῖς
2740 3040 2900 3108 ἀγίας
2930 3041 3166 3109 ἐντολῆς.
3189 3041 3380 3108 Γέγονε
3404 3040 3511 3111 γὰρ
3537 3041 3722 3103 αὐτοῖς

2145 3133 2204 3186 τὸ
2229 3132 2326 3203 τῆς
2352 3131 2581 3201 ἀληθοῦς
2598 3132 2915 3201 παροιμίας,
2940 3149 2959 3182 ι
2986 3131 3145 3185 Κύων
3170 3131 3503 3200 ἐπιστρέψας
3536 3129 3628 3183 ἐπὶ
3659 3130 3721 3184 τὸ

475 3222 824 3290 lllaspbemite
847 3226 990 3279 enim
1018 3226 1067 3278 in
1091 3225 1365 3280 Christum
1391 3228 1638 3294 obnoxii,
1666 3229 1824 3282 veluti
1855 3238 2034 3282 truces

2145 3224 2271 3278 ἴδιον
2311 3223 2575 3293 ἐξέραμα,
2626 3224 2719 3276 καὶ
2754 3216 2815 3285 ῦς
2851 3223 3161 3293 λουσαμένη
3195 3224 3273 3285 είς
3309 3222 3549 3292 κύλισμα
3597 3222 3722 3292 βορ-

475 3312 691 3380 quidam
715 3324 873 3382 atque
895 3315 1153 3369 immanes
1180 3316 1310 3383 lupi,
1329 3317 1609 3370 devastant
1632 3332 1819 3387 greges
1840 3320 2041 3384 ovium,

478 3416 575 3469 pro
609 3403 804 3472 quibus
838 3403 1085 3458 Christus
1122 3415 1367 3461 mortuus
1403 3417 1516 3471 est,
1553 3418 1604 3461 et
1637 3409 1896 3478 diripiunt
1927 3426 2045 3478 quin

479 3492 645 3559 ipsius
688 3503 843 3558 sunt,
891 3508 1269 3551 coacervantes
1300 3497 1402 3552 sibi
1450 3500 1580 3566 ipsis
1612 3515 1729 3567 qum
1772 3516 1878 3553 non
1925 3512 2047 3556 sunt

478 3586 748 3654 ipsorum,
792 3587 931 3639 sicut
975 3587 1233 3655 scriptum
1283 3597 1396 3653 est;
1446 3601 1498 3642 ct
1542 3601 1827 3659 gravantes
1862 3594 2045 3662 juguet

481 3677 719 3743 ipsorum
749 3676 976 3741 fortiter,
1002 3679 1067 3730 tle
1094 3678 1287 3747 quibus
1316 3683 1508 3733 merito
1538 3684 1643 3736 dici
1674 3686 1840 3751 possit
1869 3703 1883 3738 :
1916 3702 1934 3735 ι
1968 3684 2045 3739 Ex

483 3764 634 3817 nobis
667 3764 928 3827 exierunt,
954 3765 1045 3818 sed
1065 3777 1345 3820 nouerant
1373 3783 1439 3823 ex
1474 3771 1661 3833 nobis,
1704 3791 1723 3824 ›
1749 3786 2047 3842 opportune

480 3851 621 3905 enim
659 3854 756 3904 hoc
787 3852 851 3906 de
886 3852 1211 3919 ejuscemodi
1243 3856 1551 3911 hominibus
1582 3875 1609 3911 a
1646 3863 1798 3915 nobis
1832 3865 2045 3915 dicitur.

481 3940 619 3995 Sunt
657 3942 797 3995 enim
841 3945 1078 3998 nonnulli
1122 3946 1210 4015 qui
1256 3947 1502 4015 imperite
1546 3952 1827 4005 admodum
1868 3957 2051 4023 unige-

484 4032 651 4087 nitum
682 4034 773 4085 Dei
798 4033 1029 4088 Verbum
1057 4050 1306 4104 suprema
1334 4037 1421 4093 illa
1446 4041 1765 4095 excellentia
1792 4045 2047 4111 spoliare,

481 4131 535 4175 et
573 4122 640 4174 ab
683 4123 987 4191 aequalitate
1026 4140 1148 4179 cum
1192 4127 1300 4181 Deo
1341 4144 1403 4182 ac
1443 4128 1599 4184 Patre
1637 4132 1923 4188 excludere
1960 4150 2051 4187 co.

482 4220 698 4277 nantur,
739 4214 1251 4269 consubstantialem
1300 4218 1472 4286 ipsum
1517 4234 1635 4273 esse
1682 4232 1957 4292 negantes,
1998 4234 2051 4278 et

486 4304 784 4355 naturalem
828 4303 1301 4374 omnimodatnque
1347 4310 1681 4365 identitatem
1723 4313 1770 4365 ei
1820 4315 2052 4367 tribuere

487 4404 818 4447 recusantes.
859 4395 960 4447 Alii
1004 4409 1131 4450 vero
1174 4396 1415 4452 eamdem
1460 4397 1575 4453 fere
1621 4411 1780 4469 atque
1824 4403 1875 4456 lti
1919 4420 2053 4472 quos

488 4484 719 4537 diximus
755 4487 893 4537 viam
931 4485 1273 4553 insistentes,
1310 4498 1472 4556 atque
1512 4492 1563 4541 in
1606 4494 1736 4545 retia
1775 4495 1964 4547 mortis
1999 4506 2052 4548 et

486 4574 732 4641 laqueum
778 4574 973 4628 inferni
1018 4576 1272 4647 prolapsi,
1310 4552 1577 4649 Unigeniti
1624 4585 1937 4650 mysterium
1982 4588 2048 4640 ab
2088 4552 2129 4605 Β

487 4666 953 4720 administratione
1002 4668 1053 4720 in
1102 4682 1265 4722 carne
1310 4672 1423 4723 sive
1468 4672 1835 4726 incarnatione
1878 4674 2049 4729 seclu-

488 4756 620 4808 dunt
644 4769 707 4808 ac
735 4766 1007 4823 separant,
1032 4768 1084 4810 et
1112 4760 1273 4812 simili
1308 4763 1692 4829 propemodum
1723 4774 1882 4830 atque.
1910 4767 2049 4820 aliiui

490 4862 610 4899 cum
642 4847 909 4915 prioribus
942 4848 1044 4903 illis
1073 4852 1305 4905 amentia
1338 4853 1605 4909 laborant.
1645 4856 1718 4909 llli
1753 4860 1895 4911 enim
1920 4858 2052 4913 Ver.

491 4936 617 4991 bum
654 4953 717 4991 ex
761 4940 867 4992 Deo
906 4940 1065 4995 Patre
1100 4943 1337 5011 genitum
1373 4946 1532 4997 etiam
1570 4960 1692 5001 ante
1728 4950 2051 5004 incarnatio-

492 5043 635 5090 nem.
682 5030 977 5085 divinitatis
1022 5032 1338 5086 excellentia
1388 5045 1645 5104 quantum
1698 5040 1747 5091 in
1801 5041 1929 5109 ipsis
1975 5051 2055 5095 est

494 5121 723 5188 Spoliant
771 5138 784 5173 :
839 5122 888 5175 lii
935 5137 1062 5177 vero
1112 5127 1273 5178 etiam
1324 5130 1606 5183 incarnato
1652 5129 1829 5186 Verbo
1878 5134 2053 5188 inieSti

494 5218 647 5274 sunt,
690 5218 745 5265 et
788 5210 1079 5266 beneﬁcam
1130 5214 1298 5284 ipsius
1347 5218 1573 5286 gratiam
1621 5235 1723 5288 qua
1768 5221 2052 5277 humanam

494 5310 737 5353 naturam
774 5302 1085 5371 complexus
1119 5315 1223 5368 est,
1256 5316 1459 5360 tantum
1497 5326 1598 5364 non
1637 5311 1941 5381 improbant
1974 5324 2056 5367 at—

494 5406 597 5459 que
632 5394 878 5446 incusant
910 5412 923 5447 :
960 5410 1062 5448 non
1098 5407 1243 5450 recte
1274 5396 1371 5450 sibi
1403 5401 1738 5457 consuluisse
1770 5418 1889 5456 eum
1924 5420 2053 5459 con-

498 5483 774 5537 tendentes
800 5485 943 5552 quod
968 5501 1181 5539 carnem
1214 5492 1591 5558 assumpserit,
1619 5509 1783 5562 seque
1813 5497 2056 5550 exinani-

498 5572 660 5637 verit;
694 5573 806 5627 sive
840 5576 979 5643 quod
1019 5574 1192 5631 factus
1225 5579 1294 5632 sit
1330 5582 1507 5645 ltOnto,
1542 5585 1791 5651 quodque
1825 5588 1872 5638 in
1912 5598 2053 5641 terra

570 5748 611 5779 “
636 5747 787 5803 Rom.
826 5766 859 5806 ι.
892 5752 951 5804 21
990 5751 1075 5807 23.
1154 5754 1254 5808 "ll
1287 5754 1427 5810 Petr.
1466 5773 1520 5819 tt,
1556 5758 1643 5821 ‘ll,
1677 5761 1765 5812 ἐξ.

2146 3315 2328 3384 δόρον.
2356 3334 2372 3364 ι
2409 3316 2793 3385 Διεμερίσαντο
2824 3315 2930 3385 γὰρ
2958 3314 3053 3383 τῆς
3090 3313 3227 3366 κατὰ
3255 3313 3491 3383 Χριστοῦ
3516 3313 3725 3380 δνσφης⁸

2150 3407 2275 3475 μίας
2299 3405 2365 3458 τὰ
2392 3406 2734 3475 ἐγκλήματα,
2773 3406 2867 3457 καὶ
2893 3398 2980 3457 οἷά
3010 3421 3152 3466 τινες
3186 3403 3339 3456 λύκοι
3386 3404 3600 3473 δριμεῖς
3628 3402 3725 3455 καὶ

2148 3497 2355 3566 πικροὶ,
2382 3497 2809 3564 διαλομαίνονται
2837 3499 2948 3558 τοῖς
2974 3497 3266 3565 ποιμνίοις,
3318 3497 3455 3565 ὑπὲρ
3487 3489 3560 3546 ὧν
3588 3496 3720 3567 Χρι-

2150 3587 2268 3649 στος
2310 3588 2566 3651 ἀπέθανε,
2605 3589 2693 3640 καὶ
2739 3588 3100 3657 διαρπάζουσι
3148 3588 3216 3640 τὰ
3286 3588 3469 3650 αὑτοῦ,
3515 3586 3725 3655 πληθύ-

2148 3694 2335 3739 νοντες
2366 3680 2578 3741 ἑαυτοῖς
2617 3680 2683 3731 τὰ
2704 3679 2802 3731 οὐκ
2829 3680 2955 3731 ὄντα
2987 3680 3188 3745 αὐτῶν,
3219 3680 3359 3731 καθά
3394 3680 3724 3749 γέγραπται,

2149 3771 2242 3822 καὶ
2277 3770 2601 3840 βαρύνοντες
2627 3772 2717 3822 τὸν
2745 3771 2920 3823 κλοιὸν
2948 3771 3124 3824 αὐτῶν
3168 3770 3455 3841 στιϐαρῶς,
3500 3771 3624 3838 περὶ
3651 3764 3725 3822 ὧν

2150 3860 2214 3912 ἂν
2258 3861 2466 3927 λέγοιτο
2505 3868 2596 3913 κἰὶ
2630 3862 2773 3930 μάλα
2811 3864 3053 3923 εἰκότως·
3108 3880 3125 3912 ι
3162 3862 3251 3925 Ἐξ
3290 3862 3444 3931 ἡμῶν
3481 3859 3756 3929 ἑξῆλθον,.

2152 3950 2264 4003 ἀλλ’
2322 3952 2420 4002 οὐκ
2484 3948 2621 4020 ἦσαν
2677 3954 2736 4017 ἐξ
2797 3954 2971 4023 ἡμῶν.
3010 3973 3027 4003 ›
3094 3953 3395 4023 Οῦγαροῦν.
3457 3951 3597 4003 Ἀλλ’
3647 3953 3724 4011 εἰς

2152 4041 2337 4110 καιρὸν
2369 4044 2499 4111 ἡμῖν
2528 4046 2554 4095 ὁ
2588 4044 2713 4113 περί
2746 4061 2806 4110 γε
2838 4043 2943 4095 τῶν
2974 4044 3228 4096 τοιούτων
3260 4044 3501 4113 κρίνεται
3546 4041 3721 4110 λόγος.

2152 4133 2595 4199 Κατακομίζουσι
2633 4134 2731 4201 μὲν
2773 4134 2882 4205 γὰρ
2915 4128 3189 4197 ἀσυνέτως
3233 4134 3376 4196 τινὲς
3426 4133 3516 4186 τὸν
3562 4149 3721 4203 μονο-

2151 4223 2279 4292 γενῆ
2307 4221 2398 4275 τοῦ
2457 4222 2588 4274 Θεοῦ
2633 4224 2802 4289 Λόγον
2835 4226 2933 4292 τῆς
2976 4225 3285 4294 ὑπερτάτης
3315 4224 3607 4293 ὑπεροχῆς,
3634 4224 3726 4276 καὶ

2153 4312 2539 4377 ὑποὸιόἀζονσι
2566 4314 2664 4383 τῆς
2699 4314 2939 4385 ἰσότητος
2963 4318 3061 4387 τῆς
3099 4318 3232 4386 πρὸς
3262 4316 3351 4369 τὸν
3384 4317 3604 4385 Πατέρα
3634 4316 3725 4367 καὶ

2152 4402 2303 4467 Θεὸν,
2344 4404 2440 4473 οὐχ
2468 4403 2751 4471 ὁμοούσιον
2788 4402 2924 4457 εἶναι
2960 4407 3205 4474 λέγοντες
3235 4408 3415 4469 αὐτὸν,
3460 4406 3583 4459 οὔτε
3616 4405 3721 4474 μὴν

2156 4498 2356 4565 φυσικῇ
2427 4496 2517 4546 καὶ
2597 4497 2999 4567 ἀπαραλλάκτῳ
3074 4500 3360 4567 ταυτότητι
3430 4496 3725 4566 στεφανοῦν

2156 4584 2447 4647 ἐθέλοντες.
2490 4582 2709 4655 ’Ἐτεροι
2747 4587 2803 4638 δὲ
2846 4591 2961 4651 τοῖς
2995 4589 3401 4659 ὡνομασμένοις
3431 4590 3529 4659 τὴν
3560 4589 3730 4656 αὐτὴν

2157 4673 2343 4745 ὥσπερ
2396 4675 2678 4743 ἐρχόμενοι
2722 4676 2923 4746 τρίϐον,
2974 4681 3066 4731 καὶ
3098 4681 3178 4741 εἰς
3227 4680 3424 4744 παγίδα
3473 4679 3722 4739 θανάτου,

2158 4765 2249 4817 καὶ
2296 4768 2373 4827 εἰς
2412 4766 2679 4836 πέτανρον
2723 4767 2851 4835 ᾅδου
2898 4768 3419 4831 κατολισοεαίνοντες,
3454 4768 3552 4837 τῆς
3595 4768 3728 4838 μετὰ

2159 4858 2361 4927 σαρκὸς
2390 4860 2697 4926 οἰκονομίας
2744 4859 2837 4913 τοῦ
2871 4860 3207 4930 Μονογενοῦς
3241 4860 3635 4932 παρευθύνουσι
3672 4861 3730 4911 τὺ

2164 4948 2481 5019 μυστήριον,
2516 4950 2606 5001 καὶ
2638 4950 2875 5021 ἀδελφὴν
2902 4951 3091 5024 ὥσπερ
3121 4955 3232 5015 τοῖς
3265 4952 3501 5022 πρώτοις
3544 4953 3730 5021 ἐπιτη-

2160 5039 2372 5093 δεύουσι
2416 5040 2512 5111 τὴν
2550 5044 2827 5097 ἀπόνοιαν.
2874 5047 2935 5098 Oi
2972 5048 3070 5117 μὲν
3102 5048 3232 5117 γὰρ,
3266 5046 3419 5102 οῦπω
3454 5064 3728 5118 σεσαρκω-

2166 5128 2322 5196 μένον
2373 5128 2464 5181 τὸν
2513 5132 2574 5183 ὲκ
2619 5133 2754 5186 Θεοῦ
2797 5134 3005 5205 Πατρὺς
3042 5135 3215 5204 φύντα
3247 5136 3437 5202 Λόγον,
3485 5136 3591 5189 τῶν
3637 5137 3731 5205 τῆς

2163 5217 2414 5287 θεότητος
2449 5220 2758 5291 ὑψωμάτων
2805 5227 3083 5295 μονονουχὶ
3124 5226 3543 5299 κατασὺροντες.
3575 5228 3634 5280 τό
3671 5244 3729 5293 γε

2161 5306 2293 5379 ἧκον
2324 5313 2409 5362 ἐπ’
2443 5314 2644 5378 αὐτοῖς,
2678 5316 2857 5367 ἁλοῖεν
2888 5317 2950 5369 ἄν
2972 5332 2984 5345 ·
3024 5318 3072 5369 οἱ
3098 5317 3173 5382 δὲ,
3213 5320 3307 5372 καὶ
3333 5320 3733 5389 σεσαρκωμένῳ

2165 5404 2419 5473 πολεμεῖν
2466 5406 2759 5473 ἐγνώκασι,
2808 5408 3087 5478 μονονουχὶ
3134 5409 3229 5463 καὶ
3276 5409 3635 5479 ἐπιτιμῶντες
3688 5411 3734 5461 οί

2164 5493 2381 5563 θρασεῖς
2426 5499 2493 5566 τῇ
2544 5497 2910 5568 φιλανθρώπῳ
2972 5500 3176 5569 χάριτι,
3228 5502 3327 5553 οὐκ
3375 5500 3507 5569 epes
3552 5500 3735 5569 βεϐου-

2160 5584 2383 5639 λεῦσθαι
2421 5588 2557 5657 τάχα
2599 5605 2698 5643 πον
2748 5588 3155 5661 διατεινόμενοι,
3196 5592 3282 5645 διὰ
3316 5592 3374 5646 τὸ
3414 5590 3737 5662 ἀνασχέσθαι
