4036 6336
272 456 406 514 ηδτ
1436 432 1624 502 QUOD
1666 421 1855 489 UNUS
1896 430 2004 485 SIT
2045 425 2415 485 cttmsTUS.
3429 411 3568 467 1-238

268 570 496 643 σαρκὸς,
539 568 633 620 καὶ¹
677 567 784 617 τῶν
821 562 917 632 τῆς
954 559 1232 620 κενώσεως
1283 555 1523 625 μέτρων,
1574 554 1740 622 ἥγουν
1782 550 1862 603 ὅτι

1975 548 2305 617 apparuerit.
2332 555 2385 598 ct
2410 557 2531 596 cum
2557 537 2871 593 hominibus
2892 540 3143 591 versatus
3167 532 3260 594 sit,
3284 544 3407 585 cum
3435 529 3564 583 alio-

271 666 490 732 γέγονεν
535 657 842 726 ἅνθρωπος,
882 654 975 706 καὶ
1012 652 1105 705 ἐπὶ
1147 651 1244 720 τῆς
1275 650 1376 717 γῆς
1406 648 1584 715 ῶφθη,
1634 645 1725 696 καὶ
1755 648 1863 704 τοῖς

1574 688 1584 703 .
1634 645 1725 696 καὶ
1755 648 1863 704 τοῖς
1972 642 2060 708 qui
2091 640 2162 693 sit
2193 649 2383 690 natura
2414 634 2585 697 Deus,
2614 643 2667 686 et
2697 630 2873 684 Patris
2901 641 3167 684 assessor.

270 753 581 823 ἀνθρώποις
615 744 1054 813 συνανεστράφη,
1088 741 1264 793 καίτοι
1296 738 1427 800 Θεὸς
1448 737 1523 788 ὢν
1555 734 1737 803 φύσει,
1772 733 1864 785 καὶ

244 832 524 913 ’σύνεδρος
552 838 630 908 τῷ
666 837 859 905 Πατρί.
2042 908 2076 915 ,μ
2148 907 2181 915 λ
2423 903 2473 915 ..
2616 902 2648 915 ..
2691 901 2700 913 .

342 937 401 987 B.
434 902 615 999 '1:qu
663 928 760 999 μὲν
787 902 997 997 ’ὀρθῶφ

2042 908 2101 961 Β.
2146 907 2311 961 Recte
2344 903 2563 974 quidem
2598 902 2752 958 dicis.
3288 985 3321 999 ﬂ

440 985 929 1091 Kata'ticslxpdiazrat
1025 1013 1119 1071 οὖν
1146 1016 1246 1085 τῆς
1281 1016 1339 1068 ἐν
1369 1014 1577 1085 ἀμφοῖν
1623 1010 1866 1081 ἀμαθίας

2044 1003 2107 1053 Α.
2151 997 2431 1053 Occlainat
2464 1009 2595 1049 vero
2632 994 2919 1047 amborum
2958 986 3244 1057 imperitia:
3288 985 3572 1056 Scriptura

268 1122 301 1189 ἡ
344 1078 723 1178 θεόπνευστος,
754 1078 968 1183 Γραφὴ,
1021 1078 1423 1181 πρεσϐεύουσαί
1454 1078 1724 1175 τάληθὲς,
1770 1103 1862 1155 καὶ

1978 1091 2232 1145 divinitus
2282 1088 2584 1156 inSpirata,
2647 1083 2937 1137 veritatem
3004 1079 3163 1133 nobis
3214 1078 3572 1139 cdisserens.

395 1208 493 1276 μὲν
538 1206 649 1276 γὰρ
682 1170 1139 1268 ϋέκέίνοιςιλόγον
1189 1197 1399 1269 ἀδρανῆ
1450 1197 1543 1249 καὶ
1582 1170 1864 1263 ἁσύφηλον

1978 1192 2137 1252 atque
2172 1182 2385 1236 illorum
2412 1178 2633 1248 quidem
2668 1175 2909 1230 rationes
2936 1186 3104 1226 vanas
3130 1187 3195 1225 ac
3217 1170 3445 1226 stolidas
3478 1172 3572 1223 de-

270 1264 671 1365 ὰποφαίνούσα,
698 1294 966 1362 ἐφιστᾶσα
994 1264 1193 1353 δέήταῖς
1220 1264 1321 1359 τῆς
1350 1264 1605 1358 θεότητος
1634 1284 1864 1356 τρίϐοις,

1980 1275 2189 1328 clarans
2222 1313 2237 1336 ,
2260 1272 2428 1343 716
2456 1284 2549 1325 eos
2582 1283 2712 1322 vero
2747 1267 2839 1337 qui
2874 1264 3060 1321 subtili
3108 1274 3275 1333 atque
3310 1279 3574 1319 accurato

270 1358 404 1452 τοὺς.
440 1387 608 1459 ισχνῷ
655 1358 860 1438 τενκαὶ
920 1381 1141 1453 ἀκριϐεῖ
1179 1378 1419 1443 διανοίας
1468 1379 1678 1449 ὄμματι
1730 1391 1864 1429 κατ-

1976 1368 2173 1422 mentis
2196 1367 2356 1421 oculo
2389 1364 2710 1434 mysterium
2744 1359 2886 1429 quod
2926 1360 2979 1413 in
3012 1359 3116 1413 hoc
3153 1358 3285 1412 latet
3318 1369 3570 1414 content-

272 1449 459 1546 αθρεῑν
489 1449 748 1536 έίωθότας
778 1472 839 1525 τὸ
864 1472 951 1525 ἐπ’
975 1449 1126 1539 αὐτῷ
1156 1472 1478 1543 μυστήριον.

1972 1463 2107 1533 plari
2146 1463 2344 1523 solent.
2373 1462 2441 1515 ad
2478 1458 2730 1515 semitam
2768 1454 3071 1510 divinitatis
3104 1452 3399 1507 deducens.

342 1545 402 1621 Β.
443 1564 596 1624 Τίνες
625 1563 669 1615 δ’
695 1562 761 1615 ἂν
790 1559 923 1626 εἷεν,
949 1563 998 1614 οί
1028 1562 1128 1630 τὴν
1154 1559 1299 1614 οὕτω
1328 1560 1537 1629 σεπτὴν
1572 1556 1666 1611 καὶ
1692 1555 1865 1627 ἀπόρ-

2043 1554 2105 1608 Β.
2145 1553 2377 1621 Quinam
2431 1563 2563 1605 vero
2615 1549 2726 1604 sint
2771 1547 2806 1599 ii
2858 1546 2953 1615 qui
3005 1548 3142 1601 adeo
3204 1545 3576 1600 venerandam

275 1658 436 1727 ῥητον
464 1654 557 1705 τοῦ
591 1653 842 1725 Σωτῆρος
871 1652 1206 1721 οἰκονομίαν,
1252 1651 1484 1713 ἀνοσίως
1511 1648 1869 1717 κεκιϐδηλευ-

1981 1658 2135 1718 atque
2178 1642 2512 1701 ineﬂ'abilem
2545 1640 2860 1696 Senatoris
2904 1639 3076 1693 nostri
3110 1638 3575 1707 dispensationem

274 1744 427 1806 κότες
462 1742 665 1811 (ἔοικας
714 1742 823 1812 γάρ
871 1742 933 1793 ού
973 1741 1210 1811 μετρίως
1259 1742 1347 1793 ἐπ’
1386 1739 1539 1810 αύτῷ
1582 1738 1649 1809 δὴ
1693 1736 1868 1807 τούτῳ

1984 1741 2349 1796 adulterarum
2384 1735 2612 1809 (videris
2641 1732 2786 1789 enim
2824 1731 2955 1786 mihi
3003 1747 3108 1785 non
3147 1745 3344 1800 parum
3379 1730 3483 1786 hac
3511 1731 3578 1786 de

274 1834 606 1905 δυσφορεῖν),
643 1834 879 1903 ἐθέλοιμ’
907 1832 973 1885 ἂν
999 1831 1363 1887 διαπυθέσθαι
1396 1850 1514 1886 σου.

1973 1848 2138 1889 causa
2167 1840 2477 1887 commotus
2507 1828 2675 1899 esse),
2705 1827 2866 1881 velim
2890 1840 2958 1881 ex
2990 1835 3041 1879 te
3072 1838 3428 1894 cognoscere.

344 1929 406 1979 A.
443 1925 820 1996 Διατεκμαίρῃ
877 1924 1081 1987 καλῶς.
1136 1924 1327 1994 Ζηλῶν
1371 1924 1481 1994 γὰρ
1511 1916 1762 1996 ἐζήλωσα
1792 1924 1871 1995 τῷ
1902 1910 1938 1966 Π

2053 1926 2119 1979 Α.
2164 1924 2336 1979 Recte
2360 1922 2598 1993 judicas.
2632 1921 2762 1977 Zeto
2794 1922 2941 1976 enim
2988 1919 3197 1975 zelatus
3236 1935 3355 1975 sum
3393 1919 3580 1974 Domi-

274 2018 486 2088 Κυρίῳ,
522 2018 616 2069 καὶ
649 2017 785 2087 πρός
808 2033 871 2085 γε
903 2017 1055 2070 τουτὶ
1086 2018 1565 2088 κατατεθηγμένος
1595 2016 1745 2070 ἀλύω
1776 2016 1868 2069 καὶ

1981 2033 2127 2072 num.
2162 2016 2329 2086 Angit
2360 2030 2491 2069 vero
2531 2030 2616 2069 me
2664 2024 2720 2068 et
2766 2014 2985 2083 quidem
3033 2012 3410 2074 vehementer.
3454 2020 3575 2067 cum

280 2110 502 2180 σφόδρα.
550 2108 621 2160 Τὸ
665 2108 721 2159 δὲ
772 2109 893 2160 ὅποι
942 2108 1071 2160 ποτὲ
1128 2109 1599 2179 καταστρέψωσιν
1648 2110 1697 2160 οἱ
1742 2107 1872 2178 παρ’

1984 2124 2191 2163 mecum
2220 2123 2327 2162 non
2357 2108 2563 2176 absque
2603 2106 2797 2159 timore
2849 2105 3029 2174 cogito
3065 2118 3305 2173 quonam
3362 2104 3578 2159 illorum

278 2202 499 2254 ἐκείνων
540 2202 685 2268 λόγοι
711 2241 725 2264 ,
762 2200 909 2252 δέδια
960 2200 1233 2270 καθορῶν.
1268 2200 1380 2271 Τὴν
1425 2201 1534 2270 γάρ
1566 2218 1649 2253 τοι
1689 2217 1871 2272 παρα-

1987 2216 2259 2257 sermones
2291 2203 2404 2257 sint
2434 2200 2678 2256 evasuri.
2713 2196 2900 2252 Fidem
2932 2198 3078 2252 enim
3126 2198 3287 2252 nobis
3319 2198 3581 2252 traditam

278 2293 524 2346 δοθεῖσαν
556 2296 688 2363 ἡμῖν
733 2292 1015 2345 νοθεύουσι
1066 2295 1273 2356 πίστιν,
1304 2293 1599 2364 δράκοντος
1634 2292 1872 2362 ἁρτιφα-

1986 2304 2359 2364 eorrumpunt,
2389 2294 2645 2349 draconis
2673 2306 2864 2347 recens
2894 2290 3026 2345 editi
3068 2290 3305 2345 inventis
3342 2300 3580 2355 utentes,

279 2384 404 2445 νοῦς
438 2383 711 2453 εὑρήμασι
748 2382 1103 2452 κεχρημένοι,
1138 2384 1233 2436 καὶ
1272 2384 1396 2444 ταῖς
1430 2380 1539 2433 τῶν
1576 2380 1873 2433 ἁπλουστέ-

1992 2397 2033 2442 3t
2066 2388 2248 2441 inania
2278 2386 2528 2456 qtttedam
2555 2399 2619 2439 ac
2644 2399 2806 2446 vana,
2830 2384 3233 2452 dementiazque
3268 2386 3427 2455 plena
3452 2383 3586 2454 dog-

287 2492 391 2543 ρων
438 2474 637 2544 ψυχαῖς
685 2475 764 2526 lae
800 2475 956 2544 δίκην
1005 2476 1327 2544 ἐγχέοντες,
1374 2473 1564 2545 ψυχρά
1610 2490 1733 2527 τινα
1780 2472 1875 2526 καὶ

1610 2490 1733 2527 τινα
1780 2472 1875 2526 καὶ
1984 2490 2130 2534 mata
2158 2479 2555 2550 simpliciorum
2595 2477 2791 2531 animis
2817 2475 3185 2531 infundentes.

283 2565 688 2637 διεστραμμένα
712 2568 805 2618 καὶ
835 2566 1168 2635 ἁϐελτηρίας
1196 2563 1421 2634 ἐμπλεω
1443 2602 1457 2616 .

356 2658 415 2709 Β.
460 2654 598 2711 Εἶτα
641 2657 722 2720 τίς
755 2658 783 2709 6
827 2656 1133 2727 ἀρτιφανής
1175 2658 1292 2710 ἐστι
1328 2655 1567 2726 δράκων,
1616 2656 1778 2707 ὁποῖα
1823 2653 1879 2707 δὲ

2055 2658 2114 2712 Β.
2160 2657 2422 2724 Quisnam
2470 2671 2635 2727 porro
2688 2657 2758 2712 sit
2804 2657 2972 2711 draco
3020 2656 3125 2710 iste
3160 2669 3351 2710 recens
3388 2656 3584 2721 editus,

284 2748 421 2805 ἄττα
456 2751 522 2803 τὰ
570 2752 699 2821 παρ’
743 2750 908 2803 αὑτοῦ
954 2750 1386 2821 πεφλυαρημένα
1437 2749 1582 2802 κατὰ
1618 2748 1727 2801 τῶν
1780 2752 1878 2819 τῆς

1995 2758 2035 2803 at
2062 2750 2241 2819 qualia
2270 2752 2486 2803 tandem
2521 2750 2631 2803 sint
2660 2765 2722 2804 ea
2747 2764 2867 2818 quas
2887 2751 3150 2806 adversus
3181 2750 3431 2806 veritatis
3456 2752 3589 2822 dog-

284 2843 544 2913 άληθείας
573 2843 883 2913 δογμάτων,
920 2844 1165 2914 ἐρομένῳ
1194 2844 1427 2914 φράσον.
1648 2864 1649 2867 η

1648 2864 1649 2867 η
1987 2855 2130 2897 mata
2163 2844 2486 2906 deblaterat,
2515 2842 2751 2912 explica,
2783 2843 3032 2898 obsecro.

357 2940 422 2990 Α.
474 2936 805 3006 Ἀρτιφανὴς
839 2936 937 3005 μὲν
961 2935 1201 3006 δράκων,
1233 2937 1261 2987 6
1295 2934 1509 2997 σκολιὸς
1548 2935 1754 2998 ούτοσῖ,
1786 2934 1880 2988 καὶ

2050 2937 2114 2990 Α.
2158 2935 2369 2989 Recens
2408 2935 2628 3004 quidem
2666 2935 2830 2989 draco
2869 2946 2953 3015 est
3001 2948 3235 3005 nequam
3282 2937 3372 2992 ille
3411 2947 3467 2992 et
3499 2948 3588 2992 Ve-

289 3028 353 3099 ίῴ
384 3027 689 3097 μεθύουσαν
712 3027 850 3097 ἔχων
876 3026 974 3097 τὴν
1004 3026 1275 3095 γλῶτταν,
1297 3028 1325 3079 6
1350 3029 1417 3098 τῇ
1450 3028 1745 3108 παραδόσει
1771 3029 1883 3081 τῶν

1991 3044 2127 3083 neno
2152 3029 2500 3081 temulentam
2526 3026 2731 3082 habens
2756 3028 3017 3096 linguam,
3039 3029 3260 3097 quique,
3277 3039 3585 3100 contempta

287 3120 387 3190 τῆς
433 3119 759 3189 οἰκουμένης
800 3118 1205 3188 μυσταγωγῶν,
1248 3118 1447 3189 μᾶλλον
1494 3120 1551 3171 δέ
1598 3120 1691 3173 καὶ
1732 3120 1881 3193 πάσῃ

1994 3118 2279 3172 traditione
2324 3132 2515 3171 eorum
2563 3118 2655 3187 qui
2714 3118 2906 3172 orbem
2948 3129 3219 3173 terrarum
3262 3135 3421 3175 sacra
3470 3134 3588 3192 my-

290 3215 355 3283 τῇ
388 3210 731 3281 θεοπνεύστῳ
764 3211 953 3281 Γραφῇ
985 3211 1270 3281 μονονουχὶ
1296 3212 1510 3283 χαίρειν
1534 3212 1724 3276 εἰπὼν,
1760 3229 1884 3265 και·-

1996 3210 2155 3263 steria
2191 3210 2513 3273 docuerunt,
2566 3207 2677 3261 imo
2723 3208 2906 3276 potius
2952 3209 3207 3263 universa
3244 3223 3402 3265 sacra
3441 3208 3590 3265 Scri-

290 3306 597 3375 νοτομήσας
622 3303 679 3357 δὲ
707 3302 767 3355 τὸ
797 3304 948 3374 αύτῷ
977 3303 1189 3364 δοκοῦν,
1236 3304 1328 3356 καὶ
1353 3304 1618 3356 Θεοτόκον
1653 3304 1749 3373 μὲν
1782 3304 1883 3357 οὐκ

1994 3311 2145 3371 ptura
2175 3302 2356 3355 valere
2382 3302 2559 3369 jussa,
2600 3299 2873 3368 rebusque
2904 3300 3058 3353 novis
3094 3314 3193 3370 pro
3230 3315 3336 3355 sua
3365 3301 3588 3357 libidine

291 3390 425 3447 εἶναι
475 3393 651 3462 λέγων
702 3394 802 3464 τὴν
842 3393 1005 3463 ἁγίαν
1059 3394 1361 3466 Παρθένον,
1409 3394 1779 3465 Χριστοτὸκον
1827 3395 1883 3447 δέ

1995 3391 2349 3452 introductis,
2390 3399 2635 3443 sanctam
2682 3386 2957 3458 Virginem
3006 3387 3293 3456 Deiparam
3329 3404 3449 3445 esse
3496 3407 3589 3445 ne-

296 3488 496 3557 μᾶλλον
541 3489 635 3541 καὶ
663 3488 1079 3558 ἁνθρωποτόκον
1110 3506 1124 3521 ·
1176 3490 1340 3559 ἕτερα
1382 3489 1439 3541 δὲ
1488 3489 1625 3559 πρὸς
1672 3487 1885 3551 τούτοις

1990 3496 2100 3556 gat,
2138 3485 2232 3539 sed
2265 3484 2447 3553 potius
2474 3481 2760 3535 Christum
2805 3481 2921 3534 sive
2957 3480 3236 3537 hominem
3273 3484 3584 3550 peperisse,

291 3581 480 3653 ἀπηχῆ
531 3583 625 3633 καὶ
672 3580 1026 3651 ἀπόπληκτα,
1059 3583 1171 3644 τοῖς
1205 3580 1388 3652 ὀρθοῖς
1418 3584 1513 3635 καὶ
1561 3582 1884 3653 εἰλικρινέσι

1995 3580 2204 3647 aliaque
2239 3576 2324 3631 his
2352 3573 2532 3629 alliuia
2566 3588 2827 3643 perquam
2878 3574 3114 3627 absurda
3162 3582 3330 3643 atque
3371 3576 3589 3646 stupida

292 3672 392 3742 τῆς
423 3674 716 3743 καθολικῆς
754 3674 1082 3743 Ἐκκλησίας
1108 3675 1487 3743 ἐπεισφρήσας
1518 3674 1773 3744 δόγμασι.

1994 3672 2159 3727 rectis
2196 3686 2259 3725 ac
2287 3670 2440 3740 puris
2470 3667 2795 3722 universalis
2830 3664 3090 3720 Ecclesiae
3117 3665 3462 3737 dogmatibus
3492 3681 3588 3722 su-

1989 3763 2348 3833 perinlerens.

367 3851 428 3905 Β.
464 3850 780 3922 Νεστόριον,
804 3846 978 3920 οἶμαι,
1016 3852 1141 3922 φής.
1186 3851 1417 3923 Συνίημι
1447 3853 1555 3923 γὰρ
1598 3854 1697 3925 ἤδη
1733 3871 1880 3921 πως,

2064 3856 2123 3909 Β.
2167 3852 2502 3916 Nestorium,
2541 3858 2602 3904 ut
2631 3848 2889 3910 arbitror,
2942 3845 3245 3917 signiﬁcas.
3287 3846 3408 3902 Jam
3444 3848 3586 3903 enim

296 3942 432 3994 ἀλλὰ
473 3942 525 3993 τί
558 3941 618 3993 τὸ
648 3943 857 4012 χρῆμα,
885 3936 929 3994 ὦ
954 3944 1071 4005 τᾶν,
1122 3941 1230 3995 τῶν
1277 3943 1489 3996 ἐκείνου
1546 3944 1738 4014 λόγων,
1786 3948 1888 4001 ούκ

1994 3948 2254 4018 intelligo.
2310 3944 2600 4014 Opinionis
2644 3956 2778 3997 vero
2820 3939 2941 4010 ejus
2992 3940 3135 3995 ratio
3188 3941 3322 3995 mihi
3369 3944 3588 4011 cognita

297 4034 403 4106 ἔχω
434 4038 595 4088 νοεῖν·
624 4034 885 4088 Θεοτόκον
913 4035 969 4088 δὲ
1002 4034 1118 4099 πῶς
1144 4036 1245 4088 οὐκ
1271 4032 1412 4090 εἷναί
1440 4054 1573 4107 φησι
1599 4038 1698 4110 τὴν
1723 4040 1887 4109 ἁγίαν

1996 4058 2099 4097 non
2140 4053 2243 4096 est.
2282 4040 2531 4107 Quonam
2577 4044 2762 4091 autem
2815 4043 3256 4103 pactosanctam
3314 4033 3590 4105 Virginem

296 4127 573 4199 Παρθένον
591 4144 605 4192 ;

1993 4134 2277 4205 Deiparam
2309 4146 2429 4188 esse
2462 4139 2618 4200 negat
2640 4130 2662 4183 ‘l

367 4222 432 4271 Α.
471 4220 545 4271 Ού
581 4218 689 4289 γάρ
722 4236 823 4287 τοι,
859 4219 1012 4289 φησὶ,
1058 4218 1191 4272 Θεὸν
1225 4220 1539 4275 ὲκτέτοκεν.
1568 4216 1676 4275 Ἦν
1720 4223 1831 4294 γὰρ
1859 4227 1887 4277 6

2063 4227 2131 4279 A.
2174 4224 2359 4293 Neque
2386 4222 2552 4287 enim,
2581 4222 2775 4291 inquit,
2808 4222 2975 4277 Deum
3010 4236 3077 4274 ex
3101 4236 3162 4277 se
3190 4221 3421 4289 peperit.
3458 4219 3591 4274 Nam

297 4312 470 4380 Λόγος
506 4312 600 4363 καὶ
646 4312 753 4383 πρὸ
806 4314 997 4383 αὐτῆς,
1054 4314 1260 4382 μᾶλλον
1312 4312 1369 4366 δὲ
1404 4313 1499 4366 καὶ
1536 4314 1645 4383 πρὸ
1682 4316 1887 4380 παντὸς

1998 4317 2235 4373 Verbum
2279 4326 2405 4371 ante
2450 4316 2624 4387 ipsam
2667 4324 2804 4382 erat,
2840 4326 3005 4384 atque
3058 4315 3192 4369 adeo
3237 4325 3363 4369 ante
3408 4316 3592 4368 omnia

299 4404 493 4466 αἰῶνος
526 4404 617 4457 κα)⁸
655 4405 869 4475 χρόνου,
914 4406 1183 4468 συναῖδιος
1215 4405 1289 4459 ὢν
1314 4406 1392 4477 τῷ
1423 4405 1541 4477 Θεῷ
1568 4406 1663 4459 καὶ
1690 4408 1885 4479 Πατρί.

1995 4411 2187 4467 smcula
2216 4419 2270 4466 et
2297 4419 2562 4480 tempora,
2598 4417 2785 4478 utpote
2821 4420 3152 4463 coaeternum
3194 4406 3303 4462 Deo
3328 4423 3391 4462 ac
3422 4405 3589 4462 Patri.

300 4498 751 4568 Καταρνὴσονται
778 4498 841 4567 δὴ
874 4493 967 4550 οὖν
999 4500 1091 4550 καὶ
1119 4497 1277 4551 τοῦτο
1307 4499 1631 4567 ἀναφανδὸν,
1666 4499 1740 4561 ὡς
1773 4500 1889 4553 ἐστι

1999 4508 2323 4579 Negaverint
2354 4508 2539 4575 itaque
2572 4505 2738 4559 etiam
2772 4506 2875 4558 hoc
2920 4513 3129 4573 aperte,
3180 4504 3323 4572 quod
3366 4504 3593 4557 Emma-

299 4591 432 4652 Θεὸς
472 4593 499 4642 6
536 4592 910 4661 Ἐμμανουὴλ,
959 4593 1080 4662 είκῆ
1127 4593 1181 4644 δὲ
1224 4593 1298 4655 ὠς
1346 4592 1491 4646 ἔοικε
1537 4594 1887 4664 διερμηνεύει

2000 4600 2123 4654 uuel
2158 4600 2229 4652 sit
2261 4597 2425 4654 Deus.
2468 4597 2651 4666 Inepte
2681 4598 2848 4667 igitur
2882 4597 3012 4651 illud
3057 4598 3450 4665 interpretatus
3476 4598 3593 4651 fne-

298 4681 556 4751 τούνομα,
606 4682 778 4750 λέγων
817 4686 844 4735 6
894 4684 1319 4753 εύαγγελιστής·
1358 4703 1375 4735 ι
1412 4686 1478 4737 Ὅ
1525 4687 1641 4738 ἐστι
1690 4685 1888 4759 μεθερ-

2004 4695 2070 4747 rit
2107 4693 2438 4761 evangelista
2465 4730 2480 4755 ,
2520 4691 2705 4745 dicens
2739 4703 2751 4741 :
2791 4707 2809 4740 ι
2840 4689 2994 4755 Quod
3044 4689 3466 4756 interpretatur,
3499 4689 3598 4741 No-

304 4774 693 4843 μηνευόμενον,
730 4772 864 4826 Μεθ’
894 4774 1051 4843 ἡμῶν
1077 4776 1105 4826 6
1136 4772 1321 4837 Θεὸς.)
1360 4775 1517 4829 Οὕτω
1550 4778 1659 4848 γὰρ
1684 4779 1887 4850 χρῆναι

2004 4784 2208 4839 hiscum
2242 4783 2384 4838 Deus
2408 4783 2474 4837 “.
2509 4802 2527 4834 ι
2563 4782 2639 4836 lta
2676 4782 2821 4837 enim
2852 4780 3140 4837 manifeste
3173 4782 3312 4836 Deus
3341 4798 3405 4835 ac
3438 4782 3598 4835 l'ater

300 4864 772 4935 κατονομάζεσθαι
826 4866 1196 4921 διεϐεϐαιοῦτο
1253 4868 1437 4937 σαφῶς
1487 4870 1576 4921 διὰ
1629 4871 1727 4938 τῆς
1792 4871 1887 4924 τοῦ

2000 4892 2097 4945 per
2131 4891 2319 4931 vocem
2351 4876 2740 4946 prophetarum
2788 4875 3080 4929 allirmavit
3114 4886 3369 4944 oportere
3413 4879 3594 4929 vocari

303 4958 586 5026 προφήτου
619 4956 805 5026 φωνῆς
830 4960 857 5009 6
883 4958 1015 5021 Θεὸς
1044 4959 1137 5011 καὶ
1162 4959 1374 5030 Πατὴρ,
1398 4960 1489 5014 τὸν
1512 4963 1575 5013 ἐκ
1603 4964 1701 5033 τῆς
1728 4963 1890 5031 ἁγίας

2006 4980 2125 5020 eum
2157 4968 2246 5036 qui
2284 4982 2349 5021 ex
2380 4975 2568 5021 sancta
2593 4963 2821 5035 Virgine
2848 4964 3148 5020 secundum
3180 4980 3407 5021 carnem
3441 4978 3600 5023 natus

300 5049 577 5120 Παρθένου
604 5050 745 5103 κατὰ
778 5050 956 5119 σάρκα
984 5056 1400 5122 γεγεννημένον,
1436 5054 1510 5117 ὼς
1542 5055 1894 5130 ἐνανθρωπή-

1256 5056 1400 5120 ένον,
1436 5054 1510 5117 ὼς
1542 5055 1894 5130 ἐνανθρωπή-
2004 5068 2167 5123 esset,
2200 5070 2257 5113 ut
2288 5057 2457 5112 Deum
2486 5059 2850 5111 incarnatum.

302 5160 470 5195 σαντα
500 5142 655 5195 Θεόν.

371 5233 430 5285 Β.
468 5234 658 5284 Καίτοι
689 5233 836 5285 δοκεῖ
886 5234 981 5303 μὲν
1012 5234 1241 5297 ἐκείνοις
1272 5236 1370 5305 οὐχ
1401 5228 1503 5289 ὦδε
1538 5234 1691 5289 ταῦτ’
1724 5236 1885 5306 ἔχειν,

2075 5242 2134 5296 Β.
2176 5240 2335 5309 Atqui
2365 5240 2468 5294 illis
2500 5256 2590 5294 res
2627 5254 2732 5294 non
2766 5241 2840 5294 ita
2875 5254 2933 5293 se
2970 5240 3172 5294 habere
3203 5240 3419 5294 videtur
3448 5258 3460 5294 :
3498 5255 3599 5294 no-

306 5325 420 5394 μεθ’
446 5323 605 5394 ἡμῶν
634 5324 689 5376 δὲ
721 5328 878 5392 φαῖεν
911 5326 1164 5393 γενέσθαι
1195 5328 1344 5392 Θεὸν,
1381 5330 1500 5398 ῆτοι
1534 5328 1625 5381 τὸν
1655 5330 1718 5382 ἐκ
1752 5330 1888 5384 Θεοῦ

2006 5335 2206 5389 biscutn
2258 5348 2386 5387 vero
2441 5335 2640 5387 factum
2692 5348 2813 5388 esse
2874 5335 3039 5387 Deum
3096 5336 3436 5387 contendunt
3484 5334 3600 5389 sive

302 5417 490 5483 Λόγον,
528 5417 667 5469 κατὰ
716 5432 779 5483 γε
821 5418 947 5481 τοὺς
978 5419 1076 5488 τῆς
1126 5422 1445 5490 ἐπικουρίας
1494 5422 1752 5492 τρόπους.
1799 5424 1895 5477 Σέ-

2006 5425 2238 5480 Verbum
2279 5438 2343 5480 ex
2379 5424 2507 5492 Deo,
2554 5425 2766 5479 ratione
2791 5425 3005 5479 auxilii.
3045 5423 3289 5479 Salvavit
3319 5428 3465 5479 enim
3508 5443 3596 5478 or-

307 5526 445 5564 σωκε
485 5512 592 5583 γὰρ
629 5510 724 5581 τὴν
760 5512 850 5562 ὑπ’
879 5514 1106 5583 ούρανὸν
1148 5515 1237 5568 διὰ
1283 5516 1378 5568 τοῦ
1428 5517 1781 5586 γεννηθέντος
1830 5519 1894 5571 ἐκ

2002 5519 2120 5574 bcm
2164 5531 2435 5574 terrarum
2472 5534 2566 5589 per
2601 5534 2724 5574 cum
2770 5522 2860 5589 qui
2909 5535 2975 5575 ex
3013 5519 3238 5574 muliere
3299 5529 3459 5574 natus
3493 5532 3596 5575 est.

305 5604 584 5668 γυναικός.

372 5696 435 5747 Α.
470 5696 543 5748 Ού
580 5696 685 5766 γὰρ
718 5692 804 5766 ἦν,
857 5700 977 5755 εἰπέ
1018 5718 1129 5769 μοι,
1177 5702 1271 5753 καὶ
1325 5705 1464 5770 μετὰ
1504 5703 1749 5768 Μωσέως
1789 5704 1888 5775 τῆς

2070 5705 2135 5759 Λ.
2180 5704 2355 5770 Anne,
2406 5704 2657 5771 obsecro,
2709 5711 2762 5757 ct
2796 5718 2919 5755 runt
2973 5701 3155 5771 Moyse
3197 5710 3309 5756 crat
3337 5740 3351 5764 ,
3388 5716 3417 5755 e
3453 5708 3599 5755 terra

372 5871 627 5927 “Matth.
662 5890 701 5937 l,
732 5874 824 5928 23.

620 5968 886 6032 PA‘l‘ROL.
936 5973 1050 6031 Gn.
1105 5973 1323 6036 LXXV.
3205 5982 3281 6041 ω
