4036 6336
535 419 664 472 1239

1513 426 1566 477 S.
1609 425 1880 480 (IVRILLI
1926 425 2390 480 ALEXANDIUNI
2435 428 2750 485 ABCIIIEI‘.

3643 437 3781 490 1260

529 533 904 605 A‘Zgyptiorum
957 539 1117 608 717
1151 547 1204 590 et
1238 538 1498 593 servitute
1528 555 1628 609 qua
1661 543 1852 595 Ibidem
1890 559 2070 610 preme

2209 542 2522 609 Αἰγυπτίων
2571 546 2750 614 χώρας
2786 547 2876 597 7-1"-
2909 546 3002 614 τῆς
3033 546 3218 598 αὐτόοι
3266 545 3576 611 πλεονεξίας
3603 547 3778 598 άπαλ·

528 630 722 702 Ιιςιιιιιυ·
755 630 1018 684 lsraelilas
1063 632 1297 685 liberans
1329 634 1378 686 in
1416 648 1574 686 manu
1620 633 1740 688 forti
1789 647 1841 686 et
1873 637 2093 689 brachio

526 721 780 784 ιικιτοίεο,
853 722 991 776 sicut
1044 725 1301 790 scriptum
1355 718 1710 780 ett“?anne
1761 742 1886 780 vero
1931 729 2090 780 etiam

525 813 779 877 deinceps
796 809 975 865 Jesum
1006 813 1290 867 manifeste
1315 815 1580 869 dicentem
1607 817 1965 884 reperiemus:
1998 819 2093 871 «Et

522 902 662 953 sicut
685 914 831 954 eram
862 917 981 956 cum
1016 903 1213 972 Moyse,
1239 905 1310 959 ita
1336 919 1428 960 ero
1464 907 1624 959 etiam
1661 907 1934 961 vobiscum
1953 907 2083 958 “"li

594 1009 654 1062 li.
698 1009 954 1064 Omnino.

593 1104 658 1158 A.
699 1102 869 1166 Quam
901 1103 1062 1170 igitur
1087 1102 1156 1157 oh
1186 1117 1402 1157 causam
1436 1117 1593 1158 nemo
1626 1105 1839 1172 quidem
1877 1106 2087 1162 illorum

523 1188 838 1244 Emmanuel
870 1200 1090 1246 vocatus
1117 1202 1217 1253 est,
1249 1193 1341 1246 sed
1373 1193 1445 1246 illi
1473 1194 1569 1246 soli
1607 1194 1705 1248 hoc
1735 1210 1926 1250 nomen
1961 1212 2089 1250 con-

525 1281 663 1333 venit
696 1281 786 1346 qui
822 1279 1130 1334 novissimis
1173 1281 1350 1334 sazeuli
1385 1284 1722 1352 temporibus
1768 1299 1831 1337 ex
1868 1285 2090 1339 muliere

522 1371 812 1423 secundum
839 1384 1054 1424 carnem
1091 1381 1251 1426 natus
1278 1373 1396 1426 est?
1854 1434 1856 1436 _

591 1461 653 1513 Β.
699 1461 940 1527 Quonam
977 1465 1132 1516 modo
1163 1464 1340 1532 itaque
1375 1465 1712 1519 censebimus
1745 1465 1942 1520 factum
1969 1480 2088 1521 esse

525 1547 688 1602 Deum
726 1564 790 1601 ex
836 1549 1104 1602 muliere?
1129 1551 1208 1603 An
1235 1561 1488 1619 tamquam
1526 1554 1840 1607 substantiae
1879 1568 1995 1621 qua:
2033 1555 2083 1608 in

520 1644 634 1708 ipsa
671 1647 724 1692 et
753 1655 814 1692 ex
858 1639 965 1706 ipsa
994 1647 1075 1691 est
1099 1640 1367 1708 particeps
1402 1640 1598 1694 factum
1627 1641 1787 1694 fuerit
1819 1640 2086 1696 Verbum?

585 1735 649 1786 Λ.
689 1731 843 1785 Absit
875 1741 932 1784 ut
962 1730 1098 1784 adeo
1138 1744 1325 1783 vanam
1356 1740 1519 1799 atque
1547 1731 1832 1785 absurdam
1877 1734 2082 1800 opinio-

517 1836 637 1875 nem
689 1820 868 1874 animo
923 1818 1312 1886 concipiamus.
1369 1819 1665 1873 Erroneum
1711 1820 1854 1875 enim
1895 1821 2080 1887 fuerit,

2198 635 2403 686 λάττων
2434 636 2524 687 τὸν
2557 638 2789 706 Ἰσραὴλ,
2832 640 2888 689 ἐν
2927 639 3069 708 χειρὶ
3113 640 3345 709 κραταιᾷ
3385 639 3478 690 καὶ
3528 641 3587 691 ἐν
3639 638 3775 708 βρα-

2194 713 2332 792 χίονι
2379 725 2592 794 ὑψηλῷ,
2646 727 2790 779 καθὰ
2829 727 3134 794 γέγραπται
3171 745 3183 791 ;
3235 729 3355 797 οὐχὶ
3397 727 3456 779 δὲ
3498 730 3595 779 καὶ
3635 726 3779 795 μετὰ

2193 813 2379 875 ταῦτα,
2429 817 2634 884 Ἰησοῦν
2667 818 2891 884 λέγοντα
2924 817 3109 884 σαφῶς
3138 818 3462 888 εὑρήσομεν,
3505 836 3522 867 t
3559 817 3669 868 Kal.
3689 815 3776 882 ῶς

2194 904 2342 974 ἥμην
2379 906 2519 973 μετά
2548 908 2740 976 Μωσῆ,
2774 906 2944 970 οὕτως
2971 907 3165 977 ἔσομαι
3193 909 3286 960 καὶ
3319 909 3457 976 μετὰ
3489 905 3580 959 σοῦ
3603 924 3616 970 ;
3643 924 3660 956 ι

2263 996 2322 1047 B.
2366 996 2609 1065 Ἀληθές.

2262 1086 2324 1137 Α,
2359 1086 2502 1154 ’Λρα
2542 1086 2605 1156 δὴ
2653 1081 2760 1148 οὖν,
2804 1088 2974 1150 οὑόεὶς
3017 1087 3116 1156 μὲν
3161 1087 3380 1140 ἐκείνων
3428 1083 3774 1156 Ἐμμανουὴλ

2191 1175 2522 1244 ὠνόμασται,
2549 1179 2754 1247 ἦρμοσε
2782 1179 2836 1230 δὲ
2867 1179 3008 1248 μόνῳ
3038 1177 3295 1249 τοῦνομα,
3323 1177 3400 1246 τῷ
3429 1179 3569 1230 κατὰ
3594 1178 3773 1247 σάρκα

2191 1268 2254 1319 ἐκ
2293 1270 2545 1334 γυναικὸς
2583 1272 2637 1322 ἐν
2675 1272 2920 1338 ἐσχάτοις
2954 1270 3049 1323 τοῦ
3093 1271 3285 1333 αἰῶνος
3338 1273 3549 1342 καιροῖς
3591 1284 3774 1338 παρα-

2197 1359 2361 1425 δόξως
2400 1361 2781 1430 γεγεννημένῳ
2805 1379 2817 1426 ;

2260 1451 2320 1506 Β.
2356 1453 2668 1522 Οῑησόμεθα
2691 1453 2755 1523 δὴ
2772 1451 2864 1507 οὖν
2889 1453 3009 1508 τίνα
3037 1455 3237 1524 τρόπον
3259 1451 3617 1522 γεγεννῆσθαι
3635 1449 3773 1504 Θεὸν

2189 1544 2252 1595 ἐκ
2291 1545 2564 1610 γυναικὸς,
2600 1540 2686 1612 ἆρ’
2715 1545 2789 1608 ὡς
2829 1547 2924 1613 τῆς
2959 1544 3241 1614 ὑπάρξεως
3291 1545 3389 1612 τῆς
3435 1546 3493 1595 ἐν
3525 1543 3661 1612 αὑτῇ
3708 1556 3768 1594 τε

2188 1634 2281 1684 καὶ
2311 1634 2368 1699 ἐξ
2401 1635 2570 1703 αὐτῆς
2604 1637 2999 1703 μετεσχηκότος
3028 1634 3120 1686 τοῦ
3155 1636 3358 1702 Λόγους

2255 1722 2318 1771 Α.
2357 1723 2569 1789 ’Ἄπαγε
2602 1723 2698 1790 τῆς
2738 1723 2879 1775 οὕτω
2902 1724 3113 1793 ψυχρᾶς
3140 1723 3550 1784 εἰκαιοϐουλίας.
3583 1722 3771 1788 Παρα-

2186 1811 2436 1873 πχίοντος
2470 1812 2578 1881 γὰρ
2613 1814 2660 1863 οἱ
2700 1813 2882 1880 λόγοι,
2932 1816 3025 1866 καὶ
3059 1814 3151 1866 νοῦ
3186 1812 3675 1884 κατηρῤωσηκότος
3707 1811 3766 1862 τὸ

514 1911 819 1978 mentisque
844 1909 1001 1978 plane
1037 1922 1065 1961 a
1091 1922 1221 1962 vero
1245 1921 1473 1974 aversae,
1503 1908 1814 1964 existimare
1843 1909 2070 1964 ineffabi-

2188 1901 2268 1967 ἐφ’
2309 1901 2342 1952 ἃ.
2382 1901 2454 1971 μὴ
2506 1903 2781 1972 προσῆκεν
2824 1903 3286 1973 ἐκτετραμμένον,
3330 1903 3391 1956 τὸ
3427 1902 3629 1971 σαρκὸς
3657 1901 3765 1953 ofs-

513 2005 618 2056 lem
654 2001 923 2070 Unigeniti
952 2001 1240 2054 essentiam
1268 2001 1447 2054 carnis
1511 1999 1741 2054 fructum
1774 2002 1889 2055 sive
1921 2003 2082 2056 fetum

512 2108 651 2146 esse.
682 2092 950 2145 Caeterum
993 2101 1131 2156 erat,
1171 2102 1226 2143 ut
1275 2091 1440 2154 Deus,
1469 2101 1769 2146 comternus
1814 2094 1958 2146 Patri
1993 2095 2082 2159 qui

514 2187 686 2252 ipsum
715 2183 917 2252 genuit,
959 2189 1010 2234 et
1039 2196 1102 2234 ex
1143 2183 1258 2248 ipso
1284 2182 1578 2235 secundum
1617 2193 1862 2234 naturam
1893 2183 2078 2237 iuell'a-

511 2277 602 2330 bili
662 2277 818 2327 modo
867 2274 1080 2342 genitus
1133 2283 1235 2324 est.
1294 2268 1606 2326 Volentihus
1666 2285 1840 2327 autem
1897 2284 2079 2343 aperle

509 2380 836 2436 cognoscere
897 2362 1163 2432 quomodo
1195 2374 1244 2416 et
1273 2378 1375 2429 qua
1416 2364 1625 2417 ratione
1661 2364 1709 2416 in
1741 2376 1921 2418 nostra
1955 2380 2077 2434 spe-

508 2460 590 2514 cie
617 2459 926 2526 apparuerit
959 2466 1010 2509 et
1065 2455 1238 2506 factus
1278 2455 1349 2507 sit
1378 2457 1560 2519 homo,
1604 2455 1816 2510 divinus
1852 2471 2079 2526 evange-

509 2552 632 2602 lista
681 2548 916 2602 Joannes
961 2545 1219 2610 declarat,
1257 2545 1485 2598 dicens:
1524 2562 1540 2594 ι
1577 2545 1641 2598 Et
1672 2545 1904 2600 Verbum
1952 2563 2077 2602 caro

507 2643 709 2695 factum
752 2647 851 2703 est,
895 2647 948 2691 et
980 2637 1243 2689 habitavit
1284 2637 1335 2688 in
1381 2635 1556 2699 nobis,
1600 2645 1653 2689 et
1697 2638 1928 2693 vidimus
1965 2642 2076 2708 glo-

507 2733 641 2787 riam
692 2730 842 2798 ejus,
895 2727 1117 2798 gloriam
1172 2735 1428 2794 tanquam
1479 2725 1748 2795 Unigeniti
1795 2743 1824 2781 a
1879 2727 2072 2792 Patre,

507 2825 718 2892 plenum
747 2819 932 2890 gratia:
959 2828 1011 2872 et
1041 2819 1278 2871 veritatis
1303 2816 1366 2869 ⁸³.
1401 2835 1420 2868 ι

575 2912 638 2966 Β.
679 2913 749 2966 At
777 2912 818 2965 si
853 2909 1107 2972 Verbum,
1146 2909 1416 2976 inquiunt,
1451 2907 1648 2962 factum
1685 2921 1765 2964 est
1791 2926 1936 2974 caro,
1962 2911 2072 2981 jam

505 3019 608 3058 non
648 3001 876 3071 amplius
908 2999 1105 3053 mansit
1137 2995 1395 3064 Verbum,
1431 3000 1522 3051 sed
1551 3000 1729 3068 potius
1771 3001 1927 3055 desiit
1954 3017 2073 3058 esse

505 3097 555 3150 id
587 3093 727 3163 quod
752 3101 891 3145 erat.

572 3188 637 3239 A.
677 3183 836 3251 Atqui
874 3183 974 3237 hoc
1014 3194 1216 3234 merum
1262 3179 1508 3234 delirium
1559 3190 1611 3234 et
1650 3181 1916 3237 dementia
1966 3194 2066 3250 est,
2097 3217 2138 3273 Ο

503 3278 744 3345 nihilque
772 3274 916 3327 aliud
945 3287 1102 3341 quam
1146 3273 1343 3325 mentis
1373 3282 1561 3327 emota:
1590 3272 1898 3327 ludibrium.
1931 3276 2068 3330 Cen-

501 3378 620 3424 sent
651 3367 816 3429 enim,
847 3373 904 3417 ut
935 3363 1164 3427 videtur,
1188 3377 1284 3430 per
1313 3362 1414 3416 hoc
1451 3362 1685 3417 «factum
1724 3378 1856 3430 esr,»
1879 3381 2067 3420 neces-

498 3459 644 3514 saria
686 3457 914 3524 quadarn
958 3453 1168 3507 ratione
1202 3453 1550 3506 mutationem
1586 3453 2068 3525 alterationemque

497 3550 814 3620 signiﬁcari.

571 3645 627 3697 Β.
672 3643 748 3696 lta
784 3641 884 3696 sibi
923 3637 1248 3708 persuadent
1279 3646 1332 3690 et
1371 3637 1676 3704 Opinionem
1712 3653 1863 3692 suam
1896 3654 2065 3694 saera:

497 3735 794 3804 Scriptura:
827 3731 1148 3785 auctoritate
1183 3730 1482 3784 stabiliunt.
1527 3719 1735 3783 Dietum
1766 3732 1907 3784 enim
1957 3742 2062 3796 est,

497 3829 768 3897 inquiunt,
822 3824 947 3877 alibi
989 3823 1054 3876 de
1101 3837 1268 3877 uxore
1310 3820 1429 3885 Lot,
1479 3823 1619 3889 quod
1657 3821 1795 3875 facta
1849 3824 1917 3876 sit
1967 3839 2060 3878 eo-

495 3921 674 3973 lurnna
704 3917 834 3971 salis
857 3915 934 3978 ⁸⁸;
962 3914 1098 3969 etde
1128 3915 1275 3982 virga
1299 3911 1491 3980 Moysi,
1526 3913 1664 3980 quod
1696 3915 1915 3982 projecit
1940 3931 2059 3968 eam

493 4015 547 4067 in
578 4022 799 4072 terram,
828 4018 882 4060 et
913 4005 1050 4060 facta
1080 4013 1164 4058 est
1190 4018 1413 4072 serpens
1436 4003 1502 4056 ⁸⁵.
1532 4003 1804 4058 Naturalis
1828 4009 1970 4058 enim
2006 4007 2057 4060 iu

496 4105 642 4158 hisce
673 4099 895 4153 mutatio
928 4097 1066 4150 facta
1098 4104 1198 4150 est.

563 4199 631 4249 Α.
673 4193 814 4263 Ergo
866 4205 986 4245 cum
1039 4188 1272 4256 psallunt
1308 4186 1523 4254 quidam
1561 4204 1573 4240 :
1607 4206 1626 4238 ‹
1655 4188 1721 4241 Et
1759 4188 1927 4243 factus
1978 4199 2058 4244 est

492 4287 622 4343 mihi
665 4285 922 4340 Dominus
968 4281 1023 4335 in
1073 4279 1339 4349 refugium
1359 4277 1405 4308 ⁸⁸
1435 4294 1449 4340 ;
1483 4298 1500 4330 ι
1537 4287 1590 4332 et
1627 4294 1852 4333 rursus:
1906 4298 1924 4330 ι
1955 4281 2054 4334 Do-

490 4380 659 4442 mine,
697 4374 961 4444 refugium
1003 4371 1177 4425 factus
1224 4384 1284 4424 es
1338 4369 1491 4423 nobis
1537 4371 1588 4422 in
1623 4371 1964 4440 generatione
2003 4379 2057 4426 et

489 4465 837 4538 generatione
857 4464 922 4528 ⁸⁷,
961 4481 981 4514 ο
1010 4461 1138 4530 quid
1172 4459 1610 4529 respondebunt?
1633 4474 1772 4516 anne
1798 4459 1937 4515 Deus
1962 4463 2052 4531 qui

2189 1992 2310 2044 σθαι
2355 1992 2608 2060 γενέσθαι
2662 1995 2910 2065 καρπὸν,
2962 1994 3059 2063 τὴν
3101 1994 3339 2065 ἄρρητον
3389 1992 3626 2062 ὓπαρξιν
3670 1991 3766 2044 τοῦ

2186 2084 2543 2152 Μονογενούς.
2579 2085 2719 2137 Ἀλλ’
2755 2081 2841 2154 ἦν,
2883 2085 2957 2147 ὡς
2988 2084 3140 2147 Θεὸς,
3176 2086 3437 2149 συναῒδιος
3462 2085 3540 2153 τῷ
3569 2086 3764 2154 γεννή-

2186 2192 2338 2226 σαντι
2371 2177 2561 2246 Πατρὶ,
2591 2177 2686 2229 καὶ
2731 2176 2790 2239 ἐξ
2821 2177 2983 2229 αὑτοῦ
3025 2176 3167 2230 κατὰ
3219 2176 3379 2245 φύσιν
3433 2177 3763 2246 ἀπορρήτως

2182 2268 2599 2338 γεγεννημένος.
2627 2268 2899 2321 Ἐθέλουσί
2927 2285 2988 2336 γε
3027 2269 3131 2338 μὴν
3153 2268 3348 2322 εἰδέναι
3371 2267 3575 2336 σαφῶς,
3613 2269 3761 2330 ὅπως

2180 2373 2237 2406 τε
2270 2359 2361 2408 καὶ
2399 2358 2517 2410 τίνα
2558 2358 2755 2428 τρόπον
2787 2361 2842 2411 ἐν
2879 2360 3009 2410 εἴδει
3057 2358 3264 2425 πέφηνε
3302 2357 3379 2424 τῷ
3411 2357 3532 2409 καθ’
3575 2359 3756 2427 ἡμᾶς,

2181 2447 2275 2500 καὶ
2311 2448 2529 2516 γέγονεν
2567 2448 2880 2518 ἄνθρωπος,
2928 2451 3179 2518 σαφηνιεῐ
3212 2449 3383 2516 λέγων
3411 2451 3438 2501 ὁ
3472 2449 3758 2510 Θεσπέσιος

2180 2540 2566 2611 εύαγγελιστὴς
2602 2527 2873 2612 Ἰωάννηςο
2910 2560 2925 2592 ι
2955 2543 3066 2594 Καὶ
3090 2543 3118 2593 ὁ
3147 2542 3316 2609 Λόγος
3349 2541 3486 2614 σὰρξ
3520 2542 3756 2610 ἐγένετο,

2179 2635 2270 2684 καὶ
2311 2633 2616 2702 ἐσκήνωσεν
2652 2635 2707 2685 ἐν
2745 2634 2894 2702 ἡμῖν,
2939 2634 3032 2685 καὶ
3075 2633 3420 2702 ἐθεασάμεθα
3458 2633 3556 2704 τὴν
3599 2633 3756 2699 δόξαν

2177 2722 2360 2785 αὑτοῦ,
2391 2723 2545 2787 δόξαν
2577 2725 2650 2786 ὡς
2681 2726 3018 2790 Μονογενοὺς
3061 2725 3214 2795 παρὰ
3251 2725 3489 2795 Πατρὸς,
3542 2725 3756 2796 πλήρης

2177 2816 2397 2884 χάριτος
2437 2819 2532 2869 καὶ
2567 2817 2844 2885 ἀληθείας.
2880 2837 2897 2868 ι

2247 2908 2305 2958 Β.
2354 2907 2492 2959 Ἀλλ’
2519 2911 2567 2960 εἰ
2605 2909 2815 2977 γέγονε,
2857 2911 3017 2977 φασὶ,
3061 2909 3228 2980 σάρξ,
3262 2913 3290 2963 ὁ
3320 2912 3512 2976 Λόγος,
3540 2911 3639 2963 οὑκ
3673 2910 3750 2963 ἔτι

2179 2997 2453 3067 μεμένηκε
2487 2999 2678 3066 Λόγος,
2711 2999 3116 3069 ἀποπεφοέτηκε
3155 3001 3211 3052 δὲ
3247 3001 3447 3070 μᾶλλον
3475 3001 3568 3054 τοῦ
3615 2997 3752 3056 εἶναι

2174 3091 2200 3140 ὃ
2231 3085 2318 3159 ἦν.

2244 3182 2306 3231 Α.
2346 3181 2455 3232 Καὶ
2493 3182 2596 3250 μὴν
2648 3180 2805 3234 τοῦτό
2859 3182 2923 3250 γέ
2979 3183 3094 3234 ἐστι
3138 3182 3392 3252 τερθρεία
3439 3188 3531 3236 καὶ
3563 3183 3748 3252 λῆρος,

2178 3271 2271 3323 καὶ
2327 3271 2678 3341 ἐξεστηκότος
2721 3273 2998 3342 εὑρέματα
3041 3273 3153 3337 νοῦ,
3203 3272 3527 3343 καὶ’ἒτερον
3571 3274 3749 3331 οὐδέν.

2177 3365 2391 3417 Οἵονται
2422 3365 2551 3434 γὰρ,
2583 3365 2657 3428 ὼς
2697 3365 2889 3425 ἔοικεν,
2918 3366 2992 3428 ὡς
3011 3365 3067 3430 ἐξ
3083 3365 3325 3433 ἀφύκτου
3359 3382 3418 3416 τε
3449 3365 3544 3419 καὶ
3578 3366 3749 3436 άναγο

2177 3456 2329 3508 καίου
2361 3457 2541 3523 λόγου,
2582 3457 2787 3527 τροπῆς
2830 3475 2889 3510 τε
2931 3459 3025 3511 καὶ
3053 3457 3389 3522 ἀλλοιώσεως
3417 3456 3750 3527 σημαντικὸν

2175 3543 2311 3600 εἶναι
2343 3549 2421 3611 τὸ,
2459 3568 2475 3600 t
2518 3550 2752 3617 ἐγένετο.
2792 3569 2811 3601 ι

2244 3638 2285 3688 Β
2339 3639 2464 3703 Ναὶ,
2497 3640 2649 3706 φασὶ,
2680 3641 2772 3692 καὶ
2803 3641 2866 3711 δὴ
2902 3640 2993 3692 τὸν
3023 3643 3220 3694 οἰκεῖον
3251 3642 3542 3713 ἐμπεδοῦσι
3565 3643 3742 3712 λόγον,

2172 3728 2228 3793 ἐξ
2261 3729 2429 3798 αὑτῆς
2463 3730 2672 3793 ἐλόντες
2703 3730 2800 3800 τῆς
2847 3730 3202 3784 θεοπνεύστου
3246 3733 3486 3803 Γραφῆς.
3517 3735 3744 3806 Εἴρηται

2169 3820 2277 3888 γάρ
2311 3837 2437 3883 που,
2474 3823 2655 3890 φασὶν,
2684 3824 2775 3875 ἐπὶ
2809 3823 2906 3892 μὲν
2937 3823 3037 3892 τῆς
3070 3824 3162 3876 τοῦ
3193 3823 3313 3877 Λὼτ
3348 3827 3628 3893 γυναικὸς,
3662 3829 3741 3881 ὅτι

2169 3913 2383 3978 ἐγένετο
2424 3915 2590 3984 στήλη
2627 3915 2770 3979 ἁλός.
2812 3916 2922 3970 Καὶ
2963 3916 3069 3987 μὴν
3112 3917 3206 3969 καὶ
3245 3917 3334 3970 ἐπὶ
3367 3919 3464 3988 τῆς
3497 3920 3739 3983 Μωσέως

2171 4003 2387 4073 ῥάϐδου,
2414 4006 2494 4057 ὃτι
2523 4006 2747 4077 ἔρριψεν
2784 4007 2954 4078 αὐτὴν
2984 4009 3075 4060 ἐπὶ
3101 4009 3199 4078 τὴν
3229 4010 3352 4079 γῆν,
3386 4010 3478 4063 καὶ
3519 4011 3738 4079 ἐγένετο

2168 4093 2308 4159 ὄφις.
2335 4094 2540 4162 Φυσικὴ
2571 4094 2676 4165 γάρ
2705 4097 2761 4147 ἐν
2793 4097 3003 4160 τούτοις
3035 4097 3256 4166 γέγονεν
3289 4101 3322 4170 ἡ
3357 4101 3554 4172 τροπή.

2239 4187 2299 4236 Α.
2333 4185 2559 4249 Ούκοὺν,
2602 4187 2690 4240 ὅτε
2719 4188 2979 4257 ψάλλουσι
3004 4207 3168 4255 τινες,
3207 4209 3226 4242 t
3258 4193 3368 4246 Καὶ
3394 4193 3614 4262 ἐγένετό
3643 4212 3734 4266 μοι

2163 4276 2365 4346 Κύριος
2402 4280 2480 4341 εἰς
2516 4281 2854 4351 καταφυγήν·
2887 4300 2905 4332 ι
2953 4282 3045 4335 καὶ
3074 4283 3254 4348 πάλιν,
3290 4304 3308 4337 t
3336 4285 3528 4357 Κύριε,
3559 4303 3730 4342 κατα-

2163 4367 2307 4436 φυγὴ
2359 4369 2624 4440 ἐγενήθης
2670 4372 2822 4440 ἡμῖν,
2870 4372 2926 4424 ἐν
2957 4375 3117 4443 γενεᾷ
3164 4375 3257 4428 καὶ
3297 4377 3518 4446 γενεᾷ,ι
3563 4378 3616 4430 τί
3666 4379 3732 4451 δὴ

2162 4462 2317 4528 φαῖεν
2343 4461 2408 4514 ἂν
2427 4478 2441 4527 ;
2462 4457 2572 4530 ἄρα
2600 4461 2660 4514 τὸ
2692 4458 2828 4516 εἶναι
2849 4463 2980 4526 Θεὸς
3009 4465 3167 4533 ἀφεὶς
3195 4467 3224 4518 ὁ
3245 4467 3608 4537 ὑμνούμενος,
3630 4487 3730 4540 με·

491 4560 579 4613 hic
609 4558 952 4619 decantatur,
986 4553 1237 4607 desinens
1283 4567 1403 4607 esse
1423 4552 1585 4613 Deus,
1622 4561 1856 4606 mutatus
1889 4560 1969 4607 est
2005 4555 2054 4607 in

2175 4550 2543 4619 εακεχώρηκεν
2590 4552 2653 4603 ἐκ
2695 4552 2997 4624 μεταϐολῆς
3038 4555 3114 4617 εἰς
3147 4555 3206 4607 τὸ
3240 4545 3378 4608 εἶναι
3415 4560 3728 4630 καταφυγὴ,

487 4648 794 4717 refugium,
846 4655 901 4700 et
958 4644 1254 4697 translatus
1297 4653 1382 4699 est
1426 4642 1742 4697 naturaliter
1810 4643 1860 4696 in
1914 4644 2056 4697 aliud

487 4737 630 4808 quod
662 4737 814 4790 initio
839 4750 942 4790 non
967 4735 1126 4787 erat?
1157 4736 1225 4786 At
1250 4749 1378 4789 vero
1399 4735 1664 4802 quomodo
1694 4749 1798 4788 non
1827 4735 1876 4789 id
1899 4736 2056 4803 plane

487 4831 720 4884 alienum
749 4830 818 4882 sit
857 4841 884 4879 a
909 4826 1074 4896 718
1095 4824 1209 4880 Deo
1238 4825 1564 4880 naturaliter
1587 4825 1918 4879 exsistente?
1947 4825 2054 4879 lm-

488 4918 765 4974 mutabilis
795 4916 938 4972 enim
979 4918 1271 4970 secundum
1313 4924 1557 4968 naturam
1591 4929 1711 4968 cum
1750 4915 1836 4978 sit,
1877 4926 2057 4969 manet

485 5011 728 5083 profecto
757 5009 807 5064 id
838 5009 979 5077 quod
1009 5017 1150 5070 erat,
1191 5017 1246 5061 et
1272 5016 1354 5063 est
1386 5021 1617 5076 semper,
1652 5007 1863 5062 tametsi
1902 5008 2049 5062 dica-

479 5117 575 5159 tur
601 5103 776 5156 factus
799 5115 918 5155 esse
951 5098 1239 5169 refugium.

552 5196 612 5250 B.
656 5193 876 5263 Optime.
899 5200 1045 5245 certe
1071 5189 1477 5258 rectissimeque
1505 5189 1709 5244 dixisti.

550 5293 614 5342 A.
660 5287 792 5341 Cum
827 5285 1010 5352 itaque
1049 5282 1140 5336 Dei
1172 5283 1373 5336 mentio
1408 5284 1486 5346 ﬁt,
1512 5282 1556 5336 si
1588 5283 1656 5335 ab
1693 5280 1873 5348 aliquo
1899 5281 2043 5335 dica-

481 5383 568 5431 tur
599 5377 751 5440 illud,
790 5373 992 5429 Factus
1017 5383 1100 5428 est
1131 5413 1145 5436 ,
1179 5386 1285 5442 quo
1309 5383 1466 5441 pacto
1495 5387 1598 5426 non
1632 5371 1704 5425 sit
1730 5371 2040 5433 absurdum,

481 5478 641 5536 atque
671 5467 805 5522 adeo
843 5467 1192 5521 vehementer
1233 5464 1543 5524 absurdum.
1570 5463 1882 5517 existimare
1923 5478 2040 5515 mu-

484 5562 734 5613 lationem
779 5558 1008 5627 aliquam
1043 5573 1136 5626 per
1184 5557 1235 5610 id
1270 5555 1585 5625 signiﬁcari,
1621 5563 1674 5609 et
1720 5569 1825 5606 non
1865 5554 2042 5620 potius

481 5653 661 5705 conari
705 5653 757 5706 td
787 5651 889 5705 alia
925 5652 1133 5706 ratione
1179 5649 1499 5719 intelligere,
1535 5647 1934 5717 prudenterque
1975 5647 2039 5700 ad

549 5764 592 5794 ⁸¹
625 5761 777 5816 Dent.
809 5778 864 5823 ν,
899 5763 984 5816 15.

481 5834 522 5866 ⁸⁷
551 5831 689 5890 Psal.
721 5847 937 5901 nam,
971 5834 1021 5887 1.

2159 4642 2252 4694 καὶ
2285 4643 2518 4714 μετέστη
2551 4644 2792 4711 φυσικῶς
2828 4644 2963 4715 πρὸς
2997 4645 3182 4718 ἔτερόν
3207 4664 3259 4700 τι
3301 4648 3430 4718 παρ’
3463 4649 3598 4720 51:29
3629 4652 3730 4704 ούκ

2156 4729 2224 4804 ἧν
2251 4735 2308 4787 ἐν
2333 4736 2554 4805 ἀρχαῖς;
2587 4736 2695 4790 Καὶ
2725 4735 2841 4800 πῶς
2870 4737 2967 4789 οὑκ
2991 4738 3244 4801 ἀπεοικὸς
3273 4740 3366 4792 καὶ
3389 4741 3729 4811 ἀνάρμοστον

2157 4827 2233 4898 τῷ
2262 4845 2325 4896 γε
2355 4829 2467 4882 ὄντι
2497 4828 2636 4882 κατὰ
2675 4827 2836 4898 φύσιν
2864 4828 2983 4900 Θεῴ
3019 4830 3078 4882 τὸ
3111 4830 3303 4900 χρῆμά
3329 4832 3511 4899 ἐστιν;
3536 4833 3730 4903 Ἀτρε-

2156 4933 2286 4980 πτος
2331 4919 2440 4988 γὰρ
2470 4917 2544 4971 ὢν
2588 4919 2730 4973 κατὰ
2776 4920 2958 4989 φύσιν,
3007 4921 3155 4992 μένει
3200 4938 3303 4975 που
3339 4915 3556 4986 πάντως
3591 4924 3728 4996 ὅπερ

2155 5004 2246 5078 ἦν,
2277 5010 2369 5061 καὶ
2395 5011 2540 5064 ἔστιν
2570 5011 2677 5075 ἀεὶ,
2704 5013 2808 5065 κᾶν
2836 5013 2884 5064 εἰ
2916 5012 3124 5080 λέγοιτο
3140 5014 3250 5067 τισὶ
3277 5014 3529 5082 γενέσθαι
3558 5032 3729 5069 κατα·

2158 5102 2324 5169 φυγή·

2227 5191 2286 5242 Β.
2332 5191 2564 5260 Ἀριστά
2601 5209 2663 5259 γε
2705 5193 2797 5246 καὶ
2828 5192 2971 5262 μάλα
3007 5194 3176 5270 ρρθῶς
3216 5199 3364 5263 ἔφης.

2222 5284 2268 5332 Α
2326 5282 2532 5334 Οὐκοῦν
2585 5284 3068 5353 παρενηνεγμένης
3115 5285 3195 5347 εἰς
3243 5286 3406 5354 μέσον
3453 5289 3547 5358 τῆς,
3590 5289 3724 5350 Θεοῗρ

2155 5373 2404 5442 μνήμης,
2445 5376 2491 5426 εἰ
2526 5375 2629 5427 ὑπό
2673 5392 2764 5428 του
2811 5375 3020 5442 λέγοιτο
3050 5375 3129 5438 τὸ,
3173 5376 3436 5444 Ἐγένετο,
3472 5381 3590 5443 πῶς
3625 5382 3724 5440 οὑκ

2151 5464 2360 5533 ἀμαθὲς
2391 5470 2484 5518 καὶ
2524 5468 2734 5521 ἀνόσιον
2765 5468 2996 5538 κομιδῇ,
3041 5467 3246 5540 τροπὴν
3284 5469 3488 5524 οἴεσθαι
3523 5472 3723 5543 σημαί-

2150 5572 2261 5608 νειν
2293 5556 2442 5623 αὐτὸ,
2483 5561 2573 5610 καὶ
2604 5560 2725 5629 ούχὶ
2759 5559 2822 5630 δὴ
2858 5559 3057 5629 μᾶλλον
3085 5559 3208 5613 καθ’
3232 5561 3417 5631 ἕτερόν
3447 5579 3569 5615 τινα
3601 5568 3726 5634 τρό-

2151 5663 2250 5699 πον
2283 5648 2572 5716 πειρᾶσθαι
2603 5653 2761 5713 νοεῖν,
2793 5651 2886 5703 καὶ
2921 5649 3270 5722 περιτρέπειν
3316 5651 3601 5720 ἐμφρόνως
3643 5653 3725 5715 εις

1078 5762 1144 5792 ⁸²⁶
1168 5761 1281 5816 Jos.
1310 5777 1347 5825 ι,
1375 5761 1427 5815 5.
1527 5758 1746 5814 l".loan.
1780 5774 1819 5824 ι,
1851 5760 1934 5814 14.
2031 5760 2070 5792 ⁸⁸

2175 5778 2237 5818 :n.
2273 5778 2384 5830 ιιι,
2414 5762 2500 5818 26.
2601 5765 2646 5797 ⁸³
2675 5764 2841 5820 Exod.
2872 5780 2942 5832 tv,
2977 5765 3033 5830 ὅ,
3065 5765 3132 5846 4.,
3197 5765 3241 5798 ⁸⁸
3264 5763 3406 5820 Psal.
3440 5737 3603 5821 xcnt.
3625 5761 3715 5823 22.
