4036 6336
317 447 446 500 ιεοι

1447 441 1634 506 QVOD
1678 439 1863 495 UNUS
1901 439 2006 496 SIT
2045 438 2418 498 CHRISTUS.

3456 437 3587 495 Ιτῖίίξ

307 559 370 612 τὸ
412 562 492 614 ὅτι
526 559 761 628 μάλιστα
811 558 1018 629 πρέπον
1057 576 1114 610 τε
1164 559 1255 611 καὶ
1291 559 1464 620 ἐοικὸς
1512 559 1588 627 τῷ
1640 558 1871 628 ἁτρέπτ‹;

2001 561 2050 612 id
2089 561 2230 628 quod
2280 560 2386 612 Deo
2425 557 2744 612 immutabili
2800 560 3035 615 maxime
3083 557 3338 614 convenit
3373 573 3590 613 accom—

305 651 456 720 Bap;
488 651 608 712 Πῶς
634 652 699 720 δὴ
728 647 822 703 οὖν
851 652 956 718 ἄρα
987 651 1064 712 εἰς
1099 651 1275 719 σάρκα
1306 649 1484 718 φαμὲν
1516 649 1770 716 γενέσθαι
1805 647 1894 700 τὸν

305 743 494 809 Λόγον,
537 743 597 794 τὸ
628 742 898 811 ἄτρεπτόν
931 760 984 794 τε
1034 743 1126 794 καὶ
1156 740 1510 793 ἀναλλοίωτον
1549 741 1624 801 ὼς
1674 740 1802 792 ῐόιόν
1836 751 1893 791 τε

304 835 398 886 καὶ
426 832 677 895 οὐσιῶδες
707 833 802 884 καὶ
848 833 1164 902 ἐμπεφυκὸς
1208 830 1355 901 αὑτῷ
1403 831 1695 900 τηροῦντες
1730 830 1836 892 ἀεὶ,
1867 832 1893 884 6

304 926 573 992 πάνσοφος
606 923 838 990 Παῦλος,
864 927 892 976 ὁ
924 923 1030 976 τῶν
1057 921 1224 975 αὑτοῦ
1263 923 1577 993 μυστηρίων
1608 922 1831 990 ταμίας,
1865 923 1893 973 6

304 1017 407 1069 τῶν
441 1016 818 1083 εὑαγγελικῶν
869 1014 1244 1086 κηρυγμάτων
1295 1013 1600 1084 ἱερουργὸς,
1641 1015 1895 1082 σαφηνιεῖ

299 1109 493 1175 ὶέγωνο
534 1128 550 1158 ι
582 1107 753 1161 Τοῦτο
793 1110 1041 1177 φρονεῖτε
1101 1106 1331 1167 ’ἕκαστος
1359 1108 1417 1158 ἐν
1453 1107 1583 1174 ὑμῖν
1624 1105 1827 1168 αὑτοῖς,
1864 1104 1891 1156 ὃ

297 1201 392 1252 καὶ
422 1201 477 1250 ἐν
517 1199 740 1268 Χριστῷ
778 1197 976 1268 Ἰησοῦ,
1019 1199 1078 1260 ὃς
1122 1200 1179 1250 ἐν
1213 1200 1395 1268 μορφῇ
1436 1196 1572 1249 Θεοῦ
1603 1197 1888 1266 ὑπάρχων,

297 1287 395 1356 οὑχ
425 1287 719 1358 ἁρπαγμὸν
747 1287 990 1357 ἡγήσατο
1022 1287 1082 1338 τὸ
1109 1283 1246 1338 εἶναι
1280 1287 1369 1339 ίσα
1391 1285 1530 1356 Θεῷ,
1560 1286 1672 1339 ἀλλ’
1699 1285 1889 1338 ἑαυτὸν

295 1377 550 1442 ἑκένωσε,
606 1377 821 1447 μορφὴν
872 1377 1060 1430 δούλου
1105 1377 1303 1441 λαὸὼν,
1351 1378 1408 1430 ἐν
1452 1375 1757 1446 ὁμοιώματι
1791 1377 1886 1428 ἁν-

296 1468 528 1535 θρὼπων
561 1471 875 1540 γενόμενος,
907 1471 1001 1521 καὶ
1037 1472 1275 1540 σχήματι
1303 1470 1548 1541 εὑρεθεὶς
1581 1469 1654 1532 ὠς
1680 1468 1889 1538 ἄνθρω-

295 1573 416 1620 πος,
458 1560 822 1611 ἐταπείνωσεν
855 1559 1068 1623 ἐαυτὸν,
1116 1559 1406 1630 γενόμενος
1448 1560 1691 1630 ὑπήκοος
1724 1559 1884 1629 μέχρι

293 1649 545 1713 θανάτου,
579 1651 808 1704 θανάτου
839 1651 894 1705 δὲ
929 1651 1183 1722 σταυροῦ.
1213 1669 1230 1700 ι
1273 1649 1467 1703 Καίτοι
1510 1650 1619 1720 γὰρ
1645 1651 1778 1713 Θεός
1825 1668 1883 1702 τε

294 1741 390 1794 καὶ
417 1747 478 1795 ἐκ
508 1743 640 1795 Θεοῦ
679 1744 820 1796 κατὰ
867 1746 1026 1812 φύσιν
1055 1732 1314 1813 ὑπάρχων
1338 1744 1366 1796 6
1395 1742 1688 1813 μονογενὴς
1719 1741 1882 1794 αὑτοῦ

294 1836 489 1903 Λόγος,
535 1837 596 1888 τὸ
634 1837 978 1905 ἀπαύγασμα
1021 1838 1120 1905 τῆς
1155 1837 1334 1906 δόξης,
1386 1837 1480 1892 καὶ
1527 1838 1555 1888 6
1594 1837 1882 1906 χαρακτὴρ

2001 651 2260 702 modare?
2319 649 2564 715 Quonam
2615 649 2778 718 igitur
2830 661 2986 718 pacto
3046 651 3100 705 in
3152 667 3317 706 carne
3381 651 3584 706 factum

2000 740 2166 792 fuisse
2195 739 2426 794 Verbum
2470 741 2734 804 dicamus,
2781 741 3277 797 itnmutabilitatem
3328 757 3451 811 quae
3485 743 3587 812 ipsi

1996 834 2214 900 pr0pria
2263 843 2424 901 atque
2475 835 2780 889 essentialis
2844 847 2900 888 et
2938 835 3133 899 insita,
3184 844 3268 889 est
3323 844 3586 904 perpetuo

1996 936 2410 991 conservantes,
2463 927 2899 993 sapientissimus
2945 927 3167 993 Paulus,
3204 928 3592 997 mysteriorum

1996 1015 2165 1083 ipsius
2264 1018 2609 1085 dispensator
2683 1020 3120 1088 evangelicazque
3185 1021 3584 1088 praadicationir

1999 1109 2271 1176 minister,
2300 1109 2561 1175 declarat,
2600 1111 2823 1166 dicens:
2860 1129 2878 1162 ι
2918 1112 3031 1167 Hoc
3068 1115 3267 1168 sentite
3290 1117 3587 1185 unusquis-

1995 1214 2100 1267 que
2133 1201 2182 1252 in
2217 1201 2367 1254 vobis
2396 1205 2536 1270 quod
2587 1212 2644 1256 et
2688 1204 2740 1256 in
2773 1204 2994 1258 Christo
3027 1204 3176 1272 Jesu,
3208 1207 3322 1274 qui,
3367 1222 3489 1262 cum
3529 1210 3583 1262 in

1996 1288 2168 1341 forma
2221 1287 2310 1342 Dei
2363 1299 2529 1354 esset,
2583 1305 2687 1345 non
2743 1289 2987 1362 rapinam
3035 1295 3340 1350 arbitratus
3392 1305 3476 1351 est
3523 1315 3584 1352 se

1991 1395 2113 1434 esse
2162 1382 2421 1450 aequalem
2475 1383 2583 1437 Deo
2626 1402 2639 1437 :
2682 1385 2774 1438 sed
2826 1386 3180 1456 semetipsum
3239 1389 3578 1453 exinanivit.

1992 1469 2218 1524 formam
2249 1473 2390 1526 servi
2429 1473 2722 1544 accipiens,
2759 1475 2810 1527 iu
2845 1475 3253 1532 similitudinem
3298 1479 3577 1536 hominum

1991 1561 2187 1628 factus,
2233 1573 2288 1616 et
2321 1563 2509 1618 habitu
2546 1566 2797 1620 inventus
2842 1577 2899 1619 ut
2931 1568 3112 1633 homo,
3145 1570 3455 1625 humiliavit
3489 1588 3580 1626 se-

1988 1652 2185 1720 ipsum,
2222 1652 2393 1707 factus
2426 1651 2686 1707 obediens
2723 1668 2892 1724 usque
2931 1657 2998 1709 ad
3033 1667 3260 1711 mortem
3296 1697 3311 1722 ,
3346 1671 3578 1716 mortem

1987 1751 2166 1796 autem
2215 1745 2394 1797 crucis
2415 1743 2478 1796 ⁸⁸.
2513 1763 2532 1795 ι
2571 1745 2708 1797 Deus
2747 1745 2892 1798 enim
2930 1755 2984 1799 et
3025 1761 3088 1801 et
3128 1746 3240 1802 Deo
3279 1753 3578 1807 secundmn

1988 1843 2235 1888 naturam
2287 1836 2556 1890 exsistens
2601 1837 2936 1904 unigenitum
2999 1838 3168 1907 ipsius
3210 1838 3472 1906 Verbum,
3521 1855 3580 1900 et

290 1927 390 1994 τῆς
422 1926 772 1989 ὑποστάσεως
799 1927 894 1980 τοῦ
920 1931 1299 1998 γεννήσαντος,
1325 1922 1548 1995 γέγονεν
1572 1927 1871 1997 ἄνθρωπος,

1988 1926 2239 1995 splendor
2295 1927 2510 1997 gloriae,
2560 1939 2614 1982 et
2661 1928 2947 1983 character
2996 1932 3312 1988 SUbSLllilitl:
3351 1935 3578 1992 Genito-

290 2019 383 2070 xa't
415 2018 514 2070 οὐκ
543 2020 620 2081 εἷς
661 2021 840 2090 σάρκα
879 2020 1140 2088 τραπεὶς,
1182 2020 1213 2088 ἢ
1253 2017 1485 2089 φυρμὸν,
1524 2019 1556 2088 ἢ
1590 2020 1806 2088 κρᾶσιν,
1845 2020 1877 2089 ἡ

288 2128 341 2164 τι
375 2112 481 2164 τῶν
508 2113 763 2166 τοιούτων
805 2113 989 2183 ἕτερον
1027 2114 1344 2182 ὑπομείνας,
1376 2112 1562 2174 καθεὶς
1591 2114 1646 2164 δέ
1678 2113 1877 2182 μᾶλλον

288 2201 480 2257 ἑαυτὸν
513 2208 591 2267 εἰς
622 2206 872 2267 κένωσιν,
909 2206 1001 2257 καὶ
1040 2206 1159 2258 ἀντὶ
1190 2208 1286 2276 τῆς
1325 2204 1695 2275 προκειμένης
1727 2204 1876 2274 αὑτῷ

289 2299 481 2366 χαρᾶς,
508 2298 769 2368 αἰσχύνης
796 2297 1238 2366 καταφρονήσας,
1271 2297 1364 2349 καὶ
1394 2298 1492 2366 τὴν
1531 2297 1628 2366 τῆς
1659 2297 1871 2366 ἁνθρω·

286 2391 518 2458 πότητος
559 2391 834 2459 πτωχείαν
879 2392 977 2442 οὐκ
1010 2390 1303 2459 ἀτιμάσας.
1337 2391 1596 2460 Ἤθελησε
1632 2392 1762 2462 γὰρ,
1800 2393 1874 2454 ὡς

285 2483 439 2546 Θεὸς,
480 2486 577 2553 τὴν
618 2483 833 2554 θανάτῳ
873 2485 966 2538 xai.
1013 2485 1256 2555 ἁμαρτίᾳ
1300 2485 1628 2555 ἐνεχομὲνην
1670 2486 1871 2555 σάρκα,

283 2578 377 2629 καὶ
418 2575 649 2629 θανάτου
696 2578 789 2629 καὶ
839 2578 1070 2646 αἵματος
1115 2576 1391 2646 ἀποφῆναι
1440 2577 1746 2648 κρείττονα.
1781 2578 1872 2630 xxi.

279 2669 612 2738 ἀνακομίσαι
648 2670 784 2739 πρὸς
828 2669 888 2720 τὸ
926 2670 983 2721 ἐν
1013 2670 1230 2738 ἀρχαῖς,
1266 2669 1400 2722 ἰδίαν
1436 2669 1605 2739 αὑτὴν
1639 2672 1871 2739 ποιησά-

283 2775 472 2828 μενος,
518 2760 613 2810 καὶ
655 2760 753 2811 οὑκ
785 2759 992 2828 ἄψυχόν
1027 2777 1088 2827 γε
1123 2760 1263 2812 κατά
1295 2777 1467 2825 τινας,
1510 2762 1871 2832 ἐψυχωμένην

276 2849 336 2903 δὲ
374 2851 575 2920 μᾶλλον
609 2850 752 2920 ψυχῇ
789 2852 976 2920 νοερᾷο
1024 2851 1160 2904 ίὲναι
1209 2869 1270 2918 γε
1307 2853 1413 2921 μὴν
1461 2853 1559 2922 τὴν
1599 2853 1676 2923 τῷ
1723 2857 1869 2924 πράα

276 2960 451 3012 γματι
497 2942 814 3013 πρέπουσαν
863 2944 962 2995 οὐκ
1011 2940 1330 3007 ἀπαξιώσας
1377 2944 1582 3014 τρίϐον,
1613 2945 1711 3016 τὴν
1747 2947 1868 2999 καθ’

276 3035 425 3104 ἡμᾶς
471 3033 723 3102 γέννησιν
758 3031 1047 3101 ὑπομεῖναι
1091 3035 1331 3102 λέγεται,
1367 3036 1694 3106 μεμενηκὼς
1731 3038 1868 3109 ὅπερ

273 3121 364 3196 ἦν.
415 3120 740 3194 Γεγέννηται
773 3125 883 3194 γὰρ
923 3126 1243 3192 παραδόξως
1295 3127 1436 3179 κατά
1486 3130 1708 3200 σάρκα’,
1745 3129 1777 3200 ἢ
1813 3133 1867 3183 ἐν

275 3215 405 3266 εῖδει
437 3211 543 3283 τῷν
574 3213 693 3265 καθ’
723 3215 871 3282 ἡμᾶς
899 3215 1126 3283 ὀφθῆναι
1154 3219 1265 3278 τοῖς
1292 3217 1384 3268 ἐπὶ
1417 3217 1538 3286 γῆς,
1569 3219 1658 3271 τὸν
1685 3221 1864 3288 ἀναφῆ
1897 3265 1939 3321 C

275 3305 368 3357 καὶ
399 3303 733 3374 ἀσώματον¹.
755 3304 898 3374 Πλὴν
932 3305 1352 3376 ὲνανθρωπῆσαι
1383 3309 1670 3378 κρίναντα,
1701 3311 1796 3363 καὶ
1813 3315 1868 3363 ἐν

271 3395 451 3466 ἐαυτῷ
494 3397 588 3448 καὶ
634 3395 780 3465 μόνῳ
826 3399 936 3458 τοῖς
980 3397 1080 3466 τῆς
1127 3397 1379 3469 θεότητος
1425 3400 1733 3465 ἀξιώμασιν
1770 3404 1865 3454 ὲκ-

273 3489 462 3557 πρεπῆ
491 3487 587 3558 τὴν
627 3486 783 3557 ἡμῶν
813 3488 1090 3558 ἀποφῆναι
1133 3488 1293 3557 φύσιν
1317 3510 1329 3519 -
1364 3486 1430 3559 ἦν
1473 3492 1579 3563 γὰρ
1610 3495 1637 3543 6
1678 3493 1862 3557 αὐτὸς,

271 3583 403 3643 Θεός
436 3598 498 3648 γε
545 3581 679 3651 ὁμοῦ
726 3583 820 3633 καὶ
850 3581 945 3634 ἄνθ
959 3598 1168 3650 ρωπος,
1202 3583 1292 3635 καὶ
1337 3585 1394 3635 ἐν
1427 3584 1732 3655 ὁμοιώματι
1766 3586 1864 3654 μὲν

271 3671 581 3740 ἀνθρώπου,
615 3671 749 3723 καθὸ
785 3671 926 3738 μετά
965 3671 1153 3723 τούτου
1187 3673 1280 3724 καὶ
1325 3673 1457 3736 Θεὸς
1499 3670 1587 3744 ἦν,
1622 3677 1862 3746 σχήματι

270 3762 324 3814 δέ
352 3763 425 3825 ὡς
454 3762 757 3834 ἄνθρωπος.
786 3762 918 3824 Θεὸς
949 3763 1056 3834 γὰρ
1092 3759 1159 3834 ἦν
1184 3765 1239 3816 ἐν
1270 3764 1399 3816 εῖδει
1431 3765 1508 3835 τῷ
1539 3766 1660 3819 καθ’
1691 3769 1860 3837 ἡμᾶς,

269 3855 364 3908 καὶ
418 3857 477 3905 ἐν
523 3853 712 3906 δούλου
755 3858 974 3926 μορφῇ,
1019 3857 1316 3927 Δεσπότης.
1349 3859 1537 3929 Σάρκα
1579 3860 1686 3930 γὰρ
1720 3860 1863 3912 οὕτω

269 3949 451 4018 φαμὲν
481 3949 758 4016 γενέσθαι.
791 3951 1059 4023 Ταύτῃτοι
1095 3953 1188 4005 καὶ
1217 3952 1479 4007 Θεοτόκον
1513 3951 1653 4010 εἶναι
1681 3957 1861 4010 διαϐεο

269 4041 572 4111 ϐαιούμεθα
601 4043 698 4114 τὴν
727 4039 890 4111 ἁγίαν
920 4043 1214 4114 Παρθένον.

1988 2018 2063 2071 ris
2085 2016 2154 2079 ⁸³,
2191 2018 2390 2070 laetum
2419 2027 2500 2071 est
2530 2019 2716 2081 homo,
2737 2028 2790 2072 et
2824 2035 2929 2072 non
2962 2019 3013 2074 in
3042 2037 3264 2079 carnem
3288 2037 3576 2092 mutatum,

1988 2124 2160 2177 neque
2193 2111 2356 2164 ullam
2409 2120 2504 2164 aut
2548 2112 2856 2178 misturam,
2901 2125 2996 2170 aut
3033 2127 3453 2184 temperaturam
3485 2101 3578 2175 aut

1986 2200 2129 2255 aliud
2166 2201 2440 2271 quidpiam
2485 2201 2858 2270 hujuscemodi
2908 2206 3096 2270 subiit,
3142 2207 3234 2260 sed
3265 2211 3444 2276 potius
3477 2213 3572 2264 de-

1986 2295 2207 2346 mitteus
2262 2307 2319 2347 se
2357 2291 2421 2346 ad
2471 2294 2937 2359 exinanitionein,
2977 2307 3031 2351 et
3085 2312 3184 2366 pro
3236 2301 3434 2369 gaudio
3471 2304 3574 2357 sibi

1985 2384 2297 2453 preposito,
2360 2385 2595 2447 dedecus
2655 2397 3048 2450 contemnens,
3103 2390 3575 2463 humanitatisque

1985 2477 2258 2531 miseriam
2311 2487 2475 2546 atque
2521 2479 2871 2546 indigentiam
2915 2498 3021 2536 non
3074 2496 3418 2554 aspernatus.
3465 2489 3569 2545 Vo-

1983 2569 2082 2622 luit
2129 2572 2274 2624 enim
2327 2581 2383 2624 ut
2430 2570 2571 2627 Deus
2606 2588 2825 2629 carnem
2885 2577 3046 2630 morti
3102 2589 3154 2631 et
3201 2576 3572 2648 peccato'oh-

1983 2661 2227 2728 noxiam,
2275 2672 2450 2718 morte
2502 2679 2563 2719 ac
2609 2677 2833 2734 peccato
2879 2672 3215 2738 superiorem
3268 2675 3572 2742 declarare,

1983 2756 2333 2826 pristinaeque
2386 2756 2683 2825 integritati
2751 2761 3061 2828 restituere,
3123 2767 3394 2834 propriam
3450 2785 3571 2826 eam

1980 2847 2080 2900 sibi
2113 2847 2336 2909 faciens,
2371 2857 2423 2900 et
2460 2849 2676 2916 quidem
2715 2851 2857 2903 illam
2903 2868 3005 2905 non
3051 2856 3229 2926 anima
3268 2873 3568 2930 carentem,

1981 2948 2032 2988 ut
2065 2935 2283 3003 quidam
2320 2937 2638 3004 opinantur,
2668 2939 2775 2991 imo
2809 2943 2989 3009 potius
3022 2945 3202 3000 anima
3229 2949 3570 3023 intelligente

1978 3028 2295 3081 animatam.
2354 3027 2524 3082 Porro
2582 3029 2665 3081 via
2720 3046 2840 3099 qua:
2901 3034 3026 3088 huic
3069 3041 3284 3108 negotio
3333 3049 3571 3112 gerendo

1979 3119 2296 3173 conveniret
2351 3120 2605 3175 incedere
2659 3135 2764 3176 non
2829 3123 3172 3196 dedignatus,
3225 3136 3569 3194 nativitatem

1979 3213 2137 3266 nobis
2172 3211 2402 3267 similem
2443 3213 2676 3267 subiisse
2724 3214 2944 3282 dicitur,
2981 3236 3312 3288 permanens
3346 3243 3476 3284 vero
3517 3231 3570 3286 id

1975 3307 2120 3375 quod
2171 3317 2308 3359 erat.
2349 3305 2520 3361 Natus
2550 3307 2694 3361 enim
2744 3318 2826 3362 est
2858 3311 3169 3370 admirabili
3226 3321 3438 3377 ratione
3478 3340 3568 3380 se-

1975 3399 2212 3454 cundum
2257 3414 2478 3453 carnem
2510 3416 2577 3454 ex
2626 3402 2895 3457 muliere:
2932 3421 3107 3474 neque
3155 3412 3300 3466 enim
3351 3428 3570 3484 poterat

1974 3492 2154 3554 aliter,
2187 3491 2328 3546 Deus
2370 3493 2668 3547 secundum
2705 3505 2953 3551 naturam
2984 3502 3276 3568 exsistens,
3316 3521 3476 3576 quam
3511 3513 3565 3568 in

1973 3586 2156 3654 specie
2196 3600 2316 3652 quae
2357 3595 2557 3638 nostra:
2605 3586 2800 3641 similis
2853 3598 2996 3643 esset
3040 3595 3360 3653 mortalibus
3391 3615 3566 3670 appa.

1976 3692 2118 3739 rere,
2164 3676 2258 3746 qui
2295 3678 2653 3746 incorporeus
2705 3691 2789 3733 est
2831 3691 2884 3734 et
2923 3686 3064 3754 tangi
3119 3693 3328 3758 nequit.
3379 3692 3566 3764 Neque

1967 3769 2111 3822 enim
2151 3777 2362 3834 poterat
2398 3769 2556 3850 aliter
2580 3785 2741 3838 quam
2777 3786 2874 3838 per
2908 3774 3364 3848 incarnationem,
3395 3797 3562 3857 atque

1970 3861 2022 3912 in
2055 3874 2236 3927 seipso
2271 3869 2323 3912 et
2355 3859 2573 3928 quidem
2626 3862 2742 3916 solo
2775 3879 3017 3921 nostram
3051 3882 3300 3928 naturam
3342 3879 3564 3937 deitatis

1969 3952 2322 4021 dignitatibus
2370 3954 2650 4007 decorare.
2699 3953 2830 4010 Erat
2873 3961 3016 4013 enim
3052 3963 3165 4031 ipse
3209 3966 3351 4024 Deus
3395 3975 3560 4030 simul

1968 4059 2023 4104 et
2057 4050 2240 4109 homo,
2276 4044 2442 4115 719
2470 4057 2522 4099 et
2547 4046 2599 4099 in
2628 4050 2987 4108 sunilitudine
3031 4058 3254 4126 quidem
3296 4063 3555 4134 heminis,

269 4147 537 4206 quatenus
583 4153 687 4191 una
723 4153 849 4192 cum
906 4139 1006 4194 hac
1055 4143 1217 4194 etiam
1275 4143 1416 4198 Deus
1475 4156 1628 4212 erat;
1703 4147 1890 4205 habitu
1931 4164 2082 4215 vero,
2130 4153 2191 4199 ut
2242 4143 2428 4198 homo.
2469 4142 2610 4198 Deus
2676 4145 2820 4200 enim
2865 4159 2983 4204 erat
3037 4153 3086 4205 in
3139 4159 3322 4225 specie
3358 4175 3560 4221 nostra:

269 4231 457 4293 simili,
498 4239 552 4282 et
582 4230 632 4283 in
663 4232 835 4284 forma
861 4233 1024 4298 servi,
1057 4233 1338 4290 Dominus.
1376 4235 1487 4292 lloc
1515 4241 1661 4294 enim
1699 4245 1858 4299 modo
1898 4256 2117 4300 carnem
2146 4239 2348 4294 factum
2381 4253 2504 4293 esse
2546 4239 2779 4296 dicimus
2806 4260 2818 4296 :
2851 4258 2915 4299 ac
2975 4249 3200 4316 proinde
3265 4253 3556 4326 θεῖναι-συί

265 4339 481 4395 qttoque
504 4328 782 4381 exstitisse
807 4341 1209 4385 sacrosanctam
1233 4330 1508 4401 Virginem
1532 4337 1849 4393 asserimns.

337 4416 399 4470 Β.
440 4415 662 4481 Βούλει,
690 4420 803 4481 τοῖς
847 4421 959 4482 σοῖς
1003 4423 1532 4494 ἀντιπαρεξάγοντες
1561 4429 1743 4497 λόγοις
1780 4432 1850 4485 τὰ

2036 4426 2096 4480 Β.
2128 4425 2384 4482 Placetne
2413 4437 2494 4492 ut,
2528 4427 2739 4483 illormn
2763 4430 3101 4500 ubjectiones
3133 4439 3238 4493 tuis
3267 4441 3425 4500 dictis
3450 4464 3551 4518 op-

270 4510 398 4579 παρ’
433 4511 680 4575 ἐκείνων,
720 4512 1034 4583 ἱσχνοτέραν
1083 4517 1441 4589 ἁποτελῶμεν
1491 4523 1600 4575 τῶν
1634 4525 1852 4576 ἐννοιῶν

1981 4529 2242 4584 ionetttes,
2276 4520 2666 4575 accuratiorem
2703 4531 2756 4578 et
2784 4525 3125 4580 subtiliorem
3162 4532 3236 4585 rei
3254 4510 3551 4604 proposiiae

264 4601 364 4673 τὴν
411 4602 665 4672 βάσανον,
709 4605 742 4673 ἢ
780 4606 1204 4679 παραχωρῶμεν
1239 4612 1429 4676 ἁπλῶς
1478 4614 1690 4684 λέγοντί
1743 4633 1846 4681 σοι,

263 4691 326 4747 τὸ
350 4687 408 4744 εὖ
438 4691 583 4762 ἔχειν
622 4695 1062 4766 ὑπειλημμένονς

331 4869 398 4923 Δ.
452 4867 882 4940 Ἀνεττίπληκτον
917 4871 1039 4942 μὲν,
1070 4870 1145 4937 ὥς
1169 4892 1231 4943 γε
1268 4867 1443 4947 οἶμαι,
1476 4881 1583 4932 πᾶν
1612 4880 1749 4951 ὅπερ
1782 4881 1848 4935 ἁν

262 4959 476 5028 λέγοιτο
511 4961 649 5031 πρὸς
695 4961 851 5032 ἡμῶν
881 4965 1060 5032 σοφῶς
1093 4983 1153 5018 τε
1183 4969 1278 5020 καὶ
1311 4972 1724 5042 ἐπιστημόνως,
1755 4974 1849 5026 καὶ

260 5053 360 5105 οὑκ
406 5052 725 5122 ἀπᾳδόντως
774 5054 898 5126 ἔχον
965 5060 1086 5121 ταῖς
1152 5059 1532 5127 θεοπνεύστοις
1577 5065 1842 5136 Γραφαῑς.

257 5137 437 5209 Φράζε
477 5137 533 5190 δὲ
565 5139 662 5193 καὶ¹
695 5142 871 5206 αὑτὸς-
905 5145 967 5197 τὸ
1001 5146 1213 5203 δοκοῦν.
1249 5150 1495 5205 Ἐκτέκοι
1537 5155 1646 5226 γὰρ
1695 5156 1762 5209 ἁν
1791 5174 1842 5210 τι

267 5227 366 5286 stin
392 5230 733 5306 ὀνησιφόρων
762 5237 796 5307 ἠ
820 5237 1155 5305 ἀντίστασις.

329 5415 390 5468 Β.
445 5415 505 5468 Ὀ
537 5415 827 5481 θεσπέσιος
869 5421 1091 5491 γράφει,
1126 5425 1280 5492 φασὶ,
1336 5425 1547 5491 Παῦλος
1592 5430 1842 5502 περὶτοῦ

265 5505 391 5560 Υἱοῦ
417 5549 430 5571 ,
467 5508 560 5562 ἁτε
593 5509 657 5580 δὴ
704 5513 991 5579 γεγονότος
1030 5517 1274 5587 κατάρας
1325 5535 1382 5571 τε
1419 5522 1512 5573 καὶ
1546 5522 1840 5593 ἁμαρτίας.

262 5597 403 5667 Ἔφη
447 5599 588 5671 γὰρ,
648 5601 731 5653 ﬁt.
791 5622 810 5653 ι
844 5604 946 5656 Τὸν
995 5605 1070 5676 μὴ
1117 5605 1314 5674 γνόντα
1366 5609 1665 5681 ἁμαρτίαν,
1702 5613 1842 5684 ὑπὲρ

261 5690 412 5762 ἡμῶν
459 5692 736 5764 ἁμαρτίαν
781 5696 1024 5766 ἐποίησε.
1063 5717 1080 5748 ι
1148 5697 1251 5753 Καὶ
1299 5700 1491 5754 πάλιν·
1546 5721 1564 5754 ι
1606 5705 1842 5775 Χριστὸς

326 5868 374 5903 ⁸³
403 5867 637 5942 Philipp.
675 5887 735 5930 tt.
767 5872 886 5930 5-8.
978 5875 1018 5908 "’
1044 5872 1206 5931 llebr.
1235 5893 1274 5944 ι,
1313 5878 1365 5932 ὅ.

1961 4614 2443 4683 investigationem
2481 4613 2832 4672 instituamus
2858 4657 2873 4682 ,
2902 4634 2968 4673 an
3005 4623 3186 4690 potius
3214 4627 3544 4698 simpliciter

1959 4706 2193 4760 orationi
2235 4715 2340 4760 tute
2383 4707 2540 4761 iidem
2567 4707 2911 4776 adhibentes,
2941 4712 3013 4766 ita
3044 4709 3168 4772 sese
3197 4733 3311 4774 rem
3341 4724 3546 4783 habere

1955 4797 2296 4852 statuamus?

2030 4886 2096 4939 A.
2131 4886 2294 4940 Extra
2325 4889 2803 4956 reprehensionem
2836 4907 3052 4950 onmem
3083 4900 3324 4968 positum
3360 4915 3462 4971 est,
3486 4921 3544 4964 ut

1956 4977 2214 5042 arbitror,
2243 4979 2389 5047 quod
2431 4995 2460 5032 a
2494 4981 2649 5034 nobis
2700 4984 2838 5039 scite
2889 4987 3277 5060 sapienterque
3334 4998 3540 5056 dictmu

1955 5081 2062 5137 est,
2090 5086 2264 5141 neque
2305 5087 2410 5126 una
2445 5073 2659 5128 ratione
2691 5091 2720 5128 a
2768 5078 2941 5134 sacris
2973 5079 3272 5152 Scripturis
3322 5089 3540 5148 dissen-

1955 5162 2038 5216 tit.
2073 5163 2165 5215 Dic
2216 5177 2344 5216 vero
2387 5164 2553 5217 etiam
2595 5173 2650 5218 tu
2692 5169 2836 5237 quod
2893 5170 2990 5224 tibi
3033 5174 3248 5230 videtur
3291 5195 3305 5231 :
3348 5181 3540 5240 aii'eret

1952 5255 2096 5308 enim
2134 5257 2384 5309 nonnihil
2419 5256 2666 5314 utilitatis
2699 5265 2988 5321 contrariae
3022 5272 3308 5328 sententia:
3368 5293 3542 5347 appo-

1947 5345 2091 5399 sitio.

2020 5439 2080 5493 B.
2116 5439 2341 5497 Diviuus
2363 5443 2580 5509 Paulus,
2633 5449 2808 5516 aiunt,
2872 5452 3064 5508 scribit
3097 5456 3164 5510 de
3204 5456 3367 5524 Filio,
3427 5472 3535 5518 tan-

1947 5545 2112 5599 quam
2167 5532 2256 5599 qui
2295 5533 2469 5589 factus
2496 5537 2568 5589 sit
2629 5540 2937 5596 maledictio
2966 5555 3019 5598 et
3078 5559 3382 5615 peccatum.
3450 5553 3535 5608 ln-

1947 5624 2065 5692 quit.
2094 5625 2424 5695 enim,quod
2463 5647 2480 5678 ι
2520 5630 2650 5684 Eum
2681 5635 2772 5701 qni
2803 5650 2907 5690 non
2933 5639 3082 5692 novit
3108 5652 3413 5710 peccatum,
3439 5661 3537 5715 pro

1948 5717 2105 5772 nobis
2143 5729 2426 5789 peccatum
2483 5721 2611 5778 fecit
2644 5725 2709 5780 ⁵⁸.
2757 5745 2773 5777 ι
2815 5727 2878 5783 Et
2929 5746 3163 5788 rursus:
3211 5751 3234 5786 ο
3285 5735 3542 5793 Christus

1446 5879 1490 5911 ⁵ο
1528 5879 1566 5933 ll
1597 5879 1723 5937 Cor.
1773 5899 1822 5950 ν,
1859 5883 1955 5941 91.
