4036 6336
537 417 666 470 59.39

1515 423 1568 474 S.
1610 422 1882 476 (IYlliLLI
1928 421 2392 477 ALEXANDHINI
2436 425 2752 482 ARCIIIEP.

3643 433 3780 486 1260

530 531 906 603 Aigyptiorunt
959 536 1119 605 717
1152 543 1205 586 et
1239 535 1499 590 servitute
1529 552 1630 606 qua
1662 540 1854 592 Ibidem
1892 555 2072 607 preme

2211 539 2523 605 Αἰγυπτίων
2571 542 2751 611 χώρας
2788 543 2878 594 καὶ
2910 542 3004 609 τῆς
3035 541 3219 594 αὐτόοι
3267 541 3576 606 πλεονεξίας
3603 544 3778 594 ἀπαλ-

529 627 724 700 ιιςιιιιιμ·
756 627 1020 682 lsraeiitas
1065 629 1299 682 liberans
1330 631 1380 682 in
1418 645 1575 683 manu
1622 630 1742 684 forti
1791 643 1842 683 et
1875 633 2095 685 brachio

528 718 781 781 excelso,
854 719 992 773 sicut
1045 722 1302 787 scriptum
1357 731 1438 774 est
1466 723 1712 776 "?anne
1762 739 1887 777 vero
1932 725 2092 776 etiam

526 810 780 874 deinceps
797 806 977 862 Jesum
1007 811 1291 864 manifeste
1316 813 1581 866 dicentem
1608 815 1966 881 reperiemus:
2000 833 2015 864 ι
2034 815 2094 867 Ει

524 900 663 950 sicut
686 911 833 951 cram
863 914 982 953 cum
1017 899 1214 970 Moyse,
1241 902 1311 956 ita
1338 916 1430 957 ero
1466 904 1626 956 etiam
1663 904 1936 958 vobiscum
1955 904 2085 955 W?»

596 1007 656 1060 Β.
700 1006 955 1062 Omnino.

594 1101 660 1154 A.
701 1099 871 1163 Quam
903 1101 1064 1167 igitur
1090 1100 1158 1154 ob
1187 1114 1404 1154 causam
1437 1114 1595 1155 nemo
1628 1102 1842 1169 quidem
1879 1103 2089 1158 illorum

526 1186 841 1242 Emmanuel
871 1197 1091 1242 vocatus
1119 1199 1219 1251 est,
1251 1189 1342 1243 sed
1375 1190 1446 1242 illi
1475 1191 1571 1244 soli
1609 1191 1707 1245 hoc
1737 1207 1928 1246 nomen
1963 1209 2091 1247 con-

526 1278 666 1330 venit
698 1278 788 1343 qui
823 1277 1132 1331 novissimis
1175 1278 1352 1332 saeculi
1387 1281 1724 1349 temporibus
1770 1295 1832 1334 ex
1870 1281 2092 1336 muliere

523 1368 814 1421 secundum
841 1381 1056 1421 carnem
1093 1378 1253 1422 natus
1280 1371 1398 1423 est?

592 1457 655 1510 Β.
701 1457 941 1524 Quonam
979 1461 1135 1513 modo
1164 1461 1343 1529 itaque
1378 1461 1715 1517 censebimus
1747 1462 1945 1517 factum
1971 1476 2090 1517 esse

527 1545 690 1599 Deum
728 1561 792 1599 ex
839 1547 1106 1599 muliere?
1131 1549 1210 1600 An
1237 1558 1490 1616 tanquam
1528 1551 1842 1604 substantia:
1881 1565 1998 1617 quze
2035 1551 2085 1604 in

521 1641 636 1705 ipsa
674 1645 726 1689 et
755 1652 817 1689 ex
859 1636 966 1702 ipsa
996 1644 1077 1688 est
1101 1637 1368 1704 particeps
1405 1637 1600 1690 factum
1629 1638 1789 1689 fuerit
1821 1636 2088 1692 Verbum?

588 1733 651 1782 Α.
691 1727 844 1782 Absit
877 1739 934 1781 ut
965 1728 1099 1781 adeo
1140 1741 1327 1780 vanam
1358 1737 1521 1796 atque
1549 1728 1834 1781 absurdam
1879 1730 2085 1797 opinio-

519 1833 639 1872 nem
691 1817 871 1871 aninio
925 1815 1314 1882 concipiamus.
1371 1816 1667 1870 Erroneum
1713 1817 1856 1871 enim
1898 1817 2083 1882 fuerit,

2200 631 2404 683 λάττων
2435 633 2525 683 τὸν
2559 634 2790 702 Ἰσραὴλ,
2833 635 2888 684 ἐν
2928 636 3070 704 χειρὶ
3114 637 3346 705 κραταιᾷ
3386 635 3480 686 καὶ
3530 637 3588 687 ἐν
3639 634 3777 704 βρα-

2196 711 2340 788 χίονι
2380 722 2594 791 ὑψηλῷ,
2646 724 2791 775 καθὰ
2830 723 3135 791 γέγραπται
3172 741 3185 787 ;
3237 725 3357 793 οὐχὶ
3399 724 3457 776 δὲ
3501 727 3596 775 καὶ
3637 722 3780 792 μετὰ

2195 809 2380 871 ταῦτα,
2431 813 2636 881 Ἰησοῦν
2669 814 2892 880 λέγοντα
2925 813 3111 880 σαφῶς
3140 814 3464 884 εὑρήσομεν,
3506 832 3524 863 c
3559 813 3670 864 Kal
3691 811 3777 878 ὡς

2196 900 2343 970 ἢμην
2381 902 2520 969 μετὰ
2549 904 2740 973 Μωσῆ,
2775 903 2945 966 οὑτως
2972 903 3167 973 ἔσομαι
3195 905 3288 957 καὶ
3321 905 3458 973 μετὰ
3491 901 3617 966 σοῦς
3645 920 3662 952 ι

2265 992 2324 1044 B.
2367 993 2611 1062 ’Λληθές.

2263 1082 2324 1132 Α.
2361 1082 2504 1150 ’Λρσι
2544 1081 2606 1151 δὴ
2655 1078 2762 1145 οὖν,
2805 1083 2976 1146 οὐδεὶς
3019 1083 3118 1153 μὲν
3163 1084 3381 1136 ἐκείνων
3429 1079 3776 1152 Ἐμμανουὴλ

2193 1171 2524 1241 ὠνόμασται,
2551 1175 2756 1243 ἥρμοσε
2784 1175 2838 1226 δὲ
2868 1175 3010 1244 μόνῳ
3040 1173 3298 1245 τοῦνομα,
3325 1174 3402 1242 τῷ
3431 1175 3570 1226 κατὰ
3596 1174 3774 1243 σάρκα

2192 1265 2255 1315 ἐκ
2295 1265 2548 1331 γυναικὸς
2584 1268 2639 1317 ἐν
2677 1268 2921 1335 ἐσχάτοις
2956 1267 3051 1320 τοῦ
3095 1268 3287 1329 αἰῶνος
3339 1268 3550 1336 καιροῖς
3591 1281 3775 1335 παρα-

2199 1356 2363 1422 δόξως
2402 1357 2783 1427 γεγεννημένῳ
2807 1375 2819 1422 ;

2262 1448 2322 1502 Β.
2357 1449 2670 1519 (ὶξησόμεθα
2693 1449 2757 1520 δὴ
2774 1447 2865 1503 οὖν
2891 1449 3011 1504 τινα
3038 1450 3238 1520 τρόπον
3261 1447 3618 1517 γεγεννῆσθαι
3635 1445 3775 1500 Θεὸν

2191 1540 2253 1592 ἐκ
2293 1542 2566 1606 γυναικὸς,
2602 1537 2689 1609 ἄρ’
2717 1542 2791 1604 ὡς
2831 1543 2926 1609 τῆς
2961 1540 3243 1611 ὑπάρξεως
3293 1541 3390 1608 τῆς
3437 1542 3496 1592 ἐν
3528 1539 3662 1608 αὐτῇ
3710 1553 3770 1589 τε

2190 1631 2282 1680 καὶ
2313 1630 2370 1695 ἐξ
2403 1631 2572 1698 αὐτῆς
2606 1633 3001 1700 μετεσχηκότος
3030 1630 3122 1682 τοῦ
3157 1633 3360 1698 Λόγου;

2257 1718 2320 1767 Α.
2358 1720 2572 1786 ’Ἄπαγε
2604 1719 2700 1786 τῆς
2741 1719 2880 1771 οὑτω
2903 1721 3115 1790 ψυχρᾶς
3141 1718 3551 1779 εἰκαιοόοὑλίας.
3585 1717 3773 1785 Παρα-

2188 1807 2438 1870 πιίοντος
2472 1808 2580 1878 γὰρ
2615 1810 2662 1860 o‘.
2703 1809 2883 1876 λόγοι,
2935 1812 3028 1862 καὶ
3062 1811 3152 1862 νοῦ
3188 1808 3676 1880 κατηρῤωσηκότος
3709 1807 3768 1858 τὸ

517 1908 821 1976 mentisque
847 1906 1003 1974 plane
1039 1919 1067 1957 a
1093 1919 1222 1958 vero
1247 1918 1476 1970 aversae,
1505 1905 1816 1960 existimare
1845 1906 2072 1960 inell'abi-

2190 1897 2270 1963 ἐφ’
2311 1897 2345 1949 δι
2384 1898 2456 1967 μὴ
2509 1899 2783 1969 προσῆκεν
2827 1900 3288 1969 ἐκτετραμμένον,
3333 1900 3393 1952 τὸ
3429 1899 3630 1968 σαρκὸς
3659 1897 3768 1949 ofs-

517 2001 620 2052 lem
657 1997 925 2067 Unigeniti
954 1997 1242 2050 essentiam
1270 1998 1449 2050 carnis
1512 1996 1744 2051 fructum
1777 1999 1891 2052 sive
1923 1999 2084 2053 fetum

515 2105 655 2143 esse.
685 2089 953 2142 Caeterum
995 2099 1133 2152 erat,
1174 2098 1229 2140 ut
1279 2088 1443 2151 Deus,
1471 2097 1771 2142 comternus
1817 2090 1961 2142 Patri
1996 2091 2083 2156 qui

517 2182 689 2249 ipsum
718 2180 920 2248 genuit,
961 2185 1013 2232 et
1041 2192 1104 2231 ex
1146 2179 1260 2245 ipso
1287 2179 1580 2230 secundum
1619 2189 1864 2231 naturam
1895 2179 2081 2233 ineffa-

514 2274 605 2327 bili
665 2274 820 2324 modo
871 2270 1083 2339 genitus
1135 2279 1237 2320 est.
1295 2264 1608 2323 Veientibus
1667 2283 1842 2324 autem
1899 2281 2082 2340 aperte

513 2377 839 2433 cognoscere
900 2359 1165 2429 quomodo
1197 2371 1247 2413 et
1275 2375 1378 2426 qua
1419 2360 1627 2413 ratione
1662 2360 1712 2412 in
1743 2372 1922 2415 nostra
1957 2377 2079 2430 spe-

510 2458 592 2511 cie
619 2455 929 2523 apparuerit
962 2462 1012 2506 et
1067 2451 1240 2503 factus
1280 2452 1351 2504 sit
1381 2454 1562 2515 homo,
1606 2451 1818 2506 divinus
1855 2468 2081 2522 evange-

512 2548 635 2600 lista
685 2545 919 2599 Joannes
963 2542 1222 2606 declarat,
1259 2541 1444 2595 dicens
1475 2558 1487 2594 :
1527 2559 1542 2590 ι
1579 2542 1643 2594 Ει
1674 2541 1907 2596 Verbum
1954 2560 2080 2599 caro

509 2640 711 2693 factum
755 2644 854 2699 est,
898 2644 950 2688 et
984 2633 1245 2686 habitavit
1286 2633 1338 2685 in
1384 2632 1558 2695 nobis,
1602 2642 1655 2686 et
1699 2635 1930 2689 vidimus
1967 2638 2079 2704 glo-

510 2730 644 2784 riam
695 2728 844 2795 ejus,
898 2724 1120 2795 gloriam
1174 2732 1430 2792 tanquam
1481 2721 1750 2792 Unigeniti
1797 2739 1826 2777 a
1881 2723 2074 2788 Patre,

510 2821 720 2889 plenum
749 2817 936 2887 gratiae
961 2825 1014 2869 et
1043 2815 1280 2868 veritatis
1305 2813 1369 2866 ".
1403 2832 1422 2865 ι

577 2909 640 2963 Β.
682 2910 752 2963 Αι
780 2908 821 2962 si
855 2906 1110 2969 Verbum,
1149 2906 1418 2972 inquiunt,
1455 2904 1651 2958 factum
1687 2918 1767 2961 est
1793 2923 1937 2971 caro,
1965 2909 2074 2978 jam

507 3017 611 3055 non
651 2999 878 3068 amplius
911 2996 1107 3050 mansit
1140 2993 1397 3062 Verbum,
1434 2996 1524 3048 sed
1553 2997 1731 3064 petitis
1773 2998 1930 3052 desiit
1956 3014 2075 3054 esse

508 3094 557 3146 id
590 3091 730 3160 quod
755 3098 894 3142 erat.

574 3185 640 3237 A.
679 3181 837 3248 Atqui
876 3180 976 3233 hoc
1016 3191 1219 3232 merum
1264 3176 1511 3231 delirium
1561 3187 1614 3231 et
1652 3178 1918 3234 dementia
1967 3191 2068 3246 est,
2099 3213 2141 3269 Ο

505 3274 746 3342 nihilque
775 3271 919 3325 aliud
947 3284 1105 3338 quam
1149 3271 1345 3322 mentis
1376 3279 1563 3323 emota:
1592 3269 1900 3324 ludibrium.
1932 3273 2070 3326 Cen-

504 3375 623 3421 sent
653 3364 818 3426 enim,
849 3371 907 3413 ut
937 3359 1167 3424 videtur,
1191 3373 1286 3428 per
1315 3359 1417 3413 hoc
1453 3377 1470 3409 ‹
1492 3359 1687 3413 factum
1726 3374 1858 3428 est,»
1881 3378 2069 3417 neces-

501 3456 647 3512 saria
688 3453 916 3521 quadam
960 3451 1171 3504 ratione
1205 3451 1552 3503 mutationem
1589 3451 2071 3522 aiterationemque

500 3547 816 3617 significari.

574 3643 630 3695 Β.
675 3640 751 3692 Ita
786 3639 887 3693 sibi
926 3634 1251 3704 persuadent
1282 3643 1334 3688 et
1374 3634 1679 3702 opinionem
1716 3650 1866 3689 suam
1899 3651 2068 3691 sacrae

499 3733 796 3802 Scripturce
830 3729 1151 3782 auctoritate
1185 3727 1485 3781 stabiliunt.
1529 3716 1738 3780 Dietum
1768 3729 1910 3782 enim
1960 3739 2064 3794 est,

501 3826 771 3895 inquiunt,
825 3820 950 3874 alibi
992 3820 1057 3872 de
1104 3834 1270 3874 uxore
1312 3817 1432 3882 Lot,
1482 3819 1622 3886 quod
1659 3818 1797 3872 facta
1851 3821 1920 3873 sit
1970 3835 2063 3875 co-

497 3919 677 3970 lumna
707 3914 837 3968 salis
859 3913 936 3975 “;
965 3911 1101 3967 etde
1130 3912 1278 3979 virga
1301 3908 1494 3978 Moysi,
1529 3910 1667 3978 quod
1698 3911 1917 3979 prujecit
1943 3927 2062 3966 eam

497 4013 550 4064 in
581 4019 802 4069 terram,
831 4015 885 4058 et
915 4003 1052 4057 facta
1083 4010 1167 4056 est
1193 4015 1416 4069 serpens
1439 3999 1504 4052 ".
1535 4000 1807 4055 Naturalis
1831 4005 1973 4055 enim
2009 4004 2060 4057 in

499 4103 644 4155 hisce
676 4096 898 4150 mutatio
932 4094 1068 4148 facta
1100 4102 1200 4147 est.

566 4196 634 4246 Α.
676 4190 816 4260 Ergo
869 4203 989 4242 cum
1042 4185 1275 4254 psallunt
1311 4183 1526 4252 quidam
1563 4201 1576 4237 :
1610 4202 1628 4235 ‹
1658 4185 1724 4238 Ει
1761 4184 1930 4240 factus
1981 4195 2061 4241 est

495 4284 625 4340 mihi
668 4282 926 4338 Dominus
972 4278 1026 4332 in
1076 4276 1342 4346 refugium
1360 4275 1408 4306 "
1437 4291 1452 4338 ;
1485 4295 1503 4327 ι
1539 4284 1592 4330 ει
1629 4290 1856 4330 rursus:
1909 4295 1927 4327 ι
1957 4278 2058 4331 Do-

493 4377 662 4439 mine,
699 4371 964 4441 refugium
1005 4369 1180 4422 factus
1227 4382 1286 4421 es
1340 4365 1494 4420 nobis
1540 4368 1591 4419 in
1625 4368 1967 4437 generatione
2006 4377 2060 4422 et

492 4463 840 4535 generatione
860 4461 926 4524 ⁸⁷,
964 4477 984 4512 ι
1013 4459 1140 4527 quid
1175 4456 1612 4527 respondebunt?
1637 4471 1774 4513 anne
1803 4457 1940 4513 Deus
1965 4460 2054 4528 qui

2192 1988 2313 2040 σθαι
2358 1989 2611 2056 γενέσθαι
2664 1991 2913 2061 καρπὸν,
2964 1991 3060 2059 τὴν
3104 1991 3341 2062 ἄρρητον
3392 1988 3627 2058 ὓπαρξιν
3671 1987 3768 2040 τοῦ

2188 2080 2545 2148 Μονογενοῦς.
2582 2081 2720 2133 Ἀλλ’
2758 2077 2844 2151 ἦν,
2885 2081 2960 2143 ὡς
2990 2081 3142 2144 Θεὸς,
3178 2082 3439 2144 συναῖδιος
3465 2081 3542 2148 τῷ
3571 2083 3766 2150 γεννή-

2189 2188 2341 2222 σαντι
2374 2173 2563 2242 Πατρὶ,
2593 2173 2688 2225 καὶ
2734 2173 2792 2236 ἐξ
2823 2172 2986 2225 αὑτοῦ
3028 2173 3168 2226 κατὰ
3209 2173 3382 2241 φύσιν
3435 2173 3764 2242 ἀπορρήτως

2184 2264 2602 2334 γεγεννημένος.
2630 2264 2902 2317 Ἐθέλουσί
2929 2281 2991 2332 γε
3029 2265 3133 2335 μὴν
3155 2265 3351 2318 ειδέναι
3373 2263 3576 2333 σαφῶς,
3615 2264 3763 2325 ὅπως

2182 2369 2240 2403 τε
2273 2356 2364 2405 καὶ
2401 2355 2519 2406 τινα
2561 2355 2757 2423 τρόπον
2789 2357 2844 2407 ἐν
2881 2355 3012 2406 εῖδει
3059 2355 3266 2422 πέφηνε
3303 2353 3382 2421 τῷ
3414 2353 3534 2406 καθ’
3578 2355 3758 2424 ἡμᾶς,

2184 2444 2277 2496 καὶ
2313 2445 2531 2512 γέγονεν
2569 2445 2883 2514 ἄνθρωπος,
2931 2447 3181 2514 σαφηνιεῖ
3214 2445 3385 2512 λέγων
3413 2447 3441 2497 ὁ
3475 2445 3760 2507 Θεσπέσιος

2182 2537 2568 2607 εύαγγελιστὴς
2604 2522 2875 2609 Ἰωάννηςο
2913 2557 2928 2588 ι
2957 2539 3120 2590 Καὶό
3150 2538 3318 2606 Λόγος
3351 2537 3489 2610 σὰρξ
3523 2538 3757 2605 ἐγένετο,

2182 2632 2272 2680 καὶ
2313 2629 2619 2699 ἐσκήνωσεν
2655 2631 2710 2681 ἐν
2747 2631 2897 2699 ἡμῖν,
2943 2631 3035 2681 καὶ
3078 2628 3422 2698 ἐθεασάμεθα
3460 2629 3559 2700 τὴν
3602 2629 3759 2695 δόξαν

2180 2718 2362 2782 αὑτοῦ,
2394 2719 2547 2783 δόξαν
2579 2721 2652 2783 ὡς
2684 2721 3020 2787 Μονογενοῦς
3065 2722 3216 2791 παρὰ
3254 2722 3492 2791 Πατρὸς,
3545 2721 3757 2791 πλήρης

2179 2813 2400 2881 χάριτος
2440 2815 2534 2866 ml
2569 2813 2847 2882 ἀληθείας.
2883 2833 2900 2864 ι

2249 2904 2308 2955 Β.
2357 2904 2495 2955 Ἀλλ’
2522 2907 2570 2957 εἰ
2608 2905 2818 2973 γέγονε,
2859 2907 3020 2974 φασὶ,
3064 2905 3232 2976 σὰρξ,
3265 2909 3293 2958 ὁ
3323 2908 3514 2973 Λόγος,
3543 2907 3643 2958 οὑκ
3676 2905 3752 2959 ἔτι

2181 2994 2456 3064 μεμένηκε
2490 2995 2680 3063 Λόγος,
2713 2996 3120 3065 ἀποπεφοξτηκε
3159 2996 3214 3048 δὲ
3250 2996 3450 3066 μᾶλλον
3478 2996 3570 3050 τοῦ
3616 2993 3754 3052 εἶναι

2176 3087 2203 3137 ὃ
2234 3082 2320 3156 ἦν.

2247 3179 2308 3228 Α.
2349 3178 2457 3229 Καὶ
2495 3179 2600 3246 μὴν
2651 3177 2808 3230 τοῦτό
2862 3178 2926 3247 γέ
2981 3179 3098 3230 ἐστι
3141 3178 3394 3249 τερθρεὶα
3441 3184 3534 3232 καὶ
3566 3179 3750 3248 λῆρος,

2181 3268 2274 3320 καὶ
2329 3268 2682 3338 ἐξεστηκότος
2724 3269 3000 3338 εὑρέματα
3045 3269 3156 3333 νοῦ,
3206 3268 3531 3340 καὶ’ἐτερον
3574 3259 3757 3326 οὑδένέ

2179 3362 2394 3414 Οἵονται
2424 3362 2554 3431 γὰρ,
2586 3362 2660 3424 ὡς
2700 3361 2893 3422 ἔοικεν,
2921 3363 2995 3425 ὡς
3013 3363 3070 3426 ἐξ
3086 3361 3327 3430 ἀφύκτου
3363 3379 3422 3413 τε
3453 3361 3547 3416 καὶ
3582 3362 3752 3432 ἀναγ-

2180 3453 2332 3505 καίου
2364 3453 2544 3520 λόγου,
2585 3453 2791 3524 τροπῆς
2832 3472 2891 3506 τε
2934 3455 3028 3507 καὶ
3056 3454 3392 3518 ἀλλοιώσεως
3419 3453 3754 3523 σημαντικὸν

2177 3541 2315 3597 εἶναι
2346 3546 2423 3607 τὸ,
2461 3565 2478 3596 ‹
2521 3547 2755 3613 ἐγένετο.
2795 3566 2814 3598 ›

2246 3635 2288 3685 Β
2342 3636 2467 3700 Ναὶ,
2500 3637 2652 3703 φασι,
2683 3638 2775 3689 καὶ
2806 3637 2868 3707 δὴ
2905 3637 2996 3688 τὸν
3027 3639 3223 3690 οἰκεῖον
3254 3639 3546 3709 ἐμπεδοῦσι
3569 3640 3745 3709 λόγον,

2175 3725 2231 3790 ἐξ
2263 3726 2431 3795 αὐτῆς
2465 3726 2675 3790 ἑλόντες
2705 3727 2804 3796 τῆς
2850 3726 3205 3780 θεοπνεύστου
3249 3730 3489 3799 Γραφῆς.
3521 3730 3748 3801 Εἴρηται

2173 3817 2280 3884 γάρ
2315 3834 2441 3881 που,
2477 3820 2658 3887 φασιν,
2687 3821 2778 3872 ἐπὶ
2812 3819 2909 3889 μὲν
2941 3820 3040 3888 τῆς
3073 3821 3165 3873 τοῦ
3196 3820 3316 3873 Λὼτ
3351 3807 3632 3889 γυναικὸς,
3666 3825 3746 3878 ὅτι

2172 3909 2386 3976 ἐγένετο
2427 3912 2593 3981 στήλη
2630 3911 2773 3975 ἁλός.
2815 3912 2926 3966 Kal
2967 3912 3072 3983 μὴν
3115 3914 3209 3966 καὶ
3248 3914 3337 3966 ἐπὶ
3371 3915 3467 3984 τῆς
3500 3917 3743 3979 Μωσέως

2173 3999 2390 4069 ῥάϐδου,
2417 4003 2497 4054 ὅτι
2527 4002 2750 4074 ἔρριψεν
2788 4004 2958 4074 αὐτὴν
2987 4005 3078 4056 ἐπὶ
3103 4005 3203 4074 τὴν
3232 4007 3355 4075 γῆν,
3388 4005 3482 4059 καὶ
3522 4007 3742 4076 ἐγένετο

2171 4089 2310 4156 ὄφις.
2339 4091 2543 4159 Φυσικὴ
2575 4091 2678 4162 γὰρ
2709 4093 2764 4144 ἐν
2796 4093 3006 4157 τούτοις
3038 4093 3260 4162 γέγονεν
3291 4097 3324 4166 ἡ
3360 4098 3557 4168 τροπή.

2242 4184 2302 4233 Α.
2337 4181 2562 4246 Οὐκοῦν,
2605 4185 2693 4237 ὅτε
2721 4185 2981 4253 ψάλλουσι
3007 4203 3171 4250 τινες,
3211 4205 3230 4238 t
3261 4188 3370 4241 Kal
3397 4189 3618 4257 ἐγένετό
3645 4208 3738 4262 μοι

2167 4272 2369 4342 Κύριος
2405 4277 2483 4338 εἰς
2519 4278 2857 4347 καταφυγήν·
2891 4297 2909 4329 ι
2955 4279 3047 4331 καὶ
3077 4279 3257 4344 πάλιν,
3293 4299 3311 4333 c
3339 4281 3532 4352 Κύριε,
3562 4299 3734 4338 κατα-

2167 4363 2310 4434 φυγὴ
2362 4365 2627 4437 ἐγενήθης
2673 4369 2824 4436 ἡμῖν,
2873 4368 2929 4420 ἐν
2959 4371 3121 4439 γενεᾷ
3167 4371 3261 4423 καὶ
3300 4373 3521 4441 γενεᾷ,›
3566 4374 3619 4426 τί
3670 4375 3736 4447 δὴ

2165 4458 2320 4524 φαῖεν
2347 4457 2411 4510 ἂν
2431 4475 2444 4524 ;
2465 4454 2576 4527 ἆρα
2603 4457 2663 4510 τὸ
2695 4455 2831 4512 εἶναι
2852 4459 2983 4523 Θεὸς
3013 4462 3171 4529 ἀφεὶς
3199 4463 3228 4514 ὁ
3248 4462 3611 4532 ὑμνούμενος,
3633 4482 3734 4535 με-

493 4557 582 4610 hic
612 4555 955 4617 decantatur,
989 4550 1240 4604 desinens
1286 4563 1406 4604 esse
1427 4549 1587 4611 Deus,
1624 4558 1860 4603 mutatus
1892 4557 1972 4603 est
2007 4551 2058 4604 in

2178 4546 2546 4616 τακεχώρηκεν
2594 4548 2656 4599 ἐκ
2698 4549 2999 4620 μεταϐολῆς
3040 4551 3118 4613 εις
3150 4551 3209 4604 τὸ
3243 4547 3381 4604 εἶναι
3418 4555 3731 4626 καταφυγὴ,

491 4645 798 4714 refugium,
850 4652 905 4696 et
961 4640 1257 4695 translatus
1300 4650 1385 4696 cst
1429 4639 1746 4694 naturaliter
1813 4641 1864 4693 in
1918 4641 2060 4695 aliud

491 4735 633 4805 quod
666 4734 817 4787 initio
842 4747 946 4787 non
971 4732 1129 4785 erat?
1159 4733 1228 4785 At
1253 4746 1380 4785 vero
1402 4732 1666 4800 quomodo
1697 4746 1800 4785 non
1831 4731 1879 4786 id
1903 4733 2060 4800 plane

490 4829 723 4882 alienum
753 4828 822 4878 sit
860 4839 888 4876 a
912 4823 1077 4893 718
1098 4821 1212 4877 Deo
1240 4822 1566 4877 naturaliter
1589 4822 1921 4876 exsislente?
1950 4822 2057 4876 lm-

492 4915 769 4971 mutabilis
798 4913 940 4968 enim
983 4914 1274 4967 secundum
1316 4921 1560 4965 naturam
1593 4926 1715 4966 cum
1754 4912 1840 4975 sit,
1881 4922 2060 4966 manet

489 5008 732 5079 profecto
760 5007 811 5061 id
841 5006 982 5074 quod
1012 5015 1153 5068 erat,
1194 5013 1358 5059 etest
1389 5018 1620 5073 semper,
1656 5004 1867 5059 tametsi
1905 5005 2053 5059 dica-

488 5114 579 5156 tur
605 5099 779 5153 factus
803 5112 920 5152 esse
954 5095 1242 5165 refugium.

556 5193 616 5246 Β.
660 5189 880 5260 Optime.
903 5197 1048 5242 certe
1075 5187 1480 5255 rectissirneque
1508 5186 1712 5242 dixisti.

554 5290 618 5340 Δ.
664 5283 796 5338 Cum
831 5282 1013 5350 itaque
1052 5280 1143 5334 Dei
1175 5280 1376 5334 mentio
1411 5281 1490 5343 fit,
1516 5279 1560 5333 si
1592 5279 1660 5333 ab
1697 5276 1876 5345 aliquo
1902 5277 2047 5332 dica-

485 5380 572 5428 tur
603 5373 754 5437 illud,
793 5371 995 5426 Factus
1021 5381 1104 5426 est
1135 5412 1148 5436 ,
1182 5384 1288 5440 quo
1313 5381 1470 5439 pacto
1497 5384 1602 5423 non
1635 5369 1708 5421 sit
1734 5368 2044 5430 absurdum,

485 5475 645 5534 atque
675 5465 809 5520 adeo
848 5465 1196 5519 vehementer
1236 5461 1546 5520 absurdum.
1573 5459 1886 5514 existimare
1926 5475 2044 5512 mu-

487 5560 738 5611 tationem
779 5557 1012 5625 aliquam
1046 5571 1139 5624 per
1187 5554 1238 5607 id
1273 5552 1588 5622 significari,
1625 5561 1678 5606 ει
1723 5566 1828 5604 ιιοη
1869 5551 2046 5619 potius

485 5651 665 5702 conari
709 5651 761 5704 td
792 5649 894 5702 alia
929 5649 1136 5702 ratione
1182 5647 1502 5716 intelligere,
1539 5645 1938 5715 prudenterque
1978 5645 2042 5697 ad

553 5762 597 5791 ⁸⁸
629 5758 781 5813 Deut.
813 5775 868 5820 v,
903 5760 987 5812 i5.

485 5831 526 5862 δ’
555 5828 693 5886 Psal.
725 5844 941 5896 Lxxxtx,
975 5831 1024 5883 l.

2163 4639 2255 4690 καὶ
2289 4639 2521 4710 μετέστη
2553 4641 2795 4708 φυσικῶς
2831 4640 2966 4712 πρὸς
3001 4641 3185 4714 ἕτερόν
3209 4660 3263 4696 τι
3304 4644 3434 4715 παρ’
3467 4645 3601 4716 ὅπερ
3633 4648 3732 4700 οὑκ

2159 4726 2227 4800 ἦν
2254 4731 2311 4784 ἐν
2336 4732 2557 4802 ἀρχαίς;
2590 4733 2698 4787 Καὶ
2728 4732 2844 4796 πῶς
2872 4733 2970 4785 οὑκ
2994 4734 3247 4798 ἀπεοικὸς
3277 4737 3370 4788 καὶ
3393 4737 3732 4807 ἀνάρμοστον

2160 4824 2236 4894 τῷ
2265 4841 2328 4893 γε
2358 4826 2470 4878 ὄντι
2500 4825 2639 4878 κατὰ
2679 4824 2839 4894 φύσιν
2868 4825 2987 4896 Θεῷ
3023 4826 3081 4878 τὸ
3115 4826 3306 4897 χρῆμά
3333 4829 3514 4895 ἐστιν;
3539 4830 3733 4899 "A19:-

2159 4931 2290 4978 πτος
2334 4916 2443 4985 γὰρ
2473 4913 2547 4968 ὢν
2591 4916 2733 4970 κατά
2779 4916 2962 4986 φύσιν,
3011 4917 3159 4988 μένει
3203 4935 3306 4971 που
3342 4919 3560 4982 πάντως
3594 4920 3731 4991 ὅπερ

2159 5001 2249 5075 ἦν,
2280 5007 2372 5058 καὶ
2399 5007 2542 5061 ἐστιν
2573 5008 2680 5071 ἀεὶ,
2707 5008 2811 5061 κᾶν
2839 5010 2887 5061 εἰ
2919 5007 3128 5077 λέγοιτο
3143 5011 3253 5063 τισὶ
3281 5010 3532 5078 γενέσθαι
3561 5028 3732 5066 κατα.

2161 5098 2327 5166 φυγήο

2231 5187 2289 5238 Β.
2335 5188 2568 5256 Ἀριστά
2604 5205 2666 5256 γε
2708 5189 2800 5242 καὶ
2831 5189 2975 5259 μάλα
3011 5190 3180 5266 ρρθῶς
3219 5195 3368 5260 ἔφης.

2225 5281 2271 5329 Α
2329 5279 2536 5331 Οὐκοῦν
2588 5281 3072 5350 παρενηνεγμένης
3120 5282 3198 5344 εἰς
3247 5283 3410 5350 μέσον
3457 5285 3550 5356 τῆς
3594 5285 3728 5346 Θεοῖἱ

2158 5369 2407 5438 μνήμης,
2448 5372 2494 5423 εἰ
2529 5371 2632 5424 ὑπό
2676 5389 2767 5425 του
2815 5371 3024 5439 λέγοιτο
3054 5371 3133 5435 τὸ,
3177 5373 3440 5441 Ἐγένετο,
3476 5377 3593 5439 πῶς
3629 5379 3729 5436 οὐκ

2155 5461 2364 5531 ἀμαθὲς
2394 5466 2487 5515 καὶ
2528 5465 2737 5518 ἀνόσιον
2769 5465 2962 5534 κομιδῇ
2985 5503 3000 5528 ,
3044 5465 3249 5537 τροπὴν
3287 5465 3492 5520 οἴεσθαι
3526 5469 3728 5538 σημαί-

2154 5569 2264 5606 νειν
2296 5553 2446 5621 αὐτὸ,
2487 5557 2577 5608 καὶ
2607 5557 2728 5626 οὐχὶ
2761 5556 2826 5627 δὴ
2862 5555 3060 5626 μᾶλλον
3089 5557 3212 5610 καθ’
3235 5557 3421 5628 ἕτερόν
3451 5575 3573 5612 τινα
3605 5564 3729 5630 τρό-

2154 5660 2254 5697 πον
2286 5646 2576 5713 πειρᾶσθαι
2606 5649 2764 5710 νοεῖν,
2797 5648 2890 5700 καὶ
2926 5645 3274 5718 περιτρέπειν
3319 5648 3605 5718 ἐμφρόνως
3648 5649 3728 5711 εις

1081 5759 1148 5789 ⁴¹¹
1171 5757 1284 5813 Jos.
1314 5774 1350 5822 l,
1379 5758 1430 5811 5.
1530 5755 1750 5812 “Joan.
1784 5772 1822 5822 ι,
1855 5757 1938 5812 Η.
2034 5757 2072 5788 “

2178 5775 2240 5815 :n.
2276 5775 2387 5826 xix,
2417 5759 2503 5816 26.
2605 5762 2650 5794 η
2679 5761 2844 5817 Exod.
2876 5777 2946 5828 tv,
2981 5761 3036 5827 5,
3069 5762 3136 5842 4.¹
3200 5761 3244 5794 ⁸ο
3268 5759 3410 5817 Psal.
3445 5735 3606 5818 scut.
3630 5759 3719 5819 23.
