4036 6336
253 477 396 532 1261
1415 474 1601 539 ριὀι)
1646 472 1830 527 lJNUS

1950 473 1975 526 Γ
2013 469 2386 529 CHRISTUS.
3421 465 3556 524 tit-:2

245 590 310 644 τὸ
358 594 451 646 ὅτι
491 593 730 662 μάλιστα
781 591 988 663 πρέπον
1026 609 1083 644 τε
1133 593 1223 644 καὶ
1259 591 1432 653 ἐοικὸς
1481 592 1556 660 τῷ
1608 591 1839 660 ἁτρέτττρ

1970 592 2019 644 id
2058 592 2199 659 quod
2248 591 2354 644 Deo
2394 588 2713 643 immutabili
2769 590 3005 645 maxime
3052 586 3307 643 convenit
3341 602 3560 642 aecum-

242 681 408 752 Θεῷ;
445 686 576 746 Πῶς
603 686 668 754 δὴ
698 681 790 737 οὖν
819 686 925 752 ἄρα
955 685 1032 745 εἰς
1068 684 1244 752 σάρκα
1275 683 1453 751 φαμὲν
1484 682 1738 749 γενέσθαι
1774 680 1839 732 τὸ·

1970 684 2228 734 mmlare‘!
2288 681 2533 746 Quonam
2585 680 2748 749 igitur
2799 691 2956 749 pacto
3015 681 3069 735 itt
3121 696 3286 735 carne
3350 681 3554 735 factum

243 774 454 841 Λόγον,
504 777 565 828 τὸ
597 776 867 845 ἄτρεπτόν
899 793 953 827 τε
1003 776 1095 827 καὶ
1125 774 1479 826 ἀναλλοίωτον
1518 774 1592 834 ὡς
1643 773 1770 824 ῐδιόν
1804 782 1833 823 τ

1969 772 2134 824 fuisse
2163 771 2396 825 Verbum
2439 772 2704 835 dicamus,
2751 771 3247 827 immutabilitatem
3298 786 3420 841 qua:
3454 772 3557 842 ipsi

242 868 342 919 καὶ
375 866 646 929 οὐσιῶδες
675 867 771 918 καὶ
817 866 1134 935 ἐμπεφυκὸς
1177 864 1324 934 αὑτῴ
1372 863 1663 934 τηροῦντες
1699 863 1805 924 ἀεὶ,
1836 887 1839 908 ι

1965 866 2183 931 propria
2231 875 2393 933 atque
2445 865 2750 920 essentialis
2813 877 2869 918 ct
2907 866 3102 929 insita,
3153 874 3237 918 est
3293 873 3556 933 perpetuo

242 958 542 1026 πάνσοφος
575 957 807 1023 Παῦλος,
834 961 862 1009 ὁ
893 957 999 1010 τῶν
1027 955 1193 1008 αὑτοῦ
1233 956 1546 1025 μυστηρίων
1578 955 1800 1022 ταμίας,
1834 974 1839 1000 t

1965 967 2380 1023 conservantes,
2433 957 2869 1024 sapientissimus
2915 957 3136 1023 Paulus,
3175 957 3560 1026 mysteriorum

242 1050 354 1102 τῶν
395 1050 787 1117 εὑαγγελικῶν
839 1047 1214 1120 κηρυγμάτων
1265 1046 1569 1116 ἱερουργὸς,
1611 1061 1838 1114 σαφηνιε

1965 1047 2135 1114 ipsius
2233 1049 2578 1117 dispensator
2653 1050 3090 1118 evangelicteque
3155 1051 3554 1118 praedicationis

238 1141 455 1207 λέγων’
503 1162 518 1192 ι
551 1140 723 1194 Τοῦτο
764 1143 1010 1210 φρονεῖτε
1071 1139 1300 1200 ἕκαστος
1329 1141 1386 1191 ὲν
1423 1140 1552 1207 ὑμῖν
1594 1137 1796 1200 αὑτοῖς,
1833 1137 1839 1184 i

1969 1141 2241 1208 minister,
2269 1141 2530 1206 declarat,
2570 1142 2793 1196 dicens:
2829 1159 2847 1193 ι
2887 1142 3001 1196 lioc
3038 1144 3237 1198 sentite
3260 1145 3557 1213 unusquis-

237 1234 339 1284 καὶ
375 1235 438 1284 ὲν
484 1233 709 1302 Χριστῷ
748 1231 945 1302 Ἰησοῦ,
989 1232 1048 1294 ὃς
1093 1234 1149 1283 ὲν
1183 1233 1364 1301 μορφῇ
1405 1228 1541 1282 Θεοῦ
1573 1229 1834 1298 ὑπάρχων

1965 1245 2070 1299 quc
2103 1233 2152 1284 in
2187 1233 2337 1285 vobis
2366 1235 2506 1301 quod
2557 1243 2613 1287 et
2658 1235 2709 1286 in
2743 1235 2964 1288 Christo
2997 1233 3146 1300 Jesn,
3178 1237 3292 1304 qui,
3337 1251 3458 1290 cum
3499 1240 3553 1291 in

236 1319 345 1389 οὐχ
379 1321 690 1392 ἁρπαγμὸν
717 1321 960 1392 ἡγήσατο
991 1320 1051 1372 τὸ
1078 1316 1216 1372 εἶναι
1250 1320 1340 1372 ἶσα
1361 1317 1500 1389 Θεῷ,
1530 1318 1643 1371 ἀλλ’
1669 1317 1839 1370 ἑαυτὸε

1966 1320 2137 1373 forma
2191 1319 2279 1373 Dei
2333 1330 2499 1384 esset,
2553 1336 2657 1376 non
2713 1319 2958 1392 rapinam
3006 1326 3310 1379 arbitratus
3363 1334 3446 1380 est
3494 1343 3554 1381 se

236 1410 520 1476 ἑκένωσε,
575 1411 791 1481 μορφὴν
843 1411 1029 1463 δούλου
1075 1410 1273 1474 λαϐὼν,
1321 1411 1379 1462 ὲν
1421 1408 1726 1478 ὁμοιώματι
1761 1410 1839 1460 άνη

1960 1427 2082 1466 esse
2133 1413 2391 1482 :equalem
2444 1413 2552 1468 Deo
2596 1433 2609 1468 :
2652 1415 2744 1470 sed
2796 1416 3150 1486 semetipsum
3209 1419 3549 1482 exinauivit.

238 1501 499 1568 Θρώπων
530 1505 845 1574 γενόμενος,
878 1503 971 1555 καὶ
1007 1506 1246 1574 σχήματι
1274 1503 1518 1574 εὑρεθεὶς
1551 1502 1624 1565 ὼς
1650 1500 1832 1570 ἄνθρω

1961 1501 2188 1556 formam
2219 1504 2361 1557 servi
2400 1504 2693 1574 accipiens,
2729 1505 2780 1558 in
2816 1506 3224 1561 similitudinem
3269 1509 3548 1564 hominum

239 1606 374 1654 πος,
423 1593 793 1645 ἐταπείνωσεν
825 1592 1039 1656 ἑαυτὸν,
1086 1593 1377 1662 γενόμενος
1419 1593 1661 1662 ὑπήκοος
1694 1591 1855 1661 μέχρι

239 1683 515 1748 θανάτου,
549 1685 778 1738 Θανάτου
809 1685 866 1738 δὲ
899 1684 1154 1755 σταυροῦ.
1183 1702 1201 1733 ι
1243 1683 1437 1736 Καίτοι
1481 1683 1590 1752 γὰρ
1615 1683 1748 1744 θεός
1795 1699 1852 1734 τε

241 1775 347 1828 καὶ
379 1781 445 1830 εκ
477 1778 610 1830 Θεοῦ
648 1778 790 1830 κατὰ
838 1780 996 1846 φύσιν
1025 1765 1284 1846 ὑπάρχων
1309 1777 1336 1828 ό
1365 1775 1658 1844 μονογενὴς
1690 1773 1852 1826 αὑτοῦ

244 1869 459 1937 Λόγος,
505 1871 566 1922 τὸ
605 1871 948 1938 ἀπαύγασμα
992 1871 1090 1938 τῆς
1125 1870 1305 1939 δόξης,
1357 1869 1450 1924 καὶ
1498 1870 1525 1920 ό
1564 1869 1852 1938 χαρακτὴρ

242 1961 351 2028 τῆς
388 1960 742 2023 ὑποστάσεως
770 1961 864 2013 τοῦ
891 1963 1270 2031 γεννήσαντος,
1296 1955 1520 2028 γέγονεν
1543 1959 1845 2029 ἄνθρωπος,
1887 1935 1926 1989 Β

242 2053 346 2103 καὶ
381 2052 485 2104 οὑκ
514 2054 591 2114 είς
632 2055 810 2124 σάρκα
851 2054 1111 2122 τραπεὶς,
1153 2053 1184 2120 ἢ
1223 2050 1456 2122 φυρμὸν,
1495 2052 1526 2121 ἢ
1561 2052 1777 2119 κρᾶσιν,
1816 2052 1847 2120 ﬁ

242 2161 299 2198 τι
337 2147 450 2198 τῶν
479 2147 735 2200 τοιούτων
776 2147 960 2216 ἕτερον
998 2147 1315 2215 ὑπομείνας,
1347 2144 1532 2207 καθεὶς
1562 2146 1617 2196 δὲ
1650 2145 1848 2214 μᾶλλον

245 2235 450 2291 ἑαυτὸν
484 2241 560 2302 εἰς
593 2240 843 2301 κένωσιν,
881 2239 972 2290 καὶ
1011 2239 1130 2290 ἀντί
1161 2241 1257 2308 τῆς
1297 2237 1666 2308 προκειμένης
1699 2236 1848 2307 αὑτῴ

248 2334 452 2399 χαρᾶς,
479 2332 740 2401 αἰσχύνης
767 2331 1209 2399 καταφρονήσας,
1243 2329 1336 2381 καὶ
1365 2330 1462 2398 τὴν
1503 2329 1599 2398 τῆς
1631 2329 1842 2398 ἀνθρω-

246 2425 490 2492 πότητος
530 2425 806 2493 πτωχείαν
851 2425 949 2475 οὐκ
982 2422 1274 2492 ἀτιμάσας.
1309 2423 1567 2492 ’Πθέλησε
1604 2423 1734 2493 γάρ,
1771 2425 1845 2486 ὼς

246 2517 409 2580 Θεὸς,
451 2520 548 2587 τὴν
589 2518 804 2588 Θανάτῳ
845 2518 938 2571 καὶ
984 2518 1228 2588 ἁμαρτία
1272 2518 1600 2587 ὲνεχομὲνην
1643 2518 1842 2587 σάρκα,

247 2613 348 2662 καὶ
390 2611 620 2663 Θανάτου
667 2611 762 2662 καὶ
811 2611 1042 2680 αἵματος
1087 2609 1362 2678 ἀποφῆναι
1413 2610 1719 2680 κρείττονα,
1752 2610 1844 2662 καὶ

245 2703 584 2772 ἀνακομίσαι
620 2703 756 2772 πρὸς
801 2703 860 2754 τὸ
898 2703 955 2754 ὲν
985 2703 1202 2772 ἀρχαῖς,
1238 2701 1372 2754 ίδίαν
1408 2701 1577 2771 αὑτὴν
1611 2703 1844 2771 ποιησά-

251 2809 444 2862 μενος,
490 2793 585 2844 καὶ
627 2793 726 2844 οὑκ
758 2793 964 2862 ἄψυχόν
999 2810 1061 2860 γε
1095 2793 1235 2845 κατά
1268 2809 1439 2857 τινας,
1483 2794 1843 2864 ὲψυχωμένην

245 2883 308 2937 δὲ
345 2885 548 2954 μᾶλλον
581 2884 725 2953 ψυχῇ
762 2885 948 2953 νοερᾷ·
996 2885 1132 2936 ἱέναι
1181 2902 1242 2951 γε
1280 2885 1385 2954 μὴν
1433 2885 1531 2955 τὴν
1572 2884 1648 2955 τῷ
1696 2888 1841 2955 πράυ

246 2993 422 3046 γματι
470 2976 786 3046 πρέπουσαν
835 2977 935 3028 οὑκ
983 2973 1302 3040 ἀπαξιώσας
1349 2976 1554 3046 τρίϐον,
1586 2977 1683 3047 τὴν
1720 2978 1841 3031 καθ’

247 3069 398 3138 ἡμᾶς
444 3067 696 3135 γέννησιν
731 3064 1019 3134 ὑπομεῖναι
1064 3067 1304 3134 λέγεται,
1340 3067 1667 3137 μεμενηκὼς
1704 3070 1841 3140 ὅπερ

245 3154 337 3229 ἦν.
387 3154 713 3228 Γεγέννηται
747 3159 855 3227 γὰρ
896 3159 1216 3225 παραδόξως
1267 3160 1408 3212 κατὰ
1459 3162 1680 3231 σάρκα“,
1718 3161 1749 3232 ἢ
1786 3165 1840 3215 ἑν

249 3250 378 3300 εῐδει
411 3246 516 3317 τῷν
547 3247 666 3299 καθ’
696 3249 844 3316 ἡμᾶς
873 3248 1099 3316 ὀφθῆναι
1127 3251 1238 3311 τοῖς
1265 3249 1358 3300 ἐπὶ
1389 3249 1512 3318 γῆς,
1543 3251 1630 3303 τὸν
1658 3253 1837 3319 ἁναφῆ
1870 3297 1912 3353 C

249 3340 343 3391 καὶ
373 3337 706 3408 άσώματον“.
728 3337 871 3406 Πλὴν
905 3337 1325 3409 ὲνανΘρωπῆσαι
1356 3341 1644 3410 κρίναντα,
1674 3343 1768 3395 καὶ
1787 3346 1842 3394 ὲν

247 3429 424 3499 ἑαυτῷ
468 3431 562 3482 καὶ
608 3429 753 3498 μόνῳ
799 3432 910 3491 τοῖς
953 3429 1052 3499 τῆς
1100 3429 1352 3502 Θεότητος
1399 3432 1706 3497 ἀξιώμασιν
1743 3435 1838 3486 ἐκ·

249 3523 435 3591 οπρεπῆ
464 3520 560 3590 τὴν
600 3520 756 3590 ἡμῶν
787 3521 1063 3590 ἀποφῆναι
1107 3521 1266 3590 φύσιν
1290 3543 1302 3552 -
1337 3518 1404 3592 ἦν
1447 3523 1553 3595 γὰρ
1583 3526 1611 3575 ό
1651 3525 1836 3588 αὑτὸς,

247 3617 378 3677 Θεός
411 3632 472 3682 γε
519 3615 653 3684 ὁμοῦ
700 3615 794 3666 καὶ
824 3614 1108 3683 ἄνθρωπος
1129 3655 1142 3678 ,
1175 3616 1266 3668 καὶ
1311 3617 1367 3668 ὲν
1401 3615 1705 3686 ὁμοιώματι
1739 3617 1838 3686 μὲν

247 3705 554 3773 ἀνθρώπου,
589 3704 723 3756 καθὸ
759 3705 899 3772 μετὰ
939 3703 1127 3756 τούτου
1160 3707 1254 3756 καὶ
1299 3706 1431 3768 Θεὸς
1473 3702 1561 3777 ἦν,
1595 3709 1836 3778 σχήματι

247 3796 300 3848 δὲ
327 3796 400 3858 ὡς
429 3795 731 3868 ἄνθρωπος.
760 3794 892 3858 Θεὸς
923 3796 1030 3867 γὰρ
1067 3792 1133 3866 ἦν
1157 3797 1213 3848 ἐν
1244 3797 1373 3849 εῖδει
1404 3797 1482 3868 τῷ
1513 3798 1634 3850 καθ’
1665 3800 1834 3869 ἡμᾶς,

246 3889 340 3941 καὶ
394 3890 452 3938 ἐν
497 3887 685 3940 δούλου
729 3891 948 3958 μορφῇ,
993 3890 1290 3960 Δεσπότης.
1323 3891 1511 3961 Σάρκα
1553 3891 1660 3962 γὰρ
1694 3891 1837 3943 οὑτω

245 3982 425 4051 φαμὲν
455 3982 732 4050 γενὲσΘαι.
765 3983 1034 4055 Ταύτῃτοι
1071 3985 1162 4038 καὶ
1191 3984 1453 4040 Θεοτόκον
1487 3983 1627 4041 εἶναι
1655 3988 1835 4041 διαϐε-

246 4074 546 4145 ὕαιοὺμεΘα
575 4076 672 4146 τὴν
702 4072 864 4144 ἁγίαν
895 4075 1190 4147 Παρθένον.

1961 1593 2158 1660 factus,
2203 1604 2258 1647 et
2292 1594 2480 1649 habitu
2517 1597 2768 1651 inventus
2813 1608 2870 1649 ut
2901 1599 3083 1662 homo,
3115 1600 3426 1654 humiliavit
3461 1617 3550 1656 se-

1959 1684 2156 1751 ipsum,
2192 1683 2364 1738 factus
2397 1683 2656 1738 obediens
2694 1699 2863 1754 usque
2902 1687 2969 1739 ad
3004 1697 3231 1741 mortem
3268 1728 3281 1752 ,
3317 1701 3549 1746 mortem

1957 1783 2137 1828 autem
2185 1773 2449 1828 crucis“.
2484 1793 2502 1825 ι
2542 1775 2680 1828 Deus
2718 1775 2864 1828 cuitu
2901 1785 2955 1830 et
2995 1791 3059 1832 ett
3099 1776 3212 1831 Deo
3250 1782 3550 1836 secundum

1959 1875 2206 1919 naturam
2257 1868 2527 1921 exsistens
2572 1867 2906 1934 unigenitum
2970 1868 3138 1937 ipsius
3181 1868 3444 1936 Verbum,
3492 1884 3551 1930 et

1958 1958 2210 2026 splendor
2267 1959 2481 2028 gloriae,
2531 1969 2584 2012 et
2632 1959 2919 2013 character
2967 1962 3284 2018 substantia:
3322 1964 3549 2021 Genito-

1959 2050 2034 2102 ris
2056 2047 2125 2110 δ’,
2162 2050 2361 2100 laetum
2390 2059 2472 2102 est
2502 2049 2687 2111 hoino,
2709 2059 2761 2102 et
2796 2065 2900 2103 non
2933 2049 2985 2104 in
3014 2067 3235 2108 carnem
3259 2066 3547 2121 mutatum,

1959 2155 2132 2208 neque
2164 2142 2327 2196 ullam
2380 2151 2475 2195 aut
2519 2143 2828 2208 misturam,
2873 2155 2968 2200 aut
3005 2157 3424 2214 temperaturam
3456 2130 3549 2204 aut

1958 2231 2100 2286 aliud
2137 2232 2412 2302 quidpiam
2457 2232 2830 2301 hujuscemodi
2881 2236 3068 2299 subiit,
3113 2237 3205 2290 sed
3238 2240 3415 2305 potius
3448 2243 3544 2293 de-

1957 2327 2178 2377 mittens
2233 2339 2291 2378 se
2328 2323 2392 2377 ad
2442 2325 2866 2378 exiuauitiouem
2895 2365 2908 2389 ,
2949 2337 3003 2380 et
3057 2342 3156 2395 pro
3208 2331 3405 2398 gaudio
3443 2333 3547 2386 sibi

1957 2415 2268 2484 proposito,
2331 2416 2566 2471 dedecus
2626 2428 3020 2480 contemnens,
3076 2419 3547 2492 humanitatisqu

1957 2509 2229 2562 miseriam
2283 2519 2446 2578 atque
2493 2510 2844 2577 indigentiam
2887 2528 2993 2566 non
3046 2525 3390 2583 aspernatus.
3437 2517 3541 2573 Vo-

1955 2601 2053 2654 luit
2100 2603 2246 2655 enitn
2299 2612 2355 2654 ut
2402 2601 2543 2657 Deus
2578 2619 2797 2658 carnem
2858 2607 3019 2660 morti
3073 2618 3127 2661 et
3172 2621 3400 2676 peccato
3451 2614 3545 2667 ob-

1955 2692 2200 2758 noxiam,
2247 2704 2422 2749 morte
2475 2710 2535 2749 ac
2581 2707 2806 2764 peccato
2851 2701 3187 2768 superiorem
3240 2704 3544 2771 declarare,

1955 2787 2306 2856 pristinzeque
2359 2787 2655 2855 integritati
2723 2791 3033 2858 restituere,
3095 2797 3366 2864 propriam
3422 2814 3544 2854 eam

1952 2878 2053 2931 sibi
2086 2877 2309 2940 faciens,
2343 2889 2395 2931 ct
2432 2879 2648 2946 quidem
2687 2881 2830 2933 illam
2875 2898 2978 2935 non
3023 2886 3201 2956 anima
3241 2902 3540 2958 carentem,

1953 2979 2005 3019 ut
2037 2966 2256 3034 quidam
2293 2968 2610 3034 opinantur,
2641 2969 2748 3021 imo
2781 2973 2961 3039 potius
2995 2974 3176 3028 anima
3202 2978 3543 3051 intelligente

1951 3059 2267 3112 animatam.
2327 3058 2496 3112 l’orro
2556 3060 2638 3112 via
2693 3076 2812 3130 quin
2874 3064 2999 3118 lmie
3041 3070 3257 3137 negotio
3305 3077 3544 3141 gerendo

1952 3150 2269 3204 conveniret
2324 3151 2579 3205 incedere
2632 3166 2738 3206 non
2801 3153 3145 3226 dedignatus,
3199 3165 3542 3223 nativitatem

1953 3244 2111 3297 nobis
2145 3242 2376 3298 similem
2417 3244 2650 3298 subiisse
2697 3245 2918 3312 dicitur,
2954 3265 3285 3317 permanens
3319 3272 3448 3312 vero
3490 3260 3544 3315 id

1949 3337 2094 3406 quod
2143 3347 2282 3390 erat.
2322 3335 2493 3391 Natus
2523 3337 2668 3391 enim
2717 3348 2799 3392 est
2831 3341 3143 3399 admirabili
3199 3349 3410 3406 ratione
3451 3369 3541 3408 se-

1949 3431 2186 3485 cundum
2231 3445 2452 3484 carnem
2483 3446 2550 3484 ex
2599 3433 2824 3485 muliere
2856 3452 2868 3486 :
2906 3451 3081 3504 neque
3129 3441 3274 3494 enim
3324 3457 3544 3513 poterat

1947 3523 2128 3585 aliter,
2161 3523 2302 3577 Deus
2345 3524 2642 3577 secundum
2679 3536 2927 3580 naturam
2957 3531 3250 3597 exsistens,
3289 3550 3450 3604 quam
3485 3541 3539 3597 in

1948 3617 2130 3685 specie
2169 3631 2289 3683 quae
2331 3625 2531 3668 nostra:
2578 3616 2774 3670 similis
2827 3629 2970 3672 esset
3014 3624 3334 3682 mortalibus
3365 3645 3540 3699 appa-

1950 3723 2092 3770 rere,
2139 3707 2232 3777 qui
2270 3709 2628 3776 incorporeus
2678 3720 2763 3763 est
2804 3722 2858 3764 et
2897 3715 3038 3784 tangi
3093 3722 3302 3787 nequit.
3353 3721 3540 3793 Neque

1942 3799 2085 3852 enim
2125 3808 2336 3865 poterat
2373 3799 2530 3879 aliter
2555 3815 2714 3868 quam
2752 3817 2848 3868 per
2882 3804 3338 3876 incarnationem,
3369 3826 3536 3886 atque

1944 3891 1996 3943 in
2029 3905 2211 3958 seipso
2246 3900 2298 3942 et
2329 3889 2548 3958 quidem
2600 3892 2716 3946 solo
2749 3908 2991 3950 nostram
3025 3911 3274 3957 naturam
3316 3908 3538 3966 deitatis

1943 3983 2298 4052 dignitatibus
2345 3985 2623 4037 decorare.
2673 3983 2804 4040 Erat
2847 3990 2991 4043 enim
3027 3993 3140 4060 ipse
3183 3995 3325 4053 Deus
3370 4003 3536 4059 simul

1943 4091 1998 4135 et
2032 4081 2215 4138 homo,
2251 4075 2417 4146 719
2444 4077 2574 4129 etin
2603 4079 2961 4137 sunilitudine
3005 4087 3228 4156 quidem
3271 4092 3531 4162 hominis,

245 4181 512 4238 quatenus
558 4186 662 4224 una
698 4185 823 4226 cum
880 4172 980 4226 hac
1029 4175 1192 4227 etiam
1250 4175 1390 4230 Deus
1449 4188 1602 4244 erat;
1678 4179 1865 4237 habitu
1906 4195 2057 4246 vero,
2106 4184 2166 4230 ut
2217 4174 2404 4229 homo.
2444 4172 2584 4228 Deus
2651 4175 2795 4230 enim
2840 4189 2958 4234 erat
3011 4183 3061 4235 in
3114 4188 3296 4254 specie
3334 4203 3536 4250 nostra:

247 4263 432 4324 simili,
474 4272 527 4315 et
557 4264 607 4316 in
638 4264 810 4317 forma
836 4266 1000 4330 servi,
1033 4265 1314 4322 Dominus.
1350 4267 1461 4324 lloc
1490 4273 1636 4326 enim
1674 4276 1832 4330 modo
1873 4287 2092 4331 carnem
2121 4271 2323 4325 factum
2357 4284 2479 4323 esse
2521 4269 2793 4326 dicimus:
2825 4289 2890 4329 ac
2950 4279 3174 4346 proinde
3241 4281 3531 4355 Deiparam

242 4372 457 4428 quoque
479 4360 757 4414 exstitisse
782 4373 1185 4417 sacrosanctam
1209 4363 1482 4434 Virginem
1507 4369 1824 4425 asserimns.

313 4448 374 4502 Β.
416 4448 638 4515 Βούλει,
666 4453 778 4513 τοῖς
823 4454 935 4515 σοῖς
979 4455 1508 4526 ἀντιπαρεξάγοντες
1537 4460 1718 4529 λόγοις
1755 4464 1825 4517 τὰ

2011 4457 2072 4511 Β.
2103 4455 2360 4513 Placetne
2389 4468 2470 4522 ttt,
2503 4458 2714 4513 illorum
2738 4460 3076 4530 objectiones
3109 4468 3214 4522 tuis
3243 4471 3400 4530 dictis
3426 4492 3527 4546 0p-

247 4543 374 4611 mp‘
409 4543 657 4608 ἐκείνων,
696 4545 1010 4615 ἰσχνοτέραν
1059 4549 1417 4621 ἁποτελῶμεν
1467 4555 1575 4606 τῶν
1609 4556 1827 4608 ἐννοιῶν

1950 4560 2218 4615 ionentes,
2252 4551 2642 4605 accuratiorem
2679 4561 2731 4607 et
2759 4555 3101 4610 subtiliorem
3138 4561 3211 4614 rei
3230 4543 3527 4633 proposiia:

240 4634 341 4706 τὴν
388 4635 641 4705 βάσανον,
685 4637 718 4706 ἢ
756 4639 1180 4712 παραχωρῶμεν
1215 4644 1405 4709 ἁπλῶς
1453 4646 1665 4716 λέγοντί
1719 4664 1822 4714 σοι,

240 4724 303 4780 τὸ
327 4720 384 4778 εὖ
415 4725 559 4795 ἔχειν
598 4727 1038 4799 ὑπειλημμένον;

307 4903 374 4956 Δ.
429 4901 859 4972 Ἀνεπίπληκτον
894 4904 1016 4974 μὲν,
1047 4904 1122 4969 ὥς
1146 4924 1208 4975 γε
1245 4899 1419 4978 οἶμαι,
1452 4912 1560 4964 πᾶν
1589 4911 1725 4982 ὅπερ
1759 4913 1825 4967 ἂν

240 4993 452 5062 λέγοιτο
488 4994 626 5064 πρὸς
671 4994 828 5064 ἡμῶν
859 4997 1038 5066 σοφῶς
1070 5016 1131 5051 τε
1161 5001 1254 5053 καὶ
1287 5003 1700 5074 ἐπιστημόνως,
1733 5005 1825 5058 καὶ

237 5088 337 5139 οὑκ
383 5085 702 5155 ἁπᾳδόντως
751 5087 876 5158 ἔχον
942 5093 1064 5154 ταῖς
1130 5091 1509 5159 Θεοπνεύστοις
1554 5097 1819 5168 Γραφαῖς.

235 5171 414 5244 Φράζε
454 5171 510 5224 δὲ
542 5173 639 5227 καὶ
672 5175 847 5239 αὐτὸς·
883 5177 945 5230 τὸ
978 5178 1190 5235 δοκοῦν.
1227 5182 1472 5237 Ἐκτέκοι
1514 5187 1624 5257 γάρ
1673 5188 1739 5240 ἄν
1768 5205 1818 5241 τι

245 5262 344 5319 ὧν
369 5264 711 5340 ὀνησιφόρων
739 5271 772 5340 ὴ
797 5271 1133 5337 ἀντίστασις.

307 5449 368 5502 Β.
423 5449 483 5502 '0
514 5449 805 5515 θεσπέσιος
847 5455 1069 5524 γράφει,
1104 5457 1258 5524 φασὶ,
1314 5457 1525 5522 Παῦλος
1570 5463 1820 5534 περὶτοῦ

243 5540 368 5594 Υίοῦ
394 5583 408 5605 ,
444 5543 537 5596 ἅτε
570 5542 634 5614 δὴ
683 5546 970 5613 γεγονότος
1008 5549 1252 5619 κατάρας
1303 5567 1359 5602 τε
1397 5553 1489 5604 καὶ
1525 5554 1817 5624 ἁμαρτίας.

241 5632 380 5702 Ἔφη
424 5633 566 5705 γὰρ,
626 5635 709 5687 ὅτι
769 5655 787 5686 ι
822 5637 924 5689 Τὸν
974 5637 1048 5708 μὴ
1095 5638 1292 5706 γνόντα
1345 5641 1643 5713 ἁμαρτίαν,
1680 5645 1820 5716 ὑπὲρ

240 5724 389 5796 ἡμῶν
435 5726 713 5798 ἁμαρτίαν
759 5729 1002 5800 ἐποίησε.
1041 5751 1058 5781 ι
1127 5729 1229 5786 Καὶ
1277 5733 1470 5786 πάλινο
1525 5753 1542 5786 ι
1584 5737 1820 5807 Χριστὸς

303 5902 350 5937 ⁸⁸
380 5901 615 5974 Philipp.
654 5920 713 5963 tt.
746 5905 864 5964 5-8.
956 5907 997 5940 δν
1023 5905 1184 5963 Hebr.
1214 5925 1252 5977 ι,
1293 5911 1344 5965 5.

1936 4645 2418 4714 investigationem
2456 4644 2807 4701 instituamus
2833 4687 2848 4712 ,
2877 4664 2944 4703 an
2981 4653 3162 4720 potius
3190 4657 3520 4727 simpliciter

1934 4738 2169 4792 orationi
2211 4746 2316 4791 tua:
2360 4737 2516 4792 tidem
2543 4738 2886 4806 adhibentes,
2917 4743 2988 4796 ita
3020 4739 3144 4802 se'se
3173 4764 3287 4803 rem
3317 4753 3523 4812 habere

1931 4829 2271 4884 statuamus?

2007 4918 2073 4971 A.
2106 4917 2270 4972 Extra
2300 4919 2779 4987 reprehensionem
2811 4937 3029 4980 onmem
3059 4930 3300 4997 positum
3336 4945 3438 5000 est,
3463 4949 3520 4993 ut

1932 5008 2190 5072 arbitror,
2219 5010 2365 5078 quod
2407 5025 2436 5063 a
2469 5011 2625 5065 nobis
2676 5014 2814 5069 scite
2865 5016 3253 5090 sapienterque
3311 5027 3517 5085 dictum

1932 5113 2039 5168 est,
2066 5117 2240 5172 neque
2281 5118 2386 5157 una
2421 5104 2635 5158 ratione
2667 5120 2696 5158 a
2744 5108 2917 5163 sacris
2949 5109 3249 5181 Scripturis
3298 5118 3516 5176 dissen-

1932 5193 2014 5247 tit.
2050 5194 2142 5246 Die
2192 5208 2320 5248 Vero
2363 5194 2530 5248 etiam
2572 5204 2626 5248 tu
2668 5199 2812 5266 quod
2869 5200 2966 5254 tibi
3008 5203 3224 5260 videtur
3267 5224 3282 5260 :
3325 5209 3517 5268 aﬂ‘eret

1929 5286 2073 5340 enim
2110 5287 2360 5340 nonnihil
2396 5287 2643 5344 utilitatis
2675 5295 2964 5350 contraria:
2997 5301 3285 5357 sententiae
3345 5323 3518 5376 appo-

1923 5377 2068 5431 sitio.

1997 5471 2057 5524 Β.
2093 5469 2318 5527 Diviuus
2340 5473 2556 5538 Paulus,
2610 5479 2784 5545 aiunt,
2848 5481 3040 5536 scribit
3074 5485 3141 5539 de
3181 5485 3344 5552 Filio,
3404 5501 3512 5547 tau-

1925 5575 2090 5630 quam
2143 5563 2233 5630 qui
2272 5563 2446 5618 l'aetus
2473 5567 2545 5619 sit
2606 5569 2914 5626 maiedictio
2943 5584 2996 5626 et
3055 5589 3358 5644 peccatum.
3427 5582 3512 5636 ln-

1924 5655 2042 5723 quit
2071 5657 2401 5726 enim,qnod
2441 5677 2456 5708 ι
2497 5659 2626 5713 Eum
2657 5664 2748 5730 qni
2779 5679 2884 5719 nou
2910 5668 3058 5721 novit
3085 5681 3391 5738 peccatum,
3416 5689 3514 5744 pro

1926 5747 2083 5803 nobis
2120 5759 2403 5819 peccatum
2461 5750 2588 5808 Fecit
2621 5755 2686 5810 '°.
2734 5775 2750 5806 ι
2792 5756 2855 5812 Et
2906 5775 3140 5817 rursus:
3188 5781 3211 5815 ο
3262 5764 3519 5821 Christus

1424 5911 1469 5942 ⁸⁰
1507 5911 1544 5965 ll
1576 5911 1701 5969 Cor.
1751 5929 1800 5981 ν,
1838 5913 1933 5971 91.
