  <div class='ocr_page' id='page_1' title='image "/cluster/home/n/w/nwhite01/storage/ocr_20150623/75/pst.000005712748/670.png"; bbox 0 0 4036 6336; ppageno 0'>
   <div class='ocr_carea' id='block_1_1' title="bbox 289 431 433 485">
    <p class='ocr_par' dir='ltr' id='par_1_1' title="bbox 289 431 433 485">
     <span class='ocr_line' id='line_1_1' title="bbox 289 431 433 485; baseline -0.028 0"><span class='ocrx_word' id='word_1_1' title='bbox 289 431 433 485; x_wconf 65' lang='lat'><strong>1265</strong></span> 
     </span>
    </p>
   </div>
   <div class='ocr_carea' id='block_1_2' title="bbox 366 546 1112 620">
    <p class='ocr_par' dir='ltr' id='par_1_2' title="bbox 366 546 1112 620">
     <span class='ocr_line' id='line_1_2' title="bbox 366 546 1112 620; baseline 0.007 -20"><span class='ocrx_word' id='word_1_2' title='bbox 366 546 424 601; x_wconf 67' lang='lat' dir='ltr'><strong>li.</strong></span> <span class='ocrx_word' id='word_1_3' title='bbox 481 549 586 602; x_wconf 74' lang='lat' dir='ltr'><strong>&#39;06‘t</strong></span> <span class='ocrx_word' id='word_1_4' title='bbox 619 551 711 603; x_wconf 79' lang='grc' dir='ltr'>καὶ</span> <span class='ocrx_word' id='word_1_5' title='bbox 745 552 899 604; x_wconf 80' lang='grc' dir='ltr'>αὐτοί</span> <span class='ocrx_word' id='word_1_6' title='bbox 932 569 1112 620; x_wconf 80' lang='grc' dir='ltr'>φασιν.</span> 
     </span>
    </p>
   </div>
   <div class='ocr_carea' id='block_1_3' title="bbox 364 642 1870 717">
    <p class='ocr_par' dir='ltr' id='par_1_3' title="bbox 364 642 1870 717">
     <span class='ocr_line' id='line_1_3' title="bbox 364 642 1870 717; baseline 0.005 -24"><span class='ocrx_word' id='word_1_7' title='bbox 364 643 430 693; x_wconf 77' lang='grc' dir='ltr'><strong>Α.</strong></span> <span class='ocrx_word' id='word_1_8' title='bbox 472 642 678 695; x_wconf 81' lang='grc' dir='ltr'>Οὐκοῦν</span> <span class='ocrx_word' id='word_1_9' title='bbox 716 644 874 714; x_wconf 79' lang='grc' dir='ltr'>εἴπερ</span> <span class='ocrx_word' id='word_1_10' title='bbox 900 644 1047 696; x_wconf 80' lang='grc' dir='ltr'>ἐστὶν</span> <span class='ocrx_word' id='word_1_11' title='bbox 1077 644 1274 716; x_wconf 79' lang='grc' dir='ltr'>ἀληθὲς</span> <span class='ocrx_word' id='word_1_12' title='bbox 1293 687 1307 710; x_wconf 90' lang='grc'><strong>,</strong></span> <span class='ocrx_word' id='word_1_13' title='bbox 1342 647 1482 699; x_wconf 85' lang='grc' dir='ltr'>κατὰ</span> <span class='ocrx_word' id='word_1_14' title='bbox 1511 663 1574 717; x_wconf 89' lang='grc' dir='ltr'><strong>γε</strong></span> <span class='ocrx_word' id='word_1_15' title='bbox 1602 648 1662 700; x_wconf 78' lang='grc' dir='ltr'>τὸ</span> <span class='ocrx_word' id='word_1_16' title='bbox 1688 648 1870 712; x_wconf 69' lang='grc' dir='ltr'><strong>αρτοίς</strong></span> 
     </span>
    </p>
   </div>
   <div class='ocr_carea' id='block_1_4' title="bbox 288 726 1872 809">
    <p class='ocr_par' dir='ltr' id='par_1_4' title="bbox 288 726 1872 809">
     <span class='ocr_line' id='line_1_4' title="bbox 288 726 1872 809; baseline 0.006 -26"><span class='ocrx_word' id='word_1_17' title='bbox 288 726 349 784; x_wconf 73' lang='grc' dir='ltr'>εὖ</span> <span class='ocrx_word' id='word_1_18' title='bbox 405 730 548 802; x_wconf 77' lang='grc' dir='ltr'>ἔχειν</span> <span class='ocrx_word' id='word_1_19' title='bbox 593 732 1030 803; x_wconf 80' lang='grc' dir='ltr'><strong>ὑπειλημμένον,</strong></span> <span class='ocrx_word' id='word_1_20' title='bbox 1080 735 1162 787; x_wconf 86' lang='grc' dir='ltr'>ὃτι</span> <span class='ocrx_word' id='word_1_21' title='bbox 1218 735 1441 802; x_wconf 81' lang='grc' dir='ltr'>γέγονεν</span> <span class='ocrx_word' id='word_1_22' title='bbox 1487 736 1629 790; x_wconf 78' lang='grc' dir='ltr'>οὕτω</span> <span class='ocrx_word' id='word_1_23' title='bbox 1666 737 1805 809; x_wconf 77' lang='grc' dir='ltr'><strong>σάρξ</strong></span> <span class='ocrx_word' id='word_1_24' title='bbox 1843 741 1872 792; x_wconf 85' lang='grc' dir='ltr'>ὁ</span> 
     </span>
    </p>
   </div>
   <div class='ocr_carea' id='block_1_5' title="bbox 293 821 1873 901">
    <p class='ocr_par' dir='ltr' id='par_1_5' title="bbox 293 821 1873 901">
     <span class='ocr_line' id='line_1_5' title="bbox 293 821 1873 901; baseline 0.006 -29"><span class='ocrx_word' id='word_1_25' title='bbox 293 821 483 890; x_wconf 85' lang='grc' dir='ltr'>Λόγος,</span> <span class='ocrx_word' id='word_1_26' title='bbox 517 823 659 876; x_wconf 84' lang='grc' dir='ltr'><strong>καθά</strong></span> <span class='ocrx_word' id='word_1_27' title='bbox 689 826 784 877; x_wconf 80' lang='grc' dir='ltr'>καὶ</span> <span class='ocrx_word' id='word_1_28' title='bbox 825 826 1042 896; x_wconf 78' lang='grc' dir='ltr'>κατάρα</span> <span class='ocrx_word' id='word_1_29' title='bbox 1067 826 1160 879; x_wconf 82' lang='grc' dir='ltr'><strong>καὶ</strong></span> <span class='ocrx_word' id='word_1_30' title='bbox 1189 826 1452 898; x_wconf 87' lang='grc' dir='ltr'>ἀμαρτία,</span> <span class='ocrx_word' id='word_1_31' title='bbox 1484 829 1571 881; x_wconf 80' lang='grc' dir='ltr'><strong>ἐπ’</strong></span> <span class='ocrx_word' id='word_1_32' title='bbox 1598 830 1873 901; x_wconf 83' lang='grc' dir='ltr'><strong>ἀναιρέσει</strong></span> 
     </span>
    </p>
   </div>
   <div class='ocr_carea' id='block_1_6' title="bbox 294 908 1873 992">
    <p class='ocr_par' dir='ltr' id='par_1_6' title="bbox 294 908 1873 992">
     <span class='ocr_line' id='line_1_6' title="bbox 294 908 1873 992; baseline 0.005 -28"><span class='ocrx_word' id='word_1_33' title='bbox 294 914 521 983; x_wconf 82' lang='grc' dir='ltr'>σαρκὸς,</span> <span class='ocrx_word' id='word_1_34' title='bbox 551 908 669 966; x_wconf 71' lang='grc' dir='ltr'>εἶτα</span> <span class='ocrx_word' id='word_1_35' title='bbox 700 915 817 978; x_wconf 87' lang='grc' dir='ltr'><strong>πῶς</strong></span> <span class='ocrx_word' id='word_1_36' title='bbox 841 915 1116 986; x_wconf 76' lang='grc' dir='ltr'>ἀφθαρτόν</span> <span class='ocrx_word' id='word_1_37' title='bbox 1142 934 1202 970; x_wconf 90' lang='grc' dir='ltr'><strong>τε</strong></span> <span class='ocrx_word' id='word_1_38' title='bbox 1231 920 1327 970; x_wconf 74' lang='grc' dir='ltr'><strong>καὶ</strong></span> <span class='ocrx_word' id='word_1_39' title='bbox 1356 918 1661 991; x_wconf 82' lang='grc' dir='ltr'>ἀνώλεθρον</span> <span class='ocrx_word' id='word_1_40' title='bbox 1703 921 1873 992; x_wconf 77' lang='grc' dir='ltr'>αὐτὴν</span> 
     </span>
    </p>
   </div>
   <div class='ocr_carea' id='block_1_7' title="bbox 294 1004 1873 1084">
    <p class='ocr_par' dir='ltr' id='par_1_7' title="bbox 294 1004 1873 1084">
     <span class='ocr_line' id='line_1_7' title="bbox 294 1004 1873 1084; baseline 0.009 -29"><span class='ocrx_word' id='word_1_41' title='bbox 294 1004 623 1071; x_wconf 60' lang='grc' dir='ltr'>ἀποφαίνει,</span> <span class='ocrx_word' id='word_1_42' title='bbox 652 1005 728 1070; x_wconf 89' lang='grc' dir='ltr'><strong>ώς</strong></span> <span class='ocrx_word' id='word_1_43' title='bbox 778 1007 836 1060; x_wconf 83' lang='grc' dir='ltr'>ἓν</span> <span class='ocrx_word' id='word_1_44' title='bbox 878 1024 939 1076; x_wconf 89' lang='grc' dir='ltr'><strong>γε</strong></span> <span class='ocrx_word' id='word_1_45' title='bbox 990 1009 1180 1082; x_wconf 85' lang='grc' dir='ltr'><strong>πρώτῃ</strong></span> <span class='ocrx_word' id='word_1_46' title='bbox 1231 1011 1587 1080; x_wconf 74' lang='grc' dir='ltr'><strong>κατορθώσας</strong></span> <span class='ocrx_word' id='word_1_47' title='bbox 1615 1012 1775 1067; x_wconf 79' lang='grc' dir='ltr'>τοῦτο</span> <span class='ocrx_word' id='word_1_48' title='bbox 1808 1015 1873 1084; x_wconf 85' lang='grc' dir='ltr'>τῇ</span> 
     </span>
    </p>
   </div>
   <div class='ocr_carea' id='block_1_8' title="bbox 299 1095 1877 1172">
    <p class='ocr_par' dir='ltr' id='par_1_8' title="bbox 299 1095 1877 1172">
     <span class='ocr_line' id='line_1_8' title="bbox 299 1095 1877 1172; baseline 0.007 -27"><span class='ocrx_word' id='word_1_49' title='bbox 299 1095 405 1159; x_wconf 82' lang='grc' dir='ltr'>ίδίᾳ</span> <span class='ocrx_word' id='word_1_50' title='bbox 437 1097 632 1166; x_wconf 90' lang='grc' dir='ltr'>σαρκί;</span> <span class='ocrx_word' id='word_1_51' title='bbox 665 1098 725 1150; x_wconf 84' lang='grc' dir='ltr'><strong>οὐ</strong></span> <span class='ocrx_word' id='word_1_52' title='bbox 778 1099 886 1168; x_wconf 84' lang='grc' dir='ltr'>γάρ</span> <span class='ocrx_word' id='word_1_53' title='bbox 919 1115 998 1151; x_wconf 89' lang='grc' dir='ltr'><strong>τοι</strong></span> <span class='ocrx_word' id='word_1_54' title='bbox 1050 1099 1251 1172; x_wconf 77' lang='grc' dir='ltr'>θνητὴν</span> <span class='ocrx_word' id='word_1_55' title='bbox 1295 1102 1587 1172; x_wconf 85' lang='grc' dir='ltr'>ἀπομείναι</span> <span class='ocrx_word' id='word_1_56' title='bbox 1632 1103 1726 1156; x_wconf 78' lang='grc' dir='ltr'>καὶ</span> <span class='ocrx_word' id='word_1_57' title='bbox 1770 1104 1877 1156; x_wconf 73' lang='grc' dir='ltr'><strong>ὑπὸ</strong></span> 
     </span>
    </p>
   </div>
   <div class='ocr_carea' id='block_1_9' title="bbox 296 1187 1874 1266">
    <p class='ocr_par' dir='ltr' id='par_1_9' title="bbox 296 1187 1874 1266">
     <span class='ocr_line' id='line_1_9' title="bbox 296 1187 1874 1266; baseline 0.007 -29"><span class='ocrx_word' id='word_1_58' title='bbox 296 1187 502 1257; x_wconf 67' lang='grc' dir='ltr'>φθορὰν</span> <span class='ocrx_word' id='word_1_59' title='bbox 531 1189 741 1260; x_wconf 71' lang='grc' dir='ltr'>ἀιρῆκεν</span> <span class='ocrx_word' id='word_1_60' title='bbox 769 1190 938 1261; x_wconf 81' lang='grc' dir='ltr'>αὐτὴν</span> <span class='ocrx_word' id='word_1_61' title='bbox 982 1191 1467 1264; x_wconf 81' lang='grc' dir='ltr'><strong>(παραπέμποντος</strong></span> <span class='ocrx_word' id='word_1_62' title='bbox 1500 1197 1579 1258; x_wconf 86' lang='grc' dir='ltr'><strong>είς</strong></span> <span class='ocrx_word' id='word_1_63' title='bbox 1604 1197 1751 1266; x_wconf 76' lang='grc' dir='ltr'>ἡμᾶς</span> <span class='ocrx_word' id='word_1_64' title='bbox 1779 1193 1874 1248; x_wconf 82' lang='grc' dir='ltr'>τοῦ</span> 
     </span>
    </p>
   </div>
   <div class='ocr_carea' id='block_1_10' title="bbox 308 1281 1876 1358">
    <p class='ocr_par' dir='ltr' id='par_1_10' title="bbox 308 1281 1876 1358">
     <span class='ocr_line' id='line_1_10' title="bbox 308 1281 1876 1358; baseline 0.006 -26"><span class='ocrx_word' id='word_1_65' title='bbox 308 1281 481 1350; x_wconf 80' lang='grc' dir='ltr'>Ἀδὰμ</span> <span class='ocrx_word' id='word_1_66' title='bbox 515 1283 612 1353; x_wconf 81' lang='grc' dir='ltr'>τὴν</span> <span class='ocrx_word' id='word_1_67' title='bbox 644 1285 735 1336; x_wconf 81' lang='grc' dir='ltr'>ἐπὶ</span> <span class='ocrx_word' id='word_1_68' title='bbox 775 1287 840 1354; x_wconf 80' lang='grc' dir='ltr'>τῇ</span> <span class='ocrx_word' id='word_1_69' title='bbox 890 1287 1198 1355; x_wconf 75' lang='grc' dir='ltr'>παρασάσει</span> <span class='ocrx_word' id='word_1_70' title='bbox 1247 1287 1462 1357; x_wconf 83' lang='grc' dir='ltr'>δίκην),</span> <span class='ocrx_word' id='word_1_71' title='bbox 1491 1287 1566 1349; x_wconf 90' lang='grc' dir='ltr'><strong>ώς</strong></span> <span class='ocrx_word' id='word_1_72' title='bbox 1602 1288 1782 1358; x_wconf 80' lang='grc' dir='ltr'>σάρκα</span> <span class='ocrx_word' id='word_1_73' title='bbox 1820 1288 1876 1342; x_wconf 86' lang='grc' dir='ltr'>δὲ</span> 
     </span>
    </p>
   </div>
   <div class='ocr_carea' id='block_1_11' title="bbox 297 1374 1877 1450">
    <p class='ocr_par' dir='ltr' id='par_1_11' title="bbox 297 1374 1877 1450">
     <span class='ocr_line' id='line_1_11' title="bbox 297 1374 1877 1450; baseline 0.004 -24"><span class='ocrx_word' id='word_1_74' title='bbox 297 1374 496 1442; x_wconf 77' lang='grc' dir='ltr'>μᾶλλον</span> <span class='ocrx_word' id='word_1_75' title='bbox 548 1375 824 1445; x_wconf 74' lang='grc' dir='ltr'><strong>ἀφθάρτου</strong></span> <span class='ocrx_word' id='word_1_76' title='bbox 875 1377 1044 1442; x_wconf 74' lang='grc' dir='ltr'>Θεοῦ,</span> <span class='ocrx_word' id='word_1_77' title='bbox 1099 1379 1407 1445; x_wconf 79' lang='grc' dir='ltr'><strong>τουτέστιν,</strong></span> <span class='ocrx_word' id='word_1_78' title='bbox 1469 1379 1643 1445; x_wconf 87' lang='grc' dir='ltr'>ίδίαν,</span> <span class='ocrx_word' id='word_1_79' title='bbox 1709 1381 1877 1450; x_wconf 73' lang='grc' dir='ltr'>ἧγουν</span> 
     </span>
    </p>
   </div>
   <div class='ocr_carea' id='block_1_12' title="bbox 296 1466 1686 1540">
    <p class='ocr_par' dir='ltr' id='par_1_12' title="bbox 296 1466 1686 1540">
     <span class='ocr_line' id='line_1_12' title="bbox 296 1466 1686 1540; baseline 0.004 -22"><span class='ocrx_word' id='word_1_80' title='bbox 296 1466 490 1520; x_wconf 74' lang='grc' dir='ltr'>ἑαυτοῦ</span> <span class='ocrx_word' id='word_1_81' title='bbox 517 1467 609 1520; x_wconf 76' lang='grc' dir='ltr'><strong>καὶ</strong></span> <span class='ocrx_word' id='word_1_82' title='bbox 635 1467 866 1521; x_wconf 82' lang='grc' dir='ltr'>Θανάτου</span> <span class='ocrx_word' id='word_1_83' title='bbox 895 1472 985 1522; x_wconf 71' lang='grc' dir='ltr'><strong>καὶ</strong></span> <span class='ocrx_word' id='word_1_84' title='bbox 1010 1471 1216 1540; x_wconf 78' lang='grc' dir='ltr'>φθορᾶς</span> <span class='ocrx_word' id='word_1_85' title='bbox 1247 1471 1506 1526; x_wconf 76' lang='grc' dir='ltr'>ἐπέκεινα</span> <span class='ocrx_word' id='word_1_86' title='bbox 1537 1472 1647 1534; x_wconf 82' lang='grc' dir='ltr'>θείς</span> <span class='ocrx_word' id='word_1_87' title='bbox 1672 1489 1686 1536; x_wconf 89' lang='lat'><strong>;</strong></span> 
     </span>
    </p>
   </div>
   <div class='ocr_carea' id='block_1_13' title="bbox 367 1643 738 1716">
    <p class='ocr_par' dir='ltr' id='par_1_13' title="bbox 367 1643 738 1716">
     <span class='ocr_line' id='line_1_13' title="bbox 367 1643 738 1716; baseline 0.011 -19"><span class='ocrx_word' id='word_1_88' title='bbox 367 1647 424 1700; x_wconf 79' lang='grc' dir='ltr'><strong>Β.</strong></span> <span class='ocrx_word' id='word_1_89' title='bbox 470 1643 540 1699; x_wconf 76' lang='grc' dir='ltr'><strong>Εὖ</strong></span> <span class='ocrx_word' id='word_1_90' title='bbox 582 1647 738 1716; x_wconf 74' lang='grc' dir='ltr'>ἔφης.</span> 
     </span>
    </p>
   </div>
   <div class='ocr_carea' id='block_1_14' title="bbox 365 1738 1956 1817">
    <p class='ocr_par' dir='ltr' id='par_1_14' title="bbox 365 1738 1956 1817">
     <span class='ocr_line' id='line_1_14' title="bbox 365 1738 1956 1817; baseline 0.006 -26"><span class='ocrx_word' id='word_1_91' title='bbox 365 1741 426 1791; x_wconf 80' lang='grc' dir='ltr'><strong>Α.</strong></span> <span class='ocrx_word' id='word_1_92' title='bbox 473 1738 616 1810; x_wconf 83' lang='grc' dir='ltr'><strong>Ἔφη</strong></span> <span class='ocrx_word' id='word_1_93' title='bbox 663 1739 720 1792; x_wconf 83' lang='grc' dir='ltr'><strong>δέ</strong></span> <span class='ocrx_word' id='word_1_94' title='bbox 771 1757 870 1793; x_wconf 78' lang='grc' dir='ltr'><strong>που</strong></span> <span class='ocrx_word' id='word_1_95' title='bbox 920 1742 980 1794; x_wconf 67' lang='grc' dir='ltr'>τὸ</span> <span class='ocrx_word' id='word_1_96' title='bbox 1025 1743 1265 1813; x_wconf 83' lang='grc' dir='ltr'>Γράμμα</span> <span class='ocrx_word' id='word_1_97' title='bbox 1315 1745 1376 1798; x_wconf 74' lang='grc' dir='ltr'>τὸ</span> <span class='ocrx_word' id='word_1_98' title='bbox 1424 1747 1589 1817; x_wconf 71' lang='grc' dir='ltr'>ἱερὸν,</span> <span class='ocrx_word' id='word_1_99' title='bbox 1636 1746 1726 1798; x_wconf 82' lang='grc' dir='ltr'><strong>τὸν</strong></span> <span class='ocrx_word' id='word_1_100' title='bbox 1781 1747 1878 1816; x_wconf 81' lang='grc' dir='ltr'><strong>μὲν</strong></span> <span class='ocrx_word' id='word_1_101' title='bbox 1953 1753 1956 1755; x_wconf 81' lang='grc'><em>’</em></span> 
     </span>
    </p>
   </div>
   <div class='ocr_carea' id='block_1_15' title="bbox 301 1829 1880 1908">
    <p class='ocr_par' dir='ltr' id='par_1_15' title="bbox 301 1829 1880 1908">
     <span class='ocr_line' id='line_1_15' title="bbox 301 1829 1880 1908; baseline 0.007 -28"><span class='ocrx_word' id='word_1_102' title='bbox 301 1829 508 1901; x_wconf 83' lang='grc' dir='ltr'>πρῶτον</span> <span class='ocrx_word' id='word_1_103' title='bbox 553 1829 842 1901; x_wconf 82' lang='grc' dir='ltr'>ἄνθρωπον</span> <span class='ocrx_word' id='word_1_104' title='bbox 867 1871 881 1895; x_wconf 84' lang='grc'><strong>,</strong></span> <span class='ocrx_word' id='word_1_105' title='bbox 917 1833 1193 1887; x_wconf 77' lang='grc' dir='ltr'>τουτέστιν</span> <span class='ocrx_word' id='word_1_106' title='bbox 1230 1836 1401 1907; x_wconf 69' lang='grc' dir='ltr'>Ἀδὰμ</span> <span class='ocrx_word' id='word_1_107' title='bbox 1422 1879 1434 1897; x_wconf 85' lang='grc'><strong>,</strong></span> <span class='ocrx_word' id='word_1_108' title='bbox 1468 1839 1549 1900; x_wconf 87' lang='grc' dir='ltr'><strong>είς</strong></span> <span class='ocrx_word' id='word_1_109' title='bbox 1581 1837 1758 1908; x_wconf 69' lang='grc' dir='ltr'>ψυχὴν</span> <span class='ocrx_word' id='word_1_110' title='bbox 1791 1855 1880 1906; x_wconf 89' lang='grc' dir='ltr'>γε·</span> 
     </span>
    </p>
   </div>
   <div class='ocr_carea' id='block_1_16' title="bbox 1430 433 2400 501">
    <p class='ocr_par' dir='ltr' id='par_1_16' title="bbox 1430 433 2400 501">
     <span class='ocr_line' id='line_1_16' title="bbox 1430 433 2400 501; baseline 0.004 -10"><span class='ocrx_word' id='word_1_111' title='bbox 1430 433 1618 501; x_wconf 89' lang='lat' dir='ltr'><strong>QUOD</strong></span> <span class='ocrx_word' id='word_1_112' title='bbox 1657 433 1846 493; x_wconf 81' lang='lat' dir='ltr'><strong>UNUS</strong></span> <span class='ocrx_word' id='word_1_113' title='bbox 1887 435 1994 494; x_wconf 83' lang='lat' dir='ltr'><strong>SIT</strong></span> <span class='ocrx_word' id='word_1_114' title='bbox 2031 436 2400 496; x_wconf 77' lang='lat' dir='ltr'><strong>CHRISTUS.</strong></span> 
     </span>
    </p>
   </div>
   <div class='ocr_carea' id='block_1_17' title="bbox 1901 556 2788 625">
    <p class='ocr_par' dir='ltr' id='par_1_17' title="bbox 1901 556 2788 625">
     <span class='ocr_line' id='line_1_17' title="bbox 1901 556 2788 625; baseline -0.01 -7"><span class='ocrx_word' id='word_1_115' title='bbox 1901 561 1947 618; x_wconf 78' lang='grc' dir='ltr'>Α</span> <span class='ocrx_word' id='word_1_116' title='bbox 2048 558 2106 614; x_wconf 86' lang='grc' dir='ltr'><strong>Β.</strong></span> <span class='ocrx_word' id='word_1_117' title='bbox 2139 558 2214 611; x_wconf 86' lang='lat' dir='ltr'><strong>lta</strong></span> <span class='ocrx_word' id='word_1_118' title='bbox 2246 558 2411 611; x_wconf 79' lang='lat' dir='ltr'><strong>etiam</strong></span> <span class='ocrx_word' id='word_1_119' title='bbox 2449 556 2551 625; x_wconf 87' lang='lat' dir='ltr'><strong>ipsi</strong></span> <span class='ocrx_word' id='word_1_120' title='bbox 2579 559 2788 611; x_wconf 83' lang='lat' dir='ltr'><strong>dicunt.</strong></span> 
     </span>
    </p>
   </div>
   <div class='ocr_carea' id='block_1_18' title="bbox 3438 434 3572 490">
    <p class='ocr_par' dir='ltr' id='par_1_18' title="bbox 3438 434 3572 490">
     <span class='ocr_line' id='line_1_18' title="bbox 3438 434 3572 490; baseline 0 0"><span class='ocrx_word' id='word_1_121' title='bbox 3438 434 3572 490; x_wconf 61' lang='lat'><strong>£266</strong></span> 
     </span>
    </p>
   </div>
   <div class='ocr_carea' id='block_1_19' title="bbox 2047 644 3576 715">
    <p class='ocr_par' dir='ltr' id='par_1_19' title="bbox 2047 644 3576 715">
     <span class='ocr_line' id='line_1_19' title="bbox 2047 644 3576 715; baseline -0.004 -13"><span class='ocrx_word' id='word_1_122' title='bbox 2047 648 2110 702; x_wconf 85' lang='lat' dir='ltr'><strong>A.</strong></span> <span class='ocrx_word' id='word_1_123' title='bbox 2141 649 2408 715; x_wconf 80' lang='lat' dir='ltr'><strong>Quocirca</strong></span> <span class='ocrx_word' id='word_1_124' title='bbox 2441 647 2485 700; x_wconf 89' lang='lat' dir='ltr'><strong>si</strong></span> <span class='ocrx_word' id='word_1_125' title='bbox 2525 661 2610 701; x_wconf 91' lang='lat' dir='ltr'><strong>res</strong></span> <span class='ocrx_word' id='word_1_126' title='bbox 2651 646 2722 698; x_wconf 91' lang='lat' dir='ltr'><strong>ita</strong></span> <span class='ocrx_word' id='word_1_127' title='bbox 2757 661 2817 700; x_wconf 86' lang='lat' dir='ltr'><strong>se</strong></span> <span class='ocrx_word' id='word_1_128' title='bbox 2847 644 3028 708; x_wconf 87' lang='lat' dir='ltr'><strong>habet,</strong></span> <span class='ocrx_word' id='word_1_129' title='bbox 3092 654 3250 713; x_wconf 92' lang='lat' dir='ltr'><strong>prout</strong></span> <span class='ocrx_word' id='word_1_130' title='bbox 3284 645 3415 714; x_wconf 87' lang='lat' dir='ltr'><strong>ipsis</strong></span> <span class='ocrx_word' id='word_1_131' title='bbox 3459 645 3576 713; x_wconf 73' lang='lat' dir='ltr'><strong>pla-</strong></span> 
     </span>
    </p>
   </div>
   <div class='ocr_carea' id='block_1_20' title="bbox 1976 734 3572 806">
    <p class='ocr_par' dir='ltr' id='par_1_20' title="bbox 1976 734 3572 806">
     <span class='ocr_line' id='line_1_20' title="bbox 1976 734 3572 806; baseline -0.002 -14"><span class='ocrx_word' id='word_1_132' title='bbox 1976 750 2083 800; x_wconf 88' lang='lat' dir='ltr'><strong>cet,</strong></span> <span class='ocrx_word' id='word_1_133' title='bbox 2105 740 2244 806; x_wconf 87' lang='lat' dir='ltr'><strong>quod</strong></span> <span class='ocrx_word' id='word_1_134' title='bbox 2273 737 2505 792; x_wconf 85' lang='lat' dir='ltr'><strong>Verbum</strong></span> <span class='ocrx_word' id='word_1_135' title='bbox 2534 738 2720 791; x_wconf 84' lang='lat' dir='ltr'><strong>eadem</strong></span> <span class='ocrx_word' id='word_1_136' title='bbox 2753 736 2963 790; x_wconf 75' lang='lat' dir='ltr'><strong>ratione</strong></span> <span class='ocrx_word' id='word_1_137' title='bbox 2980 736 3052 790; x_wconf 88' lang='lat' dir='ltr'><strong>sit</strong></span> <span class='ocrx_word' id='word_1_138' title='bbox 3083 734 3284 790; x_wconf 80' lang='lat' dir='ltr'><strong>factum</strong></span> <span class='ocrx_word' id='word_1_139' title='bbox 3311 751 3441 790; x_wconf 88' lang='lat' dir='ltr'><strong>caro</strong></span> <span class='ocrx_word' id='word_1_140' title='bbox 3467 752 3572 803; x_wconf 81' lang='lat' dir='ltr'><strong>qua</strong></span> 
     </span>
    </p>
   </div>
   <div class='ocr_carea' id='block_1_21' title="bbox 1977 826 3575 898">
    <p class='ocr_par' dir='ltr' id='par_1_21' title="bbox 1977 826 3575 898">
     <span class='ocr_line' id='line_1_21' title="bbox 1977 826 3575 898; baseline -0.002 -16"><span class='ocrx_word' id='word_1_141' title='bbox 1977 828 2282 883; x_wconf 76' lang='lat' dir='ltr'><strong>maledictio</strong></span> <span class='ocrx_word' id='word_1_142' title='bbox 2314 838 2369 883; x_wconf 91' lang='lat' dir='ltr'><strong>et</strong></span> <span class='ocrx_word' id='word_1_143' title='bbox 2397 836 2704 898; x_wconf 87' lang='lat' dir='ltr'><strong>peccatum,</strong></span> <span class='ocrx_word' id='word_1_144' title='bbox 2734 828 2800 881; x_wconf 89' lang='lat' dir='ltr'><strong>ad</strong></span> <span class='ocrx_word' id='word_1_145' title='bbox 2829 826 3193 882; x_wconf 79' lang='lat' dir='ltr'><strong>sublationem</strong></span> <span class='ocrx_word' id='word_1_146' title='bbox 3214 828 3416 893; x_wconf 84' lang='lat' dir='ltr'><strong>carnis,</strong></span> <span class='ocrx_word' id='word_1_147' title='bbox 3441 842 3575 896; x_wconf 87' lang='lat' dir='ltr'><strong>quo-</strong></span> 
     </span>
    </p>
   </div>
   <div class='ocr_carea' id='block_1_22' title="bbox 1977 917 3573 989">
    <p class='ocr_par' dir='ltr' id='par_1_22' title="bbox 1977 917 3573 989">
     <span class='ocr_line' id='line_1_22' title="bbox 1977 917 3573 989; baseline -0.002 -16"><span class='ocrx_word' id='word_1_148' title='bbox 1977 922 2137 975; x_wconf 90' lang='lat' dir='ltr'><strong>modo</strong></span> <span class='ocrx_word' id='word_1_149' title='bbox 2173 918 2639 989; x_wconf 88' lang='lat' dir='ltr'><strong>incorruptibilem</strong></span> <span class='ocrx_word' id='word_1_150' title='bbox 2674 927 2840 988; x_wconf 82' lang='lat' dir='ltr'><strong>atque</strong></span> <span class='ocrx_word' id='word_1_151' title='bbox 2869 917 3121 972; x_wconf 89' lang='lat' dir='ltr'><strong>interitus</strong></span> <span class='ocrx_word' id='word_1_152' title='bbox 3175 926 3454 986; x_wconf 80' lang='lat' dir='ltr'><strong>expertem</strong></span> <span class='ocrx_word' id='word_1_153' title='bbox 3509 918 3573 971; x_wconf 92' lang='lat' dir='ltr'><strong>il-</strong></span> 
     </span>
    </p>
   </div>
   <div class='ocr_carea' id='block_1_23' title="bbox 1977 1009 3576 1080">
    <p class='ocr_par' dir='ltr' id='par_1_23' title="bbox 1977 1009 3576 1080">
     <span class='ocr_line' id='line_1_23' title="bbox 1977 1009 3576 1080; baseline 0 -16"><span class='ocrx_word' id='word_1_154' title='bbox 1977 1011 2086 1064; x_wconf 86' lang='lat' dir='ltr'><strong>lam</strong></span> <span class='ocrx_word' id='word_1_155' title='bbox 2114 1009 2310 1075; x_wconf 82' lang='lat' dir='ltr'><strong>eli&#39;ecit,</strong></span> <span class='ocrx_word' id='word_1_156' title='bbox 2345 1011 2544 1080; x_wconf 87' lang='lat' dir='ltr'><strong>quippe</strong></span> <span class='ocrx_word' id='word_1_157' title='bbox 2575 1009 2664 1078; x_wconf 89' lang='lat' dir='ltr'><strong>qui</strong></span> <span class='ocrx_word' id='word_1_158' title='bbox 2697 1010 2748 1062; x_wconf 92' lang='lat' dir='ltr'><strong>in</strong></span> <span class='ocrx_word' id='word_1_159' title='bbox 2788 1010 2966 1078; x_wconf 91' lang='lat' dir='ltr'><strong>prima</strong></span> <span class='ocrx_word' id='word_1_160' title='bbox 2995 1009 3213 1077; x_wconf 90' lang='lat' dir='ltr'><strong>propria</strong></span> <span class='ocrx_word' id='word_1_161' title='bbox 3264 1024 3362 1064; x_wconf 88' lang='lat' dir='ltr'><strong>sua</strong></span> <span class='ocrx_word' id='word_1_162' title='bbox 3402 1024 3576 1064; x_wconf 87' lang='lat' dir='ltr'><strong>carne</strong></span> 
     </span>
    </p>
   </div>
   <div class='ocr_carea' id='block_1_24' title="bbox 1979 1098 3571 1169">
    <p class='ocr_par' dir='ltr' id='par_1_24' title="bbox 1979 1098 3571 1169">
     <span class='ocr_line' id='line_1_24' title="bbox 1979 1098 3571 1169; baseline 0.001 -16"><span class='ocrx_word' id='word_1_163' title='bbox 1979 1099 2081 1154; x_wconf 90' lang='lat' dir='ltr'><strong>hoc</strong></span> <span class='ocrx_word' id='word_1_164' title='bbox 2116 1099 2468 1167; x_wconf 68' lang='lat' dir='ltr'><strong>praestiterit?</strong></span> <span class='ocrx_word' id='word_1_165' title='bbox 2492 1098 2677 1169; x_wconf 79' lang='lat' dir='ltr'><strong>Neque</strong></span> <span class='ocrx_word' id='word_1_166' title='bbox 2700 1101 2847 1153; x_wconf 90' lang='lat' dir='ltr'><strong>enim</strong></span> <span class='ocrx_word' id='word_1_167' title='bbox 2871 1099 3157 1155; x_wconf 85' lang='lat' dir='ltr'><strong>mortalem</strong></span> <span class='ocrx_word' id='word_1_168' title='bbox 3191 1099 3339 1153; x_wconf 83' lang='lat' dir='ltr'><strong>illam</strong></span> <span class='ocrx_word' id='word_1_169' title='bbox 3374 1115 3571 1156; x_wconf 91' lang='lat' dir='ltr'><strong>corru-</strong></span> 
     </span>
    </p>
   </div>
   <div class='ocr_carea' id='block_1_25' title="bbox 1980 1189 3579 1260">
    <p class='ocr_par' dir='ltr' id='par_1_25' title="bbox 1980 1189 3579 1260">
     <span class='ocr_line' id='line_1_25' title="bbox 1980 1189 3579 1260; baseline 0.001 -18"><span class='ocrx_word' id='word_1_170' title='bbox 1980 1190 2259 1258; x_wconf 85' lang='lat' dir='ltr'><strong>plionique</strong></span> <span class='ocrx_word' id='word_1_171' title='bbox 2305 1191 2598 1244; x_wconf 76' lang='lat' dir='ltr'><strong>obnoxiam</strong></span> <span class='ocrx_word' id='word_1_172' title='bbox 2683 1204 2904 1245; x_wconf 88' lang='lat' dir='ltr'><strong>manere</strong></span> <span class='ocrx_word' id='word_1_173' title='bbox 2957 1191 3200 1260; x_wconf 82' lang='lat' dir='ltr'><strong>permisit</strong></span> <span class='ocrx_word' id='word_1_174' title='bbox 3257 1189 3579 1260; x_wconf 87' lang='lat' dir='ltr'><strong>(transmit-</strong></span> 
     </span>
    </p>
   </div>
   <div class='ocr_carea' id='block_1_26' title="bbox 1980 1279 3579 1350">
    <p class='ocr_par' dir='ltr' id='par_1_26' title="bbox 1980 1279 3579 1350">
     <span class='ocr_line' id='line_1_26' title="bbox 1980 1279 3579 1350; baseline 0.002 -19"><span class='ocrx_word' id='word_1_175' title='bbox 1980 1287 2127 1332; x_wconf 90' lang='lat' dir='ltr'><strong>tente</strong></span> <span class='ocrx_word' id='word_1_176' title='bbox 2156 1279 2207 1332; x_wconf 92' lang='lat' dir='ltr'><strong>in</strong></span> <span class='ocrx_word' id='word_1_177' title='bbox 2243 1293 2340 1334; x_wconf 88' lang='lat' dir='ltr'><strong>nos</strong></span> <span class='ocrx_word' id='word_1_178' title='bbox 2403 1279 2612 1334; x_wconf 82' lang='lat' dir='ltr'><strong>Adamo</strong></span> <span class='ocrx_word' id='word_1_179' title='bbox 2650 1279 3104 1346; x_wconf 69' lang='lat' dir='ltr'><strong>transgressionis</strong></span> <span class='ocrx_word' id='word_1_180' title='bbox 3158 1279 3439 1350; x_wconf 71' lang='lat' dir='ltr'><strong>poenam):</strong></span> <span class='ocrx_word' id='word_1_181' title='bbox 3483 1282 3579 1334; x_wconf 87' lang='lat' dir='ltr'><strong>sed</strong></span> 
     </span>
    </p>
   </div>
   <div class='ocr_carea' id='block_1_27' title="bbox 1981 1370 3576 1439">
    <p class='ocr_par' dir='ltr' id='par_1_27' title="bbox 1981 1370 3576 1439">
     <span class='ocr_line' id='line_1_27' title="bbox 1981 1370 3576 1439; baseline 0.003 -17"><span class='ocrx_word' id='word_1_182' title='bbox 1981 1370 2162 1439; x_wconf 83' lang='lat' dir='ltr'><strong>potius</strong></span> <span class='ocrx_word' id='word_1_183' title='bbox 2188 1380 2443 1439; x_wconf 86' lang='lat' dir='ltr'><strong>tanquam</strong></span> <span class='ocrx_word' id='word_1_184' title='bbox 2477 1384 2701 1426; x_wconf 87' lang='lat' dir='ltr'><strong>carnem</strong></span> <span class='ocrx_word' id='word_1_185' title='bbox 2731 1371 3162 1439; x_wconf 90' lang='lat' dir='ltr'><strong>incorruptibilis</strong></span> <span class='ocrx_word' id='word_1_186' title='bbox 3202 1370 3319 1438; x_wconf 85' lang='lat' dir='ltr'><strong>Dei,</strong></span> <span class='ocrx_word' id='word_1_187' title='bbox 3339 1372 3439 1426; x_wconf 89' lang='lat' dir='ltr'><strong>hoc</strong></span> <span class='ocrx_word' id='word_1_188' title='bbox 3469 1381 3576 1435; x_wconf 87' lang='lat' dir='ltr'><strong>est,</strong></span> 
     </span>
    </p>
   </div>
   <div class='ocr_carea' id='block_1_28' title="bbox 1981 1460 3578 1533">
    <p class='ocr_par' dir='ltr' id='par_1_28' title="bbox 1981 1460 3578 1533">
     <span class='ocr_line' id='line_1_28' title="bbox 1981 1460 3578 1533; baseline 0.001 -21"><span class='ocrx_word' id='word_1_189' title='bbox 1981 1462 2277 1530; x_wconf 88' lang='lat' dir='ltr'><strong>propriam,</strong></span> <span class='ocrx_word' id='word_1_190' title='bbox 2319 1460 2435 1516; x_wconf 87' lang='lat' dir='ltr'><strong>sive</strong></span> <span class='ocrx_word' id='word_1_191' title='bbox 2473 1477 2624 1517; x_wconf 91' lang='lat' dir='ltr'><strong>suam</strong></span> <span class='ocrx_word' id='word_1_192' title='bbox 2679 1475 2856 1518; x_wconf 88' lang='lat' dir='ltr'><strong>morte</strong></span> <span class='ocrx_word' id='word_1_193' title='bbox 2909 1464 3370 1532; x_wconf 90' lang='lat' dir='ltr'><strong>corruptioneque</strong></span> <span class='ocrx_word' id='word_1_194' title='bbox 3417 1479 3578 1533; x_wconf 84' lang='lat' dir='ltr'><strong>supe-</strong></span> 
     </span>
    </p>
   </div>
   <div class='ocr_carea' id='block_1_29' title="bbox 1983 1551 2413 1607">
    <p class='ocr_par' dir='ltr' id='par_1_29' title="bbox 1983 1551 2413 1607">
     <span class='ocr_line' id='line_1_29' title="bbox 1983 1551 2413 1607; baseline 0.005 -4"><span class='ocrx_word' id='word_1_195' title='bbox 1983 1552 2181 1604; x_wconf 85' lang='lat' dir='ltr'><strong>riorem</strong></span> <span class='ocrx_word' id='word_1_196' title='bbox 2214 1551 2413 1607; x_wconf 79' lang='lat' dir='ltr'><strong>cﬂecit.</strong></span> 
     </span>
    </p>
   </div>
   <div class='ocr_carea' id='block_1_30' title="bbox 2058 1641 2438 1699">
    <p class='ocr_par' dir='ltr' id='par_1_30' title="bbox 2058 1641 2438 1699">
     <span class='ocr_line' id='line_1_30' title="bbox 2058 1641 2438 1699; baseline 0.008 -3"><span class='ocrx_word' id='word_1_197' title='bbox 2058 1643 2114 1696; x_wconf 85' lang='grc' dir='ltr'><strong>Β.</strong></span> <span class='ocrx_word' id='word_1_198' title='bbox 2153 1641 2316 1697; x_wconf 78' lang='lat' dir='ltr'><strong>Recte</strong></span> <span class='ocrx_word' id='word_1_199' title='bbox 2337 1646 2438 1699; x_wconf 86' lang='lat' dir='ltr'><strong>ais.</strong></span> 
     </span>
    </p>
   </div>
   <div class='ocr_carea' id='block_1_31' title="bbox 2056 1738 3568 1809">
    <p class='ocr_par' dir='ltr' id='par_1_31' title="bbox 2056 1738 3568 1809">
     <span class='ocr_line' id='line_1_31' title="bbox 2056 1738 3568 1809; baseline 0.003 -21"><span class='ocrx_word' id='word_1_200' title='bbox 2056 1738 2121 1790; x_wconf 75' lang='grc' dir='ltr'><strong>Α.</strong></span> <span class='ocrx_word' id='word_1_201' title='bbox 2167 1739 2328 1806; x_wconf 80' lang='lat' dir='ltr'><strong>Atqui</strong></span> <span class='ocrx_word' id='word_1_202' title='bbox 2392 1754 2548 1794; x_wconf 88' lang='lat' dir='ltr'><strong>sacra</strong></span> <span class='ocrx_word' id='word_1_203' title='bbox 2596 1738 2878 1809; x_wconf 84' lang='lat' dir='ltr'><strong>Scriptura</strong></span> <span class='ocrx_word' id='word_1_204' title='bbox 2910 1739 3105 1793; x_wconf 88' lang='lat' dir='ltr'><strong>alicubi</strong></span> <span class='ocrx_word' id='word_1_205' title='bbox 3149 1740 3300 1806; x_wconf 80' lang='lat' dir='ltr'><strong>dicit,</strong></span> <span class='ocrx_word' id='word_1_206' title='bbox 3332 1739 3568 1809; x_wconf 91' lang='lat' dir='ltr'><strong>primum</strong></span> 
     </span>
    </p>
   </div>
   <div class='ocr_carea' id='block_1_32' title="bbox 1984 1827 3577 1894">
    <p class='ocr_par' dir='ltr' id='par_1_32' title="bbox 1984 1827 3577 1894">
     <span class='ocr_line' id='line_1_32' title="bbox 1984 1827 3577 1894; baseline 0.001 -14"><span class='ocrx_word' id='word_1_207' title='bbox 1984 1827 2281 1892; x_wconf 73' lang='lat' dir='ltr'><strong>hominem,</strong></span> <span class='ocrx_word' id='word_1_208' title='bbox 2307 1829 2408 1884; x_wconf 90' lang='lat' dir='ltr'><strong>hoc</strong></span> <span class='ocrx_word' id='word_1_209' title='bbox 2434 1829 2848 1894; x_wconf 84' lang='lat' dir='ltr'><strong>est,Adamum,</strong></span> <span class='ocrx_word' id='word_1_210' title='bbox 2875 1831 3073 1885; x_wconf 79' lang='lat' dir='ltr'><strong>factum</strong></span> <span class='ocrx_word' id='word_1_211' title='bbox 3103 1845 3228 1886; x_wconf 90' lang='lat' dir='ltr'><strong>esse</strong></span> <span class='ocrx_word' id='word_1_212' title='bbox 3257 1830 3309 1884; x_wconf 93' lang='lat' dir='ltr'><strong>in</strong></span> <span class='ocrx_word' id='word_1_213' title='bbox 3341 1831 3577 1884; x_wconf 88' lang='lat' dir='ltr'><strong>animam</strong></span> 
     </span>
    </p>
   </div>
   <div class='ocr_carea' id='block_1_33' title="bbox 298 1898 1883 1998">
    <p class='ocr_par' dir='ltr' id='par_1_33' title="bbox 298 1898 1880 1998">
     <span class='ocr_line' id='line_1_33' title="bbox 298 1898 1880 1998; baseline 0.006 -27"><span class='ocrx_word' id='word_1_214' title='bbox 298 1898 480 1973; x_wconf 78' lang='grc' dir='ltr'>νέσθαι</span> <span class='ocrx_word' id='word_1_215' title='bbox 533 1898 738 1988; x_wconf 77' lang='grc' dir='ltr'>ζῶσαν,</span> <span class='ocrx_word' id='word_1_216' title='bbox 782 1922 875 1976; x_wconf 80' lang='grc' dir='ltr'><strong>τὸν</strong></span> <span class='ocrx_word' id='word_1_217' title='bbox 921 1923 978 1976; x_wconf 86' lang='grc' dir='ltr'>δὲ</span> <span class='ocrx_word' id='word_1_218' title='bbox 1023 1923 1272 1996; x_wconf 72' lang='grc' dir='ltr'>ὕστερον.</span> <span class='ocrx_word' id='word_1_219' title='bbox 1329 1898 1472 1997; x_wconf 67' lang='grc' dir='ltr'>φημὶ</span> <span class='ocrx_word' id='word_1_220' title='bbox 1517 1898 1772 1998; x_wconf 59' lang='grc' dir='ltr'>Χριστδν,</span> <span class='ocrx_word' id='word_1_221' title='bbox 1803 1898 1880 1992; x_wconf 81' lang='grc' dir='ltr'><strong>είς</strong></span> 
     </span>
    </p>
   </div>
   <div class='ocr_carea' id='block_1_34' title="bbox 1992 1898 3582 1998">
    <p class='ocr_par' dir='ltr' id='par_1_34' title="bbox 1992 1920 3582 1990">
     <span class='ocr_line' id='line_1_34' title="bbox 1992 1920 3582 1990; baseline 0.001 -18"><span class='ocrx_word' id='word_1_222' title='bbox 1992 1921 2257 1973; x_wconf 75' lang='lat' dir='ltr'><strong>viventem</strong></span> <span class='ocrx_word' id='word_1_223' title='bbox 2291 1939 2304 1987; x_wconf 91' lang='lat'>;</span> <span class='ocrx_word' id='word_1_224' title='bbox 2338 1920 2568 1976; x_wconf 91' lang='lat' dir='ltr'><strong>alterum</strong></span> <span class='ocrx_word' id='word_1_225' title='bbox 2613 1937 2742 1976; x_wconf 91' lang='lat' dir='ltr'><strong>vero</strong></span> <span class='ocrx_word' id='word_1_226' title='bbox 2774 1921 3160 1990; x_wconf 89' lang='lat' dir='ltr'><strong>posteriorem,</strong></span> <span class='ocrx_word' id='word_1_227' title='bbox 3193 1921 3470 1976; x_wconf 86' lang='lat' dir='ltr'><strong>Christum</strong></span> <span class='ocrx_word' id='word_1_228' title='bbox 3496 1921 3582 1974; x_wconf 87' lang='lat' dir='ltr'><strong>iu-</strong></span> 
     </span>
    </p>
   </div>
   <div class='ocr_carea' id='block_1_35' title="bbox 299 2009 1881 2090">
    <p class='ocr_par' dir='ltr' id='par_1_35' title="bbox 299 2009 1881 2090">
     <span class='ocr_line' id='line_1_35' title="bbox 299 2009 1881 2090; baseline 0.005 -24"><span class='ocrx_word' id='word_1_229' title='bbox 299 2014 514 2082; x_wconf 85' lang='grc' dir='ltr'>πνεῦμα</span> <span class='ocrx_word' id='word_1_230' title='bbox 567 2009 1007 2086; x_wconf 68' lang='grc' dir='ltr'>ζωποιὸν.τΔρ’</span> <span class='ocrx_word' id='word_1_231' title='bbox 1062 2013 1176 2082; x_wconf 75' lang='grc' dir='ltr'>οὖν,</span> <span class='ocrx_word' id='word_1_232' title='bbox 1219 2017 1409 2089; x_wconf 83' lang='grc' dir='ltr'>ὥσπερ</span> <span class='ocrx_word' id='word_1_233' title='bbox 1465 2021 1550 2072; x_wconf 77' lang='grc' dir='ltr'><strong>ἐπ’</strong></span> <span class='ocrx_word' id='word_1_234' title='bbox 1602 2020 1881 2090; x_wconf 81' lang='grc' dir='ltr'>ἀναιρέσει</span> 
     </span>
    </p>
   </div>
   <div class='ocr_carea' id='block_1_36' title="bbox 300 2105 1882 2182">
    <p class='ocr_par' dir='ltr' id='par_1_36' title="bbox 300 2105 1882 2182">
     <span class='ocr_line' id='line_1_36' title="bbox 300 2105 1882 2182; baseline 0.007 -26"><span class='ocrx_word' id='word_1_235' title='bbox 300 2105 539 2176; x_wconf 79' lang='grc' dir='ltr'>κατάρας</span> <span class='ocrx_word' id='word_1_236' title='bbox 574 2107 668 2158; x_wconf 82' lang='grc' dir='ltr'>καὶ</span> <span class='ocrx_word' id='word_1_237' title='bbox 695 2107 971 2176; x_wconf 82' lang='grc' dir='ltr'>ἁμαρτίας</span> <span class='ocrx_word' id='word_1_238' title='bbox 989 2148 1001 2170; x_wconf 89' lang='grc'><strong>,</strong></span> <span class='ocrx_word' id='word_1_239' title='bbox 1025 2108 1216 2178; x_wconf 86' lang='grc' dir='ltr'>γέγονε</span> <span class='ocrx_word' id='word_1_240' title='bbox 1253 2110 1468 2182; x_wconf 82' lang='grc' dir='ltr'>κατάρα</span> <span class='ocrx_word' id='word_1_241' title='bbox 1496 2112 1588 2164; x_wconf 68' lang='grc' dir='ltr'><strong>καὶ</strong></span> <span class='ocrx_word' id='word_1_242' title='bbox 1614 2114 1882 2182; x_wconf 81' lang='grc' dir='ltr'>ἁμαρτία,</span> 
     </span>
    </p>
   </div>
   <div class='ocr_carea' id='block_1_37' title="bbox 295 2195 1878 2273">
    <p class='ocr_par' dir='ltr' id='par_1_37' title="bbox 295 2195 1878 2273">
     <span class='ocr_line' id='line_1_37' title="bbox 295 2195 1878 2273; baseline 0.004 -25"><span class='ocrx_word' id='word_1_243' title='bbox 295 2195 468 2259; x_wconf 75' lang='grc' dir='ltr'>οὕτως</span> <span class='ocrx_word' id='word_1_244' title='bbox 518 2199 606 2250; x_wconf 81' lang='grc' dir='ltr'><strong>ἐπ’</strong></span> <span class='ocrx_word' id='word_1_245' title='bbox 653 2199 936 2268; x_wconf 83' lang='grc' dir='ltr'>ἀνατροπῇ</span> <span class='ocrx_word' id='word_1_246' title='bbox 982 2199 1076 2252; x_wconf 79' lang='grc' dir='ltr'>τοῦ</span> <span class='ocrx_word' id='word_1_247' title='bbox 1125 2196 1263 2252; x_wconf 84' lang='grc' dir='ltr'>εἶναι</span> <span class='ocrx_word' id='word_1_248' title='bbox 1317 2202 1397 2265; x_wconf 87' lang='grc' dir='ltr'><strong>είς</strong></span> <span class='ocrx_word' id='word_1_249' title='bbox 1441 2203 1620 2273; x_wconf 77' lang='grc' dir='ltr'>ψυχὴν</span> <span class='ocrx_word' id='word_1_250' title='bbox 1674 2204 1878 2266; x_wconf 77' lang='grc' dir='ltr'>ζῶσαν,</span> 
     </span>
    </p>
   </div>
   <div class='ocr_carea' id='block_1_38' title="bbox 295 2289 1883 2368">
    <p class='ocr_par' dir='ltr' id='par_1_38' title="bbox 295 2289 1883 2368">
     <span class='ocr_line' id='line_1_38' title="bbox 295 2289 1883 2368; baseline 0.008 -29"><span class='ocrx_word' id='word_1_251' title='bbox 295 2289 546 2354; x_wconf 81' lang='grc' dir='ltr'>γενέσθαι</span> <span class='ocrx_word' id='word_1_252' title='bbox 593 2289 778 2360; x_wconf 80' lang='grc' dir='ltr'>φαμὲν</span> <span class='ocrx_word' id='word_1_253' title='bbox 830 2291 993 2344; x_wconf 70' lang='grc' dir='ltr'>αὐτὸν</span> <span class='ocrx_word' id='word_1_254' title='bbox 1045 2294 1125 2354; x_wconf 87' lang='grc' dir='ltr'><strong>είς</strong></span> <span class='ocrx_word' id='word_1_255' title='bbox 1181 2292 1398 2364; x_wconf 80' lang='grc' dir='ltr'>πνεῦμα</span> <span class='ocrx_word' id='word_1_256' title='bbox 1447 2294 1730 2358; x_wconf 78' lang='grc' dir='ltr'>ζωοποιόν.</span> <span class='ocrx_word' id='word_1_257' title='bbox 1773 2297 1883 2368; x_wconf 85' lang='grc' dir='ltr'><strong>Τὴν</strong></span> 
     </span>
    </p>
   </div>
   <div class='ocr_carea' id='block_1_39' title="bbox 300 2379 1879 2457">
    <p class='ocr_par' dir='ltr' id='par_1_39' title="bbox 300 2379 1879 2457">
     <span class='ocr_line' id='line_1_39' title="bbox 300 2379 1879 2457; baseline 0.005 -26"><span class='ocrx_word' id='word_1_258' title='bbox 300 2381 398 2448; x_wconf 82' lang='grc' dir='ltr'><strong>γάρ</strong></span> <span class='ocrx_word' id='word_1_259' title='bbox 442 2397 521 2432; x_wconf 85' lang='grc' dir='ltr'><strong>τοι</strong></span> <span class='ocrx_word' id='word_1_260' title='bbox 551 2379 644 2433; x_wconf 76' lang='grc' dir='ltr'><strong>τοῦ</strong></span> <span class='ocrx_word' id='word_1_261' title='bbox 690 2379 942 2448; x_wconf 86' lang='grc' dir='ltr'>γενέσθαι</span> <span class='ocrx_word' id='word_1_262' title='bbox 986 2382 1215 2452; x_wconf 79' lang='grc' dir='ltr'>δύναμιν</span> <span class='ocrx_word' id='word_1_263' title='bbox 1247 2385 1326 2446; x_wconf 86' lang='grc' dir='ltr'><strong>είς</strong></span> <span class='ocrx_word' id='word_1_264' title='bbox 1357 2383 1417 2437; x_wconf 82' lang='grc' dir='ltr'>τὸ</span> <span class='ocrx_word' id='word_1_265' title='bbox 1463 2384 1675 2455; x_wconf 82' lang='grc' dir='ltr'><strong>ἀπηχὲς</strong></span> <span class='ocrx_word' id='word_1_266' title='bbox 1719 2404 1879 2457; x_wconf 85' lang='grc' dir='ltr'>περι-</span> 
     </span>
    </p>
   </div>
   <div class='ocr_carea' id='block_1_40' title="bbox 295 2471 1882 2546">
    <p class='ocr_par' dir='ltr' id='par_1_40' title="bbox 295 2471 1882 2546">
     <span class='ocr_line' id='line_1_40' title="bbox 295 2471 1882 2546; baseline 0.008 -26"><span class='ocrx_word' id='word_1_267' title='bbox 295 2471 604 2539; x_wconf 82' lang='grc' dir='ltr'>τρέποντες,</span> <span class='ocrx_word' id='word_1_268' title='bbox 630 2472 774 2525; x_wconf 73' lang='grc' dir='ltr'>οὕτω</span> <span class='ocrx_word' id='word_1_269' title='bbox 801 2473 1078 2542; x_wconf 80' lang='grc' dir='ltr'>γενέσθαι</span> <span class='ocrx_word' id='word_1_270' title='bbox 1117 2477 1294 2545; x_wconf 73' lang='grc' dir='ltr'>σάρκα</span> <span class='ocrx_word' id='word_1_271' title='bbox 1319 2478 1482 2546; x_wconf 81' lang='grc' dir='ltr'>φασὶν</span> <span class='ocrx_word' id='word_1_272' title='bbox 1512 2479 1695 2542; x_wconf 77' lang='grc' dir='ltr'>αὐτὸν,</span> <span class='ocrx_word' id='word_1_273' title='bbox 1737 2479 1882 2532; x_wconf 79' lang='grc' dir='ltr'><strong>καθά</strong></span> 
     </span>
    </p>
   </div>
   <div class='ocr_carea' id='block_1_41' title="bbox 295 2563 1878 2641">
    <p class='ocr_par' dir='ltr' id='par_1_41' title="bbox 295 2563 1878 2641">
     <span class='ocr_line' id='line_1_41' title="bbox 295 2563 1878 2641; baseline 0.008 -29"><span class='ocrx_word' id='word_1_274' title='bbox 295 2564 385 2613; x_wconf 71' lang='grc' dir='ltr'><strong>καὶ</strong></span> <span class='ocrx_word' id='word_1_275' title='bbox 411 2563 550 2633; x_wconf 78' lang='grc' dir='ltr'>ἀράν</span> <span class='ocrx_word' id='word_1_276' title='bbox 581 2581 638 2615; x_wconf 88' lang='grc' dir='ltr'><strong>τε</strong></span> <span class='ocrx_word' id='word_1_277' title='bbox 674 2564 768 2616; x_wconf 71' lang='grc' dir='ltr'>καὶ</span> <span class='ocrx_word' id='word_1_278' title='bbox 801 2565 1096 2635; x_wconf 78' lang='grc' dir='ltr'>ἁμαρτίαν.</span> <span class='ocrx_word' id='word_1_279' title='bbox 1140 2569 1478 2638; x_wconf 83' lang='grc' dir='ltr'>Ἀναιρετέον</span> <span class='ocrx_word' id='word_1_280' title='bbox 1509 2566 1601 2623; x_wconf 74' lang='grc' dir='ltr'><strong>οὖν</strong></span> <span class='ocrx_word' id='word_1_281' title='bbox 1634 2572 1742 2641; x_wconf 80' lang='grc' dir='ltr'><strong>ἀρα</strong></span> <span class='ocrx_word' id='word_1_282' title='bbox 1785 2571 1878 2624; x_wconf 73' lang='grc' dir='ltr'>τοῦ</span> 
     </span>
    </p>
   </div>
   <div class='ocr_carea' id='block_1_42' title="bbox 296 2653 1879 2734">
    <p class='ocr_par' dir='ltr' id='par_1_42' title="bbox 296 2653 1879 2734">
     <span class='ocr_line' id='line_1_42' title="bbox 296 2653 1879 2734; baseline 0.008 -30"><span class='ocrx_word' id='word_1_283' title='bbox 296 2653 468 2720; x_wconf 74' lang='grc' dir='ltr'>Λόγου</span> <span class='ocrx_word' id='word_1_284' title='bbox 495 2654 593 2724; x_wconf 83' lang='grc' dir='ltr'>τὴν</span> <span class='ocrx_word' id='word_1_285' title='bbox 624 2656 922 2726; x_wconf 80' lang='grc' dir='ltr'>σάρκωσιν,</span> <span class='ocrx_word' id='word_1_286' title='bbox 953 2658 1120 2728; x_wconf 76' lang='grc' dir='ltr'>ἧγουν</span> <span class='ocrx_word' id='word_1_287' title='bbox 1149 2659 1580 2730; x_wconf 72' lang='grc' dir='ltr'>ὲνανθρώπησινν</span> <span class='ocrx_word' id='word_1_288' title='bbox 1607 2657 1668 2714; x_wconf 72' lang='grc' dir='ltr'>οὗ</span> <span class='ocrx_word' id='word_1_289' title='bbox 1698 2681 1879 2734; x_wconf 83' lang='grc' dir='ltr'>παρα-</span> 
     </span>
    </p>
   </div>
   <div class='ocr_carea' id='block_1_43' title="bbox 294 2744 1878 2823">
    <p class='ocr_par' dir='ltr' id='par_1_43' title="bbox 294 2744 1878 2823">
     <span class='ocr_line' id='line_1_43' title="bbox 294 2744 1878 2823; baseline 0.008 -27"><span class='ocrx_word' id='word_1_290' title='bbox 294 2744 574 2814; x_wconf 81' lang='grc' dir='ltr'>δεχθέντος</span> <span class='ocrx_word' id='word_1_291' title='bbox 606 2748 683 2808; x_wconf 79' lang='grc' dir='ltr'><strong>εἰς</strong></span> <span class='ocrx_word' id='word_1_292' title='bbox 719 2747 1000 2818; x_wconf 84' lang='grc' dir='ltr'>ἀλήθειαν,</span> <span class='ocrx_word' id='word_1_293' title='bbox 1037 2750 1243 2820; x_wconf 75' lang='grc' dir='ltr'>οἴχεται</span> <span class='ocrx_word' id='word_1_294' title='bbox 1280 2753 1378 2819; x_wconf 80' lang='grc' dir='ltr'><strong>μὲν</strong></span> <span class='ocrx_word' id='word_1_295' title='bbox 1407 2754 1550 2816; x_wconf 79' lang='grc' dir='ltr'>ἄπας</span> <span class='ocrx_word' id='word_1_296' title='bbox 1578 2757 1608 2823; x_wconf 78' lang='grc' dir='ltr'>ἡ</span> <span class='ocrx_word' id='word_1_297' title='bbox 1620 2757 1710 2822; x_wconf 80' lang='grc' dir='ltr'><strong>μίν</strong></span> <span class='ocrx_word' id='word_1_298' title='bbox 1734 2758 1762 2808; x_wconf 82' lang='grc' dir='ltr'>ὁ</span> <span class='ocrx_word' id='word_1_299' title='bbox 1786 2756 1878 2809; x_wconf 73' lang='grc' dir='ltr'>τοῦ</span> 
     </span>
    </p>
   </div>
   <div class='ocr_carea' id='block_1_44' title="bbox 300 2840 1880 2918">
    <p class='ocr_par' dir='ltr' id='par_1_44' title="bbox 300 2840 1880 2918">
     <span class='ocr_line' id='line_1_44' title="bbox 300 2840 1880 2918; baseline 0.009 -31"><span class='ocrx_word' id='word_1_300' title='bbox 300 2841 600 2906; x_wconf 78' lang='grc' dir='ltr'>μυστηρίου</span> <span class='ocrx_word' id='word_1_301' title='bbox 650 2840 844 2907; x_wconf 81' lang='grc' dir='ltr'><strong>λόγος·</strong></span> <span class='ocrx_word' id='word_1_302' title='bbox 891 2841 1015 2894; x_wconf 82' lang='grc' dir='ltr'>οὔτε</span> <span class='ocrx_word' id='word_1_303' title='bbox 1062 2843 1118 2896; x_wconf 78' lang='grc' dir='ltr'><strong>δὲ</strong></span> <span class='ocrx_word' id='word_1_304' title='bbox 1165 2844 1429 2914; x_wconf 78' lang='grc' dir='ltr'>ἐγεννήθη</span> <span class='ocrx_word' id='word_1_305' title='bbox 1461 2848 1723 2918; x_wconf 69' lang='grc' dir='ltr'>Χριςτδς,</span> <span class='ocrx_word' id='word_1_306' title='bbox 1756 2848 1880 2901; x_wconf 65' lang='grc' dir='ltr'>οὔτε</span> 
     </span>
    </p>
   </div>
   <div class='ocr_carea' id='block_1_45' title="bbox 297 2930 1879 3008">
    <p class='ocr_par' dir='ltr' id='par_1_45' title="bbox 297 2930 1879 3008">
     <span class='ocr_line' id='line_1_45' title="bbox 297 2930 1879 3008; baseline 0.007 -26"><span class='ocrx_word' id='word_1_307' title='bbox 297 2930 584 2993; x_wconf 87' lang='grc' dir='ltr'>ἀπέθανεν,</span> <span class='ocrx_word' id='word_1_308' title='bbox 634 2931 759 2985; x_wconf 77' lang='grc' dir='ltr'>οὔτε</span> <span class='ocrx_word' id='word_1_309' title='bbox 789 2935 1108 3006; x_wconf 83' lang='grc' dir='ltr'>ἐγήγερται,</span> <span class='ocrx_word' id='word_1_310' title='bbox 1169 2937 1309 2990; x_wconf 73' lang='grc' dir='ltr'>κατὰ</span> <span class='ocrx_word' id='word_1_311' title='bbox 1342 2938 1439 3000; x_wconf 72' lang='grc' dir='ltr'><strong>τὰς</strong></span> <span class='ocrx_word' id='word_1_312' title='bbox 1485 2940 1725 3008; x_wconf 56' lang='grc' dir='ltr'>Γραφάς.</span> <span class='ocrx_word' id='word_1_313' title='bbox 1771 2940 1879 2993; x_wconf 81' lang='grc' dir='ltr'><strong>Ποὖ</strong></span> 
     </span>
    </p>
   </div>
   <div class='ocr_carea' id='block_1_46' title="bbox 298 3024 1881 3100">
    <p class='ocr_par' dir='ltr' id='par_1_46' title="bbox 298 3024 1881 3100">
     <span class='ocr_line' id='line_1_46' title="bbox 298 3024 1881 3100; baseline 0.006 -25"><span class='ocrx_word' id='word_1_314' title='bbox 298 3024 647 3096; x_wconf 83' lang='grc' dir='ltr'>τοιγαροῦνή</span> <span class='ocrx_word' id='word_1_315' title='bbox 685 3027 886 3091; x_wconf 81' lang='grc' dir='ltr'>πίστις,</span> <span class='ocrx_word' id='word_1_316' title='bbox 942 3030 1057 3098; x_wconf 75' lang='grc' dir='ltr'>ἤτοι</span> <span class='ocrx_word' id='word_1_317' title='bbox 1108 3030 1166 3081; x_wconf 75' lang='grc' dir='ltr'>τὸ</span> <span class='ocrx_word' id='word_1_318' title='bbox 1208 3032 1357 3099; x_wconf 74' lang='grc' dir='ltr'>ῥῆμα</span> <span class='ocrx_word' id='word_1_319' title='bbox 1403 3033 1500 3100; x_wconf 81' lang='grc' dir='ltr'>τῆς</span> <span class='ocrx_word' id='word_1_320' title='bbox 1543 3032 1811 3094; x_wconf 77' lang='grc' dir='ltr'>πίστεως,</span> <span class='ocrx_word' id='word_1_321' title='bbox 1853 3033 1881 3084; x_wconf 85' lang='grc' dir='ltr'><strong>ὃ</strong></span> 
     </span>
    </p>
   </div>
   <div class='ocr_carea' id='block_1_47' title="bbox 299 3115 1880 3191">
    <p class='ocr_par' dir='ltr' id='par_1_47' title="bbox 299 3115 1880 3191">
     <span class='ocr_line' id='line_1_47' title="bbox 299 3115 1880 3191; baseline 0.006 -26"><span class='ocrx_word' id='word_1_322' title='bbox 299 3115 684 3185; x_wconf 77' lang='grc' dir='ltr'>κηρύσσομενς</span> <span class='ocrx_word' id='word_1_323' title='bbox 741 3117 866 3181; x_wconf 85' lang='grc' dir='ltr'>Ηώς</span> <span class='ocrx_word' id='word_1_324' title='bbox 912 3119 1018 3189; x_wconf 84' lang='grc' dir='ltr'><strong>γάρ</strong></span> <span class='ocrx_word' id='word_1_325' title='bbox 1066 3121 1287 3191; x_wconf 76' lang='grc' dir='ltr'>ἦγειρεν</span> <span class='ocrx_word' id='word_1_326' title='bbox 1335 3123 1496 3174; x_wconf 75' lang='grc' dir='ltr'>αὐτὸν</span> <span class='ocrx_word' id='word_1_327' title='bbox 1544 3125 1571 3174; x_wconf 87' lang='grc' dir='ltr'>ὁ</span> <span class='ocrx_word' id='word_1_328' title='bbox 1630 3123 1763 3186; x_wconf 75' lang='grc' dir='ltr'>Θεὸς</span> <span class='ocrx_word' id='word_1_329' title='bbox 1817 3125 1880 3175; x_wconf 85' lang='grc' dir='ltr'>ὲκ</span> 
     </span>
    </p>
   </div>
   <div class='ocr_carea' id='block_1_48' title="bbox 1988 2011 3569 2083">
    <p class='ocr_par' dir='ltr' id='par_1_48' title="bbox 1988 2011 3569 2083">
     <span class='ocr_line' id='line_1_48' title="bbox 1988 2011 3569 2083; baseline 0.001 -17"><span class='ocrx_word' id='word_1_330' title='bbox 1988 2029 2172 2082; x_wconf 86' lang='lat' dir='ltr'><strong>quam,</strong></span> <span class='ocrx_word' id='word_1_331' title='bbox 2201 2011 2406 2067; x_wconf 80' lang='lat' dir='ltr'><strong>factum</strong></span> <span class='ocrx_word' id='word_1_332' title='bbox 2443 2027 2566 2068; x_wconf 82' lang='lat' dir='ltr'><strong>esse</strong></span> <span class='ocrx_word' id='word_1_333' title='bbox 2595 2015 2648 2068; x_wconf 90' lang='lat' dir='ltr'><strong>in</strong></span> <span class='ocrx_word' id='word_1_334' title='bbox 2672 2016 2923 2083; x_wconf 78' lang='lat' dir='ltr'><strong>Spiritum</strong></span> <span class='ocrx_word' id='word_1_335' title='bbox 2951 2014 3337 2069; x_wconf 79' lang='lat' dir='ltr'><strong>viviﬁcantem.</strong></span> <span class='ocrx_word' id='word_1_336' title='bbox 3368 2014 3569 2070; x_wconf 84' lang='lat' dir='ltr'><strong>Proin-</strong></span> 
     </span>
    </p>
   </div>
   <div class='ocr_carea' id='block_1_49' title="bbox 1987 2104 3582 2172">
    <p class='ocr_par' dir='ltr' id='par_1_49' title="bbox 1987 2104 3582 2172">
     <span class='ocr_line' id='line_1_49' title="bbox 1987 2104 3582 2172; baseline 0.001 -15"><span class='ocrx_word' id='word_1_337' title='bbox 1987 2104 2073 2168; x_wconf 86' lang='lat' dir='ltr'><strong>de,</strong></span> <span class='ocrx_word' id='word_1_338' title='bbox 2105 2104 2558 2172; x_wconf 86' lang='lat' dir='ltr'><strong>quemadmodum</strong></span> <span class='ocrx_word' id='word_1_339' title='bbox 2582 2105 2648 2158; x_wconf 89' lang='lat' dir='ltr'><strong>ad</strong></span> <span class='ocrx_word' id='word_1_340' title='bbox 2693 2104 2986 2159; x_wconf 86' lang='lat' dir='ltr'><strong>tollendam</strong></span> <span class='ocrx_word' id='word_1_341' title='bbox 3037 2104 3470 2160; x_wconf 86' lang='lat' dir='ltr'><strong>maledictlonem</strong></span> <span class='ocrx_word' id='word_1_342' title='bbox 3527 2113 3582 2159; x_wconf 89' lang='lat' dir='ltr'><strong>et</strong></span> 
     </span>
    </p>
   </div>
   <div class='ocr_carea' id='block_1_50' title="bbox 1985 2197 3578 2269">
    <p class='ocr_par' dir='ltr' id='par_1_50' title="bbox 1985 2197 3578 2269">
     <span class='ocr_line' id='line_1_50' title="bbox 1985 2197 3578 2269; baseline 0.001 -19"><span class='ocrx_word' id='word_1_343' title='bbox 1985 2205 2294 2265; x_wconf 89' lang='lat' dir='ltr'><strong>peccatum,</strong></span> <span class='ocrx_word' id='word_1_344' title='bbox 2330 2197 2508 2253; x_wconf 80' lang='lat' dir='ltr'><strong>factus</strong></span> <span class='ocrx_word' id='word_1_345' title='bbox 2542 2207 2626 2252; x_wconf 91' lang='lat' dir='ltr'><strong>est</strong></span> <span class='ocrx_word' id='word_1_346' title='bbox 2671 2199 2979 2254; x_wconf 88' lang='lat' dir='ltr'><strong>maledictio</strong></span> <span class='ocrx_word' id='word_1_347' title='bbox 3010 2209 3064 2253; x_wconf 89' lang='lat' dir='ltr'><strong>et</strong></span> <span class='ocrx_word' id='word_1_348' title='bbox 3120 2208 3404 2269; x_wconf 91' lang='lat' dir='ltr'><strong>peccatum</strong></span> <span class='ocrx_word' id='word_1_349' title='bbox 3438 2214 3453 2252; x_wconf 89' lang='lat'><strong>:</strong></span> <span class='ocrx_word' id='word_1_350' title='bbox 3507 2200 3578 2252; x_wconf 92' lang='lat' dir='ltr'><strong>ita</strong></span> 
     </span>
    </p>
   </div>
   <div class='ocr_carea' id='block_1_51' title="bbox 1985 2289 3578 2354">
    <p class='ocr_par' dir='ltr' id='par_1_51' title="bbox 1985 2289 3578 2354">
     <span class='ocr_line' id='line_1_51' title="bbox 1985 2289 3578 2354; baseline 0.003 -14"><span class='ocrx_word' id='word_1_351' title='bbox 1985 2289 2052 2342; x_wconf 89' lang='lat' dir='ltr'><strong>ad</strong></span> <span class='ocrx_word' id='word_1_352' title='bbox 2080 2291 2488 2344; x_wconf 82' lang='lat' dir='ltr'><strong>subversionem</strong></span> <span class='ocrx_word' id='word_1_353' title='bbox 2540 2291 2836 2345; x_wconf 82' lang='lat' dir='ltr'><strong>exsistendi</strong></span> <span class='ocrx_word' id='word_1_354' title='bbox 2883 2291 2934 2344; x_wconf 93' lang='lat' dir='ltr'><strong>in</strong></span> <span class='ocrx_word' id='word_1_355' title='bbox 2997 2292 3235 2345; x_wconf 85' lang='lat' dir='ltr'><strong>animam</strong></span> <span class='ocrx_word' id='word_1_356' title='bbox 3284 2291 3578 2354; x_wconf 87' lang='lat' dir='ltr'><strong>viventem,</strong></span> 
     </span>
    </p>
   </div>
   <div class='ocr_carea' id='block_1_52' title="bbox 1985 2381 3575 2452">
    <p class='ocr_par' dir='ltr' id='par_1_52' title="bbox 1985 2381 3575 2452">
     <span class='ocr_line' id='line_1_52' title="bbox 1985 2381 3575 2452; baseline 0.001 -18"><span class='ocrx_word' id='word_1_357' title='bbox 1985 2381 2188 2436; x_wconf 80' lang='lat' dir='ltr'><strong>factum</strong></span> <span class='ocrx_word' id='word_1_358' title='bbox 2224 2383 2398 2452; x_wconf 87' lang='lat' dir='ltr'><strong>ipsum</strong></span> <span class='ocrx_word' id='word_1_359' title='bbox 2417 2397 2536 2437; x_wconf 87' lang='lat' dir='ltr'><strong>esse</strong></span> <span class='ocrx_word' id='word_1_360' title='bbox 2569 2383 2799 2437; x_wconf 79' lang='lat' dir='ltr'><strong>dicimus</strong></span> <span class='ocrx_word' id='word_1_361' title='bbox 2831 2385 2881 2437; x_wconf 92' lang='lat' dir='ltr'><strong>in</strong></span> <span class='ocrx_word' id='word_1_362' title='bbox 2902 2383 3151 2452; x_wconf 87' lang='lat' dir='ltr'><strong>spiritum</strong></span> <span class='ocrx_word' id='word_1_363' title='bbox 3186 2384 3575 2438; x_wconf 87' lang='lat' dir='ltr'><strong>vivilicantem.</strong></span> 
     </span>
    </p>
   </div>
   <div class='ocr_carea' id='block_1_53' title="bbox 1984 2473 3579 2546">
    <p class='ocr_par' dir='ltr' id='par_1_53' title="bbox 1984 2473 3579 2546">
     <span class='ocr_line' id='line_1_53' title="bbox 1984 2473 3579 2546; baseline 0.003 -19"><span class='ocrx_word' id='word_1_364' title='bbox 1984 2473 2318 2530; x_wconf 88' lang='lat' dir='ltr'><strong>Facultatem</strong></span> <span class='ocrx_word' id='word_1_365' title='bbox 2349 2476 2495 2530; x_wconf 90' lang='lat' dir='ltr'><strong>enim</strong></span> <span class='ocrx_word' id='word_1_366' title='bbox 2529 2491 2592 2530; x_wconf 93' lang='lat' dir='ltr'><strong>ac</strong></span> <span class='ocrx_word' id='word_1_367' title='bbox 2623 2479 2728 2529; x_wconf 85' lang='lat' dir='ltr'><strong>vim</strong></span> <span class='ocrx_word' id='word_1_368' title='bbox 2759 2476 2930 2540; x_wconf 85' lang='lat' dir='ltr'><strong>verbi,</strong></span> <span class='ocrx_word' id='word_1_369' title='bbox 2973 2477 3172 2546; x_wconf 80' lang='lat' dir='ltr'><strong>factum</strong></span> <span class='ocrx_word' id='word_1_370' title='bbox 3227 2493 3359 2542; x_wconf 77' lang='lat' dir='ltr'><strong>esse,</strong></span> <span class='ocrx_word' id='word_1_371' title='bbox 3389 2478 3456 2531; x_wconf 87' lang='lat' dir='ltr'><strong>ad</strong></span> <span class='ocrx_word' id='word_1_372' title='bbox 3481 2477 3579 2531; x_wconf 55' lang='lat' dir='ltr'><strong>ab.</strong></span> 
     </span>
    </p>
   </div>
   <div class='ocr_carea' id='block_1_54' title="bbox 1983 2567 3583 2638">
    <p class='ocr_par' dir='ltr' id='par_1_54' title="bbox 1983 2567 3583 2638">
     <span class='ocr_line' id='line_1_54' title="bbox 1983 2567 3583 2638; baseline 0.001 -18"><span class='ocrx_word' id='word_1_373' title='bbox 1983 2567 2208 2620; x_wconf 89' lang='lat' dir='ltr'><strong>surdum</strong></span> <span class='ocrx_word' id='word_1_374' title='bbox 2236 2574 2639 2632; x_wconf 86' lang='lat' dir='ltr'><strong>convertenles,</strong></span> <span class='ocrx_word' id='word_1_375' title='bbox 2665 2569 2733 2621; x_wconf 86' lang='lat' dir='ltr'><strong>ita</strong></span> <span class='ocrx_word' id='word_1_376' title='bbox 2767 2573 2942 2638; x_wconf 84' lang='lat' dir='ltr'><strong>ipsum</strong></span> <span class='ocrx_word' id='word_1_377' title='bbox 2963 2584 3181 2623; x_wconf 86' lang='lat' dir='ltr'><strong>carnem</strong></span> <span class='ocrx_word' id='word_1_378' title='bbox 3225 2570 3424 2622; x_wconf 76' lang='lat' dir='ltr'><strong>factum</strong></span> <span class='ocrx_word' id='word_1_379' title='bbox 3459 2585 3583 2623; x_wconf 83' lang='lat' dir='ltr'><strong>esse</strong></span> 
     </span>
    </p>
   </div>
   <div class='ocr_carea' id='block_1_55' title="bbox 1983 2657 3577 2729">
    <p class='ocr_par' dir='ltr' id='par_1_55' title="bbox 1983 2657 3577 2729">
     <span class='ocr_line' id='line_1_55' title="bbox 1983 2657 3577 2729; baseline 0.001 -17"><span class='ocrx_word' id='word_1_380' title='bbox 1983 2659 2157 2720; x_wconf 89' lang='lat' dir='ltr'><strong>aiunt,</strong></span> <span class='ocrx_word' id='word_1_381' title='bbox 2188 2660 2327 2712; x_wconf 83' lang='lat' dir='ltr'><strong>sicut</strong></span> <span class='ocrx_word' id='word_1_382' title='bbox 2359 2670 2414 2712; x_wconf 92' lang='lat' dir='ltr'><strong>et</strong></span> <span class='ocrx_word' id='word_1_383' title='bbox 2465 2662 2903 2714; x_wconf 76' lang='lat' dir='ltr'><strong>exsecrationem</strong></span> <span class='ocrx_word' id='word_1_384' title='bbox 2967 2670 3021 2715; x_wconf 91' lang='lat' dir='ltr'><strong>et</strong></span> <span class='ocrx_word' id='word_1_385' title='bbox 3084 2670 3389 2729; x_wconf 81' lang='lat' dir='ltr'><strong>peccatum.</strong></span> <span class='ocrx_word' id='word_1_386' title='bbox 3453 2657 3577 2713; x_wconf 81' lang='lat' dir='ltr'><strong>Tol-</strong></span> 
     </span>
    </p>
   </div>
   <div class='ocr_carea' id='block_1_56' title="bbox 1985 2748 3578 2817">
    <p class='ocr_par' dir='ltr' id='par_1_56' title="bbox 1985 2748 3578 2817">
     <span class='ocr_line' id='line_1_56' title="bbox 1985 2748 3578 2817; baseline 0.004 -17"><span class='ocrx_word' id='word_1_387' title='bbox 1985 2748 2141 2802; x_wconf 86' lang='lat' dir='ltr'><strong>lenda</strong></span> <span class='ocrx_word' id='word_1_388' title='bbox 2171 2750 2352 2817; x_wconf 83' lang='lat' dir='ltr'><strong>itaque</strong></span> <span class='ocrx_word' id='word_1_389' title='bbox 2383 2751 2486 2804; x_wconf 90' lang='lat' dir='ltr'><strong>erit</strong></span> <span class='ocrx_word' id='word_1_390' title='bbox 2511 2749 2671 2805; x_wconf 85' lang='lat' dir='ltr'><strong>Verbi</strong></span> <span class='ocrx_word' id='word_1_391' title='bbox 2710 2751 3039 2817; x_wconf 87' lang='lat' dir='ltr'><strong>incarnatio,</strong></span> <span class='ocrx_word' id='word_1_392' title='bbox 3099 2752 3212 2805; x_wconf 89' lang='lat' dir='ltr'><strong>sive</strong></span> <span class='ocrx_word' id='word_1_393' title='bbox 3242 2754 3578 2806; x_wconf 83' lang='lat' dir='ltr'><strong>humanatio.</strong></span> 
     </span>
    </p>
   </div>
   <div class='ocr_carea' id='block_1_57' title="bbox 1982 2840 3581 2914">
    <p class='ocr_par' dir='ltr' id='par_1_57' title="bbox 1982 2840 3581 2914">
     <span class='ocr_line' id='line_1_57' title="bbox 1982 2840 3581 2914; baseline 0.003 -24"><span class='ocrx_word' id='word_1_394' title='bbox 1982 2840 2134 2905; x_wconf 86' lang='lat' dir='ltr'><strong>Quod</strong></span> <span class='ocrx_word' id='word_1_395' title='bbox 2175 2841 2217 2894; x_wconf 92' lang='lat' dir='ltr'><strong>si</strong></span> <span class='ocrx_word' id='word_1_396' title='bbox 2252 2849 2309 2893; x_wconf 90' lang='lat' dir='ltr'><strong>ut</strong></span> <span class='ocrx_word' id='word_1_397' title='bbox 2345 2858 2531 2894; x_wconf 88' lang='lat' dir='ltr'><strong>verum</strong></span> <span class='ocrx_word' id='word_1_398' title='bbox 2573 2843 2920 2907; x_wconf 87' lang='lat' dir='ltr'><strong>admittatur,</strong></span> <span class='ocrx_word' id='word_1_399' title='bbox 2953 2844 3204 2897; x_wconf 89' lang='lat' dir='ltr'><strong>universa</strong></span> <span class='ocrx_word' id='word_1_400' title='bbox 3270 2842 3428 2897; x_wconf 74' lang='lat' dir='ltr'><strong>nobis</strong></span> <span class='ocrx_word' id='word_1_401' title='bbox 3462 2858 3581 2914; x_wconf 83' lang='lat' dir='ltr'><strong>my-</strong></span> 
     </span>
    </p>
   </div>
   <div class='ocr_carea' id='block_1_58' title="bbox 1982 2932 3574 3004">
    <p class='ocr_par' dir='ltr' id='par_1_58' title="bbox 1982 2932 3574 3004">
     <span class='ocr_line' id='line_1_58' title="bbox 1982 2932 3574 3004; baseline 0.003 -21"><span class='ocrx_word' id='word_1_402' title='bbox 1982 2933 2131 2984; x_wconf 85' lang='lat' dir='ltr'><strong>sterii</strong></span> <span class='ocrx_word' id='word_1_403' title='bbox 2171 2932 2309 2984; x_wconf 80' lang='lat' dir='ltr'><strong>ratio</strong></span> <span class='ocrx_word' id='word_1_404' title='bbox 2344 2943 2582 2988; x_wconf 90' lang='lat' dir='ltr'><strong>corruet.</strong></span> <span class='ocrx_word' id='word_1_405' title='bbox 2623 2933 2807 3004; x_wconf 81' lang='lat' dir='ltr'><strong>Neque</strong></span> <span class='ocrx_word' id='word_1_406' title='bbox 2838 2945 2996 2988; x_wconf 89' lang='lat' dir='ltr'><strong>natus</strong></span> <span class='ocrx_word' id='word_1_407' title='bbox 3033 2943 3118 2987; x_wconf 88' lang='lat' dir='ltr'><strong>est</strong></span> <span class='ocrx_word' id='word_1_408' title='bbox 3158 2934 3431 2997; x_wconf 73' lang='lat' dir='ltr'><strong>Christus,</strong></span> <span class='ocrx_word' id='word_1_409' title='bbox 3479 2950 3574 2988; x_wconf 87' lang='lat' dir='ltr'><strong>ne-</strong></span> 
     </span>
    </p>
   </div>
   <div class='ocr_carea' id='block_1_59' title="bbox 1984 3025 3587 3090">
    <p class='ocr_par' dir='ltr' id='par_1_59' title="bbox 1984 3025 3587 3090">
     <span class='ocr_line' id='line_1_59' title="bbox 1984 3025 3587 3090; baseline 0.002 -15"><span class='ocrx_word' id='word_1_410' title='bbox 1984 3039 2088 3090; x_wconf 88' lang='lat' dir='ltr'><strong>que</strong></span> <span class='ocrx_word' id='word_1_411' title='bbox 2114 3033 2356 3077; x_wconf 91' lang='lat' dir='ltr'><strong>mortuus</strong></span> <span class='ocrx_word' id='word_1_412' title='bbox 2392 3031 2497 3088; x_wconf 86' lang='lat' dir='ltr'><strong>est,</strong></span> <span class='ocrx_word' id='word_1_413' title='bbox 2518 3039 2691 3090; x_wconf 86' lang='lat' dir='ltr'><strong>neque</strong></span> <span class='ocrx_word' id='word_1_414' title='bbox 2722 3025 3040 3090; x_wconf 79' lang='lat' dir='ltr'><strong>resurrexit,</strong></span> <span class='ocrx_word' id='word_1_415' title='bbox 3083 3026 3383 3079; x_wconf 91' lang='lat' dir='ltr'><strong>secundum</strong></span> <span class='ocrx_word' id='word_1_416' title='bbox 3436 3025 3587 3078; x_wconf 87' lang='lat' dir='ltr'><strong>Scri-</strong></span> 
     </span>
    </p>
   </div>
   <div class='ocr_carea' id='block_1_60' title="bbox 1985 3111 3581 3182">
    <p class='ocr_par' dir='ltr' id='par_1_60' title="bbox 1985 3111 3581 3182">
     <span class='ocr_line' id='line_1_60' title="bbox 1985 3111 3581 3182; baseline 0.004 -20"><span class='ocrx_word' id='word_1_417' title='bbox 1985 3123 2192 3181; x_wconf 85' lang='lat' dir='ltr'><strong>pturas.</strong></span> <span class='ocrx_word' id='word_1_418' title='bbox 2223 3111 2482 3177; x_wconf 67' lang='lat' dir='ltr'><strong>Qua‘nam</strong></span> <span class='ocrx_word' id='word_1_419' title='bbox 2515 3114 2675 3182; x_wconf 78' lang='lat' dir='ltr'><strong>igitur</strong></span> <span class='ocrx_word' id='word_1_420' title='bbox 2699 3116 2803 3169; x_wconf 91' lang='lat' dir='ltr'><strong>erit</strong></span> <span class='ocrx_word' id='word_1_421' title='bbox 2833 3115 2964 3170; x_wconf 76' lang='lat' dir='ltr'><strong>fides</strong></span> <span class='ocrx_word' id='word_1_422' title='bbox 2989 3127 3196 3174; x_wconf 90' lang='lat' dir='ltr'><strong>nostra.</strong></span> <span class='ocrx_word' id='word_1_423' title='bbox 3224 3116 3340 3170; x_wconf 87' lang='lat' dir='ltr'><strong>sive</strong></span> <span class='ocrx_word' id='word_1_424' title='bbox 3360 3117 3581 3170; x_wconf 88' lang='lat' dir='ltr'><strong>verbum</strong></span> 
     </span>
    </p>
   </div>
   <div class='ocr_carea' id='block_1_61' title="bbox 299 3202 1883 3290">
    <p class='ocr_par' dir='ltr' id='par_1_61' title="bbox 299 3208 1876 3284">
     <span class='ocr_line' id='line_1_61' title="bbox 299 3208 1876 3284; baseline 0.008 -26"><span class='ocrx_word' id='word_1_425' title='bbox 299 3208 530 3278; x_wconf 69' lang='grc' dir='ltr'>νεκρῶν,</span> <span class='ocrx_word' id='word_1_426' title='bbox 556 3212 602 3262; x_wconf 78' lang='grc' dir='ltr'><strong>εί</strong></span> <span class='ocrx_word' id='word_1_427' title='bbox 633 3212 705 3281; x_wconf 84' lang='grc' dir='ltr'><strong>μὴ</strong></span> <span class='ocrx_word' id='word_1_428' title='bbox 734 3214 829 3264; x_wconf 70' lang='grc' dir='ltr'><strong>καὶ</strong></span> <span class='ocrx_word' id='word_1_429' title='bbox 855 3214 1123 3278; x_wconf 77' lang='grc' dir='ltr'>ἀπέθανες</span> <span class='ocrx_word' id='word_1_430' title='bbox 1150 3215 1266 3278; x_wconf 82' lang='grc' dir='ltr'>πῶς</span> <span class='ocrx_word' id='word_1_431' title='bbox 1297 3216 1340 3266; x_wconf 85' lang='grc' dir='ltr'>δ’</span> <span class='ocrx_word' id='word_1_432' title='bbox 1377 3216 1441 3268; x_wconf 83' lang='grc' dir='ltr'>ἂν</span> <span class='ocrx_word' id='word_1_433' title='bbox 1470 3219 1561 3268; x_wconf 70' lang='grc' dir='ltr'><strong>καὶ</strong></span> <span class='ocrx_word' id='word_1_434' title='bbox 1585 3219 1876 3284; x_wconf 79' lang='grc' dir='ltr'>ἀπέθανεν,</span> 
     </span>
    </p>
   </div>
   <div class='ocr_carea' id='block_1_62' title="bbox 1992 3202 3586 3290">
    <p class='ocr_par' dir='ltr' id='par_1_62' title="bbox 1992 3202 3586 3270">
     <span class='ocr_line' id='line_1_62' title="bbox 1992 3202 3586 3270; baseline 0.004 -18"><span class='ocrx_word' id='word_1_435' title='bbox 1992 3204 2112 3254; x_wconf 67' lang='lat' dir='ltr'><strong>fidei</strong></span> <span class='ocrx_word' id='word_1_436' title='bbox 2142 3203 2284 3269; x_wconf 91' lang='lat' dir='ltr'><strong>quod</strong></span> <span class='ocrx_word' id='word_1_437' title='bbox 2318 3202 2717 3270; x_wconf 64' lang='lat' dir='ltr'><strong>praedicaturus?</strong></span> <span class='ocrx_word' id='word_1_438' title='bbox 2775 3206 3055 3269; x_wconf 81' lang='lat' dir='ltr'><strong>Quomodo</strong></span> <span class='ocrx_word' id='word_1_439' title='bbox 3108 3205 3254 3257; x_wconf 80' lang='lat' dir='ltr'><strong>etiim</strong></span> <span class='ocrx_word' id='word_1_440' title='bbox 3306 3205 3586 3259; x_wconf 82' lang='lat' dir='ltr'><strong>suscitavit</strong></span> 
     </span>
    </p>
   </div>
   <div class='ocr_carea' id='block_1_63' title="bbox 300 3302 1881 3377">
    <p class='ocr_par' dir='ltr' id='par_1_63' title="bbox 300 3302 1881 3377">
     <span class='ocr_line' id='line_1_63' title="bbox 300 3302 1881 3377; baseline 0.006 -26"><span class='ocrx_word' id='word_1_441' title='bbox 300 3302 344 3352; x_wconf 86' lang='grc' dir='ltr'>εἰ</span> <span class='ocrx_word' id='word_1_442' title='bbox 391 3302 464 3370; x_wconf 83' lang='grc' dir='ltr'><strong>μὴ</strong></span> <span class='ocrx_word' id='word_1_443' title='bbox 500 3302 823 3371; x_wconf 72' lang='grc' dir='ltr'>γεγέννηται</span> <span class='ocrx_word' id='word_1_444' title='bbox 863 3305 1006 3357; x_wconf 76' lang='grc' dir='ltr'>κατὰ</span> <span class='ocrx_word' id='word_1_445' title='bbox 1039 3307 1249 3375; x_wconf 66' lang='lat' dir='ltr'><strong>cip’xa;</strong></span> <span class='ocrx_word' id='word_1_446' title='bbox 1300 3307 1399 3359; x_wconf 79' lang='grc' dir='ltr'>ποῦ</span> <span class='ocrx_word' id='word_1_447' title='bbox 1446 3307 1501 3358; x_wconf 87' lang='grc' dir='ltr'>δὲ</span> <span class='ocrx_word' id='word_1_448' title='bbox 1555 3309 1648 3360; x_wconf 75' lang='grc' dir='ltr'>καὶ</span> <span class='ocrx_word' id='word_1_449' title='bbox 1695 3312 1726 3377; x_wconf 77' lang='grc' dir='ltr'>ἡ</span> <span class='ocrx_word' id='word_1_450' title='bbox 1773 3310 1881 3364; x_wconf 73' lang='grc' dir='ltr'><strong>τῶν</strong></span> 
     </span>
    </p>
   </div>
   <div class='ocr_carea' id='block_1_64' title="bbox 301 3394 1882 3472">
    <p class='ocr_par' dir='ltr' id='par_1_64' title="bbox 301 3394 1882 3472">
     <span class='ocr_line' id='line_1_64' title="bbox 301 3394 1882 3472; baseline 0.006 -26"><span class='ocrx_word' id='word_1_451' title='bbox 301 3394 508 3464; x_wconf 65' lang='grc' dir='ltr'>νεκρῑῖιν</span> <span class='ocrx_word' id='word_1_452' title='bbox 563 3396 894 3462; x_wconf 72' lang='grc' dir='ltr'>ἀναϐίωσις,</span> <span class='ocrx_word' id='word_1_453' title='bbox 937 3399 1125 3452; x_wconf 75' lang='grc' dir='ltr'>ἐλπίδα</span> <span class='ocrx_word' id='word_1_454' title='bbox 1168 3403 1280 3463; x_wconf 80' lang='grc' dir='ltr'>τοῖς</span> <span class='ocrx_word' id='word_1_455' title='bbox 1332 3401 1506 3468; x_wconf 81' lang='grc' dir='ltr'>ἁγίοις</span> <span class='ocrx_word' id='word_1_456' title='bbox 1556 3403 1882 3472; x_wconf 67' lang='grc' dir='ltr'>εἰσφέρουσα</span> 
     </span>
    </p>
   </div>
   <div class='ocr_carea' id='block_1_65' title="bbox 297 3492 1880 3568">
    <p class='ocr_par' dir='ltr' id='par_1_65' title="bbox 297 3492 1880 3568">
     <span class='ocr_line' id='line_1_65' title="bbox 297 3492 1880 3568; baseline 0.006 -27"><span class='ocrx_word' id='word_1_457' title='bbox 297 3493 397 3558; x_wconf 84' lang='grc' dir='ltr'>τῆς</span> <span class='ocrx_word' id='word_1_458' title='bbox 442 3492 802 3560; x_wconf 78' lang='grc' dir='ltr'>ἀτελευτήτου</span> <span class='ocrx_word' id='word_1_459' title='bbox 851 3492 1033 3563; x_wconf 78' lang='grc' dir='ltr'>ζωῆς,</span> <span class='ocrx_word' id='word_1_460' title='bbox 1087 3496 1134 3546; x_wconf 91' lang='grc' dir='ltr'><strong>εί</strong></span> <span class='ocrx_word' id='word_1_461' title='bbox 1173 3495 1245 3564; x_wconf 84' lang='grc' dir='ltr'><strong>μὴ</strong></span> <span class='ocrx_word' id='word_1_462' title='bbox 1289 3497 1580 3565; x_wconf 73' lang='grc' dir='ltr'>ἐγήγερται</span> <span class='ocrx_word' id='word_1_463' title='bbox 1618 3499 1880 3568; x_wconf 82' lang='grc' dir='ltr'>Χριστός;</span> 
     </span>
    </p>
   </div>
   <div class='ocr_carea' id='block_1_66' title="bbox 300 3581 1880 3659">
    <p class='ocr_par' dir='ltr' id='par_1_66' title="bbox 300 3581 1880 3659">
     <span class='ocr_line' id='line_1_66' title="bbox 300 3581 1880 3659; baseline 0.007 -27"><span class='ocrx_word' id='word_1_464' title='bbox 300 3581 404 3634; x_wconf 62' lang='grc' dir='ltr'><strong>ποῦ</strong></span> <span class='ocrx_word' id='word_1_465' title='bbox 445 3583 499 3634; x_wconf 79' lang='grc' dir='ltr'>δὲ</span> <span class='ocrx_word' id='word_1_466' title='bbox 531 3585 624 3636; x_wconf 70' lang='grc' dir='ltr'>καὶ</span> <span class='ocrx_word' id='word_1_467' title='bbox 656 3587 688 3653; x_wconf 85' lang='grc' dir='ltr'>ἡ</span> <span class='ocrx_word' id='word_1_468' title='bbox 720 3585 828 3638; x_wconf 83' lang='grc' dir='ltr'><strong>τῶν</strong></span> <span class='ocrx_word' id='word_1_469' title='bbox 854 3588 1214 3656; x_wconf 78' lang='grc' dir='ltr'>ἀνθρωπίνων</span> <span class='ocrx_word' id='word_1_470' title='bbox 1243 3589 1508 3657; x_wconf 86' lang='grc' dir='ltr'>σωμάτων</span> <span class='ocrx_word' id='word_1_471' title='bbox 1535 3589 1880 3659; x_wconf 77' lang='grc' dir='ltr'>ζωοποίησις,</span> 
     </span>
    </p>
   </div>
   <div class='ocr_carea' id='block_1_67' title="bbox 301 3674 1884 3753">
    <p class='ocr_par' dir='ltr' id='par_1_67' title="bbox 301 3674 1884 3753">
     <span class='ocr_line' id='line_1_67' title="bbox 301 3674 1884 3753; baseline 0.006 -28"><span class='ocrx_word' id='word_1_472' title='bbox 301 3675 332 3741; x_wconf 76' lang='grc' dir='ltr'>ἡ</span> <span class='ocrx_word' id='word_1_473' title='bbox 369 3674 508 3727; x_wconf 70' lang='grc' dir='ltr'>κατὰ</span> <span class='ocrx_word' id='word_1_474' title='bbox 545 3675 759 3742; x_wconf 81' lang='grc' dir='ltr'>μέθεξιν</span> <span class='ocrx_word' id='word_1_475' title='bbox 789 3679 1087 3750; x_wconf 78' lang='grc' dir='ltr'>τελουμένη</span> <span class='ocrx_word' id='word_1_476' title='bbox 1132 3680 1230 3749; x_wconf 81' lang='grc' dir='ltr'><strong>τῆς</strong></span> <span class='ocrx_word' id='word_1_477' title='bbox 1265 3682 1427 3747; x_wconf 86' lang='grc' dir='ltr'>ἁγίας</span> <span class='ocrx_word' id='word_1_478' title='bbox 1462 3682 1626 3734; x_wconf 74' lang='grc' dir='ltr'>αὑτοῦ</span> <span class='ocrx_word' id='word_1_479' title='bbox 1681 3683 1884 3753; x_wconf 76' lang='grc' dir='ltr'>σαρκὸς</span> 
     </span>
    </p>
   </div>
   <div class='ocr_carea' id='block_1_68' title="bbox 303 3766 700 3836">
    <p class='ocr_par' dir='ltr' id='par_1_68' title="bbox 303 3766 700 3836">
     <span class='ocr_line' id='line_1_68' title="bbox 303 3766 700 3836; baseline 0.008 -19"><span class='ocrx_word' id='word_1_480' title='bbox 303 3766 393 3818; x_wconf 74' lang='grc' dir='ltr'><strong>καὶ</strong></span> <span class='ocrx_word' id='word_1_481' title='bbox 425 3767 661 3836; x_wconf 75' lang='grc' dir='ltr'>αἵματος</span> <span class='ocrx_word' id='word_1_482' title='bbox 687 3787 700 3834; x_wconf 87' lang='grc'>;</span> 
     </span>
    </p>
   </div>
   <div class='ocr_carea' id='block_1_69' title="bbox 377 4027 1885 4103">
    <p class='ocr_par' dir='ltr' id='par_1_69' title="bbox 377 4027 1885 4103">
     <span class='ocr_line' id='line_1_69' title="bbox 377 4027 1885 4103; baseline 0.009 -25"><span class='ocrx_word' id='word_1_483' title='bbox 377 4030 434 4082; x_wconf 74' lang='lat' dir='ltr'><strong>li.</strong></span> <span class='ocrx_word' id='word_1_484' title='bbox 477 4031 659 4100; x_wconf 76' lang='grc' dir='ltr'>Σάρκα</span> <span class='ocrx_word' id='word_1_485' title='bbox 690 4031 752 4100; x_wconf 78' lang='grc' dir='ltr'><strong>δὴ</strong></span> <span class='ocrx_word' id='word_1_486' title='bbox 784 4027 876 4084; x_wconf 79' lang='grc' dir='ltr'>οὖν</span> <span class='ocrx_word' id='word_1_487' title='bbox 913 4050 1092 4102; x_wconf 81' lang='grc' dir='ltr'>φαμεν</span> <span class='ocrx_word' id='word_1_488' title='bbox 1122 4035 1374 4102; x_wconf 74' lang='grc' dir='ltr'>γενέσθαι</span> <span class='ocrx_word' id='word_1_489' title='bbox 1403 4037 1492 4088; x_wconf 67' lang='grc' dir='ltr'>τὸν</span> <span class='ocrx_word' id='word_1_490' title='bbox 1528 4038 1722 4103; x_wconf 69' lang='grc' dir='ltr'>Λόγον,</span> <span class='ocrx_word' id='word_1_491' title='bbox 1743 4043 1885 4092; x_wconf 83' lang='grc' dir='ltr'><strong>κατά</strong></span> 
     </span>
    </p>
   </div>
   <div class='ocr_carea' id='block_1_70' title="bbox 302 4120 1886 4199">
    <p class='ocr_par' dir='ltr' id='par_1_70' title="bbox 302 4120 1886 4199">
     <span class='ocr_line' id='line_1_70' title="bbox 302 4120 1886 4199; baseline 0.009 -29"><span class='ocrx_word' id='word_1_492' title='bbox 302 4138 362 4187; x_wconf 79' lang='grc' dir='ltr'><strong>γε</strong></span> <span class='ocrx_word' id='word_1_493' title='bbox 397 4120 494 4191; x_wconf 81' lang='grc' dir='ltr'>τὴν</span> <span class='ocrx_word' id='word_1_494' title='bbox 545 4123 609 4174; x_wconf 83' lang='grc' dir='ltr'><strong>ἐκ</strong></span> <span class='ocrx_word' id='word_1_495' title='bbox 651 4125 908 4188; x_wconf 75' lang='grc' dir='ltr'>γυναικὸς</span> <span class='ocrx_word' id='word_1_496' title='bbox 953 4128 1094 4179; x_wconf 78' lang='grc' dir='ltr'><strong>κατὰ</strong></span> <span class='ocrx_word' id='word_1_497' title='bbox 1145 4126 1324 4196; x_wconf 77' lang='grc' dir='ltr'>σάρκα</span> <span class='ocrx_word' id='word_1_498' title='bbox 1383 4129 1656 4198; x_wconf 80' lang='grc' dir='ltr'>γέννησιν,</span> <span class='ocrx_word' id='word_1_499' title='bbox 1713 4133 1779 4199; x_wconf 87' lang='grc' dir='ltr'>ἣν</span> <span class='ocrx_word' id='word_1_500' title='bbox 1831 4136 1886 4184; x_wconf 79' lang='grc' dir='ltr'>ὲν</span> 
     </span>
    </p>
   </div>
   <div class='ocr_carea' id='block_1_71' title="bbox 305 4215 1883 4291">
    <p class='ocr_par' dir='ltr' id='par_1_71' title="bbox 305 4215 1883 4291">
     <span class='ocr_line' id='line_1_71' title="bbox 305 4215 1883 4291; baseline 0.008 -27"><span class='ocrx_word' id='word_1_501' title='bbox 305 4215 550 4283; x_wconf 67' lang='grc' dir='ltr'>ἐσχάτοις</span> <span class='ocrx_word' id='word_1_502' title='bbox 600 4217 695 4268; x_wconf 77' lang='grc' dir='ltr'><strong>τοῦ</strong></span> <span class='ocrx_word' id='word_1_503' title='bbox 752 4217 947 4279; x_wconf 82' lang='grc' dir='ltr'>αἰῶνος</span> <span class='ocrx_word' id='word_1_504' title='bbox 1009 4223 1220 4286; x_wconf 83' lang='grc' dir='ltr'>καιροῖς</span> <span class='ocrx_word' id='word_1_505' title='bbox 1281 4222 1571 4290; x_wconf 84' lang='grc' dir='ltr'>ὑπομεῖναι</span> <span class='ocrx_word' id='word_1_506' title='bbox 1631 4223 1883 4291; x_wconf 83' lang='grc' dir='ltr'>λέγεται’</span> 
     </span>
    </p>
   </div>
   <div class='ocr_carea' id='block_1_72' title="bbox 304 4309 1775 4384">
    <p class='ocr_par' dir='ltr' id='par_1_72' title="bbox 304 4309 1775 4384">
     <span class='ocr_line' id='line_1_72' title="bbox 304 4309 1775 4384; baseline 0.005 -23"><span class='ocrx_word' id='word_1_507' title='bbox 304 4311 477 4361; x_wconf 77' lang='grc' dir='ltr'>καίτοι</span> <span class='ocrx_word' id='word_1_508' title='bbox 508 4309 611 4380; x_wconf 82' lang='grc' dir='ltr'><strong>πρὸ</strong></span> <span class='ocrx_word' id='word_1_509' title='bbox 644 4312 840 4373; x_wconf 84' lang='grc' dir='ltr'>παντὸς</span> <span class='ocrx_word' id='word_1_510' title='bbox 867 4311 962 4364; x_wconf 78' lang='grc' dir='ltr'>τοῦ</span> <span class='ocrx_word' id='word_1_511' title='bbox 1004 4313 1196 4382; x_wconf 77' lang='grc' dir='ltr'>αἰῶνος</span> <span class='ocrx_word' id='word_1_512' title='bbox 1231 4315 1490 4384; x_wconf 75' lang='grc' dir='ltr'>ὑπάρχων</span> <span class='ocrx_word' id='word_1_513' title='bbox 1521 4317 1594 4378; x_wconf 81' lang='grc' dir='ltr'>ὡς</span> <span class='ocrx_word' id='word_1_514' title='bbox 1624 4319 1775 4380; x_wconf 81' lang='grc' dir='ltr'>Θεός,</span> 
     </span>
    </p>
   </div>
   <div class='ocr_carea' id='block_1_73' title="bbox 377 4481 1886 4561">
    <p class='ocr_par' dir='ltr' id='par_1_73' title="bbox 377 4481 1886 4561">
     <span class='ocr_line' id='line_1_73' title="bbox 377 4481 1886 4561; baseline 0.01 -28"><span class='ocrx_word' id='word_1_515' title='bbox 377 4486 436 4534; x_wconf 73' lang='grc' dir='ltr'><strong>Α.</strong></span> <span class='ocrx_word' id='word_1_516' title='bbox 485 4484 628 4536; x_wconf 68' lang='grc' dir='ltr'>Πάνυ</span> <span class='ocrx_word' id='word_1_517' title='bbox 662 4485 759 4553; x_wconf 76' lang='grc' dir='ltr'><strong>μὲν</strong></span> <span class='ocrx_word' id='word_1_518' title='bbox 790 4481 901 4537; x_wconf 71' lang='grc' dir='ltr'>οὖν.</span> <span class='ocrx_word' id='word_1_519' title='bbox 939 4484 1093 4538; x_wconf 75' lang='grc' dir='ltr'>Οὕτω</span> <span class='ocrx_word' id='word_1_520' title='bbox 1125 4489 1232 4558; x_wconf 77' lang='grc' dir='ltr'><strong>γὰρ</strong></span> <span class='ocrx_word' id='word_1_521' title='bbox 1261 4489 1483 4556; x_wconf 81' lang='grc' dir='ltr'>γέγονεν</span> <span class='ocrx_word' id='word_1_522' title='bbox 1528 4492 1584 4541; x_wconf 81' lang='grc' dir='ltr'><strong>ἐν</strong></span> <span class='ocrx_word' id='word_1_523' title='bbox 1631 4494 1886 4561; x_wconf 83' lang='grc' dir='ltr'>ὁμοιώσει</span> 
     </span>
    </p>
   </div>
   <div class='ocr_carea' id='block_1_74' title="bbox 1986 3293 3588 3364">
    <p class='ocr_par' dir='ltr' id='par_1_74' title="bbox 1986 3293 3588 3364">
     <span class='ocr_line' id='line_1_74' title="bbox 1986 3293 3588 3364; baseline 0.002 -18"><span class='ocrx_word' id='word_1_524' title='bbox 1986 3309 2108 3346; x_wconf 75' lang='lat' dir='ltr'><strong>eum</strong></span> <span class='ocrx_word' id='word_1_525' title='bbox 2143 3293 2282 3347; x_wconf 81' lang='lat' dir='ltr'><strong>Deus</strong></span> <span class='ocrx_word' id='word_1_526' title='bbox 2314 3309 2342 3347; x_wconf 86' lang='lat' dir='ltr'><strong>e</strong></span> <span class='ocrx_word' id='word_1_527' title='bbox 2375 3296 2626 3355; x_wconf 86' lang='lat' dir='ltr'><strong>mortuis,</strong></span> <span class='ocrx_word' id='word_1_528' title='bbox 2661 3296 2762 3348; x_wconf 90' lang='lat' dir='ltr'><strong>nisi</strong></span> <span class='ocrx_word' id='word_1_529' title='bbox 2793 3306 2847 3347; x_wconf 86' lang='lat' dir='ltr'><strong>et</strong></span> <span class='ocrx_word' id='word_1_530' title='bbox 2882 3305 3125 3349; x_wconf 84' lang='lat' dir='ltr'><strong>mortuus</strong></span> <span class='ocrx_word' id='word_1_531' title='bbox 3149 3295 3273 3349; x_wconf 79' lang='lat' dir='ltr'><strong>est?</strong></span> <span class='ocrx_word' id='word_1_532' title='bbox 3330 3304 3422 3349; x_wconf 90' lang='lat' dir='ltr'><strong>aut</strong></span> <span class='ocrx_word' id='word_1_533' title='bbox 3453 3310 3588 3364; x_wconf 83' lang='lat' dir='ltr'><strong>quo-</strong></span> 
     </span>
    </p>
   </div>
   <div class='ocr_carea' id='block_1_75' title="bbox 1985 3387 3580 3450">
    <p class='ocr_par' dir='ltr' id='par_1_75' title="bbox 1985 3387 3580 3450">
     <span class='ocr_line' id='line_1_75' title="bbox 1985 3387 3580 3450; baseline 0.003 -11"><span class='ocrx_word' id='word_1_534' title='bbox 1985 3387 2146 3439; x_wconf 86' lang='lat' dir='ltr'><strong>modo</strong></span> <span class='ocrx_word' id='word_1_535' title='bbox 2178 3387 2341 3439; x_wconf 85' lang='lat' dir='ltr'><strong>etiam</strong></span> <span class='ocrx_word' id='word_1_536' title='bbox 2370 3399 2618 3441; x_wconf 90' lang='lat' dir='ltr'><strong>mortuus</strong></span> <span class='ocrx_word' id='word_1_537' title='bbox 2652 3399 2756 3450; x_wconf 89' lang='lat' dir='ltr'><strong>est,</strong></span> <span class='ocrx_word' id='word_1_538' title='bbox 2793 3390 2893 3440; x_wconf 90' lang='lat' dir='ltr'><strong>nisi</strong></span> <span class='ocrx_word' id='word_1_539' title='bbox 2935 3401 3092 3443; x_wconf 89' lang='lat' dir='ltr'><strong>natus</strong></span> <span class='ocrx_word' id='word_1_540' title='bbox 3142 3400 3230 3444; x_wconf 90' lang='lat' dir='ltr'><strong>est</strong></span> <span class='ocrx_word' id='word_1_541' title='bbox 3282 3390 3580 3443; x_wconf 78' lang='lat' dir='ltr'><strong>secundum</strong></span> 
     </span>
    </p>
   </div>
   <div class='ocr_carea' id='block_1_76' title="bbox 1987 3479 3582 3550">
    <p class='ocr_par' dir='ltr' id='par_1_76' title="bbox 1987 3479 3582 3550">
     <span class='ocr_line' id='line_1_76' title="bbox 1987 3479 3582 3550; baseline 0.003 -21"><span class='ocrx_word' id='word_1_542' title='bbox 1987 3479 2249 3531; x_wconf 86' lang='lat' dir='ltr'><strong>carnem?</strong></span> <span class='ocrx_word' id='word_1_543' title='bbox 2282 3488 2374 3532; x_wconf 89' lang='lat' dir='ltr'><strong>aut</strong></span> <span class='ocrx_word' id='word_1_544' title='bbox 2416 3495 2665 3550; x_wconf 74' lang='lat' dir='ltr'><strong>quzenam</strong></span> <span class='ocrx_word' id='word_1_545' title='bbox 2693 3481 2910 3533; x_wconf 86' lang='lat' dir='ltr'><strong>tandem</strong></span> <span class='ocrx_word' id='word_1_546' title='bbox 2937 3483 3041 3535; x_wconf 87' lang='lat' dir='ltr'><strong>erit</strong></span> <span class='ocrx_word' id='word_1_547' title='bbox 3078 3481 3407 3536; x_wconf 87' lang='lat' dir='ltr'><strong>resurrectio</strong></span> <span class='ocrx_word' id='word_1_548' title='bbox 3433 3495 3582 3535; x_wconf 76' lang='lat' dir='ltr'><strong>mor-</strong></span> 
     </span>
    </p>
   </div>
   <div class='ocr_carea' id='block_1_77' title="bbox 1990 3572 3581 3640">
    <p class='ocr_par' dir='ltr' id='par_1_77' title="bbox 1990 3572 3581 3640">
     <span class='ocr_line' id='line_1_77' title="bbox 1990 3572 3581 3640; baseline 0.001 -19"><span class='ocrx_word' id='word_1_549' title='bbox 1990 3579 2228 3635; x_wconf 90' lang='lat' dir='ltr'><strong>tuorum,</strong></span> <span class='ocrx_word' id='word_1_550' title='bbox 2253 3586 2374 3640; x_wconf 69' lang='lat' dir='ltr'><strong>qua:</strong></span> <span class='ocrx_word' id='word_1_551' title='bbox 2407 3573 2664 3640; x_wconf 90' lang='lat' dir='ltr'><strong>perennis</strong></span> <span class='ocrx_word' id='word_1_552' title='bbox 2700 3573 2819 3625; x_wconf 66' lang='lat' dir='ltr'><strong>vitae</strong></span> <span class='ocrx_word' id='word_1_553' title='bbox 2855 3587 3006 3640; x_wconf 82' lang='lat' dir='ltr'><strong>spent</strong></span> <span class='ocrx_word' id='word_1_554' title='bbox 3055 3573 3266 3626; x_wconf 88' lang='lat' dir='ltr'><strong>sanctis</strong></span> <span class='ocrx_word' id='word_1_555' title='bbox 3315 3572 3581 3634; x_wconf 87' lang='lat' dir='ltr'><strong>immittit,</strong></span> 
     </span>
    </p>
   </div>
   <div class='ocr_carea' id='block_1_78' title="bbox 1987 3661 3585 3728">
    <p class='ocr_par' dir='ltr' id='par_1_78' title="bbox 1987 3661 3585 3728">
     <span class='ocr_line' id='line_1_78' title="bbox 1987 3661 3585 3728; baseline 0.001 -15"><span class='ocrx_word' id='word_1_556' title='bbox 1987 3661 2032 3713; x_wconf 86' lang='lat' dir='ltr'><strong>si</strong></span> <span class='ocrx_word' id='word_1_557' title='bbox 2068 3662 2317 3716; x_wconf 73' lang='lat' dir='ltr'><strong>Christus</strong></span> <span class='ocrx_word' id='word_1_558' title='bbox 2347 3680 2450 3716; x_wconf 90' lang='lat' dir='ltr'><strong>non</strong></span> <span class='ocrx_word' id='word_1_559' title='bbox 2479 3663 2815 3717; x_wconf 80' lang='lat' dir='ltr'><strong>resurrexit?</strong></span> <span class='ocrx_word' id='word_1_560' title='bbox 2843 3662 3108 3728; x_wconf 66' lang='lat' dir='ltr'><strong>Quasnam</strong></span> <span class='ocrx_word' id='word_1_561' title='bbox 3168 3678 3297 3718; x_wconf 87' lang='lat' dir='ltr'><strong>vero</strong></span> <span class='ocrx_word' id='word_1_562' title='bbox 3353 3663 3457 3716; x_wconf 90' lang='lat' dir='ltr'><strong>erit</strong></span> <span class='ocrx_word' id='word_1_563' title='bbox 3487 3661 3585 3716; x_wconf 81' lang='lat' dir='ltr'><strong>hu-</strong></span> 
     </span>
    </p>
   </div>
   <div class='ocr_carea' id='block_1_79' title="bbox 1987 3755 3586 3823">
    <p class='ocr_par' dir='ltr' id='par_1_79' title="bbox 1987 3755 3586 3823">
     <span class='ocr_line' id='line_1_79' title="bbox 1987 3755 3586 3823; baseline 0.004 -21"><span class='ocrx_word' id='word_1_564' title='bbox 1987 3769 2270 3807; x_wconf 77' lang='lat' dir='ltr'><strong>manarunt</strong></span> <span class='ocrx_word' id='word_1_565' title='bbox 2336 3769 2624 3822; x_wconf 88' lang='lat' dir='ltr'><strong>corporum</strong></span> <span class='ocrx_word' id='word_1_566' title='bbox 2679 3755 2990 3819; x_wconf 81' lang='lat' dir='ltr'><strong>viviﬁcatio,</strong></span> <span class='ocrx_word' id='word_1_567' title='bbox 3055 3771 3175 3823; x_wconf 63' lang='lat' dir='ltr'><strong>quae</strong></span> <span class='ocrx_word' id='word_1_568' title='bbox 3231 3770 3325 3823; x_wconf 84' lang='lat' dir='ltr'><strong>per</strong></span> <span class='ocrx_word' id='word_1_569' title='bbox 3384 3764 3586 3808; x_wconf 78' lang='lat' dir='ltr'><strong>sancta:</strong></span> 
     </span>
    </p>
   </div>
   <div class='ocr_carea' id='block_1_80' title="bbox 1990 3847 3580 3917">
    <p class='ocr_par' dir='ltr' id='par_1_80' title="bbox 1990 3847 3580 3917">
     <span class='ocr_line' id='line_1_80' title="bbox 1990 3847 3580 3917; baseline 0.003 -20"><span class='ocrx_word' id='word_1_570' title='bbox 1990 3847 2156 3912; x_wconf 83' lang='lat' dir='ltr'><strong>ipsius</strong></span> <span class='ocrx_word' id='word_1_571' title='bbox 2197 3847 2379 3900; x_wconf 90' lang='lat' dir='ltr'><strong>carnis</strong></span> <span class='ocrx_word' id='word_1_572' title='bbox 2423 3854 2476 3900; x_wconf 85' lang='lat' dir='ltr'><strong>et</strong></span> <span class='ocrx_word' id='word_1_573' title='bbox 2538 3847 2816 3916; x_wconf 79' lang='lat' dir='ltr'><strong>sanguinis</strong></span> <span class='ocrx_word' id='word_1_574' title='bbox 2887 3848 3357 3917; x_wconf 83' lang='lat' dir='ltr'><strong>participationem</strong></span> <span class='ocrx_word' id='word_1_575' title='bbox 3415 3847 3580 3901; x_wconf 65' lang='lat' dir='ltr'><strong>eihi-i-</strong></span> 
     </span>
    </p>
   </div>
   <div class='ocr_carea' id='block_1_81' title="bbox 1991 3936 2122 3986">
    <p class='ocr_par' dir='ltr' id='par_1_81' title="bbox 1991 3936 2122 3986">
     <span class='ocr_line' id='line_1_81' title="bbox 1991 3936 2122 3986; baseline 0 0"><span class='ocrx_word' id='word_1_576' title='bbox 1991 3936 2122 3986; x_wconf 84' lang='lat' dir='ltr'><strong>tur?</strong></span> 
     </span>
    </p>
   </div>
   <div class='ocr_carea' id='block_1_82' title="bbox 2062 4026 3585 4097">
    <p class='ocr_par' dir='ltr' id='par_1_82' title="bbox 2062 4026 3585 4097">
     <span class='ocr_line' id='line_1_82' title="bbox 2062 4026 3585 4097; baseline 0.002 -19"><span class='ocrx_word' id='word_1_577' title='bbox 2062 4026 2219 4095; x_wconf 78' lang='lat'><strong>721</strong></span> <span class='ocrx_word' id='word_1_578' title='bbox 2272 4026 2330 4083; x_wconf 85' lang='grc' dir='ltr'><strong>Β.</strong></span> <span class='ocrx_word' id='word_1_579' title='bbox 2384 4027 2625 4081; x_wconf 86' lang='lat' dir='ltr'><strong>Dicimus</strong></span> <span class='ocrx_word' id='word_1_580' title='bbox 2681 4028 2867 4097; x_wconf 87' lang='lat' dir='ltr'><strong>itaque</strong></span> <span class='ocrx_word' id='word_1_581' title='bbox 2921 4029 3158 4083; x_wconf 79' lang='lat' dir='ltr'><strong>Verbum</strong></span> <span class='ocrx_word' id='word_1_582' title='bbox 3196 4029 3416 4082; x_wconf 85' lang='lat' dir='ltr'><strong>carnem</strong></span> <span class='ocrx_word' id='word_1_583' title='bbox 3461 4043 3585 4082; x_wconf 78' lang='lat' dir='ltr'><strong>esse</strong></span> 
     </span>
    </p>
   </div>
   <div class='ocr_carea' id='block_1_83' title="bbox 1991 4117 3580 4178">
    <p class='ocr_par' dir='ltr' id='par_1_83' title="bbox 1991 4117 3580 4178">
     <span class='ocr_line' id='line_1_83' title="bbox 1991 4117 3580 4178; baseline 0.003 -10"><span class='ocrx_word' id='word_1_584' title='bbox 1991 4117 2214 4178; x_wconf 76' lang='lat' dir='ltr'><strong>factum,</strong></span> <span class='ocrx_word' id='word_1_585' title='bbox 2289 4119 2497 4172; x_wconf 86' lang='lat' dir='ltr'><strong>ratione</strong></span> <span class='ocrx_word' id='word_1_586' title='bbox 2563 4119 2859 4173; x_wconf 77' lang='lat' dir='ltr'><strong>nativitatis</strong></span> <span class='ocrx_word' id='word_1_587' title='bbox 2908 4123 3203 4174; x_wconf 81' lang='lat' dir='ltr'><strong>secundum</strong></span> <span class='ocrx_word' id='word_1_588' title='bbox 3255 4135 3474 4173; x_wconf 88' lang='lat' dir='ltr'><strong>carnem</strong></span> <span class='ocrx_word' id='word_1_589' title='bbox 3518 4135 3580 4175; x_wconf 72' lang='lat' dir='ltr'><strong>ex</strong></span> 
     </span>
    </p>
   </div>
   <div class='ocr_carea' id='block_1_84' title="bbox 1990 4207 3586 4277">
    <p class='ocr_par' dir='ltr' id='par_1_84' title="bbox 1990 4207 3586 4277">
     <span class='ocr_line' id='line_1_84' title="bbox 1990 4207 3586 4277; baseline 0 -17"><span class='ocrx_word' id='word_1_590' title='bbox 1990 4207 2241 4269; x_wconf 86' lang='lat' dir='ltr'><strong>muliere,</strong></span> <span class='ocrx_word' id='word_1_591' title='bbox 2267 4222 2428 4275; x_wconf 86' lang='lat' dir='ltr'><strong>quam</strong></span> <span class='ocrx_word' id='word_1_592' title='bbox 2450 4209 2500 4260; x_wconf 94' lang='lat' dir='ltr'><strong>in</strong></span> <span class='ocrx_word' id='word_1_593' title='bbox 2522 4209 2833 4262; x_wconf 87' lang='lat' dir='ltr'><strong>novissimis</strong></span> <span class='ocrx_word' id='word_1_594' title='bbox 2857 4209 3037 4262; x_wconf 60' lang='lat' dir='ltr'><strong>seaculi</strong></span> <span class='ocrx_word' id='word_1_595' title='bbox 3085 4209 3422 4277; x_wconf 69' lang='lat' dir='ltr'><strong>temporibus</strong></span> <span class='ocrx_word' id='word_1_596' title='bbox 3465 4210 3586 4260; x_wconf 83' lang='lat' dir='ltr'><strong>sub-</strong></span> 
     </span>
    </p>
   </div>
   <div class='ocr_carea' id='block_1_85' title="bbox 1993 4299 3579 4364">
    <p class='ocr_par' dir='ltr' id='par_1_85' title="bbox 1993 4299 3579 4364">
     <span class='ocr_line' id='line_1_85' title="bbox 1993 4299 3579 4364; baseline 0.001 -14"><span class='ocrx_word' id='word_1_597' title='bbox 1993 4299 2120 4351; x_wconf 89' lang='lat' dir='ltr'><strong>iisse</strong></span> <span class='ocrx_word' id='word_1_598' title='bbox 2154 4299 2370 4362; x_wconf 89' lang='lat' dir='ltr'><strong>dicitur,</strong></span> <span class='ocrx_word' id='word_1_599' title='bbox 2405 4300 2621 4353; x_wconf 85' lang='lat' dir='ltr'><strong>tametsi</strong></span> <span class='ocrx_word' id='word_1_600' title='bbox 2654 4308 2780 4353; x_wconf 89' lang='lat' dir='ltr'><strong>ante</strong></span> <span class='ocrx_word' id='word_1_601' title='bbox 2820 4301 2999 4353; x_wconf 87' lang='lat' dir='ltr'><strong>omnia</strong></span> <span class='ocrx_word' id='word_1_602' title='bbox 3044 4303 3236 4354; x_wconf 67' lang='lat' dir='ltr'><strong>saecula</strong></span> <span class='ocrx_word' id='word_1_603' title='bbox 3286 4299 3579 4364; x_wconf 75' lang='lat' dir='ltr'><strong>exstiterit,</strong></span> 
     </span>
    </p>
   </div>
   <div class='ocr_carea' id='block_1_86' title="bbox 1991 4390 2234 4444">
    <p class='ocr_par' dir='ltr' id='par_1_86' title="bbox 1991 4390 2234 4444">
     <span class='ocr_line' id='line_1_86' title="bbox 1991 4390 2234 4444; baseline 0.004 -2"><span class='ocrx_word' id='word_1_604' title='bbox 1991 4400 2049 4442; x_wconf 89' lang='lat' dir='ltr'><strong>ut</strong></span> <span class='ocrx_word' id='word_1_605' title='bbox 2073 4390 2234 4444; x_wconf 90' lang='lat' dir='ltr'><strong>Deus.</strong></span> 
     </span>
    </p>
   </div>
   <div class='ocr_carea' id='block_1_87' title="bbox 2064 4483 3584 4538">
    <p class='ocr_par' dir='ltr' id='par_1_87' title="bbox 2064 4483 3584 4538">
     <span class='ocr_line' id='line_1_87' title="bbox 2064 4483 3584 4538; baseline 0.003 -4"><span class='ocrx_word' id='word_1_606' title='bbox 2064 4483 2129 4534; x_wconf 85' lang='lat' dir='ltr'><strong>A.</strong></span> <span class='ocrx_word' id='word_1_607' title='bbox 2178 4483 2434 4538; x_wconf 88' lang='lat' dir='ltr'><strong>Omnino.</strong></span> <span class='ocrx_word' id='word_1_608' title='bbox 2473 4484 2546 4537; x_wconf 91' lang='lat' dir='ltr'><strong>Ita</strong></span> <span class='ocrx_word' id='word_1_609' title='bbox 2579 4486 2722 4536; x_wconf 90' lang='lat' dir='ltr'><strong>enim</strong></span> <span class='ocrx_word' id='word_1_610' title='bbox 2750 4485 2923 4538; x_wconf 78' lang='lat' dir='ltr'><strong>iactus</strong></span> <span class='ocrx_word' id='word_1_611' title='bbox 2952 4494 3032 4537; x_wconf 87' lang='lat' dir='ltr'><strong>est</strong></span> <span class='ocrx_word' id='word_1_612' title='bbox 3067 4484 3381 4538; x_wconf 83' lang='lat' dir='ltr'><strong>omninde</strong></span> <span class='ocrx_word' id='word_1_613' title='bbox 3431 4485 3584 4538; x_wconf 89' lang='lat' dir='ltr'><strong>nobis</strong></span> 
     </span>
    </p>
   </div>
   <div class='ocr_carea' id='block_1_88' title="bbox 305 4568 1883 4658">
    <p class='ocr_par' dir='ltr' id='par_1_88' title="bbox 305 4576 1883 4658">
     <span class='ocr_line' id='line_1_88' title="bbox 305 4576 1883 4658; baseline 0.002 -33"><span class='ocrx_word' id='word_1_614' title='bbox 305 4578 368 4643; x_wconf 80' lang='grc' dir='ltr'>τῇ</span> <span class='ocrx_word' id='word_1_615' title='bbox 403 4576 538 4644; x_wconf 75' lang='grc' dir='ltr'>πρὸς</span> <span class='ocrx_word' id='word_1_616' title='bbox 561 4579 711 4645; x_wconf 73' lang='grc' dir='ltr'>ἡμᾶς</span> <span class='ocrx_word' id='word_1_617' title='bbox 752 4580 818 4646; x_wconf 82' lang='grc' dir='ltr'>τῇ</span> <span class='ocrx_word' id='word_1_618' title='bbox 866 4578 1008 4630; x_wconf 80' lang='grc' dir='ltr'>κατὰ</span> <span class='ocrx_word' id='word_1_619' title='bbox 1054 4582 1159 4632; x_wconf 83' lang='grc' dir='ltr'><strong>πᾶν</strong></span> <span class='ocrx_word' id='word_1_620' title='bbox 1186 4582 1385 4639; x_wconf 79' lang='grc' dir='ltr'>ὁτιοῦν,</span> <span class='ocrx_word' id='word_1_621' title='bbox 1425 4585 1549 4653; x_wconf 69' lang='grc' dir='ltr'>δίχα,</span> <span class='ocrx_word' id='word_1_622' title='bbox 1582 4587 1675 4654; x_wconf 73' lang='grc' dir='ltr'><strong>τῆς</strong></span> <span class='ocrx_word' id='word_1_623' title='bbox 1707 4589 1883 4658; x_wconf 70' lang='grc' dir='ltr'>ἁμαρ.</span> 
     </span>
    </p>
   </div>
   <div class='ocr_carea' id='block_1_89' title="bbox 1992 4568 3584 4658">
    <p class='ocr_par' dir='ltr' id='par_1_89' title="bbox 1994 4577 3584 4646">
     <span class='ocr_line' id='line_1_89' title="bbox 1994 4577 3584 4646; baseline -0.001 -15"><span class='ocrx_word' id='word_1_624' title='bbox 1994 4577 2205 4641; x_wconf 86' lang='lat' dir='ltr'><strong>similis,</strong></span> <span class='ocrx_word' id='word_1_625' title='bbox 2239 4589 2464 4645; x_wconf 80' lang='lat' dir='ltr'><strong>excepto</strong></span> <span class='ocrx_word' id='word_1_626' title='bbox 2521 4589 2761 4646; x_wconf 88' lang='lat' dir='ltr'><strong>peccato.</strong></span> <span class='ocrx_word' id='word_1_627' title='bbox 2822 4578 2978 4643; x_wconf 84' lang='lat' dir='ltr'><strong>Quod</strong></span> <span class='ocrx_word' id='word_1_628' title='bbox 3041 4589 3093 4632; x_wconf 89' lang='lat' dir='ltr'><strong>et</strong></span> <span class='ocrx_word' id='word_1_629' title='bbox 3147 4578 3584 4646; x_wconf 82' lang='lat' dir='ltr'><strong>sapientissimus</strong></span> 
     </span>
    </p>
   </div>
   <div class='ocr_carea' id='block_1_90' title="bbox 305 4667 1880 4743">
    <p class='ocr_par' dir='ltr' id='par_1_90' title="bbox 305 4667 1880 4743">
     <span class='ocr_line' id='line_1_90' title="bbox 305 4667 1880 4743; baseline 0.01 -27"><span class='ocrx_word' id='word_1_630' title='bbox 305 4669 446 4728; x_wconf 84' lang='grc' dir='ltr'>τίας.</span> <span class='ocrx_word' id='word_1_631' title='bbox 496 4667 602 4717; x_wconf 72' lang='grc' dir='ltr'>Καὶ</span> <span class='ocrx_word' id='word_1_632' title='bbox 656 4669 997 4738; x_wconf 59' lang='grc' dir='ltr'>μαρτυρήσει</span> <span class='ocrx_word' id='word_1_633' title='bbox 1040 4670 1211 4737; x_wconf 83' lang='grc' dir='ltr'>λέγων</span> <span class='ocrx_word' id='word_1_634' title='bbox 1255 4675 1282 4724; x_wconf 89' lang='grc' dir='ltr'>ὀ</span> <span class='ocrx_word' id='word_1_635' title='bbox 1330 4677 1605 4743; x_wconf 62' lang='grc' dir='ltr'>πάνσοφος</span> <span class='ocrx_word' id='word_1_636' title='bbox 1643 4679 1880 4742; x_wconf 72' lang='grc' dir='ltr'>Παῦλος⁸</span> 
     </span>
    </p>
   </div>
   <div class='ocr_carea' id='block_1_91' title="bbox 312 4757 1886 4838">
    <p class='ocr_par' dir='ltr' id='par_1_91' title="bbox 312 4757 1886 4838">
     <span class='ocr_line' id='line_1_91' title="bbox 312 4757 1886 4838; baseline 0.011 -31"><span class='ocrx_word' id='word_1_637' title='bbox 312 4777 328 4806; x_wconf 78' lang='grc' dir='ltr'><strong>ι</strong></span> <span class='ocrx_word' id='word_1_638' title='bbox 357 4757 570 4828; x_wconf 76' lang='grc' dir='ltr'>Ἐπειδὴ</span> <span class='ocrx_word' id='word_1_639' title='bbox 604 4759 708 4829; x_wconf 86' lang='grc' dir='ltr'>γὰρ</span> <span class='ocrx_word' id='word_1_640' title='bbox 744 4759 812 4810; x_wconf 74' lang='grc' dir='ltr'><strong>τὰ</strong></span> <span class='ocrx_word' id='word_1_641' title='bbox 858 4760 1047 4813; x_wconf 75' lang='grc' dir='ltr'>παιδία</span> <span class='ocrx_word' id='word_1_642' title='bbox 1085 4765 1481 4836; x_wconf 78' lang='grc' dir='ltr'>κεκοινώνηκεν</span> <span class='ocrx_word' id='word_1_643' title='bbox 1526 4771 1757 4838; x_wconf 77' lang='grc' dir='ltr'>αἵματος</span> <span class='ocrx_word' id='word_1_644' title='bbox 1791 4775 1886 4825; x_wconf 69' lang='grc' dir='ltr'><strong>καὶ</strong></span> 
     </span>
    </p>
   </div>
   <div class='ocr_carea' id='block_1_92' title="bbox 311 4849 1885 4930">
    <p class='ocr_par' dir='ltr' id='par_1_92' title="bbox 311 4849 1885 4930">
     <span class='ocr_line' id='line_1_92' title="bbox 311 4849 1885 4930; baseline 0.01 -29"><span class='ocrx_word' id='word_1_645' title='bbox 311 4849 533 4920; x_wconf 73' lang='grc' dir='ltr'>σαρκὸς.</span> <span class='ocrx_word' id='word_1_646' title='bbox 587 4853 682 4902; x_wconf 70' lang='grc' dir='ltr'>καὶ</span> <span class='ocrx_word' id='word_1_647' title='bbox 729 4851 889 4914; x_wconf 80' lang='grc' dir='ltr'>αὐτὸς</span> <span class='ocrx_word' id='word_1_648' title='bbox 930 4855 1324 4923; x_wconf 82' lang='grc' dir='ltr'>παραπλησίως</span> <span class='ocrx_word' id='word_1_649' title='bbox 1379 4860 1606 4930; x_wconf 83' lang='grc' dir='ltr'>μετέσχε</span> <span class='ocrx_word' id='word_1_650' title='bbox 1639 4863 1749 4914; x_wconf 84' lang='grc' dir='ltr'><strong>τών</strong></span> <span class='ocrx_word' id='word_1_651' title='bbox 1791 4867 1885 4916; x_wconf 71' lang='lat' dir='ltr'><strong>ai)-</strong></span> 
     </span>
    </p>
   </div>
   <div class='ocr_carea' id='block_1_93' title="bbox 309 4941 1889 5022">
    <p class='ocr_par' dir='ltr' id='par_1_93' title="bbox 309 4941 1889 5022">
     <span class='ocr_line' id='line_1_93' title="bbox 309 4941 1889 5022; baseline 0.009 -29"><span class='ocrx_word' id='word_1_652' title='bbox 309 4942 437 5002; x_wconf 75' lang='grc' dir='ltr'>τῶν,</span> <span class='ocrx_word' id='word_1_653' title='bbox 483 4942 568 4993; x_wconf 84' lang='grc' dir='ltr'><strong>ἵνα</strong></span> <span class='ocrx_word' id='word_1_654' title='bbox 617 4941 705 4993; x_wconf 81' lang='grc' dir='ltr'>διὰ</span> <span class='ocrx_word' id='word_1_655' title='bbox 736 4941 829 4992; x_wconf 81' lang='grc' dir='ltr'><strong>τοῦ</strong></span> <span class='ocrx_word' id='word_1_656' title='bbox 864 4942 1094 4995; x_wconf 85' lang='grc' dir='ltr'>θανάτου</span> <span class='ocrx_word' id='word_1_657' title='bbox 1129 4949 1447 5017; x_wconf 82' lang='grc' dir='ltr'>καταργήσῃ</span> <span class='ocrx_word' id='word_1_658' title='bbox 1480 4950 1570 5002; x_wconf 72' lang='grc' dir='ltr'><strong>τὸν</strong></span> <span class='ocrx_word' id='word_1_659' title='bbox 1596 4952 1655 5003; x_wconf 84' lang='grc' dir='ltr'><strong>τὸ</strong></span> <span class='ocrx_word' id='word_1_660' title='bbox 1690 4953 1889 5022; x_wconf 78' lang='grc' dir='ltr'>κράτος</span> 
     </span>
    </p>
   </div>
   <div class='ocr_carea' id='block_1_94' title="bbox 311 5032 1886 5102">
    <p class='ocr_par' dir='ltr' id='par_1_94' title="bbox 311 5032 1886 5102">
     <span class='ocr_line' id='line_1_94' title="bbox 311 5032 1886 5102; baseline 0.008 -18"><span class='ocrx_word' id='word_1_661' title='bbox 311 5032 499 5100; x_wconf 58' lang='grc' dir='ltr'>ἔίοντα</span> <span class='ocrx_word' id='word_1_662' title='bbox 528 5032 620 5085; x_wconf 70' lang='grc' dir='ltr'>τοῦ</span> <span class='ocrx_word' id='word_1_663' title='bbox 657 5034 912 5099; x_wconf 81' lang='grc' dir='ltr'>θανάτου,</span> <span class='ocrx_word' id='word_1_664' title='bbox 942 5037 1206 5099; x_wconf 86' lang='grc' dir='ltr'>τουτέστι,</span> <span class='ocrx_word' id='word_1_665' title='bbox 1239 5039 1327 5090; x_wconf 80' lang='grc' dir='ltr'><strong>τὸν</strong></span> <span class='ocrx_word' id='word_1_666' title='bbox 1357 5040 1622 5102; x_wconf 74' lang='grc' dir='ltr'>διάϐολον.</span> <span class='ocrx_word' id='word_1_667' title='bbox 1653 5044 1746 5094; x_wconf 76' lang='grc' dir='ltr'><strong>καὶ</strong></span> <span class='ocrx_word' id='word_1_668' title='bbox 1785 5046 1886 5096; x_wconf 86' lang='grc' dir='ltr'>ἀπ-</span> 
     </span>
    </p>
   </div>
   <div class='ocr_carea' id='block_1_95' title="bbox 310 5123 1890 5196">
    <p class='ocr_par' dir='ltr' id='par_1_95' title="bbox 310 5123 1890 5196">
     <span class='ocr_line' id='line_1_95' title="bbox 310 5123 1890 5196; baseline 0.006 -19"><span class='ocrx_word' id='word_1_669' title='bbox 310 5123 514 5194; x_wconf 71' lang='grc' dir='ltr'>αλλάξῃ</span> <span class='ocrx_word' id='word_1_670' title='bbox 545 5124 766 5188; x_wconf 82' lang='grc' dir='ltr'>τούτους</span> <span class='ocrx_word' id='word_1_671' title='bbox 787 5165 801 5187; x_wconf 88' lang='grc'><strong>,</strong></span> <span class='ocrx_word' id='word_1_672' title='bbox 847 5127 960 5179; x_wconf 81' lang='grc' dir='ltr'>ὅσοι</span> <span class='ocrx_word' id='word_1_673' title='bbox 990 5126 1140 5196; x_wconf 77' lang='grc' dir='ltr'><strong>φόϐῳ</strong></span> <span class='ocrx_word' id='word_1_674' title='bbox 1172 5128 1402 5181; x_wconf 83' lang='grc' dir='ltr'>θανάτου</span> <span class='ocrx_word' id='word_1_675' title='bbox 1433 5130 1522 5181; x_wconf 79' lang='grc' dir='ltr'>διὰ</span> <span class='ocrx_word' id='word_1_676' title='bbox 1559 5134 1760 5194; x_wconf 78' lang='grc' dir='ltr'>παντὸς</span> <span class='ocrx_word' id='word_1_677' title='bbox 1796 5134 1890 5186; x_wconf 83' lang='grc' dir='ltr'><strong>τοῦ</strong></span> 
     </span>
    </p>
   </div>
   <div class='ocr_carea' id='block_1_96' title="bbox 311 5208 1894 5291">
    <p class='ocr_par' dir='ltr' id='par_1_96' title="bbox 311 5208 1894 5291">
     <span class='ocr_line' id='line_1_96' title="bbox 311 5208 1894 5291; baseline 0.005 -23"><span class='ocrx_word' id='word_1_678' title='bbox 311 5219 411 5286; x_wconf 74' lang='grc' dir='ltr'><strong>ζῇν</strong></span> <span class='ocrx_word' id='word_1_679' title='bbox 454 5217 623 5286; x_wconf 76' lang='grc' dir='ltr'>ἔνοχοι</span> <span class='ocrx_word' id='word_1_680' title='bbox 673 5213 814 5286; x_wconf 77' lang='grc' dir='ltr'>ἦσαν</span> <span class='ocrx_word' id='word_1_681' title='bbox 856 5208 1116 5281; x_wconf 82' lang='grc' dir='ltr'>δουλείας.</span> <span class='ocrx_word' id='word_1_682' title='bbox 1168 5221 1240 5271; x_wconf 74' lang='grc' dir='ltr'><strong>Οὐ</strong></span> <span class='ocrx_word' id='word_1_683' title='bbox 1287 5221 1394 5291; x_wconf 78' lang='grc' dir='ltr'>γὰρ</span> <span class='ocrx_word' id='word_1_684' title='bbox 1442 5221 1612 5290; x_wconf 82' lang='grc' dir='ltr'>δήπου</span> <span class='ocrx_word' id='word_1_685' title='bbox 1645 5225 1894 5291; x_wconf 83' lang='grc' dir='ltr'>ἀγγέλων</span> 
     </span>
    </p>
   </div>
   <div class='ocr_carea' id='block_1_97' title="bbox 313 5307 1889 5386">
    <p class='ocr_par' dir='ltr' id='par_1_97' title="bbox 313 5307 1889 5386">
     <span class='ocr_line' id='line_1_97' title="bbox 313 5307 1889 5386; baseline 0.007 -28"><span class='ocrx_word' id='word_1_686' title='bbox 313 5307 743 5376; x_wconf 75' lang='grc' dir='ltr'>ἐπιλαμϐάνεται</span> <span class='ocrx_word' id='word_1_687' title='bbox 768 5349 782 5372; x_wconf 85' lang='grc'><strong>,</strong></span> <span class='ocrx_word' id='word_1_688' title='bbox 830 5310 969 5362; x_wconf 78' lang='grc' dir='ltr'>ἀλλὰ</span> <span class='ocrx_word' id='word_1_689' title='bbox 1014 5313 1330 5381; x_wconf 78' lang='grc' dir='ltr'>σπέρματος</span> <span class='ocrx_word' id='word_1_690' title='bbox 1371 5313 1622 5384; x_wconf 71' lang='grc' dir='ltr'>Ἀϐραὰμ</span> <span class='ocrx_word' id='word_1_691' title='bbox 1657 5317 1889 5386; x_wconf 77' lang='grc' dir='ltr'>ἐπιλαμ-</span> 
     </span>
    </p>
   </div>
   <div class='ocr_carea' id='block_1_98' title="bbox 313 5400 1889 5474">
    <p class='ocr_par' dir='ltr' id='par_1_98' title="bbox 313 5400 1889 5474">
     <span class='ocr_line' id='line_1_98' title="bbox 313 5400 1889 5474; baseline 0.006 -26"><span class='ocrx_word' id='word_1_692' title='bbox 313 5400 534 5451; x_wconf 68' lang='grc' dir='ltr'>ϐάνεται</span> <span class='ocrx_word' id='word_1_693' title='bbox 574 5417 587 5430; x_wconf 88' lang='grc'><strong>·</strong></span> <span class='ocrx_word' id='word_1_694' title='bbox 657 5400 779 5453; x_wconf 83' lang='grc' dir='ltr'>ὅθεν</span> <span class='ocrx_word' id='word_1_695' title='bbox 829 5400 1027 5470; x_wconf 73' lang='grc' dir='ltr'>ὤφειλε</span> <span class='ocrx_word' id='word_1_696' title='bbox 1085 5402 1152 5454; x_wconf 82' lang='grc' dir='ltr'><strong>τά</strong></span> <span class='ocrx_word' id='word_1_697' title='bbox 1218 5404 1397 5456; x_wconf 74' lang='grc' dir='ltr'>πάντα</span> <span class='ocrx_word' id='word_1_698' title='bbox 1467 5407 1578 5466; x_wconf 84' lang='grc' dir='ltr'>τοῖς</span> <span class='ocrx_word' id='word_1_699' title='bbox 1642 5405 1889 5474; x_wconf 72' lang='grc' dir='ltr'>ἀδελφοῖς</span> 
     </span>
    </p>
   </div>
   <div class='ocr_carea' id='block_1_99' title="bbox 312 5491 1894 5567">
    <p class='ocr_par' dir='ltr' id='par_1_99' title="bbox 312 5491 1894 5567">
     <span class='ocr_line' id='line_1_99' title="bbox 312 5491 1894 5567; baseline 0.004 -25"><span class='ocrx_word' id='word_1_700' title='bbox 312 5491 661 5560; x_wconf 80' lang='grc' dir='ltr'>ὁμοιωθῆναι.</span> <span class='ocrx_word' id='word_1_701' title='bbox 694 5512 708 5540; x_wconf 77' lang='grc' dir='ltr'><strong>ι</strong></span> <span class='ocrx_word' id='word_1_702' title='bbox 755 5492 894 5544; x_wconf 82' lang='grc' dir='ltr'><strong>Ἡδὲ</strong></span> <span class='ocrx_word' id='word_1_703' title='bbox 933 5514 950 5544; x_wconf 76' lang='grc' dir='ltr'><strong>ι</strong></span> <span class='ocrx_word' id='word_1_704' title='bbox 986 5493 1125 5545; x_wconf 76' lang='grc' dir='ltr'>κατὰ</span> <span class='ocrx_word' id='word_1_705' title='bbox 1147 5495 1323 5546; x_wconf 75' lang='grc' dir='ltr'>πάντα</span> <span class='ocrx_word' id='word_1_706' title='bbox 1361 5514 1377 5544; x_wconf 71' lang='grc' dir='ltr'><strong>ι</strong></span> <span class='ocrx_word' id='word_1_707' title='bbox 1420 5497 1696 5562; x_wconf 80' lang='grc' dir='ltr'>ὁμοίωσις,</span> <span class='ocrx_word' id='word_1_708' title='bbox 1722 5497 1894 5567; x_wconf 80' lang='grc' dir='ltr'>ἀρχὴν</span> 
     </span>
    </p>
   </div>
   <div class='ocr_carea' id='block_1_100' title="bbox 313 5582 1890 5657">
    <p class='ocr_par' dir='ltr' id='par_1_100' title="bbox 313 5582 1890 5657">
     <span class='ocr_line' id='line_1_100' title="bbox 313 5582 1890 5657; baseline 0.004 -22"><span class='ocrx_word' id='word_1_709' title='bbox 313 5582 503 5651; x_wconf 73' lang='grc' dir='ltr'>ὥσπερ</span> <span class='ocrx_word' id='word_1_710' title='bbox 530 5583 649 5635; x_wconf 83' lang='grc' dir='ltr'>τινὰ</span> <span class='ocrx_word' id='word_1_711' title='bbox 679 5583 767 5634; x_wconf 70' lang='grc' dir='ltr'><strong>καὶ</strong></span> <span class='ocrx_word' id='word_1_712' title='bbox 800 5585 1154 5652; x_wconf 70' lang='grc' dir='ltr'>προεισῦο).ὴν</span> <span class='ocrx_word' id='word_1_713' title='bbox 1186 5587 1276 5637; x_wconf 69' lang='grc' dir='ltr'>το]</span> <span class='ocrx_word' id='word_1_714' title='bbox 1312 5587 1637 5655; x_wconf 76' lang='grc' dir='ltr'>πράγματος</span> <span class='ocrx_word' id='word_1_715' title='bbox 1659 5630 1669 5648; x_wconf 87' lang='grc'><strong>,</strong></span> <span class='ocrx_word' id='word_1_716' title='bbox 1703 5590 1800 5657; x_wconf 76' lang='grc' dir='ltr'><strong>τὴν</strong></span> <span class='ocrx_word' id='word_1_717' title='bbox 1829 5594 1890 5641; x_wconf 82' lang='grc' dir='ltr'>ὲκ</span> 
     </span>
    </p>
   </div>
   <div class='ocr_carea' id='block_1_101' title="bbox 315 5677 1890 5750">
    <p class='ocr_par' dir='ltr' id='par_1_101' title="bbox 315 5677 1890 5750">
     <span class='ocr_line' id='line_1_101' title="bbox 315 5677 1890 5750; baseline 0.003 -23"><span class='ocrx_word' id='word_1_718' title='bbox 315 5677 573 5743; x_wconf 75' lang='grc' dir='ltr'>γυναικὸς</span> <span class='ocrx_word' id='word_1_719' title='bbox 606 5677 862 5742; x_wconf 73' lang='grc' dir='ltr'>ἀπότεξιν</span> <span class='ocrx_word' id='word_1_720' title='bbox 894 5677 1025 5746; x_wconf 77' lang='grc' dir='ltr'>ἔχει,</span> <span class='ocrx_word' id='word_1_721' title='bbox 1057 5680 1148 5729; x_wconf 72' lang='grc' dir='ltr'><strong>καὶ</strong></span> <span class='ocrx_word' id='word_1_722' title='bbox 1179 5679 1272 5746; x_wconf 68' lang='grc' dir='ltr'><strong>τὴν</strong></span> <span class='ocrx_word' id='word_1_723' title='bbox 1311 5681 1365 5729; x_wconf 76' lang='grc' dir='ltr'><strong>ἐν</strong></span> <span class='ocrx_word' id='word_1_724' title='bbox 1394 5682 1553 5747; x_wconf 67' lang='grc' dir='ltr'>σαρκὶ</span> <span class='ocrx_word' id='word_1_725' title='bbox 1586 5701 1614 5748; x_wconf 63' lang='grc' dir='ltr'>’,ε</span> <span class='ocrx_word' id='word_1_726' title='bbox 1631 5683 1890 5750; x_wconf 71' lang='grc' dir='ltr'>7.νέρ(ι,›7ιν</span> 
     </span>
    </p>
   </div>
   <div class='ocr_carea' id='block_1_102' title="bbox 385 5854 1524 5920">
    <p class='ocr_par' dir='ltr' id='par_1_102' title="bbox 385 5854 1524 5920">
     <span class='ocr_line' id='line_1_102' title="bbox 385 5854 1524 5920; baseline -0.002 -12"><span class='ocrx_word' id='word_1_727' title='bbox 385 5857 451 5886; x_wconf 83' lang='grc'><strong>⁵¹”</strong></span> <span class='ocrx_word' id='word_1_728' title='bbox 481 5855 496 5908; x_wconf 88' lang='grc' dir='ltr'><strong>Ι</strong></span> <span class='ocrx_word' id='word_1_729' title='bbox 527 5855 648 5909; x_wconf 74' lang='lat' dir='ltr'><strong>Cur.</strong></span> <span class='ocrx_word' id='word_1_730' title='bbox 693 5874 773 5920; x_wconf 61' lang='grc' dir='ltr'><strong>ιι,</strong></span> <span class='ocrx_word' id='word_1_731' title='bbox 819 5856 900 5909; x_wconf 66' lang='grc' dir='ltr'><strong>ἓῖ).</strong></span> <span class='ocrx_word' id='word_1_732' title='bbox 983 5859 1023 5884; x_wconf 68' lang='grc'><strong>⁵⁷</strong></span> <span class='ocrx_word' id='word_1_733' title='bbox 1061 5854 1302 5920; x_wconf 78' lang='lat' dir='ltr'><strong>ilebt‘.lt,</strong></span> <span class='ocrx_word' id='word_1_734' title='bbox 1345 5858 1399 5912; x_wconf 62' lang='lat' dir='ltr'><strong>ii</strong></span> <span class='ocrx_word' id='word_1_735' title='bbox 1447 5857 1524 5910; x_wconf 62' lang='lat' dir='ltr'><strong>I7.</strong></span> 
     </span>
    </p>
   </div>
   <div class='ocr_carea' id='block_1_103' title="bbox 1994 4667 3582 4738">
    <p class='ocr_par' dir='ltr' id='par_1_103' title="bbox 1994 4667 3582 4738">
     <span class='ocr_line' id='line_1_103' title="bbox 1994 4667 3582 4738; baseline 0.001 -18"><span class='ocrx_word' id='word_1_736' title='bbox 1994 4667 2196 4721; x_wconf 81' lang='lat' dir='ltr'><strong>Paulus</strong></span> <span class='ocrx_word' id='word_1_737' title='bbox 2229 4678 2481 4732; x_wconf 75' lang='lat' dir='ltr'><strong>testatur,</strong></span> <span class='ocrx_word' id='word_1_738' title='bbox 2503 4669 2756 4736; x_wconf 83' lang='lat' dir='ltr'><strong>inquiens</strong></span> <span class='ocrx_word' id='word_1_739' title='bbox 2791 4685 2802 4720; x_wconf 91' lang='lat'><strong>:</strong></span> <span class='ocrx_word' id='word_1_740' title='bbox 2843 4687 2860 4716; x_wconf 74' lang='grc' dir='ltr'><strong><em>ο</em></strong></span> <span class='ocrx_word' id='word_1_741' title='bbox 2891 4670 3024 4734; x_wconf 78' lang='lat' dir='ltr'><strong>Quia</strong></span> <span class='ocrx_word' id='word_1_742' title='bbox 3058 4685 3187 4738; x_wconf 82' lang='lat' dir='ltr'><strong>ergo</strong></span> <span class='ocrx_word' id='word_1_743' title='bbox 3247 4671 3397 4737; x_wconf 84' lang='lat' dir='ltr'><strong>pueri</strong></span> <span class='ocrx_word' id='word_1_744' title='bbox 3429 4684 3582 4722; x_wconf 78' lang='lat' dir='ltr'><strong>Cum-</strong></span> 
     </span>
    </p>
   </div>
   <div class='ocr_carea' id='block_1_104' title="bbox 1996 4760 3586 4830">
    <p class='ocr_par' dir='ltr' id='par_1_104' title="bbox 1996 4760 3586 4830">
     <span class='ocr_line' id='line_1_104' title="bbox 1996 4760 3586 4830; baseline 0 -18"><span class='ocrx_word' id='word_1_745' title='bbox 1996 4760 2578 4813; x_wconf 81' lang='lat' dir='ltr'><strong>muniraveruntcarui</strong></span> <span class='ocrx_word' id='word_1_746' title='bbox 2651 4772 2704 4814; x_wconf 90' lang='lat' dir='ltr'><strong>et</strong></span> <span class='ocrx_word' id='word_1_747' title='bbox 2758 4761 3032 4830; x_wconf 82' lang='lat' dir='ltr'><strong>sanguini,</strong></span> <span class='ocrx_word' id='word_1_748' title='bbox 3082 4771 3135 4814; x_wconf 90' lang='lat' dir='ltr'><strong>et</strong></span> <span class='ocrx_word' id='word_1_749' title='bbox 3201 4761 3586 4829; x_wconf 89' lang='lat' dir='ltr'><strong>ipsesimiliter</strong></span> 
     </span>
    </p>
   </div>
   <div class='ocr_carea' id='block_1_105' title="bbox 1997 4854 3583 4922">
    <p class='ocr_par' dir='ltr' id='par_1_105' title="bbox 1997 4854 3583 4922">
     <span class='ocr_line' id='line_1_105' title="bbox 1997 4854 3583 4922; baseline 0.001 -18"><span class='ocrx_word' id='word_1_750' title='bbox 1997 4854 2340 4920; x_wconf 81' lang='lat' dir='ltr'><strong>partiripavit</strong></span> <span class='ocrx_word' id='word_1_751' title='bbox 2370 4854 2610 4915; x_wconf 86' lang='lat' dir='ltr'><strong>eisdem;</strong></span> <span class='ocrx_word' id='word_1_752' title='bbox 2655 4862 2713 4905; x_wconf 89' lang='lat' dir='ltr'><strong>ut</strong></span> <span class='ocrx_word' id='word_1_753' title='bbox 2741 4869 2834 4922; x_wconf 84' lang='lat' dir='ltr'><strong>per</strong></span> <span class='ocrx_word' id='word_1_754' title='bbox 2871 4863 3102 4908; x_wconf 90' lang='lat' dir='ltr'><strong>mortem</strong></span> <span class='ocrx_word' id='word_1_755' title='bbox 3127 4855 3437 4907; x_wconf 87' lang='lat' dir='ltr'><strong>destrueret</strong></span> <span class='ocrx_word' id='word_1_756' title='bbox 3461 4869 3583 4906; x_wconf 84' lang='lat' dir='ltr'><strong>cum</strong></span> 
     </span>
    </p>
   </div>
   <div class='ocr_carea' id='block_1_106' title="bbox 2000 4946 3588 5016">
    <p class='ocr_par' dir='ltr' id='par_1_106' title="bbox 2000 4946 3588 5016">
     <span class='ocr_line' id='line_1_106' title="bbox 2000 4946 3588 5016; baseline 0.002 -21"><span class='ocrx_word' id='word_1_757' title='bbox 2000 4947 2086 5016; x_wconf 83' lang='lat' dir='ltr'><strong>qui</strong></span> <span class='ocrx_word' id='word_1_758' title='bbox 2117 4946 2346 4999; x_wconf 87' lang='lat' dir='ltr'><strong>habebat</strong></span> <span class='ocrx_word' id='word_1_759' title='bbox 2379 4947 2569 4998; x_wconf 90' lang='lat' dir='ltr'><strong>mortis</strong></span> <span class='ocrx_word' id='word_1_760' title='bbox 2611 4947 2921 5012; x_wconf 90' lang='lat' dir='ltr'><strong>imperium,</strong></span> <span class='ocrx_word' id='word_1_761' title='bbox 2961 4948 3009 4998; x_wconf 91' lang='lat' dir='ltr'><strong>id</strong></span> <span class='ocrx_word' id='word_1_762' title='bbox 3042 4959 3128 5000; x_wconf 90' lang='lat' dir='ltr'><strong>est</strong></span> <span class='ocrx_word' id='word_1_763' title='bbox 3182 4947 3482 5007; x_wconf 88' lang='lat' dir='ltr'><strong>diabolum,</strong></span> <span class='ocrx_word' id='word_1_764' title='bbox 3533 4955 3588 4998; x_wconf 85' lang='lat' dir='ltr'><strong>et</strong></span> 
     </span>
    </p>
   </div>
   <div class='ocr_carea' id='block_1_107' title="bbox 2002 5036 3582 5105">
    <p class='ocr_par' dir='ltr' id='par_1_107' title="bbox 2002 5036 3582 5105">
     <span class='ocr_line' id='line_1_107' title="bbox 2002 5036 3582 5105; baseline 0.001 -17"><span class='ocrx_word' id='word_1_765' title='bbox 2002 5037 2259 5089; x_wconf 83' lang='lat' dir='ltr'><strong>liberaret</strong></span> <span class='ocrx_word' id='word_1_766' title='bbox 2323 5051 2418 5090; x_wconf 88' lang='lat' dir='ltr'><strong>eos</strong></span> <span class='ocrx_word' id='word_1_767' title='bbox 2477 5036 2571 5105; x_wconf 90' lang='lat' dir='ltr'><strong>qui</strong></span> <span class='ocrx_word' id='word_1_768' title='bbox 2624 5038 2816 5090; x_wconf 87' lang='lat' dir='ltr'><strong>timore</strong></span> <span class='ocrx_word' id='word_1_769' title='bbox 2852 5039 3044 5089; x_wconf 87' lang='lat' dir='ltr'><strong>mortis</strong></span> <span class='ocrx_word' id='word_1_770' title='bbox 3099 5051 3192 5104; x_wconf 91' lang='lat' dir='ltr'><strong>per</strong></span> <span class='ocrx_word' id='word_1_771' title='bbox 3221 5047 3386 5090; x_wconf 86' lang='lat' dir='ltr'><strong>totam</strong></span> <span class='ocrx_word' id='word_1_772' title='bbox 3418 5037 3582 5089; x_wconf 89' lang='lat' dir='ltr'><strong>vitam</strong></span> 
     </span>
    </p>
   </div>
   <div class='ocr_carea' id='block_1_108' title="bbox 2002 5127 3586 5197">
    <p class='ocr_par' dir='ltr' id='par_1_108' title="bbox 2002 5127 3586 5197">
     <span class='ocr_line' id='line_1_108' title="bbox 2002 5127 3586 5197; baseline -0.001 -18"><span class='ocrx_word' id='word_1_773' title='bbox 2002 5137 2156 5179; x_wconf 84' lang='lat' dir='ltr'><strong>erant</strong></span> <span class='ocrx_word' id='word_1_774' title='bbox 2191 5128 2407 5180; x_wconf 84' lang='lat' dir='ltr'><strong>obnoxii</strong></span> <span class='ocrx_word' id='word_1_775' title='bbox 2444 5130 2717 5183; x_wconf 91' lang='lat' dir='ltr'><strong>servituti.</strong></span> <span class='ocrx_word' id='word_1_776' title='bbox 2754 5128 3028 5197; x_wconf 82' lang='lat' dir='ltr'><strong>Nusquam</strong></span> <span class='ocrx_word' id='word_1_777' title='bbox 3062 5129 3204 5182; x_wconf 89' lang='lat' dir='ltr'><strong>enim</strong></span> <span class='ocrx_word' id='word_1_778' title='bbox 3241 5127 3462 5196; x_wconf 83' lang='lat' dir='ltr'><strong>angelos</strong></span> <span class='ocrx_word' id='word_1_779' title='bbox 3492 5143 3586 5197; x_wconf 86' lang='lat' dir='ltr'><strong>ap-</strong></span> 
     </span>
    </p>
   </div>
   <div class='ocr_carea' id='block_1_109' title="bbox 2004 5221 3587 5290">
    <p class='ocr_par' dir='ltr' id='par_1_109' title="bbox 2004 5221 3587 5290">
     <span class='ocr_line' id='line_1_109' title="bbox 2004 5221 3587 5290; baseline 0.001 -18"><span class='ocrx_word' id='word_1_780' title='bbox 2004 5222 2310 5288; x_wconf 85' lang='lat' dir='ltr'><strong>prehendit,</strong></span> <span class='ocrx_word' id='word_1_781' title='bbox 2338 5223 2429 5275; x_wconf 87' lang='lat' dir='ltr'><strong>sed</strong></span> <span class='ocrx_word' id='word_1_782' title='bbox 2461 5238 2646 5275; x_wconf 84' lang='lat' dir='ltr'><strong>semen</strong></span> <span class='ocrx_word' id='word_1_783' title='bbox 2705 5223 2935 5276; x_wconf 79' lang='lat' dir='ltr'><strong>Abralne</strong></span> <span class='ocrx_word' id='word_1_784' title='bbox 2997 5222 3373 5290; x_wconf 82' lang='lat' dir='ltr'><strong>apprehendit.</strong></span> <span class='ocrx_word' id='word_1_785' title='bbox 3431 5221 3587 5275; x_wconf 87' lang='lat' dir='ltr'><strong>Unde</strong></span> 
     </span>
    </p>
   </div>
   <div class='ocr_carea' id='block_1_110' title="bbox 2001 5314 3586 5382">
    <p class='ocr_par' dir='ltr' id='par_1_110' title="bbox 2001 5314 3586 5382">
     <span class='ocr_line' id='line_1_110' title="bbox 2001 5314 3586 5382; baseline 0.003 -18"><span class='ocrx_word' id='word_1_786' title='bbox 2001 5314 2184 5366; x_wconf 83' lang='lat' dir='ltr'><strong>debuit</strong></span> <span class='ocrx_word' id='word_1_787' title='bbox 2215 5330 2308 5382; x_wconf 89' lang='lat' dir='ltr'><strong>per</strong></span> <span class='ocrx_word' id='word_1_788' title='bbox 2326 5316 2506 5368; x_wconf 90' lang='lat' dir='ltr'><strong>omnia</strong></span> <span class='ocrx_word' id='word_1_789' title='bbox 2533 5316 2791 5370; x_wconf 81' lang='lat' dir='ltr'><strong>fratribus</strong></span> <span class='ocrx_word' id='word_1_790' title='bbox 2822 5317 3112 5370; x_wconf 85' lang='lat' dir='ltr'><strong>assitnilari</strong></span> <span class='ocrx_word' id='word_1_791' title='bbox 3142 5319 3247 5370; x_wconf 68' lang='lat' dir='ltr'><strong>“.i</strong></span> <span class='ocrx_word' id='word_1_792' title='bbox 3272 5317 3586 5371; x_wconf 87' lang='lat' dir='ltr'><strong>Similitudo</strong></span> 
     </span>
    </p>
   </div>
   <div class='ocr_carea' id='block_1_111' title="bbox 1999 5409 3588 5476">
    <p class='ocr_par' dir='ltr' id='par_1_111' title="bbox 1999 5409 3588 5476">
     <span class='ocr_line' id='line_1_111' title="bbox 1999 5409 3588 5476; baseline 0.004 -19"><span class='ocrx_word' id='word_1_793' title='bbox 1999 5415 2180 5459; x_wconf 84' lang='lat' dir='ltr'><strong>autem</strong></span> <span class='ocrx_word' id='word_1_794' title='bbox 2217 5426 2234 5456; x_wconf 76' lang='grc' dir='ltr'><strong>ι</strong></span> <span class='ocrx_word' id='word_1_795' title='bbox 2275 5423 2370 5474; x_wconf 84' lang='lat' dir='ltr'><strong>per</strong></span> <span class='ocrx_word' id='word_1_796' title='bbox 2421 5409 2633 5471; x_wconf 85' lang='lat' dir='ltr'><strong>omnia,</strong></span> <span class='ocrx_word' id='word_1_797' title='bbox 2678 5426 2696 5458; x_wconf 75' lang='grc' dir='ltr'><strong>ι</strong></span> <span class='ocrx_word' id='word_1_798' title='bbox 2733 5409 2946 5462; x_wconf 90' lang='lat' dir='ltr'><strong>initium</strong></span> <span class='ocrx_word' id='word_1_799' title='bbox 2998 5409 3393 5474; x_wconf 91' lang='lat' dir='ltr'><strong>quodammodo</strong></span> <span class='ocrx_word' id='word_1_800' title='bbox 3426 5421 3588 5476; x_wconf 85' lang='lat' dir='ltr'><strong>atque</strong></span> 
     </span>
    </p>
   </div>
   <div class='ocr_carea' id='block_1_112' title="bbox 1999 5501 3587 5565">
    <p class='ocr_par' dir='ltr' id='par_1_112' title="bbox 1999 5501 3587 5565">
     <span class='ocr_line' id='line_1_112' title="bbox 1999 5501 3587 5565; baseline 0.003 -17"><span class='ocrx_word' id='word_1_801' title='bbox 1999 5501 2352 5565; x_wconf 85' lang='lat' dir='ltr'><strong>primordium</strong></span> <span class='ocrx_word' id='word_1_802' title='bbox 2379 5502 2536 5554; x_wconf 86' lang='lat' dir='ltr'><strong>habet</strong></span> <span class='ocrx_word' id='word_1_803' title='bbox 2572 5503 2906 5556; x_wconf 88' lang='lat' dir='ltr'><strong>nativitalem</strong></span> <span class='ocrx_word' id='word_1_804' title='bbox 2933 5517 2998 5555; x_wconf 84' lang='lat' dir='ltr'><strong>ex</strong></span> <span class='ocrx_word' id='word_1_805' title='bbox 3039 5501 3285 5563; x_wconf 78' lang='lat' dir='ltr'><strong>muliere,</strong></span> <span class='ocrx_word' id='word_1_806' title='bbox 3317 5510 3370 5553; x_wconf 88' lang='lat' dir='ltr'><strong>et</strong></span> <span class='ocrx_word' id='word_1_807' title='bbox 3416 5503 3587 5553; x_wconf 82' lang='lat' dir='ltr'><strong>mani-</strong></span> 
     </span>
    </p>
   </div>
   <div class='ocr_carea' id='block_1_113' title="bbox 1999 5591 3585 5662">
    <p class='ocr_par' dir='ltr' id='par_1_113' title="bbox 1999 5591 3585 5662">
     <span class='ocr_line' id='line_1_113' title="bbox 1999 5591 3585 5662; baseline 0 -21"><span class='ocrx_word' id='word_1_808' title='bbox 1999 5591 2342 5643; x_wconf 58' lang='lat' dir='ltr'><strong>l‘estatinncm</strong></span> <span class='ocrx_word' id='word_1_809' title='bbox 2369 5594 2417 5644; x_wconf 88' lang='lat' dir='ltr'><strong>iu</strong></span> <span class='ocrx_word' id='word_1_810' title='bbox 2449 5609 2610 5644; x_wconf 73' lang='lat' dir='ltr'><strong>carne</strong></span> <span class='ocrx_word' id='word_1_811' title='bbox 2633 5594 2747 5662; x_wconf 78' lang='lat' dir='ltr'><strong>ejus</strong></span> <span class='ocrx_word' id='word_1_812' title='bbox 2771 5593 2859 5662; x_wconf 90' lang='lat' dir='ltr'><strong>qui</strong></span> <span class='ocrx_word' id='word_1_813' title='bbox 2893 5593 3044 5662; x_wconf 80' lang='lat' dir='ltr'><strong>juxta</strong></span> <span class='ocrx_word' id='word_1_814' title='bbox 3115 5593 3388 5660; x_wconf 84' lang='lat' dir='ltr'><strong>propriam</strong></span> <span class='ocrx_word' id='word_1_815' title='bbox 3427 5603 3585 5643; x_wconf 85' lang='lat' dir='ltr'><strong>uatu-</strong></span> 
     </span>
    </p>
   </div>
   <div class='ocr_carea' id='block_1_114' title="bbox 2002 5686 3586 5754">
    <p class='ocr_par' dir='ltr' id='par_1_114' title="bbox 2002 5686 3586 5754">
     <span class='ocr_line' id='line_1_114' title="bbox 2002 5686 3586 5754; baseline 0.006 -22"><span class='ocrx_word' id='word_1_816' title='bbox 2002 5698 2113 5733; x_wconf 84' lang='lat' dir='ltr'><strong>ram</strong></span> <span class='ocrx_word' id='word_1_817' title='bbox 2149 5686 2292 5736; x_wconf 61' lang='grc' dir='ltr'>ενι-ιιι</span> <span class='ocrx_word' id='word_1_818' title='bbox 2351 5687 2554 5752; x_wconf 81' lang='lat' dir='ltr'><strong>nequit,</strong></span> <span class='ocrx_word' id='word_1_819' title='bbox 2604 5697 2653 5739; x_wconf 89' lang='lat' dir='ltr'><strong>ct</strong></span> <span class='ocrx_word' id='word_1_820' title='bbox 2714 5687 3135 5754; x_wconf 78' lang='lat' dir='ltr'><strong>dispensativain</strong></span> <span class='ocrx_word' id='word_1_821' title='bbox 3194 5686 3586 5742; x_wconf 79' lang='lat' dir='ltr'><strong>habitationem</strong></span> 
     </span>
    </p>
   </div>
  </div>
