4036 6336
504 401 626 458 1271

1477 402 1534 458 8.
1577 401 1852 458 CYRILLI
1891 400 2355 456 ALEXANDIIINI
2399 403 2716 459 ARCHIEP.

3601 404 3748 461 1272

500 520 634 573 liber
655 529 759 586 est,
801 523 937 576 servi
975 521 1200 579 formam
1221 523 1426 592 accepit
1464 539 1476 574 :
1509 523 1600 594 qui
1659 522 1924 581 creaturis
1977 523 2035 576 bc

2141 569 2144 579 .
2174 524 2410 592 εὐλογῶν
2443 525 2538 594 τὴν
2585 527 2780 588 κτίσιν,
2813 525 3106 596 ἐπάρατος,
3141 529 3233 581 καὶ
3265 527 3323 578 ὲν
3352 527 3462 588 τοῖς
3496 527 3744 595 ἀνόμοις,

499 611 722 674 uedicit,
756 611 930 668 factus
961 624 1046 668 est
1082 614 1467 678 exsecrabilis;
1506 622 1925 682 numeratusque
1981 623 2063 667 est

498 714 636 757 inter
658 707 1094 773 przevaricatores
1137 709 1266 776 legis
1291 709 1334 761 is
1362 707 1453 776 qui
1482 717 1563 761 est
1611 707 1788 761 omnis
1829 707 2056 774 justitia,

496 799 1000 866 mortemquesubiit
1039 803 1147 855 vita
1171 803 1303 871 ipsa.
1334 801 1516 870 Neque
1532 804 1672 857 enim
1696 815 1810 857 erat
1837 803 2060 856 alterius

495 887 808 958 rujuspiam.
831 893 922 945 sed
957 893 1134 961 potius
1163 893 1331 962 ipsius
1370 895 1660 948 secundum
1692 903 1936 947 naturam
1969 893 2057 945 Fi-

494 977 543 1027 lii
574 992 792 1046 corpus,
819 981 868 1034 id
895 983 1035 1049 quod
1061 993 1284 1036 mortem
1315 983 1476 1055 724
1510 987 1694 1041 subiit.
1754 987 1906 1040 Anne
1931 1002 2057 1037 vero

493 1077 750 1135 tanquam
793 1085 897 1125 non
932 1083 1076 1127 recte
1109 1073 1286 1139 factis,
1329 1080 1441 1131 sive
1489 1093 1516 1130 a
1570 1078 1726 1133 nobis
1752 1079 1928 1142 dictis,
1959 1077 2055 1130 ali-

490 1158 617 1225 quid
646 1158 813 1215 habes
849 1163 992 1230 quod
1019 1164 1101 1220 his
1135 1166 1396 1234 obiicias?

556 1247 617 1301 Β.
658 1252 1028 1320 Nequaquam.

553 1341 618 1393 Α.
659 1339 923 1398 Caeterum
967 1347 1068 1402 hoc
1097 1349 1227 1404 mihi
1262 1360 1522 1419 praetcrea
1591 1352 1977 1408 animadverte.

554 1429 612 1483 Β.
638 1429 923 1502 Quidnam,
948 1437 1209 1494 obsecro?

554 1522 616 1572 A.
646 1521 889 1579 Christus
943 1527 1138 1582 alicubi
1199 1530 1264 1586 ad
1330 1546 1423 1586 eos
1461 1533 1550 1601 qui
1596 1535 2046 1588 resurrectionem

483 1621 816 1668 mortuorum
861 1618 1044 1672 tollere
1097 1621 1524 1687 nituntur,dixit
1563 1641 1574 1675 :
1610 1642 1628 1675 ι
1688 1623 1802 1678 Νοη
1843 1626 2048 1695 legistis

483 1702 605 1767 quia
628 1705 717 1772 qui
748 1705 872 1761 fecit
901 1710 1171 1766 hominem
1216 1715 1280 1766 ab
1310 1714 1481 1779 initio,
1526 1715 1822 1770 masculum
1880 1726 1932 1771 et
1968 1717 2044 1771 leo

481 1794 679 1846 utinam
737 1797 1068 1854 feciteos“?
1130 1821 1148 1852 ι
1208 1803 1408 1858 Scribit
1454 1820 1582 1860 vero
1642 1807 1804 1860 etiam
1835 1807 2045 1862 divinus

2171 619 2202 686 ἡ
2242 621 2387 672 πᾶσα
2414 619 2750 689 δικαιοσύνη,
2775 622 2868 671 καὶ
2891 622 2947 671 ὲν
2985 620 3201 692 δοκήσει
3249 620 3476 673 θανάτου
3519 619 3746 687 γέγονεν

2168 709 2200 778 ή
2233 709 2364 780 ζωή.
2393 712 2465 763 Οὐ
2504 711 2611 781 γὰρ
2644 707 2710 780 ἦν
2733 711 2919 779 ἐτέρου
2944 711 3107 776 τινος,
3141 712 3305 764 αὑτοῦ
3327 711 3382 764 δὲ
3419 711 3617 781 μᾶλλον
3645 709 3745 763 τοῦ

2169 799 2308 850 κατὰ
2356 800 2515 866 φύσιν
2546 799 2696 863 Υῐοῦ,
2735 802 2795 854 τὸ
2822 801 2916 853 τοῦ
2941 801 3170 855 θανάτου
3193 805 3524 872 γευσάμενον
3558 803 3740 870 σῶμα.

2165 883 2291 960 ’Ἆρ’
2337 889 2409 953 ὡς
2443 893 2542 943 οὐκ
2581 887 2638 944 εὖ
2672 892 2971 960 γεγονόσιν,
3021 893 3186 962 ήγουν
3233 893 3366 962 πρὸς
3401 892 3556 962 ήμῶν
3585 892 3745 962 εἰρή-

2167 981 2349 1049 μένοις
2373 982 2517 1052 ἔχεις
2550 1001 2598 1036 τι
2639 985 2846 1046 τούτοις
2875 985 3166 1054 ἐπιτιμᾷνς

2232 1249 2286 1301 Β.
2332 1247 2616 1316 Οὐδαμῶς.

2233 1343 2294 1393 Α.
2334 1341 2522 1410 Ἀθρει
2553 1339 2615 1409 δή
2650 1355 2736 1406 μοι
2771 1339 2988 1390 κάκεῖνο
3020 1338 3151 1406 πρὸς
3181 1336 3409 1398 τούτοις.

2230 1433 2287 1483 Β.
2333 1431 2405 1481 Τὸ
2433 1431 2484 1481 τι
2513 1429 2576 1498 δή
2605 1429 2744 1496 em;

2229 1525 2290 1576 A.
2339 1522 2480 1590 Ἔφη
2520 1538 2621 1572 που
2654 1520 2886 1589 Χριστὸς
2921 1520 3030 1581 τοῖς
3069 1519 3310 1586 ἀναιρεῖν
3351 1514 3590 1568 ἐθέλουσι
3632 1513 3734 1584 τὴν

2156 1616 2452 1668 ἀνάστασιν
2490 1612 2596 1664 τῶν
2631 1611 2867 1681 νεκρῶν·
2908 1630 2924 1660 ι
2957 1611 3070 1662 Οὐκ
3101 1609 3391 1674 ἀνέγνωτε,
3415 1608 3542 1658 ὅτιὸ
3576 1606 3732 1673 ποιήο

2157 1718 2254 1763 σας
2283 1700 2372 1752 τὸν
2404 1699 2687 1768 ἄνθρωπον
2715 1700 2769 1748 ἐν
2797 1698 3010 1766 ἀρχαῖς,
3051 1697 3217 1766 ἄρσεν
3253 1696 3347 1746 καὶ
3376 1694 3506 1763 θῆλυ
3542 1694 3732 1764 ἐποίη-

2156 1809 2246 1845 σεν
2270 1791 2500 1854 αὐτούς,
2538 1809 2555 1840 ι
2611 1790 2814 1860 Γράφει
2852 1788 2908 1842 ἑὲ
2952 1789 3044 1842 καὶ
3090 1790 3117 1839 6
3147 1787 3430 1850 θεσπέσιος
3481 1786 3691 1849 Παῦλος
3715 1801 3726 1814 ·

2997 1880 3012 1903 ~.
3035 1881 3063 1903 ,ι
3085 1877 3234 1903 ωε-..
3265 1876 3520 1903 :...:-..---
3557 1894 3571 1903 .
3598 1869 3690 1903 [τ-

480 1880 710 1939 Paulus:
746 1905 763 1939 ι
788 1886 1108 1946 lIonorabilc
1132 1896 1460 1949 counubium
1501 1897 1552 1950 in
1582 1898 1851 1963 omnibus,
1883 1908 1937 1953 et
1964 1909 2035 1952 tn-

2157 1903 2174 1932 (
2203 1881 2393 1951 Τίμιος
2423 1882 2450 1932 6
2478 1882 2654 1949 γάμος
2673 1883 2728 1932 ἐν
2746 1881 2898 1942 πᾶσι,
2924 1880 3018 1930 καὶ
3035 1881 3066 1948 ὴ
3085 1877 3237 1947 κοίτη
3261 1876 3538 1946 ἀμίαντος.
3556 1894 3572 1924 ι
3598 1876 3728 1926 Εἶτα

481 1985 571 2024 rus
616 1977 991 2033 immaculatus
1020 1981 1084 2036 ".
1126 2000 1144 2033 ι
1201 1983 1318 2048 Quo
1345 1995 1500 2053 pacto
1541 2001 1668 2041 vero
1717 1989 2048 2057 unigenitum

480 2060 570 2115 Dei
598 2062 847 2130 Verbum,
874 2084 992 2124 cum
1037 2082 1278 2127 nostrain
1309 2075 1710 2132 similitudinem
1732 2080 1914 2134 subire
1946 2080 2051 2134 vel-

478 2154 573 2219 let,
601 2157 666 2208 ad
690 2160 1129 2221 constitutionem
1161 2167 1272 2221 sive
1295 2171 1695 2236 generationem
1716 2185 1826 2224 sua:
1844 2173 2046 2237 carnis,

477 2246 723 2303 humana:
751 2262 956 2306 naturae
986 2253 1128 2324 leges
1183 2257 1362 2312 valere
1415 2259 1620 2314 noluit?
1671 2259 1855 2342 Neq’ue
1901 2264 2044 2316 enim

473 2347 538 2387 ex
573 2345 689 2393 toro
713 2351 764 2394 et
797 2344 1044 2418 conjugio
1070 2349 1218 2402 nasci
1245 2350 1435 2414 voluit,
1477 2353 1568 2406 sed
1603 2367 1667 2406 ex
1701 2353 1922 2423 Virgine
1941 2355 2042 2408 viri

473 2427 686 2486 nescia.
727 2443 1035 2501 praegnante
1084 2450 1147 2490 ex
1219 2437 1446 2507 Spiritu,
1507 2442 1871 2497 obumbrante
1945 2444 2044 2512 ipsi

471 2516 669 2571 virtute
695 2518 812 2585 Dei,
855 2523 994 2578 sicut
1027 2528 1285 2596 scriptum
1313 2540 1398 2584 est
1417 2532 1481 2584 ‘9.
1507 2532 1640 2586 Cum
1696 2533 1878 2603 itaque
1905 2534 2045 2589 Deus

472 2609 772 2676 coniugium
794 2629 897 2666 non
945 2629 1282 2683 aspernetur,
1305 2624 1398 2674 sed
1440 2625 1618 2692 potius
1669 2624 2043 2681 benedictione

471 2714 564 2751 sua
591 2700 715 2755 illud
741 2705 1345 2776 decoret,quamobrem
1370 2712 1642 2785 Virginem
1675 2727 2041 2786 przegnamom

471 2803 531 2842 ex
563 2789 789 2858 Spiritu,
852 2799 1032 2852 carnis
1074 2815 1185 2854 suae
1229 2813 1454 2858 matrem
1498 2821 1619 2862 esse
1646 2808 2040 2864 volueritDeus

470 2883 732 2938 exsistens
760 2885 1014 2954 Verbum,
1033 2908 1138 2945 non
1172 2892 1328 2947 facile
1357 2895 1609 2951 dixerim.
1637 2896 1876 2952 Tametsi
1904 2915 2042 2968 quo-

471 2975 627 3025 modo
655 2991 757 3028 non
789 2981 958 3035 cuivis
990 2983 1270 3037 manifesta
1311 2985 1475 3040 fuerit
1506 2987 1620 3055 ejus
1673 2990 1747 3042 rei
1801 2993 2038 3057 occasio,

469 3064 594 3117 illud
621 3069 1025 3126 consideranti?
1064 3074 1348 3130 Descendit
1380 3079 1542 3144 enim,
1588 3080 1701 3134 sive
1762 3080 1920 3137 homo
1962 3083 2040 3136 fa-

472 3164 584 3209 ctus
611 3168 693 3212 est
741 3159 928 3228 Filius,
977 3164 1380 3223 instauraturus
1435 3181 1615 3224 nostra
1671 3183 1922 3242 tauquam
1983 3177 2034 3230 in

471 3247 681 3316 seipse;
725 3266 787 3306 ac
817 3255 1049 3320 primum
1103 3260 1318 3327 quidem
1383 3260 1434 3315 in
1472 3273 1711 3315 sanctam
1745 3265 2033 3332 quamdam

471 3346 632 3406 atque
665 3342 1032 3400 admirabilem
1106 3352 1438 3405 nativitatem
1491 3363 1544 3406 et
1596 3356 1784 3406 vitam.
1835 3357 2036 3411 Factus

470 3439 653 3486 autem
682 3440 764 3486 est
788 3437 947 3489 etiam
979 3441 1182 3507 primus
1212 3444 1325 3509 ipse
1365 3452 1527 3496 natus
1568 3458 1630 3496 ex
1683 3444 1886 3512 Spiritu
1929 3448 2036 3509 (se-

467 3523 699 3576 cundum
747 3540 964 3579 carnem
1030 3529 1291 3598 inquam),
1351 3542 1407 3584 ut
1475 3533 1576 3585 hac
1643 3542 1894 3600 tauquam
1950 3536 2034 3588 via

467 3612 628 3664 etiam
655 3614 703 3666 in
731 3631 828 3668 nos
866 3617 1017 3682 ipsos
1071 3628 1384 3675 transeunte
1413 3623 1604 3689 gratia,
1636 3639 1739 3675 non
1799 3640 1864 3676 ex
1907 3639 2035 3677 sau-

474 3703 927 3774 guinibus,neque
955 3721 1019 3760 ex
1050 3709 1318 3764 voluntate
1341 3713 1539 3776 carnis,
1566 3728 1736 3781 neque
1751 3728 1816 3768 ex
1843 3716 2033 3768 volun-

469 3801 575 3845 tate
607 3796 840 3860 viri,sed
875 3814 938 3850 ex
973 3797 1076 3852 Deo
1115 3817 1208 3868 per
1241 3802 1498 3863 Spiritum
1560 3808 2027 3874 regenerationem

468 3884 880 3939 intellectualem
923 3893 1198 3944 consecuti
1232 3893 1294 3958 ⁸³,
1333 3903 1386 3945 et
1439 3895 1867 3950 conformitatcm
1931 3899 2034 3967 spi-

469 3976 710 4030 i-itualem
735 3996 854 4032 cum
887 3997 950 4034 eo
977 3983 1066 4049 qui
1111 3991 1301 4036 natura
1335 3999 1398 4038 ac
1424 4001 1549 4039 vere
1579 3997 1661 4039 est
1682 3987 1845 4042 Filius
1869 3989 2030 4058 adep-

467 4068 526 4130 ti,
558 4067 723 4122 Deum
782 4084 1034 4125 vocemus
1058 4073 1304 4134 Patrem,
1341 4085 1499 4144 atque
1524 4079 1594 4130 ita
1649 4079 2030 4147 incorruptibi-

465 4159 538 4211 les
565 4174 1005 4228 permaueamus;
1037 4164 1268 4230 noujam
1300 4167 1527 4234 amplius
1591 4169 1820 4238 priorem
1857 4171 2023 4232 illum,

464 4253 562 4305 hoc
599 4262 700 4312 est,
733 4255 991 4307 Adamqu
1021 4267 1225 4324 patrem
1265 4259 1541 4322 habentes,
1581 4264 1630 4313 iu
1685 4279 1789 4330 quo
1830 4276 1881 4318 et
1906 4279 2027 4319 cor-

463 4345 602 4411 rupti
637 4360 870 4399 eramus.
898 4345 1101 4400 Idcirco
1125 4359 1173 4400 et
1203 4349 1449 4403 Christus
1478 4351 1672 4418 inquit,
1725 4355 1848 4407 alibi
1909 4357 2028 4424 qui-

459 4438 577 4487 dem
609 4451 621 4488 :
663 4454 679 4487 ι
722 4436 1102 4490 Nolitevocare
1120 4450 1325 4507 patrem
1349 4453 1581 4495 vestrum
1611 4443 1660 4495 in
1697 4446 2027 4502 terris.Unus

2153 1973 2268 2034 πῶς
2304 1974 2331 2024 6
2377 1971 2667 2040 μονογενὴς
2702 1967 2790 2022 τοῦ
2830 1967 2964 2020 Θεοῦ
3011 1967 3200 2034 Λόγος,
3243 1966 3338 2035 τὴν
3393 1965 3527 2035 πρὸς
3578 1965 3725 2034 ἡμᾶς

2149 2065 2406 2133 ὁμοίωσιν
2445 2061 2690 2116 ἐπελθεῖν
2724 2060 3006 2130 ἐθελήσας,
3043 2060 3104 2111 οὐ
3152 2062 3262 2121 τοῖς
3310 2061 3410 2126 τῆς
3439 2057 3723 2126 ἀνθρωπό-

2150 2169 2309 2221 τητος
2339 2152 2523 2220 νόμοις
2554 2153 2721 2219 ἐφῆκε
2749 2153 2989 2221 κρατεῖν,
3030 2151 3108 2212 εἰς
3145 2149 3422 2211 σύστασιν,
3449 2149 3566 2218 ἦτοι
3596 2147 3724 2214 γένο

2148 2262 2302 2315 νησιν
2332 2248 2430 2314 τῆς
2457 2244 2592 2305 ἰδίας
2618 2241 2783 2295 αὑτοῦ
2811 2241 3012 2312 σαρκός
3037 2259 3050 2305 ;
3085 2243 3159 2295 Οὐ
3193 2242 3302 2313 γὰρ
3337 2244 3399 2293 ὲκ
3424 2241 3608 2310 κοίτης
3632 2239 3725 2294 καὶ

2149 2336 2341 2406 γάμων
2382 2335 2641 2404 ἠνέσχετο
2686 2333 2868 2386 λαϐεῖν
2915 2335 3120 2404 αὐτὴν,
3166 2334 3281 2386 ἀλλ’
3332 2337 3396 2388 ὲκ
3446 2334 3722 2405 Παρθένου

2149 2428 2353 2497 σεμνῆς
2405 2427 2501 2479 καὶ
2555 2425 2956 2495 ἁπειρογάμου,
2993 2425 3411 2495 κυοφορησάσης
3458 2428 3520 2478 ὲκ
3550 2425 3720 2478 Πνεῦ-

2149 2538 2349 2590 ματος,
2405 2519 2804 2588 ἑπισκιασάσης
2859 2517 2998 2586 αὐτῇ
3041 2517 3323 2586 δυνάμεως
3361 2517 3524 2582 Θεοῦ,
3578 2515 3722 2572 καθὰ

2145 2613 2474 2681 γέγραπται.
2512 2610 2646 2663 Θεοῦ
2690 2609 2982 2680 τοιγαροῦν
3020 2609 3112 2662 τὸν
3159 2609 3338 2678 γάμον
3386 2611 3486 2662 οὐκ
3525 2609 3720 2678 ἀτιμάο

2148 2720 2360 2766 σαντος,
2390 2701 2590 2772 μᾶλλον
2631 2701 2688 2754 δὲ
2722 2702 2816 2752 καὶ
2850 2701 3068 2771 εὐλογία
3103 2703 3455 2771 τιμήσαντος,
3494 2700 3718 2754 ἀνθότου

2144 2795 2421 2864 Παρθένον
2451 2793 2819 2863 κ’δοφοροῦσαν
2854 2796 2916 2845 ὲκ
2941 2793 3273 2862 Πνεύματος,
3297 2794 3396 2862 τῆς
3430 2792 3562 2856 ἰδίας
3587 2810 3718 2863 σαρ-

2144 2887 2237 2948 κὸς
2271 2887 2564 2956 ἐποιήσατο
2599 2885 2807 2955 μητέρα
2845 2884 2977 2936 Θεοῦ
3023 2886 3050 2936 6
3081 2885 3272 2951 Λόγος,
3313 2885 3414 2936 οὐκ
3443 2884 3551 2955 ἔχω
3576 2885 3718 2954 φρά-

2147 2995 2256 3030 σαι.
2300 2977 2494 3031 Καίτοι
2530 2976 2646 3038 πῶς
2691 2976 2787 3045 οὐχ
2837 2977 3042 3028 ἅπασιν
3077 2975 3309 3045 ἐναργὴς
3340 2975 3535 3042 γένοιτ’
3576 2975 3642 3028 ἂν
3685 2976 3717 3045 ἡ

2141 3068 2295 3122 τοῦδε
2320 3068 2611 3136 πρόφασις,
2637 3069 2811 3119 ἐκεῖνο
2840 3066 3252 3136 διεσκεμμένοις
3272 3085 3285 3132 ;
3305 3067 3555 3133 ’Λφίκετο
3587 3067 3716 3136 γὰρ,

2141 3162 2216 3221 ὡς
2243 3159 2402 3230 ἔφην,
2433 3160 2603 3230 ήγουν
2638 3158 3061 3228 ὲνηνθρὼπήσεν
3095 3159 3123 3209 ὁ
3161 3159 3306 3224 Υἱὸς,
3336 3157 3715 3228 ἀναστοιχειώ-

2142 3268 2249 3304 σων
2280 3254 2347 3304 τὰ
2364 3249 2483 3304 καθ’
2512 3252 2657 3318 ἡμᾶς
2691 3251 2766 3313 ὡς
2792 3252 2847 3302 ὲν
2873 3250 3072 3320 ἐαυτῷ,
3105 3252 3195 3303 καὶ
3221 3250 3434 3322 πρῶτον
3457 3253 3536 3314 εἰς
3558 3251 3715 3319 ἁγίαν

2138 3341 2258 3394 τινὰ
2287 3343 2380 3394 καὶ
2419 3342 2878 3411 τεθαυμασμένην
2911 3341 2986 3404 ὡς
3019 3344 3076 3394 ὲν
3122 3342 3322 3413 ἑαυτῷ,
3361 3342 3450 3395 καὶ
3484 3342 3712 3414 παράδο-

2142 3432 2228 3497 ξον
2255 3432 2467 3502 ἀληθῶς
2499 3431 2750 3497 ἁπότεξιν
2797 3434 2889 3486 καὶ
2919 3433 3066 3504 ζωήν
3087 3450 3100 3463 ·
3140 3434 3330 3502 γέγονε
3357 3433 3414 3486 δὲ
3452 3436 3547 3487 καὶ
3575 3435 3711 3504 πρῶ-

2136 3538 2225 3584 τος
2260 3523 2418 3584 αὐτὸς
2463 3524 2718 3590 γεννητὸς
2749 3524 2841 3576 τοῦ
2885 3523 3038 3590 ἁγίου
3073 3524 3388 3593 Πνεύματος
3423 3525 3584 3592 (κατά
3618 3541 3710 3592 γε,

2139 3614 2302 3681 φημὶ,
2335 3613 2428 3682 τὴν
2452 3615 2667 3682 σάρκα),
2693 3614 2756 3664 ἵν’
2781 3614 2969 3684 ὥσπερ
2991 3613 3094 3683 ὀδῴ
3115 3614 3208 3666 καὶ
3231 3617 3310 3676 εἰς
3331 3616 3479 3684 ἡμᾶς
3503 3615 3708 3677 αὐτοὺς

2135 3703 2514 3768 διαὸαινούσης
2546 3707 2644 3775 τῆς
2676 3707 2915 3776 χάριτος,
2957 3707 3056 3757 οὐκ
3086 3703 3144 3769 ἐξ
3178 3707 3450 3775 αἱμάτων,
3495 3706 3619 3758 οὐδὲ
3648 3707 3704 3758 ἐν

2136 3795 2438 3865 θελήματος
2470 3799 2692 3866 σαρκὸς,
2715 3796 2832 3848 οὐδὲ
2859 3799 2921 3849 ἐκ
2945 3797 3250 3866 θελήματος
3281 3796 3491 3864 ἀνδρὸς,
3510 3796 3624 3850 ἀλλ’
3648 3796 3703 3847 ἐν

2135 3886 2271 3938 Θεοῦ
2305 3886 2395 3938 διὰ
2427 3887 2744 3954 Πνεύματος
2784 3888 2881 3956 τὴν
2920 3887 3119 3956 νοητὴν
3161 3887 3375 3955 ἔχοντες
3415 3887 3705 3958 ἀναγέννη-

2137 3993 2240 4037 σιν,
2274 3977 2367 4030 και⁵
2415 3978 2512 4048 τὴν
2549 3979 2684 4047 πρός
2732 3996 2792 4046 γε
2842 3979 2934 4031 τὸν
2988 3977 3145 4046 φύσει
3181 3979 3272 4032 καὶ
3319 3977 3532 4046 ἀληθῶς
3584 3979 3705 4031 Υξον

2137 4066 2486 4135 συμμοριρξαν
2506 4070 2902 4139 πνευματικὴν,
2926 4069 3143 4140 Πατέρα
3172 4069 3425 4139 καλῶμεν
3446 4071 3536 4122 τὸν
3555 4069 3704 4135 Θεὸν,

2132 4160 2272 4215 οὕτω
2299 4177 2357 4211 τε
2399 4159 2664 4230 ἄφθαρτοι
2717 4160 3080 4230 διαμένωμεν,
3125 4161 3199 4223 ὡς
3237 4161 3337 4213 οὐκ
3384 4161 3463 4214 ἔτι
3498 4162 3704 4227 πατέρα

2132 4256 2220 4306 τὸν
2249 4256 2462 4323 πρῶτον
2488 4253 2723 4322 ἔχοντες,
2764 4251 3042 4303 τουτέστιν
3092 4252 3282 4320 Ἀδὰμ,
3311 4254 3369 4303 ὲν
3411 4244 3454 4319 ᾧ
3486 4253 3580 4304 καὶ
3610 4255 3702 4319 εφ-

2133 4345 2403 4414 θὰρμεθα.
2429 4345 2538 4396 Καὶ
2580 4343 2708 4409 γοῦν
2740 4342 2840 4410 ἔφη
2879 4341 3132 4410 Χριστὸς,
3168 4341 3246 4410 πῆ
3281 4342 3400 4411 μὲν,
3427 4342 3510 4393 ὃτι
3548 4360 3564 4392 ι
3587 4341 3698 4403 Καὶ

2133 4435 2343 4507 πατέρα
2381 4435 2453 4504 μὴ
2474 4432 2734 4500 καλέσητε
2759 4433 2911 4501 ὑμῶν
2943 4431 3149 4500 ὲπὶτῆς
3171 4433 3290 4500 γῆς,
3319 4426 3398 4496 εἷς
3423 4433 3530 4502 γάρ
3558 4434 3701 4485 ἐστιν

458 4528 599 4578 enim
649 4538 730 4579 est
758 4526 918 4581 Pater
964 4538 1143 4582 vester
1181 4530 1234 4583 in
1266 4532 1417 4585 cmlis
1436 4533 1505 4598 “,
1543 4553 1560 4585 ι
1597 4535 1722 4588 alibi
1766 4551 1914 4601 vero,
1967 4549 2022 4592 ut

2141 4529 2160 4579 ὁ
2179 4527 2368 4596 Πατὴρ
2402 4526 2554 4596 ὑμῶν
2573 4527 2598 4576 6
2619 4526 2676 4576 ὲν
2694 4526 2803 4586 τοῖς
2824 4525 3090 4592 οὐρανοῖς.
3110 4543 3126 4574 ι
3145 4525 3227 4594 Πῆ
3250 4524 3305 4576 δὲ
3323 4525 3410 4594 δὴ,
3424 4525 3500 4587 ὡς
3516 4526 3571 4576 ὲν
3593 4527 3699 4587 τοῖς

459 4615 543 4679 qui
581 4617 778 4670 idcirco
803 4619 868 4669 ad
899 4632 993 4671 nos
1022 4620 1318 4686 descendit,
1362 4632 1419 4674 ut
1471 4638 1569 4676 nos
1618 4626 1911 4680 transferat
1959 4629 2024 4683 ad

457 4706 723 4772 propriam
750 4722 904 4761 suam
937 4721 996 4760 ac
1020 4709 1259 4760 divinam
1312 4711 1621 4779 dignitatem
1652 4733 1663 4767 :
1693 4735 1709 4766 ‹
1764 4715 1912 4771 Vado
1959 4718 2025 4773 ad

457 4797 664 4850 Patrem
703 4815 898 4863 meum,
929 4809 979 4854 et
1015 4799 1226 4854 Patrem
1262 4813 1496 4859 vestrum
1525 4845 1538 4869 ,
1568 4816 1622 4861 et
1654 4806 1818 4862 Deum
1847 4825 2024 4865 meum

455 4902 503 4942 et
536 4890 699 4944 Deum
741 4902 975 4945 vestrum
1008 4893 1072 4945 ⁸⁸.
1113 4912 1129 4943 ι
1164 4894 1338 4963 Ipsius
1381 4898 1522 4949 enim
1578 4909 1661 4951 est
1706 4909 1896 4954 natura
1931 4902 2023 4955 Pa-

454 4996 554 5049 ter,
592 4987 681 5052 qui
715 4986 766 5038 in
797 4987 949 5040 caelis
992 4995 1102 5052 est,
1152 4999 1333 5041 uoster
1355 5001 1529 5043 autem
1559 4990 1716 5047 Deus.
1771 4993 1904 5047 Cum
1939 5011 2022 5049 ve-

453 5091 509 5125 ro
544 5076 629 5141 qui
661 5086 847 5129 natura
883 5091 943 5130 ac
973 5092 1097 5131 vere
1138 5089 1218 5132 cst
1245 5079 1433 5145 Filius,
1477 5082 1652 5136 factus
1705 5094 1789 5136 est
1858 5087 2017 5141 homo

451 5167 619 5218 nostri
659 5168 870 5231 similis,
910 5169 1071 5222 Deum
1099 5171 1266 5238 ipsum
1296 5173 1544 5228 habuisse
1578 5176 1726 5240 dicit,
1762 5178 2014 5231 nimirqu

451 5257 607 5327 725
634 5260 841 5311 ratione
873 5261 1277 5318 exinanitiuuis.
1309 5263 1460 5318 Dedit
1489 5276 1666 5319 autem
1723 5268 1884 5320 etiam
1917 5284 2013 5322 no-

451 5349 527 5397 lns
559 5365 713 5401 suum
753 5350 991 5402 Patrem.
1028 5352 1298 5421 Scriptum
1326 5367 1408 5408 est
1447 5358 1588 5410 enim
1617 5376 1629 5413 :
1663 5376 1681 5409 ‹
1741 5358 2014 5427 Quotquot

450 5445 625 5485 autem
656 5447 973 5502 receperunt
1011 5453 1155 5501 eum,
1209 5443 1355 5496 dedit
1406 5447 1484 5498 eis
1509 5457 1829 5514 potestatem
1877 5449 2015 5504 ﬁlios

448 5522 536 5574 ltei
572 5525 708 5585 licri,
733 5526 916 5592 bisqui
950 5530 1172 5581 credunt
1203 5531 1250 5582 iu
1285 5534 1501 5586 nomine.
1537 5536 1702 5603 ipsius
1725 5537 1860 5590 “'5’.
1893 5558 1908 5588 ι
1946 5541 2013 5591 At

451 5626 579 5664 vero
619 5614 660 5665 si
692 5615 938 5683 imperite
959 5632 1213 5685 negemus
1245 5623 1307 5674 ad
1335 5632 1571 5676 nostram
1603 5626 2008 5681 similitudinem

515 5728 556 5755 σθ
604 5727 785 5802 Matth.
826 5745 934 5788 χιε,
969 5730 1017 5781 4.
1067 5731 1134 5802 γ⁶¹
1172 5734 1308 5788 Ηιιιιι·
1359 5753 1474 5802 xm,
1518 5739 1536 5791 ἱ

609 5798 723 5837 ⁸⁷⁶-⁹’⁷
758 5799 886 5845 .Ι.ιι.ιιι
952 5815 984 5846 1.
1025 5801 1102 5848 1⁸2.

1643 5742 1683 5771 ί²
1716 5740 1844 5796 Luc.
1887 5756 1921 5807 ι,
1957 5741 2140 5794 30-33.

2134 4622 2415 4692 καθ’ήμᾶς
2443 4618 2530 4673 διὰ
2554 4619 2709 4672 τοῦτο
2726 4617 3076 4687 καθιγμένος,
3105 4617 3170 4669 ἵν’
3195 4619 3341 4688 ἡμᾶς
3361 4619 3544 4688 ἀγάγῃ
3567 4619 3698 4688 πρὸς

2131 4715 2190 4766 τὸ
2226 4714 2354 4766 ἴδιον
2395 4711 2557 4764 αὑτοῦ
2586 4711 2678 4763 καὶ
2703 4710 3005 4779 θεοπρεπὲς
3044 4709 3293 4777 ἀξίωμα·
3337 4728 3352 4758 ι
3391 4709 3699 4779 Πορεύομαι

2133 4805 2268 4874 προς
2285 4805 2373 4856 τὸν
2392 4804 2608 4872 Πατέρα
2640 4817 2739 4871 μου
2768 4802 2861 4854 καὶ
2886 4801 3103 4869 Πατέρα
3123 4801 3295 4870 ὑμῶν,
3318 4802 3411 4853 καὶ
3437 4800 3568 4853 Θεόν
3597 4817 3699 4869 μου

2131 4898 2222 4947 καὶ
2248 4895 2379 4947 Θεὸν
2413 4894 2582 4963 ὑμῶν.
2616 4914 2632 4942 ι
2658 4891 2828 4945 Αὑτοῦ
2877 4893 2973 4961 μὲν
3012 4892 3119 4961 γὰρ
3148 4893 3304 4960 φύσει
3339 4891 3526 4962 Πατὴρ
3574 4895 3601 4944 6
3645 4895 3699 4945 ἐν

2127 4989 2237 5048 τοῖς
2271 4987 2549 5054 οὐρανοῖς,
2587 4984 2740 5054 ἡμῶν
2793 4983 2847 5035 δὲ
2897 4983 3046 5046 Θεὸς.
3113 4982 3333 5052 Ἐπειδὴ
3371 4983 3427 5033 δὲ
3467 4984 3494 5033 6
3540 4984 3696 5050 φύσει

2127 5080 2218 5130 καὶ
2247 5077 2460 5146 ἀληθῶς
2485 5078 2609 5138 Υἱὸς
2638 5077 2828 5143 γέγονε
2874 5077 2991 5127 καθ’
3025 5077 3192 5144 ἡμᾶς,
3230 5076 3362 5127 Θεὸν
3407 5076 3696 5144 ἐσχηκέναι

2124 5171 2287 5238 φησιν
2329 5169 2508 5230 αὐτὸν,
2540 5169 2677 5220 κατά
2709 5186 2770 5233 γε
2799 5168 2885 5219 τὸν
2923 5171 2984 5236 τῇ
3023 5167 3245 5219 κενώσει
3292 5169 3565 5237 πρέποντα
3607 5169 3693 5219 λό-

2122 5280 2235 5328 γον.
2267 5261 2472 5313 Δέδωκε
2497 5261 2551 5312 δὲ
2584 5261 2674 5312 καὶ
2702 5261 2833 5327 ἡμῖν
2867 5260 2955 5310 τὸν
2987 5259 3180 5311 ἑαυτοῦ
3210 5260 3427 5328 Πατέρα
3447 5277 3461 5289 ”
3493 5263 3693 5329 γέγρα-

2122 5372 2249 5405 πται
2295 5354 2430 5421 γὰρ,
2473 5354 2551 5403 ὅτι
2590 5373 2605 5401 ι
2629 5353 2782 5402 Ὅσοι
2807 5351 2862 5401 δὲ
2893 5352 3082 5402 ἔλαϐον
3121 5351 3316 5416 αὑτὸν,
3355 5352 3548 5404 ἔδωκεν
3593 5354 3686 5405 αὑ-

2120 5450 2229 5507 τοῖς
2263 5446 2509 5510 ἐξουσίαν
2541 5446 2703 5495 τέκνα
2745 5443 2878 5493 (θεοῦ
2906 5442 3157 5508 γενέσθαι
3189 5446 3296 5504 τοῖς
3345 5443 3690 5496 πιστεύουσιν

2118 5544 2193 5600 εἰς
2233 5540 2295 5589 τὸ
2323 5540 2489 5604 ὄνομα
2521 5535 2702 5586 αὑτοῦ.
2734 5555 2747 5583 ι
2787 5536 2844 5585 Ei
2876 5535 2928 5584 δὲ
2974 5537 3336 5602 ἀναιρήσομεν
3369 5536 3593 5605 ἀμαθῶς
3631 5535 3690 5588 τὸ

2503 5627 2753 5693 γενέσθαι.
2790 5628 2853 5693 τῇ
2889 5626 3008 5676 καθ’
3065 5627 3208 5692 ἡμᾶς
3242 5627 3330 5679 τὸν
3369 5628 3431 5679 ἐκ
3483 5628 3688 5697 Πατρὺς

2116 5649 2171 5682 εν
2205 5647 2454 5693 αποτεςει

2221 5743 2264 5771 ⁸³
2299 5741 2428 5794 Jnun
2490 5757 2521 5803 ι,
2559 5740 2634 5790 15,
2715 5737 2756 5764 ⁸³
2790 5735 2973 5789 Μξιιῑιι.
3010 5753 3136 5789 XXIII
3166 5781 3175 5798 ,
3208 5741 3258 5790 ί).
3339 5739 3379 5769 ⁸⁵
3409 5739 3553 5793 ,Ιιιλιιι
3595 5756 3682 5802 εκ,
