4036 6336
334 451 468 505 1275

1461 434 1655 504 QL‘OD
1696 430 1886 489 ΠΝυὸ
1928 427 2037 482 SIT
2071 423 2436 483 CHRISTUS.

3474 408 3610 463 ιετι

329 567 465 620 Θεοῦ
493 565 685 633 Λόγον,
728 563 818 616 τὸν
849 562 906 615 ἐν
941 560 1071 613 πᾶσι
1105 559 1478 627 πρωτεύοντα,
1511 552 1653 605 κατά
1696 549 1793 621 τὴν
1823 545 1917 600 τοῦ

2033 553 2207 598 uatum
2239 556 2360 598 esse
2393 537 2634 594 Verbum
2661 536 2840 590 Deiex
2874 533 3057 596 Patre,
3090 529 3231 598 quod
3255 529 3306 580 in
3356 525 3613 581 omnibus

333 660 641 727 σοφωτάτου
693 653 908 708 Παύλου
941 650 1144 721 φωνὴν,
1193 649 1328 718 πρὸς
1382 646 1504 698 τίνα
1551 644 1736 696 λοιπὸν
1778 657 1909 711 μορ-

334 752 435 820 φού
447 767 618 816 μενοι,
648 747 900 816 γεννητοὶ
929 745 1064 797 Θεοῦ
1093 743 1183 797 διὰ
1222 740 1538 809 Πνεῦματος
1575 735 1913 809 χρηματιοῦ·

338 861 434 895 οιεν
469 844 628 912 ἡμεῖς
655 858 669 905 ;
692 840 811 892 τίνα
833 836 924 893 τοῦ
961 838 1286 906 πράγματος
1321 830 1576 893 λαϐόντες
1609 829 1705 898 τὴν
1734 828 1912 897 ἀπαρ-

339 934 451 1004 (bV.
488 933 520 1001 ἦ
562 931 657 983 καὶ
683 931 825 992 τινος
854 929 990 992 ὅλως
1019 929 1097 990 εἰς
1123 928 1270 997 ἡμᾶς
1304 925 1612 993 πέμποντος
1652 920 1712 975 τὸ
1752 919 1916 984 ἀξίω-

338 1043 444 1094 μα;
481 1025 642 1075 Φαῖεν
671 1022 754 1082 ἂν,
776 1022 850 1084 ὥς
877 1039 940 1089 γε
970 1016 1142 1090 οἶμαι,
1167 1019 1259 1071 καὶ
1287 1017 1440 1070 αὐτοί
1461 1033 1474 1047 ⁸
1509 1014 1616 1068 Τοῦ
1644 1005 1915 1083 ἐνανθρω-

336 1118 610 1186 πήσαντος
635 1115 829 1182 Λόγου.
859 1112 991 1166 Εἶτα
1020 1111 1137 1174 πῶς
1163 1113 1312 1164 ἔσται
1340 1109 1495 1163 τοῦτο
1516 1107 1731 1179 ἀληθὲς,
1765 1106 1813 1157 εἰ
1839 1104 1912 1175 μὴ

335 1209 494 1271 αὐτὸς
527 1209 715 1277 γέγονε
749 1206 905 1276 σὰρξ,
944 1206 1222 1279 τουτέστιν
1255 1204 1559 1272 ἄνθρωπος,
1599 1201 1727 1254 ῐδιον
1758 1215 1914 1268 ποιη-

337 1301 568 1370 σάμενος
606 1301 764 1369 σῶμα
791 1300 850 1351 τὸ
875 1297 1237 1369 ἀνθρώπινον,
1263 1295 1386 1348 καθ’
1421 1295 1616 1346 ἕνωσιν
1649 1291 1915 1346 ἀδιάσπα-

337 1410 481 1455 στον,
507 1393 594 1446 ἵνα
621 1391 712 1445 καὶ
738 1391 904 1444 αὑτοῦ
934 1391 1140 1459 νοῆται,
1165 1389 1258 1441 καὶ
1434 1385 1493 1450 ἐξ
1517 1385 1704 1455 ἐτέρου
1735 1383 1912 1449 τινός;

336 1483 552 1552 Πέμψει
591 1484 699 1554 γὰρ
729 1482 871 1536 οὕτω
917 1482 1012 1536 καὶ
1056 1482 1131 1543 εἰς
1184 1482 1328 1550 ἡμᾶς
1370 1481 1469 1549 τῆς
1507 1477 1782 1538 υἱοθεσίας
1819 1475 1917 1544 τὴν

335 1575 516 1644 χάριν,
558 1577 648 1627 καὶ
686 1574 934 1644 γεννητοὶ
970 1571 1286 1642 Πνεύματος
1327 1570 1563 1640 ἐσόμεθα
1595 1569 1688 1622 καὶ
1729 1569 1913 1638 ἡμεῖς,

335 1666 430 1721 ἅτε
461 1666 526 1735 δὴ
556 1670 654 1738 τῆς
703 1667 994 1738 ἀνθρώπου
1034 1665 1250 1734 φύσεως
1290 1666 1347 1717 ἐν
1381 1662 1531 1732 αὑτῷ
1568 1663 1664 1716 καὶ
1713 1660 1917 1731 πρώτῳ

336 1759 607 1828 λαχούσης
635 1758 814 1811 τοῦτο.
839 1758 945 1812 Καί
970 1776 1057 1828 μοι
1083 1757 1230 1810 δοκεῖ
1247 1755 1485 1810 τοιοῦτόν
1507 1773 1558 1807 τι
1581 1753 1700 1807 καθ’
1727 1753 1917 1806 ἑαυτὸν

337 1848 688 1918 ἐννενοηκὼς,
721 1850 888 1918 φάναι
916 1867 1017 1903 που
1056 1850 1148 1902 καὶ
1178 1848 1324 1919 μάλα
1354 1847 1530 1918 ὀρθῶς
1561 1847 1589 1898 6
1628 1846 1916 1909 θεσπέσιος

2021 638 2224 707 primas
2246 634 2453 689 obtinet
2481 632 2546 695 ⁸⁸,
2571 628 2726 696 juxta
2756 626 2905 680 Pauli
2964 621 3346 693 sapientissimi
3397 633 3614 683 vocem,

2020 731 2087 782 ad
2112 742 2276 796 quem
2323 724 2542 778 tandem
2598 717 2951 783 conformati,
3003 729 3064 770 ex
3129 713 3237 768 Deo
3291 712 3454 782 geniti
3517 725 3616 778 per

2024 821 2285 889 Spiritum
2346 814 2759 885 appellabinmr,
2813 820 2907 864 aut
2967 824 3129 878 quem
3199 805 3361 874 hujus
3409 801 3610 872 negotii

2023 911 2321 982 principem
2390 923 2455 962 ac
2517 915 2680 975 caput
2709 900 3070 958 habebimus?
3117 908 3208 952 aut
3237 898 3361 967 quis
3388 895 3614 952 omnino

2023 1006 2161 1059 hanc
2191 1002 2507 1073 dignitatem
2532 1001 2584 1054 in
2628 1013 2726 1053 nos
2779 993 3184 1051 transmiserit?
3232 993 3420 1047 Dicent
3483 1004 3612 1058 pro-

2024 1099 2186 1161 l'ecto,
2222 1105 2279 1150 ut
2310 1090 2578 1158 arbitror,
2612 1092 2779 1146 etiam
2805 1089 2906 1158 ipsi
2937 1107 2949 1142 :
2978 1086 3215 1140 Verbum
3246 1087 3610 1137 incarnatum.

2023 1191 2184 1261 Atqui
2206 1205 2312 1260 quo
2340 1199 2498 1258 pacto
2534 1199 2722 1239 verum
2748 1185 2849 1237 hoc
2881 1180 3006 1244 erit,
3037 1179 3139 1233 nisi
3161 1179 3335 1246 ipsum
3376 1174 3611 1228 Verbum

2024 1284 2226 1338 factum
2260 1291 2517 1342 estcaro,
2547 1278 2650 1332 hoc
2669 1284 2772 1341 est,
2798 1275 2998 1338 homof,
3059 1271 3258 1339 quippe
3298 1267 3439 1336 quod
3487 1280 3614 1333 pro-

2022 1377 2199 1445 prium
2230 1374 2331 1429 sibi
2353 1370 2541 1426 fecerit
2566 1384 2764 1438 corpus
2793 1383 2856 1422 ea
2885 1365 3094 1420 unitate
3121 1379 3240 1432 qua:
3259 1361 3441 1415 divelli
3469 1358 3612 1413 nulla

2026 1465 2238 1520 ratione
2255 1468 2456 1533 queat:
2485 1461 2560 1514 ita
2599 1458 2856 1512 nimirum
2881 1466 2938 1508 ut
2972 1454 3143 1522 ipsius
3185 1451 3344 1505 Verbi
3392 1462 3616 1503 censea-

2026 1568 2133 1624 tur,
2168 1567 2344 1613 etnon
2369 1554 2592 1609 alterius
2617 1549 2954 1620 cuiuspiam?
2980 1547 3091 1604 lloc
3114 1546 3256 1601 enim
3274 1554 3431 1613 pacto
3448 1543 3614 1596 etiam

2027 1653 2078 1705 in
2110 1665 2206 1704 nos
2250 1646 2580 1701 transmittet
2639 1641 2914 1697 tiliationis
2965 1635 3527 1708 gratiam,geuitique
3587 1646 3618 1687 e

2029 1740 2232 1810 Spiritu
2265 1738 2470 1793 erimus
2517 1734 2680 1789 etiam
2720 1747 2842 1799 nos,
2895 1740 3086 1800 utpote
3147 1739 3341 1782 natura
3376 1727 3617 1779 humana

2028 1835 2127 1886 hoc
2145 1832 2198 1885 in
2219 1832 2337 1900 ipso
2360 1837 2414 1883 et
2434 1825 2657 1897 quidem
2693 1825 2873 1894 primo
2899 1828 3216 1877 consecuta.
3244 1819 3320 1872 Ac
3345 1816 3474 1871 mihi
3505 1814 3621 1885 qui-

338 1907 580 2004 Παῦλος’
616 1907 887 2011 irin-onst)
926 1941 1034 2010 γὰρ
1070 1907 1415 2010 ἐφορέσαμεν
1450 1907 1547 2009 τὴν
1592 1938 1777 1991 εἰκόνα
1819 1907 1912 1990 τοῦ

2033 1925 2140 1978 lem
2202 1922 2419 1974 videtur
2465 1918 2630 1974 etiam
2674 1918 2892 1971 divinus
2961 1913 3182 1974 Paulus,
3243 1907 3617 1979 hujuscemodi

334 2033 542 2103 χοϊκοῦ,
578 2034 883 2103 φορέσομεν
917 2034 1011 2086 καὶ
1050 2032 1147 2101 τῂν
1180 2031 1367 2085 εἰκόνα
1397 2031 1490 2084 τοῦ
1515 2029 1842 2101 ἐπουρανίου
1864 2047 1910 2081 ⁸)

336 2127 428 2177 καὶ
455 2125 548 2177 τὸν
598 2122 697 2194 μὲν
749 2124 966 2196 πρῶτον
998 2124 1286 2192 ἄνθρωπον
1329 2124 1394 2177 ὲκ
1431 2123 1534 2192 γῆς
1575 2124 1678 2193 ἔφη
1712 2121 1917 2193 χοῖκὸν,

334 2217 426 2268 τὸν
474 2215 530 2268 δέ
566 2214 816 2285 δεύτερον
857 2215 916 2280 ἐξ
958 2212 1193 2284 οὐρανοῦ
1217 2231 1230 2242 ”
1274 2233 1291 2264 ι
1330 2213 1468 2268 Ἀλλ’
1518 2208 1628 2275 οἷος
1660 2213 1687 2263 6
1715 2212 1918 2282 χοῖκὸς,

335 2306 562 2360 τοιοῦτοι
610 2307 706 2360 καὶ
729 2309 776 2360 oi
810 2306 1006 2377 χοῖκοὶ,
1052 2306 1207 2377 φησὶ,
1240 2305 1336 2358 καὶ
1367 2300 1478 2369 οἷος
1511 2306 1538 2358 6
1575 2307 1919 2376 ἐπουράνιος,

335 2398 568 2452 τοιοῦτοι
600 2399 692 2450 καὶ
726 2399 773 2449 ol
825 2399 1164 2467 ἐπουράνιοι.
1194 2417 1210 2447 ι
1251 2397 1442 2451 Χοῖκοὶ
1481 2398 1589 2468 γάρ
1626 2399 1814 2466 ἐσμεν,
1847 2396 1922 2460 ὠς

337 2494 398 2544 ἐκ
441 2490 627 2561 χοϊκοῦ
664 2489 757 2542 τοῦ
794 2489 966 2559 Ἀδὰμ
1003 2489 1468 2559 παρεμπεσούσης
1505 2491 1585 2551 είς
1622 2489 1770 2557 ἡμᾶς
1821 2488 1922 2557 τῆς

337 2583 474 2652 ἀρᾶς
514 2582 614 2650 τῆς
656 2581 884 2652 φθορᾶς,
915 2580 982 2633 δι’
1016 2577 1084 2653 ἦς
1111 2581 1204 2634 καὶ
1235 2583 1264 2635 ὁ
1305 2581 1404 2651 τῆς
1438 2581 1713 2652 ἁμαρτίας
1745 2580 1921 2632 είσέδυ

336 2674 518 2742 νόμος,
550 2675 577 2726 ὁ
599 2675 658 2725 ἐν
676 2676 788 2736 τοῖς
823 2673 1009 2742 μέλεσι
1041 2675 1152 2736 τοῖς
1181 2673 1282 2742 τῆς
1319 2673 1539 2743 σαρκός.
1577 2673 1923 2742 Ἐπουράνιοι

335 2764 391 2816 δὲ
423 2764 751 2832 γεγόναμεν,
802 2765 877 2827 ὡς
929 2766 989 2818 ἐν
1042 2764 1264 2834 Χριστῷ
1310 2764 1568 2828 λαϐόντες
1615 2765 1674 2817 τὸ
1710 2765 1919 2835 χρῆμα.

336 2855 468 2916 Θεὸς
495 2855 604 2925 γὰρ
646 2852 721 2905 ὢν
764 2854 924 2921 φύσει
949 2855 1043 2908 καὶ
1094 2857 1156 2906 ἐκ
1192 2853 1329 2906 Θεοῦ
1352 2855 1446 2907 καὶ
1489 2855 1717 2918 ἄνωθεν,
1755 2872 1924 2908 κατα-

344 2947 679 3016 πεφοίτηκεν
730 2947 789 2998 ἐν
835 2949 949 3010 τοῖς
1000 2946 1122 2999 καθ’
1170 2948 1319 3016 ἡμᾶς
1379 2948 1664 3015 ἀσυνήθως
1721 2964 1780 2999 τε
1831 2948 1926 3001 καὶ

340 3037 524 3102 ξένως,
548 3038 804 3107 γεννητὸς
830 3038 971 3091 κατά
996 3039 1175 3110 σάρκα
1203 3038 1441 3106 γεγονὼς
1471 3038 1565 3095 τοῦ
1591 3039 1922 3109 πνεύματος,

340 3127 428 3183 ἵνα
483 3128 628 3196 ἅγια
683 3146 743 3181 τε
793 3130 886 3182 καὶ
945 3130 1213 3202 ἄφθαρτοι
1253 3131 1346 3183 καὶ
1393 3133 1557 3200 ἡμεῖς
1591 3132 1712 3184 κατ’
1763 3131 1927 3184 αὐτὸν

338 3218 703 3289 διαμείνωμεν
729 3219 804 3283 ὡς
843 3219 902 3284 ἐξ
934 3221 1104 3292 ἀρχῆς
1133 3222 1228 3272 καὶ
1265 3220 1422 3292 ῥίζης
1447 3221 1709 3291 δευτέρας
1738 3219 1922 3284 αὑτοῦ,

340 3307 581 3378 δηλονότι
612 3311 1044 3382 καταϐαινούσης
1081 3313 1160 3374 εἰς
1187 3312 1337 3381 ἡμᾶς
1377 3312 1473 3383 τῆς
1503 3313 1745 3382 χάριτος.

414 3589 473 3640 Β.
513 3587 748 3656 Ἀριστα
792 3588 944 3656 ἔφης.
1333 3643 1340 3646 _

413 3680 476 3732 A.
518 3679 651 3729 Τίνα
704 3677 760 3728 δέ
809 3678 1012 3745 τρόπον
1063 3676 1157 3729 καὶ
1185 3673 1503 3744 ὼμοιῶσθαί
1546 3689 1713 3741 φασιν
1768 3671 1930 3724 αὐτὸν

343 3764 488 3820 κατά
531 3766 709 3818 πάντα
752 3766 866 3826 τοῖς
916 3764 1186 3831 ἀδελφοῖς,
1231 3763 1510 3816 τουτέστιν
1549 3764 1716 3831 ὴμῖν;
1769 3761 1801 3832 ἢ
1837 3760 1930 3813 καὶ

345 3858 427 3920 τίς
467 3857 603 3919 ὅλως
642 3856 800 3909 νοοῖτ’
841 3856 907 3909 ἂν
949 3858 976 3908 ό
1011 3855 1110 3926 τὴν
1156 3855 1416 3924 ὁμοίωσιν
1461 3852 1744 3916 ὑπελθὼν,
1777 3855 1824 3904 εί
1857 3852 1931 3922 μὴ

344 3949 486 4001 κατά
513 3947 672 4015 φύσιν
693 3947 877 4014 ἕτερος
899 3942 988 4016 ἦν,
1021 3947 1113 3998 καὶ
1146 3947 1244 3998 οὐκ
1283 3942 1339 3996 ἐν
1363 3962 1426 4013 γε
1453 3946 1564 4006 τοῖς
1598 3942 1720 3996 καθ’
1747 3944 1926 4011 tuac;

344 4039 416 4093 Τὸ
473 4040 581 4109 γάρ
624 4039 687 4106 γέ
732 4056 876 4107 τισιν
931 4037 1308 4108 ὁμοιούμενον,
1350 4033 1489 4089 εἷναί
1543 4054 1643 4088 που
1712 4035 1930 4096 πάντως

343 4133 558 4200 ἀνάγκη
590 4132 846 4202 διάφορον
871 4132 1000 4200 παρ’
1033 4131 1251 4192 αὐτοὺς,
1279 4130 1372 4183 καὶ
1398 4130 1496 4181 οὑκ
1516 4129 1690 4191 ἐοικὸς
1722 4128 1928 4192 αὐτοῖς,

309 4224 640 4295 ’ἑτεροειδὲς
687 4223 744 4276 δὲ
794 4223 1016 4292 μᾶλλον,
1059 4221 1236 4275 εῖτουν
1289 4217 1604 4292 ἐτεροφυές.
1653 4220 1931 4290 Ἀνόμοιος

343 4319 523 4371 τοίνυν
585 4317 850 4387 ὑπάρχων
900 4318 1032 4386 ἡμῖν
1095 4315 1237 4368 κατά
1285 4315 1448 4384 φύσιν
1493 4317 1521 4369 6
1577 4314 1928 4384 Μονογενὴς,

342 4408 661 4477 ὡμοιῶσθαι
706 4409 924 4476 λέγεται
969 4407 1208 4476 γεγονὼς
1259 4407 1380 4462 καθ’
1433 4408 1614 4477 ἡμᾶς,
1651 4406 1930 4458 τουτέστιν

343 4499 650 4567 ἄνθρωπος.
689 4499 900 4552 Γένοιτο
929 4500 973 4552 ὁ*
1015 4499 1080 4552 ἂν
1109 4497 1265 4552 τοῦτο
1298 4499 1395 4551 καὶ
1437 4499 1582 4565 μάλα
1623 4496 1801 4567 ὀρθῶς
1837 4498 1931 4550 καὶ

2024 2013 2300 2086 quidpiam
2333 2010 2595 2074 sentiens,
2630 2008 2756 2061 alibi
2784 2008 2857 2061 ita
2919 2014 3068 2060 recte
3113 2003 3402 2057 admodum
3444 2000 3617 2056 dixis-

2023 2123 2124 2163 se:
2169 2125 2188 2159 ι
2220 2103 2694 2174 Quemadmodum
2742 2101 2888 2154 enim
2935 2097 3272 2169 portavimus
3322 2094 3620 2163 imaginem

2027 2200 2249 2265 terreni,
2281 2196 2624 2268 portabimus
2654 2193 2820 2248 etiam
2859 2192 3150 2260 imaginem
3212 2188 3454 2244 cmlestis
3491 2186 3558 2239 ⁶⁹.
3596 2204 3614 2238 ι

2025 2293 2094 2347 Ει
2124 2293 2359 2363 primum
2399 2288 2618 2360 quidem
2664 2285 2938 2341 hominem
2974 2298 3041 2338 ex
3083 2292 3249 2346 terra,
3282 2279 3420 2336 dixit
3460 2288 3627 2333 terro-

2025 2403 2187 2452 num;
2220 2385 2518 2440 secundum
2539 2394 2669 2436 vero
2693 2395 2756 2435 ex
2786 2377 2946 2441 coelo,
2972 2376 3272 2431 caelestem.
3309 2391 3327 2424 ι
3357 2370 3464 2426 Sed
3486 2384 3626 2441 qua-

2026 2481 2091 2535 lis
2129 2491 2398 2541 terrenus,
2455 2473 2591 2530 tales
2648 2481 2705 2527 et
2765 2470 3005 2535 terreni;
3058 2478 3112 2524 et
3156 2465 3622 2538 qualiscoalestis,

2028 2574 2163 2628 tales
2192 2579 2246 2626 et
2291 2570 2570 2626 cmlestes.
2612 2586 2630 2618 ι
2665 2563 2893 2621 Tcrreni
2951 2563 3096 2619 enim
3161 2576 3371 2625 sumus,
3435 2565 3628 2627 utpote

2029 2659 2350 2717 transmissa
2378 2658 2432 2712 in
2474 2673 2574 2714 nos
2631 2671 2699 2711 ex
2748 2667 2964 2710 terreno
3013 2652 3188 2707 Adam
3241 2649 3628 2705 maledictione

2026 2753 2419 2824 corruptionis,
2463 2766 2560 2819 per
2578 2765 2740 2821 quam
2773 2757 2828 2802 et
2853 2747 2936 2801 lex
2969 2746 3181 2817 peccati
3220 2744 3470 2814 irrepsit,
3502 2755 3626 2813 qua)

2026 2855 2109 2899 cst
2137 2846 2188 2898 in
2216 2844 2480 2898 membris
2512 2842 2716 2897 carnis.
2749 2839 3014 2894 Coalestcs
3032 2849 3210 2892 autem
3245 2837 3373 2890 facti
3415 2850 3626 2900 sumus,

2028 2940 2080 2992 in
2105 2937 2324 2992 Christo
2349 2936 2401 2990 id
2426 2932 2725 2989 consecuti.
2764 2933 2905 2988 Deus
2930 2931 3075 2986 enim
3102 2931 3380 2984 exsistens
3411 2938 3624 2991 natura,

2027 3039 2080 3083 et
2110 3045 2175 3082 ex
2213 3028 2322 3082 Deo
2345 3036 2509 3096 atque
2541 3041 2603 3080 ex
2635 3024 2906 3093 supernis,
2977 3023 3260 3077 descendit
3301 3023 3366 3074 ad
3416 3030 3625 3084 nostra,

2029 3137 2167 3175 novo
2196 3131 2358 3188 atque
2405 3118 2669 3172 inusitato
2707 3131 2857 3168 more
2881 3116 3098 3183 genitus
3149 3113 3448 3167 secundum
3502 3127 3626 3166 car-

2031 3228 2152 3266 nem
2181 3211 2354 3265 i'actus
2377 3218 2462 3264 est
2508 3207 2767 3276 Spiritus,
2819 3216 2876 3260 ut
2911 3207 3169 3260 videlicet
3225 3206 3399 3258 sancti
3459 3214 3627 3274 atque

2034 3301 2478 3369 incorruptibiles
2529 3297 2694 3353 etiam
2757 3313 2854 3352 nos
2902 3298 2955 3350 in
3024 3299 3176 3364 ipso~
3216 3310 3533 3351 maneamus
3562 3310 3631 3350 ex

2037 3397 2178 3466 ipso,
2225 3403 2486 3461 tanquam
2520 3407 2584 3446 ex
2626 3390 2899 3460 principio
2927 3399 2981 3443 et
3035 3387 3221 3443 radice
3279 3388 3538 3452 secunda,
3575 3389 3631 3443 in

2035 3502 2134 3543 nos
2166 3483 2490 3538 transmissa
2519 3484 2716 3552 gratia.

2105 3577 2166 3632 B.
2206 3577 2425 3646 Optime
2457 3575 2665 3629 dixisti.

2103 3672 2170 3723 Λ.
2213 3667 2458 3735 Quonam
2493 3682 2624 3720 vero
2665 3672 2821 3734 pacto
2863 3662 3029 3717 etiam
3060 3661 3292 3717 similem
3331 3661 3503 3730 ipsum
3548 3660 3633 3716 fa-

2035 3771 2183 3817 ctum
2215 3774 2338 3815 esse
2365 3760 2518 3813 aiunt
2541 3773 2636 3826 per
2659 3757 2840 3810 omnia
2874 3755 3154 3822 fratribus,
3187 3755 3286 3809 hoc
3313 3767 3415 3818 eSl,
3445 3754 3636 3808 nobis?

2035 3864 2127 3908 aut
2157 3853 2406 3921 quisnam
2439 3850 2663 3904 omnino
2695 3856 2985 3901 censeatur
3028 3845 3197 3899 fuisse
3231 3845 3274 3898 is
3306 3845 3395 3913 qui
3433 3844 3630 3898 simili-

2038 3947 2276 4000 tudinem
2313 3953 2555 3998 nostram
2587 3941 2770 4005 subiit,
2799 3939 2898 3993 nisi
2933 3939 3230 3991 secundum
3263 3947 3509 3990 naturam
3547 3939 3632 3987 di-

2036 4053 2225 4094 versus
2261 4048 2400 4099 erat,
2441 4043 2497 4088 et
2541 4050 2649 4087 non
2699 4033 2854 4086 nobis
2894 4030 3131 4084 similis?
3161 4029 3311 4095 Quod
3345 4029 3489 4081 enim
3530 4028 3632 4080 ali-

2035 4131 2230 4200 quibus
2260 4128 2438 4183 simile
2473 4125 2731 4189 eﬂicitur,
2783 4138 3004 4178 necesse
3039 4132 3124 4176 est
3155 4131 3214 4174 ut
3244 4121 3517 4174 diversum
3567 4120 3636 4175 ab

2035 4225 2101 4279 iis
2132 4221 2427 4286 exstiterit,
2464 4235 2638 4288 neque
2685 4217 2861 4272 simile
2893 4217 3045 4286 ipsis,
3081 4217 3174 4270 sed
3203 4216 3383 4284 potius
3414 4214 3635 4268 alterius

2035 4313 2258 4383 speciei,
2293 4313 2410 4367 sive
2445 4322 2674 4364 naturae.
2709 4309 2873 4379 726
2901 4306 3194 4361 Dissimilis
3219 4305 3402 4374 itaque
3429 4315 3636 4358 natura:

2037 4425 2065 4463 a
2103 4409 2260 4463 nobis
2287 4407 2557 4460 cxsistens
2591 4403 2935 4473 Unigenitus,
2967 4399 3160 4454 similis
3190 4397 3363 4452 factus
3403 4413 3523 4450 esse
3549 4397 3633 4450 di-

2037 4501 2197 4561 citur,
2232 4502 2405 4552 factus
2453 4497 2502 4550 id
2540 4496 2680 4563 quod
2717 4507 2834 4558 nos,
2893 4491 2994 4544 huc
3029 4500 3132 4553 εει,
3181 4489 3360 4541 homo.
3408 4486 3633 4539 Factum

347 4595 545 4661 μόνως,
577 4593 634 4644 ἐν
657 4593 908 4657 ἀποτέξει
941 4595 1007 4661 τῇ
1045 4591 1166 4645 καθ’
1192 4593 1224 4660 ἡ
1236 4593 1364 4660 μᾶς,
1389 4592 1436 4642 εί
1467 4592 1563 4644 καὶ
1590 4588 1922 4660 παραδόξως,

2039 4605 2221 4647 autem
2253 4593 2352 4645 fuit
2381 4592 2500 4652 hoc,
2542 4599 2594 4640 et
2620 4597 2766 4640 recte
2802 4585 3089 4637 admodum
3123 4597 3186 4635 ac
3217 4581 3558 4633 solummodo
3583 4579 3633 4631 in

341 4684 427 4735 ἐπ’
453 4683 640 4737 αὐτοῦ.
669 4683 801 4746 Θεὸς
824 4683 932 4754 γὰρ
963 4679 1031 4752 ἦν
1058 4685 1085 4735 ὁ
1109 4682 1499 4754 σαρκούμενος.
1532 4680 1928 4750 Ὁμολογείσθω

341 4792 402 4841 γε
441 4776 548 4845 μὴν
587 4775 662 4837 ὡς
701 4776 948 4845 ἐψύχωτο
979 4778 1182 4846 νοερῶς
1213 4776 1274 4828 τὸ
1321 4775 1522 4828 ἐνωθὲν
1559 4774 1706 4844 αὐτῷ
1747 4774 1926 4844 σῶμα.

341 4867 419 4918 Οὐ
453 4867 561 4936 γάρ
598 4885 680 4918 τοι
710 4867 770 4919 τὸ
809 4868 1056 4936 κρεῖττον
1085 4867 1193 4919 τῶν
1228 4868 1285 4920 ἐν
1312 4869 1445 4937 ἡμῖν
1473 4868 1653 4936 ἀφεὶς,
1682 4870 1928 4922 τουτέστι

345 4959 541 5028 ιξυχὴν,
577 4958 740 5028 μόνου
773 4959 1068 5028 πεποίηται
1092 4958 1258 5026 φειδὼ
1288 4961 1481 5030 γηῒνου
1513 4959 1790 5028 σώματος,
1813 4960 1927 5013 ἀλλ’

343 5052 476 5119 ὁμοῦ
511 5051 688 5121 ψυχῆς
729 5053 820 5104 καί
867 5052 1119 5122 σώματος
1154 5053 1451 5122 προενόησε
1497 5053 1674 5123 σοφῶς
1700 5053 1828 5117 Θεὸς
1855 5053 1930 5107 ὢν

345 5146 371 5194 ὁ
401 5143 594 5210 Λόγος.

416 5321 474 5372 Β.
520 5319 818 5390 Σύμφημιο
851 5326 1068 5394 φρονεῖς
1098 5325 1205 5394 γὰρ
1233 5325 1428 5396 ὀρθῶς.

415 5413 474 5462 Α.
520 5412 730 5464 Οὐκοῦν
768 5413 817 5465 εἰ
860 5413 1067 5481 λέγοιεν
1096 5415 1143 5467 οἱ
1179 5415 1244 5468 δι’
1284 5417 1554 5485 ἐναντίας,
1591 5421 1788 5490 ἥκιστα
1833 5423 1930 5491 μὲν

345 5501 606 5555 Θεοτόκον
630 5502 991 5572 ὀνομάζεσθαι
1022 5506 1132 5559 δεῖν
1163 5506 1258 5578 τὴν
1282 5509 1446 5577 ἁγίαν
1477 5511 1772 5580 Παρθένον,
1797 5515 1927 5585 Χρι-

349 5594 600 5646 στοτὸκον
625 5596 680 5648 δὲ
713 5596 932 5664 μᾶλλον,
964 5598 1340 5668 δυσφημοῦσιν
1363 5602 1688 5671 ἀναφανδὸν,
1716 5607 1807 5657 καὶ
1835 5609 1928 5658 τοῦ

349 5679 485 5735 εἶναι
515 5684 649 5738 Θεὸν
683 5686 774 5737 καὶ
805 5686 933 5739 Υἱὸν
970 5687 1186 5757 ἀληθῶς
1223 5691 1551 5744 ἀποσοϐοὖσι
1578 5696 1830 5764 Χριστόν.
1869 5698 1926 5749 lii

358 5774 459 5843 γὰρ
501 5771 639 5829 εἶναι
686 5777 1002 5831 πιστεύουσι
1040 5781 1172 5832 Θεὸν
1201 5782 1414 5850 ἀληθῶς
1469 5786 1650 5849 αὐτὸν,
1685 5790 1758 5849 ὡς
1811 5791 1928 5841 καί]

424 5867 466 5898 ⁸⁸
498 5867 512 5920 l
551 5871 676 5926 Cor.
718 5888 800 5931 sv.
830 5871 916 5926 ‘25.
997 5873 1039 5904 ⁶⁵³
1077 5874 1205 5928 ibid.
1237 5875 1319 5930 49.

2037 4684 2318 4738 nativitate
2353 4690 2554 4736 nostra:
2596 4677 2786 4741 simili,
2821 4678 3034 4730 tametsi
3062 4671 3454 4726 admirabiliter
3494 4670 3637 4740 quod

2037 4777 2104 4828 ad
2149 4776 2323 4842 ipsum
2369 4755 2583 4826 attinet:
2631 4769 2774 4823 Deus
2819 4765 2963 4821 enim
3020 4774 3160 4828 erat,
3196 4765 3285 4830 qui
3322 4761 3638 4814 incarnatus

2038 4875 2140 4921 est.
2181 4864 2542 4919 Proﬁteamur
2583 4863 2770 4929 utique
2808 4858 3108 4910 animatmn
3141 4868 3261 4907 esse
3298 4853 3638 4905 intellectua-

2039 4960 2165 5013 liter
2189 4973 2387 5026 corpus
2432 4955 2533 5024 ipsi
2582 4954 2814 5006 unitum.
2865 4947 3053 5016 Neque
3084 4947 3226 5000 enim
3261 4945 3639 5013 pra‘stattlinre

2039 5051 2211 5106 nostri
2248 5059 2421 5120 parte,
2462 5048 2562 5101 hoc
2589 5053 2690 5109 est,
2726 5043 2907 5098 anima
2935 5040 3200 5109 neglecta,
3233 5038 3399 5092 solius
3434 5037 3633 5090 terreni

2037 5143 2287 5211 corporis
2322 5157 2452 5195 cura
2495 5139 2680 5192 habita
2718 5145 2819 5199 est,
2863 5134 2956 5189 sed
2987 5128 3147 5187 simul
3178 5132 3374 5183 animae
3415 5139 3468 5183 ct
3511 5145 3636 5183 cor-

2038 5237 2156 5306 pori
2192 5235 2465 5303 sapienter
2490 5230 2769 5301 prospexit
2802 5228 2940 5282 Deus
2969 5225 3236 5279 exsistens
3267 5223 3526 5277 Verbum.

2109 5330 2168 5383 Β.
2210 5327 2495 5383 Asseutior
2525 5344 2537 5378 :
2579 5334 2724 5378 recte
2748 5322 2892 5377 enim
2929 5319 3122 5373 sentis.

2109 5421 2178 5473 A.
2213 5418 2449 5473 Proinde
2471 5418 2517 5471 si
2542 5417 2723 5470 dicant
2745 5411 3065 5471 adversarii,
3087 5417 3333 5462 sanctam
3361 5404 3636 5474 Virginem

2041 5511 2182 5564 nulla
2232 5510 2444 5564 ratione
2496 5508 2781 5575 Deiparam
2811 5501 3068 5572 appellari
3098 5501 3316 5558 debere,
3342 5499 3434 5551 sed
3464 5499 3639 5564 potius

2040 5604 2463 5673 Christiparam,
2498 5600 2785 5654 manifeste
2837 5595 3237 5660 blasphemant,
3273 5601 3325 5643 et
3359 5590 3636 5642 Christum

2044 5699 2209 5752 Deum
2257 5712 2319 5750 ac
2367 5711 2489 5749 rere
2540 5693 2733 5747 Filium
2771 5706 2890 5743 esse
2925 5695 3142 5755 negant.
3179 5685 3310 5737 Nam
3355 5685 3396 5736 si
3455 5684 3634 5748 ipsum

2044 5805 2228 5844 u-vcra
2299 5787 2464 5842 lle-um
2531 5799 2651 5838 esse
2702 5781 2948 5843 credunt,
3015 5787 3197 5847 utpote
3253 5775 3422 5830 nostri
3469 5770 3635 5827 simili

3603 5993 3626 6032 Ι
