4036 6336
438 415 579 478 1279

1475 417 1531 473 S.
1572 415 1845 473 CYRILLI
1879 411 2345 470 ALEXANDRINI
2390 410 2704 467 ARCHIEP.

3550 411 3688 470 1280

441 527 693 594 mortuis,
721 534 776 582 et
802 527 976 582 evexit
1004 525 1054 580 in
1086 525 1304 593 caelum,
1341 536 1394 582 et
1419 528 1702 591 collocavit
1745 542 1774 582 a
1812 527 2011 583 dextris

2121 526 2483 596 πειρασθῆναι
2513 525 2957 594 παρασκευάσας,
3000 525 3218 596 ἐγείρας
3259 524 3315 578 δέ
3351 525 3416 577 ἐκ
3453 526 3683 594 νεκρῶν.

444 616 555 669 Dei.
584 614 735 670 Unde
763 623 818 669 et
847 629 1005 684 supra
1035 628 1250 669 omnem
1281 617 1550 672 exsisteus
1573 614 1937 685 Principatum
1961 624 2016 670 et

441 705 762 771 Potestates,
789 703 1032 760 Virtutes
1060 721 1123 762 ac
1147 707 1570 775 Dominationes,
1603 718 1661 764 et
1674 725 1833 780 supra
1855 722 2015 764 omne

439 811 633 850 nomen
675 796 818 866 quod
859 797 1170 854 nominatur
1199 814 1301 854 non
1345 801 1516 855 solum
1563 802 1615 856 in
1650 802 1753 856 hoc
1796 800 2012 868 saeculo,

437 902 623 942 verum
647 889 810 943 etiam
840 890 892 944 in
919 891 1098 946 l'uturo
1116 892 1257 956 ",ab
1278 893 1423 947 omni
1452 902 1702 948 creatura
1725 894 2012 959 adoratur;

439 987 623 1047 utpote
651 980 1066 1049 inseparabilem
1097 997 1218 1036 cum
1255 982 1438 1036 divina
1469 993 1660 1038 natura
1689 984 2018 1054 conjunctio-

439 1088 564 1126 nem
609 1073 836 1138 habens,
873 1072 1121 1143 quodque
1152 1073 1242 1127 Dei
1273 1085 1516 1142 respectu
1547 1084 1711 1144 atque
1742 1077 2015 1131 intellectu

437 1165 615 1220 omnis
663 1173 910 1220 creatura
957 1166 1006 1220 ei
1058 1167 1429 1222 adorationem
1467 1165 1695 1222 delerat.
1743 1167 1909 1238 729
1950 1167 2016 1223 Et

440 1270 612 1325 neque
653 1259 788 1312 duos
829 1258 1056 1312 dicimus
1102 1257 1263 1321 illius.
1331 1272 1503 1328 neque
1550 1258 1684 1314 duos
1742 1260 2011 1315 dominos.

436 1349 570 1402 Cum
615 1358 793 1403 autem
846 1347 1014 1402 Filius
1064 1350 1134 1402 sit
1191 1348 1485 1404 secundum
1531 1349 1821 1404 essentiam
1875 1350 2015 1406 Deus

439 1437 695 1504 Verbum,
724 1438 1031 1508 unigenitus
1075 1437 1246 1492 Filius
1271 1437 1469 1504 Patris,
1507 1439 1592 1493 cui
1622 1440 1711 1495 hic
1733 1440 2015 1511 capulatus

435 1540 522 1585 est
566 1540 620 1585 et
668 1531 963 1601 particeps,
1009 1545 1349 1586 communem
1389 1532 1548 1587 etiam
1581 1547 1705 1586 cum
1734 1547 1800 1588 eo
1829 1533 2012 1602 appel-

439 1622 691 1676 lationem
720 1623 1052 1690 gloriamque
1076 1623 1424 1676 nanciscitur.
1454 1621 1516 1676 Et
1545 1624 1800 1678 Dominus
1823 1639 2015 1678 secun-

439 1714 563 1766 dum
596 1713 888 1767 essentiam
923 1713 1062 1767 Deus
1087 1712 1343 1777 Verbum,
1367 1713 1451 1767 cui
1473 1715 1754 1783 copulatus
1783 1715 1890 1778 hic,
1921 1716 2016 1770 lio-

439 1804 581 1857 noris
627 1805 787 1858 etiam
814 1803 1082 1873 particeps
1113 1805 1198 1868 tit,
1229 1812 1389 1871 atque
1433 1805 1631 1859 idcirco
1659 1820 1832 1874 neque
1879 1807 2014 1861 duos

435 1893 664 1949 dicimus
697 1894 855 1960 lllios,
909 1909 1084 1963 neque
1110 1895 1245 1950 duos
1270 1895 1534 1950 dominos.
1580 1895 1858 1965 Siquidem
1889 1911 2011 1952 cum

436 1985 750 2040 manifestus
784 1987 854 2040 sit
882 1986 971 2054 qui
1007 1987 1244 2040 essentia
1291 2001 1385 2040 sua
1420 1997 1504 2041 est
1541 1987 1796 2040 Dominus
1839 1998 1892 2041 et
1922 1988 2012 2042 Fi-

439 2073 573 2140 lius,
619 2074 1030 2143 inseparabilem
1066 2075 1272 2130 habens
1316 2091 1438 2130 cum
1475 2091 1540 2132 eo
1573 2077 2012 2146 conjunctionem

437 2163 482 2219 is
510 2165 600 2232 qui
628 2174 824 2220 nostra:
852 2165 1039 2220 salutis
1070 2181 1232 2221 causa
1259 2180 1504 2236 sumptus
1537 2178 1638 2232 est,
1665 2169 1823 2222 simul
1848 2170 2010 2224 etiam

437 2255 663 2310 infertur
708 2266 869 2325 atque
912 2257 1226 2328 intelligitur
1269 2273 1393 2313 cum
1432 2258 1789 2328 appellatione
1849 2271 2012 2331 atque

434 2346 598 2415 gloria
629 2345 744 2400 Filii
771 2357 823 2401 et
855 2347 1087 2402 Domini.

504 2441 571 2492 Δ.
609 2436 653 2492 Ο
682 2437 955 2507 ingentem
983 2439 1309 2508 imperitiam
1345 2451 1510 2512 atque
1536 2445 1800 2499 insaniam
1823 2461 2008 2501 eorum

435 2529 525 2598 qui
557 2528 628 2582 ita
665 2543 786 2584 sese
819 2545 932 2584 rem
969 2530 1168 2586 habere
1207 2533 1309 2586 sibi
1351 2537 1711 2602 persuadent!
1761 2538 2011 2593 incredu-

437 2620 560 2675 litas
585 2622 727 2675 enim
762 2635 908 2675 mera
934 2633 1018 2676 est
1046 2623 1159 2678 inec
1195 2640 1282 2678 res
1314 2626 1707 2696 impiarumque
1747 2629 2012 2684 inventio-

435 2727 563 2766 num
598 2714 830 2778 novitas,
864 2723 919 2766 et
947 2716 1110 2768 totius
1142 2716 1338 2770 divina:
1362 2732 1638 2786 sacraeque
1669 2721 2010 2789 prtedicatio-

436 2805 519 2857 nis
572 2804 886 2867 subversio,
936 2820 1055 2873 qua:
1105 2823 1268 2860 unum
1322 2823 1442 2862 esse
1495 2809 1778 2864 Dominum
1826 2812 2010 2867 Iesum

433 2891 707 2945 Christum
755 2889 949 2946 Filium
997 2892 1088 2948 Dei
1133 2896 1452 2964 proclamat,
1487 2898 1738 2952 nimirum
1779 2899 2010 2955 Verbum

433 2999 498 3036 ex
548 2983 654 3037 Deo
689 2983 843 3038 Patre
880 2985 1154 3040 hominem
1201 2987 1401 3040 laetum
1453 2999 1614 3058 atque
1650 2992 2010 3057 incarnatum,

437 3076 510 3127 ita
547 3083 604 3126 ut
630 3073 702 3127 sit
732 3075 842 3143 ipse
893 3072 1035 3129 Deus
1065 3076 1222 3130 simul
1251 3086 1302 3130 et
1327 3077 1519 3141 homo;
1554 3088 1607 3130 et
1638 3078 1796 3132 unius
1834 3081 2010 3132 omnia

435 3162 635 3228 divina,
661 3179 723 3217 ac
760 3177 1016 3232 prmterea
1053 3166 1306 3220 humana.
1344 3167 1439 3220 llic
1477 3171 1618 3222 enim
1644 3185 1767 3224 cum
1799 3188 2012 3237 semper

433 3254 662 3310 exsistat
701 3265 969 3324 quatenus
1002 3267 1087 3312 est
1126 3258 1287 3321 Deus,
1338 3260 1668 3315 nativitatem
1714 3267 2008 3318 secundum

435 3359 652 3399 carnem
685 3362 750 3400 ex
779 3347 1000 3401 muliere
1028 3350 1213 3402 subiit.
1251 3350 1420 3405 Unius
1453 3352 1633 3420 itaque
1679 3365 1837 3422 atque
1873 3355 2011 3422 ejus-

435 3439 553 3492 dem
591 3447 693 3502 cst,
738 3449 793 3493 et
827 3440 894 3494 ab
935 3449 1138 3494 mter-no
1172 3456 1292 3495 esse
1328 3452 1489 3511 atque
1522 3445 1834 3510 subsistere,
1866 3458 1919 3500 et
1961 3449 2012 3500 in

436 3529 637 3582 ultimis
674 3529 1004 3596 temporibus
1046 3531 1339 3584 secundum
1371 3549 1588 3587 carnem
1635 3544 1818 3587 natum
1866 3550 2006 3590 esse.

433 3619 534 3684 Qui
584 3634 704 3672 eum
757 3621 829 3674 sit
875 3631 1095 3675 sanctus
1144 3624 1439 3676 secundum
1493 3635 1780 3686 naturam,
1832 3637 2014 3694 utpote

437 3708 595 3773 Deus,
633 3711 1004 3766 sanctiﬁcatus
1025 3723 1106 3767 cst
1132 3716 1442 3776 nobiscum,
1473 3725 1742 3782 quatenus
1765 3721 2011 3785 apparuit

437 3801 616 3863 homo,
649 3801 733 3853 cui
764 3804 977 3869 proprie
1013 3807 1269 3858 cuuvenit
1313 3807 1661 3860 sanctiﬁcari.
1690 3808 1928 3879 Cumque
1959 3825 2014 3864 nt

436 3900 628 3943 natura
667 3889 925 3945 Dominus
955 3910 1164 3946 summa
1191 3896 1453 3962 dignitate
1483 3899 1792 3961 excelleret,
1830 3902 2010 3954 servili

436 3981 608 4033 forma
656 3991 713 4034 ut
763 3984 979 4049 propria
1033 4000 1327 4054 assumpta,
1373 3988 1582 4040 Patrem
1639 4005 1790 4042 suum
1849 3991 2010 4044 Deum

436 4075 666 4136 vocavit,
691 4085 744 4127 et
777 4091 897 4127 cum
930 4075 1044 4144 ipse
1084 4080 1154 4131 sit
1195 4081 1301 4130 vita
1347 4090 1400 4132 et
1434 4081 1732 4145 vivilicans,
1762 4093 1814 4134 ut
1855 4083 2010 4150 Dens,

435 4168 734 4220 vivilleatus
768 4185 794 4219 a
839 4167 996 4222 Patre
1026 4185 1144 4223 esse
1190 4173 1406 4236 dicitur,
1434 4185 1697 4240 quatenus
1742 4176 1900 4229 homo
1932 4176 2010 4228 fa-

433 4269 549 4311 ctus
576 4269 679 4312 est.
706 4257 896 4312 Omnia
923 4261 1104 4329 itaque
1128 4261 1296 4329 ipsius
1321 4275 1467 4328 sunt,
1492 4275 1670 4318 etnon
1697 4268 2013 4336 dedignatus

431 4360 512 4403 est
546 4351 1064 4405 administrationem
1108 4354 1158 4405 in
1199 4369 1379 4419 carne,
1416 4371 1574 4422 quam
1609 4369 1660 4409 et
1701 4359 1865 4413 Pater
1898 4362 2014 4430 ipse

433 4443 802 4510 comprobavit
829 4462 840 4497 :
877 4444 1142 4512 siquidem
1172 4460 1294 4498 vera
1329 4457 1454 4499 suat
1488 4463 1606 4515 quae
1638 4449 1832 4504 Paulus
1859 4454 2007 4505 dicit.

434 4533 569 4586 Alibi
597 4534 738 4587 enim
766 4535 835 4587 ita
870 4536 944 4588 ait
975 4554 986 4589 :
1023 4555 1040 4585 ι
1081 4534 1321 4604 Eurnqni
1353 4554 1454 4591 non
1491 4550 1713 4592 noverat
1735 4553 2010 4608 peceatum

433 4641 528 4693 pro
567 4625 717 4678 nobis
745 4637 1028 4694 peccatum
1064 4629 1211 4690 fecit,
1243 4641 1298 4682 ut
1327 4646 1423 4683 nos
1449 4632 1637 4685 liamns
1664 4632 1874 4699 justitia
1915 4634 2008 4689 Dei

432 4717 486 4770 in
511 4717 628 4784 ipso
651 4717 750 4783 '°;i
773 4719 1038 4773 alibivero
1061 4736 1271 4774 rursum
1299 4737 1313 4774 :
1335 4739 1352 4771 ι
1380 4721 1480 4786 Qui
1506 4723 1723 4791 proprio
1743 4724 1876 4777 Filio
1906 4740 2008 4779 non

431 4811 689 4878 pepercit,
727 4812 818 4866 sed
857 4828 954 4881 pro
986 4814 1140 4868 nobis
1191 4814 1440 4867 omnibus
1487 4813 1704 4868 tradidit
1742 4816 1912 4877 ἱΙΙιιιιι,
1955 4828 2012 4869 ιιι

433 4913 484 4954 et
527 4919 648 4954 cum
685 4905 802 4972 ipso
848 4906 1027 4958 omnia
1073 4905 1227 4958 nobis
1270 4905 1616 4974 largiatur".
1652 4925 1670 4957 ι
1712 4907 1864 4959 Anne
1918 4909 2009 4960 tibi

432 5005 792 5049 consentanea
838 4997 1007 5051 sacris
1051 4997 1269 5052 Litteris
1307 4998 1570 5051 sententia
1615 5015 1731 5053 mea
1763 5000 2012 5055 videtur?

504 5175 558 5226 ll.
603 5174 858 5229 Omnino.

502 5267 567 5317 A.
614 5265 668 5317 Si
704 5280 850 5326 vero,
889 5275 947 5319 ut
975 5265 1266 5319 adversarii
1316 5266 1498 5319 volunt
1531 5267 1738 5335 sibique
1782 5283 2002 5334 persua—

433 5357 582 5419 dent,
619 5357 949 5424 unigenitum
996 5357 1086 5410 Dei
1133 5358 1382 5420 Verbum,
1421 5369 1641 5424 accepto
1691 5359 1905 5411 homine
1936 5376 1998 5412 ex

434 5448 639 5502 semine
684 5449 851 5501 David
883 5459 937 5501 et
983 5449 1275 5511 Abraham,
1313 5451 1474 5520 730
1505 5451 1722 5502 fui‘tnari
1770 5451 1914 5502 illum
1957 5451 2004 5500 in

437 5551 622 5592 Sancta
650 5541 861 5608 Virgine
884 5543 1110 5606 curavit,
1129 5555 1287 5610 atque
1307 5545 1444 5595 hunc.
1467 5544 1563 5595 sibi
1593 5543 1688 5612 ipsi
1716 5543 2007 5610 copulavit,

440 5641 775 5700 mortemque
825 5635 1056 5701 experiri
1113 5635 1300 5696 voluit,
1355 5651 1558 5686 uec-nou
1610 5637 1922 5688 suscitatqu
1980 5649 2008 5686 ο

512 5805 555 5838 ’⁸
585 5808 814 5876 Ιιῖιιῑιυδ.ι
871 5807 960 5872 ‘20,
989 5808 1075 5860 2|.
1156 5807 1198 5837 ³ο
1230 5807 1270 5858 ll
1313 5808 1432 5861 (ξω.
1479 5824 1524 5870 ν,
1555 5809 1639 5858 ‘ll.

2117 617 2211 670 καὶ
2237 615 2530 685 ἀναγαγὼν
2568 618 2645 677 είς
2668 616 2917 684 οὐρανὸν,
2957 617 3050 668 καὶ
3103 617 3328 678 καθίσας
3380 618 3444 668 ἐκ
3492 616 3685 682 δεξιῶν

2113 705 2209 760 τοῦ
2233 706 2562 760 Θεοῦ.”Οθεν
2585 705 2650 776 δὴ
2686 705 2939 775 ὑπεράνω
2984 707 3162 776 πάσης
3193 707 3450 776 ὑπάρχων
3487 706 3686 778 Ἀρχῆς

2112 815 2172 850 τε
2204 799 2298 851 καὶ
2329 797 2625 862 Ἐξουσίας,
2651 795 2748 850 καὶ
2776 795 3086 864 Δυνάμεως.
3105 797 3196 849 καὶ
3214 796 3566 865 Κυριότητος,
3591 795 3689 849 καὶ

2113 889 2312 951 παντὸς
2339 889 2598 959 ὀνόματος
2623 887 3021 958 ὀνομαζομένου
3051 888 3151 940 οὑκ
3176 889 3235 941 ἐν
3274 887 3350 958 τῷ
3374 886 3530 940 αἰῶνι
3564 887 3689 939 τού-

2111 997 2190 1050 τῳ
2217 980 2397 1050 μόνον,
2423 980 2558 1034 άλλά
2586 981 2679 1032 καὶ
2713 981 2770 1031 ἐν
2797 978 2876 1048 τῷ
2912 977 3178 1047 μέλλοντι,
3202 981 3300 1049 τὴν
3330 979 3479 1049 παρὰ
3505 979 3692 1047 πάσης

2111 1071 2214 1143 τῆς
2265 1072 2493 1135 κτίσεως
2537 1071 2750 1142 δέχεται
2805 1071 3202 1140 προσκύνησιν,
3255 1072 3329 1134 ὡς
3383 1069 3686 1140 ἀχώριστον

2113 1165 2254 1234 πρὸς
2289 1164 2386 1236 τὴν
2429 1163 2580 1218 θείαν
2605 1163 2764 1232 φύσιν
2792 1163 2932 1234 ἔχων
2955 1164 3050 1233 τὴν
3099 1163 3412 1229 συνάφειαν,
3440 1162 3689 1232 ἀναφορᾷ

2111 1259 2247 1312 Θεοῦ
2274 1259 2369 1310 καὶ
2407 1257 2585 1327 ἐννοίᾳ
2610 1257 2790 1328 πάσης
2816 1258 2965 1326 αὑτῷ
3002 1257 3102 1325 τῆς
3133 1256 3358 1316 κτίσεως
3396 1254 3491 1324 τὴν
3520 1271 3688 1324 προσ-

2113 1350 2340 1419 κύνησιν
2358 1330 2757 1418 άπονεμούσης,
2780 1349 2876 1402 καὶ
2898 1348 3020 1402 οὕτε
3052 1347 3146 1400 δύο
3167 1347 3346 1416 φαμὲν
3368 1347 3537 1407 υἱοὺς,
3561 1347 3686 1398 οὗτε

2110 1441 2206 1496 δύο
2236 1440 2456 1511 κυρίους
2477 1457 2489 1468 ·
2511 1439 2698 1510 ἐπειδὴ
2717 1440 2772 1492 δὲ
2795 1441 2921 1503 Υἱὸς
2939 1441 3059 1493 κατ’
3080 1438 3266 1491 οὑσίαν
3292 1440 3319 1490 6
3339 1437 3469 1499 Θεὸς
3489 1437 3681 1505 Λόγος,

2111 1537 2140 1589 ὁ
2185 1533 2480 1604 μονογενὴς
2513 1533 2639 1595 Υίὸς
2659 1531 2753 1584 τοῦ
2777 1531 3006 1601 Πατρὸς,
3045 1525 3199 1599 ᾧπερ
3227 1523 3382 1592 οὗτος
3404 1530 3689 1598 συνημμὲ-

2113 1644 2199 1691 νος
2223 1643 2281 1679 τε
2312 1627 2407 1679 καὶ
2437 1627 2697 1695 μετέχων,
2725 1626 2972 1677 κοινωνεῖ
3008 1624 3104 1692 τῆς,
3147 1621 3277 1674 Υίοῦ
3312 1622 3687 1691 προσηγορίας

2112 1721 2206 1773 καὶ
2233 1721 2417 1789 τιμῆς,
2469 1717 2563 1770 καὶ
2598 1716 2801 1786 Κύριος
2840 1717 2959 1769 κατ’
2990 1715 3182 1768 οὑσίαν
3204 1716 3232 1767 6
3261 1714 3393 1777 Θεὸς
3417 1715 3610 1781 Λόγος,
3640 1707 3689 1780 ᾧ

2115 1811 2458 1882 συνημμένος
2476 1803 2651 1872 οὗτος,
2683 1810 2928 1861 κοινωνεί
2946 1808 3041 1876 τῆς
3067 1807 3254 1876 τιμῆς.
3282 1807 3389 1859 Καὶ
3417 1805 3506 1858 διὰ
3529 1805 3688 1858 τοῦτο

2113 1901 2234 1956 οὒτε
2269 1902 2362 1955 δύο
2398 1901 2578 1970 φαμὲν
2637 1901 2821 1962 υἱοὺς,
2877 1897 2998 1952 οὔτε
3045 1898 3138 1950 δύο
3187 1897 3431 1966 κυρίους.
3469 1895 3688 1966 Ἐπειδὴ

2112 1993 2271 2060 δήλου
2299 1991 2392 2044 τοῦ
2415 1992 2534 2044 κατ’
2567 1991 2751 2043 οὐσίαν
2773 1989 2921 2052 ὄντος
2945 1989 3153 2058 Κυρίου
3181 1983 3274 2040 καὶ⁵
3305 1986 3456 2051 Υίοῦ,
3483 1987 3688 2056 ἀχώριο

2115 2101 2239 2139 στον
2289 2084 2426 2153 ἔχων
2456 2082 2554 2154 τὴν
2590 2082 2722 2150 πρὸς
2768 2081 2932 2135 αὑτὸν
2964 2081 3262 2148 συνάφειαν
3292 2081 3321 2132 6
3361 2081 3460 2148 τῆς
3486 2079 3687 2149 ἡμετέ-

2117 2193 2216 2246 ρας
2251 2175 2523 2247 σωτηρίας
2549 2173 2775 2243 ληφθεὶς
2810 2174 3014 2235 ἐνεκεν,
3061 2171 3490 2240 συναναφέρεται
3521 2173 3586 2241 τῇ
3626 2184 3687 2222 τι

2113 2264 2374 2336 ὀνομασία
2407 2265 2499 2317 καὶ
2527 2267 2589 2334 τῆ
2616 2266 2746 2332 τιμῇ
2770 2262 2862 2316 τοῦ
2899 2261 3025 2316 Υἰοῦ
3057 2261 3264 2315 καὶτοῦ
3298 2261 3526 2332 Κυρίου.

2186 2442 2248 2493 Δ.
2290 2439 2462 2492 Βαϐαι
2499 2441 2598 2508 τῆς
2648 2437 2936 2500 ἀσυνεσίας
2984 2435 3076 2488 καὶ
3128 2435 3441 2505 ἐμπλήκτου
3491 2437 3688 2506 φρενὸς

2115 2532 2221 2586 τῶν
2265 2527 2365 2584 ὧδε
2411 2529 2564 2583 ταῦτ’
2605 2529 2749 2597 ἐχειν
2792 2529 2891 2580 οὑκ
2940 2525 3035 2582 οἷδ’
3076 2530 3222 2590 ὅπως
3273 2527 3682 2596 ὑπειληφότωνί

2115 2622 2342 2676 ἀπιστία
2366 2621 2474 2689 γάρ
2501 2619 2561 2673 τὸ
2589 2621 2796 2691 χρῆμα,
2828 2620 2924 2673 καὶ
2963 2619 3147 2694 ἕτερον
3172 2619 3344 2685 οὑὸἐν,
3378 2619 3469 2672 καὶ
3495 2619 3691 2671 δυσσε-

2115 2713 2225 2766 ϐὦν
2261 2712 2579 2783 εὑρεμάτων
2607 2710 2884 2779 καινότης,
2929 2709 3023 2762 καὶ
3059 2709 3338 2778 ἀνατροπὴ
3376 2709 3485 2761 τῶν
3530 2707 3689 2760 θείων

2114 2821 2172 2856 τε
2216 2804 2310 2857 καὶ
2357 2802 2517 2869 ίερῶν
2545 2801 2932 2872 κηρυγμάτων,
2965 2799 3059 2853 ἕνα
3087 2800 3288 2870 Κύριον
3333 2798 3539 2869 Ἰησοῦν
3566 2800 3690 2868 Χρι-

2117 2893 2260 2958 στὸν,
2293 2894 2385 2945 τὸν
2416 2892 2542 2945 Υίὸν
2569 2891 2662 2944 τοῦ
2695 2891 2829 2943 Θεοῦ
2862 2891 3322 2961 διακεκραγότων,
3358 2891 3448 2942 τὸν
3472 2892 3535 2942 ἐκ
3555 2889 3688 2942 Θεοῦ

2117 2985 2328 3054 Πατρὸς
2360 2983 2598 3054 δηλονότι
2637 2982 2804 3049 Λόγον
2840 2981 3336 3051 ἐνανθρωπήσαντα
3365 2982 3458 3034 καὶ
3492 2997 3686 3050 σεσαρο

2117 3076 2382 3143 κωμένον,
2427 3074 2565 3126 ὥστε
2612 3072 2748 3124 εἶναι
2777 3073 2866 3124 τὸν
2897 3072 3078 3134 αὑτὸν,
3117 3071 3248 3124 Θεὸν
3277 3071 3413 3140 ὁμοῦ
3461 3072 3557 3124 καλ⁹
3600 3072 3691 3126 ἄν·

2118 3171 2350 3239 θρωπον,
2380 3171 2472 3222 καὶ
2497 3172 2613 3231 ἐνὸς
2633 3169 2699 3221 τὰ
2731 3169 2906 3221 πάντα
2929 3169 2996 3221 τὰ
3025 3167 3322 3236 θεοπρεπῆ,
3347 3167 3439 3219 καὶ
3469 3166 3690 3236 προσέτι

2117 3263 2186 3315 τὰ
2217 3261 2550 3331 ἀνθρώπινα.
2591 3255 2758 3321 Οὗτος
2789 3261 2896 3328 γὰρ
2923 3259 3182 3327 ὑπάρχων
3205 3259 3290 3310 ἀεὶ
3319 3258 3412 3310 καὶ
3457 3259 3692 3325 ὑφεστη-

2119 3353 2227 3415 κὼς
2273 3353 2414 3404 κατὰ
2449 3370 2508 3419 γε
2547 3351 2606 3403 τὸ
2651 3349 2788 3402 εἶναι
2821 3351 2973 3413 Θεὸς,
3026 3350 3283 3419 ὑπέμεινε
3314 3350 3568 3420 γέννησιν
3594 3350 3692 3421 τὴν

2117 3447 2254 3498 κατὰ
2302 3447 2477 3514 σάρκα
2531 3447 2593 3496 ἐκ
2646 3443 2921 3509 γυναικός.
2983 3442 3131 3505 Ἐνὸς
3176 3438 3268 3496 οὖν
3306 3443 3413 3511 ἄρα
3461 3444 3552 3494 κα)⁸
3597 3443 3689 3495 τοῦ

2116 3535 2280 3588 αὑτοῦ
2329 3538 2420 3587 καὶ
2456 3536 2514 3587 τὸ
2548 3536 2734 3595 άῖδίως
2791 3531 2930 3586 εἶναι
2967 3534 3059 3586 καὶ
3113 3534 3448 3601 ὑφεστάναι,
3487 3535 3579 3586 καὶ
3633 3537 3691 3588 ἐν

2116 3631 2363 3698 ἐσχάτοις
2399 3632 2606 3694 καιροῖς
2657 3629 2796 3680 κατὰ
2830 3628 3003 3693 σάρκα
3049 3628 3398 3696 γεννηθῆναι,
3445 3627 3503 3689 ὃς
3538 3629 3688 3694 ἆγιος

2118 3719 2193 3770 ὣν
2241 3719 2378 3771 κατὰ
2422 3717 2582 3784 φύσιν
2613 3716 2686 3780 ὡς
2732 3716 2884 3778 Θεὸς,
2918 3717 3174 3786 ἡγιάζετο
3217 3715 3332 3786 μεθ’
3369 3718 3525 3784 ἡμων
3557 3715 3691 3768 καθὸ

2117 3811 2358 3878 πέφηνεν
2389 3809 2691 3876 ἅνθρωπος,
2729 3801 2880 3877 ᾧπερ
2916 3808 2981 3859 ἂν
3015 3808 3215 3876 πρέποι
3246 3807 3306 3858 τὸ
3333 3806 3690 3873 ἁγιάζεσθαιο

2117 3902 2208 3953 καὶ
2245 3902 2301 3951 ἐν
2330 3903 2676 3960 Δεσποτικοῖς
2715 3883 2974 3968 ὑπάρχων
3019 3898 3309 3968 ἀξιώμασι.
3355 3900 3446 3951 καὶ
3475 3898 3572 3969 τὴν
3597 3899 3688 3952 τοῦ

2115 3991 2300 4043 δούλου
2339 3991 2548 4059 μορςιὴν
2583 3989 2656 4050 ὡς
2690 3989 2820 4041 ίδίαν
2856 3991 3014 4058 ἔχων,
3045 3990 3178 4041 Θεὸν
3210 3989 3493 4060 ὠνόμαζεν
3525 3989 3689 4042 αὑτοῦ

2116 4082 2205 4134 τὸν
2224 4082 2458 4150 Πατέρα’
2491 4080 2626 4151 [καὶ]
2649 4080 2758 4149 ζωὴ
2777 4081 2868 4132 καὶ
2888 4081 3148 4144 ζωοποιὸς
3167 4082 3427 4152 ὑπάρχων
3445 4081 3516 4144 ὡς
3535 4081 3686 4145 Θεὸς,

2115 4169 2492 4234 ζωοποιεῖσθαι
2532 4171 2750 4237 λέγεται
2797 4171 2945 4240 παρὰ
2976 4172 3070 4224 τοῦ
3105 4173 3312 4242 [ἰατρὸς
3346 4173 3478 4224 καθὸ
3511 4173 3688 4242 πέφη-

2116 4277 2203 4310 νεν
2226 4261 2526 4329 ἄνθρωπος.
2555 4261 2736 4312 Πάντα
2765 4261 2940 4312 τοίνυν
2968 4261 3128 4314 αὑτοῦ
3149 4301 3162 4323 ,
3191 4263 3280 4313 καὶ
3305 4262 3404 4314 οὑκ
3433 4261 3687 4331 ἀτιμάζει

2116 4354 2212 4424 τὴν
2238 4352 2567 4420 οἰκονομίαν,
2584 4354 2648 4420 ἢν
2675 4354 2767 4404 καὶ
2789 4355 2855 4405 αὑ
2867 4354 2951 4415 τὸς
2978 4352 3236 4421 ἐπῄνεσεν
3254 4355 3280 4405 6
3304 4354 3506 4424 Πατὴρ,
3532 4357 3686 4423 εἴπερ

2117 4445 2264 4498 ἐστὶν
2311 4445 2483 4513 ἁληθῆ
2535 4445 2602 4495 τὰ
2649 4444 2734 4494 διὰ
2779 4444 2877 4511 τῆς
2925 4444 3017 4495 τοῦ
3056 4445 3263 4497 Παύλου
3314 4446 3514 4514 φωνῆς.
3553 4447 3686 4497 ΙΙοτέ

2051 4537 2087 4585 Π
2119 4537 2217 4604 μὲν
2243 4537 2350 4605 γὰρ
2381 4536 2505 4604 ἔφη·
2532 4554 2548 4585 ι
2577 4535 2679 4587 Τὸν
2705 4536 2778 4603 μὴ
2798 4535 2990 4601 γνόντα
3024 4536 3317 4605 ἁμαρτίαν,
3354 4535 3492 4603 ὑπὲρ
3532 4536 3687 4604 ἡμῶν

2119 4629 2392 4696 ἁμαρτίαν
2425 4627 2699 4696 ἐποίησεν,
2743 4628 2828 4678 ἵνα
2860 4629 3018 4690 ἡμεῖς
3048 4627 3332 4695 γενώμεθα
3375 4627 3685 4695 δικαιοσύνη

2117 4718 2250 4771 Θεοῦ
2288 4720 2343 4770 ἐν
2374 4718 2548 4787 αὑτῴ-
2591 4736 2606 4767 ι
2640 4719 2768 4770 ποτὲ
2801 4718 2856 4769 δὲ
2890 4717 3050 4768 πάλιν
3075 4732 3086 4742 ·
3132 4735 3149 4767 ι
3194 4719 3290 4778 ὐς
3331 4734 3391 4785 γε
3425 4716 3519 4767 τοῦ
3557 4717 3684 4770 ίδίου

2119 4810 2247 4864 Υἱοῦ
2288 4812 2388 4862 οὑκ
2420 4809 2691 4878 ἐφείσατο,
2732 4809 2845 4861 ἀλλ’
2880 4809 3016 4877 ὑπὲρ
3041 4808 3197 4877 ἡμῶν
3234 4809 3489 4861 ἁπάντων
3543 4825 3688 4878 παρ-

2119 4901 2514 4957 έδωκεναὺτὸν.
2536 4901 2620 4950 ἵνα
2651 4901 2744 4952 καὶ
2777 4899 2872 4950 σὺν
2902 4899 3048 4967 αὐτῷ
3076 4898 3144 4950 τά
3175 4899 3348 4951 πάντα
3374 4901 3503 4967 ἡμῖν
3535 4896 3690 4967 χαρί-

2119 5007 2297 5058 σηται.
2336 5009 2352 5038 ο
2390 4987 2512 5057 ’Ἆρ’
2535 4985 2623 5041 οὖν
2663 4989 2761 5040 οὑκ
2794 4987 2919 5039 εὐθὺ
2958 4988 3160 5039 σκοποῦ
3189 4988 3295 5040 τῶν
3324 4988 3482 5039 ίεοῶν
3505 4988 3689 5057 Γραμ-

2117 5084 2302 5150 μάτων
2340 5083 2366 5131 6
2399 5083 2530 5150 πρὸς
2559 5081 2715 5152 ἡμῶν
2751 5083 2863 5134 ἐστι
2895 5082 3083 5148 λόγος

2186 5175 2243 5226 Β.
2291 5174 2410 5235 Πῶς
2438 5175 2542 5240 γὰρ
2576 5174 2670 5235 05;

2182 5269 2244 5319 Δ.
2292 5268 2350 5318 ΕΞ
2378 5266 2429 5316 δὲ
2463 5268 2542 5336 δὴ,
2580 5267 2720 5319 καθά
2751 5283 2914 5334 φασιν
2948 5266 2996 5317 οἱ
3030 5266 3093 5318 δι’
3138 5265 3384 5326 ἐναντίας
3419 5265 3512 5316 καὶ
3547 5281 3682 5332 cppe-

2114 5360 2220 5411 νεῖν
2249 5358 2569 5425 ἐγνώκασιν,
2594 5361 2621 5410 6
2656 5359 2946 5429 μονογενὴς
2989 5360 3083 5410 τοῦ
3115 5359 3248 5410 Θεοῦ
3283 5359 3473 5425 Λόγος,
3507 5356 3684 5409 λαϐὼν

2107 5451 2391 5518 ἄνθρωπον
2444 5453 2505 5502 ἐκ
2557 5452 2871 5520 σπέρματος
2919 5451 3008 5502 τοῦ
3061 5450 3345 5503 θεσπεσίου
3397 5450 3558 5501 Δαίὶὶδ
3591 5449 3684 5502 καὶ

2120 5543 2392 5612 Ἀϐραὰμ,
2429 5544 2724 5608 πλασθῆναι
2775 5545 2866 5613 μὲν
2907 5546 2962 5594 ἐν
2995 5549 3056 5614 τῇ
3093 5545 3220 5612 ἁγίᾳ
3257 5542 3514 5611 Παρθένῳ
3546 5559 3680 5611 παρ-

2113 5633 2373 5685 εσκεύασέ
2405 5653 2456 5686 1:
2501 5638 2590 5686 καὶ
2616 5636 2796 5686 τοῦτον
2829 5636 3001 5704 ἑαυτῷ
3055 5637 3277 5704 συνῆᾦε,
3313 5634 3402 5686 καὶ
3451 5634 3680 5686 θανάτου

1726 5807 1763 5832 ¹²¹
1811 5806 1962 5858 litim.
2003 5822 2115 5869 \‘ttt,
2151 5805 2236 5857 δὲ.
