4036 6336
344 451 478 507 δεδι

1480 437 1670 503 QUOD
1711 437 1903 496 UNUS
1944 436 2053 495 SIT
2090 435 2471 495 CHRISTUS.

3514 418 3652 474 1282

350 562 652 629 πεποίηκεν
682 562 760 623 εἰς
788 561 984 628 πεῖραν
1012 554 1206 615 ἐλθεῖν,
1238 551 1330 604 καὶ
1364 550 1469 621 μὴν
1500 552 1591 602 καὶ
1626 550 1849 618 ἐγείρας
1878 551 1942 602 ὲκ

2071 549 2281 603 nortuis
2318 549 2367 601 in
2400 544 2599 599 coelum
2630 542 2873 608 sustulit,
2908 547 2962 595 et
3014 538 3081 594 ad
3114 538 3400 592 dexteram
3444 534 3537 589 Dei
3572 548 3652 587 se-

353 652 561 723 νεκρῶν
594 652 920 720 ἀνεκόμισεν
947 652 1026 710 εἰς
1055 649 1147 698 τὸν
1191 643 1440 714 οὐρανὸν,
1473 642 1566 693 καὶ
1596 640 1852 693 ἐκάθισεν
1886 642 1943 691 ὲν

352 746 501 816 δεξιᾷ
549 745 642 797 τοῦ
687 742 821 796 Θεοῦ
847 758 860 772 ο
898 739 1189 811 περιττῶς,
1242 737 1317 797 ὡς
1358 734 1522 799 ἔοικε,
1561 732 1695 803 πρός
1743 748 1799 785 τε
1837 730 1944 783 τῶν

354 838 527 904 ἁγίων
557 835 832 902 πατέρων,
866 834 959 885 καὶ
993 832 1129 902 πρός
1152 846 1214 897 γε
1252 827 1407 898 ἡμῶν
1435 825 1635 889 αὐτῶν,
1674 826 1768 876 καὶ
1797 822 1946 876 ἀπά-

354 944 456 997 σης
495 945 557 996 γε
589 927 689 994 τῆς
736 924 1096 977 θεοπνεύστου
1134 921 1356 993 Γραφῆς
1389 917 1812 988 ὲνανθρωπῆσαι
1861 916 1948 969 λέ-

372 1038 526 1087 γεται
553 1036 564 1047 ·
596 1018 748 1088 δηλοῖ
792 1018 922 1088 γὰρ,
966 1014 1139 1085 οἶμαι,
1179 1014 1347 1075 τουτὶ,
1384 1013 1475 1064 καὶ
1506 1011 1692 1081 ἕτερον
1720 1010 1893 1073 οὐδὲν,
1920 1010 1947 1060 6

360 1115 631 1179 πάνσοφος
672 1109 944 1177 Ἰωάννης,
978 1103 1293 1175 γεγραφὼς,
1320 1104 1403 1156 ὅτι
1443 1122 1460 1153 t
1513 1102 1573 1154 '0
1602 1102 1776 1168 Λόγος
1809 1098 1949 1168 σὰρξ

360 1204 595 1271 ἐγένετο.
628 1221 645 1253 ι
691 1200 1118 1270 Ἀντέστραπται
1153 1196 1233 1260 δὲ,
1287 1195 1427 1248 κατά
1475 1194 1535 1245 τὸ
1588 1194 1757 1256 εἰκὸς,
1810 1191 1949 1259 πρὸς

356 1296 463 1347 πᾶν
492 1293 824 1353 τούναντίον,
858 1292 955 1361 τῆς
989 1290 1128 1359 μετὰ
1178 1289 1379 1359 σαρκὸς
1404 1286 1715 1356 οἰκονομίας
1744 1285 1806 1337 τὸ
1844 1302 1948 1355 μυί

356 1386 600 1456 στήριον.
634 1386 706 1437 Οὐ
733 1386 840 1454 γάρ
872 1383 1018 1436 ἐστιν
1070 1382 1217 1443 ἰδεῖν,
1260 1381 1333 1442 ὼς
1375 1379 1506 1442 Θεὸς
1534 1378 1610 1431 ὢν
1651 1379 1811 1446 φύσει
1856 1378 1951 1431 καὶ

354 1477 421 1528 ὲκ
468 1475 602 1528 Θεοῦ
653 1476 908 1545 πεφηνὼς
943 1475 971 1526 6
1008 1473 1199 1540 Λόγος,
1248 1472 1491 1541 καθῆκεν
1526 1471 1714 1523 ἑαυτὸν
1749 1473 1829 1532 είς
1859 1471 1950 1523 κέ-

357 1585 552 1631 νωσιν,
612 1567 823 1639 μορφὴν
874 1565 1060 1618 δούλου
1113 1563 1330 1627 λαϐὼν,
1395 1564 1490 1615 καὶ
1547 1563 1950 1616 τεταπείνωκεν

357 1662 569 1725 ἑαυτὸν,
624 1662 737 1714 ἀλλ’
777 1660 841 1712 ἐκ
881 1678 942 1729 γε
990 1658 1095 1711 τῶν
1141 1658 1420 1722 ἐναντίων,
1464 1657 1801 1726 ἀνεκομίσθη
1852 1655 1951 1726 μὲν

357 1752 641 1821 ἄνθρωπος
677 1752 757 1814 εἰς
786 1751 882 1821 τὴν
915 1753 1011 1822 τῆς
1054 1750 1305 1821 θεότητος
1343 1749 1522 1816 δόξαν,
1558 1751 1649 1801 καὶ
1679 1750 1779 1820 τὴν
1811 1749 1953 1803 κατά

363 1846 582 1898 πάντων
632 1844 929 1913 ὑπεροχὴν,
966 1842 1125 1895 ἔλαϐε
1167 1842 1222 1894 δὲ
1256 1843 1349 1894 καὶ
1396 1840 1532 1893 Θεοῦ
1572 1842 1808 1911 μορφὴν,
1856 1840 1951 1893 καὶ

2046 642 2176 696 dere
2200 641 2385 709 jussit,
2442 648 2867 706 supervacanee,
2903 641 2960 687 ut
2992 632 3227 695 videtur,
3257 645 3285 682 a
3318 627 3524 683 sanctis
3557 624 3657 677 l’a-

2050 739 2242 803 tribus,
2270 746 2325 791 et
2362 751 2390 788 a
2422 733 2574 788 nobis
2604 733 2756 802 ipsis,
2793 741 2955 799 atque
2990 728 3127 782 adeo
3160 725 3229 779 ab
3261 724 3515 778 universa
3570 736 3658 773 sa-

2048 845 2141 895 era
2188 838 2241 883 et
2280 828 2541 881 divinitus
2586 825 2851 893 inspirata
2898 821 3181 889 Scriptura
3229 817 3392 871 homo
3449 815 3658 866 factum

2049 934 2173 976 esse
2198 920 2418 973 dicitur.
2454 916 2567 974 lloc
2600 918 2768 978 enim,
2807 926 2983 982 neque
3019 910 3165 964 aliud
3198 908 3496 977 quidquam
3528 905 3660 957 mihi

2049 1010 2361 1081 signiﬁcare
2397 1008 2613 1062 videtur
2658 1003 3102 1072 sapientissimus
3150 998 3391 1053 Joannes
3423 1011 3546 1050 cum
3583 994 3663 1047 in-

2050 1101 2212 1171 quit:
2249 1119 2267 1150 ι
2299 1098 2540 1154 Verbum
2587 1112 2717 1152 caro
2760 1096 2962 1150 factum
3012 1102 3115 1147 est.
3148 1110 3166 1143 ι
3204 1090 3310 1144 Sed
3342 1088 3660 1143 universum

2052 1192 2550 1247 administrationis
2587 1191 2640 1244 in
2673 1202 2840 1243 carne
2875 1187 3199 1257 mysterium
3244 1182 3404 1253 plane
3445 1180 3500 1233 in
3530 1192 3662 1232 con-

2053 1284 2278 1337 trarium
2324 1281 2646 1335 mutabitur.
2697 1277 2887 1345 Neque
2921 1274 3067 1329 enim
3116 1272 3260 1326 Deus
3294 1280 3485 1324 natura
3516 1266 3661 1323 exsi-

2053 1384 2205 1428 stens
2238 1384 2403 1441 atque
2458 1386 2523 1426 ex
2568 1370 2678 1425 Deo
2724 1369 2986 1431 Verbum,
3038 1365 3278 1435 seipsum
3311 1365 3377 1417 ad
3406 1359 3661 1417 exinani-

2055 1466 2254 1518 tionem
2296 1463 2587 1517 demisisse
2621 1461 2887 1527 cernitur,
2932 1472 3110 1527 neque
3170 1454 3542 1511 humiliaverit
3578 1463 3664 1504 se-

2056 1558 2233 1629 ipsum
2268 1578 2280 1614 :
2316 1558 2409 1612 sed
2440 1572 2471 1612 e
2501 1556 2776 1611 contrario
2806 1555 3010 1610 relatus
3050 1554 3268 1623 quidem
3309 1549 3471 1605 fuerit
3502 1548 3665 1603 homo

2059 1652 2112 1705 in
2148 1650 2368 1705 deitatis
2390 1650 2641 1719 gloriam,
2674 1651 2836 1718 inque
2862 1647 3252 1703 excellentiam
3285 1644 3529 1699 omnium
3566 1657 3658 1696 su-

2056 1760 2332 1814 premam;
2360 1744 2635 1812 acceperit
2661 1757 2790 1797 vero
2820 1751 2873 1797 et
2896 1742 3129 1796 formam
3160 1739 3276 1804 Dei,
3305 1750 3359 1793 et
3389 1736 3665 1791 exaltatus

2058 1834 2242 1898 fuerit,
2285 1849 2531 1891 assessor
2564 1833 2707 1889 Patri
2748 1834 2949 1888 factus.
2993 1833 3149 1887 Anne
3182 1830 3278 1885 tibi
3311 1844 3440 1884 vere
3483 1829 3665 1883 dicere

363 1935 551 2005 ὑψώθη
578 1935 795 2005 μᾶλλον,
829 1932 1115 2003 σύνθρονος
1147 1931 1387 2000 γεγονὼς
1416 1931 1492 2002 τῷ
1524 1931 1721 2002 Πατρί.
1752 1927 1829 1983 Ἦ
1854 1932 1954 1983 οὐκ
1990 1918 2031 1973 Β
2064 1926 2286 1982 videor?

359 2024 578 2094 ἀληθὲς,
610 2024 638 2076 ὃ
666 2039 809 2093 φημι
831 2039 845 2087 ;

432 2116 492 2167 Β.
537 2116 857 2167 Παντάπασι
896 2112 995 2183 μὲν
1029 2106 1142 2165 οῦν.

431 2210 495 2262 Α.
538 2209 599 2260 Ei
651 2206 709 2260 δὲ
759 2206 981 2276 ἀληθὲς,
1027 2204 1170 2258 καθά
1209 2220 1364 2273 φασι,
1415 2204 1509 2256 καὶ
1543 2200 1825 2273 ἀπηξίωσε
1860 2202 1956 2273 τὴν

362 2301 673 2372 οἰκονομίαν
708 2302 735 2353 ὁ
762 2301 1095 2369 Μονογενὴς,
1134 2298 1291 2360 ποίας
1322 2295 1402 2349 ἔτι
1434 2296 1841 2365 κατεφρόνησεν
1873 2297 1956 2348 ai-

366 2389 601 2459 σχύνης;
643 2390 745 2440 ποῦ
796 2388 852 2439 δὲ
901 2389 1123 2456 γέγονεν
1164 2388 1407 2455 ὑπήκοος
1444 2385 1522 2455 τῷ
1558 2386 1733 2456 Ilath
1790 2386 1957 2457 μέχρι

366 2482 618 2545 θανάτου,
660 2479 889 2533 θανάτου
917 2478 973 2531 δὲ
1006 2477 1270 2549 σταυροῦ;
1311 2478 1419 2529 Καὶ
1450 2480 1499 2529 εἰ
1534 2476 1713 2530 λαϐὼν
1742 2476 1955 2549 ἄνθρω-

366 2589 489 2639 πον,
522 2572 695 2642 ήγαγε
730 2571 827 2640 μὲν
879 2570 976 2622 καὶ
1009 2570 1088 2631 εἰς
1137 2570 1335 2638 πεῖραν
1362 2567 1526 2620 αὑτὸν
1555 2568 1649 2620 τοῦ
1698 2568 1955 2635 θανάτου,

367 2663 703 2733 ἀνακομίσας
753 2663 809 2715 δὲ
863 2662 959 2714 καὶ
998 2663 1078 2723 εἰς
1115 2660 1383 2730 οὐρανοὺς
1414 2660 1666 2732 σύνεδρον
1708 2661 1957 2729 ἀπέφηνε

367 2758 445 2829 τῷ
477 2758 673 2827 Πατρὶ,
706 2758 796 2807 ποῖ
823 2754 890 2825 δὴ
916 2754 1023 2824 ἄρα
1054 2752 1239 2805 λοιπὸν
1275 2755 1303 2805 6
1335 2752 1500 2805 αὑτοῦ
1543 2756 1791 2821 φανεῖται
1823 2752 1953 2823 θρό-

370 2869 477 2915 νος,
516 2853 671 2919 εἴπερ
710 2849 769 2901 οὐ
816 2848 908 2899 δύο
948 2846 1112 2914 φασὶν
1157 2847 1329 2908 υἱοὺς,
1379 2845 1472 2897 ἕνα
1502 2845 1559 2897 δὲ
1617 2846 1817 2915 μᾶλλον
1866 2844 1959 2897 τὸν

372 2940 778 3010 συνεδρεύοντα,
826 2937 918 2989 τὸν
957 2940 1021 2989 ὲκ
1058 2936 1372 3005 σπέρματος
1412 2934 1655 3005 δηλονότι
1705 2934 1867 2988 Δαϐίδ
1899 2952 1958 2987 τε

373 3036 464 3088 καὶ
516 3032 800 3105 ’Λϐραάμ;
851 3030 967 3091 πῶς
999 3029 1043 3081 δ’
1074 3029 1139 3082 ἂν
1172 3029 1266 3081 καὶ
1314 3029 1475 3089 αὐτὸς
1517 3028 1713 3098 Σωτὴρ
1750 3028 1961 3096 λέγοιτο

373 3125 620 3193 γενέσθαι
651 3124 744 3177 τοῦ
782 3124 1015 3192 κόσμου,
1056 3122 1149 3174 καὶ
1182 3122 1302 3192 οὐχὶ
1330 3121 1394 3190 δὴ
1434 3120 1635 3192 μᾶλλον
1668 3121 1958 3190 ἀνθρώπου

374 3219 651 3288 πρόξενος,
684 3217 803 3286 ἦτοι
832 3212 1270 3283 παρακομιστὴς,
1291 3212 1355 3263 δι’
1382 3206 1442 3265 οὗ
1477 3212 1571 3263 καὶ
1602 3209 1954 3279 σεσώσμεθα·

375 3312 469 3367 καὶ
512 3310 661 3372 τέλος
700 3308 866 3377 νόμου
904 3310 999 3357 καὶ¹
1049 3303 1347 3374 προφητῶν
1387 3302 1609 3371 γέγονεν
1645 3301 1956 3371 ἅνθρωπος,

375 3407 559 3475 ῑτερος
601 3400 676 3454 ῶν
719 3400 848 3470 παρ’
903 3398 1088 3450 αὑτὸν.
1123 3396 1290 3449 Λαλεῖ
1336 3394 1443 3466 γὰρ
1477 3397 1504 3447 6
1538 3393 1701 3463 νόμος
1733 3394 1795 3446 τὸ
1826 3395 1963 3465 Χρι-

376 3495 504 3550 στοῦ
535 3492 853 3565 μυστήριον,
891 3489 984 3541 καὶ
1013 3488 1140 3558 περὶ
1170 3486 1335 3541 αὐτοῦ
1364 3486 1639 3557 γέγραφεν
1680 3488 1707 3538 ὁ
1735 3486 1963 3556 Μωσῆς,

376 3587 433 3651 ὃς
453 3587 545 3640 καὶ
562 3585 786 3653 γέγονεν
804 3583 933 3652 ἡμῖν
966 3581 1314 3647 παιδαγωγὸς
1346 3580 1433 3630 ἐπ’
1456 3580 1640 3631 αὐτόν.
1661 3578 1879 3649 Οῖχεται
1910 3580 1965 3632 δέ

379 3697 481 3734 που
509 3678 644 3748 πρὸς
671 3676 730 3728 τὸ
755 3674 971 3746 μηδὲνη
990 3673 1190 3737 πίστις,
1214 3672 1362 3743 ἔρρει
1384 3672 1489 3741 γάρ
1509 3688 1520 3700 ·
1542 3673 1675 3724 ὅπου
1696 3671 1751 3723 δὲ
1772 3688 1969 3723 παντε-

379 3773 506 3837 λῶς,
521 3750 673 3824 οὐδὲν
690 3770 749 3821 τὸ
766 3767 962 3821 σεπτὸν
976 3768 1010 3838 ἡ
1018 3766 1133 3837 μῶν
1153 3766 1471 3837 μυστήριον.
1493 3765 1557 3817 Ὃ
1580 3764 1643 3835 δὴ
1664 3767 1757 3817 καὶ
1782 3765 1809 3813 ὁ
1829 3781 1967 3817 παν-

380 3868 598 3939 άριστος
643 3862 851 3925 Παῦλος
886 3862 1182 3932 διατρανοί,
1216 3860 1387 3927 λέγων
1409 3876 1421 3887 ’
1464 3880 1481 3911 ι
1513 3858 1605 3929 Μὴ
1622 3859 1781 3929 εἴπῃς
1808 3860 1864 3910 ὲν
1900 3861 1965 3927 τῇ

380 3962 579 4033 καρδίᾳ
627 3976 718 4011 σου
741 3974 753 3988 ·
788 3956 883 4019 Τίς
926 3956 1260 4026 ἀναϐήσεται
1309 3956 1388 4016 είς
1430 3954 1521 4006 τὸν
1554 3954 1815 4025 οὐρανόν;
1846 3969 1970 4005 του-

380 4052 528 4105 τέστι
558 4047 795 4121 Χριστὸν
827 4047 1182 4113 καταγαγεῖν,
1211 4043 1347 4114 ἦτίς
1367 4042 1741 4113 καταϐήσεται
1764 4045 1842 4105 είς
1872 4043 1969 4112 τὴν

384 4144 656 4207 ἀδυσσον;
691 4140 939 4193 τουτέστι
986 4136 1222 4208 Χριστὸν
1274 4138 1569 4205 ἀναγαγεῖν
1618 4138 1681 4188 ἐκ
1738 4135 1965 4206 νεκρῶν.

396 4233 557 4287 ’Λλλά
587 4231 639 4285 τί
670 4231 818 4299 λέγει
844 4231 877 4299 ἡ
903 4229 1132 4299 Γραφή;
1174 4226 1368 4294 Ἐγγύς
1401 4243 1492 4279 σου
1527 4226 1589 4279 τὸ
1621 4227 1771 4298 ῥῆμά
1797 4228 1967 4291 ἐστιν,

386 4331 446 4385 ἐν
488 4328 567 4399 τῷ
614 4324 845 4395 στόματί
879 4340 970 4377 σου
1017 4324 1112 4376 καὶ
1146 4324 1204 4375 ὲν
1233 4324 1299 4393 τῇ
1347 4320 1543 4391 καρδίᾳ
1579 4337 1693 4381 σου,
1728 4320 1972 4373 τουτέστι

382 4420 446 4475 τὸ
474 4422 623 4490 ῥῆμα
652 4418 749 4488 τῆς
780 4415 1037 4477 πίστεως,
1071 4414 1099 4467 ὃ
1136 4416 1508 4485 κηρύσσομεν,
1542 4414 1623 4465 ὅτι
1672 4412 1764 4465 ἐὰν
1813 4414 1973 4482 sirm;

388 4514 444 4566 ὲν
467 4512 544 4583 τῷ
573 4509 800 4581 στόματί
834 4524 948 4571 σου,
976 4507 1179 4578 Κύριος
1212 4505 1441 4575 Ἰησοῦς,
1468 4506 1561 4558 καὶ
1596 4504 1895 4575 πιστεύσῃς
1917 4506 1973 4556 ἐν

2131 2083 2194 2138 Β.
2237 2081 2493 2139 Omnino.

2129 2178 2194 2231 A.
2230 2177 2298 2231 At
2322 2182 2365 2233 si
2401 2192 2589 2232 verum
2615 2186 2699 2233 est
2726 2175 2870 2248 quod
2901 2175 3113 2243 dicunt,
3148 2186 3205 2231 et
3231 2176 3557 2246 dedignatus
3582 2182 3669 2230 est

2064 2270 2389 2341 Unigenitus
2433 2272 2886 2333 incarnationem,
2942 2284 3105 2338 quam
3166 2270 3385 2322 tandem
3434 2266 3670 2337 ignomi-

2063 2364 2207 2416 niam
2241 2362 2611 2432 contempsit?
2640 2370 2734 2415 ant
2761 2376 2871 2431 quo
2896 2370 3055 2431 pacto
3083 2360 3263 2415 factus
3292 2371 3375 2414 est
3408 2358 3669 2413 obediens

2059 2453 2207 2509 Patri
2254 2469 2424 2523 usque
2463 2456 2529 2509 ad
2562 2464 2816 2517 mortem,
2844 2462 3074 2509 mortem
3108 2462 3287 2506 autem
3313 2446 3669 2505 crncisHam

2061 2561 2191 2601 vero
2222 2550 2266 2600 si
2307 2556 2586 2616 acceptum
2618 2544 2768 2599 illum
2802 2544 3080 2598 hominem
3111 2551 3343 2598 mortem
3375 2542 3528 2609 obire
3555 2538 3673 2608 jus.

2061 2638 2150 2702 sit,
2189 2646 2243 2691 et
2273 2648 2522 2691 evectum
2569 2636 2623 2689 in
2664 2633 2865 2689 coelum
2906 2646 3244 2688 assessorem
3286 2629 3431 2685 Patri
3461 2628 3670 2684 consu-

2062 2730 2187 2794 tuit,
2222 2730 2441 2784 ubinam
2472 2728 2733 2795 deinceps
2770 2727 2877 2783 erit
2905 2727 3137 2782 thronus
3178 2723 3299 2779 Filii
3330 2764 3345 2790 ,
3402 2723 3671 2793 siquidem

2062 2838 2405 2894 nequaquam
2461 2825 2597 2877 duos
2660 2822 2798 2875 ﬁlios
2859 2834 2981 2875 esse
3029 2829 3299 2883 statuunt,
3351 2817 3445 2871 sed
3494 2815 3675 2885 potius

2064 2933 2231 2971 unum
2280 2915 2612 2970 assidentem
2652 2956 2668 2978 ,
2726 2914 2983 2967 nimirum
3038 2926 3101 2965 ex
3157 2913 3365 2966 semine
3410 2908 3577 2963 David
3620 2918 3676 2963 et

2062 3009 2334 3063 Ahralne?
2360 3017 2451 3062 aut
2476 3006 2749 3076 quomodo
2780 3007 2895 3074 ipse
2929 3006 3145 3060 dicatur
3192 3005 3367 3058 factus
3399 3018 3538 3058 esse.
3560 2999 3677 3056 Sal-

2065 3110 2221 3154 valor
2258 3100 2466 3163 mundi,
2496 3109 2549 3152 et
2586 3114 2690 3151 non
2726 3099 2908 3166 potius
2944 3096 3181 3151 hominis
3222 3106 3524 3164 proxeneta
3559 3096 3676 3149 sive

2065 3192 2314 3260 pararius
2357 3190 2545 3253 fuisse,
2579 3206 2674 3258 per
2700 3206 2860 3262 quem
2904 3190 3096 3243 salvati
3150 3189 3347 3242 simus?
3385 3190 3561 3259 Atque
3603 3188 3675 3241 ita

2074 3284 2198 3340 linis
2229 3286 2364 3355 legis
2390 3293 2443 3338 et
2468 3286 2859 3353 prophetarum
2889 3281 3069 3336 factus
3095 3290 3180 3335 est
3216 3282 3400 3347 homo,
3431 3282 3677 3335 diversus

2074 3380 2142 3433 ab
2178 3380 2294 3447 ipso
2321 3376 2617 3431 exsistens.
2644 3374 2917 3444 Loquitur
2951 3374 3095 3427 enim
3128 3372 3209 3424 lex
3245 3371 3449 3426 Christi
3477 3380 3677 3439 myste-

2076 3474 2238 3537 rium,
2284 3470 2427 3526 etde
2464 3471 2584 3539 ipso
2625 3468 2851 3536 scripsit
2896 3465 3131 3537 Moyses,
3163 3465 3255 3534 qui
3301 3474 3355 3519 et
3395 3464 3572 3519 laetus
3599 3473 3677 3518 est

2077 3564 2234 3619 nobis
2269 3563 2597 3633 pzetlagOgus
2625 3562 2691 3611 ad
2724 3561 2921 3627 ipsum.
2962 3556 3124 3610 Fides
3153 3570 3282 3609 vero
3308 3566 3492 3610 nostra
3529 3555 3679 3609 irrita

2076 3659 2147 3711 sit
2174 3667 2227 3710 et
2257 3656 2308 3709 in
2341 3655 2571 3709 nihilum
2602 3651 2902 3722 redigatur,
2935 3661 2989 3703 et
3026 3651 3396 3702 venerandum
3431 3658 3679 3701 nustrnm

2078 3750 2394 3819 mysterium
2447 3746 2606 3815 plane
2666 3744 3045 3798 labefactetur.
3100 3742 3253 3808 Quod
3322 3752 3376 3795 et
3440 3743 3681 3811 optimus

2078 3843 2280 3914 Paulus
2308 3841 2569 3904 declarat,
2606 3840 2834 3893 dicens:
2869 3855 2886 3887 ι
2922 3835 2999 3889 Ne
3032 3836 3238 3889 dixeris
3277 3836 3327 3887 in
3356 3836 3518 3888 corde
3546 3844 3638 3888 tuo
3668 3853 3680 3887 :

2078 3936 2211 4003 Quis
2235 3938 2492 3991 ascendet
2518 3934 2567 3986 in
2596 3932 2793 3987 emtum
2814 3930 2836 3983 ?
2859 3930 2910 3983 id
2939 3938 3044 3992 est,
3074 3927 3351 3981 Christum
3378 3927 3681 3993 deducere;

2080 4043 2175 4086 aut
2206 4031 2328 4100 quis
2365 4024 2737 4083 deseendetin
2787 4020 3093 4092 abyssum?
3138 4020 3241 4073 hoc
3275 4028 3357 4072 est
3404 4020 3683 4073 Christum

2081 4143 2109 4181 a
2144 4124 2378 4180 mortuis
2402 4134 2684 4176 revocare.
2714 4118 2819 4171 Sed
2852 4116 2978 4184 quid
3004 4116 3133 4168 dicit
3160 4112 3484 4182 Scriptura?
3510 4109 3683 4182 Prope

2081 4231 2166 4276 est
2212 4217 2435 4272 verbum
2470 4218 2523 4268 in
2568 4227 2663 4268 ore
2698 4223 2809 4276 tuo,
2855 4220 2910 4262 et
2962 4208 3014 4261 in
3066 4206 3232 4261 corde
3284 4218 3394 4269 tuo,
3434 4208 3533 4259 hoc
3581 4215 3685 4267 est,

2083 4315 2307 4368 verbum
2354 4308 2477 4364 ﬁdei
2510 4307 2654 4377 quod
2683 4303 3064 4375 prmdicamus.
3107 4299 3247 4367 Quia
3292 4300 3333 4352 si
3372 4298 3685 4353 confitearis

2084 4408 2137 4460 in
2164 4421 2257 4458 ore
2291 4414 2382 4457 tuo
2414 4400 2704 4454 Domimnn
2743 4393 2954 4458 Lesum,
2989 4402 3045 4447 et
3088 4393 3141 4446 in
3180 4392 3345 4445 corde
3387 4400 3480 4445 tuo
3509 4390 3687 4444 credi-

2084 4501 2231 4556 deris
2278 4496 2438 4568 731
2489 4496 2633 4563 quod
2668 4491 2809 4544 Deus
2844 4488 2994 4541 illum
3033 4474 3326 4541 'suscitavit
3364 4499 3389 4536 a
3432 4484 3687 4547 mortuis,

387 4609 454 4677 τῇ
489 4577 689 4675 καρδία
719 4620 834 4668 σου,
865 4601 947 4654 ὃτι
980 4602 1008 4652 6
1035 4577 1167 4662 Θεὸς
1190 4599 1351 4653 αὑτὸν
1392 4601 1610 4670 ἤγειρεν
1643 4601 1707 4651 ἐκ
1741 4598 1963 4669 νεκρῶν,

2085 4598 2266 4653 salvus
2302 4594 2412 4648 eris
2440 4590 2509 4643 ⁸³.
2545 4607 2562 4639 ι
2598 4586 2715 4653 Quo
2745 4592 2904 4655 pacto
2934 4582 3097 4649 igitur
3133 4580 3238 4633 erit
3281 4577 3535 4645 deinceps
3576 4592 3689 4629 ma-

392 4696 634 4767 σωθήσῃ.
690 4714 708 4747 ι
761 4693 884 4755 Πῶς
925 4688 1016 4746 οὖν
1040 4693 1118 4745 ἔτι
1150 4693 1293 4762 μέγα
1336 4709 1395 4744 τε
1428 4693 1521 4745 καὶ
1550 4690 1770 4753 εὐκλεὲς
1798 4690 1892 4744 καὶ
1919 4693 1976 4742 ὲν

392 4790 682 4861 ὑπερτάτῳ
724 4786 966 4856 θαύματι
996 4786 1057 4838 τὸ
1088 4786 1183 4855 τῆς
1228 4786 1511 4847 εὐσεϐείας
1562 4785 1893 4854 μυστήριον,
1931 4784 1979 4835 εί

392 4881 495 4954 χρὴ
543 4878 840 4942 πιστεύειν,
887 4879 991 4941 ὅτι,
1025 4877 1171 4931 καθά
1223 4894 1387 4945 φασιν
1439 4879 1489 4929 οἱ
1534 4875 1980 4947 διεστραμμένοι,

391 4973 676 5042 ἄνθρωπος
722 4970 969 5040 ληφθεὶς,
1003 4970 1097 5021 καὶ⁹
1128 4969 1204 5039 τῷ
1238 4969 1356 5040 Θεῷ
1384 4970 1543 5039 Λόγῳ
1572 4968 1831 5038 exertam;
1864 4984 1988 5019 συν-

389 5064 659 5135 ημμένος,
701 5062 937 5115 ἀπέθανέ
976 5078 1033 5115 τε
1086 5064 1181 5115 καὶ
1229 5061 1449 5125 ἀνεϐίω,
1504 5062 1597 5114 καὶ
1648 5058 1986 5130 ἀνεκομίσθη

398 5159 495 5228 μὲν
527 5159 604 5217 εἰς
631 5155 721 5208 τὸν
762 5155 1027 5225 οὐρανόν;
1080 5155 1343 5208 Ἀπιστον
1372 5152 1427 5205 δὲ
1461 5154 1589 5215 ἴσως
1625 5152 1871 5221 φανεῖταί
1900 5169 1983 5204 τι-

396 5265 501 5311 σιν,
538 5248 585 5298 ει
614 5246 688 5317 μὴ
720 5245 850 5309 Θεὸς
880 5244 953 5299 ὢν
988 5244 1148 5315 φύσει
1184 5246 1278 5299 καλ⁴
1312 5244 1545 5315 ἀληθῶς,
1579 5248 1691 5307 τοῖς
1740 5243 1838 5313 τῆς
1864 5243 1985 5296 θεό-

399 5356 556 5409 τητος
592 5338 945 5407 ἐναϐρύνεται
980 5338 1189 5402 θάκοις,
1221 5336 1547 5401 ὲξωσθέντος
1578 5338 1716 5407 τάχα
1752 5353 1851 5389 που
1888 5334 1983 5388 τοῦ

400 5432 541 5486 κατά
570 5432 731 5506 φύειν
765 5431 919 5495 Υῑοῦ,
964 5432 1056 5485 καὶ
1087 5434 1465 5503 παρεστήκασι
1502 5430 1602 5500 μὲν
1636 5431 1787 5495 τάξιν
1835 5429 1987 5500 έχον-

400 5542 490 5589 τες
522 5525 618 5596 τὴν
662 5524 1060 5596 λειτουργικὴν,
1100 5524 1323 5592 ἄγγελοι
1361 5525 1453 5576 καὶ
1501 5523 1853 5593 ἀρχάγγελοι,
1892 5521 1986 5574 καὶ

400 5618 469 5671 τά
500 5618 580 5669 ἔτι
609 5616 813 5669 τούτων
855 5616 1113 5669 ἐπέκεινα
1146 5616 1418 5686 Σεραφὶμ,
1452 5617 1512 5667 οὐ
1546 5616 1623 5685 τῷ
1667 5615 1809 5668 κατὰ
1851 5614 1986 5685 ἁλή-

405 5707 553 5762 θειαν
604 5707 719 5779 Υἱῷ
770 5707 865 5760 καὶ
911 5707 1051 5778 Θεῷ,
1103 5708 1375 5778 ἀνθρώπῳ
1421 5708 1476 5761 δὲ
1530 5706 1750 5778 μᾶλλον,
1797 5706 1857 5759 τὸ
1887 5707 1987 5776 τῆς

478 5886 523 5918 ⁸⁸
551 5885 704 5943 Rom.
736 5903 790 5952 κ,
850 5884 964 5939 6-9.

2082 4704 2247 4767 gnum
2292 4698 2345 4740 et
2393 4682 2686 4755 gloriosum
2747 4690 2910 4745 atque
2968 4671 3347 4727 admirandum
3408 4669 3689 4739 religLnnis

2080 4759 2420 4853 mysterium,
2461 4772 2505 4827 si
2535 4769 2863 4825 credendum
2906 4774 3009 4823 est.
3058 4774 3115 4816 ut
3140 4762 3225 4815 isti
3259 4775 3288 4813 a
3321 4759 3553 4814 veritate
3580 4760 3692 4812 dis-
3732 4811 3735 4816 ,

2082 4852 2211 4929 torti
2260 4868 2469 4929 volunt,
2516 4863 2660 4932 quod
2690 4861 2852 4915 henio
2876 4863 3151 4926 sumptus,
3178 4864 3231 4909 et
3253 4855 3363 4909 Deo
3390 4852 3569 4907 Verbo
3604 4868 3691 4905 re-

2085 4966 2245 5021 lative
2286 4960 2588 5031 c0pulatus,
2635 4967 2887 5009 mortuus
2914 4960 2997 5006 est
3036 4960 3091 5004 et
3129 4948 3351 5011 revixit,
3387 4956 3437 5000 et
3488 4946 3692 4999 relatus

2086 5070 2167 5116 est
2203 5060 2255 5112 in
2300 5051 2544 5111 etclam?
2586 5046 2908 5104 Incredibile
2949 5058 3077 5097 vero
3112 5040 3389 5097 nonnullis
3421 5040 3692 5094 \‘itlebltnr

2094 5152 2195 5207 nisi
2246 5157 2437 5205 natura
2494 5159 2557 5199 ac
2596 5156 2725 5196 vere
2769 5141 2908 5194 Deus
2942 5138 3251 5199 exsistens,
3291 5133 3513 5189 deitatis
3555 5133 3693 5186 solio

2094 5245 2379 5316 glorietur,
2413 5238 2637 5307 expulso
2677 5249 2744 5289 eo
2784 5231 2873 5302 qui
2914 5238 3110 5283 natura
3154 5244 3249 5283 sua
3282 5226 3452 5280 Filius
3477 5233 3577 5281 est.
3628 5224 3693 5279 Et

2095 5334 2530 5391 circutustabunt
2596 5329 2816 5399 quidem
2870 5323 3045 5393 angeli
3105 5328 3269 5391 atque
3339 5320 3691 5387 archangeli,

2094 5430 2289 5500 hisque
2321 5423 2684 5481 eminentiora
2714 5418 3026 5487 Seraphim,
3068 5430 3174 5470 non
3206 5424 3264 5468 ut
3296 5428 3425 5467 vero
3458 5411 3594 5465 Filio
3632 5426 3695 5466 ac

2095 5521 2209 5577 Deo
2241 5517 2553 5573 ministrent
2577 5524 2742 5581 atque
2782 5506 3105 5573 inserviant,
3132 5505 3225 5561 sed
3255 5508 3433 5575 potius
3465 5504 3692 5567 homini,

2096 5612 2187 5683 qui
2221 5608 2497 5664 ﬁliationis
2541 5619 2737 5659 nomen
2785 5615 2880 5673 per
2923 5598 3404 5670 participationem
3456 5596 3695 5652 insinua-

2099 5707 2430 5771 tionemque,
2472 5714 2535 5755 ac
2568 5707 2756 5755 nostro
2785 5708 2935 5750 more
2964 5694 3214 5763 adeptus,
3241 5699 3293 5744 et
3320 5689 3387 5743 ad
3418 5688 3695 5743 divimssi-
