4036 6336
433 451 573 508 1283

1421 446 1476 497 S.
1520 445 1789 499 (IYRIILI
1834 446 2296 504 ALEXANDRINI
2342 449 2635 503 AlH‘lllEl’

3541 446 3678 499 ιεδι

431 584 574 624 mam
601 567 734 620 hanc
759 565 978 631 gloriam
1010 573 1227 618 evectus
1247 572 1347 615 est.
1375 560 1554 631 Neque
1577 566 1718 616 enim
1747 577 1993 618 verentur

2106 570 2346 639 υἰύτητος
2393 568 2580 636 ὄνομα,
2631 564 2903 635 μεθεκτῶς
2951 568 3044 616 καὶ
3083 564 3536 633 εἰσκεκριμὲνως,
3588 561 3678 613 καὶ

435 656 671 712 haeretici
703 656 1033 724 ejuscemodi
1066 655 1425 721 blasphemias
1451 652 1808 708 deblaterare.
1851 657 2004 710 Anne

430 765 556 802 Vero
593 749 752 802 etiam
809 748 904 800 tibi
959 760 1166 798 summa
1215 745 1495 812 impietate
1538 744 1735 798 referta
1788 745 1999 798 illorum

429 841 671 893 doctrina
702 835 1094 892 videtur?Nam
1119 836 1261 904 quod
1288 836 1465 888 datum
1490 844 1652 903 atque
1677 835 2001 888 insinuatum

428 940 534 994 est,
568 930 919 998 rejiciendum
955 929 1148 982 merito
1188 927 1374 989 fuerit,
1408 935 1460 980 et
1489 925 1630 993 quod
1664 927 2004 980 extrinsecus

429 1022 643 1075 advenit
671 1021 1068 1088 aseititiumque
1098 1029 1200 1081 est,
1238 1017 1418 1071 danmi
1444 1018 1751 1086 suspicione
1774 1033 1878 1070 non
1910 1033 2003 1071 ca-

431 1123 511 1165 ret
545 1131 558 1166 :
594 1127 650 1166 ut
679 1115 744 1167 de
776 1110 1105 1179 blasphemia
1137 1119 1190 1164 et
1215 1109 1549 1164 absurditate
1578 1110 1836 1164 doctrina:
1870 1109 2002 1164 nihil

429 1203 626 1267 dicam,
663 1217 784 1255 cum
822 1201 1215 1254 incarnatioais
1253 1199 1629 1254 excellentiam
1665 1201 1732 1255 ad
1767 1201 2002 1270 turpitu-

427 1297 603 1350 dinem
652 1295 890 1360 rapiant,
932 1302 988 1345 et
1040 1293 1277 1345 divinum
1329 1293 1867 1361 sacratissimumque
1911 1307 2005 1347 no-

425 1398 598 1438 strum
645 1385 871 1447 cultum,
920 1382 1424 1451 antltrOpolatriam,
1475 1383 1577 1438 hoc
1628 1394 1731 1447 est,
1771 1383 2004 1437 hominis

424 1477 645 1536 cultum,
677 1488 793 1527 esse
824 1482 1086 1537 statuant,
1118 1480 1172 1525 et
1207 1487 1236 1526 a
1279 1472 1424 1527 cultu
1459 1474 1570 1528 veri
1622 1472 1742 1527 Filii
1788 1489 1884 1528 nos
1913 1475 2006 1528 ab-

425 1569 704 1630 ducentes,
750 1566 1074 1634 persuadere
1123 1563 1291 1617 velint
1336 1575 1392 1618 ut
1435 1566 1723 1633 quemdam
1769 1566 1857 1632 qui
1899 1565 1998 1634 ipsi

428 1659 652 1711 relative
676 1658 956 1725 copulatus
983 1668 1062 1710 est
1091 1658 1394 1720 adoremus,
1431 1672 1587 1725 quem
1621 1671 1780 1724 supra
1816 1671 2005 1710 omnes

426 1746 762 1815 Principatus
793 1756 847 1798 et
878 1743 1175 1798 Potestates
1204 1759 1267 1798 ac
1304 1745 1709 1798 Dominationes
1737 1746 2000 1799 constitu-

428 1846 538 1888 tum
577 1835 863 1897 volunt”;
904 1850 1006 1888 non
1048 1836 1112 1888 iis
1155 1833 1326 1888 solum
1369 1833 1459 1902 qui
1497 1833 1548 1887 in
1589 1835 1746 1889 terris
1780 1832 1998 1901 degunt,

425 1927 517 1979 sed
555 1935 607 1979 et
653 1927 780 1996 ipsis
819 1925 1132 1979 coelestibus
1174 1937 1226 1978 et
1268 1925 1617 1978 rationalibus
1650 1925 2004 1991 potestatibus

427 2019 629 2074 erroris
673 2018 843 2071 labem
876 2015 1196 2087 infligentes,
1225 2015 1270 2069 si
1317 2031 1419 2068 una
1448 2016 1722 2069 nobiseum
1757 2015 2003 2080 adorent,

428 2125 532 2164 non
567 2110 904 2162 incarnatmn
948 2117 1142 2160 natura
1173 2122 1234 2159 ac
1263 2121 1390 2160 vere
1420 2105 1638 2170 Filium,
1671 2107 1919 2176 quodque
1940 2122 2004 2161 ex

427 2199 661 2252 essentia
713 2197 802 2249 Dei
841 2211 905 2250 ac
952 2195 1127 2249 Patris
1171 2194 1369 2249 effulsit
1414 2192 1668 2257 Verbum,
1710 2193 1801 2247 sed
1841 2194 2004 2246 alium

426 2292 710 2361 quemdan.
751 2291 1022 2342 hominem
1057 2289 1122 2341 ab
1155 2287 1366 2357 ipso’ex
1397 2288 1604 2342 semine
1645 2285 1882 2351 Davidis,
1914 2285 2004 2355 qui

427 2381 538 2436 sola
571 2380 866 2444 voluntate,
897 2387 951 2433 et
974 2379 1335 2434 exterioribus
1371 2376 1703 2432 ornamentis
1741 2377 2004 2431 formatus

428 2473 501 2526 sit
548 2470 710 2534 Deus,
748 2484 934 2524 revera
961 2477 1138 2523 autem
1171 2470 1222 2522 id
1267 2483 1368 2521 non
1399 2469 1488 2522 sit.

2107 662 2292 730 τρόπῳ
2334 660 2412 729 τῷ
2459 655 2579 712 καθ’
2626 658 2771 726 ἡμᾶς
2821 657 3200 726 πλουτήσαντι,
3254 654 3346 706 καὶ
3388 652 3487 721 τῆς
3540 650 3682 703 οὕτω

2107 753 2582 822 Θεοπρεπεστάσης
2630 747 2911 811 ἀξιωθέντι
2971 747 3156 816 τιμῆς.
3216 745 3682 811 Καταπεφρίκασι

2105 842 2210 910 γαρ
2237 842 2434 910 ἣκιστά
2451 857 2512 906 γε
2541 841 2632 891 καὶ
2656 837 2809 890 τοῦτο
2831 838 3079 906 λέγοντες
3113 839 3159 889 οί
3191 835 3257 889 δι’
3281 830 3662 904 ἐναντίαςῘΑρ

2105 932 2164 982 ού
2197 931 2296 998 τῆς
2317 931 2550 1000 ἐσχάτης
2574 929 2914 998 ἀνοσιότητος
2940 945 2998 980 τε
3027 929 3121 981 καὶ
3150 927 3465 989 δυσσεϐείας
3497 927 3684 985 αὐτοῖς

2106 1022 2164 1073 τὸ
2198 1021 2375 1091 δόγμα
2411 1023 2790 1091 μεμέστωται;
2833 1020 2906 1072 To
2945 1020 3051 1088 γάρ
3079 1037 3161 1073 τοι
3193 1017 3339 1072 δοτδν
3372 1021 3462 1071 καὶ
3495 1018 3648 1069 εἰσκε

2105 1113 2383 1182 κριμένον,
2431 1113 2735 1182 ἀπόϐλητον
2783 1112 2867 1181 εἴη
2899 1111 2985 1173 ἂν,
3027 1110 3119 1162 καὶ
3162 1108 3222 1162 τὸ
3253 1109 3484 1178 θύραθεν
3522 1121 3649 1173 πορι

2107 1204 2251 1265 σθὲν,
2283 1205 2382 1257 οὑκ
2413 1204 2719 1256 ἀνύποπτον
2742 1202 2849 1272 ἔχει
2879 1203 2977 1272 τὴν
3007 1201 3228 1270 ζημίαν.
3263 1202 3371 1254 Καὶ
3401 1199 3588 1253 σιωπῶ
3619 1198 3679 1250 τὸ

2104 1297 2384 1364 δύσφημον
2413 1295 2492 1348 ἔτι
2528 1295 2619 1347 καὶ
2660 1294 2870 1362 ἀπηχὲς
2898 1295 2977 1358 είς
3005 1294 3212 1358 λόγους,
3240 1292 3458 1346 ἀνθότου
3495 1292 3557 1359 δὴ
3584 1287 3678 1344 οὖν

2104 1388 2203 1456 τῆς
2249 1387 2560 1456 οἰκονομίας
2615 1386 2675 1438 τὸ
2721 1385 2996 1455 ἐξαίρετον
3045 1383 3445 1454 κατασύρουσιν
3492 1383 3570 1443 είς
3618 1381 3679 1433 τὸ

2105 1477 2354 1543 ἀκαλλὲς,
2399 1479 2490 1530 καὶ
2522 1479 2620 1546 τὴν
2651 1477 2800 1530 Θείαν
2825 1494 2881 1529 τε
2913 1476 3006 1529 καὶ
3043 1476 3323 1545 ἱεροτάτην
3357 1473 3510 1546 ἡμῶν
3541 1473 3678 1543 θρη-

2107 1570 2310 1635 σκείαν,
2347 1568 2855 1640 ἀνθρωπολατρείαν
2885 1569 2986 1638 ἤδη
3029 1568 3123 1619 καὶ
3156 1567 3341 1636 ἓτερον
3380 1562 3546 1618 οὖσαν
3590 1565 3683 1617 ού-

2103 1661 2189 1712 δὲν
2223 1661 2602 1727 ἀποφαίνουσι,
2651 1659 3080 1727 ἀποκομίζοντες
3119 1658 3217 1727 μὲν
3258 1658 3349 1710 τοῦ
3397 1659 3517 1710 κατ’
3544 1656 3677 1726 ἀλή-

2104 1745 2250 1797 θειαν
2312 1744 2478 1810 Υίοῦ,
2534 1745 2869 1813 συναφθέντα
2919 1746 2976 1798 δέ
3031 1763 3152 1798 τινα
3216 1745 3480 1814 σχετικῶς
3532 1746 3681 1813 αύτῷ

2105 1837 2434 1903 προσκυνεῖν
2481 1835 2896 1899 ἀναπείθοντες,
2943 1835 3001 1887 δν
3055 1835 3149 1887 καὶ
3199 1836 3453 1906 ὑπεράνω
3503 1836 3680 1905 πάσης

2122 1924 2318 1994 Ἀρχῆς
2348 1942 2406 1977 τε
2456 1932 2549 1979 και
2590 1927 2862 1991 Ἐξουσίας
2885 1972 2896 1989 ,
2933 1928 3026 1980 καὶ
3059 1929 3409 1997 Κυριοτήτων
3441 1927 3680 1982 διελάσαι

2035 1991 2079 2050 Β
2113 2016 2296 2080 φασὶν,
2339 2017 2458 2086 οὐχι
2495 2018 2675 2087 μόνοις
2722 2020 2833 2080 τοῖς
2872 2020 2961 2070 ἐπὶ
3000 2019 3123 2087 γῆς,
3161 2018 3297 2071 ἁλλά
3342 2020 3438 2071 καὶ
3489 2023 3679 2083 αὑταῖς

2110 2107 2229 2166 ταῖς
2283 2104 2393 2157 ἄνω
2441 2106 2684 2174 λογικαῖς
2733 2109 2991 2178 δυνάμεσι
3024 2110 3114 2162 τὸν
3160 2111 3252 2163 τοῦ
3307 2113 3677 2181 πεπλανῆσθαι

2107 2194 2296 2263 μῶμον
2336 2198 2650 2264 ἐπάγοντες,
2693 2201 2740 2252 εξ
2777 2201 3140 2269 προσκυνοῦσι
3179 2203 3298 2272 μεθ’
3328 2204 3485 2273 ἡμῶν
3523 2205 3676 2257 ὲνανο

2106 2285 2470 2354 θρωπήσαντα
2516 2289 2615 2358 μὲν
2643 2288 2893 2358 οὐδαμῶς
2925 2291 3014 2343 τὸν
3063 2291 3220 2360 φύσει
3251 2311 3310 2346 τε
3343 2295 3435 2347 καὶ
3466 2292 3676 2364 ἀληθῶς

2105 2375 2253 2438 Υίον,
2284 2377 2376 2429 καὶ
2407 2379 2470 2430 ὲκ
2509 2380 2606 2449 τῆς
2636 2379 2729 2432 τοῦ
2782 2380 2914 2434 Θεοῦ
2945 2383 3039 2434 καὶ⁸
3087 2384 3298 2454 Πατρὸς
3326 2385 3509 2448 οὐσίας
3540 2388 3641 2439 ἀνα
3661 2417 3675 2425 -

2103 2466 2391 2536 λάμψαντα
2433 2469 2622 2536 Λόγον,
2671 2470 2746 2534 ὼς
2782 2471 2966 2542 ἕτερον
3009 2472 3064 2524 δέ
3095 2490 3216 2526 τινα
3258 2475 3388 2544 παρ’
3417 2476 3577 2528 αὑτὸν
3615 2476 3677 2529 ὲκ

426 2567 736 2636 σπέρματος
771 2566 862 2617 τοῦ
915 2564 1094 2628 Δαϐὶδ,
1131 2563 1343 2634 θελήσει
1398 2564 1536 2632 τάχα
1585 2580 1685 2615 που
1744 2561 1880 2634 μόνῃ
1924 2563 2053 2633 παρ’
2099 2561 2262 2614 αὑτοῦ
2309 2566 2402 2616 καὶ
2443 2568 2553 2628 τοῖς
2593 2565 2824 2636 θύραθεν
2869 2567 3228 2639 ἐξωραῖσμοῖς
3276 2568 3675 2640 εἰδοποιηθέντα

423 2661 575 2725 Θεὸν,
613 2663 709 2712 οὐκ
740 2661 865 2713 ὅντα
912 2659 1162 2712 δὲιτοῦτο
1189 2661 1328 2712 κατά
1377 2660 1653 2729 ἀλήθειαν,
1681 2659 1990 2728 ἄνθρωπον.

494 2751 552 2806 Β.
599 2753 762 2820 Atqui
821 2751 1032 2804 tametsi
1078 2751 1238 2805 homo
1289 2751 1598 2819 Spceialiter
1646 2749 1990 2817 intelligatur,

424 2842 693 2910 inquiunt,
747 2842 966 2896 relative
1010 2851 1187 2896 tamen
1233 2851 1285 2895 et
1319 2851 1561 2911 respectu
1607 2841 1695 2893 Dei
1747 2841 1814 2893 ab
1847 2841 1994 2893 omni

423 2946 668 2991 creatura
692 2935 964 2989 aduratur.

493 3031 560 3082 A.
604 3028 844 3093 Quonam
878 3042 1007 3080 vero
1034 3035 1211 3094 pacto,
1260 3026 1506 3091 obsecro,
1531 3026 1750 3096 intelligi
1783 3041 1809 3078 a
1840 3024 1994 3080 nobis

426 3131 517 3174 aut
548 3120 708 3175 statui
741 3129 916 3189 potest
943 3121 1056 3174 haec
1107 3119 1296 3173 relatio
1332 3135 1492 3188 quam
1539 3120 1611 3173 ita
1654 3118 1992 3188 prardieant?

429 3212 534 3266 Sed
559 3212 938 3280 age,divinam
985 3226 1048 3264 ac
1087 3225 1296 3264 sacram
1345 3210 1681 3280 Scripturam
1725 3209 1993 3279 pervesti-

2174 2753 2233 2806 B.
2289 2753 2446 2805 Ἀλλά
2494 2752 2594 2806 κᾶν
2637 2753 2920 2824 ἄνθρωπος
2973 2755 3153 2818 tame;
3203 2754 3421 2825 νοῆται,
3485 2753 3671 2823 φασὶν,

2101 2845 2347 2914 ἀναφορᾷ
2376 2844 2507 2897 Θεοῦ
2547 2846 2639 2898 καὶ
2677 2846 2850 2915 ἐννοίᾳ
2897 2845 2992 2916 τὴν
3028 2845 3176 2916 παρὰ
3218 2847 3394 2916 πάσης
3426 2846 3523 2914 τῆς
3562 2848 3674 2898 κτί-

2100 2953 2234 2997 σεως
2265 2937 2629 3004 προσκύνησιν
2664 2935 2795 3006 ἔχει.

2168 3026 2231 3077 Α.
2275 3021 2404 3077 Εἶτα
2434 3027 2552 3076 τίνα
2592 3027 2790 3096 τρόπον
2844 3027 3042 3096 πρέποι
3091 3026 3175 3088 ἂν,
3224 3027 3345 3078 εἰπέ
3389 3044 3498 3096 μοι,
3534 3026 3669 3099 προς

2098 3115 2253 3185 ἡμῶν
2298 3117 2532 3169 νοεῖσθαι
2576 3118 2668 3168 καὶ
2702 3116 2951 3184 λέγεσθαι
2985 3119 3082 3189 τῆς
3116 3119 3244 3189 παρ’
3284 3118 3460 3170 αὐτῶν
3513 3117 3674 3190 θρυλ-

2095 3209 2360 3279 λουμένης
2395 3211 2677 3278 ἀναφορᾶς
2705 3208 2764 3261 τὸ
2811 3210 2996 3279 χρῆμα
3025 3227 3037 3275 ;
3074 3210 3183 3261 Καὶ
3216 3210 3346 3278 φέρε
3393 3211 3491 3280 τὴν
3524 3209 3675 3264 θείαν

422 3316 629 3374 gantes,
662 3301 1153 3372 quaestionishujus
1200 3301 1462 3355 rationem
1511 3303 1577 3355 ab
1607 3316 1669 3356 ea
1717 3311 1988 3369 petamus.

2099 3317 2158 3352 τε
2205 3301 2297 3353 καὶ
2340 3297 2493 3373 ἱερὰν.
2518 3300 3095 3370 πολυπραγμονοῦντες
3125 3301 3367 3371 Γραερὴν,
3395 3302 3674 3373 καταθρή-

425 3396 561 3466 Ergo
585 3409 702 3449 cum
732 3394 890 3464 732
922 3393 1046 3448 olim
1081 3391 1338 3447 lsraelitte
1362 3402 1671 3461 contempto
1706 3404 1849 3448 metu
1873 3393 1989 3458 Dei,

423 3489 475 3542 in
507 3487 688 3542 Mosen
716 3501 769 3541 et
789 3488 1056 3544 Aaronem
1082 3486 1272 3540 acerbe
1301 3485 1706 3549 inveherentur,
1734 3482 1906 3539 Moses
1930 3493 1986 3539 et

421 3581 598 3632 Aaron
633 3581 700 3631 ita
738 3593 829 3632 eos
858 3577 1250 3645 compellarunt
1282 3594 1295 3630 :
1338 3594 1357 3627 ι
1396 3576 1528 3642 Quis
1550 3588 1631 3631 est
1664 3577 1802 3645 qttod
1846 3592 1992 3630 mur-

422 3671 645 3724 muralis
658 3679 842 3722 contra
864 3684 982 3722 eum
1003 3667 1023 3720 ?
1044 3667 1154 3719 Non
1174 3667 1318 3720 enim
1340 3678 1522 3721 contra
1550 3683 1666 3727 nos.
1687 3670 1777 3721 sed
1797 3679 1985 3722 contra

424 3760 586 3816 Deum
606 3771 687 3814 est
707 3763 817 3815 haec
838 3759 1106 3814 oblocutio
1129 3769 1304 3813 vestra
1326 3760 1423 3813 “.i
1452 3759 1749 3814 Peccarant
1773 3761 1912 3813 enim
1940 3761 1990 3813 in

422 3853 601 3907 Mosen
621 3864 674 3907 et
695 3853 986 3915 Aaronem,
1011 3852 1103 3906 sed
1129 3851 1327 3904 factum
1358 3853 1528 3920 ipsum
1552 3850 1620 3914 ad
1651 3853 1738 3906 Dei
1763 3850 1992 3920 gloriam

421 3945 698 4013 pertinuit,
724 3954 777 3997 et
801 3944 867 3996 ad
892 3958 1008 3996 eam
1041 3941 1380 3997 referebatur
1400 3957 1587 3995 eorum
1618 3945 1708 4011 qui
1743 3944 1990 4011 injuriam

419 4035 721 4091 inferebant
754 4035 1029 4104 cogitatio.
1057 4035 1323 4088 Creterum
1362 4049 1464 4086 non
1495 4042 1654 4088 erant
1694 4035 1764 4087 (lii
1817 4034 1992 4088 Moses

417 4138 470 4184 et
500 4131 698 4189 Aaron,
732 4141 908 4194 neque
951 4124 1172 4178 relative
1214 4135 1268 4179 et
1297 4135 1544 4192 respectu
1598 4122 1689 4178 Dei
1742 4133 1990 4178 creatura

417 4235 510 4274 eos
535 4219 795 4273 adoravit.
825 4216 1087 4288 Regnavit
1118 4217 1258 4271 Deus
1282 4231 1378 4285 per
1405 4216 1699 4285 prophetas
1751 4219 1800 4271 in
1830 4217 1990 4271 Israel

416 4311 710 4365 secundum
748 4324 994 4366 carnem.
1029 4305 1383 4363 Postmodum
1416 4319 1764 4362 accesserunt
1799 4309 1864 4361 ad
1910 4308 1990 4361 di-

418 4405 599 4458 vinum
631 4400 934 4457 Samuelem
955 4403 1225 4456 dicentes:
1263 4417 1282 4450 ι
1323 4396 1432 4454 Fac
1455 4399 1607 4453 nobis
1626 4413 1826 4466 regem,
1851 4399 1990 4454 sicut

416 4505 470 4550 et
493 4495 712 4565 reliquae
733 4503 942 4564 gentes.
982 4511 1001 4544 ι
1048 4491 1202 4559 Quod
1239 4491 1329 4546 ille
1376 4488 1583 4558 Spiritu
1634 4489 1843 4543 afﬂatus
1875 4505 1990 4543 mo-

416 4587 551 4642 leste
579 4596 632 4642 et
671 4586 885 4655 quidem
938 4586 1132 4639 merito
1188 4583 1310 4637 tulit
1361 4599 1375 4637 :
1418 4584 1512 4637 sed
1568 4583 1773 4636 audivit
1819 4583 1982 4637 Deum

417 4678 684 4733 dicentem
722 4695 733 4730 :
777 4694 794 4728 ¢
834 4675 949 4731 Non
996 4685 1047 4729 te
1091 4681 1571 4742 contempserunt,
1630 4672 1725 4727 sed
1767 4688 1871 4739 me,
1914 4688 1981 4728 ne

418 4784 632 4838 regnem
664 4782 825 4837 super
844 4782 938 4821 eos
954 4763 1019 4820 ".
1055 4785 1073 4819 ›
1104 4767 1181 4820 Eu
1219 4781 1410 4821 rursus
1427 4775 1615 4835 aperte
1642 4774 1988 4832 contemptus

418 4859 679 4912 rationem
721 4860 786 4910 ad
845 4856 1011 4911 Deum
1065 4857 1255 4912 referri
1315 4857 1410 4910 ait.
1477 4857 1615 4922 Quin
1651 4856 1811 4909 etiam
1873 4855 1988 4922 ipse

413 4946 654 5001 omnium
683 4943 933 5000 Salvator
971 4962 1034 5001 ac
1083 4946 1342 5001 Dominus
1368 4986 1383 5010 ,
1438 4946 1587 5000 deiis
1617 4946 1708 5016 qui
1744 4955 1987 5013 egestate

413 5046 754 5106 premuntur,
789 5038 905 5090 ait:
966 5055 983 5087 ι
1037 5036 1307 5105 Quidquid
1354 5035 1562 5092 fecistis
1617 5038 1708 5090 uni
1756 5052 1819 5090 ex
1867 5036 1986 5091 istis

414 5128 673 5191 minimis,
705 5129 832 5182 mihi
872 5128 1077 5183 fecistis
1131 5130 1196 5184 ⁸⁸.
1235 5148 1254 5182 ι
1291 5129 1402 5184 llac
1458 5130 1624 5200 igitur
1679 5131 1890 5184 ratione
1937 5128 1983 5184 si

413 5225 535 5291 quis
564 5225 775 5280 dicatur
810 5223 992 5278 colere
1021 5239 1142 5278 eum
1174 5224 1264 5294 qui
1311 5235 1392 5279 est
1423 5239 1488 5279 ex
1542 5225 1747 5279 semine
1791 5224 1982 5290 David,

415 5307 622 5371 Filione
643 5315 692 5370 id
713 5317 999 5381 prtestitit?
1022 5326 1074 5370 et
1097 5317 1198 5370 nisi
1231 5317 1352 5384 quis
1375 5316 1684 5383 crediderit,
1704 5315 1986 5372 oﬂ‘enderit

416 5404 656 5476 profecto
681 5422 804 5462 eum
844 5410 933 5476 qui
970 5418 1158 5462 natura
1187 5418 1272 5464 est
1297 5407 1485 5472 Filius,
1531 5410 1620 5476 qui
1677 5424 1735 5464 se
1770 5424 1983 5478 quoque

414 5495 515 5552 coli
541 5497 673 5564 vult,
708 5509 761 5553 et
790 5499 975 5554 eodem
1011 5499 1164 5568 plane
1200 5500 1356 5553 modo
1380 5513 1409 5553 λ
1443 5500 1598 5554 nobis
1625 5500 1794 5554 credi.
1834 5500 1979 5566 Quo-

415 5588 576 5643 modo
603 5589 767 5653 igitur
796 5605 901 5644 non
953 5591 1024 5644 sit
1074 5592 1251 5645 factus
1275 5606 1374 5661 par
1415 5601 1577 5660 atque
1609 5591 1833 5660 aequalis
1881 5591 1979 5645 ho-

415 5693 545 5760 noro
591 5692 778 5736 sonus
831 5696 951 5737 cum
993 5682 1251 5747 domino,
1301 5692 1356 5737 et
1400 5683 1617 5738 deitatis
1657 5682 1977 5738 excellentia

489 5852 537 5887 ⁸³
566 5853 758 5925 Epiros.
800 5873 840 5921 ι,
868 5855 956 5910 Si.
1036 5857 1081 5890 ⁸⁸
1114 5857 1279 5913 Exod.
1312 5873 1422 5925 xvt,
1453 5858 1505 5912 8.

1581 5859 1627 5890 "
1662 5857 1680 5911 Ι
1712 5856 1842 5929 Reg.
1876 5874 1992 5924 vnt,
2026 5860 2132 5915 4-6.

2103 3407 2284 3459 σωμεν
2330 3392 2423 3442 ἀπ’
2454 3392 2620 3460 αὐτῆς
2665 3391 2723 3441 το
2754 3390 3102 3459 ζητούμενον.
3154 3391 3363 3444 Οὐκοῦν
3411 3392 3677 3462 ὀλιγωρή-

2104 3480 2292 3544 σαντες
2343 3497 2472 3532 ποτε
2522 3483 2619 3549 τῆς
2661 3481 2741 3542 είς
2791 3480 2922 3532 Θεὸν
2973 3480 3151 3544 αἰδοῦς
3204 3483 3252 3533 οἱ
3310 3481 3369 3546 ἐξ
3437 3483 3672 3554 Ἰσραὴλ,

2101 3574 2290 3626 Μωσεῖ
2316 3590 2373 3624 τε
2419 3574 2512 3626 καὶ
2553 3573 2761 3644 Ἀαρὼν
2794 3574 3089 3642 ἐπεφύοντο
3119 3575 3353 3645 πικρῶς,
3391 3569 3509 3629 εἶτα
3539 3593 3673 3647 προ-

2103 3664 2396 3733 πεφὼνηκε
2441 3665 2644 3733 Μωσῆς
2690 3682 2748 3716 τε
2795 3667 2888 3717 καὶ
2930 3664 3169 3736 Ἀαρών·
3217 3684 3236 3717 ι
3283 3667 3380 3729 Τίς
3422 3671 3567 3720 ἐστιν
3595 3669 3674 3720 ὅτι

2098 3757 2486 3826 διαγογγύζετε
2522 3757 2641 3808 κατ’
2683 3757 2880 3821 aii-:05;
2911 3759 2984 3811 Ού
3017 3758 3124 3829 γὰρ
3164 3758 3284 3810 καθ’
3319 3759 3496 3828 ἡμῶν,
3539 3759 3674 3813 ἀλλά

2099 3851 2240 3904 κατά
2269 3851 2403 3903 Θεοῦ
2431 3853 2458 3903 ὁ
2485 3852 2796 3920 γογγυσμὸς
2819 3851 2970 3922 ὑμῶν
3000 3847 3151 3914 οὗτός
3172 3854 3336 3906 ἐστιν.
3372 3875 3389 3904 ι
3435 3852 3676 3924 Ἐπλημ-

2103 3945 2297 4014 μέλουν
2334 3943 2431 4013 μὲν
2465 3944 2572 4014 γὰρ
2623 3945 2701 4007 είς
2742 3944 2946 3998 Μωσέα
2993 3945 3084 3998 καὶ
3134 3943 3362 4014 Ἀαρὼν,
3395 3944 3529 3998 ἀλλά
3575 3945 3675 4015 τῆς

2100 4036 2249 4100 θείας
2275 4038 2479 4106 ἥπτετο
2507 4036 2663 4106 δόξης
2691 4037 2750 4088 τὸ
2777 4036 3072 4107 δρώμενον,
3115 4038 3208 4089 καὶ
3237 4038 3325 4088 ἐπ’
3351 4035 3520 4106 αὐτὴν
3559 4031 3672 4107 εἶχε

2097 4122 2193 4192 τὴν
2214 4124 2514 4193 ἀναφορὰν,
2540 4123 2640 4193 τῆς
2655 4123 2762 4175 τῶν
2781 4125 3105 4195 ὑδριζόντων
3130 4125 3420 4188 ὑπονοίαςὸ
3453 4127 3670 4197 τρόπος.

2097 4215 2244 4284 Πλὴν
2293 4214 2390 4267 οὐκ
2438 4209 2578 4285 ἦσαν
2608 4215 2733 4267 Θεοὶ
2789 4215 2991 4285 Μωσῆς
3035 4233 3095 4268 τε
3147 4215 3241 4267 καὶ
3291 4216 3519 4286 Ἀαρὼν,
3548 4215 3670 4270 οὔτε

2099 4305 2205 4375 μὴν
2248 4305 2497 4374 ἀναφορᾷ
2540 4304 2698 4360 Θεοῦ.
2730 4340 2748 4360 .
2780 4343 2794 4358 .
2830 4347 2841 4358 .
2878 4347 2889 4360 .
2923 4343 2938 4360 .
2976 4347 2990 4362 .
3025 4347 3038 4359 .
3099 4306 3184 4359 διὰ
3230 4307 3543 4378 προφητῶν,
3575 4307 3667 4360 τοῦ

2096 4397 2238 4449 κατὰ
2287 4398 2466 4468 σάρκα
2509 4397 2741 4469 Ἰσραήλ.
2782 4393 2915 4452 Εἶτα
2945 4397 3258 4468 προσῄεσαν
3294 4399 3544 4468 λέγοντες
3593 4399 3671 4470 τῷ

2095 4489 2366 4560 θεσπεσίῳ
2406 4473 2700 4561 ’Σαμουήλο
2743 4511 2761 4543 ‹
2815 4492 3045 4560 Ποίησον
3077 4494 3208 4563 ἡμῖν
3252 4492 3494 4562 βασιλέα,
3528 4493 3669 4546 καθά

2096 4580 2192 4633 xui.
2231 4579 2300 4632 τὰ
2342 4580 2502 4634 λοιπά
2555 4581 2705 4653 ἔθνη.
2756 4601 2774 4634 ι
2817 4581 2960 4653 Πρὸς
2997 4582 3170 4636 ταῦτα
3217 4584 3669 4652 κατεπικραίνετο

2095 4675 2190 4727 καὶ
2231 4675 2433 4745 σφόδρα
2482 4675 2705 4739 εἰκότως
2757 4676 2785 4726 ὀ
2836 4676 3302 4745 πνευματοφόρος,
3352 4673 3467 4728 ἀλλ’
3504 4676 3668 4746 ἥκουε

2087 4766 2182 4819 τοῦ
2208 4765 2343 4818 Θεοῦ
2383 4765 2653 4834 λέγοντος·
2694 4785 2711 4818 t
2747 4767 2822 4819 Ού
2854 4766 2912 4818 σὲ
2945 4766 3380 4837 ἑξουθενήκασιν,
3407 4765 3521 4819 ἀλλ’
3546 4768 3666 4837 ἐμὲ,

2087 4857 2181 4911 τοῦ
2243 4859 2317 4927 μὴ
2372 4856 2674 4927 βασιλεύειν
2731 4859 2817 4910 ἐπ’
2862 4858 3078 4920 αύτούς.
3123 4876 3141 4910 ι
3197 4858 3325 4912 Ἰδοὺ
3380 4857 3444 4930 δὴ
3486 4859 3666 4922 πάλιν,

2088 4948 2319 5002 κάνθάδε
2352 4948 2534 5016 σαφῶς
2565 4951 2595 5003 ὁ
2625 4949 2724 5018 τῆς
2755 4949 3148 5019 ἐξουθενήσεως
3186 4950 3386 5020 τρόπος
3427 4952 3510 5013 είς
3539 4950 3669 5003 Θεὸν

2089 5040 2204 5110 ἔχει
2245 5040 2343 5110 τὴν
2378 5041 2675 5112 ἀναφοράν.
2722 5042 2832 5095 Καὶ
2863 5042 2968 5113 μὴν
3011 5042 3104 5095 καὶ
3138 5043 3303 5106 αὐτὸς
3327 5044 3356 5095 ὁ
3397 5041 3506 5096 τῶν
3535 5042 3668 5096 ὅλων

2091 5131 2284 5204 Σωτὴρ
2321 5135 2414 5186 καὶ
2439 5133 2642 5206 Κύριος
2671 5134 2801 5205 περὶ
2838 5135 2947 5187 τῶν
2976 5136 3034 5188 ὲν
3065 5135 3242 5205 ἐνδείᾳ
3270 5134 3431 5206 φησίν
3449 5151 3464 5166 ο
3489 5151 3510 5186 ς
3555 5131 3666 5201 Ἐφ’

2091 5224 2212 5277 ὅσον
2267 5225 2555 5294 ἐποιήσατε
2617 5223 2698 5278 ἑνὶ
2744 5224 2949 5278 τούτων
2995 5223 3104 5276 τῶν
3153 5223 3487 5294 ἐλαχίστων,
3545 5221 3667 5292 ἐμοὶ

2090 5316 2407 5385 ἐποιήσατε.
2455 5337 2476 5369 ι
2519 5312 2643 5387 Ἆρ’
2678 5311 2770 5370 οὖν
2803 5316 2946 5371 κατά
2992 5315 3181 5370 τοῦτον
3227 5317 3317 5370 τὸν
3354 5317 3578 5388 τρόπον,
3614 5313 3668 5367 εἴ

2089 5423 2172 5473 τις
2207 5409 2416 5477 λέγοιτο
2442 5411 2604 5479 τιμᾷν
2634 5409 2723 5462 τὸν
2753 5411 2816 5462 ἐκ
2860 5409 3176 5480 σπέρματος
3207 5409 3390 5472 Δαϐὶδ,
3424 5408 3503 5481 τῷ
3548 5407 3665 5480 Υιῷ

2089 5500 2394 5568 πεποίηκε;
2441 5501 2544 5554 κᾶν
2595 5502 2643 5553 εί
2699 5501 2772 5572 μὴ
2823 5500 3168 5566 πιστεύσειε,
3221 5502 3661 5574 προσκέκρουκεν

2086 5593 2371 5663 ἀραρότως
2401 5593 2477 5662 τῷ
2508 5593 2650 5647 κατὰ
2685 5593 2845 5662 φύσιν
2894 5592 3027 5664 Υίῴ,
3075 5593 3336 5665 τιμᾶσθαι
3377 5595 3516 5666 τάχα
3557 5611 3659 5648 που

2087 5685 2182 5740 καὶ
2233 5683 2394 5738 αὑτὸν
2452 5685 2721 5748 ἐθέλοντι,
2771 5687 2863 5740 καὶ
2905 5686 3259 5741 πιστεύεσθαι
3318 5687 3454 5758 πρὸς
3500 5687 3659 5759 ἡμῶν

2211 5861 2255 5893 ⁸⁸
2289 5859 2476 5916 Matth.
2512 5878 2636 5930 xxv,
2671 5862 2761 5918 40.
