4036 6336
345 446 483 502 1285

1479 434 1667 503 QUOD
1706 431 1894 489 UNUS
1936 427 2042 484 SIT
2082 426 2453 484 CHRISTUS.

3481 420 3620 479 1286

339 565 477 617 κατὰ
524 564 615 617 τὸν
667 565 780 618 ἴσον
830 565 924 619 καὶ
975 561 1411 635 ἀπαραλλάκτως
1460 558 1651 625 ἔχοντα
1702 553 1905 621 τρόπον

2032 547 2228 615 polleat
2276 545 2326 600 id
2376 545 2520 614 quod
2552 552 2796 599 creatum
2839 551 2944 608 est,
3002 552 3057 598 et
3113 541 3254 596 Deus
3298 551 3489 595 recens
3516 545 3621 601 ,ιιι

340 655 469 711 Εἶτα
513 658 628 721 πῶς
676 660 734 710 οὑ
783 659 1004 727 γέγονεν
1055 657 1294 725 ἰσότιμον
1332 651 1428 721 μὲν
1462 647 1538 717 τῷ
1575 646 1810 713 δεσπότῃ
1859 643 1921 693 τὸ

336 748 554 811 δοῦλον,
605 751 663 800 ὲν
699 750 997 820 ὑπεροχαῖς
1035 749 1091 801 δὲ
1127 747 1379 813 θεότητος
1421 741 1482 792 τὸ
1525 735 1918 804 πεποιημένον,

336 842 429 892 καὶ
459 840 590 902 Θεὸς
613 840 945 909 πρόσφατος,
975 840 1115 892 κατὰ
1139 838 1235 898 τὰς
1267 833 1520 905 Γραιράς;
1563 829 1920 896 ὲπενήνεκται

335 931 390 983 δὲ
421 931 486 999 τῇ
515 929 646 998 ἁγίᾳ
686 931 778 980 καὶ
805 930 1077 999 ὁμοουσίῳ
1103 926 1294 996 Τριάδι
1350 923 1408 973 τὸ
1454 915 1738 985 ἀνισοφυὲς
1781 914 1918 981 αὑτῇ

336 1023 427 1075 καὶ
477 1021 573 1074 σὺν
605 1022 740 1090 αὑτῇ
777 1018 1251 1090 προσκυνούμενον
1281 1055 1293 1079 ,
1349 1012 1442 1064 καὶ
1483 1010 1580 1079 τῆς
1623 1008 1744 1075 ἴσης
1781 1005 1917 1073 αὑτῇ

335 1111 624 1167 κοινωνοῦν
651 1111 898 1173 εὐκλείας
918 1131 930 1176 ;

408 1205 464 1256 Β.
507 1205 642 1255 Φασὶ
674 1203 772 1275 τὴν
813 1201 1092 1271 ἀναφοράν
1135 1198 1276 1252 κατὰ
1323 1195 1524 1248 τοιόνδε
1565 1189 1688 1242 τινὰ
1723 1187 1919 1257 χρῆναι

333 1293 711 1363 λαμϐάνεσθαι
765 1294 983 1363 τρόπον.
1052 1289 1392 1354 Ἐννοοῦντες
1435 1285 1542 1353 γάρ
1595 1281 1684 1334 τὸν
1731 1278 1808 1346 τῷ
1856 1278 1919 1329 ἐκ

337 1387 649 1456 σπέρματος
700 1384 863 1437 Δα6“ιδ
901 1383 1219 1453 ἀχωρίστως
1267 1377 1609 1446 συναφθέντα
1650 1373 1781 1426 Θεὸν
1818 1369 1920 1423 Λό-

333 1491 450 1543 γον,
486 1474 900 1545 προσκυνοῦμεν
927 1475 1000 1536 ὡς
1031 1471 1183 1524 Θεόν.

404 1568 466 1619 Α.
512 1562 639 1635 Ἆρ’
685 1561 776 1618 οὖν
822 1566 1038 1633 ἀπόχρη
1094 1562 1227 1632 πρὸς
1260 1560 1322 1612 τὸ
1358 1559 1468 1611 δεῖν
1508 1554 1657 1624 αὑτῷ
1706 1554 1804 1621 τὴν
1843 1552 1920 1622 τῷ

335 1655 454 1724 Θεῷ
503 1655 816 1726 πρέπουσαν
868 1654 1026 1716 δόξαν
1075 1652 1236 1712 ἑλεῖν,
1271 1651 1365 1702 καὶ
1407 1648 1515 1700 τῶν
1560 1646 1658 1713 τῆς
1689 1644 1919 1704 κτίσεως

336 1744 741 1814 ὑπερφέρεσθαι
769 1746 1002 1814 μέτρων,
1027 1743 1085 1794 τὸ
1120 1741 1386 1808 συνῆφθαι
1422 1738 1580 1807 μόνον
1613 1732 1791 1802 αὑτῷς
1828 1732 1919 1785 καὶ

331 1837 490 1888 τοῦτο
519 1835 888 1907 προσκυνητὸν
941 1835 1030 1886 τὸν
1078 1835 1175 1886 οὑκ
1229 1834 1356 1885 ὄντα
1405 1830 1535 1881 Θεὸν
1585 1828 1912 1897 ἐργάσεται;

2028 639 2308 705 Scriptura
2367 646 2599 690 testatur
2640 635 2737 687 '7?
2781 633 3080 690 Aseiscitur
3106 648 3232 687 vero
3271 631 3323 686 in
3369 641 3620 685 sanctam

2024 741 2077 785 et
2107 728 2623 784 consubstantialem
2657 727 2984 781 Trinitatem
3019 727 3070 779 id
3099 723 3245 795 quod
3281 723 3513 776 diversae
3555 720 3620 774 ah

2024 839 2084 876 ea
2119 833 2328 876 natura:
2356 829 2459 884 est,
2499 836 2718 889 unaque
2752 835 2875 874 cum
2899 833 2960 871 ea
3006 818 3268 872 aduratur
3297 856 3313 882 ,
3365 827 3617 868 comnm-

2025 927 2260 982 netuque
2287 920 2341 967 ct
2366 926 2551 982 parem
2586 926 2709 966 cum
2742 924 2804 964 ca
2837 908 3064 984 gloriam
3095 905 3302 960 habet?

2095 1176 2155 1233 B.
2199 1175 2530 1228 Aiunthanc
2577 1171 2895 1226 relationem
2941 1168 3325 1238 hujuscemodi
3373 1167 3611 1238 quadam

2024 1269 2231 1323 ratione
2262 1267 2437 1334 accipi
2469 1265 2684 1318 debere.
2717 1263 3034 1317 Statueutes
3068 1263 3212 1315 enim
3244 1262 3369 1316 huic
3399 1262 3492 1331 qui
3529 1271 3615 1315 est

2022 1375 2088 1414 ex
2136 1360 2346 1415 semine
2389 1357 2558 1411 David
2616 1355 3056 1425 inseparabiliter
3108 1354 3420 1424 copulatum
3489 1366 3613 1409 esse

2023 1451 2193 1505 Deum
2232 1450 2492 1512 Verbum,
2531 1448 2826 1502 adoramus
2855 1456 2915 1501 ut
2961 1448 3151 1502 Deum.

2094 1544 2158 1596 A.
2181 1543 2342 1611 Atqui
2381 1540 2650 1596 squicitne
2678 1541 2782 1595 hoc
2816 1540 2882 1593 ad
2908 1539 3255 1594 deferendam
3286 1538 3358 1593 illi
3381 1538 3608 1609 gloriam

2020 1649 2139 1703 qua:
2173 1635 2278 1687 Deo
2301 1633 2554 1687 convenit
2583 1671 2596 1695 ,
2658 1642 2712 1684 et
2758 1632 2823 1685 ad
2875 1646 2996 1684 eum
3048 1630 3184 1684 ultra
3233 1640 3610 1685 creaturarum

2020 1725 2387 1780 conditionem
2410 1723 2770 1784 eveheudum,
2797 1719 2940 1790 quod
2976 1721 3302 1786 coniunctus
3321 1719 3369 1773 ei
3397 1730 3610 1773 tantum

2019 1817 2108 1882 sit,
2151 1817 2311 1884 idque
2343 1814 2670 1868 adorabilctn
2708 1828 2830 1866 eum
2862 1811 3026 1864 faciet
3056 1812 3146 1880 qui
3179 1827 3284 1865 non
3312 1811 3383 1864 sit
3417 1809 3560 1864 Deus
3588 1808 3613 1862 τ

333 1928 449 1980 ἀλλ’
481 1929 721 1997 εὑρίσκω
753 1927 873 1979 τινὰ
893 1925 970 1995 τῷ
1005 1925 1120 1994 Θεῷ
1154 1925 1380 1993 λέγοντα
1408 1921 1495 1974 διὰ
1524 1921 1619 1989 τῆς
1645 1918 1738 1970 τοῦ
1765 1918 1913 1970 Ψάλ-

2022 1909 2088 1961 At
2125 1907 2334 1974 reperio
2363 1904 2654 1972 quemdam
2698 1915 2798 1968 per
2848 1898 3151 1954 Psaltnistaz
3190 1898 3362 1970 lyram
3415 1899 3611 1952 dicen-

331 2019 514 2080 λοντος
539 2020 704 2087 λύρας
729 2036 740 2047 ·
787 2038 805 2069 ‹
848 2017 1142 2086 Ἐκολλήθη
1176 2018 1208 2085 ἠ
1242 2016 1384 2084 ψυχή
1422 2030 1518 2083 μου
1545 2012 1718 2064 ὀπίσω
1750 2027 1860 2062 σου.
1893 2026 1910 2058 ι

333 2111 536 2180 Γράφει
571 2111 625 2162 δὲ
652 2109 741 2162 καὶ
785 2112 810 2161 ὁ
849 2110 1114 2178 μακάριος
1145 2106 1384 2167 Παῦλος·
1421 2124 1437 2155 ι
1485 2105 1541 2155 ὐ
1579 2101 1916 2169 κολλώμενος

331 2202 408 2271 τῷ
433 2202 638 2270 Κυρίῳ,
663 2201 718 2252 ἓν
747 2199 961 2270 πνεῦμά
991 2203 1156 2252 ἐστιν.
1200 2218 1218 2248 ι
1246 2193 1308 2249 ⁷Α
1323 2199 1368 2266 ρ’
1391 2192 1502 2258 οὖν,
1545 2193 1665 2245 εἱπέ
1693 2210 1802 2262 μοι,
1823 2190 1917 2244 καὶ

331 2293 550 2356 τούτους
591 2295 836 2362 ἀναφορᾷ
875 2293 1008 2345 Θεοῦ
1038 2293 1512 2363 προσκυνήσομεν,
1545 2287 1619 2349 ὼς
1658 2285 1918 2354 κεκολλη-

335 2388 527 2455 μένους
561 2385 743 2454 αὑτῷ;
798 2385 990 2439 Καίτοι
1029 2384 1122 2436 τοῦ
1171 2381 1441 2452 συνῆφθαι
1472 2381 1667 2448 λέγειν,
1709 2379 1770 2430 τὸ
1818 2378 1914 2446 τῆς

331 2477 636 2544 κολλήσεως
680 2475 866 2544 ὄνομα,
913 2472 1133 2545 μείζονά
1172 2489 1272 2525 που
1312 2472 1527 2533 πάντως
1561 2469 1654 2521 καὶ
1702 2466 1910 2531 ἀξιολο-

330 2568 576 2636 γωτέραν
608 2566 705 2634 τὴν
749 2564 986 2633 ἔμφασιν
1031 2563 1177 2632 ἔχει·
1212 2562 1370 2631 εἴπερ
1404 2561 1550 2613 ἐστὶν
1595 2559 1791 2629 ἀληθὲς
1835 2559 1912 2609 εἰ·

331 2662 472 2721 πεῖν,
506 2657 581 2720 ὡς
614 2659 672 2710 τό
701 2674 809 2710 τισι
844 2654 1200 2724 κολλώμενον,
1240 2656 1296 2708 ὲν
1337 2655 1584 2706 ἐπιτάσει
1616 2653 1780 2722 πολλῇ
1817 2652 1914 2720 τὴν

332 2749 626 2818 συνάφειαν
662 2747 796 2818 ἔχει.

403 2841 459 2894 Β.
508 2842 743 2892 Ἔοικεν.

399 2934 461 2990 Α.
518 2933 764 2984 Ἀνθότου
818 2931 873 2983 δὲ
924 2930 988 3001 δὴ
1035 2928 1300 2998 παρέντες
1335 2927 1433 2997 τὴν
1469 2928 1682 2988 ἕνωσιν,
1735 2925 1911 2978 καίτοι

331 3024 516 3094 φωνὴν
551 3020 716 3076 οὖσαν
762 3022 982 3092 εὑτριϐἦ
1032 3023 1160 3091 παρ’
1196 3023 1326 3089 ἡμῖν
1379 3021 1580 3082 αὐτοῖς,
1621 3017 1819 3087 μᾶλλον
1855 3016 1911 3067 δὲ

333 3114 427 3166 καὶ
457 3116 521 3166 ὲκ
546 3113 652 3166 τῶν
679 3113 848 3180 ἁγίων
879 3111 1135 3181 Πατέρων
1167 3110 1599 3163 καταϐαίνουσαν
1629 3110 1706 3168 εἰς
1742 3108 1908 3176 ἡμᾶς,

335 3203 626 3271 συνάφειαν
659 3202 1016 3271 ὑνομάζουσι;
1053 3201 1244 3253 Καίτοι
1281 3201 1471 3269 συγχεῖ
1506 3200 1601 3266 μὲν
1642 3199 1674 3267 ἠ
1720 3197 1910 3259 ἓνωσις
1939 3225 1980 3282 C

329 3295 581 3364 οὑδαμῶς
613 3296 680 3347 τὰ
730 3295 847 3348 καθ’
877 3287 950 3347 ὧν
982 3294 1046 3346 ἂν
1078 3294 1307 3360 λέγοιτο,
1337 3291 1660 3344 διαδείκνυσι
1689 3289 1744 3341 δὲ
1773 3290 1909 3358 μᾶ).-

327 3387 416 3439 λον
451 3386 548 3456 τὴν
585 3388 662 3448 εἰς
707 3385 764 3437 ἓν
803 3402 855 3437 τι
906 3385 1209 3456 συνδρομὴν
1261 3383 1369 3436 τῶν
1404 3381 1644 3453 ἡνῶσθαι
1689 3381 1909 3450 νοουμέ-

329 3497 455 3532 νων.
489 3477 598 3530 Καὶ
631 3477 748 3546 οὐχὶ
799 3476 972 3545 πάντη
1023 3493 1081 3528 τε
1120 3476 1213 3527 καὶ
1256 3475 1473 3537 πάντως
1504 3473 1561 3526 ἒν
1600 3473 1665 3526 ἂν
1705 3473 1912 3541 λέγοιτο

334 3569 509 3639 μόνως
539 3567 601 3618 τὸ
631 3565 834 3619 ἁπλοῦν
866 3567 958 3619 καὶ
991 3565 1280 3636 μονοειδὲς,
1317 3564 1451 3618 ἀλλὰ
1484 3564 1592 3635 γὰρ
1628 3565 1722 3617 καὶ
1751 3563 1818 3616 τὰ.
1848 3564 1912 3617 ὲκ

329 3661 473 3714 δυοῖν
511 3660 543 3728 ἢ
577 3657 836 3710 πλειόνων
868 3657 946 3709 ἔτι
983 3658 1077 3710 καὶ
1118 3656 1176 3721 ἐξ
1208 3656 1520 3727 ἑτεροειδῶν
1558 3657 1905 3727 συγκείμενα.

328 3755 486 3806 Δοκεῖ
532 3751 640 3820 γάρ
668 3750 839 3814 οὑτως
886 3745 946 3802 εὖ
1000 3749 1142 3819 ἔχειν
1171 3751 1282 3811 τοῖς
1330 3747 1502 3802 ταῦτα
1538 3751 1739 3817 σοφοῖς.
1793 3750 1910 3800 Κα-

328 3845 667 3916 κουργότατα
706 3843 882 3895 τοίνυν
935 3841 1026 3894 τὸν
1077 3842 1173 3894 ἕνα
1222 3840 1318 3894 καὶ
1356 3840 1513 3909 φύσει
1563 3840 1656 3892 καὶ
1694 3839 1910 3909 άληθῶς

334 3937 477 4000 Υἱὸν,
512 3935 1005 4005 ὲνανθρωπήσαντα
1038 3935 1133 3986 καὶ
1168 3933 1586 4002 σεσαρκωμένον
1610 3933 1908 3998 διιστάντες

328 4030 406 4092 εἰς
433 4029 544 4091 δύο,
579 4027 968 4098 παραιτοῦνται
1003 4027 1102 4097 μὲν
1135 4025 1232 4097 τὴν
1264 4028 1478 4092 ἕνωσιν,
1513 4027 1809 4096 συνάφειαν
1852 4028 1910 4080 δὲ

328 4119 705 4190 ὀνομάζουσιν,
741 4120 805 4189 ἢν
837 4119 901 4173 ἂν
937 4118 1048 4189 ἔχοι
1080 4118 1243 4189 τυχὸν
1281 4120 1374 4172 καὶ
1414 4119 1598 4189 ἕτερός
1641 4137 1727 4182 τις
1773 4118 1909 4190 πρὸς

327 4211 480 4276 Θεὸν,
515 4211 589 4273 ὼς
615 4211 673 4275 ἐξ
701 4210 900 4282 ἀρετῆς
930 4210 1022 4262 καὶ
1056 4208 1328 4280 ἁγιασμοῦ
1364 4212 1642 4281 μονονουχὶ
1693 4211 1910 4264 συνδού-

331 4319 511 4373 μενος,
542 4302 684 4356 κατά
718 4319 781 4371 γε
810 4302 870 4354 τὸ
903 4302 1006 4355 ὑπό
1041 4319 1131 4355 του
1155 4300 1265 4354 τῶν
1297 4301 1592 4373 προφητῶν
1621 4302 1798 4372 ὀρθῶς
1831 4304 1908 4355 εί-

331 4396 585 4466 ρημένον,
615 4396 728 4456 τοῖς
768 4394 1160 4447 ἀναπίπτουσιν
1193 4395 1284 4455 είς·
1313 4393 1374 4444 τὸ
1423 4391 1664 4464 ῥᾴθυμον
1687 4409 1699 4421 °
1737 4413 1754 4444 ι
1774 4395 1907 4446 Συν-

328 4487 528 4563 άχθητε
573 4487 666 4541 καὶ⁵
705 4486 1012 4557 συνδέθητε,
1057 4485 1118 4539 τὸ
1149 4485 1299 4548 ἔθνος
1330 4484 1388 4537 τὸ
1424 4485 1766 4550 ἀπαίδευτον,
1802 4486 1910 4557 πρὸ

2023 2009 2127 2051 tem
2167 2014 2178 2048 :
2218 2017 2234 2047 ‹
2266 1994 2650 2062 Cnnglutiuata
2698 2002 2780 2046 est
2833 1995 3012 2045 anima
3059 2007 3174 2046 mea
3212 2001 3333 2060 post
3370 2001 3420 2045 te
3449 1991 3496 2022 ⁸⁸
3529 2006 3544 2056 ;
3587 2009 3604 2042 ι

2019 2101 2072 2145 et
2111 2091 2300 2143 beatus
2331 2086 2527 2141 Paulus
2578 2087 2648 2138 ita
2699 2084 2941 2140 scribit:
2988 2102 3004 2135 ι
3048 2083 3148 2150 Qui
3197 2072 3608 2149 conglutinatus

2019 2193 2100 2234 est
2136 2179 2365 2234 Domino
2395 2217 2410 2242 ,
2446 2192 2587 2231 unus
2624 2176 2851 2245 spiritus
2898 2185 2983 2230 est
3025 2177 3114 2230 ⁸⁸⁸.
3167 2195 3185 2226 ι
3234 2179 3389 2230 Anne
3425 2176 3608 2245 igitur,

2018 2276 2266 2336 obsecro,
2292 2271 2454 2325 etiam
2488 2270 2590 2324 hos
2615 2267 2968 2322 adorabimus
2995 2277 3242 2335 respectu
3282 2265 3394 2332 Dei,
3423 2277 3610 2334 utpote

2019 2366 2066 2420 ei
2122 2363 2569 2430 conglutiualos?
2626 2361 2788 2429 Atqui
2859 2359 3345 2431 conglutinationis
3412 2373 3608 2412 nomen

2020 2458 2280 2525 majorem
2318 2458 2424 2508 vim
2652 2464 2814 2523 atque
2883 2453 3186 2521 emphasim
3239 2450 3401 2504 habet
3445 2463 3607 2519 quam

2019 2546 2439 2615 conjunctionis.
2476 2544 2758 2612 Siquidem
2797 2557 2924 2597 vere
2959 2543 3178 2608 dicitur,
3217 2541 3260 2596 si
3290 2541 3421 2610 quid
3451 2539 3608 2593 alteri

2017 2642 2248 2709 cuipiam
2275 2638 2714 2707 conglutinatuut
2740 2647 2845 2700 est,
2888 2636 3265 2690 vehementem
3297 2634 3344 2688 ei
3370 2643 3608 2686 arctam-

2015 2749 2120 2803 que
2147 2747 2270 2787 cum
2299 2731 2389 2785 illo
2415 2729 2855 2799 coujunctionem
2887 2726 3248 2783 intercedere.

2086 2825 2146 2878 Β.
2180 2825 2256 2878 Ita
2292 2823 2532 2877 videtur.

2086 2917 2150 2969 A.
2181 2917 2291 2970 Cur
2314 2925 2520 2980 autem,
2551 2915 2756 2984 rejecto
2787 2914 3007 2968 nomine
3046 2911 3292 2977 unitatis,
3323 2924 3444 2964 cum
3475 2908 3611 2963 alio-

2015 3009 2104 3077 qui
2134 3009 2202 3060 sit
2254 3007 2510 3060 tlsilalutn
2563 3007 2720 3059 nobis
2752 3005 2907 3074 ipsis,
2956 3004 3065 3058 imo
3118 3017 3246 3058 vero
3323 3017 3351 3056 a
3407 3003 3610 3057 sanctis

2019 3099 2264 3152 Patrihus
2305 3099 2370 3152 ad
2408 3113 2505 3152 nos
2531 3096 2769 3160 fluxerit,
2800 3095 3244 3165 conjunctioncm
3298 3094 3479 3165 potius
3516 3110 3613 3149 vo-

2015 3191 2199 3244 cant?
2254 3190 2417 3257 Atqui
2467 3192 2648 3244 unitas
2706 3203 3046 3256 nequaquam
3093 3187 3376 3242 confundit
3422 3203 3486 3242 ea
3539 3189 3605 3243 de

2020 3283 2220 3351 quibus
2249 3280 2600 3348 praedicatur,
2631 3281 2725 3335 sed
2759 3280 2935 3350 potius
2960 3279 3234 3350 signiﬁcat
3277 3295 3605 3336 concursum

2021 3376 2072 3430 iu
2113 3390 2279 3428 unum
2305 3388 2654 3443 eorum-qua:
2698 3375 2844 3426 unita
2894 3385 3017 3438 esse
3058 3372 3454 3443 intelliguntur.
3504 3372 3611 3428 Sed

2021 3479 2196 3536 neque
2235 3465 2289 3518 in
2325 3464 2638 3518 universum
2691 3463 2894 3517 dicitur
2937 3477 3104 3516 unum
3159 3461 3504 3517 solummodo
3555 3461 3610 3517 id

2019 3557 2158 3627 quod
2197 3556 2425 3625 simplex
2454 3565 2558 3617 est,
2587 3562 2748 3623 atque
2776 3555 2936 3608 unius
2968 3553 3192 3623 speciei,
3227 3569 3420 3608 verum
3441 3554 3609 3610 etiam

2021 3662 2082 3702 ca
2122 3662 2242 3716 quae
2282 3662 2346 3700 ex
2393 3645 2605 3699 dttobus
2665 3652 2759 3696 aut
2808 3643 2972 3697 etiam
3038 3643 3289 3713 pluribus
3320 3643 3485 3698 etiam
3530 3645 3612 3699 di-

2018 3753 2300 3794 versarum
2343 3738 2649 3806 specierum
2683 3735 2981 3804 composita
3019 3744 3166 3789 sunt.
3212 3736 3288 3788 Ita
3318 3736 3463 3790 enim
3493 3743 3610 3790 sta-

2023 3843 2179 3886 tuunt
2217 3831 2410 3885 harum
2441 3843 2621 3884 rerum
2647 3828 2846 3896 ‘periti.
2888 3826 3415 3884 Fraudulentissime
3447 3829 3612 3899 igitur

2020 3938 2186 3976 unum
2219 3931 2273 3976 et
2311 3931 2499 3973 natura
2554 3928 2611 3973 et
2662 3932 2790 3971 vere
2838 3918 3034 3972 Filiutn
3079 3919 3353 3973 hominem
3397 3919 3607 3975 factum

2019 4022 2182 4079 atque
2223 4011 2563 4064 iucarnatum
2606 4007 3006 4077 distiuguentes
3044 4010 3097 4062 in
3140 4010 3270 4074 duo,
3335 4011 3604 4066 unitatent

2019 4104 2237 4172 quidem
2286 4102 2633 4166 detrectant,
2693 4101 3133 4171 conjunctionem
3179 4117 3311 4158 vero
3361 4112 3607 4173 vocant,

2019 4211 2179 4264 quam
2210 4195 2442 4249 fortasse
2470 4193 2633 4248 etiam
2663 4193 2800 4246 alius
2833 4194 3102 4263 quispiam
3133 4210 3254 4249 cum
3294 4196 3402 4250 Deo
3421 4195 3607 4263 habet,

2021 4296 2206 4358 utpote
2241 4287 2439 4340 virtute
2475 4301 2539 4340 ac
2568 4286 3004 4340 sanctificatione
3051 4294 3375 4342 tautumnon
3412 4289 3461 4343 ei
3495 4288 3609 4344 col-

2019 4380 2238 4448 ligatus,
2268 4380 2421 4448 juxta
2464 4378 2593 4432 illud
2624 4388 2776 4432 recte
2801 4394 2829 4431 a
2859 4379 3146 4448 prophetia
3176 4379 3382 4434 dictum
3417 4380 3483 4436 iis
3514 4382 3608 4450 qui

2017 4475 2084 4525 ad
2130 4473 2396 4540 ignaviam
2433 4470 2838 4525 devolvuntur:
2873 4489 2891 4522 ι
2932 4471 3373 4542 Congregatnini,
3404 4483 3458 4528 et
3495 4473 3608 4528 col-

327 4559 421 4634 τοῦ
451 4580 701 4649 γενέσθαι
746 4580 888 4649 ὑμᾶς
934 4579 1008 4641 ὡς
1042 4577 1200 4641 ἄνθος
1242 4577 1674 4648 παρερχόμενον.
1719 4597 1736 4628 ι
1777 4578 1907 4630 Συν-

2022 4564 2290 4633 ligamini,
2325 4581 2456 4635 gens
2491 4565 2765 4634 imperita,
2795 4559 3264 4634 antequam'fiatis
3300 4579 3394 4620 vos
3425 4573 3482 4620 ut
3508 4563 3608 4622 llos

328 4671 552 4725 ἅπτοιτο
578 4671 621 4724 δ’
662 4671 728 4725 ἂν
781 4672 875 4724 καὶ
924 4669 1170 4740 μαθητὴς
1218 4670 1524 4740 διδασκάλῳ
1571 4670 1711 4724 κατά
1742 4687 1807 4738 γε
1855 4671 1914 4724 τὸ

328 4762 644 4834 ⁸φιλομαθὲς,
679 4763 774 4816 καὶ
802 4764 963 4833 ἡμεῖς
996 4762 1265 4832 ἀλλήλοις,
1299 4763 1359 4814 οὑ
1407 4762 1528 4815 καθ’
1559 4761 1655 4815 ἕνα
1685 4763 1911 4833 τρόπον,

333 4854 460 4908 ora:
491 4854 738 4917 πολλοὺς.
779 4854 850 4906 Ἦ
883 4854 1022 4922 τάχα
1051 4871 1153 4906 που
1191 4853 1285 4906 καὶ
1318 4855 1345 4906 ό
1374 4851 1528 4906 τοὺδὲ
1573 4869 1717 4916 τινος
1769 4855 1912 4924 πρά-

325 4959 530 5018 γματος
576 4945 867 5014 ὑπουργὸς,
903 4946 1003 4997 οὑκ
1052 4945 1332 5015 ὰσυναιρὴς
1384 4945 1526 4998 κατὰ
1565 4944 1622 4997 τὸ
1665 4946 1912 5000 ἑκούσιον

325 5037 482 5094 νοοῖτ⁹
511 5037 576 5090 ἂν
607 5037 832 5100 εἰκότως
864 5035 940 5107 τῷ
972 5035 1188 5089 λαϐόντι
1220 5036 1355 5107 πρὸς
1389 5037 1712 5107 ὑπουργίαν.
1753 5039 1817 5091 Ὀ
1849 5037 1906 5090 δὲ

328 5128 530 5198 μᾶλλον
562 5127 737 5181 ἔοικεν
766 5128 799 5198 ἡ
823 5127 975 5197 παρὰ
995 5127 1102 5181 τῶν
1126 5128 1462 5198 καινοτόμων
1482 5131 1615 5199 ἡμῖν
1643 5131 1907 5200 συνάφεια

325 5218 536 5288 δηλοῦν.
589 5218 856 5272 Διεπὺθου
908 5217 1017 5287 γὰρ
1065 5219 1481 5289 διατεινομένων
1533 5221 1779 5290 ἀμαθῶς,
1826 5222 1906 5275 ὅτι

324 5307 504 5362 λαϐὼν
537 5310 843 5381 ἄνθρωπον,
871 5309 945 5374 ὡς
972 5295 1154 5381 ἕτερόν
1184 5328 1305 5364 τινα
1337 5311 1466 5381 παρ’
1503 5312 1692 5364 ἑαυτὸν
1737 5313 1850 5366 υἱὸν
1881 5315 1909 5368 ὁ

322 5397 454 5462 Θεὸς
493 5399 683 5466 Λόγος,
721 5400 992 5470 ὑπουργὸν
1031 5399 1221 5470 ῶσπερ
1267 5402 1388 5454 τινὰ
1444 5402 1552 5454 τῶν
1597 5404 1791 5457 ἑαυτοὺ
1824 5404 1912 5457 θε-

323 5487 582 5558 λημάτων
621 5489 900 5559 ἀπέφηνεν
931 5489 1286 5565 αὑτὸνηῶστε
1330 5493 1423 5544 καὶ
1450 5492 1680 5547 θανάτου
1717 5497 1911 5562 πεῖραν

325 5577 484 5645 ἑλεῖν,
523 5579 818 5633 ἀναϐιῶναί
851 5597 930 5643 τε,
963 5582 1152 5641 misi;
1180 5581 1341 5635 αὑτὸν
1372 5581 1660 5636 ἀνελθόντα
1700 5583 1789 5636 τὸν
1818 5586 1910 5637 οὑ-

277 5716 289 5728 ,
329 5670 508 5741 ρανὸν,
538 5672 650 5734 τοῖς
689 5671 787 5741 τῆς
819 5671 1058 5742 ἀρρήτου
1105 5670 1357 5742 θεότητος
1407 5672 1650 5752 ὲνιζῆσαι
1696 5673 1904 5737 θάκοις.

327 5863 339 5875 ·
391 5846 442 5882 ⁸⁷
471 5849 619 5908 Psal.
648 5865 812 5919 uxx,
839 5847 926 5906 lo.
1006 5849 1050 5882 ⁸⁸
1079 5848 1204 5905 Psal
1235 5852 1369 5917 Lm,
1410 5849 1464 5905 9.

1543 5849 1610 5881 ⁸⁸⁶
1638 5847 1657 5901 l
1685 5849 1810 5905 Cor.
1877 5865 1957 5917 vt,
1983 5849 2068 5904 l7.

2015 4658 2332 4727 praeteriens
2370 4657 2435 4710 ⁸⁸.
2514 4656 2874 4724 Coujungilur
2924 4672 3052 4711 vero
3088 4659 3253 4712 etiam
3305 4659 3623 4730 discipulus.

2015 4750 2280 4819 magistro
2316 4751 2528 4804 ratione
2557 4749 2846 4804 docilitatis
2873 4767 2886 4815 ;
2912 4758 2965 4804 et
2995 4765 3094 4804 nos
3129 4750 3269 4804 alter
3301 4750 3456 4805 alteri
3494 4766 3600 4806 non

2013 4857 2119 4894 uno
2155 4843 2336 4906 modo,
2396 4842 2489 4897 sed
2541 4841 2809 4912 pluribus.
2871 4840 2935 4894 Et
2961 4841 3053 4911 qui
3115 4841 3346 4910 alicujus
3395 4844 3602 4915 negotii

2011 4934 2227 5004 adjutor
2256 4943 2369 5001 est,
2426 4949 2533 4989 non
2578 4944 2758 5002 potest
2798 4934 2994 4989 merito
3033 4935 3338 5003 disjuuctus
3383 4936 3602 4992 censeri

2013 5028 2233 5083 ratione
2258 5028 2557 5083 voluntatis
2612 5029 2680 5082 ab
2727 5043 2793 5084 eo
2844 5029 2933 5097 qui
2982 5029 3156 5098 ipsum
3195 5029 3246 5083 in
3286 5029 3598 5099 adjutorem

2015 5121 2243 5190 accepit.
2281 5120 2392 5176 Hoc
2415 5131 2595 5175 autem
2625 5121 2804 5191 potius
2833 5121 3047 5177 videtur
3068 5122 3182 5178 hinc
3213 5121 3599 5179 iunovatorum

2015 5213 2328 5283 conjunctio
2379 5215 2710 5284 significare.
2761 5213 2975 5269 Audisti
3025 5215 3172 5270 enim
3200 5230 3295 5271 eos
3350 5216 3602 5286 imperite

2017 5305 2408 5360 contendentes
2435 5344 2448 5369 ,
2483 5305 2623 5374 quod
2654 5305 2793 5360 Deus
2827 5303 3088 5372 Verbum,
3129 5317 3353 5376 accepto
3381 5307 3601 5363 homine

2015 5405 2272 5465 tanquam
2301 5397 2410 5451 alio
2449 5397 2684 5467 quodam
2718 5411 2782 5450 ac
2827 5396 3042 5452 diverso
3079 5411 3110 5452 a
3157 5412 3216 5452 se
3251 5397 3381 5463 lilio,
3432 5397 3599 5453 veluti

2012 5488 2315 5559 adjutoretn
2378 5489 2669 5560 quemdam
2728 5499 2892 5558 atque
2918 5499 3299 5544 exsecutorem
3348 5505 3460 5544 sua:
3505 5503 3601 5544 vo-

2010 5583 2236 5635 luutatis
2266 5582 2441 5651 ipsum
2473 5582 2783 5646 constituit,
2811 5582 2882 5636 ita
2917 5591 2976 5636 ιιι
3021 5591 3076 5635 et
3106 5591 3337 5636 mortem
3366 5580 3546 5635 obiret
3578 5618 3596 5646 ,

2011 5684 2066 5728 et
2099 5673 2472 5739 revivisceret,
2509 5682 2673 5743 atque
2706 5673 2758 5728 itt
2795 5673 2992 5729 coelum
3036 5673 3265 5741 relatus,
3307 5670 3598 5729 ineffabilia

2148 5850 2193 5884 ”
2229 5850 2471 5923 Sephon.
2507 5866 2566 5918 tt,
2602 5851 2653 5918 1,
2683 5851 2739 5905 2.
