4036 6336
451 407 472 461 Ι
485 402 585 462 287

1461 395 1516 448 S.
1557 392 1827 449 CYBIIJJ
1872 391 2334 448 ALEXANDRINI
2377 393 2689 450 ARCHIEP.

3562 397 3699 452 {'288

448 522 669 577 deitatis
698 520 835 575 solio
868 516 1144 571 insideret.
1192 510 1384 567 Nonne
1419 514 1561 566 enim
1598 527 1663 566 ex
1697 513 1781 565 his
1832 512 2013 565 verbis

2136 508 2190 566 Ἠ
2216 514 2323 582 γὰρ
2355 515 2474 583 οὐχὶ
2518 515 2693 582 πάντη
2744 529 2800 564 τε
2837 512 2939 565 καῖ’
2974 512 3186 575 πάντως
3229 513 3318 565 διὰ
3360 513 3565 565 τούτων
3594 514 3699 564 τῶν

449 616 693 666 diversus
727 611 882 677 plane
912 607 1151 662 cernitur
1210 605 1275 657 ab
1334 617 1397 657 eo
1445 604 1533 672 qui
1596 613 1677 655 est
1710 613 1901 654 natura
1963 612 2017 655 ct

449 719 573 756 vere
609 702 818 755 Filius?

518 793 577 845 Β.
608 792 860 847 Omnino.

520 884 586 938 Α.
620 885 686 935 At
717 895 837 947 cum
882 877 1049 933 semel
1094 890 1157 931 eo
1205 874 1489 929 dementias
1545 874 1905 939 devenerint,
1961 881 2019 925 ut

448 972 767 1026 existiment
827 981 989 1035 atque
1020 976 1266 1019 asserant
1296 978 1402 1016 non
1456 964 1631 1030 ipsum
1680 964 2014 1031 unigenitum

451 1063 545 1117 Dei
613 1062 845 1115 Verbum
908 1058 1075 1111 nostri
1134 1055 1362 1109 similem
1422 1053 1622 1107 factum
1656 1053 1824 1108 fuisse
1858 1098 1872 1119 ,
1924 1056 2017 1108 sed

451 1153 721 1207 hominem
768 1149 1082 1216 sumpsisse,
1142 1160 1404 1214 quonam,
1445 1145 1695 1207 obsecro,
1733 1145 1893 1199 modo
1932 1159 2019 1198 as-

449 1244 809 1311 sumptionem
871 1243 1007 1293 hanc
1065 1255 1092 1291 a
1144 1238 1297 1292 nobis
1347 1236 1567 1303 intelligi
1611 1235 1839 1289 volunt?
1866 1236 2020 1289 Anne

450 1345 507 1389 ut
573 1336 827 1388 edoctum
879 1347 942 1385 ac
1011 1330 1352 1398 designatum
1407 1329 1473 1381 ab
1554 1328 1671 1394 ipso
1729 1326 1795 1378 ad
1868 1340 2023 1379 exse-

448 1426 716 1494 quendum
750 1422 950 1487 aliquid
1004 1422 1146 1491 quod
1188 1424 1287 1489 ipsi
1336 1418 1576 1487 placeret
1608 1433 1622 1469 :
1652 1416 1876 1485 perinde
1908 1415 2022 1470 fere

450 1530 611 1585 atque
664 1530 755 1583 per
794 1514 1078 1582 quemdam
1146 1526 1210 1565 ex
1277 1509 1480 1564 sanctis
1558 1506 1837 1577 prophetis
1887 1508 2023 1560 dici-

454 1622 551 1663 tur
587 1629 598 1661 :
649 1624 666 1656 ι
702 1607 765 1658 Ει
800 1606 935 1658 dixit
966 1603 1223 1657 Dominus
1252 1602 1317 1653 ad
1367 1614 1449 1653 me
1482 1616 1495 1652 :
1531 1596 1711 1661 Vade,
1761 1600 2019 1666 propheta

453 1698 615 1768 734
662 1698 726 1749 ad
774 1695 1023 1762 populum
1068 1706 1249 1745 meum
1287 1689 1451 1743 Israel
1479 1689 1564 1741 ὀἳ
1595 1705 1614 1738 ι
1653 1687 1731 1741 Ex
1776 1690 2022 1757 caprario

452 1786 594 1840 enim
633 1785 944 1851 prophetam
998 1780 1217 1847 en‘ecit,
1266 1790 1322 1835 et
1375 1780 1757 1833 mandatorum
1796 1793 2019 1833 suorum

458 1885 833 1930 exsecutorem
871 1874 1195 1944 designavit.

526 1966 582 2018 Β.
640 1965 885 2018 Dixerint
930 1962 1162 2017 fortasse
1216 1977 1320 2015 non
1384 1962 1488 2016 bac
1541 1974 1765 2032 prorsus
1814 1960 2026 2014 ratione

454 2058 649 2111 factam
683 2070 803 2109 esse
839 2055 1286 2120 assumptionem,
1323 2054 1415 2106 sed
1468 2053 1542 2106 ita
1588 2062 1649 2105 ut
1698 2050 2023 2121 intelligitur

456 2163 485 2201 a
520 2147 674 2201 nobis
702 2145 832 2198 illud
876 2159 890 2197 :
944 2163 963 2195 ι
998 2144 1249 2199 Formam
1275 2145 1416 2197 servi
1442 2143 1717 2212 accipiens
1740 2143 1807 2195 ".
1848 2161 1866 2192 ι

526 2241 590 2293 Α.
649 2239 789 2306 Ergo
834 2238 1132 2291 secundum
1186 2235 1446 2287 unitatem
1501 2232 1849 2295 indivulsam,
1900 2246 2026 2299 pro-

456 2330 631 2397 prium
662 2326 863 2379 factum
894 2339 1016 2379 esse
1050 2325 1100 2377 id
1133 2325 1277 2391 quod
1335 2332 1608 2390 sumptum
1657 2330 1740 2374 est
1779 2320 1896 2388 ejus
1936 2320 2026 2387 qui

458 2420 689 2487 accepit,
725 2420 913 2470 merito
946 2416 1251 2470 censebitur
1289 2431 1301 2465 :
1340 2416 1410 2468 ita
1452 2424 1509 2467 ut
1552 2424 1607 2467 et
1661 2413 1802 2466 Dens
1834 2413 1906 2465 sit
1940 2410 2029 2466 Je-

460 2527 571 2572 sus,
599 2520 655 2563 et
706 2508 813 2560 veri
850 2506 939 2560 Dei
983 2506 1168 2570 Filius,
1204 2518 1477 2573 unumque
1526 2518 1591 2558 ac
1620 2504 1795 2557 solum
1860 2512 1920 2555 ut
1962 2518 2029 2557 ex

388 2642 403 2663 .
464 2604 572 2656 Deo
602 2601 760 2654 Patre
792 2597 1022 2653 Verbum
1050 2614 1063 2663 ;
1114 2599 1328 2666 genitus
1364 2583 1581 2666 quidem
1618 2596 1875 2651 divinitus
1906 2604 2031 2647 ante

460 2692 638 2745 omnia
668 2689 862 2744 saecula
894 2697 950 2741 et
980 2698 1243 2755 tempora,
1272 2687 1582 2740 novissimis
1609 2695 1788 2740 autem
1835 2683 2018 2738 saeculi

462 2784 791 2851 temporibus
825 2782 961 2834 idem
993 2780 1284 2834 secundum
1309 2794 1524 2833 carnem
1556 2794 1623 2832 ex
1656 2779 1899 2833 muliere.

535 2876 591 2928 Β.
622 2872 803 2943 Neque
832 2872 975 2925 enim
1015 2878 1132 2924 erat
1156 2870 1379 2924 alterius
1406 2868 1706 2938 cuiuspiam
1734 2907 1749 2933 ,
1794 2870 1886 2923 sed
1944 2867 2028 2936 ip¢

462 2966 573 3020 sius
602 2964 739 3017 facta
772 2972 854 3017 est
890 2963 1028 3016 servi
1058 2959 1250 3014 l'orma.

532 3058 596 3110 Α.
627 3055 905 3121 Quomodo
930 3053 1048 3108 ais?
1078 3056 1253 3116 Anne,
1286 3056 1537 3113 obsecro,
1602 3052 1652 3105 id
1690 3054 1829 3122 quod
1845 3062 2035 3107 natura

2118 607 2294 673 λόγων
2324 606 2509 676 ἕτερος
2548 605 2622 657 ὢν
2657 607 2845 674 ὁρᾶται
2884 604 3161 667 παντελῶς
3213 605 3360 674 παρὰ
3404 604 3495 657 τὸν
3542 603 3697 671 φύσει

2119 700 2213 750 καὶ
2249 699 2463 767 άληθῶς
2494 699 2652 761 Υῐόν;

2193 790 2249 840 Β.
2290 790 2455 858 Φημί.

2188 886 2253 939 Λ.
2308 883 2523 951 Ἐπειδὴ
2564 883 2620 935 δὲ
2666 880 2810 947 ἅπαξ
2845 882 2927 943 εἰς
2972 878 3129 933 τοῦτο
3188 877 3521 932 κατώλισθον
3557 877 3700 947 ἀμαυ

2120 970 2260 1034 Οἰας,
2297 973 2371 1035 ὼς
2416 972 2618 1023 οἴεσθαί
2665 988 2721 1023 τε
2776 972 2870 1024 καὶ
2903 970 3082 1036 λέγειν
3125 971 3225 1022 οὐκ
3264 970 3423 1022 αὑτὸν
3452 969 3703 1037 γενέσθαι

2123 1065 2321 1133 μᾶλλον
2364 1064 2485 1117 καθ’
2533 1065 2677 1133 ἡμᾶς
2727 1063 2818 1115 τὸν
2870 1061 3131 1131 μονογενῆ
3180 1060 3270 1114 τοῦ
3314 1062 3448 1114 Θεοῦ
3506 1062 3702 1129 Λόγον,

2120 1154 2403 1223 ἄνθρωπον
2430 1154 2483 1205 δὲ
2513 1154 2694 1205 λαϐεῖν
2717 1170 2730 1183 ·
2756 1154 2897 1205 κατὰ
2923 1156 3072 1205 ποῖον
3100 1153 3206 1223 ἄρα
3240 1154 3478 1204 νοεῖσθαι
3500 1154 3703 1223 τρόπον

2120 1246 2364 1298 ἐθέλουσι
2404 1247 2535 1316 πρὸς
2586 1246 2741 1316 ἡμῶν
2785 1246 2885 1317 τὴν
2922 1245 3222 1315 ἁνάληψιη
3275 1239 3421 1315 Ἀρα
3469 1245 3597 1313 γὰρ,
3627 1244 3701 1308 ὡς

2122 1338 2573 1408 προχειρισθέντα
2612 1339 2738 1408 παρ’
2787 1336 2951 1390 αὐτοῦ
2986 1338 3122 1407 πρός
3163 1353 3227 1404 γε
3264 1335 3325 1387 τὸ
3352 1337 3463 1389 δεῖν
3492 1338 3688 1389 ἀποπει

2124 1429 2281 1499 ρᾶναί
2324 1446 2377 1482 τι
2420 1429 2528 1480 τῶν
2571 1428 2715 1488 κατὰ
2743 1428 2966 1498 γνώμην
3006 1428 3175 1496 αὐτῷ,
3210 1428 3462 1497 καθάπερ
3512 1426 3702 1495 ἀμέλει

2124 1520 2216 1572 καὶ
2254 1520 2371 1581 ἑνὸς
2407 1519 2515 1571 τῶν
2548 1519 2717 1586 ἁγίων
2761 1518 3090 1588 προφητῶνο
3129 1538 3147 1569 ι
3196 1518 3307 1569 Καὶ
3337 1511 3458 1568 εἷπε
3499 1516 3707 1585 Κύριος

2125 1608 2259 1677 πρός
2295 1625 2361 1677 με
2384 1623 2395 1636 ·
2433 1607 2641 1671 Βάδιξε,
2674 1608 3047 1677 προφήτευσον
3074 1604 3167 1657 ἐπὶ
3206 1608 3296 1656 τὸν
3324 1603 3455 1655 λαόν
3482 1619 3584 1671 μου
3613 1601 3704 1652 τὸν

2137 1700 2387 1770 Ἰσραήλ;
2424 1719 2444 1752 ι
2488 1700 2719 1752 Αἰπόλον
2748 1699 2858 1771 γὰρ
2882 1699 3029 1761 ὅντα,
3071 1692 3359 1768 προφήτην
3384 1695 3573 1759 ἐτίθει,
3608 1693 3704 1746 καὶ

2123 1790 2230 1842 τῶν
2264 1791 2459 1843 ἑαυτοῦ
2484 1790 2802 1860 θελημάτων
2831 1788 3102 1859 ὑπουργὸν
3131 1786 3451 1851 ἀπέστειλε;

2199 1970 2260 2022 Β.
2300 1970 2461 2021 Φαῖεν
2508 1968 2573 2021 ἂν
2606 1968 2734 2031 ἴσως
2774 1966 2864 2034 οὐχ
2908 1958 3009 2019 ὧδέ
3056 1981 3157 2018 που
3194 1963 3409 2026 πάντως
3451 1960 3702 2030 γενέσθαι

2129 2061 2226 2131 τὴν
2260 2061 2443 2130 λῆψιν,
2488 2060 2599 2113 ἀλλ’
2629 2058 2704 2122 ὡς
2732 2058 2796 2112 ἂν
2825 2060 3002 2111 νοοῖτο
3030 2056 3165 2126 πρὸς
3194 2055 3349 2126 ἡμῶν
3378 2054 3437 2108 τὸ
3458 2092 3472 2118 ,
3502 2074 3519 2106 ‹
3553 2055 3704 2123 Μορ-

2131 2153 2236 2222 φὴν
2271 2151 2455 2203 δούλου
2484 2150 2682 2203 λαόών.
2722 2169 2740 2200 ι

2198 2244 2263 2295 Α.
2308 2241 2515 2295 Οὐκοῦν
2564 2239 2685 2293 καθ’
2725 2238 2919 2291 ἕνωσιν
2955 2237 3341 2300 ἀδιάσπαστον,
3380 2236 3508 2288 [διον
3547 2242 3703 2303 γεγο-

2130 2333 2219 2396 νὸς
2250 2332 2343 2386 τοῦ
2376 2330 2629 2394 λασόντος
2660 2332 2721 2385 τὸ
2767 2330 2990 2401 ληφθὲν,
3035 2331 3191 2383 νοοῖτ’
3226 2328 3291 2382 ἂν
3335 2329 3580 2391 εἰκότως,
3626 2329 3703 2390 ὡς

2131 2425 2227 2477 καὶ
2255 2424 2389 2476 Θεὸν
2422 2420 2560 2476 εἶναι
2588 2423 2678 2475 τὸν
2718 2421 2945 2495 Ἰησοῦν,
2974 2422 3068 2475 καὶ
3106 2419 3242 2473 Θεοῦ
3286 2419 3379 2472 τοῦ
3408 2419 3545 2472 κατὰ
3576 2419 3706 2489 ἀλή-

2132 2512 2280 2567 Θιιαν
2321 2513 2465 2574 Υἰδν,
2509 2513 2604 2565 ἕνα
2646 2528 2705 2565 τε
2750 2512 2845 2564 καὶ
2893 2510 3068 2581 μόνον,
3104 2509 3181 2572 ὠς
3212 2511 3277 2562 ὲκ
3322 2508 3456 2561 Θεοῦ
3492 2508 3703 2578 [ἰατρὸς

2132 2604 2322 2671 Λόγον,
2356 2603 2683 2673 γεννηθέντα
2734 2603 2833 2671 μὲν
2872 2601 3063 2663 θεῖκῶς
3113 2598 3220 2669 πρὸ
3266 2599 3463 2660 παντὸς
3508 2598 3705 2661 αἰῶνος

2135 2696 2227 2748 καὶ
2260 2696 2474 2766 χρόνου,
2512 2696 2569 2745 ὲν
2616 2694 2863 2763 ἐσχάτοις
2891 2692 2946 2744 δὲ
2976 2690 3069 2743 τοῦ
3110 2689 3305 2752 αἰῶνος
3348 2692 3576 2759 καιροῖς,
3611 2688 3705 2741 τὸν

2134 2786 2294 2839 αὑτὸν
2318 2785 2459 2838 κατὰ
2491 2786 2667 2855 σάρκα
2709 2786 2773 2836 ὲκ
2803 2783 3079 2851 γυναικός.

2206 2879 2267 2932 Β.
2310 2878 2382 2931 Οὐ
2414 2877 2523 2947 γὰρ
2548 2873 2615 2947 ἦν
2644 2876 2828 2947 ἑτέρου
2866 2874 3030 2939 τινὸς,
3072 2873 3185 2926 ἀλλ’
3216 2872 3380 2927 αὑτοῦ
3412 2874 3639 2943 γέγονεν
3668 2877 3705 2944 ὴ

2134 2968 2227 3021 τοῦ
2260 2967 2444 3020 δούλου
2478 2966 2678 3037 μορφή.

2207 3062 2269 3113 Α.
2313 3057 2435 3120 Πῶς
2479 3059 2646 3127 ἔφης
2690 3052 2835 3127 *Αρα
2866 3056 2995 3125 γὰρ,
3040 3059 3159 3113 εἰπέ
3197 3076 3307 3129 μοι,
3334 3058 3396 3111 τὸ
3432 3062 3497 3129 τῇ
3546 3058 3709 3127 φύσει

464 3162 674 3202 servum
727 3155 854 3210 est,
912 3145 1124 3198 dicatur
1171 3158 1277 3197 non
1326 3142 1560 3197 absurde
1604 3143 1835 3198 formam
1888 3144 2033 3198 servi

2138 3149 2341 3209 δοῦλον,
2378 3146 2573 3215 λέγοιτ’
2604 3144 2670 3198 ἂν
2705 3146 2803 3198 οὐκ
2847 3146 3202 3209 ἀπεοικότως,
3256 3147 3469 3217 μορφὴν
3516 3146 3707 3198 δούλου

463 3238 773 3304 accepisse;
814 3252 879 3289 an
910 3250 1037 3289 vero
1090 3236 1142 3289 id
1184 3235 1328 3303 quod
1375 3248 1500 3289 vere
1535 3234 1767 3289 liberum
1796 3246 1880 3291 est
1909 3273 1924 3300 ,
1979 3245 2034 3289 et

2136 3241 2337 3303 λαϐεῖν,
2368 3239 2399 3308 ἢ
2431 3214 2492 3290 εδ
2522 3236 2804 3307 ἐλεύθερον
2830 3237 3064 3307 άληθῶς,
3092 3239 3187 3290 και
3209 3214 3441 3308 mea,
3465 3237 3711 3300 δουλείας

466 3327 647 3381 servili
677 3326 985 3380 conditione
1007 3326 1374 3379 essentialiter
1416 3326 1666 3394 superius
1695 3327 1718 3379 τ

538 3416 684 3470 Β.Ιά
724 3418 865 3484 quod
917 3416 1145 3469 liberum
1194 3424 1280 3469 est
1316 3417 1643 3469 censuerim.
1692 3417 1842 3483 Quod
1890 3417 2033 3472 enim

467 3517 585 3563 erat
612 3517 824 3572 natura,
850 3521 956 3575 quo
989 3516 1148 3576 pacto
1170 3505 1404 3574 amplius
1434 3506 1529 3560 iiat
1559 3506 1581 3558 ‘.’

535 3599 599 3653 A.
628 3597 1008 3652 Animadverte
1029 3599 1208 3667 itaque
1227 3599 1389 3665 quod,
1412 3607 1624 3651 tametsr
1650 3599 1818 3653 nostri
1850 3598 2028 3653 simile

469 3694 668 3745 tactum
705 3701 789 3743 est
820 3690 1151 3756 unigenitum
1201 3688 1296 3743 Dei
1354 3689 1621 3755 Verbum,
1680 3699 1733 3745 et
1783 3693 2035 3745 servilem

468 3782 833 3836 conditionem
863 3779 1091 3833 subierit
1117 3781 1328 3833 ratione
1361 3779 1716 3845 humanitatis
1747 3819 1761 3845 ,
1818 3792 2038 3835 natura-

472 3872 575 3926 lem
609 3882 783 3925 tamen
806 3886 956 3924 suam
983 3871 1288 3924 libertatem
1321 3869 1641 3925 testiﬁcatus
1666 3872 1818 3926 eStiu
1845 3873 2036 3927 drach-

476 3978 683 4018 marum
741 3963 1083 4027 collaliones,
1127 3962 1313 4016 dicens
1368 3979 1381 4015 :
1443 3980 1461 4013 ι
1507 3962 1649 4033 Ergo
1707 3963 1860 4017 liberi
1913 3975 2039 4018 sunt

477 4056 571 4109 lilii
605 4056 678 4107 θ’.
730 4073 748 4105 ι
804 4053 1043 4121 Suscipit
1092 4054 1275 4121 itaque
1322 4052 1462 4109 servi
1510 4054 1760 4121 formam,
1814 4071 1876 4111 ea
1922 4073 2039 4127 quae

472 4145 824 4199 exininationi
874 4159 1085 4199 annexa
1132 4155 1261 4198 sunt
1293 4145 1396 4200 sibi
1444 4147 1747 4213 asciscens,
1793 4158 1849 4203 et
1884 4149 2038 4203 simi-

473 4235 753 4288 litudinem
785 4236 955 4287 nostri
986 4250 1089 4287 non
1120 4245 1463 4304 aspernatus.
1510 4237 1695 4306 Neque
1742 4242 1886 4294 enim
1924 4242 2038 4295 fieri

473 4332 685 4394 poterat
727 4332 784 4376 ut
822 4324 923 4376 alia
962 4325 1170 4378 ratione
1213 4326 1445 4379 servitus
1477 4341 1599 4381 cum
1647 4329 1852 4384 honore
1887 4346 2039 4385 com-

476 4424 790 4479 mutaretur,
815 4415 917 4467 nisi
948 4415 997 4467 id
1024 4416 1165 4484 quod
1200 4418 1448 4472 servituti
1475 4423 1731 4475 convenit
1758 4425 2038 4491 proprium

2140 3325 2349 3395 μέτρων
2376 3322 2653 3384 οὺσιωδῶς
2674 3321 2930 3389 ἀνωτέρω
2958 3321 3208 3390 κείμενον
3228 3340 3243 3387 ;

2206 3417 2266 3470 Β.
2308 3414 2382 3469 Τὸ
2404 3414 2684 3485 ἐλεύθερον
2713 3410 2864 3484 οἶμαι
2894 3431 3015 3468 που.
3057 3415 3122 3466 Ὃ
3150 3414 3259 3485 γὰρ
3285 3408 3353 3485 ἦν
3384 3414 3564 3483 φύσει,
3592 3416 3709 3476 πῶς

2139 3505 2203 3559 ἂν
2235 3506 2445 3575 γένοιτο
2476 3505 2553 3557 ἔτι
2579 3522 2593 3571 ;

2204 3602 2271 3650 Α.
2316 3596 2503 3667 ’Δορει
2531 3596 2593 3666 δὴ
2619 3593 2732 3659 οὖν,
2777 3596 2881 3657 ὅτι,
2922 3597 3095 3651 καίτοι
3125 3596 3245 3650 καθ’
3271 3598 3419 3668 ἡμᾶς
3470 3597 3708 3665 γεγονὼς

2136 3689 2164 3741 ὁ
2202 3690 2493 3759 μονογενὴς
2534 3687 2629 3741 τοῦ
2667 3688 2803 3742 Θεοῦ
2845 3690 3035 3758 Λόγος,
3072 3692 3305 3754 καὶτοῖς
3341 3692 3437 3761 τῆς
3472 3691 3710 3755 δουλείας

2141 3778 2358 3848 μέτροις
2404 3777 2729 3849 ὲμὸεὖηκὼς
2772 3780 2914 3833 κατὰ
2952 3780 3012 3832 τὸ
3055 3780 3422 3850 ἀνθρώπινον,
3474 3799 3712 3851 προσμε-

2143 3868 2494 3938 μαρτύρηκεν
2543 3868 2691 3937 αὐτῷ
2721 3868 2781 3921 τὸ
2827 3869 2968 3922 κατὰ
3003 3870 3163 3937 φύσιν
3199 3870 3500 3942 ἐλεύθερον,
3544 3874 3601 3924 ὲν
3643 3875 3709 3943 τῇ

2140 3957 2245 4011 τῶν
2278 3957 2535 4029 δραχμῶν
2571 3961 2899 4030 συνεισφορᾷ
2944 3960 3147 4028 λέγων’
3210 3978 3230 4013 r
3272 3963 3419 4033 ’Λρα
3462 3978 3526 4031 γε
3561 3964 3711 4016 ἐλεύ-

2141 4049 2287 4120 θεροί
2320 4053 2455 4104 εἰσιν
2484 4051 2533 4103 οἱ
2562 4051 2688 4105 υἱοί.
2733 4070 2750 4102 ι
2800 4053 3024 4121 Δέχεται
3049 4053 3227 4106 τοίνυν
3257 4054 3440 4107 δούλου
3477 4056 3710 4127 μορφὴν,

2140 4141 2206 4194 τὰ
2235 4143 2298 4193 ὲκ
2322 4143 2419 4211 τῆς
2446 4142 2725 4207 κενώσεως
2750 4144 3136 4215 οἰκειούμενος,
3165 4147 3257 4198 καὶ
3282 4146 3380 4217 τὴν
3412 4147 3544 4217 πρὸς
3568 4148 3712 4216 ἡμᾶς

2140 4235 2396 4303 ὁμοίωσιν
2438 4236 2538 4287 οὐκ
2561 4236 2857 4306 ἀτιμάσας’
2903 4239 2963 4290 οὐ
2998 4238 3106 4309 γὰρ
3136 4234 3204 4309 ἦν
3237 4240 3439 4310 ἑτέρως
3483 4242 3711 4311 τιμῆσαι

2139 4325 2200 4377 τὸ
2233 4324 2435 4387 δοῦλον,
2467 4327 2513 4378 εἰ
2545 4327 2617 4396 μὴ
2658 4328 2878 4395 γέγονεν
2911 4331 3075 4382 αὐτοῦ
3115 4331 3173 4383 τὸ
3207 4330 3589 4403 δουλοπρεπὲς,
3624 4334 3711 4386 ἵνα

2142 4417 2234 4467 καὶ
2271 4419 2336 4487 τῇ
2382 4417 2511 4487 παρ’
2539 4418 2703 4471 αὑτοῦ
2756 4420 3264 4492 καταλαμπρύνοιτο
3297 4424 3441 4494 δόξῃ,
3488 4428 3611 4497 νικᾷ
3658 4426 3715 4479 δὲ

476 4507 644 4573 ipsius
690 4506 893 4559 factum
940 4504 1153 4571 fuisset,
1193 4516 1250 4559 ut
1295 4517 1351 4562 et
1384 4510 1553 4577 ipsius
1599 4512 1765 4581 gloria
1800 4515 2034 4569 illustra-

2142 4508 2202 4561 τὸ
2230 4504 2462 4580 προῦχον
2494 4510 2599 4573 ἀεὶ,
2645 4512 2737 4564 καὶ
2783 4511 2841 4564 τὸ
2883 4514 2948 4565 ὲκ
2979 4514 3075 4582 τῆς
3122 4514 3362 4579 δουλείας
3403 4514 3590 4587 αἶσχος
3631 4517 3715 4588 ἐφ’

474 4606 639 4649 retur.
674 4594 850 4649 Vincit
876 4597 1019 4649 enim
1050 4611 1264 4665 semper
1294 4599 1345 4652 id
1376 4602 1517 4668 quod
1555 4607 1901 4670 prmstantius
1926 4616 2029 4671 est,

473 4700 528 4741 ct
557 4687 829 4751 turpitudo
859 4701 922 4739 ex
952 4689 1216 4742 servitute
1262 4698 1381 4743 orta
1433 4692 1485 4745 in
1524 4695 1678 4748 nobis
1706 4695 1904 4749 abolita
1934 4708 2037 4752 est.

468 4776 669 4834 Factus
705 4794 848 4832 θηται
879 4780 1049 4832 nostri
1079 4781 1294 4845 similis,
1347 4781 1436 4847 qui
1472 4785 1627 4838 nobis
1657 4788 1905 4854 superior
1934 4800 2039 4853 est,

474 4880 527 4924 et
552 4869 800 4922 servilem
832 4869 1197 4924 conditionem
1230 4872 1398 4925 subiit
1429 4875 1521 4941 qui
1550 4887 1736 4930 natura
1771 4880 2035 4934 estliber.

476 4959 681 5014 Idcirco
712 4961 872 5013 etiam
907 4962 959 5013 in
1003 4976 1102 5016 nos
1126 4964 1361 5030 dignitas
1387 4978 1681 5037 propagata
1712 4979 1816 5022 est.
1857 4970 2039 5026 Vocati

475 5054 617 5106 enim
655 5068 843 5108 sumus
864 5064 919 5107 et
946 5068 1047 5109 nos
1072 5055 1167 5108 lilii
1201 5054 1321 5120 Dei,
1348 5067 1402 5109 et
1431 5057 1645 5112 Patrem
1678 5063 1833 5116 nobis
1866 5064 2039 5116 vindit

477 5145 739 5205 cavimus,
760 5146 848 5212 qui
868 5146 1216 5213 peculiariter
1232 5146 1399 5213 ipsius
1420 5148 1691 5203 est.Facta
1712 5152 1853 5204 enim
1876 5156 2038 5207 etiam

479 5236 644 5305 ipsius
680 5252 798 5304 quae
830 5237 1108 5290 hominum
1145 5238 1361 5307 propria
1414 5250 1587 5293 erant.
1651 5241 1883 5296 Proinde
1917 5260 2039 5297 cum

480 5327 707 5381 dicimus
738 5341 857 5380 eum
897 5326 1122 5381 formam
1168 5328 1309 5381 servi
1364 5332 1679 5399 accepisse,
1726 5335 2036 5388 universum

482 5418 532 5469 in
568 5431 629 5471 eo
663 5418 1147 5473 administrationis
1199 5420 1251 5472 in
1282 5434 1445 5473 carne
1496 5424 1815 5490 mysterium
1870 5427 2042 5477 conti-

480 5516 657 5559 netur.
701 5506 754 5559 S‘l
789 5522 915 5560 vero
945 5507 1137 5561 Filium
1170 5508 1504 5576 proﬁtentes,
1539 5526 1704 5563 unum
1760 5522 1814 5565 et
1859 5510 2041 5565 Domi-

481 5612 627 5662 num,
665 5594 891 5651 Verbum
917 5612 981 5651 ex
1018 5597 1125 5652 Deo
1172 5596 1353 5664 Patre,
1420 5600 1687 5653 hominem
1730 5600 2045 5669 simpliciter

2143 4602 2301 4671 ἡμῶν
2350 4604 2660 4671 ἠφανίζετο.
2718 4603 2855 4656 Καθ’
2898 4608 3043 4675 ἡμᾶς
3096 4606 3204 4678 γὰρ
3252 4607 3474 4676 γέγονεν
3518 4612 3545 4662 ό
3579 4611 3715 4682 ὑπὲρ

2144 4691 2312 4759 ἡμᾶς,
2346 4691 2439 4743 καὶ
2464 4686 2530 4761 ἦν
2559 4694 2615 4744 ὲν
2655 4692 2871 4764 μέτροις
2904 4697 3017 4757 τοῖς
3045 4697 3337 4761 οἰκετικοίς
3374 4701 3402 4751 ό
3434 4698 3713 4771 ἐλεύθερος

2148 4780 2327 4848 φύσει.
2361 4780 2627 4852 Ταύτῃ-τοι
2662 4782 2946 4854 κεχώρηκε
2977 4786 3070 4839 καὶ
3102 4789 3182 4849 εἰς
3208 4790 3359 4857 ἡμᾶς
3393 4791 3452 4841 τὸ
3477 4789 3714 4859 ἀξίωμα.

2148 4872 2483 4941 Κεκλήμεθσ.
2506 4874 2606 4944 γὰρ
2642 4874 2734 4927 καὶ
2761 4877 2923 4945 ἡμεῖς
2957 4877 3061 4929 υἱοὶ
3097 4877 3254 4942 Θεοῦ,
3284 4879 3721 4951 έπεγραψάμεθά

2146 4980 2204 5015 τε
2234 4966 2451 5033 Πατέρα
2490 4965 2580 5017 τὸν
2623 4965 2805 5029 ἰδικῶς
2836 4966 3021 5023 αὐτοῦ.
3068 4969 3261 5036 Γέγονε
3289 4970 3397 5040 γὰρ
3424 4972 3517 5023 καὶ
3552 4969 3717 5024 αὑτοῦ

2147 5056 2214 5108 τὰ
2244 5056 2572 5125 ἀνθρώπινα.
2609 5059 2815 5112 Οὐκοῦν
2844 5062 2899 5111 ὲν
2942 5060 3019 5131 τῷ
3057 5061 3307 5126 λέγεσθαι
3338 5062 3523 5117 λαϐεῖν
3555 5064 3720 5117 αὑτὸν

2146 5145 2242 5215 τὴν
2285 5146 2468 5198 δούλου
2523 5150 2752 5218 μορφὴν,
2798 5151 2917 5204 ὅλον
2963 5152 3078 5204 ἐστὶ
3120 5153 3220 5222 τῆς
3269 5156 3576 5224 οἰκονομίας
3617 5151 3717 5224 τῆς

2153 5236 2289 5305 μετὰ
2322 5236 2520 5306 σαρκὸς
2548 5241 2608 5290 τὸ
2643 5242 2960 5310 μυστήριον.
2997 5243 3057 5293 Εἰ
3086 5242 3141 5295 δὲ
3180 5243 3303 5297 Υἰὸν
3332 5243 3715 5314 ὁμολογοῦντες

2148 5328 2243 5380 ἕνα
2278 5329 2372 5380 καὶ
2405 5330 2625 5394 Κύριον,
2662 5332 2753 5386 τὸν
2786 5334 2849 5384 ἐκ
2890 5334 3022 5385 Θεοῦ
3062 5336 3269 5406 Πατρὸς
3298 5339 3487 5402 Λόγον,
3528 5352 3711 5389 κοινω-

2148 5421 2237 5472 νὸν
2269 5421 2416 5489 αὐτῷ
2446 5422 2544 5489 τῆς
2579 5424 2841 5499 υἱότητος,
2883 5426 2975 5477 καὶ
3008 5426 3187 5495 μέντοι
3214 5429 3309 5495 τῆς
3331 5428 3486 5497 δόξης
3511 5428 3711 5499 ἀνθρωι

2153 5530 2250 5564 πον
2293 5511 2477 5575 ἁπλῶς
2528 5515 2794 5584 συνῆφθαί
2844 5534 2974 5584 φασι
3023 5519 3112 5571 τὸν
3158 5521 3219 5571 ὲκ
3272 5522 3581 5589 σπέρματος
3624 5519 3714 5572 τοῦ

2153 5601 2333 5668 Δαϐὶδ,
2372 5601 2488 5674 ὥρα
2518 5603 2695 5671 λέγειν
2724 5608 2868 5675 ἡμᾶς
2898 5611 3009 5672 τοῖς
3036 5603 3135 5662 ὧδε
3162 5614 3375 5679 φρονεῖν
3401 5610 3714 5680 ᾑρημένοις,

550 5773 595 5804 ὀ
626 5772 824 5831 Jerem.
856 5791 916 5839 u,
951 5775 1006 5829 2.
1082 5777 1125 5807 ¹¹
1150 5775 1377 5843 ΡΙιὶΙτέῚδ.
1413 5794 1470 5841 II,
1507 5778 1558 5834 7.
1637 5780 1680 5811 θ’
1718 5778 1905 5833 Matth.
1935 5795 2065 5843 xvn,
2098 5780 2185 5836 25.
