4036 6336
526 431 664 491 ηθδ
1548 429 1605 485 S.
1643 428 1919 486 CYRILLI
1962 430 2120 487 ALE}

2197 429 2433 486 NDNNI
2472 428 2797 490 ARCHIEP.
3645 435 3790 492 {29G

524 564 675 607 stens
740 550 1028 619 srparatim
1064 549 1249 604 Filius
1296 560 1349 605 et
1385 550 1648 606 ‘Cltristus
1703 563 1759 608 et
1805 551 2093 619 Dominus,

2196 554 2273 607 ὣν
2298 555 2497 618 -ιδικῶς
2550 555 2674 617 Υἱὸς
2705 555 2798 607 καὶ
2823 553 3054 625 Χριστὸς
3099 554 3191 606 καὶ
3224 553 3445 624 Κύριος,
3486 557 3642 625 παρὰ
3688 556 3789 609 τὸν

523 652 718 712 praeter
746 641 892 694 Illum
935 642 1025 710 qui
1066 656 1193 696 vere
1223 651 1278 695 et
1319 643 1612 697 secundum
1656 651 1937 709 naturam,
1966 643 2093 699 hinc

2198 643 2371 712 ἀληθῆ
2405 660 2464 696 τε
2496 644 2589 699 καὶ
2632 644 2769 697 κατὰ
2797 643 2980 713 φύσιν,
3026 644 3185 696 νοοῖτ*
3219 644 3286 697 ειν
3332 643 3602 698 ἐντεῦθεν.
3648 641 3787 699 Εἶτα

526 735 871 805 intelligatur.
913 733 1181 789 Praeterea
1209 734 1349 789 aliud
1378 734 1543 789 etiam
1577 734 1869 790 absurdum
1901 748 2094 791 conse-

2199 732 2334 800 πρὸς
2378 730 2575 801 τούτῳ,
2604 733 2700 785 καὶ
2728 731 2913 803 ἔτερόν
2950 748 3003 783 τι
3041 730 3149 783 τῶν
3181 731 3480 801 ἀμηχάνων
3509 734 3785 805 εἰσκρινο-

522 829 727 899 quitur,
758 826 1032 896 metisque
1057 825 1560 881 ratiocinationibus
1578 839 1913 896 repugnans.

2197 840 2306 887 ται,
2338 824 2433 877 καὶ
2458 827 2569 889 τοῖς
2590 827 2671 889 εἰς
2700 825 2968 897 ὀρθότητα
2994 825 3275 898 λογισμοῖς
3304 830 3405 883 οῦκ
3436 830 3786 896 ἀπεοικότως

2196 914 2671 986 ἀντανιστάμενον.

592 1005 653 1060 Β.
695 1002 1009 1071 Quidnam?

2269 1006 2329 1060 Β.
2368 1007 2441 1061 Tb
2470 1009 2621 1062 ποῖόν
2646 1028 2697 1063 τι
2732 1012 2873 1082 φής;

592 1095 657 1151 Α.
702 1092 1143 1164 Sapientissimus
1184 1088 1429 1145 Joannes
1487 1088 1556 1146 de
1604 1089 1821 1146 Christo
1867 1088 2088 1158 inquit:

2267 1098 2332 1153 Α.
2386 1099 2444 1153 '0
2493 1100 2768 1171 πάνσοφος
2822 1100 3077 1172 Ἰωάννης
3120 1103 3248 1173 περὶ
3300 1103 3536 1175 Χριστοῦ
3588 1123 3784 1176 φησιν·

528 1205 547 1239 ι
582 1185 638 1240 In
690 1185 904 1257 propria
950 1184 1131 1249 venit,
1182 1192 1239 1237 et
1289 1180 1375 1237 sui
1418 1195 1542 1236 eum
1592 1194 1699 1236 non
1749 1187 2089 1250 receperunt.

2200 1208 2221 1243 ι
2262 1191 2358 1256 Εἰς
2377 1192 2445 1246 τὰ
2476 1192 2585 1247 ῖδια
2610 1189 2766 1265 ἦλθε,
2794 1194 2891 1247 καὶ
2919 1195 2970 1247 οῖ
3001 1194 3122 1248 ῑδιοι
3146 1195 3308 1250 αὐτὸν
3345 1197 3408 1249 οὐ
3441 1198 3781 1270 παρέλαϐον.

524 1280 799 1347 Quotquot
832 1285 1010 1331 autem
1046 1283 1367 1346 receperunt
1391 1286 1536 1339 eum,
1565 1272 1714 1328 dedit
1740 1272 1822 1327 eis
1853 1280 2092 1341 potesta-

2196 1282 2353 1336 Ὅσοι
2380 1282 2437 1338 δὲ
2466 1283 2658 1338 ἔλαϐον
2682 1283 2867 1351 αὑτὸν,
2902 1284 3102 1339 ἔδωκεν
3121 1286 3309 1350 αὐτοῖς
3337 1287 3586 1352 ἐξουσίαν
3605 1290 3785 1342 τέκνα

524 1380 627 1425 tem
659 1369 801 1423 illios
848 1366 941 1421 Dei
976 1366 1091 1421 ileri
1124 1364 1165 1418 ³.
1211 1382 1231 1417 ι
1263 1362 1366 1429 Qui
1406 1377 1536 1434 ergo
1562 1377 1657 1431 per
1690 1361 1919 1432 gratiam
1957 1361 2094 1416 tilia.

2194 1375 2328 1430 Θεοῦ
2386 1376 2662 1445 γενέσθαι.
2695 1396 2715 1430 ι
2751 1372 2881 1449 Ἀρ*
2924 1372 3019 1431 οὖν
3055 1380 3085 1432 6
3134 1379 3319 1451 χάριτι
3354 1379 3454 1451 τὴν
3502 1379 3785 1434 υἱοθεσίαν

522 1464 721 1517 tionem
781 1468 1105 1515 consecutus
1156 1464 1276 1523 est,
1327 1463 1382 1511 et
1436 1454 1725 1511 ascititiam
1781 1453 2093 1523 dignitatem

2194 1466 2364 1537 ἔχων,
2414 1471 2509 1522 καὶ
2554 1468 2969 1541 εὶσκεκριμένον
3015 1469 3158 1524 ἑλεῖν
3202 1470 3422 1541 ἀξίωμα
3472 1472 3532 1526 τὸ
3564 1468 3707 1525 εἶναι
3752 1473 3785 1525 ὃ

522 1553 864 1621 υάενιυειεει
910 1562 1033 1603 esse
1067 1546 1121 1602 id
1168 1546 1313 1617 quod
1364 1553 1467 1612 est,
1516 1544 1774 1615 largietur
1797 1542 1917 1596 aliis
1949 1542 2093 1611 quod

2194 1562 2332 1628 ἐστι,
2369 1562 2644 1633 χαρίσαιτ*
2679 1563 2747 1617 ἂν
2796 1563 2891 1617 καὶ
2921 1563 3130 1636 ἑτέροις
3160 1564 3189 1618 6
3215 1565 3561 1636 πεπλούτηκε
3597 1565 3774 1636 μόλις.

526 1642 640 1711 ipse
676 1655 817 1711 aegre
846 1650 1038 1696 nactus
1086 1647 1188 1695 est.
1221 1640 1413 1692 Annon
1463 1635 1555 1691 tibi
1605 1635 1657 1691 id
1691 1634 2091 1691 dissentaneum

1779 1642 2091 1690 sentaneum
2195 1653 2309 1707 Οὐκ
2330 1653 2593 1709 ἀπίθανον
2616 1650 2755 1710 εἷναί
2788 1672 2871 1709 σοι
2894 1655 2957 1710 rb
2976 1634 3165 1729 χρῆμα
3191 1657 3373 1725 δοκεῖς

521 1747 649 1787 vero
686 1730 965 1786 videatur?

590 1824 650 1880 Β.
682 1824 935 1880 Omnino.
2123 1897 2161 1905 _

2123 1897 2161 1905 _
2266 1836 2327 1888 Β.
2360 1834 2471 1888 Καὶ
2502 1834 2670 1905 μάλα.

586 1918 652 1972 Α.
689 1916 843 1985 Quod
870 1930 997 1972 vero
1050 1929 1155 1971 non
1209 1912 1526 1969 naturaliter
1569 1910 1729 1977 inest,
1772 1915 1867 1967 sed
1915 1911 2091 1981 potius
2123 1897 2167 1958 Β

2267 1928 2330 1980 Α.
2368 1927 2441 1980 Τὸ
2550 1928 2625 1999 μὴ
2663 1927 2821 1996 φύσει
2852 1926 3077 1998 προσὸν,
3104 1927 3303 1996 ἔξωθεν
3337 1932 3397 1985 δέ
3421 1931 3619 2003 μᾶλλον
3665 1933 3780 1985 εῖσ-

522 2012 874 2068 adventitium
900 2019 1002 2076 est,
1054 2022 1231 2065 nonne
1262 2006 1425 2063 etiam
1466 2003 1585 2061 ﬁeri
1619 2011 1795 2075 potest
1827 2012 1884 2058 ut
1936 2004 2095 2058 amit-

2198 2017 2578 2088 πεποιημένον
2600 2058 2615 2083 ,
2646 2019 2747 2072 οὐκ
2771 2018 3082 2090 ἀπόϐλητον
3110 2018 3309 2088 γένοιτ’
3338 2021 3426 2089 ἂν,
3458 2024 3599 2078 κατά
3630 2040 3694 2092 γε
3716 2024 3780 2078 τὸ

523 2106 704 2162 tatur?
2194 2108 2472 2179 ἐγχωροῦν
2488 2126 2503 2174 ;

590 2197 651 2251 Β.
692 2194 924 2264 Quidni?

2267 2201 2326 2252 Β.
2360 2200 2483 2262 Πῶς
2508 2201 2614 2273 γὰρ
2645 2200 2734 2267 οὓς

590 2295 656 2346 Α.
698 2289 843 2343 Fieri
872 2290 1052 2357 itaque
1074 2285 1275 2356 poterit
1296 2293 1356 2339 ut
1376 2291 1431 2339 et
1455 2282 1625 2338 Filius
1647 2278 1935 2349 aliquando
1961 2275 2092 2329 lilia-

2266 2287 2329 2341 A.
2366 2289 2575 2342 Οὐκοῦν
2633 2291 2718 2361 εἴη
2767 2292 2834 2347 ἂν
2876 2293 2986 2346 τῶν
3022 2294 3387 2365 ἐνδεχομένων
3434 2296 3530 2348 καὶ
3586 2298 3781 2352 ἀπολι-

522 2383 665 2437 tione
714 2395 811 2435 sua
862 2378 1099 2433 excidat.
1157 2374 1345 2446 Neque
1402 2374 1549 2429 enim
1596 2381 1751 2428 extra
1810 2366 2088 2424 amittendi

2194 2382 2341 2435 σθεῖν
2369 2399 2501 2435 ποτε
2547 2383 2805 2438 δύνασθαι
2843 2388 2945 2455 τῆς
2987 2387 3231 2459 υῖότητος
3269 2389 3361 2441 τὸν
3387 2388 3532 2442 Υῖόν.
3560 2392 3635 2443 Οὐ
3667 2393 3780 2461 γὰρ

519 2473 688 2529 aleam
722 2472 955 2544 positum
983 2478 1065 2525 est
1092 2467 1233 2538 quod
1264 2477 1453 2522 natura
1483 2464 1779 2528 stabilitum
1829 2475 1933 2515 nou
1985 2467 2086 2513 est.

2192 2473 2504 2527 ἀνύποπτον
2549 2475 2627 2537 εἰς
2666 2476 2959 2548 ἀποϐολὴν.
2999 2476 3028 2531 ὃ
3060 2479 3135 2549 μὴ
3177 2484 3428 2549 φυσικοῖς
3458 2482 3778 2553 ἐρήρεισται

2194 2565 2401 2635 νόμοις.

587 2649 649 2703 Β.
692 2650 771 2702 Ita
792 2646 1026 2701 videtur.

2265 2654 2325 2709 B.
2355 2651 2483 2709 Ὧδε
2524 2656 2659 2727 ἔχει.

586 2743 652 2796 Α.
698 2740 803 2795 Sed
831 2749 885 2794 et
912 2738 1015 2792 alia
1047 2735 1254 2791 ratione
1282 2733 1510 2805 perspici
1536 2740 1714 2804 potest
1744 2740 1947 2803 quanta
1977 2740 2090 2785 tur-

2262 2749 2326 2802 Δ.
2358 2750 2470 2801 Καὶ
2499 2751 2621 2804 καθ’
2652 2751 2838 2821 ἕτερον
2890 2752 2948 2805 δέ
2991 2754 3193 2824 τρόπον
3228 2756 3542 2827 καταοεῷτό
3574 2776 3658 2822 τις
3686 2760 3777 2822 ἂν,

517 2828 759 2906 ρίιυάίιίο
790 2830 1231 2898 absurditateque
1261 2827 1472 2881 illorum
1498 2825 1741 2881 doctrina
1770 2825 1839 2880 sit
1863 2824 2086 2879 referta.

2189 2838 2265 2900 ὡς
2298 2839 2534 2904 ἀκαλλὲς
2582 2843 2639 2895 τέ
2680 2844 2818 2907 ἐστι,
2855 2845 2952 2898 καὶ
2998 2846 3099 2915 τῆς
3140 2848 3402 2902 ἀνωτάτω
3452 2824 3781 2915 δυσϐουλίας

515 2925 649 2981 Nam
679 2927 724 2980 si
749 2936 934 2979 verum
975 2932 1079 2986 est,
1108 2918 1161 2973 id
1190 2917 1335 2986 quod
1385 2931 1481 2986 per
1516 2915 1856 2985 adoptionem
1882 2924 1937 2969 et
1964 2928 2088 3012 gra-

2192 2933 2485 3003 ἐπῐμεστον
2522 2934 2737 3005 ἀληθῶς
2781 2935 2841 2988 τὸ
2889 2936 3065 3007 δόγμα
3113 2938 3315 3002 αὐτοῖς.
3354 2941 3418 2994 Ei
3463 2942 3571 3012 γάρ
3625 2944 3781 2997 ἐστιν

517 3022 647 3074 tiam
672 3027 756 3073 est
810 3012 1218 3070 similitudinem
1257 3007 1464 3065 referre
1494 3007 1613 3078 ejus
1644 3006 1785 3078 quod
1827 3004 2091 3061 naturali-

2191 3024 2409 3094 ἀληθὲς,
2434 3025 2509 3089 ὡς
2534 3026 2593 3079 τὸ
2614 3004 2772 3081 ίκατά
2795 3027 2943 3081 θέσιν
2972 3004 3066 3083 έαι
3099 3031 3261 3101 χάριν
3290 3033 3377 3086 ἀει
3402 3004 3519 3099 ms;
3539 3004 3696 3089 ἐστιν
3719 3040 3777 3090 ἐν

519 3125 601 3168 ter
631 3124 696 3165 ac
730 3122 855 3164 vere
885 3116 967 3161 est
995 3124 1009 3160 :
1039 3118 1145 3174 quo
1175 3111 1332 3172 pacto
1363 3101 1535 3157 simus
1575 3113 1674 3155 nos
1714 3113 1811 3169 per
1848 3096 2091 3166 adoptio—

2190 3116 2449 3186 ὁμοιώσει
2493 3118 2588 3171 τοῦ
2620 3120 2761 3173 κατὰ
2806 3121 2970 3191 φύσιν
3000 3096 3423 3195 καῖ-ἀλήθειαν,
3452 3096 3569 3189 at};
3615 3130 3780 3199 ἡμεῖς

516 3220 637 3261 nem
674 3202 791 3267 ﬁlii,
824 3198 1138 3255 relationem
1188 3194 1258 3248 ad
1303 3194 1481 3262 ipsum
1532 3191 1796 3247 habentes
1850 3201 1907 3244 ut
1963 3201 2089 3244 vere

2190 3208 2331 3299 sta-rd
2358 3208 2505 3299 Θέσιν
2540 3210 2665 3273 υἱοὶ,
2710 3212 2846 3281 πρὸς
2874 3213 3036 3267 αὐτὸν
3087 3191 3300 3287 ἔχοντες
3349 3191 3448 3289 τὴν
3492 3191 3779 3291 ἀναφορὰν

516 3297 743 3361 Filium,
799 3293 845 3348 si
899 3292 1065 3347 etiam
1114 3290 1227 3359 ipse
1286 3285 1565 3341 nobiscum
1615 3284 1757 3339 inter
1798 3281 2088 3351 adoptitios

2193 3295 2269 3360 ὡς
2302 3298 2437 3367 πρὸς
2464 3298 2592 3353 Υἱδν
2618 3298 2854 3371 ἀληθῶς,
2881 3304 2929 3356 εξ
2957 3304 3048 3357 καὶ
3068 3281 3231 3369 αυτὸς
3261 3308 3380 3376 μεθ’
3402 3281 3559 3380 ημῶν
3587 3281 3645 3364 ἐν
3667 3281 3781 3375 τοῖς

515 3386 808 3442 censetur?
836 3399 944 3454 quo
998 3390 1156 3451 pacto
1198 3390 1377 3433 autem
1438 3377 1493 3431 in
1547 3373 1877 3443 evangelicis
1914 3386 2087 3443 para-

2197 3387 2338 3441 κατά
2371 3390 2532 3459 χάριν
2579 3392 2727 3451 ἒστίξ
2759 3393 2875 3455 πῶς
2921 3393 2977 3447 δέ
3010 3395 3102 3448 καὶ
3130 3397 3187 3449 ἐν
3229 3373 3352 3459 ταῖς
3393 3373 3780 3468 εδαγγελικαῖς

516 3480 654 3536 bolis
707 3486 964 3546 tanquam
1002 3472 1146 3527 illius
1205 3469 1435 3523 mittitur
1487 3476 1610 3537 post
1656 3464 1883 3522 servos?
1924 3478 2087 3534 quem

2197 3480 2557 3551 παραϐολαῖς,
2590 3484 2666 3547 ὼς
2700 3485 2812 3550 υίὸς
2853 3487 3127 3557 πέμπεται
3174 3493 3314 3560 μετὰ
3348 3493 3475 3555 τοὺς
3507 3464 3777 3561 *οἰκέταςξ

515 3584 637 3626 cum
692 3567 1034 3635 aspexissent
1067 3569 1348 3617 curatores
1392 3558 1586 3619 vineae,
1612 3556 1867 3610 dixerunt
1896 3572 1909 3606 :
1945 3574 1963 3606 ι
1991 3554 2088 3609 Hic

2194 3571 2254 3624 6v
2282 3573 2586 3643 ἑωρακότες
2613 3575 2664 3627 οἱ
2704 3574 2798 3629 τοῦ
2835 3554 3511 3648 ἀμπελῶνος-μελεὼνοῖ·
3553 3604 3571 3635 ι
3609 3554 3779 3648 Οὗτός

515 3671 597 3716 est
643 3660 837 3720 haeres,
878 3654 1083 3718 venite,
1130 3648 1518 3705 interﬁciamus
1561 3645 1746 3700 eum‘.
1775 3664 1794 3697 ι
1837 3644 1932 3699 Est
1984 3645 2086 3715 igi-

2195 3662 2345 3715 ἐστιν
2390 3665 2417 3717 6
2465 3664 2822 3737 κληρονόμος·
2854 3644 3030 3735 δεῦτε,
3072 3644 3487 3744 ἀποιιτείνωμεν
3539 3644 3773 3730 ain-6m;

516 3762 608 3807 tur
662 3751 710 3805 is
764 3748 853 3819 qui
908 3746 960 3800 in
1004 3754 1171 3798 carne
1236 3737 1399 3809 739
1452 3737 1720 3807 apparuit,
1766 3745 1821 3791 et
1871 3734 2088 3792 Iudaeo-

2200 3753 2354 3807 Ἐστι
2388 3734 2619 3810 τοίνυννό
2652 3734 2713 3811 ἐν
2741 3760 2907 3829 σαρκὶ
2934 3760 3212 3831 πεφηνὼς,
3245 3764 3339 3817 καὶ
3369 3734 3467 3833 τῆς
3508 3766 3780 3821 Ἰουδαίων

520 3859 638 3900 runt
688 3841 946 3897 saevitiam
998 3841 1256 3905 expertus
1305 3841 1412 3899 est,
1462 3845 1590 3885 vere
1613 3830 1783 3888 Filius
1819 3839 1874 3885 et
1918 3829 2084 3895 liber,

2198 3840 2516 3911 σκαιότητος
2544 3845 2623 3907 εις
2645 3847 2839 3916 πεῖραν
2867 3829 3219 3917 exeamus;
3249 3829 3483 3924 ἀληθῶς,
3513 3857 3606 3910 καὶ
3628 3857 3780 3912 ἐλεύ-

517 3944 702 4006 utpote
751 3949 816 3988 ex
868 3931 1039 3985 libera
1095 3936 1286 3980 natura
1314 3923 1544 3993 genitus,
1570 3929 1625 3975 et
1669 3936 1775 3976 non
1808 3936 1874 3976 ex
1902 3921 1967 3976 iis
1996 3920 2087 3990 qui

2198 3930 2375 4003 θερος,
2510 3935 2726 4005 φύσεως
2767 3938 3007 4010 δηλονότι
3047 3945 3148 4015 τῆς
3199 3920 3490 4015 ἐλευθέρας
3537 3948 3778 4017 ἐκπεφυ-

517 4030 618 4084 sub
646 4027 775 4095 iugo
801 4032 949 4086 sunt,
981 4029 1251 4089 quatenus
1286 4022 1540 4069 censetur
1572 4011 1735 4079 Deus,
1761 4012 1971 4067 tametsi
2007 4011 2088 4065 fa-

2196 4025 2326 4091 κὼς,
2372 4028 2467 4082 καὶ
2511 4029 2611 4082 οὐκ
2645 4029 2702 4084 ἐν
2749 4047 2813 4099 γε
2862 4036 2975 4097 τοῖς
3018 4011 3123 4087 ὑπο
3172 4035 3359 4106 ζυγὸν,
3392 4011 3527 4092 άαοδ
3572 4011 3778 4095 νοεῖται

517 4129 638 4175 ctus
668 4117 736 4172 sit
762 4112 953 4169 similis
982 4110 1137 4165 nobis
1161 4108 1252 4178 qui
1286 4107 1384 4162 sub
1415 4107 1543 4177 jugo
1580 4118 1893 4170 versamur;
1946 4102 2089 4157 illius

2195 4115 2347 4181 Θεὸς,
2388 4120 2481 4172 καὶ
2515 4122 2563 4174 si
2598 4122 2787 4191 γέγονε
2818 4123 2942 4178 καθ’
2976 4126 3123 4197 ἡμᾶς
3152 4102 3278 4193 τοὺς
3300 4129 3405 4183 ὑπὸ
3438 4131 3623 4199 ζυγὸν,
3649 4133 3775 4187 δου-

518 4208 794 4266 servitutis
818 4204 907 4275 qui
935 4211 1125 4257 natura
1148 4214 1211 4255 ac
1240 4212 1368 4254 vere
1400 4196 1570 4252 Filius
1594 4203 1699 4260 est,
1720 4195 1916 4264 quique
1933 4202 2085 4249 extra

2194 4210 2342 4276 λείας
2377 4214 2510 4277 υἱὸς,
2540 4215 2568 4267 ὁ
2598 4215 2745 4280 Υἱὸς,
2777 4217 2853 4280 ὡς
2881 4195 3037 4289 ἔφην.
3072 4219 3233 4289 φύσει
3268 4239 3328 4274 τε
3359 4224 3453 4276 καὶ
3483 4195 3723 4295 ὰληόῶς,
3749 4230 3778 4279 6

518 4316 678 4356 omne
703 4303 885 4369 jugum
917 4293 1064 4349 omni
1103 4299 1351 4346 creatura
1386 4289 1634 4359 superior
1672 4295 1791 4341 est:
1823 4286 1890 4340 ad
1926 4301 2084 4355 quem

2196 4304 2339 4374 πέρα
2365 4304 2533 4373 ζυγοῦ
2568 4306 2663 4359 καὶ
2692 4308 2831 4379 ὑπὲρ
2862 4286 3170 4382 την-κτίσιν
3190 4328 3205 4341 ·
3235 4315 3373 4383 πρὸς
3400 4315 3459 4367 ὃν
3489 4286 3586 4370 καί
3611 4286 3776 4387 ἡμεῖς

520 4409 616 4449 nos
650 4408 744 4461 per
772 4388 1114 4458 adoptionem
1140 4394 1193 4439 et
1221 4382 1447 4454 gratiam
1480 4380 1571 4435 ﬁlii
1601 4378 1815 4435 formati
1841 4393 2047 4433 sumus.

1904 4393 2047 4476 Ellis-
2194 4398 2242 4449 oi
2268 4396 2405 4450 κατὰ
2438 4397 2586 4450 Θὲσιν
2610 4400 2705 4451 καὶ
2740 4378 3038 4473 χάριν-υἱοὶ
3070 4378 3498 4476 μεμορῷὡμεθα.

591 4484 650 4535 Β.
692 4480 805 4536 Non
839 4480 1089 4540 dicimus,
1128 4474 1398 4543 inquiunt,
1428 4471 1700 4527 hominem
1736 4484 1857 4525 esse
1892 4467 2087 4524 Filium

2264 4488 2325 4541 Β.
2368 4488 2443 4541 Οὐ
2495 4467 2947 4561 λέγομενξλρασὶ,
3001 4467 3092 4548 τὸν
3130 4467 3440 4567 ave-pinnae»),
3473 4499 3600 4551 Υξὸν
3634 4494 3773 4554 εἶναι

523 4576 637 4639 Dei,
670 4586 735 4627 ne
772 4573 905 4627 duos
939 4578 1132 4623 natura
1184 4567 1323 4620 ﬁlios
1372 4574 1692 4619 statuamus.
1730 4561 2091 4627 Quemadmo-

2192 4576 2285 4629 τοῦ
2316 4575 2475 4645 Θεοῦ,
2522 4580 2608 4631 ἶνα
2646 4580 2723 4652 μὴ
2756 4581 2849 4635 δύο
2884 4582 3045 4653 φύσει
3079 4585 3227 4650 υἱοὺς
3271 4589 3534 4658 εἴπωμεν.
3559 4589 3773 4662 Ὥσπερ

520 4668 645 4721 dum
694 4664 837 4718 enim
889 4660 1123 4716 Verbum
1170 4657 1310 4727 quod
1354 4671 1420 4709 ex
1463 4654 1617 4709 caalis
1651 4652 1934 4708 descendit
1982 4667 2089 4707 non

2193 4668 2302 4739 γὰρ
2324 4671 2353 4722 6
2391 4670 2451 4734 ἐξ
2481 4671 2725 4743 οὐρανῶν
2765 4652 3040 4730 κατελθὼν
3085 4678 3278 4746 Λόγος,
3315 4652 3428 4732 οὐχ’
3462 4680 3577 4735 ἔστι
3630 4652 3773 4737 κατα

521 4768 604 4811 est
632 4753 928 4811 secundum
983 4759 1235 4805 naturam
1279 4747 1419 4801 [ilius
1464 4744 1670 4799 David:
1720 4744 1793 4798 ita
1829 4758 2003 4813 neque
2047 4744 2093 4799 is

2194 4759 2357 4829 φύσιν
2392 4762 2507 4825 υἱὸς
2552 4763 2647 4816 τοῦ
2698 4766 2885 4831 Δαὸὶδ,
2930 4766 3103 4831 οὕτως
3136 4744 3258 4822 ουδὲ
3296 4771 3324 4822 6
3356 4773 3418 4823 ἐκ
3458 4772 3773 4845 σπέρματος

521 4850 719 4918 quiest
754 4861 821 4901 ex
848 4842 1054 4899 semine
1105 4840 1273 4895 David
1318 4847 1401 4895 est
1444 4835 1611 4892 Filius
1658 4834 1751 4891 Dei
1793 4836 2089 4891 secundum

1890 4836 2089 4891 “Hdllm
2191 4852 2285 4905 τοῦ
2316 4854 2500 4920 Δασὶδ,
2542 4856 2667 4920 Υἱός
2704 4859 2820 4913 ἐστι
2851 4859 2992 4914 κατὰ
3020 4862 3182 4929 φύσιν
3208 4862 3306 4916 τοῦ
3329 4863 3484 4918 Θεοῦ.

523 4952 795 4996 naturam.

548 5089 554 5094 ,
590 5032 655 5085 Α.
696 5029 1008 5085 Βὶνὶάεηιιιέ
1038 5026 1223 5096 itaque
1253 5024 1305 5079 in
1351 5021 1485 5077 duos
1512 5021 1649 5077 ﬁlios
1671 5061 1686 5089 ,
1725 5030 1887 5091 atque
1930 5021 2091 5075 ambo

2263 5035 2327 5087 Α.
2370 5035 2829 5106 Διατετμήσονται
2855 5037 2918 5107 δὴ
2948 5033 3039 5092 οὖν
3060 5041 3139 5105 εἰς
3168 5041 3319 5104 υἱοὺς
3348 5040 3460 5107 δύο,
3485 5045 3579 5095 καὶ
3606 5046 3778 5115 ἄμφω

522 5124 659 5179 falso
714 5124 784 5178 ita
837 5119 1092 5191 appellari
1130 5114 1641 5187 deprchendemur?
1695 5112 1904 5168 Dixerit
1963 5127 2091 5167 vero

2194 5123 2536 5194 ψευδώνυμοι
2568 5129 3010 5199 καταφωραθεῖεν
3040 5130 3127 5198 ἄν;
3158 5132 3295 5201 Quir,
3318 5134 3362 5187 δ’
3381 5129 3657 5202 ambibat,
3693 5140 3771 5198 ei;

524 5218 715 5287 aliquis
749 5214 961 5268 inanem
994 5226 1059 5265 ac
1093 5224 1284 5264 vanam
1321 5207 1677 5278 imposturam
1721 5219 1840 5262 esse
1886 5203 2089 5262 Christi

2193 5216 2397 5268 εἰκαῖον
2454 5209 2590 5269 εἶναι
2636 5220 2989 5290 φενακισμὸν,
3049 5222 3106 5274 τὸ
3156 5223 3394 5294 Χριστοῦ
3450 5228 3770 5296 μυστήριον,

522 5308 857 5383 mysterium.
888 5306 934 5359 si
970 5307 1041 5358 ita
1076 5317 1135 5357 se
1164 5316 1249 5356 res
1270 5302 1433 5357 habet
1461 5310 1623 5369 atque
1652 5298 1806 5355 deliri
1850 5298 2089 5354 haeretici

2194 5307 2351 5376 εἰπερ
2379 5298 2483 5359 ὦδε
2519 5307 2631 5378 ἔχει
2663 5310 2803 5365 καθὰ
2839 5311 3134 5380 ληροῦντές
3163 5331 3331 5383 φασιν
3362 5317 3412 5369 oi
3446 5316 3764 5381 διεναντίας.

522 5402 728 5453 volunt.
776 5401 1031 5466 Quaenam
1075 5395 1238 5465 igitur
1283 5395 1388 5449 erit
1445 5394 1671 5449 unitas?
1720 5402 1813 5448 aut
1870 5409 1975 5463 qua
2023 5395 2089 5448 de

2196 5398 2304 5451 ιιοῦ
2331 5400 2622 5469 τοιγαροῦν
2644 5404 2676 5471 ἡ
2716 5403 2932 5468 ἓνωσις,
2964 5405 3058 5459 καὶ
3085 5405 3171 5474 ἐφ’
3193 5406 3301 5477 ὅτῳ
3334 5408 3645 5479 πεπρᾶχθαι
3670 5428 3770 5478 φα-

522 5508 681 5547 causa
704 5491 897 5546 iactam
918 5490 1063 5545 illam
1090 5486 1307 5544 dicent?
1324 5486 1632 5552 Quinetiam
1659 5485 1851 5540 falsum
1875 5502 2089 5557 quoque

2197 5490 2279 5542 σὶν
2307 5490 2512 5562 αὑτήν;
2552 5493 2619 5546 Ἦ
2650 5494 2792 5565 τάχα
2823 5513 2949 5561 που,
2978 5498 3071 5550 καὶ
3097 5497 3159 5551 τδ
3187 5499 3443 5567 γενέσθαι
3475 5503 3657 5571 σάρκα
3681 5503 3771 5556 τὸν

526 5578 705 5645 fuerit,
731 5580 873 5649 quod
903 5576 1078 5633 factus
1102 5577 1171 5632 sit
1194 5591 1348 5640 caro,
1372 5585 1427 5631 et
1455 5590 1913 5659 supervacaneum
1940 5592 2089 5631 com-

2194 5581 2389 5650 Λόγον,
2430 5584 2528 5636 οὐκ
2562 5584 2761 5657 ἀληθὲς
2791 5586 2849 5639 ὃν
2879 5588 3334 5656 ἐκφαίνεταιίκαὶ
3365 5592 3637 5661 περιττῶς
3664 5594 3774 5646 εἰσ-

526 5682 762 5728 mentum
791 5672 915 5740 erit,
952 5671 1132 5727 sinon
1172 5678 1397 5726 vocatus
1438 5670 1508 5724 sit
1552 5669 1696 5725 (ilius
1742 5667 1909 5725 David
1950 5668 2086 5727 Ver-

2268 5675 2615 5744 κομισμένον,
2639 5680 2686 5731 εἰ
2736 5680 2812 5751 μὴ
2864 5681 3271 5752 κεχρημάτικεν
3302 5683 3430 5746 Υἱὸς
3462 5681 3558 5737 τοῦ
3584 5682 3772 5750 Δαὸὶδ,
3860 5746 3862 5749 _

595 5838 614 5869 ³
638 5844 795 5905 Joau.
826 5860 862 5911 l,
900 5846 985 5912 Η,
1022 5845 1109 5900 η.
1185 5846 1205 5877 ⁸
1237 5845 1427 5901 Matth.
1468 5861 1576 5912 χιι,
1608 5844 1696 5899 38.
