4036 6336
289 455 427 512 {$07

1422 438 1612 507 QUOD
1657 439 1839 498 UNUS
1880 440 1986 496 SIT
2028 442 2396 505 CHRISTUS.

3438 449 3574 508 ιεθε

286 573 317 624 6
347 572 411 625 ix
448 566 585 625 Θεοῦ
615 565 828 639 [ἰατρὸς
855 565 1048 634 Λόγος,
1075 561 1166 617 διά
1186 562 1247 616 τὸ
1278 562 1343 616 ὲκ
1368 563 1683 634 σπέρματος
1713 561 1877 617 αὐτοῦ

1987 563 2110 619 bum
2141 582 2207 622 ex
2249 566 2359 623 Deo
2407 565 2589 623 Patre.
2634 566 2796 637 Atqui
2849 568 3157 623 censuerim
3199 567 3320 624 illos
3351 582 3382 623 a
3419 572 3576 627 nobis

288 663 543 733 γενέσθαι
567 660 710 714 κατά
739 658 839 729 τὴν
873 657 1073 729 σάρκα.
1102 654 1317 726 Χρῆναι
1344 654 1401 707 δὲ
1424 650 1581 724 οἶμαι
1612 655 1707 707 καὶ
1742 654 1881 725 πρὸς

292 756 448 827 ἡμῶν
482 753 703 808 ἀκούειν
750 750 980 813 αὐτοὺς,
1026 749 1087 801 τὸ
1136 749 1264 819 παρ’
1298 745 1465 801 αὐτοῦ
1514 744 1607 798 τοῦ
1641 745 1879 817 Χριστοῦ

296 851 402 911 τοῖς
430 846 696 900 Ἰουδαίων
729 843 1069 913 καθηγηταῖς
1096 840 1407 913 είρημένον’
1446 858 1463 891 ι
1488 839 1553 892 Τί
1584 840 1711 908 ὑμῖν
1736 837 1882 891 δοκεί

294 938 423 1010 περὶ
446 937 539 990 τοῦ
564 933 803 1006 Χριστοῦ
825 951 840 999 ;
867 934 1011 995 τίνος
1027 930 1140 995 υἱός
1168 934 1320 997 ἔστη
1346 949 1364 980 ›
1386 932 1507 985 Κᾶν
1532 932 1581 983 εί
1616 933 1773 999 φαῖεν
1797 931 1879 984 ὅτι

292 1030 382 1083 τοῦ
412 1028 597 1094 Δαᾶδ,
639 1025 964 1082 ἀκούσονται
998 1023 1136 1095 πρὸς
1176 1022 1355 1094 ἡμῶν·
1390 1041 1407 1073 ι
1431 1022 1557 1085 Πῶς
1588 1018 1681 1076 οῦν
1714 1022 1880 1077 Δασὶδ

289 1127 346 1176 ιν
380 1122 656 1192 Πνεύματι
687 1118 894 1192 Κύριον
939 1116 1104 1171 αὐτὸν
1140 1116 1314 1181 καλεῖ,
1364 1116 1561 1184 λέγων’
1599 1133 1617 1166 ι
1653 1110 1821 1168 Εἶπεν
1849 1115 1878 1168 6

286 1213 493 1285 Κύριος
522 1212 601 1282 τῷ
629 1210 822 1283 Κυρίῳ
855 1226 976 1282 μουο
1006 1208 1191 1271 Κάθου
1216 1211 1280 1262 ὲκ
1303 1208 1494 1275 δεξιῶν
1526 1226 1651 1281 μου,
1680 1209 1785 1273 ἕως
1812 1208 1879 1262 ἂν

288 1301 369 1353 θῶ
410 1302 539 1364 τοὺς
574 1298 805 1371 δχθρούς
855 1315 948 1351 σου
1006 1297 1305 1351 ὑποπόδιον
1348 1296 1460 1350 τῶν
1525 1296 1704 1351 ποδῶν
1746 1314 1874 1363 σου;

286 1395 349 1447 Ei
382 1390 477 1448 οῦν
505 1392 668 1447 Δασὶδ
701 1394 762 1446 ὲν
789 1390 1075 1461 Πνεύματι
1109 1391 1267 1445 καλεῖ
1296 1391 1460 1445 αὐτὸν
1495 1390 1721 1462 Κύριον,
1760 1391 1877 1456 πῶς

287 1485 415 1549 Υίδς
440 1483 603 1538 αὑτοῦ
624 1485 826 1547 ἔστινρ
855 1485 883 1537 6
914 1482 991 1555 μὴ
1021 1484 1162 1537 κατά
1185 1482 1346 1551 φύσιν
1377 1482 1471 1536 καὶ
1487 1482 1704 1554 ἀληθῶς
1725 1484 1872 1551 Υἱὸς,

285 1577 431 1631 καθά
464 1592 629 1646 φασιν
678 1576 729 1629 0i
762 1574 1067 1639 διεναντίας
1088 1615 1103 1639 ,
1140 1575 1453 1646 συνεδρεύει
1483 1592 1543 1629 τε
1588 1576 1667 1647 τῷ
1723 1576 1871 1647 Θεῷ,

284 1670 378 1721 καὶ
405 1668 721 1739 ὁμόθρονος,
754 1667 877 1720 εἰπέ
922 1684 1036 1738 μοι,
1066 1666 1146 1738 τῷ
1197 1668 1419 1722 πάντων
1454 1668 1748 1739 Ξιρατοῦντι
1790 1669 1876 1738 γί-

282 1776 469 1825 νεται;
528 1760 745 1823 Καίτοι,
806 1758 953 1813 καθά
1019 1774 1186 1828 φησιν
1235 1759 1264 1811 6
1312 1759 1587 1828 πάνσοφος
1638 1760 1871 1825 Παῦλος,

282 1852 460 1905 οὐδενὶ
528 1850 751 1904 πώποτε
820 1850 931 1904 τῶν
982 1849 1233 1920 ἀγγέλων
1290 1849 1514 1922 εἴρηκεν
1575 1853 1604 1905 6
1656 1852 1869 1924 Πατήρ

1986 655 2446 725 idipsunnaudire
2476 658 2697 723 debere,
2727 657 2871 728 quod
2913 656 3168 712 Christus
3198 659 3313 729 ipse
3360 657 3576 715 Jndco-

1985 762 2103 801 rum
2141 748 2477 817 principibus
2525 749 2707 805 dixit:
2766 767 2787 801 ι
2846 749 2986 816 Quid
3036 751 3192 805 vobis
3243 750 3459 805 videtur
3508 752 3577 807 de

1982 838 2245 893 Christo?
2278 840 2433 911 cujus
2470 840 2611 897 {ilius
2638 850 2724 898 est
2753 842 2821 896 'i
2861 860 2881 895 ι
2915 841 3069 910 Quod
3101 842 3147 899 si
3174 842 3436 905 dixerint,
3472 845 3577 899 Da-

1982 930 2143 994 vidis,
2193 930 2414 987 audient
2460 947 2489 987 a
2548 932 2749 989 nobis:
2803 952 2824 986 ι
2857 933 3139 1002 Quomodo
3192 935 3359 1005 igitur
3406 934 3577 991 David

1984 1021 2269 1077 Dominum
2320 1024 2496 1095 ipsum
2546 1024 2602 1080 in
2654 1024 2860 1097 Spiritu
2918 1036 3101 1093 vocat,
3150 1027 3384 1084 dicens:
3431 1027 3580 1083 Dixit

1981 1112 2247 1170 Dominus
2273 1112 2504 1170 Domino
2533 1130 2655 1172 meo
2687 1134 2701 1171 :
2734 1116 2875 1173 Sede
2906 1131 2938 1171 a
2966 1116 3174 1174 dextris
3208 1117 3365 1185 meis,
3397 1116 3577 1173 donec

1981 1221 2175 1276 ponam
2211 1206 2463 1263 inimicos
2492 1216 2613 1264 tuos
2634 1208 2934 1265 scabellum
2981 1210 3179 1281 pedum
3214 1210 3478 1267 tuorum?
3517 1210 3574 1265 Si

1978 1311 2110 1367 ergo
2136 1296 2301 1351 David
2334 1298 2387 1352 in
2421 1298 2625 1369 Spiritu
2655 1308 2815 1355 vocat
2849 1300 3026 1370 ipsum
3074 1300 3364 1357 Dominum
3387 1342 3403 1369 ,
3437 1317 3571 1373 quo.

1979 1388 2140 1442 modo
2164 1386 2304 1443 ﬁlius
2334 1388 2451 1457 ejus
2476 1398 2614 1455 est,o
2642 1390 2733 1461 qui
2762 1406 2870 1447 non
2893 1400 2977 1448 est
3006 1392 3332 1449 naturaliter
3348 1408 3413 1447 ac
3442 1408 3574 1449 vere

1980 1475 2150 1533 Filius
2186 1478 2227 1544 ',
2278 1488 2336 1534 ut
2398 1481 2638 1536 hmretici
2677 1482 2945 1539 censent?
2972 1494 3067 1537 aut
3092 1498 3201 1551 quo
3236 1495 3397 1553 pacto
3429 1484 3567 1539 assi-

1977 1571 2067 1626 det
2102 1570 2211 1627 Deo
2252 1572 2418 1628 totius
2461 1574 2699 1630 universi
2755 1574 3026 1630 Domino?
3068 1574 3255 1644 Atqui,
3306 1574 3572 1645 quemad-

1978 1664 2196 1717 modum
2242 1664 2682 1734 sapientissimus
2734 1663 2937 1719 Paulus
2988 1665 3187 1735 inquit,
3223 1665 3426 1719 nemini
3463 1679 3568 1718 un-

1976 1770 2138 1825 quam
2190 1756 2503 1827 angelorum
2558 1756 2699 1811 dixit
2745 1756 2953 1812 Pater:
3013 1775 3031 1807 ι
3090 1754 3263 1811 Filius
3317 1738 3571 1813 incuties

1980 1856 2035 1900 tu
2060 1848 2104 1900 ⁷.
2148 1866 2167 1898 ι
2211 1846 2316 1901 Sed
2350 1862 2566 1917 neque:
2605 1866 2624 1899 ι
2663 1847 2803 1903 Sede
2836 1863 2864 1901 a
2903 1847 3110 1903 dextris
3134 1846 3271 1902 meis
3292 1847 3334 1901 ⁸.
3372 1865 3392 1900 ι
3424 1844 3569 1900 Prm-

290 1964 310 1996 ι
342 1944 472 2007 Υἱός
515 1960 616 2014 μου
651 1941 702 1997 si
738 1942 824 1997 σύ.
861 1962 880 1996 ι
922 1943 1061 1997 Ἀλλ’
1092 1943 1236 1997 οὐδέ⁶
1282 1962 1301 1996 ι
1336 1944 1521 1998 Κάθου
1576 1945 1642 1999 ἐκ
1684 1944 1874 2011 δεξιῶν

1987 1946 2127 1995 terea
2154 1941 2425 2009 quomodo
2450 1942 2500 1994 in
2536 1956 2793 2010 suprema
2823 1940 2911 1995 illa
2939 1941 3205 2012 dignitate
3258 1948 3315 1995 et
3341 1938 3394 1994 in
3432 1938 3573 1995 solio

287 2053 412 2106 μου.
447 2054 466 2087 ι
502 2033 656 2100 Εἶτα,
694 2034 813 2099 πῶς
844 2035 903 2090 ιν
932 2038 1045 2100 τοῖς
1086 2035 1417 2107 ύπερτάτοις
1454 2034 1753 2108 ἀξιώμασι,
1781 2040 1875 2092 καὶ

282 2134 343 2185 ιν
376 2133 487 2195 τοῖς
512 2132 611 2203 τῆς
637 2130 897 2203 θεότητος
930 2130 1121 2197 θάκοις
1146 2132 1175 2184 6
1205 2133 1271 2185 ἑκ
1293 2131 1578 2199 γυναικὸς,
1606 2131 1700 2185 καὶ
1731 2132 1875 2205 πέρα

282 2222 467 2293 πάσης
485 2221 699 2293 ’Ἂρχῆς
732 2223 828 2277 καὶ
847 2221 1206 2294 κυριότητος,
1238 2222 1455 2295 Θρόνιον
1480 2240 1539 2276 τε
1566 2224 1661 2277 καὶ
1688 2224 1877 2291 Ἐξου-

285 2313 429 2380 σίας,
482 2316 576 2369 καὶ
625 2315 830 2379 παντὸς
876 2315 1143 2386 ὀνόματος
1194 2314 1635 2386 ὀνομαζομένους
1684 2317 1876 2389 Ἀθρει

281 2407 573 2472 δὶ,δττιι›ςό
603 2407 808 2481 Κύριος
838 2408 1033 2478 λέγων’
1056 2427 1076 2461 ι
1103 2409 1165 2463 Ei
1194 2403 1287 2463 οὖν
1316 2409 1481 2463 Δαόὶδ
1510 2410 1568 2463 ὲν
1597 2410 1876 2480 Πνεύματι

283 2497 489 2569 Κύριον
541 2498 835 2570 ὀνομάζει,
881 2499 1001 2565 πῶς
1054 2500 1169 2564 υῑὸς
1217 2499 1382 2553 αὑτοῦ
1420 2502 1570 2567 tam;
1611 2520 1629 2552 ι
1661 2503 1878 2572 φρονεῖν

283 2587 574 2641 ἀναπείθει
598 2590 727 2653 τοὺς
755 2590 915 2661 οῐπερ
936 2590 1002 2643 ἀν
1031 2586 1142 2643 εἷεν
1164 2590 1261 2660 τῆς
1284 2589 1539 2663 ἀληθείας
1563 2592 1875 2662 ὲρευνηταὶ,

282 2677 359 2741 ὡς
391 2681 449 2732 ιν
484 2678 701 2749 μεθέξει
736 2680 940 2752 σαρκὸς
966 2680 1063 2734 καὶ
1091 2680 1324 2751 αἵματος
1352 2681 1593 2750 γεγονὼς
1620 2683 1649 2735 6
1682 2682 1875 2752 Λόγος,

284 2765 365 2834 εἷς
398 2770 680 2842 μεμένηκε
713 2772 810 2826 καὶ
831 2771 1006 2835 οὕτως
1042 2772 1194 2839 Υίδς,
1225 2774 1308 2827 ὅτι
1346 2773 1449 2845 μέν
1483 2775 1599 2828 ἐστι
1626 2774 1780 2840 Θεὸς,
1814 2778 1879 2829 ὲκ

283 2860 620 2934 θεοπρεποῦς
641 2865 919 2936 ὑπεροχῆς
944 2864 1039 2919 καὶ
1065 2864 1386 2938 κυριότητος
1407 2866 1874 2938 μαρτυρούμενος·

284 2955 365 3007 ὅτι
398 2954 455 3008 δὲ
489 2954 729 3026 πέφηνεν
774 2956 1061 3027 ἄνθρωπος
1114 2955 1209 3009 τοῦ
1245 2956 1341 3010 καὶ
1380 2956 1509 3010 Υίοῦ
1533 2958 1877 3029 χρηματίσαι

284 3044 451 3099 Δασὶδ
470 3042 529 3100 εὖ
572 3046 719 3116 μάλα
746 3050 1273 3118 κατασημαίνοντος.

358 3140 417 3195 Β.
458 3143 623 3195 Φαῖεν
667 3142 733 3195 ἂν
777 3142 909 3206 ἴσως
948 3144 1042 3197 καὶ
1072 3143 1208 3213 πρός
1240 3161 1304 3212 γε
1330 3144 1524 3209 ταῦτα,
1554 3146 1878 3217 διατεκμαί-

240 3310 243 3313 Δ
286 3250 451 3305 ρομαι
480 3235 607 3306 γάρ·
634 3231 759 3305 'Ap‘
788 3238 851 3289 ἐκ
880 3236 978 3305 τῆς
1012 3236 1199 3299 οὐσίας
1224 3236 1319 3289 τοῦ
1350 3236 1485 3290 Θεοῦ
1521 3239 1613 3290 καὶ
1646 3238 1877 3308 [ἰατρὸς.

1980 2033 2284 2087 divinitatis
2310 2032 2518 2089 sedebit
2538 2033 2638 2107 qui
2670 2047 2735 2089 ex
2770 2033 3000 2089 muliere
3036 2042 3201 2089 natus
3242 2041 3346 2097 est,
3376 2046 3573 2102 supra-

1978 2138 2083 2194 que
2108 2139 2300 2179 omues
2326 2122 2673 2191 Principatus
2706 2134 2761 2182 et
2793 2125 3204 2181 Dominationes
3231 2140 3295 2179 ac
3320 2123 3576 2181 Thronos

1979 2229 2034 2274 et
2059 2218 2401 2284 Potestates,
2448 2233 2723 2290 supraque
2772 2233 2937 2276 omne
2980 2233 3177 2275 nomen
3227 2218 3372 2289 quod
3412 2232 3578 2273 voca-

1982 2311 2155 2366 tur'?
2220 2312 2612 2369 Animadverte
2692 2326 2821 2369 vero
2902 2327 3013 2383 quo
3083 2320 3245 2383 pacto
3306 2310 3575 2367 Dominus

1979 2404 2204 2460 dicens:
2242 2422 2259 2457 ι
2298 2404 2356 2459 Si
2382 2419 2513 2475 ergo
2548 2404 2718 2461 David
2747 2407 2800 2460 in
2828 2402 3036 2476 Spiritu
3070 2405 3363 2460 Dominum
3392 2412 3573 2471 vocat,
3604 2414 3613 2421 ‘

1982 2496 2257 2564 quomodo
2276 2496 2449 2551 Filius
2480 2495 2597 2565 ejus
2622 2497 2741 2552 est?
2770 2516 2789 2549 ι
2814 2497 3063 2553 veritatis
3096 2493 3578 2568 iuvestigatoribus

1980 2586 2312 2656 persuadere
2348 2588 2461 2641 vult
2482 2588 2626 2657 quod
2658 2588 2897 2644 Verbum
2932 2587 3028 2645 Dei
3056 2589 3242 2645 cainis
3269 2600 3326 2644 et
3351 2588 3579 2661 sangui-

1983 2680 2067 2735 nis
2110 2682 2383 2751 particeps
2417 2681 2641 2748 factum,
2674 2683 2839 2737 etiam
2880 2683 2983 2739 hoc
3016 2692 3176 2751 pacto
3211 2683 3413 2738 mansit
3438 2698 3579 2737 unus

1984 2773 2148 2847 740
2170 2774 2358 2839 Filius,
2400 2777 2564 2832 Deum
2613 2777 2831 2847 quidem
2874 2790 2997 2831 esse
3042 2790 3109 2830 ex
3144 2772 3328 2829 divina
3384 2787 3578 2843 super-

1979 2869 2273 2923 eminentia
2304 2878 2355 2923 et
2386 2868 2759 2924 dominatione
2792 2865 3115 2933 declarans;
3138 2866 3416 2922 hominem
3448 2878 3581 2920 vero

1984 2958 2207 3024 factum,
2244 2974 2339 3030 per
2368 2959 2419 3014 id
2457 2962 2601 3029 quod
2637 2970 2793 3015 vocet
2830 2958 3026 3014 Filium
3057 2958 3251 3014 David.

2057 3136 2116 3189 Β.
2162 3138 2408 3193 Βῖιειῑυι
2436 3137 2502 3193 ad
2534 3137 2651 3193 hanc
2676 3138 2933 3202 fortasse,
2967 3147 3232 3208 quantum
3259 3137 3576 3209 conjectura

1982 3230 2242 3298 consequi
2282 3244 2503 3299 possum
2538 3246 2552 3283 :
2587 3230 2731 3301 Ergo
2773 3247 2841 3286 ex
2880 3230 3115 3287 essentia
3165 3230 3261 3285 Dei
3296 3247 3359 3287 ac
3400 3231 3584 3287 Patris

284 3294 382 3381 ἀιαλ
436 3294 598 3382 αύτδν
651 3294 792 3382 εἶναι
853 3294 1097 3400 δώσομεν
1145 3294 1239 3382 τόν
1283 3332 1348 3383 ὲκ
1403 3331 1721 3401 σπέρματος
1766 3294 1877 3385 ’τοῦ

1987 3322 2267 3377 fatendum
2300 3322 2462 3377 fuerit
2492 3338 2613 3379 esse
2642 3324 2809 3379 etiam
2858 3339 2981 3380 eum
3024 3326 3117 3394 qui
3153 3334 3239 3380 est
3268 3339 3333 3380 ex
3373 3325 3583 3381 semine

284 3421 452 3476 Δαδίδ
472 3438 487 3487 ;

358 3518 427 3570 Δ.
459 3514 655 3567 Καίτοι
689 3515 807 3579 πῶς
862 3517 895 3586 ἡ
928 3515 1107 3569 τοιάδε
1141 3514 1335 3579 πεῦσις
1385 3516 1447 3568 οὐ
1488 3514 1623 3568 πολὺ
1655 3516 1720 3585 δὴ
1754 3516 1877 3570 λίαν

284 3606 348 3660 τὸ
392 3606 671 3677 ἀσύφηλον
718 3606 872 3676 ἕχει;
917 3606 1029 3660 Καὶ
1071 3606 1387 3678 ἀπᾳδόντως
1437 3605 1504 3659 ἂν
1553 3606 1763 3675 γένοιτο
1812 3611 1876 3679 τῇ

285 3694 384 3748 τοῦ
426 3696 726 3766 μυστηρίου
760 3696 989 3768 δυνάμει
1018 3697 1113 3750 καὶ
1162 3698 1275 3761 τοῖς
1305 3697 1404 3767 τῆς
1443 3695 1702 3767 ἀληθείας
1729 3696 1880 3766 φιλο-

288 3784 552 3855 θεάμοσιν
573 3802 587 3851 ;

359 3880 420 3933 Β.
461 3878 673 3951 Φράσον
712 3879 883 3943 ὅπως.

362 3971 428 4026 A.
468 3971 560 4043 Μὴ
586 3970 697 4043 γάρ
726 3988 819 4043 μοι
837 3970 1129 4043 διέλῃς,ὠς
1158 3970 1349 4043 ἱτερόν
1377 3988 1500 4027 τινα
1530 3972 1706 4041 λέγων
1730 3972 1879 4043 παρὰ

287 4064 381 4118 τὸν
411 4064 507 4117 ἕνα
537 4064 775 4135 Χριστὸν
802 4064 896 4118 καὶ
915 4064 1043 4117 Υίδν
1079 4063 1305 4137 Κύριον,
1345 4064 1436 4120 τὸν
1466 4066 1531 4119 ὲκ
1563 4066 1878 4138 σπέρματος

292 4156 387 4209 τοῦ
416 4156 603 4210 Δασίδ.
638 4157 699 4209 '0
736 4156 845 4228 γάρ
883 4172 965 4209 τοι
1004 4156 1105 4225 τῆς
1140 4156 1434 4228 ὀρθότητος
1468 4158 1646 4227 λόγος.
1692 4159 1782 4213 τὸν
1815 4160 1880 4213 ἐκ

288 4248 425 4301 Θεοῦ
470 4248 683 4320 ῐΙατρὸς
720 4248 894 4317 φύντα
932 4246 1061 4302 Υἱὸν
1110 4250 1398 4320 μονογενῆ,
1448 4251 1610 4305 αὐτὸν
1652 4252 1749 4305 καὶ
1780 4251 1881 4323 οὐχ

290 4341 380 4394 ῑτε
392 4357 483 4413 ρον
511 4335 652 4395 εἶναι
684 4339 935 4410 βούλεται
964 4340 1055 4393 τὸν
1085 4341 1151 4393 ὲκ
1180 4340 1345 4395 Δασὶδ
1382 4346 1524 4397 κατά
1558 4343 1756 4416 σάρκα.
1785 4343 1880 4415 Μὴ

289 4433 473 4486 τοίνυν
522 4432 583 4497 ἐξ
635 4433 948 4504 ἀμετρήτου
1008 4432 1278 4501 λεγόντων
1311 4433 1739 4506 ἐμϐροντησίας,
1796 4437 1879 4490 ὄτι

291 4526 483 4596 ὥσπερ
510 4527 539 4579 6
567 4523 625 4593 ἐξ
653 4525 886 4597 ούρανοῦ
922 4523 1201 4579 κατελθὼν
1233 4526 1427 4593 Λόγος,
1460 4527 1563 4581 οὐκ
1591 4526 1707 4582 ἔστι
1738 4529 1881 4583 κατά

1983 3414 2151 3469 David
2174 3415 2197 3468 ?

2054 3506 2121 3561 A.
2163 3506 2233 3559 At
2265 3522 2395 3562 vero
2430 3506 2703 3577 quomodo
2726 3521 2834 3561 non
2867 3507 2984 3563 bac
3023 3506 3380 3581 interrogatio
3424 3508 3579 3566 stoli-

1982 3598 2171 3654 ditatis
2200 3599 2354 3667 plena
2393 3607 2706 3665 censeatur,
2738 3609 2793 3653 et
2825 3615 2855 3653 a
2892 3598 3156 3655 studiosis
3186 3599 3438 3657 veritatis
3469 3600 3581 3656 vir-

1983 3692 2084 3746 tuti
2118 3690 2359 3763 mysterii
2391 3690 2550 3761 plane
2591 3706 2893 3764 repugnare
2919 3691 3233 3762 iudicetur?

2058 3875 2117 3931 Β,
2167 3874 2262 3930 Dic
2292 3891 2399 3945 quo
2426 3884 2607 3947 pacto.

2045 3968 2113 4024 A.
2168 3967 2247 4024 Ne
2304 3968 2437 4022 mihi
2501 3970 2618 4024 haec
2679 3968 2933 4033 dividas,
2983 3978 3239 4039 tanquam
3306 3968 3581 4024 diversum

1987 4059 2280 4130 quemdam
2312 4069 2561 4115 statuens
2588 4059 2657 4116 ab
2686 4076 2793 4115 uno
2823 4060 3045 4117 Christo
3079 4074 3135 4116 et
3165 4060 3303 4117 Filio
3326 4062 3580 4128 Domino,

1981 4168 2104 4208 eum
2133 4153 2227 4222 qui
2262 4162 2347 4208 est
2371 4168 2441 4209 ex
2471 4155 2679 4209 semine
2716 4155 2909 4209 David.
2949 4154 3208 4211 Veritatis
3257 4157 3404 4211 enim
3442 4157 3582 4213 ratio

1984 4243 2087 4297 hoc
2117 4242 2233 4297 vult
2264 4255 2322 4297 ut
2356 4244 2671 4312 unigenitus
2702 4242 2871 4302 Filius
2898 4260 2965 4299 ex
3001 4243 3111 4301 Deo
3144 4244 3578 4318 Patre-genitus.

1983 4334 2107 4405 ipse
2130 4342 2317 4391 etnon
2362 4335 2500 4392 alius
2554 4336 2626 4392 sit
2670 4350 2736 4391 ex
2770 4335 2940 4391 David
2990 4339 3289 4393 secundum
3335 4353 3579 4395 carnem.

1982 4426 2251 4485 Audiendi
2288 4427 2469 4497 itaque
2503 4443 2609 4484 non
2638 4438 2790 4493 sunt,
2829 4430 2921 4499 qui
2954 4444 3022 4484 ex
3050 4430 3313 4486 immensa
3341 4432 3580 4501 quadam

1985 4517 2194 4573 insania
2233 4519 2441 4584 volunt,
2492 4521 2635 4591 quod
2688 4521 2832 4576 sicut
2884 4520 3117 4577 Verbum
3170 4522 3315 4592 quod
3376 4537 3406 4577 e
3439 4523 3583 4579 cmlo

292 4618 457 4686 φύσιν
491 4617 619 4681 Υἰδς
658 4615 754 4670 τοῦ
789 4616 972 4671 Δαόίδ.
1020 4616 1210 4682 Οῦτως
1235 4619 1357 4673 οὐδὲ
1394 4622 1421 4673 ὁ
1469 4621 1533 4674 ὲκ
1564 4621 1877 4692 σπέρματος

1987 4610 2271 4667 descendit
2300 4626 2405 4667 non
2445 4620 2529 4667 est
2559 4614 2855 4669 secundum
2907 4622 3154 4669 naturam
3197 4615 3337 4670 lilius
3374 4615 3581 4681 David,

291 4710 385 4764 τοῦ
416 4710 599 4774 Δασὶδ,
629 4709 759 4773 Υίός
780 4710 897 4763 ἔστι
924 4709 1067 4763 κατὰ
1089 4709 1252 4778 φύσιν
1280 4708 1375 4764 τοῦ
1392 4710 1549 4765 Θεοῦ.
1586 4711 1645 4766 '0
1670 4713 1878 4784 γάρτοι

294 4802 457 4870 φύσει
486 4800 580 4855 καὶ
612 4800 829 4872 ἀληθῶς
856 4801 921 4854 ὲκ
953 4799 1046 4854 τοῦ
1084 4800 1296 4873 Πατρὸς
1326 4802 1651 4873 ἀναλάμψας
1683 4804 1876 4873 Λόγος,

294 4896 352 4947 ὲν
384 4892 692 4964 προσλήψει
721 4891 957 4961 γεγονὼς
989 4892 1192 4964 σαρκὸς
1218 4893 1313 4946 καὶ
1344 4894 1595 4965 αἵματος,
1626 4893 1881 4966 καθάπερ

295 4986 432 5056 ἔφην
470 4984 695 5057 ἀρτίως,
727 4986 1036 5056 μεμένηκεν
1064 4987 1092 5038 6
1122 4984 1306 5049 αὐτὸς,
1340 4986 1609 5052 τουτέστι,
1636 4986 1796 5055 φύσει
1821 5003 1881 5039 τε

294 5078 389 5131 καὶ
420 5074 637 5148 ἀληθῶς
657 5076 788 5139 Υἱὸς
822 5076 918 5129 τοῦ
955 5077 1191 5148 Πατρὸς,
1228 5072 1311 5141 εἷς
1340 5078 1414 5132 ὢν
1444 5078 1537 5131 καὶ
1573 5078 1758 5147 μόνος,
1787 5080 1887 5132 καὶ

293 5171 394 5239 οὐχ
425 5169 499 5233 ὡς
534 5168 722 5240 ἕτερος
758 5166 880 5238 μεθ’
911 5168 1123 5237 ἑτέρου,
1154 5169 1244 5224 ἵνα
1282 5167 1379 5221 καὶ
1404 5166 1462 5221 ἓν
1496 5168 1663 5221 αὑτοῦ
1692 5168 1883 5239 νοῆται

296 5261 609 5333 πρόσωπον.
654 5260 1081 5332 Συναγείροντες
1129 5260 1239 5333 γάρ
1288 5252 1643 5333 οῦτωςγπρὸς
1676 5260 1882 5315 ἕνωσιν

297 5355 497 5426 ἀληθῆ,
526 5355 622 5409 καὶ
642 5356 743 5427 τὴν
772 5356 915 5426 ὑπὲρ
938 5352 1062 5408 νοῦν
1096 5352 1190 5407 καὶ
1240 5352 1399 5421 Λόγον
1423 5354 1494 5405 τὰ
1512 5353 1626 5415 τοῖς
1650 5351 1749 5422 τῆς
1777 5352 1881 5422 φύ.

192 5456 199 5462 ·
299 5461 436 5508 σεως
477 5444 659 5511 λόγοις
707 5445 845 5515 πρὸς
876 5444 1244 5515 ἀνομοιότητα
1294 5443 1751 5513 διεσχοινισμένα,
1783 5444 1882 5514 τὴν

298 5536 511 5608 ἀπλανῆ
531 5536 630 5607 τῆς
648 5537 887 5601 πίστεως
913 5536 1095 5608 βαδιού
1105 5536 1243 5609 μεθα
1261 5536 1467 5607 τρίϐον.
1484 5536 1622 5589 Ἕνα
1646 5535 1754 5607 γὰρ
1783 5537 1879 5590 καὶ

297 5627 389 5681 τὸν
420 5628 584 5683 αὑτὸν
615 5623 757 5681 εἷναί
797 5645 978 5699 φαμεν
995 5628 1231 5700 Χριστὸν
1262 5626 1491 5698 Ἰησοῦν,
1522 5630 1584 5681 ὲκ
1613 5626 1748 5681 Θεοῦ
1784 5628 1883 5700 μὲν

301 5719 535 5791 Πατρός,
566 5720 642 5783 ὡς
667 5719 802 5773 Θεὸν
819 5719 1011 5790 Λόγον,
1031 5720 1093 5772 ἐγ
1120 5719 1436 5793 σπέρματος
1458 5718 1516 5773 δὲ
1544 5718 1685 5775 κατά
1704 5718 1880 5790 σάρκα

368 5902 389 5933 ⁸
421 5900 611 5955 Matth.
648 5914 781 5965 χχιι,
815 5899 902 5953 42.
976 5899 995 5930 ⁸
1033 5900 1161 5955 ibid.
1194 5897 1378 5954 43-65.
1458 5899 1475 5930 ⁷
1513 5898 1673 5955 Hebr.
1726 5913 1765 5964 ι,
1820 5899 1875 5953 5.

2023 5897 2153 5955 ibid.
2198 5898 2283 5954 15.

1954 4704 2063 4762 .ita
2098 4718 2273 4775 neque
2298 4704 2343 4761 is
2361 4705 2456 4775 qui
2486 4714 2571 4761 est
2603 4721 2668 4761 ex
2708 4708 2916 4761 semine
2957 4704 3127 4761 David
3165 4717 3249 4763 est
3280 4705 3448 4763 Filius
3492 4723 3584 4765 se.

1989 4796 2227 4853 cundum
2262 4807 2509 4853 naturam
2542 4798 2657 4853 Dei.
2692 4798 2827 4853 Nam
2869 4799 3105 4855 Verbum
3133 4802 3277 4870 quod
3312 4800 3582 4856 naturali-

1991 4896 2073 4943 ter
2103 4903 2165 4942 ac
2200 4902 2330 4944 vere
2362 4903 2429 4944 ex
2465 4888 2625 4945 Patre
2655 4888 2890 4954 eﬁ'ulsit,
2922 4905 3045 4945 cum
3095 4906 3319 4946 carnem
3363 4902 3417 4947 et
3457 4908 3585 4949 san-

1990 4981 2208 5051 guinem
2244 4984 2559 5053 assumpsit,
2591 4983 3046 5053 quemadmodum
3076 4984 3237 5039 modo
3264 4984 3397 5048 dixi.
3424 5000 3584 5039 mau-

1988 5074 2063 5129 sit
2098 5074 2264 5138 idem,
2313 5075 2416 5129 hoc
2468 5084 2575 5139 est,
2628 5087 2819 5131 natura
2851 5085 2907 5131 et
2956 5091 3083 5131 vere
3135 5076 3305 5132 Filius
3358 5075 3580 5134 Patris:

1993 5183 2135 5223 unus
2160 5167 2431 5225 exsistens
2459 5182 2524 5223 ac
2568 5168 2739 5234 solus,
2774 5180 2829 5224 et
2864 5184 2967 5224 non
3014 5179 3073 5224 ut
3112 5170 3251 5225 alius
3289 5186 3411 5225 cum
3454 5171 3584 5239 alio,

1992 5267 2045 5314 ut
2072 5270 2126 5314 et
2154 5275 2259 5314 una
2291 5259 2459 5329 ipsius
2488 5271 2777 5316 censeatur
2803 5276 3057 5331 persona.
3098 5260 3211 5317 Hoc
3243 5265 3389 5317 enim
3428 5275 3589 5332 pacto

1992 5353 2315 5407 reducentes
2366 5353 2434 5406 ad
2473 5366 2656 5407 veram
2694 5354 2983 5419 unitatem,
3022 5364 3075 5409 et
3130 5354 3469 5409 intellectum
3522 5370 3589 5411 ac

1991 5454 2229 5499 mentem
2264 5453 2505 5500 nostram
2555 5457 2903 5515 superantem
2943 5463 3066 5515 qum
3113 5449 3324 5504 ratione
3378 5458 3587 5504 natura:

1992 5535 2275 5591 dissimilia
2315 5537 2457 5591 inter
2488 5552 2547 5591 se
2588 5548 2734 5605 sunt,
2782 5546 2985 5593 rectam
3016 5539 3141 5595 ﬁdei
3192 5541 3332 5595 viam
3380 5540 3586 5595 insisti-

1994 5644 2133 5684 mus.
2168 5628 2351 5685 Unum
2391 5628 2536 5685 enim
2565 5630 2731 5685 etiam
2759 5630 2935 5701 ipsum
2974 5646 3096 5687 esse
3127 5632 3371 5687 dicimus
3394 5630 3585 5688 Jesum

1990 5721 2268 5777 Christum
2303 5738 2315 5774 :
2351 5736 2418 5777 ex
2444 5722 2553 5778 Deo
2582 5723 2800 5793 quidem
2830 5722 2995 5782 Patre
3026 5734 3085 5781 ut
3113 5724 3281 5781 Deum
3308 5725 3582 5793 Verbum;

2366 5898 2387 5931 ’
2424 5898 2623 5970 Ephes.
2650 5915 2687 5970 I,
2720 5899 2810 5955 2|.
