4036 6336
564 438 692 496 Ιίίᾶῧ

1544 438 1599 491 S.
1642 435 1916 491 CYRILLI
1957 435 2419 491 ALEXANDRIM
2459 436 2777 493 AliCHlEP.

3662 430 3807 486 1500

558 563 623 604 ex
681 550 886 603 semine
946 558 1144 614 autem,
1199 550 1493 605 secundum
1557 566 1808 617 carnem,
1875 552 2108 609 Davidis.

2219 557 2312 610 τοῦ
2342 556 2630 610 θεσπεσίου
2660 554 2843 609 Δαδίδ.
2890 554 2959 605 Ἣ
2999 553 3098 605 οὐκ
3135 552 3332 622 ἄριστά
3382 567 3464 603 σοι
3508 547 3681 603 ταῦτα
3714 549 3800 601 δι-

559 641 708 692 Anne
735 639 826 691 tibi
852 645 994 692 recte
1015 638 1081 692 de
1112 639 1195 692 his
1218 641 1394 710 egisse
1428 639 1653 695 videor?

623 728 681 781 Β.
720 725 973 783 Omnino.

625 821 692 872 A.
734 818 1003 875 Cmtcrum
1049 818 1252 889 aliquid
1296 829 1556 891 praeterea
1603 822 1932 879 adversariis
1982 823 2117 892 adji-

558 911 713 963 ciam.

625 1003 684 1055 Β.
726 1003 1033 1069 Quidnam?

626 1096 691 1149 Δ.
734 1094 918 1165 Neque
965 1097 1107 1152 enim
1165 1096 1505 1166 Unigenitum
1549 1098 1718 1155 Deum
1758 1098 1991 1156 Verbum
2035 1116 2121 1157 es-

558 1186 784 1241 sentiam
809 1202 871 1241 ex
912 1188 1020 1242 Deo
1062 1188 1220 1244 Patre
1252 1190 1449 1246 habere
1499 1192 1758 1262 credunt;
1807 1194 1902 1249 sed
1954 1195 2121 1249 homi-

560 1293 678 1329 nem
716 1278 887 1346 illum,
919 1280 1009 1348 qui
1059 1296 1153 1346 per
1199 1282 1651 1350 coniunctionem,
1685 1296 1743 1339 ut
1779 1287 1881 1356 ipsi
1912 1286 2117 1355 volunt,

557 1381 863 1438 assumptus
888 1380 993 1437 est,
1032 1388 1099 1427 ex
1141 1373 1349 1429 semine
1380 1373 1547 1430 David
1599 1376 1798 1431 factum
1843 1391 1963 1433 esse
1991 1392 2121 1433 con-

560 1464 805 1518 tendunt.

626 1550 686 1604 Β.
727 1552 802 1606 Ita
834 1554 1004 1611 aiunt.

626 1644 691 1703 Α.
736 1642 1021 1713 Superabit
1056 1647 1236 1717 itaque
1279 1650 1497 1704 omnino
1551 1647 1785 1705 Verbum
1838 1650 1978 1720 quod
2019 1666 2117 1705 na-

557 1742 672 1788 tura
708 1750 771 1791 ac
795 1752 919 1792 vere
958 1737 1097 1794 Deus
1124 1748 1227 1804 est,
1252 1755 1375 1795 eum
1418 1741 1511 1811 qui
1547 1750 1629 1797 est
1663 1757 1731 1797 ex
1776 1744 1983 1799 semine
2016 1742 2119 1797 Da-

559 1826 688 1881 vid:
735 1836 791 1881 et
847 1838 999 1883 tanto
1050 1830 1266 1901 quidem
1314 1831 1575 1900 excellet,
1630 1845 1890 1904 quantum
1941 1846 2024 1891 est
2060 1835 2113 1889 in

2222 649 2484 717 εσκέφοαι
2513 647 2654 701 δοκῶ
2676 662 2689 709 ;

2290 742 2352 793 Β.
2395 739 2544 793 Πάνυ
2577 738 2675 807 μὲν
2701 732 2814 792 οὖν.

2291 834 2354 886 Λ.
2398 832 2821 902 Πῳσερὴσομαι
2869 828 2924 883 δέ
2956 845 3007 880 τι
3061 827 3152 881 καὶ
3194 827 3377 898 ἔπρον
3412 827 3549 888 τοὺς
3582 824 3798 879 διεναν-

2220 924 2358 985 τίας.

2290 1016 2352 1070 Β.
2385 1014 2459 1068 Τὸ
2491 1014 2544 1067 τί
2575 1014 2639 1085 δὴ
2668 1015 2803 1084 φήςς

2289 1108 2353 1161 Α.
2396 1107 2469 1160 Οὐ
2500 1106 2606 1176 γὰρ
2632 1107 2695 1158 ὲκ
2714 1103 2808 1157 τοῦ
2838 1102 3053 1172 Πατρὸς
3078 1101 3174 1171 τὴν
3202 1099 3435 1168 ὓπαρξιν
3458 1098 3604 1169 ἔχειν
3631 1114 3798 1152 πεπι-

2223 1201 2480 1254 στεύκασι
2515 1198 2607 1251 τὸν
2652 1197 2914 1267 μονογενῆ
2944 1194 3076 1253 Θεὸν
3105 1193 3302 1259 Λόγον,
3340 1190 3429 1244 τόν
3454 1208 3517 1259 γε
3560 1191 3687 1260 μὴν.
3718 1188 3801 1253 ὡς

2220 1291 2373 1347 αὐτοί
2407 1307 2537 1361 φασι
2566 1288 2840 1361 ληφθέντα
2880 1287 3018 1341 κατὰ
3053 1284 3347 1353 συνάφειαν
3392 1284 3700 1351 ἄνθρωπον,
3730 1284 3800 1335 tas

2222 1382 2535 1452 σπέρματος
2580 1378 2833 1450 γενέσθαι
2893 1378 2987 1432 τοῦ
3040 1376 3327 1430 Θεσπεσίου
3382 1374 3546 1429 Δαδὶδ
3594 1374 3795 1428 διατείο

2220 1491 2420 1528 νονται.

2289 1565 2351 1618 Β,
2391 1564 2549 1618 Οὕτω
2578 1562 2733 1632 φασί.

2288 1660 2350 1711 Δ.
2392 1655 2778 1723 Πλεονεκτήσει
2808 1652 2873 1724 δὴ
2924 1647 3016 1706 οὖν
3060 1652 3238 1721 πάντη
3283 1666 3343 1704 τε
3400 1648 3495 1703 καὶ
3549 1648 3793 1712 πάντως,

2219 1750 2375 1821 φύσει
2398 1767 2455 1803 τε
2479 1750 2571 1804 καὶ
2586 1746 2710 1818 δόξῃ
2736 1746 2867 1808 Θεὸς
2890 1744 2985 1810 ὢν,
3013 1748 3041 1799 6
3062 1744 3252 1812 Λόγος,
3277 1743 3368 1797 τὸν
3394 1744 3459 1795 ὲκ
3478 1741 3797 1811 σπέρματος

2218 1842 2309 1897 τοῦ
2333 1841 2516 1896 Δαδίδ.
2554 1840 2664 1894 Καὶ
2700 1837 3049 1909 ὑπεραλεῖται
3096 1834 3367 1896 τοσοῦτον,
3400 1835 3527 1887 ὅσον
3566 1830 3633 1885 ἂν
3678 1830 3795 1900 ἔχοι

557 1926 864 1972 naturarum
903 1920 1202 1978 diﬂ'ereutia
1244 1923 1531 1979 intervalli.
1586 1926 1693 1982 Aut
1739 1926 1784 1981 si
1826 1927 1895 1981 ita
1940 1942 1999 1983 se
2029 1942 2108 1983 res

2215 1932 2275 1985 τὸ
2306 1928 2637 2002 μεσολαΰοῦν
2667 1928 2777 1982 τῶν
2805 1926 3019 1998 φύσεων
3047 1929 3079 1996 ὴ
3120 1924 3372 1994 διαφορά.
3403 1924 3471 1976 Ἦ
3502 1923 3663 1993 εἴπερ
3691 1920 3797 1973 οὐκ

554 2021 658 2061 non
690 2009 849 2065 habet
884 2026 946 2066 ac
988 2014 1129 2078 dico,
1163 2028 1261 2068 cur
1298 2016 1480 2085 itaque
1528 2016 1907 2087 distinguunt?
1943 2020 2117 2089 Atque

556 2098 681 2153 huic
704 2102 921 2169 quidem
953 2105 1198 2160 tribuunt
1226 2106 1412 2176 gloria:
1444 2107 1785 2175 facultatem,
1818 2112 1961 2166 hunc
1989 2126 2117 2168 vero

552 2198 804 2258 tanquam
837 2197 1105 2265 acceperit
1129 2197 1494 2263 introducunt,
1529 2210 1693 2271 atque
1733 2202 1784 2255 id
1822 2202 1962 2271 quod
2011 2213 2111 2269 est,

553 2280 722 2334 instar
737 2284 881 2349 doni,
902 2294 1061 2353 atque
1080 2286 1235 2359 74],
1262 2289 1502 2345 beneﬁcii
1523 2290 1869 2347 lncrifecissc.
1890 2292 2116 2347 Inferior

551 2380 727 2423 autem
759 2381 814 2425 et
844 2374 1110 2440 posterior
1150 2386 1234 2430 est
1267 2376 1359 2446 qui
1391 2379 1609 2449 accipit,
1647 2394 1807 2447 quam
1853 2381 1942 2450 qui
1984 2382 2109 2448 dat;

547 2468 601 2511 et
637 2459 681 2514 is
707 2460 795 2529 qui
826 2462 892 2517 ab
917 2462 1022 2517 alio
1049 2464 1229 2534 gloria
1264 2469 1531 2537 particeps
1588 2468 1838 2538 edicitur,
1874 2485 2037 2541 quam
2069 2472 2114 2526 is

549 2548 639 2615 qui
677 2550 901 2620 gloriam
934 2553 1263 2623 impertitur.

615 2638 676 2696 Β.
698 2640 1006 2711 Maximam,
1025 2647 1283 2714 arbitror,
1307 2652 1470 2705 etiam
1492 2650 1591 2721 ipsi
1615 2651 1970 2707 diﬂ‘ercntiam
1998 2660 2113 2708 sta-

547 2742 707 2787 tuunt
735 2736 879 2790 inter
902 2736 1065 2791 Deum
1093 2749 1149 2793 et
1186 2740 1453 2798 homines.

617 2822 682 2877 A.
711 2824 875 2894 Atqui
904 2828 1174 2894 quomodo
1203 2831 1637 2901 sapientissimus
1666 2830 1870 2888 Paulus
1905 2832 2113 2887 divino-

548 2928 665 2968 rum
698 2918 1075 2984 mysteriorum
1112 2920 1364 2977 minister
1398 2923 1571 2993 ipsum
1609 2924 1756 2979 illum
1804 2926 1895 2993 qui
1920 2926 2111 2995 praedi-

546 3014 703 3059 catur
737 3006 1124 3063 inhabitantem
1157 3010 1211 3065 in
1241 3028 1299 3067 se
1321 3012 1552 3079 habens,
1581 3028 1635 3069 et
1664 3016 1887 3086 loquens
1910 3017 1961 3070 in
1985 3016 2109 3087 Spi-

547 3097 677 3159 ritu,
695 3099 989 3152 secundum
1016 3114 1236 3157 carnem
1268 3118 1336 3159 ex
1358 3104 1558 3160 Judaeis
1588 3114 1641 3159 et
1670 3104 1837 3160 Deum
1857 3106 2109 3176 appellat,

542 3199 597 3245 et
630 3190 969 3247 benedictum
1001 3209 1125 3250 esse
1151 3196 1278 3250 dicit
1306 3198 1359 3252 in
1406 3200 1600 3253 secula
1625 3217 1640 3255 :
1663 3214 1820 3254 amen
1856 3199 1942 3253 ὀἳ
1970 3195 2109 3266 Quid

543 3283 793 3350 superius
847 3293 933 3339 est
1006 3284 1119 3341 Deo
1179 3288 1271 3356 qui
1320 3302 1483 3357 supra
1541 3302 1731 3343 omnes
1788 3288 1911 3351 est?
1977 3263 2178 3357 quidc

543 3385 723 3428 autem
766 3375 943 3445 majus
991 3376 1043 3432 in
1081 3375 1256 3433 Verbo
1284 3380 1427 3447 quod
1456 3394 1522 3435 ex
1562 3378 1723 3435 Patre
1753 3382 1990 3449 genitum
2023 3390 2108 3436 est

542 3463 663 3531 quis
684 3466 1072 3533 deprehendat,
1090 3483 1253 3536 quam
1277 3468 1330 3522 in
1360 3484 1424 3523 eo
1443 3470 1535 3540 qui
1562 3473 1854 3525 secundum
1891 3486 2105 3526 carnem

541 3571 606 3607 ex
637 3553 880 3611 Judzeis?
918 3557 1183 3626 siquidem
1213 3571 1299 3615 est
1330 3561 1467 3616 alius
1501 3562 1569 3615 ab
1612 3564 1727 3633 ipso
1770 3573 1823 3617 et
1866 3562 2107 3633 peculia-

542 3644 672 3698 riter
699 3644 864 3701 Filius
890 3657 1050 3716 atque
1077 3649 1173 3703 hoc
1206 3664 1310 3703 non
1350 3666 1495 3705 vere.

610 3732 672 3785 Β.
704 3734 808 3788 Sed
837 3735 1102 3789 admissus
1131 3747 1235 3801 est,
1267 3738 1538 3806 inquiunt,
1565 3744 1860 3797 secundum
1884 3745 2106 3814 conjun-

539 3824 774 3877 ctionem
806 3825 849 3879 is
876 3826 963 3892 qui
990 3836 1073 3879 est
1104 3843 1166 3879 ex
1197 3829 1402 3883 semine
1426 3829 1616 3893 David,
1648 3842 1701 3886 et
1734 3847 1854 3887 cum
1889 3836 2103 3893 inhabi-

542 3914 667 3966 tarit
713 3914 765 3966 in
798 3914 909 3983 ipso
960 3912 1097 3968 Deus
1146 3918 1414 3971 cxsistens
1466 3918 1723 3987 Verbum,
1760 3938 2103 3981 communem

538 4022 658 4064 cum
708 4008 797 4061 illo
831 4008 1149 4077 dignitatem
1186 4020 1239 4062 ct
1277 4010 1499 4079 gloriam
1537 4018 1916 4083 consequitur;
1961 4019 2104 4085 quod

535 4109 589 4152 et
640 4098 1039 4153 sacratissimus
1081 4098 1277 4154 Paulus
1321 4101 1387 4156 de
1434 4102 1550 4171 ipso
1607 4106 1854 4162 scribens
1904 4111 2099 4166 docet:

543 4209 562 4241 ι
597 4190 731 4257 Quia
766 4201 935 4245 tactus
958 4201 1039 4246 est
1077 4192 1334 4247 obediens
1365 4192 1510 4247 Patri
1556 4212 1722 4265 usque
1752 4198 1817 4252 ad
1850 4213 2099 4267 mortem,

536 4292 762 4335 mortem
808 4292 985 4336 autem
1034 4283 1233 4336 crucis.
1268 4282 1389 4338 Ideo
1417 4294 1469 4339 et
1505 4284 1645 4339 Deus
1673 4291 2104 4357 superexaitavit

534 4394 680 4439 t-utn,
712 4387 765 4431 et
803 4377 949 4430 dedit
981 4378 1033 4430 ei
1074 4392 1269 4431 nomen
1299 4379 1441 4444 quod
1474 4389 1558 4433 est
1605 4394 1769 4447 super
1795 4396 1954 4437 omne
2002 4398 2100 4437 no-

535 4484 659 4520 men
691 4468 758 4530 ¹¹,
799 4486 817 4520 ι
858 4469 957 4521 hoc
989 4476 1090 4534 est,
1122 4466 1284 4522 Deus.

599 4561 662 4621 At.
694 4560 1050 4614 Peculiariter
1085 4561 1287 4631 itaque,
1314 4570 1371 4615 et
1414 4569 1472 4615 ut
1500 4561 1713 4619 diverso
1743 4567 1968 4621 seorsim
2004 4568 2094 4623 Fi-
2132 4598 2173 4652 ο

2218 2022 2364 2075 ἐστιν
2398 2019 2595 2090 ἀληθὲς
2634 2019 2662 2071 ὃ
2704 2035 2869 2088 φημι,
2898 2016 3200 2087 διαιροῦσιν
3242 2013 3358 2069 ἀνθ’
3392 2014 3539 2072 ὅτου,
3583 2013 3679 2066 καὶ
3715 2011 3798 2081 τῷ

2220 2112 2318 2182 μὲν
2346 2111 2567 2180 νέμουσι
2618 2108 2717 2178 τῆς
2745 2106 2902 2175 δόξης
2931 2106 3029 2177 τὴν
3062 2104 3329 2170 ἐξουσίαν,
3356 2102 3447 2157 τὸν
3468 2103 3523 2156 δὲ
3560 2101 3796 2157 λαϐόντα

2218 2201 2672 2274 παρακομίζουσι,
2698 2201 2790 2253 καὶ
2811 2197 2956 2253 τοῦθ’
2981 2201 3117 2269 ὅπερ
3145 2197 3314 2259 ἐστὶν,
3341 2198 3399 2249 tv
3415 2193 3567 2259 τάξει
3587 2193 3793 2264 γερῶν,

2216 2296 2307 2349 καὶ
2331 2296 2388 2347 tv
2418 2292 2757 2364 χαρίσματος
2780 2291 2945 2361 μοίρᾳ
2979 2287 3347 2360 κερδαίνοντα.
3378 2288 3549 2342 Μείον
3573 2286 3629 2339 δὲ
3664 2286 3799 2340 πάν-

2213 2402 2321 2449 τως
2356 2384 2451 2437 καὶ
2506 2386 2562 2436 tv
2592 2382 2863 2449 δευτέροις
2918 2380 3013 2434 τοῦ
3059 2380 3332 2441 διδόντος,
3377 2378 3438 2431 τὸ
3481 2377 3791 2447 δεχόμενον,

2214 2478 2309 2532 καὶ
2343 2476 2438 2531 τοῦ
2469 2474 2803 2541 δοξάζοντος,
2845 2474 2907 2525 τὸ
2952 2473 3052 2543 τῆς
3099 2472 3229 2543 παρ’
3270 2468 3435 2523 αὑτοῦ
3472 2468 3629 2539 δόξης
3659 2483 3794 2537 μετ-

2215 2569 2467 2638 εσχηκός.
2783 2617 2789 2621 .

2285 2658 2345 2711 Β.
2387 2655 2673 2725 Πλείστην,
2696 2649 2871 2725 οἶμαι,
2905 2652 3000 2707 καὶ
3028 2651 3183 2705 αὐτοὶ
3208 2653 3363 2720 φαῖεν
3388 2649 3454 2703 ἂν
3477 2647 3573 2721 τὴν
3600 2646 3792 2716 διαιρο-

2218 2744 2315 2814 ρὰν
2343 2741 2478 2797 Θεοῦ
2509 2759 2569 2795 τε
2595 2741 2687 2795 καὶ
2725 2739 3047 2811 ἀνθρώπων.

2282 2840 2346 2890 Α.
2384 2832 2517 2889 Εἶτα
2547 2834 2663 2898 πῶς
2688 2835 2716 2885 6
2749 2834 3019 2901 πάνσοφος
3052 2829 3282 2892 Παῦλος,
3312 2830 3341 2882 6
3374 2828 3483 2881 τῶν
3505 2826 3663 2881 θείων
3696 2842 3796 2896 μυ-

2217 2930 2455 3001 στηρίων
2491 2926 2803 2998 ἱερουργὸς,
2844 2924 2872 2976 6
2928 2921 3093 2976 αὑτὸν
3139 2920 3345 2975 ἔνοικον
3374 2919 3511 2988 ἔχων
3561 2918 3652 2971 τὸν
3696 2932 3796 2985 κη-

2216 3021 2559 3093 ρυττόμενον,
2589 3019 2680 3071 καἸ⁵
2701 3016 2877 3071 λαλῶν
2904 3017 2960 3068 tv
2990 3013 3290 3083 Πνεύματι,
3317 3011 3408 3065 τὸν
3433 3007 3574 3065 κατὰ
3614 3010 3795 3079 σάρκα

2213 3111 2274 3179 ἐξ
2306 3110 2593 3175 Ἰουδαίων,
2626 3109 2719 3163 καὶ
2741 3107 2873 3161 Θεὸν
2903 3104 3295 3176 ὀνομάζει,καὶ
3327 3101 3618 3172 εὐλογητὸν
3651 3096 3797 3153 εἶναί

2214 3220 2379 3275 φησιν
2410 3204 2486 3266 είς
2529 3202 2655 3263 τοὺς
2691 3198 2915 3262 αἰῶνας,
2972 3198 3152 3268 άμήν;
3187 3195 3251 3248 Τί
3288 3193 3349 3246 τὸ
3404 3193 3659 3246 ὲπέκεινα
3692 3188 3791 3244 τοῦ

2212 3297 2302 3351 ἰπὶ
2334 3293 2533 3359 παντὸς
2570 3293 2705 3347 Θεοῦ
2732 3310 2746 3357 ;
2793 3291 2848 3345 τί
2875 3291 2931 3344 δὲ
2960 3290 3020 3343 τὸ
3058 3287 3241 3360 μεῖζον
3280 3289 3338 3340 tv
3366 3285 3444 3355 τῷ
3473 3286 3536 3337 ἐκ
3578 3283 3791 3354 Πατρὸς

2211 3389 2553 3458 φύντιΛόγῳ
2590 3386 2928 3455 καταθρὴσαι
2958 3399 3042 3445 τις
3089 3380 3155 3434 ἂν
3206 3378 3358 3449 παρά
3412 3394 3476 3445 γε
3526 3376 3617 3430 τὸν
3648 3374 3795 3429 κατὰ

2212 3478 2390 3549 σάρκα
2422 3477 2482 3541 ἐξ
2519 3476 2805 3541 Ἰουδαίων,
2834 3475 2989 3544 είπερ
3034 3473 3181 3524 ἐστὶν
3225 3471 3412 3541 ἔτερος
3445 3469 3577 3540 παρ’
3606 3466 3789 3534 αὐτὸν,

2212 3570 2305 3625 καὶ
2333 3569 2517 3632 ἰδικῶς
2546 3568 2673 3633 Υἱός
2695 3586 2707 3598 ·
2723 3568 2818 3619 καὶ
2853 3564 3006 3619 τοῦτο
3030 3565 3130 3617 οὐκ
3150 3563 3400 3635 ἁληθῶς;

2279 3746 2342 3798 B.
2397 3742 2535 3797 Ἀλλ’
2576 3743 2854 3812 εἰσεδέχθη
2904 3740 3044 3795 κατὰ
3077 3740 3393 3808 συνάφειαν,
3428 3740 3614 3806 φασὶν,
3662 3739 3692 3792 6
3723 3739 3787 3791 tu

2212 3836 2525 3906 σπέρματος
2544 3832 2640 3887 τοῦ
2669 3833 2853 3897 Δαὸὶδ,
2878 3834 2969 3886 καὶ
3000 3832 3299 3902 ἐπειδήπερ
3328 3829 3603 3901 ἐνῴκησεν
3638 3829 3792 3899 αὑτῷ

2206 3926 2342 3989 Θεὸς
2367 3925 2441 3978 ὢν
2466 3927 2495 3977 6
2541 3925 2733 3992 Λόγος,
2760 3927 3005 3977 κοινωνεί
3031 3924 3129 3993 τῆς
3174 3922 3329 3987 ἀξίας
3366 3920 3517 3992 αὐτῷ
3544 3922 3639 3975 καὶ
3683 3921 3787 3990 τῆς

2206 4018 2392 4089 τιμῆς.
2424 4018 2535 4070 Καὶ
2574 4016 2731 4070 τοῦτο
2759 4015 2959 4083 διδάξει
2996 4017 3224 4087 γράφων
3256 4015 3285 4067 6
3320 4014 3613 4087 ἱερώτατος
3634 4011 3785 4068 Παῦ-

2206 4110 2295 4173 λος
2324 4109 2453 4179 περὶ
2489 4106 2675 4162 αὑτοῦ·
2718 4126 2736 4159 ι
2770 4107 2889 4160 Ὀτι
2915 4106 3138 4175 γέγονεν
3190 4106 3429 4177 ὑπήκοος
3478 4102 3558 4174 τῷ
3611 4103 3791 4172 Πατρὶ

2209 4199 2370 4272 μέχρι
2402 4200 2653 4265 Θανάτου,
2690 4199 2924 4253 θανάτου
2953 4198 3010 4253 δὲ
3049 4198 3286 4270 σταυροῦ
3306 4214 3319 4229 ·
3346 4198 3426 4250 διὸ
3463 4195 3561 4249 καὶ
3592 4197 3620 4248 6
3652 4193 3785 4265 Θεὸς

2204 4291 2363 4346 αὐτὸν
2436 4291 2786 4363 ὓπερύψωσε,
2839 4293 2934 4345 καὶ
2981 4291 3273 4362 ἐχαρίσατο
3324 4286 3475 4358 αὐτῷ
3514 4287 3683 4359 δνομα
3722 4286 3784 4340 τὸ

2204 4384 2344 4456 ὑπὲρ
2377 4388 2485 4438 πᾶν
2510 4385 2701 4456 ὄνομα,
2729 4404 2747 4436 ι
2776 4384 2932 4438 τοῦτο
2960 4384 3017 4438 δέ
3043 4386 3158 4438 ἐστι
3183 4384 3266 4449 τὸ,
3289 4383 3443 4446 Θεός.

2272 4564 2336 4615 Α.
2377 4563 2503 4633 ’Ἆρ’
2545 4557 2637 4615 οὖν
2680 4561 2861 4625 ίδικῶς
2909 4578 2969 4614 τε
3017 4560 3111 4614 καὶ
3152 4560 3224 4624 ὼς
3254 4559 3425 4632 ἑτέρῳ
3469 4560 3783 4630 καταμόνας

532 4651 606 4707 lio
634 4652 728 4719 qui.
754 4661 839 4706 est
869 4667 935 4706 ex
968 4652 1174 4707 semine
1209 4653 1395 4716 David,
1428 4654 1612 4709 datum
1644 4654 1809 4711 luisse
1840 4658 2025 4713 dicunt
2067 4676 2096 4715 a

2211 4654 2318 4726 Υἱῷ
2346 4652 2422 4725 τῷ
2456 4657 2520 4706 ὲκ
2554 4654 2865 4723 σπέρματος
2886 4653 3048 4707 Δασὶδ
3079 4651 3323 4706 δεδόσθαι
3346 4652 3481 4722 φασὶ
3507 4652 3658 4723 παρὰ
3684 4652 3781 4705 τοῦ

531 4741 640 4797 Deo
672 4757 867 4801 nomen
898 4746 1038 4812 quod
1070 4755 1153 4798 est
1182 4760 1344 4814 super
1369 4760 1529 4800 omne
1563 4761 1778 4802 nomen.

597 4833 654 4886 Β.
687 4834 760 4888 Ita
784 4836 952 4888 aiunt.
975 4834 1108 4891 Cum
1138 4837 1281 4890 enim
1334 4834 1656 4907 Unigenitus
1682 4840 1754 4893 sit
1786 4839 1924 4895 Deus
1954 4851 2009 4898 et
2031 4859 2097 4899 ex

529 4928 637 4981 Deo
664 4928 961 4980 secundum
997 4938 1269 4993 naturam,
1306 4932 1575 4997 quomodo
1610 4931 1683 4985 illi
1713 4932 1894 4987 datum
1928 4934 2097 4991 fuerit

527 5020 574 5069 id
604 5018 749 5087 quod
782 5033 842 5072 ex
867 5033 923 5071 se
946 5018 1150 5073 habet?

595 5110 657 5161 Α.
702 5108 841 5178 Ergo
871 5109 914 5163 si
944 5110 1009 5167 de
1035 5110 1151 5177 ipso
1179 5108 1381 5164 dictum
1421 5127 1525 5165 non
1570 5121 1653 5167 est
1691 5116 1833 5182 quod
1863 5130 2089 5185 accepe-

528 5195 615 5257 t'il,
645 5195 981 5263 inquiramus
1012 5208 1265 5253 accurate
1314 5201 1667 5269 quamobrem
1703 5204 1916 5259 divinus
1946 5206 2087 5261 Pau-

525 5286 604 5339 lus
638 5288 953 5354 scripserit:
989 5307 1013 5345 ι
1050 5287 1160 5342 Hoc
1197 5290 1338 5343 enim
1376 5294 1573 5345 sentite
1606 5294 1657 5349 in
1694 5296 1845 5350 vobis
1873 5300 2087 5365 quodet

522 5379 572 5430 in
601 5377 817 5433 Christo
849 5377 1018 5435 Iesu:
1056 5381 1145 5449 qui
1193 5396 1315 5436 cum
1364 5382 1416 5436 in
1444 5383 1612 5440 forma
1639 5385 1732 5440 Dei
1779 5401 1943 5453 esset,
1976 5406 2082 5444 non

522 5471 767 5537 rapinam
806 5472 1102 5528 arbitratus
1150 5486 1234 5528 est
1265 5489 1323 5529 se
1348 5489 1468 5531 esse
1512 5480 1772 5549 aequalem
1817 5481 1944 5547 Dco,
1985 5484 2081 5537 sed

520 5564 874 5643 semetipsum
909 5565 1228 5635 exinanivit,
1262 5566 1489 5623 formam
1522 5572 1666 5625 servi
1712 5574 2004 5643 accipiens,
2031 5576 2082 5630 in

520 5641 922 5711 similitudinem
962 5656 1237 5713 hominum
1273 5658 1445 5716 lactus
1501 5673 1556 5722 et
1599 5664 1783 5721 habitu
1831 5641 2084 5725 inventus

584 5833 627 5869 ν’
661 5832 813 5890 Bonl.
849 5854 923 5899 ις,
965 5839 1018 5891 5.
1098 5839 1135 5871 ’⁸
1182 5838 1405 5909 ΙῚιὶΙίιιιι.
1444 5855 1497 5905 ιι,
1534 5842 1586 5905 8,
1618 5840 1668 5894 9.

2200 4748 2333 4803 Θεοῦ
2365 4749 2425 4801 τὸ
2451 4747 2622 4817 ὖνομα
2645 4747 2706 4799 τὸ
2737 4746 2876 4817 ὑπὲρ
2901 4748 3008 4799 πᾶν
3044 4744 3244 4816 δνομα;

2268 4842 2328 4895 Β.
2370 4840 2479 4894 Ναὶ
2537 4840 2687 4910 φασί.
2723 4838 2841 4909 Θεῷ
2892 4837 3001 4909 γάρ
3046 4838 3160 4891 ὄντι
3224 4838 3318 4891 καὶ
3355 4837 3420 4890 ὲκ
3451 4835 3589 4891 Θεοῦ
3636 4837 3778 4893 κατὰ

2200 4930 2361 4999 φύσιν
2421 4927 2499 4999 τῷ
2549 4929 2876 4997 Μονογενεῖ,
2920 4928 3037 4991 πῶς
3081 4925 3146 4981 ἂν
3190 4927 3401 4997 γένοιτο
3432 4927 3604 4993 δοτὸν,
3640 4929 3776 5000 ὅπερ

2198 5023 2347 5093 ἔχει;

2267 5116 2331 5170 Α.
2374 5114 2584 5169 Οὐκοῦν
2616 5116 2665 5168 εἰ
2718 5114 2793 5186 μὴ
2844 5116 2930 5167 ἐπ’
2961 5114 3124 5167 αὐτοῦ
3168 5114 3411 5169 τέθειται
3448 5116 3511 5169 τὸ
3564 5115 3769 5182 λαϐεῖν,

2197 5206 2571 5278 βασανιζέσθω
2611 5207 2843 5270 λεπτῶς,
2881 5207 2937 5272 ἐξ
2980 5199 3055 5259 ὧν
3096 5207 3373 5279 γέγραφεν
3418 5208 3578 5271 αὐτὸς
3621 5209 3649 5260 6
3678 5206 3770 5261 θε-

2194 5301 2415 5363 σπέσιος
2446 5299 2678 5363 Παῦλος,
2706 5319 2725 5352 ι
2754 5300 2924 5353 Τοῦτο
2945 5300 3052 5369 γὰρ
3083 5303 3327 5371 φρονεῖτε
3358 5299 3586 5362 ἕκαστος
3613 5300 3775 5369 ὑμῶν.

2193 5392 2389 5459 αὐτῶν,
2418 5392 2447 5446 δ
2488 5392 2580 5445 καὶ
2616 5393 2673 5446 tv
2726 5393 2945 5464 Χριστῷ
2981 5391 3153 5460 Ἰησοῦ
3176 5409 3192 5423 ο
3216 5391 3274 5454 ὃς
3310 5394 3368 5444 ὲν
3412 5394 3594 5463 μορφῇ
3631 5392 3767 5447 Θεοῦ

2193 5487 2475 5557 ὑπάρχων,
2506 5487 2603 5556 οὑχ
2636 5487 2928 5557 ἁρπαγμὸν
2973 5488 3217 5556 ἡγήσατο
3246 5486 3304 5539 τὸ
3338 5479 3481 5539 εἶναι
3504 5484 3593 5539 ἴσα
3622 5487 3771 5557 Θεῷ,

2191 5578 2304 5631 ἀλλ’
2333 5580 2526 5631 ἑαυτὸν
2555 5580 2809 5643 ἐκένωσε,
2845 5578 3056 5649 μορφὴν
3086 5577 3271 5631 δούλου
3298 5577 3498 5643 λαϐὼν,
3526 5580 3584 5633 ὲν
3610 5581 3765 5649 όμοι-

2189 5668 2370 5741 ὠματι
2417 5670 2702 5741 ἀνθρώπου
2733 5670 3039 5741 γενόμενος,
3093 5672 3185 5724 καὶ
3226 5672 3465 5747 σχήματι
3519 5669 3771 5743 εὑρεθεὶς
