4036 6336
296 452 426 512 (δοί

1424 444 1614 514 QUOD
1660 443 1847 501 UNL'S
1886 442 1992 499 SIT
2032 442 2400 501 CHRISTUS.

3444 431 3583 491 1301

296 572 372 631 ὡς
425 568 709 639 ἄνθρωπος
795 566 1159 620 ἐταπείνωσεν
1205 562 1396 619 ἑαυτὸν
1444 564 1737 633 γενόμενος
1772 563 1875 615 ὐπ-

1990 570 2039 615 ut
2096 562 2278 617 homo.
2327 561 2642 617 llutniliavit
2684 560 3040 627 semetipsum
3094 554 3272 609 {actus
3318 551 3583 608 obediens

300 663 459 724 ήκοος
484 660 647 731 μέχρι
682 659 935 723 Θανάτου,
968 657 1199 711 Θανάτου
1226 657 1285 712 δὲ
1319 654 1582 721 σταυροῦ·
1614 655 1695 707 διὸ
1726 655 1819 706 καὶ
1854 655 1881 706 ὁ

299 754 430 817 Θεὸς
455 753 616 806 αὑτὸν
648 750 997 823 amp-sums,
1031 751 1126 804 καὶ
1161 748 1457 822 ἐχαρίσατο
1491 746 1641 817 αὐτῷ
1669 747 1730 799 τὸ
1762 747 1879 798 δνο-

304 863 399 915 μα,
425 845 487 898 τὸ
511 845 651 915 ὑπὲρ
675 846 781 898 πᾶν
810 843 999 915 ὄνομα.
1024 862 1043 896 ι
1069 844 1242 913 Εἴπερ
1266 836 1360 895 οὖν
1391 843 1506 895 ἐστι
1539 840 1661 892 κατ’
1686 840 1882 900 αὐτοὺς

298 939 327 990 ό
359 940 423 991 ἐκ
462 938 778 1007 σπέρματος
818 936 911 989 τοῦ
941 936 1105 990 Δαδίδ
1150 935 1334 997 ἰδικῶς
1362 951 1421 987 τε
1446 934 1537 987 καί
1569 932 1882 1001 καταμόνας

299 1027 585 1099 νοούμενος
613 1027 709 1083 ἄνθ
718 1046 918 1099 ρωπος,
942 1028 1003 1081 τὸ
1024 1027 1163 1098 ὑπὲρ
1188 1028 1296 1081 πᾶν
1325 1026 1494 1095 ὗνομα
1518 1023 1719 1084 λαϐὼν,
1743 1025 1881 1075 ἀπο-ο

300 1120 603 1187 φαινόντων
652 1120 814 1174 αὑτὸν
857 1120 1284 1191 προϋπάρχοντα
1324 1118 1422 1189 μὲν
1452 1118 1510 1169 ἐν
1547 1119 1729 1187 μορφῇ
1786 1116 1881 1168 τοῦ

298 1212 458 1278 Θεοῦ,
484 1214 581 1284 οὐχ
609 1214 965 1284 ἡγησάμενον
992 1213 1049 1267 δέ
1071 1211 1369 1283 ἁρπαγμὸν
1389 1210 1449 1263 τὸ
1470 1204 1610 1261 εἶναι
1629 1210 1719 1261 ἰσα
1741 1207 1879 1277 Θεῷ,

299 1306 393 1357 καὶ
413 1305 547 1375 πρός
569 1322 630 1373 γε
646 1306 842 1375 τούτῳ,
857 1304 1091 1359 λαῦόντα
1106 1305 1207 1376 τὴν
1227 1303 1414 1356 δούλου
1440 1302 1675 1375 μορφὴν,
1692 1302 1766 1363 ὡς
1784 1302 1883 1353 οὐκ

300 1395 490 1465 ἔχοντα
516 1396 779 1467 δηλονότι,
809 1398 900 1451 καὶ
927 1398 1027 1450 οὒκ
1060 1396 1189 1450 ὄντα
1213 1395 1371 1449 τοῦτο
1404 1396 1533 1462 πρὶν
1561 1394 1721 1465 λάϐῃ.
1746 1392 1884 1447 Καί-

298 1507 402 1554 τοι,
427 1489 571 1544 καθά
596 1507 760 1559 φασιν
788 1490 964 1552 αὐτοὶ,
989 1490 1083 1543 καί
1118 1492 1335 1561 φρονεῖν
1362 1486 1691 1556 ἐγνώκασιν,
1719 1486 1882 1555 ιῦτός

299 1585 448 1636 ἐστιν
479 1586 511 1654 ἡ
566 1584 662 1636 τοῦ
692 1583 879 1637 δούλου
929 1585 1135 1655 μορφή.
1187 1578 1320 1636 Εἶτα
1360 1582 1474 1646 πῶς
1506 1581 1573 1634 ἂν
1605 1579 1775 1651 αὐτὴν
1808 1579 1883 1644 ὡς

297 1677 398 1729 οὐκ
420 1675 559 1746 ἔχων
589 1676 777 1741 λάῦοι;
814 1675 931 1739 πῶς
967 1676 1011 1729 δ’
1047 1674 1113 1729 ἂν
1144 1675 1236 1730 καὶ
1280 1674 1566 1747 ἄνθρωπος
1602 1676 1659 1727 ἐν
1688 1672 1885 1745 ὁμοιώ-

302 1779 436 1832 ματι
466 1762 769 1834 ἀνθρώπων
806 1765 1063 1833 γενέσθαι
1102 1768 1309 1830 νοοῖτο;
1348 1765 1656 1837 εὑρίσκοιτο
1698 1764 1754 1817 δὲ
1790 1764 1884 1818 καὶ

299 1850 377 1915 ὠς
424 1852 709 1924 ἄνθρωπος
760 1857 1038 1926 σχήματι;
1090 1855 1179 1927 ἄρ’
1229 1853 1323 1916 οὖν
1388 1856 1771 1927 περιτρέψειεν
1818 1856 1884 1910 ἂν

1988 669 2156 725 usque
2190 656 2255 709 ad
2293 664 2547 718 mortem,
2584 663 2815 708 mortem
2866 659 3049 705 autem
3086 646 3292 702 crucis.
3346 643 3581 714 Propter

1986 746 2130 814 quod
2168 756 2225 799 et
2253 745 2395 800 Deus
2418 744 2681 799 exultavit
2714 743 2896 804 illum,
2929 750 2985 796 et
3012 739 3238 794 donavit
3273 737 3349 791 illi
3380 750 3581 789 nomen

1984 836 2127 905 quod
2160 845 2245 891 est
2286 852 2452 906 super
2491 851 2652 891 omne
2694 850 2892 889 nomen
2926 834 2993 887 ".
3034 850 3053 884 ι
3093 831 3150 887 Si
3194 843 3349 900 ergo,
3388 837 3447 882 ut
3479 826 3581 895 ipsi

1987 929 2192 992 vulunt,
2222 930 2267 985 is
2300 932 2394 1001 qui
2419 940 2503 986 est
2540 944 2608 985 ex
2645 928 2855 984 semine
2899 925 3067 979 David
3115 923 3473 994 peculiariter
3517 934 3582 973 ac

1985 1018 2161 1074 solum
2204 1030 2461 1076 censetur
2500 1022 2665 1077 homo
2693 1061 2707 1085 ,
2754 1027 2981 1087 accepto
3030 1015 3251 1071 nomine
3302 1012 3447 1084 quod
3499 1020 3585 1066 est

1985 1126 2151 1180 super
2182 1129 2347 1169 omne
2373 1129 2592 1181 nomen,
2621 1129 2766 1168 cum'
2790 1112 2891 1181 ipsi
2925 1117 3172 1164 statuant
3221 1107 3399 1177 ipsum
3432 1102 3585 1173 prius

1985 1210 2264 1265 exstitisse
2300 1208 2520 1277 quidem
2574 1207 2628 1261 in
2670 1205 2842 1259 forma
2891 1203 3008 1267 Dei,
3045 1218 3151 1257 non
3187 1216 3317 1255 vero
3344 1198 3583 1252 arbitra-

1988 1312 2102 1356 tum
2134 1314 2256 1356 csse
2290 1300 2533 1369 rapinam
2568 1314 2691 1353 csse
2718 1298 2985 1369 aequalem
3040 1298 3169 1359 Deo,
3203 1307 3268 1348 ac
3321 1300 3585 1362 prmterea

1987 1394 2265 1464 accepisse
2292 1391 2524 1447 formam
2557 1391 2726 1455 servi,
2758 1390 3018 1445 nimirum
3060 1395 3119 1456 ut
3149 1401 3211 1441 ea
3245 1399 3350 1439 non
3390 1380 3587 1452 praedi-

1990 1497 2124 1551 tum,
2172 1501 2351 1556 neque
2406 1485 2765 1539 exsistentem
2815 1482 2867 1537 id
2931 1489 3225 1548 antequam
3286 1475 3584 1544 acciperet.

1985 1579 2253 1649 Cumque,
2294 1586 2353 1633 ut
2389 1578 2491 1647 ipsi
2532 1578 2723 1632 dicunt
2768 1584 2825 1631 et
2869 1574 3081 1631 sentire
3127 1570 3333 1636 solent,
3362 1568 3481 1638 ipse
3515 1567 3589 1622 sit

1988 1670 2150 1743 742
2173 1669 2315 1725 servi
2350 1668 2567 1723 forma:
2600 1680 2839 1739 quonam
2886 1672 3045 1737 pacto
3080 1677 3202 1718 eam
3256 1669 3315 1715 ut
3344 1674 3454 1714 non
3492 1658 3589 1713 ha-

1989 1765 2120 1819 bens
2155 1762 2434 1835 accipiat?
2459 1761 2852 1832 autquomodo
2882 1759 3051 1815 etiam
3089 1762 3253 1812 homo
3288 1756 3340 1809 in
3393 1752 3589 1809 simili-

1991 1858 2234 1913 tudinem
2274 1856 2559 1912 hominum
2585 1852 2769 1909 factus
2799 1849 3196 1921 intelligatur?
3221 1856 3316 1920 aut
3339 1845 3587 1901 invenia-

299 1941 501 2007 αὐτοὺς
534 1948 625 1997 καὶ
657 1946 755 2015 οὐχ
786 1947 1033 2010 ἑκόντας,
1064 1946 1164 2018 ἤδη
1202 1965 1319 2011 πως
1350 1948 1458 2001 τῶν
1487 1948 1706 2001 ἐννοιῶν
1732 1950 1764 2019 ἡ
1798 1948 1887 2002 δύο

1994 1961 2082 2004 tur
2112 1950 2279 2004 etiam
2311 1946 2499 2003 babitu
2528 1954 2588 2001 ut
2616 1943 2819 2001 homo?
2860 1941 2981 2014 Ipsa
3034 1944 3219 2010 itaque
3250 1938 3603 2019 contempla-g

305 2049 484 2102 ναμις,
521 2034 612 2088 ἐπί
646 2052 708 2103 γε
736 2036 795 2088 τδ
818 2034 927 2088 δεῖν
958 2035 1155 2089 εἰδέναι
1186 2036 1247 2089 τὸ
1271 2037 1491 2108 ἀληθές.

374 2218 433 2275 Β.
475 2217 547 2271 Τὸ
578 2219 729 2271 ποῖον
748 2235 762 2281 ς

372 2314 437 2367 Δ.
487 2310 545 2364 Ὀ
570 2310 680 2383 γὰρ
715 2311 977 2383 ὑπάρχων
1011 2314 1070 2366 ἐν
1108 2315 1291 2384 μορφῇ
1327 2313 1420 2366 τοῦ
1460 2311 1598 2367 Θεοῦ
1642 2313 1737 2367 καὶ
1774 2314 1888 2367 Πα-

302 2404 430 2473 τρός
456 2402 588 2466 Θεὸς
612 2403 806 2472 Λόγος.
840 2404 867 2456 ό
896 2403 997 2475 τῆς
1019 2404 1372 2468 ὑποστάσεως
1396 2404 1561 2459 αὑτοῦ
1584 2405 1886 2478 χαρακτὴρ,

300 2499 329 2549 ὁ
361 2495 503 2549 κατὰ
533 2498 644 2550 πᾶν
688 2494 869 2549 ὁτιοῦν
906 2495 1180 2568 ἰσομιρῶς
1218 2496 1357 2567 ἔχων
1388 2498 1467 2569 τῷ
1502 2497 1755 2567 φύσαντι,
1799 2515 1890 2551 κε-

301 2587 545 2641 κὲνωκεν
570 2588 783 2642 ἑαυτόν.

374 2680 434 2733 Β.
477 2681 585 2734 Καὶ
607 2681 737 2734 ποία
760 2681 843 2745 τίς
865 2682 1013 2735 ἐστιν
1039 2683 1071 2753 ἠ
1104 2672 1365 2748 κένωσιςς

373 2772 436 2826 Δ.
477 2771 549 2825 Τὸ
580 2773 637 2826 ἐν
672 2772 974 2845 προσλήψει
1004 2772 1257 2843 γενέσθαι
1292 2773 1515 2847 σαρκὸς,
1552 2774 1643 2828 καὶ
1672 2776 1730 2828 ἐν
1770 2774 1890 2829 δού-

299 2858 393 2913 ὶου
429 2864 637 2934 μορφῇ,
664 2865 697 2934 ἠ
724 2863 861 2935 πρὸς
889 2865 1038 2935 ἡμᾶς
1071 2864 1335 2936 ὁμοίωσις
1364 2865 1455 2919 τοῦ
1486 2865 1561 2937 μὴ
1587 2866 1708 2920 καθ’
1739 2867 1890 2937 ἡμᾶς

302 2951 425 3006 κατ’
458 2952 595 3008 ἰδίαν
637 2954 823 3023 φύσιν,
856 2954 970 3007 ἀλλ’
1001 2955 1141 3025 ὑπὲρ
1174 2957 1356 3009 πᾶσαν
1385 2955 1538 3019 ὄντος
1562 2955 1663 3027 τὴν
1689 2956 1887 3011 κτίσιν.

301 3044 461 3099 Οὖτω
498 3046 899 3100 τεταπείνωκεν
940 3047 1156 3112 ἐαυτὸν,
1200 3047 1390 3111 καθεὶς
1428 3047 1788 3118 οἰκονομικῶς
1832 3048 1891 3100 ἐν

300 3137 546 3209 τοῖςητῆς
584 3136 1007 3208 άνθρωπότητος
1058 3137 1299 3209 μέτροις.
1345 3138 1486 3192 Ἀλλ’
1516 3134 1586 3210 ἦν
1611 3139 1704 3193 καὶ
1745 3137 1891 3194 οὕτω

1993 2042 2201 2096 tinuum
2238 2041 2321 2095 vis
2344 2053 2441 2095 eos
2471 2036 2639 2095 etiam
2670 2035 2877 2093 invitos
2917 2035 2985 2091 ad
3022 2033 3277 2090 veritatis
3313 2020 3595 2104 cognitio4

1990 2147 2111 2187 nem
2140 2129 2450 2201 compellat.

2062 2224 2121 2279 Β.
2157 2223 2457 2292 Cujusnam
2477 2222 2504 2276 τ

2062 2317 2128 2368 Α.
2166 2313 2310 2370 Deus
2350 2313 2495 2369 enim
2536 2310 2775 2367 Verbum
2820 2306 2876 2365 in
2929 2307 3106 2366 forma
3154 2308 3247 2364 Del
3300 2321 3366 2363 ac
3408 2305 3591 2363 Patris

1990 2409 2288 2476 exsistens,
2314 2416 2369 2461 et
2412 2406 2702 2460 character
2746 2401 3004 2460 essentia:
3053 2402 3245 2472 ipsius,
3275 2401 3369 2473 qui
3408 2398 3591 2456 omni-

1992 2498 2151 2553 moda
2205 2497 2565 2554 similitudine
2612 2495 2763 2552 Patri
2810 2493 3042 2567 aequalis
3104 2502 3232 2561 est,
3284 2491 3591 2550 sxinanivit

1990 2590 2370 2660 semetipsum.

2067 2677 2131 2734 Β.
2159 2678 2421 2747 Quzenam
2453 2692 2584 2735 vero
2612 2686 2697 2734 est
2719 2676 2805 2731 illa
2837 2674 3171 2732 exinanitto?

2066 2768 2131 2825 Α.
2158 2768 2482 2839 Assumptio
2508 2768 2696 2824 carnis
2727 2776 2782 2823 et
2812 2766 3003 2823 formae
3040 2765 3283 2833 servilis,
3309 2774 3364 2821 et
3395 2764 3592 2822 simili-

1991 2862 2125 2917 tudo
2156 2862 2353 2927 nosui,
2385 2859 2503 2929 ejus
2532 2861 2623 2931 qui
2645 2860 2799 2931 juxta
2826 2874 2979 2914 suam
3014 2868 3265 2914 naturam
3299 2858 3457 2914 nobis
3493 2873 3591 2915 ne-

1993 2969 2263 3026 quaquam
2302 2954 2500 3009 similis
2541 2962 2646 3018 est,
2678 2953 2773 3008 sed
2822 2968 3042 3009 omnem
3078 2961 3387 3008 creaturam
3431 2950 3596 3023 longe

1992 3055 2231 3116 superat.
2255 3044 2331 3100 Ita
2355 3044 2664 3100 humiliavit
2685 3045 2947 3115 seipsum,
2972 3044 3268 3100 demittens
3290 3058 3349 3100 se
3374 3059 3470 3115 per
3494 3044 3593 3099 ad-

1995 3138 2457 3194 ministrationem
2490 3137 2544 3192 in
2585 3152 2755 3193 carne
2779 3137 2848 3192 ad
2886 3138 3138 3192 bumanaa
3165 3146 3375 3192 natura
3407 3138 3596 3194 condi-

300 3227 455 3293 Θεδς,
504 3228 580 3292 ὡς
633 3228 706 3300 μὴ
761 3228 913 3283 δοτὸν
959 3229 1099 3301 ἔχων
1146 3230 1208 3282 τὸ
1239 3228 1419 3298 φύσειι
1463 3230 1670 3301 προσὸν
1717 3230 1885 3302 αὐτῷ.

2000 3230 2224 3285 tionem.
2258 3230 2531 3286 Cancrum
2564 3240 2684 3286 erat
2705 3231 2869 3287 etiam
2907 3232 3011 3286 hoc
3038 3240 3196 3301 pacto
3222 3228 3385 3297 Deus,
3407 3239 3597 3300 utpote

302 3321 597 3393 Τοιγάρτοι
658 3322 750 3375 καὶ
789 3321 995 3391 ἔφασκε
1052 3322 1188 3393 πρὸς
1220 3321 1313 3375 τὸν
1364 3323 1423 3375 ἐν
1472 3324 1585 3385 τοῖς
1641 3322 1890 3393 οὐρανοῖς

304 3414 526 3487 Πατέρα
560 3416 652 3469 καὶ
681 3416 831 3473 Θεόνο
871 3434 888 3467 ι
923 3416 1128 3488 Πάτερ,
1174 3416 1396 3483 δόξασόν
1437 3434 1505 3486 με
1554 3418 1621 3486 τῇ
1673 3416 1823 3487 δόξῃ,
1856 3410 1890 3490 ᾖ

301 3497 467 3574 εἶχον,
514 3504 613 3579 πρὸ
646 3505 740 3559 τοῦ
767 3505 1093 3575 τὸνκόσμον
1124 3502 1283 3572 εἶναι,
1320 3505 1470 3578 παρὰ
1495 3506 1597 3560 σοί.
1624 3525 1642 3558 ι
1672 3506 1747 3559 Οὐ
1782 3506 1892 3577 γάρ

300 3611 386 3648 τοι
416 3596 575 3663 φαῖεν
593 3594 680 3661 ἂν,
704 3592 859 3667 οἶμαί
888 3614 1013 3663 που,
1042 3597 1382 3667 προκόσμιον
1430 3597 1590 3663 δόξαν
1632 3596 1708 3660 ὡς
1754 3598 1893 3651 ἰδίαν

304 3688 499 3753 αἰτεῖν,
528 3686 621 3741 τὸν
658 3688 721 3740 ἐκ
760 3687 1078 3758 σπέρματος
1111 3687 1205 3740 τοῦ
1241 3688 1406 3741 Δασιδ
1433 3691 1490 3740 ἐν
1517 3688 1769 3759 ἐσχάτοις
1796 3688 1890 3742 τοῦ

304 3779 497 3842 αἰῶνος
525 3778 787 3849 τεχθέντα
830 3782 1062 3851 καιροῖς,
1104 3778 1263 3850 εἴπερ
1297 3781 1445 3833 ἐστὶν
1486 3782 1673 3853 ἔτερος
1709 3780 1893 3845 ἰδικῶς

306 3869 432 3934 rte,
468 3872 619 3942 παρὰ
647 3872 738 3926 τὸν
765 3872 922 3941 φύσει
950 3888 1010 3925 τε
1043 3873 1136 3926 καὶ
1164 3871 1401 3939 άληθῶς,
1440 3872 1639 3945 θεοπρε
1651 3874 1890 3946 πεστάτη

302 3962 358 4017 δὲ
399 3962 601 4033 μᾶλλον
629 3962 718 4034 εἴη
735 3962 801 4017 ἂν
832 3963 865 4033 ἡ
896 3963 1075 4017 τοιάδε
1112 3964 1288 4034 φωνή.
1318 3963 1469 4017 Ἔδει
1500 3964 1630 4036 γὰρ,
1655 3964 1764 4018 ἔδει
1798 3967 1893 4019 καὶ

304 4057 418 4116 τοῖς
453 4056 554 4125 τῆς
612 4052 1037 4125 ἁνθρωπότητος
1080 4054 1248 4108 αὑτὸν
1291 4055 1745 4126 συμπλάττεσθαι
1792 4058 1893 4127 μέ-

304 4164 473 4218 τροις,
508 4145 603 4200 xui.
645 4147 1018 4218 άπαράσημον
1054 4146 1199 4217 ἔχειν
1227 4146 1327 4217 τῆς
1358 4146 1701 4218 Θεοπρεποῦς
1736 4150 1893 4216 ἀξίας

304 4236 401 4307 τὴν
433 4236 709 4310 ὑπεροχὴν
728 4238 1002 4301 οὐσιωδῶς
1027 4238 1252 4292 ἐνοῦσαν
1278 4238 1447 4309 αὐτῷ,
1469 4240 1722 4311 καθάπερ
1754 4242 1893 4311 ἀμέ-

306 4330 386 4382 λει
420 4330 607 4401 καὶτῷ
642 4332 838 4403 Πατρί.
858 4332 1011 4384 Ἐπεί
1039 4332 1162 4385 τίνα
1187 4331 1390 4403 τρόπον
1411 4332 1609 4404 ἀληθὲς
1640 4334 1755 4400 τὸ,ι
1780 4336 1894 4388 Οὐκ

305 4421 459 4477 ἐσται
491 4424 549 4475 ἐν
582 4424 667 4477 σοὶ
687 4423 820 4487 Θεὸς
850 4425 1219 4493 πρόσφατος,›
1248 4425 1301 4477 εῖ
1319 4442 1383 4494 γε
1417 4424 1745 4480 θεοποιεῖται
1769 4430 1891 4481 κατ’

306 4514 504 4577 αὐτοὺς
527 4513 812 4587 ἄνθρωπος
848 4516 1115 4587 συναφείᾳ
1147 4519 1214 4588 τῇ
1252 4517 1387 4590 πρὸς
1414 4518 1505 4572 τὸν
1540 4519 1732 4588 Λόγον,
1769 4521 1894 4572 σύν-

1997 3322 2091 3391 qui
2143 3322 2195 3376 id
2245 3321 2391 3391 quod
2436 3336 2505 3376 ex
2555 3330 2749 3376 natura
2794 3336 2893 3375 sua
2920 3321 3108 3386 habet,
3145 3336 3253 3375 non
3296 3323 3592 3391 acceperit.

1995 3412 2232 3470 Proinde
2282 3423 2337 3469 et
2392 3413 2459 3468 ad
2501 3413 2786 3469 caelestem
2830 3412 3049 3467 Patrem
3104 3427 3169 3468 ac
3218 3413 3385 3469 Deum
3433 3413 3597 3478 dixit,

2000 3524 2019 3557 ι
2050 3503 2240 3570 Pater,
2289 3502 2536 3574 gloriﬁca
2577 3520 2665 3559 me
2694 3520 2759 3559 ea
2806 3502 2976 3573 gloria
3008 3518 3172 3573 quam
3221 3504 3387 3559 habui
3434 3515 3594 3560 ante-

1996 3612 2161 3666 quam
2217 3596 2452 3652 mundus
2510 3605 2689 3663 esset,
2735 3596 2879 3666 apud
2918 3606 2971 3651 te
3021 3595 3087 3650 ".
3144 3615 3163 3647 ι
3208 3593 3398 3666 Neque
3448 3597 3594 3653 enim

1995 3688 2258 3751 dixerint,
2288 3688 2547 3753 arbitror,
2582 3687 2811 3759 gloriam
2836 3702 2957 3758 quae
2990 3697 3116 3742 ante
3141 3690 3595 3746 constitutionem

1997 3779 2185 3836 mundi
2227 3780 2352 3847 fuit,
2391 3791 2651 3851 tanquam
2686 3779 2965 3849 propriam
3004 3789 3194 3850 petere
3225 3796 3348 3835 eum
3382 3781 3473 3851 qui
3520 3796 3591 3837 ex

1995 3874 2206 3930 semine
2245 3872 2418 3928 David
2448 3872 2765 3929 novissimis
2808 3872 2997 3927 saeculi
3050 3873 3398 3943 temporibus
3427 3880 3595 3930 natus

1996 3964 2119 4031 fuit,
2149 3964 2195 4020 si
2228 3972 2315 4019 est
2338 3962 2480 4019 alius
2512 3964 2744 4019 seorsim
2776 3962 2950 4019 Filius
2981 3964 3051 4020 ab
3084 3979 3152 4019 eo
3194 3965 3285 4033 qui
3324 3964 3595 4021 naturali-

1999 4066 2081 4112 ter
2109 4070 2172 4111 ac
2211 4070 2342 4112 vere
2376 4056 2430 4111 id
2458 4065 2565 4122 est,
2598 4056 2694 4113 sed
2726 4057 2908 4128 potius
2933 4071 2996 4113 ea
3026 4070 3127 4111 vox
3155 4056 3433 4112 divinitati
3464 4071 3597 4113 con-

1996 4148 2269 4205 veniebat.
2305 4148 2565 4217 Oportnit
2597 4150 2744 4204 enim
2785 4150 2937 4204 illum
2992 4158 3049 4203 et
3094 4150 3349 4205 humanas
3386 4160 3597 4204 natura:

1998 4240 2215 4296 modulo
2250 4240 2610 4305 conformari,
2647 4252 2813 4309 atque
2869 4243 3135 4313 integram
3184 4242 3383 4297 divinas
3418 4242 3599 4311 digni-

1997 4331 2127 4387 tatis
2188 4330 2568 4386 excellentiam
2624 4331 2909 4397 retinere,
2945 4328 3319 4384 essentialiter
3373 4328 3427 4382 in
3478 4329 3598 4397 ipso
3640 4400 3645 4405 η

1996 4422 2380 4486 exsistentem,
2417 4422 2559 4476 sicut
2592 4430 2647 4476 et
2690 4421 2743 4474 in
2775 4418 2957 4475 Patre.
3000 4417 3282 4488 Siquidem
3318 4418 3597 4489 quomodo

1995 4526 2182 4568 verum
2212 4512 2317 4567 erit
2349 4510 2479 4565 illud
2509 4527 2523 4565 :
2566 4528 2585 4561 ι
2612 4508 2728 4565 Non
2749 4509 2853 4564 erit
2883 4510 2934 4563 in
2973 4520 3025 4563 te
3055 4508 3201 4564 Deus
3234 4524 3433 4565 recens
3453 4510 3521 4576 “,
3571 4526 3592 4563 ι

306 4605 497 4677 θρονός
529 4624 587 4660 τε
635 4608 730 4661 καὶ
760 4608 1017 4672 κοινωνὸς
1050 4607 1127 4680 τῷ
1158 4609 1335 4681 Πατρὶ
1372 4611 1472 4683 τῆς
1516 4611 1674 4679 ἀξίας
1697 4612 1888 4666 ἀναδε-

1999 4605 2042 4661 si
2098 4604 2253 4674 juxta
2306 4604 2522 4659 illorum
2580 4602 2893 4674 opinionem
2950 4602 3115 4657 homo
3166 4602 3405 4659 edicitur
3452 4602 3599 4659 Deus

304 4694 423 4767 δειγ
471 4696 591 4762 ένος
610 4715 626 4764 ;

378 4879 439 4935 Β.
476 4874 552 4935 Εὖ
590 4877 747 4951 ἔφης.

376 4974 442 5027 Δ.
478 4972 606 5038 Πῶς
629 4974 673 5028 δ’
704 4973 770 5029 ἂν
792 4975 985 5043 νοῆσαι
1014 4974 1215 5046 πρέποι
1242 4974 1302 5027 τὸ
1328 4973 1414 5028 διὰ
1431 4974 1530 5045 τῆς
1554 4973 1649 5027 τοῦ
1679 4974 1894 5029 Παύλου

303 5068 491 5139 φωνῆς
546 5070 726 5139 σοφῶς
767 5068 1088 5141 εἰρημένον·
1142 5087 1160 5119 ι
1198 5067 1261 5121 Εἰ
1297 5069 1407 5139 γάρ
1465 5070 1559 5122 καὶ
1617 5068 1725 5121 εἰσὶ
1779 5068 1891 5122 θεοῖ

307 5161 494 5216 πολλοὶ
516 5160 573 5214 ἐν
596 5178 657 5215 τε
692 5161 908 5233 οὐρανῷ
945 5164 1039 5215 καὶ
1064 5162 1160 5214 ἐπὶ
1187 5160 1312 5231 γῆς,
1340 5160 1456 5214 ἀλλ’
1480 5164 1611 5231 ἡμῖν
1640 5155 1719 5224 εἷς
1759 5161 1891 5225 Θεὸς

307 5254 335 5307 ό
360 5251 572 5323 Πατὴρ,
607 5251 666 5318 ἐξ
704 5244 764 5305 οὗ
797 5250 1103 5313 τὰπάντα,
1139 5250 1234 5303 καὶ
1274 5252 1436 5321 ἡμεῖς
1475 5248 1535 5314 ἐξ
1572 5248 1759 5313 αὑτοῦ,
1795 5250 1891 5302 καὶ

310 5338 389 5407 εἷς
431 5344 637 5415 Κύριος
678 5343 887 5414 Ἰησοῦς
942 5343 1196 5414 Χριστὸς,
1240 5340 1309 5395 δι’
1359 5337 1419 5396 οὗ
1460 5343 1527 5395 τὰ
1566 5342 1762 5407 πάντα,
1796 5344 1891 5395 καὶ

309 5438 469 5507 ἡμεῖς
498 5436 564 5490 δι’
590 5434 775 5490 αὐτοῦ.
806 5455 822 5487 ι
854 5436 1001 5498 Ἐνὸς
1036 5436 1091 5489 δέ
1122 5436 1275 5498 ὄντος
1306 5435 1511 5505 Κυρίου
1554 5434 1727 5504 Ἰησοῦ
1760 5436 1893 5504 Χρι-

312 5526 460 5592 στοῦ,
486 5529 580 5582 καὶ
604 5528 670 5581 δι’
695 5528 861 5581 αὐτοῦ
886 5530 953 5581 τά
986 5532 1166 5584 πάντα
1196 5529 1473 5599 παρῆχθαι
1512 5530 1648 5601 πρὸς
1678 5530 1892 5598 γένεσιν

310 5614 368 5673 εὖ
412 5618 557 5689 μάλα
585 5618 940 5690 διειρηκότος,
966 5622 1019 5674 τί
1052 5622 1345 5693 δράσομεν,
1373 5616 1417 5674 ὦ
1443 5626 1701 5689 γενναῖοι,
1728 5622 1896 5692 διοριο

310 5712 513 5778 ζάντων
562 5714 717 5783 ὑμῶν
771 5714 864 5768 τοῦ
920 5714 1323 5785 ἀναληφθέντος
1378 5716 1690 5787 ἀνθρώπου,
1750 5718 1895 5771 καθὰ

386 5888 429 5920 ³³
467 5887 701 5959 Philipp.
732 5904 789 5951 tt.
824 5889 937 5944 5-9.
1023 5888 1243 5946 "Joan.
1288 5906 1414 5947 xvtt.
1470 5890 1521 5942 5.

1995 4712 2094 4768 per
2130 4695 2576 4765 coniunctionem
2614 4710 2737 4749 cum
2772 4692 2979 4761 Verbo,
3014 4709 3267 4751 assessor
3318 4703 3375 4752 et
3421 4696 3596 4769 parti-

1996 4806 2125 4861 ceps
2159 4790 2349 4862 gloriae
2375 4804 2497 4846 cum
2530 4787 2695 4844 Patre
2724 4786 3086 4843 declaratus?

2067 4885 2129 4940 Β.
2168 4885 2337 4940 Recte
2368 4884 2525 4939 dicis.

2068 4978 2135 5033 A.
2167 4977 2449 5045 Quomodo
2489 4986 2675 5032 autem
2717 4974 2944 5047 intelligi
2984 4974 3161 5046 possit
3200 4973 3331 5030 illud
3366 4990 3396 5030 a
3428 4973 3600 5031 Paulo

2000 5072 2277 5141 sapienter
2323 5070 2548 5134 dictum,
2590 5086 2610 5120 ι
2650 5068 2709 5123 Si
2745 5068 2892 5122 enim
2947 5068 3111 5123 etiam
3160 5076 3291 5122 sunt
3336 5066 3410 5122 dii
3443 5066 3600 5122 multl

2002 5164 2055 5218 in
2091 5161 2233 5218 coelo
2268 5171 2322 5217 et
2350 5162 2403 5217 in
2434 5170 2580 5215 terra
2618 5178 2632 5214 :
2683 5170 2740 5215 at
2770 5159 2927 5214 nobis
2958 5174 3099 5215 unus
3134 5160 3280 5215 Deus
3301 5158 3485 5225 Pater,
3531 5174 3611 5215 ex.

2002 5270 2111 5325 quo
2148 5254 2354 5320 omnia,
2398 5261 2453 5307 et
2473 5267 2573 5307 nos
2596 5266 2662 5307 ex
2696 5253 2816 5322 ipso
2842 5268 2856 5318 ;
2881 5259 2937 5306 et
2969 5267 3112 5306 unus
3143 5250 3407 5307 Dominus
3438 5249 3602 5308 Jesus

2002 5346 2273 5409 Christus,
2310 5359 2407 5415 per
2429 5359 2591 5414 quem
2624 5346 2831 5409 omnia,
2871 5353 2926 5400 et
2969 5358 3068 5398 nos
3100 5360 3196 5413 per
3232 5345 3409 5410 ipsum
3445 5342 3531 5399 "2
3568 5362 3588 5397 ι

2000 5435 2135 5491 Cum
2180 5451 2307 5491 vero
2352 5450 2493 5489 unus
2550 5435 2624 5491 sit
2678 5435 2942 5492 Dominus
2988 5434 3145 5490 Jesus
3201 5434 3488 5497 Christus.
3542 5444 3601 5491 et

2004 5545 2099 5601 per
2139 5529 2314 5598 ipsum
2356 5528 2541 5582 omnia
2580 5528 2648 5581 ad
2694 5538 2873 5582 ortum
2931 5528 3165 5582 adducta
3218 5541 3344 5583 esse
3391 5526 3598 5583 Paulus

2006 5627 2309 5683 rectissime
2339 5626 2525 5680 dicat:
2565 5625 2693 5696 quid
2732 5640 2976 5695 agemus,
3016 5624 3142 5678 boui
3180 5624 3308 5689 viri,
3343 5638 3466 5678 cum
3498 5636 3597 5677 vos

2005 5725 2343 5785 assumptum
2402 5715 2576 5777 illum,
2628 5724 2689 5769 ut
2742 5714 2947 5777 dicitis,
2999 5713 3280 5769 hominem
3332 5730 3361 5769 a
3415 5711 3595 5770 Verbo

1605 5890 1644 5921 ¹’·
1673 5890 1840 5945 Exod.
1893 5906 1985 5953 rx,
2012 5891 2080 5955 5;
2114 5888 2233 5943 I'sal
2287 5906 2450 5955 uss,
2492 5892 2569 5943 l0.
2656 5888 2738 5943 "l
2776 5889 2904 5944 (Jor.
2941 5904 3064 5953 vm,
3103 5887 3235 5958 5,5.
