4036 6336
516 411 647 472 1503

1531 411 1589 465 S.
1631 410 1905 467 (IV-IUL”
1948 408 2409 464 ALEXANDMINI
2450 406 2768 463 ARClllEP.

3622 400 3753 458 lSM

513 540 656 604 quod
686 552 749 590 ex
775 533 934 588 Patre
962 545 1197 603 genitum
1239 541 1344 597 est,
1375 533 1759 603 distinguatis?
1785 542 1874 585 aut
1910 546 2068 601 quem

2200 549 2333 593 tau,
2355 532 2445 584 τὸν
2479 534 2542 584 ἐκ
2562 530 2696 583 Θεοῦ
2727 530 2934 599 Ιιατρὸς
2968 528 3172 594 ⁸Χόγον;
3208 524 3327 579 τίνα
3358 523 3614 592 γενέσθαι
3645 542 3745 593 φα-

514 643 633 682 esse
667 628 909 681 dicemus
938 626 1176 679 onmium
1208 635 1359 679 ortus
1386 635 1659 681 auctorem
1685 627 1707 678 ἲ

590 718 650 771 Β.
681 718 811 770 Eum
859 718 950 786 qui
1000 726 1083 771 "est
1132 716 1223 771 Dei
1279 717 1456 773 Patris
1494 717 1790 771 secundum
1832 726 2076 772 naturam

517 807 705 871 Filius,
744 809 843 861 huc
876 816 991 871 est,
1031 805 1368 878 Unigenitus.

588 902 655 959 A.
712 900 875 968 Atqui
924 915 1155 969 magnus
1214 900 1302 954 ille
1343 899 1645 954 divinorum
1701 900 2077 971 mysteriorum

520 990 838 1043 administer
880 1006 977 1059 per
999 989 1179 1045 Jesum
1211 988 1485 1045 Christum
1515 990 1695 1045 omnia
1733 990 1799 1043 ad
1826 1004 1948 1043 esse
1971 1002 2081 1042 tra-

522 1082 679 1133 ducta
723 1080 885 1151 74³
920 1096 1041 1137 esse
1076 1082 1288 1146 asserit,
1326 1096 1597 1151 unumque
1649 1081 1821 1151 ipsum
1861 1094 1982 1136 esse
2017 1094 2081 1134 ac

518 1172 713 1227 solum.
749 1172 1002 1241 Repetam
1040 1188 1165 1227 vero
1198 1173 1248 1228 id
1273 1173 1415 1242 quod
1457 1172 1660 1229 Christi
1695 1186 1891 1227 nomen
1924 1172 2078 1226 inve-

520 1263 777 1333 stigantcs
803 1264 1060 1329 diximus,
1092 1264 1233 1333 quod
1278 1264 1531 1318 nimirum
1567 1264 1877 1318 unctionem
1914 1262 2085 1330 signi-

521 1354 663 1404 ticet.
696 1352 827 1417 Quia
859 1354 1003 1406 enim
1048 1363 1242 1408 unctus
1270 1363 1374 1416 est,
1408 1352 1668 1409 Christus
1700 1353 1895 1423 aliquis
1927 1367 2085 1407 voca-

521 1452 625 1495 tur.
662 1442 769 1495 Aut
811 1443 973 1513 igitur
1018 1444 1199 1499 dicant
1229 1444 1459 1499 Verbum
1498 1460 1564 1499 es
1612 1444 1725 1499 Deo
1761 1445 1813 1499 in
1854 1444 2068 1514 propria

519 1545 613 1582 sua
646 1542 840 1584 natura
883 1542 1103 1586 unctum
1134 1546 1271 1595 esse.
1303 1542 1357 1586 et
1392 1531 1819 1586 sanctiﬁcatione
1846 1544 1939 1598 per
1962 1528 2085 1597 Spi-

524 1622 682 1674 ritum
721 1634 963 1676 sanctum
995 1624 1309 1693 indiguisse,
1338 1625 1712 1693 particepsque
1736 1623 1851 1691 ejus
1873 1622 1940 1675 ab
1967 1622 2085 1690 ipso

524 1712 719 1764 factum
756 1712 952 1779 fuisse;
1002 1724 1094 1768 aut
1128 1716 1360 1768 doceant
1406 1728 1514 1783 quo
1550 1724 1707 1784 pacto
1756 1712 2085 1783 intelligatur

520 1802 768 1857 Christus
807 1805 896 1871 qui
933 1819 1038 1858 non
1077 1805 1147 1858 sit
1175 1804 1411 1859 unctus?
1448 1804 1716 1873 quomodo
1748 1819 1877 1859 vero
1919 1818 2082 1858 voce-

2184 626 2284 693 μὲν
2324 621 2706 691 γενεσιουργὸν
2740 621 2917 682 ὃλωνξ

2253 714 2312 767 Β.
2355 714 2458 766 Τὸν
2505 716 2569 766 ἐκ
2604 712 2737 765 Θεοῦ
2774 712 2983 782 Πατρδς
3028 710 3170 763 κατά
3212 710 3369 780 φύσιν
3415 706 3565 772 Υἰδν,
3598 723 3753 760 τουτ-

2182 809 2296 862 έστι
2341 808 2420 860 ,νδν
2445 807 2740 875 Μονογενῆ.

2251 902 2316 957 Δ.
2370 899 2508 952 Ἀλλ’
2541 900 2636 967 ὅγε
2672 898 2781 951 τῶν
2815 896 2972 949 θείων
3006 897 3137 965 ἡμῖν
3182 896 3498 966 μυστηρίων
3541 895 3755 965 istae-ap-

2182 993 2295 1061 γδς.
2333 991 2423 1045 διὰ
2476 990 2652 1061 Ἰησοῦ
2693 987 2930 1059 Χριστοῦ
2968 988 3036 1041 τὰ
3075 989 3253 1041 πάντα
3295 988 3429 1057 φησὶ
3473 985 3753 1056 παρῆχθαι

2183 1081 2318 1152 πρὸς
2344 1080 2597 1150 ὕπαρξιν,
2626 1080 2719 1133 ἕνα
2743 1096 2800 1132 τε
2830 1079 2994 1131 αὐτὸν
3025 1076 3164 1131 εἶναι
3198 1078 3291 1131 καὶ
3318 1077 3495 1148 μόνον.
3532 1076 3755 1146 Μεμνή·

2185 1189 2347 1243 σομαι
2392 1172 2471 1236 δὲ,
2497 1173 2579 1226 ὅτι
2624 1170 2685 1224 τὸ
2737 1169 2969 1238 Χριστὸς
3010 1169 3179 1239 ὄνομα
3218 1166 3598 1238 βασανίζοντες
3639 1165 3758 1221 ἑλέ-

2185 1282 2374 1335 γομεν,
2417 1264 2501 1317 ὅτι
2557 1263 2791 1334 κρίσεως
2831 1262 2962 1331 ἡμῖν
3009 1258 3311 1329 εἰσκομίζει
3362 1258 3615 1328 δήλωσιν.
3661 1256 3762 1309 Διά

2186 1358 2293 1428 γάρ
2308 1374 2389 1410 τοι
2411 1356 2472 1409 τὸ
2500 1354 2805 1427 κεκρίσθαι,
2830 1352 3053 1423 χριστὸς
3075 1350 3395 1421 ὁνομάζοιτὸ
3422 1365 3525 1412 τις.
3548 1350 3620 1402 Ἥ
3651 1348 3757 1401 τοία

2186 1450 2619 1533 νυνδλεγέτωσαν
2655 1448 2746 1501 τὸν
2777 1450 2841 1501 ὲκ
2872 1444 3008 1499 Θεοῦ
3040 1443 3253 1516 Πατρδς
3282 1442 3472 1533 Λόγον,
3507 1442 3589 1505 ιίς

2187 1528 2472 1611 κεκρίσθαι
2522 1538 2714 1607 φύσιν,
2770 1538 2865 1590 καὶ
2904 1538 2965 1589 tv
3013 1534 3189 1606 ἐνδείᾳ
3235 1530 3488 1601 γενέσθαι
3538 1528 3636 1585 τοῦ
3672 1529 3765 1584 διά

2188 1630 2499 1700 Πνεύματος
2542 1627 2813 1699 ἁγιασμοῦ
2869 1628 2961 1681 καὶ
3003 1629 3104 1695 τῆς
3149 1626 3243 1679 ἀπ’
3293 1623 3457 1678 αὑτοῦ
3504 1623 3761 1695 μετοχῆς·

2187 1720 2353 1790 ἤγουν
2396 1720 2818 1783 διδασκέτωσαν,
2864 1716 2979 1781 πῶς
3020 1716 3085 1769 ἂν
3118 1717 3291 1768 νοοῖτο
3327 1713 3584 1786 Χριστὸς,
3620 1715 3651 1767 δ
3686 1712 3764 1784 μὴ

2188 1810 2581 1879 κεχρισμένος;
2635 1808 2753 1870 πῶς
2801 1808 2844 1860 δ’
2901 1806 2967 1860 ἂν
3016 1806 3330 1875 καταμόνας
3393 1804 3611 1857 καλοῖτο
3667 1804 3763 1857 καὶ

523 1904 609 1942 tur
650 1890 998 1960 peculiariter
1034 1894 1196 1945 etiam
1231 1892 1410 1958 Jesus,
1449 1893 1787 1965 unigenitum
1826 1892 1915 1948 Dei
1949 1893 2085 1947 Ver-

2202 1873 2406 1972 Ἰήσοῦς
2452 1903 2480 1954 ὁ
2530 1899 2823 1971 μονογενὴς
2866 1897 2959 1952 τοῦ
3018 1873 3175 1950 Θεοῦ
3205 1897 3410 1965 Λόγος,
3446 1896 3626 1951 καίτοι
3668 1894 3762 1949 τοῦ

522 1984 669 2045 hum,
717 1999 835 2037 cum
895 1984 1084 2039 beatus
1124 1983 1343 2039 Gabriel
1390 1996 1591 2039 sancta:
1641 1984 1843 2053 Virgini
1893 1985 2083 2040 dicat:

526 2091 543 2121 ι
581 2073 660 2124 Ne
689 2073 902 2137 timeas,
945 2072 1111 2126 Maria
1140 2092 1153 2138 ;
1182 2089 1309 2128 ecce
1345 2074 1489 2127 enim
1520 2075 1794 2144 concipies
1826 2076 1878 2128 in
1910 2085 2086 2139 utero,

523 2172 577 2213 et
627 2163 804 2231 paries
842 2163 1031 2226 tilium,
1066 2172 1122 2218 et
1150 2164 1370 2219 vocabis
1405 2179 1599 2219 nomen
1650 2166 1768 2233 ejus
1801 2164 1989 2220 Jesum
2020 2165 2084 2217 η.

522 2248 637 2314 ipse
684 2251 827 2303 enim
878 2251 1108 2305 salvahit
1143 2251 1400 2322 populum
1443 2267 1597 2306 suum
1644 2267 1673 2305 a
1716 2252 1953 2322 peccatis
1998 2267 2087 2307 eo-

523 2355 636 2391 runt
671 2339 729 2393 ⁸⁷.
770 2358 790 2391 ι

593 2430 650 2483 Β.
684 2431 821 2500 Ergo
846 2446 941 2500 per
971 2431 1243 2486 hominem
1276 2441 1471 2487 cuncta
1500 2432 1641 2488 facta
1664 2448 1787 2489 esse
1816 2434 2085 2500 dicemus,

522 2534 575 2573 et
608 2522 697 2589 qui
744 2523 797 2577 in
830 2523 1141 2577 novissimis
1171 2523 1351 2578 saeculi
1382 2525 1715 2593 temporibus
1754 2539 1817 2579 ex
1868 2524 2091 2580 muliere

525 2626 682 2665 natus
711 2620 813 2676 est,
841 2611 1069 2667 Creator
1116 2622 1199 2667 est
1240 2613 1361 2669 οωιί
1408 2622 1463 2669 et
1524 2624 1706 2681 terrae,
1747 2628 1808 2669 ac
1855 2614 2091 2669 breviter

524 2701 759 2756 omnium
784 2717 905 2771 qua:
930 2703 981 2756 in
1015 2704 1095 2757 eis
1128 2714 1274 2759 sunt.

599 2795 665 2847 Α.
718 2793 793 2848 lta
822 2795 1023 2851 sentias
1051 2804 1282 2866 Oportet.
1330 2798 1519 2852 Annon
1547 2799 1714 2864 enim,
1750 2798 1978 2854 obsecro
2018 2808 2090 2862 te,

531 2906 548 2934 ι
587 2883 817 2939 Verbum
866 2900 998 2941 caro
1044 2886 1247 2942 factum
1302 2897 1384 2943 est
1412 2887 1495 2942 "1'
1535 2908 1555 2942 ι
1587 2903 1765 2943 nonne
1798 2889 2095 2958 appellatur

531 2974 701 3029 Filius
736 2976 1009 3029 hominis?
1035 2990 1176 3031 anne
1207 2977 1431 3030 formam
1461 2978 1603 3032 servi
1644 2977 1892 3046 accepit?
1918 2992 2095 3033 nonne

528 3067 816 3121 cvacnavit
849 3069 1221 3137 semetipsum,
1265 3068 1317 3122 in
1358 3069 1767 3124 similitudinem
1818 3071 2092 3125 hominum

2196 1992 2466 2063 μακαρίου
2501 1991 2743 2062 Γαϐριὴλ
2777 1992 2841 2059 τῇ
2876 1990 3006 2059 άγίᾳ
3040 1986 3303 2057 Παρθένῳ
3332 1987 3598 2057 λέγοντοςε
3628 2006 3647 2037 ι
3671 1985 3764 2057 Μὴ

2189 2084 2375 2153 φοϐοῦ,
2399 2084 2648 2153 Μαριάμ
2669 2083 2775 2135 ἰδοῦ
2802 2083 2911 2151 γάρ
2934 2081 3178 2151 συλλήψῃ
3206 2083 3264 2132 tv
3288 2079 3614 2149 γαστρὶ,καὶ
3636 2077 3766 2147 τέξῃ

2192 2176 2327 2237 υἱὸν,
2365 2176 2457 2229 καὶ
2508 2175 2759 2236 καλέσεις
2788 2174 2850 2225 τὸ
2892 2174 3063 2243 ὄνομα
3101 2172 3265 2226 αὑτοῦ
3333 2170 3561 2241 Ἰησοῦν.
3592 2169 3767 2233 Αὐτὸς

2190 2268 2298 2337 γάρ
2333 2265 2493 2319 σώσει
2532 2268 2622 2319 τὸν
2658 2266 2785 2320 λαὸν
2834 2265 2995 2320 αὑτοῦ
3035 2264 3144 2318 άπὸ
3186 2265 3294 2318 τῶν
3341 2262 3628 2336 ἁμαρτιῶν
3668 2262 3766 2319 αὑ-

2190 2359 2319 2412 τῶν.
2359 2378 2378 2411 t

2262 2450 2321 2501 Β.
2366 2450 2488 2519 'Ap‘
2519 2444 2633 2510 οῦν,
2668 2448 2735 2501 δι’
2771 2445 2935 2502 αὑτοῦ
2964 2448 3294 2517 πεποιῆσθαί
3324 2462 3505 2517 φαμεν
3530 2445 3599 2499 τα
3632 2445 3768 2499 πᾶν·

2191 2558 2281 2608 τα,
2320 2543 2413 2595 καὶ
2456 2543 2484 2595 ὀ
2522 2542 2581 2594 tv
2629 2542 2876 2611 ἐσχάτοις
2920 2540 3011 2593 τοῦ
3061 2539 3255 2602 αἰῶνος
3302 2540 3513 2611 καιροῖς
3562 2538 3663 2608 τὴν
3704 2538 3770 2590 tat

2194 2634 2449 2702 γυναικὸς
2478 2633 2733 2700 άπότεξιν
2764 2634 2922 2703 ἔχων,
2953 2633 3284 2704 δημιουργός
3312 2633 3460 2684 ἑστιν
3481 2624 3574 2683 οὖν
3606 2630 3770 2700 οὐρα-

2195 2722 2285 2776 νοῦ
2319 2724 2414 2777 καλ⁵
2439 2724 2563 2793 γῆς,
2601 2722 2905 2793 συλλήϐδην
2943 2723 3198 2776 ἁπάντων
3230 2720 3338 2774 τῶν
3363 2722 3421 2773 tv
3455 2721 3659 2782 αὐτοῖς.

2264 2814 2328 2865 Δ.
2357 2812 2532 2883 Φράζε
2552 2813 2615 2881 δὴ
2633 2808 2724 2867 οὖν
2750 2813 2844 2865 καὶ
2869 2812 3052 2875 αὐτὸς,
3084 2813 3353 2882 ἐρήσομαι
3380 2811 3488 2881 γάρ
3507 2828 3521 2841 ο
3557 2830 3573 2862 ι
3599 2804 3686 2880 ἆρ’
3708 2809 3769 2863 οὐ

2201 2920 2220 2952 ι
2246 2902 2437 2970 γέγονε
2461 2900 2597 2973 σάρξ
2636 2919 2663 2955 ο
2703 2902 2873 2969 Λόγος
2896 2919 2909 2967 ;
2934 2920 2951 2950 ι
2991 2896 3079 2971 ἆρ’
3113 2900 3175 2953 οὺ
3210 2899 3616 2971 κεχρημάτικεν
3647 2898 3772 2962 Υίὸς

2196 2989 2485 3060 ἀνθρώπου
2510 3008 2525 3056 ;
2553 2990 2653 3043 οὐκ
2679 2990 2835 3043 ἔλαὸε
2863 2988 3048 3043 δούλου
3080 2990 3329 3060 μορφὴν;
3364 2988 3467 3042 οὐκ
3500 2988 3770 3041 ἐκένωσεν

2199 3078 2413 3144 ἑαυτὸν,
2442 3080 2499 3131 tv
2526 3078 2831 3149 ὁμοιώματι
2859 3076 3161 3149 ἀνθρώπων
3187 3077 3498 3147 γενόμενος,
3524 3077 3619 3129 καὶ
3648 3078 3773 3147 σχή-

532 3159 726 3221 t'actus,
756 3168 919 3227 atque
958 3158 1146 3213 habitu
1179 3160 1431 3216 inventus
1468 3171 1525 3214 ut
1557 3161 1717 3215 homo
1744 3160 1829 3213 "‘9
1858 3162 1928 3215 At
1964 3177 2093 3218 vero

2200 3188 2333 3243 ματι
2377 3171 2622 3242 εὑρεθεὶς
2659 3170 2733 3234 ὡς
2763 3169 3079 3240 άνΘρωπος;
3112 3168 3173 3221 Et
3214 3168 3314 3237 μὲν
3356 3162 3447 3220 οῦν
3487 3165 3775 3238 ἀρνοῦνται

527 3250 573 3303 si
612 3250 1040 3304 incarnationem
1076 3262 1296 3321 negent,
1330 3253 1503 3307 sancti
1537 3252 1781 3321 discipuli
1810 3252 2096 3322 obsistent,

530 3342 771 3396 dicentes
803 3357 818 3395 :
853 3357 873 3391 ι
910 3341 976 3397 Et
1009 3356 1107 3396 nos
1134 3342 1373 3397 vidimus
1412 3353 1467 3398 et
1501 3352 1786 3411 testamur,
1818 3346 1964 3414 quod
1996 3345 2096 3399 Pa-

530 3442 612 3486 ter
644 3432 789 3486 misit
814 3432 1008 3487 Filium
1031 3433 1369 3489 Salvatorem
1400 3436 1606 3489 mundi.
1638 3436 1955 3505 Quicunque
1977 3452 2100 3493 con-

534 3526 776 3580 fitebitur
811 3527 953 3595 quod
996 3526 1155 3581 Jesus
1193 3537 1275 3581 est
1322 3526 1490 3582 Filius
1533 3528 1649 3591 Dei,
1694 3527 1834 3584 Deus
1880 3530 1932 3584 in
1985 3532 2101 3600 ipso

535 3628 736 3683 manet,
772 3629 826 3672 et
870 3618 987 3688 ipse
1034 3619 1084 3673 in
1128 3619 1237 3675 Deo
1271 3620 1338 3673 '°.
1372 3640 1390 3672 t
1434 3619 1497 3674 Et
1536 3637 1724 3675 rursus
1765 3641 1779 3676 :
1822 3640 1840 3673 ι
1891 3621 1949 3677 In
1999 3624 2101 3679 hoc

532 3712 883 3781 cognoscitur
911 3711 1147 3781 Spiritus
1176 3711 1309 3767 Dei:
1347 3709 1535 3766 Omnis
1560 3713 1785 3781 spiritus
1807 3715 1899 3783 qui
1931 3715 2099 3769 conﬂ-

535 3812 682 3855 tetnr
702 3801 885 3857 J‘esum
907 3801 1181 3857 Christum
1206 3802 1257 3856 in
1275 3816 1440 3857 carne
1464 3804 1690 3883 venisse.
1710 3818 1777 3858 ex
1802 3804 1909 3859 Deo
1931 3815 2035 3872 est;
2050 3814 2105 3859 et

536 3895 713 3949 otttnis
737 3895 977 3964 spiritus,
1007 3894 1098 3964 qui
1117 3910 1221 3949 non
1244 3895 1531 3950 conﬁtetur
1546 3894 1751 3961 Iesum,
1770 3911 1834 3950 ex
1863 3898 1971 3953 Deo
1996 3913 2101 3951 non

532 3988 690 4040 est".
733 4004 751 4037 ι
789 3984 1008 4055 Deinde,
1041 4001 1288 4055 quaenam
1320 3986 1458 4041 ratio
1499 3987 1565 4041 sit
1596 3987 1775 4042 dicere
1797 3988 1860 4042 de
1889 3988 2105 4042 homine

537 4079 684 4143 quod
719 4081 1077 4145 assmnpserit
1100 4093 1319 4132 carnem
1341 4078 1364 4130 ?
1390 4077 1653 4133 Convenit
1686 4094 1814 4133 vero
1852 4081 2027 4148 potius
2056 4082 2101 4133 ei

533 4172 627 4238 qui
652 4180 806 4225 extra
841 4185 1063 4225 carnem
1099 4180 1204 4233 est,
1237 4186 1409 4239 neque
1436 4180 1635 4225 nostra:
1676 4181 1882 4233 naturae
1912 4172 2105 4227 similis

532 4271 638 4325 est,
674 4276 894 4316 carnem
938 4276 1239 4325 assumere,
1286 4270 1340 4315 et
1381 4276 1502 4314 cum
1552 4275 1613 4313 ea
1647 4262 1830 4315 venire
1864 4263 1915 4315 in
1962 4262 2105 4316 hunc

534 4357 816 4419 mundum,
871 4355 941 4407 ita
1003 4365 1064 4416 ut
1113 4363 1327 4407 maneat
1376 4354 1427 4407 id
1472 4355 1615 4423 quod
1659 4363 1798 4409 erat.
1845 4353 2101 4418 Proinde,

535 4448 749 4501 tametsi
805 4445 980 4504 factus
1025 4456 1109 4501 est
1150 4448 1347 4511 homo,
1409 4446 1541 4501 nihil
1587 4448 1766 4503 obstat
1806 4449 2101 4527 quominus

2200 3260 2298 3332 τὴν
2327 3262 2661 3331 οίκονομίαν,
2693 3262 3188 3331 ἀνταναστήσονται
3217 3260 3469 3327 λέγοντες
3500 3260 3549 3312 οἱ
3581 3258 3775 3311 θεσπέο

2203 3370 2305 3409 σιοι
2345 3352 2602 3423 μαθηταί·
2641 3372 2660 3403 ι
2700 3352 2809 3405 Καὶ
2849 3354 3009 3423 ἡμεῖς
3045 3350 3389 3419 ἐθεασάμεθα
3435 3353 3527 3403 καὶ
3565 3367 3774 3422 μαρτυο

2206 3448 2428 3518 ροῦμεν,
2457 3447 2540 3498 ὁτι
2572 3446 2599 3497 ὁ
2642 3444 2828 3514 Πατὴρ
2876 3442 3185 3496 ἀπέσταλκε
3220 3442 3309 3495 τὸν
3355 3441 3502 3508 Υίὸν,
3547 3441 3777 3513 Σωτῆρα

2203 3539 2301 3593 τοῦ
2326 3538 2533 3608 κόσμου
2556 3553 2568 3566 ’
2618 3536 2677 3598 ὃς
2716 3536 2779 3589 ἂν
2826 3534 3157 3605 ὁμολογήσῃ,
3196 3537 3276 3588 ὃτι
3325 3534 3531 3606 Ἰησοῦς
3575 3535 3720 3588 ἐστιν
3747 3534 3777 3587 ὁ

2206 3632 2334 3694 Υίὸς
2358 3629 2449 3683 τοῦ
2480 3627 2640 3689 Θεοῦ,
2673 3629 2701 3681 ὁ
2741 3627 2871 3690 Θεὸς
2900 3627 2957 3679 tv
2999 3627 3146 3697 αὐτῷ
3202 3626 3375 3697 μένει,
3410 3626 3505 3679 καὶ
3526 3625 3687 3688 αὐτὸς
3720 3628 3776 3679 tv

2202 3722 2280 3793 τῷ
2322 3721 2459 3792 Θεῷ.
2496 3741 2514 3772 ι
2547 3718 2655 3772 Καὶ
2696 3717 2877 3771 πάλιν·
2918 3735 2937 3769 ι
2985 3718 3073 3770 Ἑν
3117 3716 3291 3787 τούτῳ
3330 3717 3657 3785 γινώσκεται
3717 3716 3778 3769 τό

2208 3814 2429 3887 Πνεῦμα
2473 3812 2569 3866 τοῦ
2602 3810 2764 3864 Θεοῦ·
2802 3811 2914 3863 Πᾶν
2947 3809 3185 3879 πνεῦμα,
3226 3809 3254 3861 ό
3282 3809 3535 3879 ὁμολογεῖ
3572 3807 3777 3878 Ἰησοῦν

2206 3908 2437 3975 Χριστον
2472 3905 2528 3956 tv
2562 3903 2725 3974 capaci.
2752 3898 3087 3970 ἐληλυθέναι,
3123 3901 3187 3952 ὲκ
3220 3898 3312 3953 τοῦ
3342 3898 3477 3952 Θεοῦ
3505 3900 3642 3951 ἐστι·
3689 3900 3780 3951 καὶ

2208 3999 2315 4047 παν
2338 3991 2572 4062 πνεῦμα,
2610 3991 2637 4043 ὃ
2672 3990 2746 4061 μὴ
2781 3990 3032 4060 ὁμολογεῖ
3052 3989 3144 4041 τὸν
3181 3986 3408 4058 Ἰησοῦν,
3436 3989 3498 4040 ὲκ
3526 3987 3622 4040 τοῦ
3644 3984 3779 4040 Θεοῦ

2208 4089 2307 4140 οὐκ
2334 4088 2497 4138 ἐστιν.
2539 4103 2555 4135 t
2599 4078 2752 4146 Εἶτα,
2796 4083 2944 4135 ποῖον
2971 4079 3037 4132 ἂν
3087 4078 3198 4149 ἔχοι
3228 4078 3412 4145 λόγον,
3447 4078 3509 4129 τὸ
3561 4077 3650 4129 ἐπ’
3685 4078 3779 4129 dv-

2209 4178 2426 4249 θρώπου
2472 4176 2613 4229 νοεῖν
2663 4174 2737 4236 ὡς
2788 4170 3163 4242 παραγέγονεν
3216 4172 3271 4224 ἐν
3326 4169 3524 4250 σαρκί;
3573 4168 3780 4238 Πρέποι

2207 4269 2251 4321 δ’
2282 4268 2345 4320 ἂν
2377 4265 2576 4337 μᾶλλον
2598 4262 2676 4333 τῷ
2710 4262 2813 4327 ἔξω
2847 4261 3043 4331 σαρκὸς
3078 4260 3169 4313 καὶ
3192 4261 3405 4330 φύσεως
3428 4260 3528 4312 οὐκ
3549 4257 3662 4311 ὁντι
3685 4258 3782 4328 τῆς

2210 4359 2331 4413 καθ’
2362 4357 2529 4428 ἡμεῖς,
2552 4356 2613 4407 τὸ
2638 4356 2732 4407 καὶ
2777 4356 2833 4429 tv
2863 4353 3027 4424 σαρκὶ
3059 4352 3335 4421 γενέσθαι,
3363 4352 3457 4404 καὶ
3484 4351 3623 4421 μετὰ
3650 4349 3781 4403 ταύ⁸

2210 4470 2309 4523 της
2337 4450 2510 4504 ἐλθεῖν
2533 4450 2611 4511 εἰς
2636 4446 2781 4499 τόνδε
2808 4446 2896 4499 τὸν
2923 4444 3127 4513 κόσμον
3154 4442 3291 4513 μετά
3320 4440 3415 4495 τοῦ
3451 4446 3631 4512 μεῖναι
3648 4439 3778 4513 ὁῆν.

534 4536 719 4591 omnia
769 4550 865 4605 per
914 4535 1087 4607 ipsum
1134 4537 1199 4590 ad
1236 4546 1415 4591 ortum
1449 4537 1693 4592 traducta
1728 4552 1849 4593 esse
1881 4551 2095 4592 censea-

2211 4543 2420 4600 Οὐκοῦν
2454 4543 2503 4595 εἰ
2542 4540 2637 4594 καὶ
2664 4540 2888 4607 γέγονεν
2915 4538 3218 4607 ἄνθρωπος,
3242 4534 3304 4588 τὸ
3340 4535 3603 4605 ἀπεῖργον
3632 4535 3783 4589 οὐδὲν

536 4645 678 4696 mus,
715 4637 985 4697 quatenus
1014 4638 1097 4687 est
1127 4630 1268 4683 Deus
1299 4638 1353 4684 et
1382 4640 1683 4685 coaeternus
1716 4629 1888 4684 Patri.
1918 4627 2107 4699 Neque

534 4719 677 4772 enim
704 4717 845 4773 Deus
881 4719 1153 4774 exsistens
1176 4716 1415 4774 Verbum
1452 4720 1793 4781 immutatum
1829 4728 1935 4786 est,
1966 4727 2107 4774 tam-

536 4812 636 4870 etsi
709 4826 931 4866 carnem
1017 4813 1193 4867 anima
1276 4812 1609 4882 intelligente
1673 4815 1952 4883 praeditam
2014 4829 2107 4868 as-

539 4905 872 4971 sumpserit:
898 4913 950 4956 et
973 4918 1075 4957 non
1104 4905 1374 4958 hominem
1416 4906 1518 4961 sibi
1546 4906 1643 4974 ipsi
1683 4906 2033 4977 conjungens,
2055 4915 2113 4961 ut

541 4994 627 5048 isti
664 4995 1011 5048 innovatores
1046 4993 1168 5047 ﬁdei
1203 5004 1473 5056 statuunt,
1510 4997 1604 5048 sed
1645 4996 1759 5063 ipse
1784 4997 1986 5050 factum
2012 5012 2105 5051 ca-

542 5100 624 5147 ro,
652 5094 712 5138 ut.
738 5084 869 5149 dixi,
903 5084 1005 5145 hoc
1028 5094 1130 5151 est,
1172 5085 1354 5140 homo.
1389 5085 1552 5158 7M
1582 5086 1695 5143 Hac
1720 5088 1862 5142 enim
1901 5090 2107 5144 ratione

542 5178 641 5245 ipsi
682 5177 868 5231 unctio
899 5179 1064 5231 etiam
1103 5180 1411 5245 conveniat,
1443 5166 1577 5234 citra
1622 5181 1967 5236 calumniam.
2001 5182 2109 5237 Vo-

543 5271 758 5324 cabitur
784 5279 961 5325 autem
992 5282 1046 5324 et
1074 5268 1252 5333 Jesus,
1282 5283 1339 5326 ut
1366 5273 1480 5342 ipse
1516 5289 1703 5331 revera
1728 5275 1994 5329 exsistens
2015 5278 2107 5344 qui

543 5362 839 5415 secundum
886 5376 1108 5417 carnem
1156 5380 1220 5418 ex
1262 5363 1478 5434 Virgine
1527 5375 1683 5420 natus
1723 5376 1825 5420 est.
1872 5366 2111 5421 Salvavit

541 5450 683 5503 enim
716 5452 816 5505 hoc
841 5461 999 5521 pacto
1026 5467 1180 5507 suum
1220 5454 1386 5521 ipsius
1418 5453 1695 5522 populum,
1719 5469 1824 5509 non
1858 5464 1915 5508 ut
1944 5456 2107 5509 homo

546 5542 653 5596 Deo
683 5542 1022 5611 conjunctus,
1050 5546 1143 5599 sed
1181 5556 1233 5598 ut
1270 5546 1406 5600 Deus
1446 5546 1641 5601 similis
1691 5544 1865 5601 factus
1907 5547 1974 5600 iis
2012 5548 2104 5615 qui

657 5741 698 5769 “
730 5738 836 5795 Luc
867 5759 901 5805 t,
930 5744 1016 5806 δι’,
1088 5745 1171 5799 ³51.

553 5808 593 5841 υ
622 5809 747 5863 illiti.
782 5818 835 5873 ⁸3,

1295 5745 1331 5771 ’τ
1364 5745 1557 5801 Μλιιιιι.
1594 5760 1630 5809 l,
1672 5744 1759 5797 21.

1879 5748 1918 5777 ¹¹⁸
1964 5745 2115 5802 Joan.
2150 5761 2185 5809 I,
2230 5744 2309 5796 ll.

2208 4640 2429 4700 ἐννοεῖν,
2460 4636 2526 4689 δι’
2554 4633 2717 4687 αὑτοῦ
2741 4632 3021 4703 παρῆχθαι
3049 4630 3117 4683 τὰ
3150 4630 3349 4696 πάντα,
3381 4630 3501 4683 καθ’
3532 4630 3561 4683 ὁ
3585 4632 3783 4683 νοεῖται

2207 4729 2339 4792 Θεὸς
2390 4727 2483 4780 καὶ
2544 4726 2809 4787 ωναῖδιος
2860 4723 2938 4794 τῷ
2972 4722 3165 4794 Πατρί.
3209 4723 3283 4777 Οὐ
3327 4721 3435 4792 γάρ
3494 4722 3785 4792 ἠλλοίωται

2209 4817 2339 4881 Θεὸς
2366 4816 2441 4869 ὣν
2469 4817 2497 4868 ὁ
2515 4816 2707 4883 Λόγος,
2729 4816 2780 4867 εί
2810 4813 2907 4867 καὶ
2922 4812 3144 4893 γέγονεν
3174 4814 3231 4865 tv
3252 4800 3554 4884 προσλήψει
3583 4813 3785 4897 σαρκὸς

2212 4908 2568 4979 ἐψυχωμένης
2610 4906 2833 4978 νοερῶς,
2858 4907 2951 4961 καὶ
2997 4906 3095 4959 οὐκ
3119 4904 3405 4975 ἄνθρωπον
3451 4906 3631 4977 ἑαυτῷ
3663 4923 3785 4959 συν·

2212 5003 2373 5072 άψας,
2417 5000 2559 5053 καθά
2606 5016 2769 5070 φασιν
2818 5000 2869 5053 οἱ
2917 4998 3367 5070 καινοτομοῦντες
3418 4999 3519 5069 τὴν
3574 4998 3778 5066 πίστιν,

2210 5094 2325 5147 ἀλλ’
2356 5092 2517 5156 αὐτὸς
2543 5091 2833 5161 γενόμενος
2867 5090 3023 5161 σάρξ,
3056 5091 3132 5154 ὡς
3166 5091 3330 5162 ἔφην,
3366 5091 3646 5145 τουτέστιν
3688 5094 3781 5148 άν-

2211 5183 2446 5253 θρωπος.
2474 5182 2669 5243 Ἔσται,
2704 5180 2813 5251 γάρ
2854 5180 3025 5242 οὕτως
3070 5180 3219 5250 αὐτῷ
3268 5181 3363 5233 καὶ
3394 5180 3455 5233 τὸ
3487 5176 3781 5252 κεκρίσθαι

2215 5273 2426 5344 πρέπον
2458 5274 2553 5325 καὶ
2598 5271 2853 5341 διαϐολῆς
2899 5270 3183 5342 άμοιροῦν.
3220 5270 3566 5342 Κεκλήσεται
3604 5272 3663 5326 δὲ
3695 5273 3787 5325 καὶ

2227 5364 2455 5433 Ἰησοῦς,
2485 5363 2561 5427 ὡς
2612 5363 2773 5426 αὐτὸς
2829 5362 3089 5434 ὑπάρχων
3138 5363 3278 5417 κατὰ
3316 5363 3595 5433 ἀλήθειαν,
3636 5366 3665 5417 ὁ
3690 5364 3790 5431 τὴν

2217 5454 2357 5506 κατὰ
2385 5454 2563 5524 σάρκα
2586 5456 2649 5506 ἐκ
2679 5453 2933 5522 γυναικὸς
2964 5453 3261 5523 ὑπομείνας
3285 5454 3792 5525 γέννησιν.Σέσωκι

2216 5545 2323 5614 γάρ
2352 5545 2494 5599 οὓτω
2538 5545 2626 5597 τὸν
2669 5544 2864 5598 ἑαυτοῦ
2909 5544 3057 5609 λαὸν,
3097 5544 3195 5615 οὐχ
3232 5544 3307 5609 ώς
3350 5544 3639 5615 ἄνθρωπος
3673 5544 3793 5617 Θεῷ

2430 5748 2469 5774 ιε’
2515 5742 2742 5817 Philipp.
2781 5758 2839 5809 tt,
2881 5743 2933 5809 6,
2961 5744 3012 5797 7.
3130 5743 3217 5799 ¹⁰Ι
3273 5745 3423 5803 Juan.
3464 5762 3537 5811 ιν,
3584 5748 3674 5813 Η..
3709 5752 3789 5809 ιθ·
