4036 6336
353 443 492 503 13υὸ

1483 433 1671 502 QUOD
1715 431 1901 491 UNUS
1941 432 2045 488 SIT
2086 422 2454 489 σιιιιιδτιδ.

3500 433 3639 493 130⁸

356 558 671 628 συναφθεὶς,
696 557 807 610 ἀλλ’
858 555 933 617 ὡς
977 550 1109 613 Θεὸς
1140 547 1380 619 γεγονὼς
1434 548 1492 599 ἰν
1530 548 1785 619 ὁμοιώσει
1828 545 1937 599 τῶν

2047 546 2503 615 periclitabantur
2531 564 2545 601 :
2578 556 2637 601 ut
2669 547 2721 601 in
2763 548 2880 618 ipso
2920 558 2972 603 ct
3001 548 3221 619 quidem
3265 550 3442 620 primo
3465 564 3638 621 genus

354 647 867 710 κεκινδυνευκότων,
898 645 965 697 ἵν’
997 645 1055 697 ὲν
1086 642 1233 712 αὑτῷ
1268 641 1362 694 καὶ
1395 640 1599 711 πρώτῳ
1628 639 1691 692 τὸ
1722 635 1936 707 ἀνθρώ-

358 762 513 797 πινον
545 743 701 811 γένος
730 737 1139 807 ἀναπλάττηται
1171 733 1307 807 πρὸς
1334 732 1394 785 τὸ
1424 734 1484 786 ὲν
1510 732 1727 803 ἀρχαῖς.
1752 730 1940 783 Πάντα

356 834 465 902 γὰρ
498 828 565 902 ἦν
588 834 645 883 ἐν
678 828 827 898 αὐτῴ
854 827 1035 881 καινά.

428 924 488 976 B.
531 917 740 974 Οὐκοῦν
777 916 1196 986 διαδεδλήσεται
1239 912 1377 985 πρὸς
1410 908 1589 983 ἡμῶν,
1629 908 1691 963 τὸ
1740 909 1940 980 χρῆναι

357 1014 576 1083 φρονεῖν
602 1011 633 1081 ἥ
659 1010 859 1077 λέγειν,
892 1006 1177 1077 ἄνθρωπον
1206 1002 1474 1072 συνῆφθαι
1503 1001 1581 1072 τῷ
1604 1000 1724 1071 Θεῷ
1751 1001 1934 1069 Λόγῳ,

359 1104 453 1157 καὶ
488 1102 743 1155 κοινωνὸν
779 1098 1031 1169 γενέσθαι
1060 1096 1160 1167 τῆς
1188 1095 1345 1160 ἀξίας
1380 1093 1551 1165 αὐτῷ,
1570 1094 1663 1147 καὶ
1692 1093 1750 1145 ὲν
1785 1092 1935 1157 τάξει

357 1196 579 1267 χάριτος
608 1194 708 1263 τὴν
736 1190 1009 1247 υἱοθεσίαν
1043 1188 1207 1259 ἔχειν.

426 1289 494 1339 Δ.
532 1286 857 1339 Παντάπασι
909 1282 1008 1353 μὲν
1059 1276 1171 1334 οῦν.
1208 1280 1284 1334 Οὐ
1326 1278 1435 1351 γὰρ
1473 1276 1582 1332 οἶδε
1624 1276 1785 1331 τοῦτο
1831 1274 1940 1330 τῶν

359 1371 520 1444 ιερῶν
538 1371 888 1443 Γραμμάτων
909 1370 943 1439 ἡ
965 1368 1216 1438 δύναμις,
1244 1367 1456 1438 εὕρεμα
1483 1366 1541 1421 δὲ
1570 1366 1770 1438 μᾶλλόν
1798 1369 1936 1431 ὲστι,

358 1464 643 1531 φιλοκένου
678 1479 737 1515 τε
775 1460 867 1514 καὶ
896 1458 1181 1531 ἀδρανοῦς,
1214 1459 1309 1512 καὶ
1343 1458 1687 1529 παρειμένης
1716 1457 1935 1529 φρενὸς,

359 1556 455 1612 καὶ
481 1557 581 1610 οὐκ
621 1554 853 1625 ἐχούσης
890 1554 1023 1623 ὁρᾷν
1049 1550 1142 1604 τοῦ
1174 1551 1474 1622 μυστηρίου
1514 1550 1576 1603 τὸ
1607 1549 1790 1619 βάθος.
1825 1548 1937 1603 Ποῦ

360 1642 471 1713 γάρ
498 1659 579 1695 τοι
617 1641 860 1693 τοιοῦτον
900 1640 1052 1710 παρὰ
1077 1639 1178 1708 τῆς
1224 1632 1387 1706 ἁγίας
1430 1638 1646 1710 εἴρηται
1675 1640 1714 1692 Γ
1718 1638 1901 1709 ραφῆς
1921 1656 1936 1704 ;

371 1732 429 1785 '0
470 1730 569 1801 μὲν
599 1730 706 1800 γὰρ
754 1730 1038 1792 θεσπέσιος
1075 1728 1287 1793 Παῦλος
1330 1728 1431 1799 τῆς
1464 1730 1937 1802 ὲνανθρωπήσεως

356 1819 451 1876 τοῦ
484 1820 823 1889 Μονογενοῦς
852 1820 1154 1890 διατρανῶν
1191 1816 1251 1873 εὖ
1312 1820 1460 1890 μάλα
1506 1820 1568 1874 τὸ
1606 1821 1929 1891 μυστήριον·

2042 638 2339 691 humanum
2358 639 2425 692 ad
2456 639 2750 707 pristinum
2768 650 2971 694 statqu
2996 640 3415 696 instauraretur.
3436 638 3634 697 Omnia

2040 729 2185 783 enim
2212 738 2369 783 erant
2404 730 2455 783 in
2490 732 2611 799 ipso
2640 745 2779 785 nova
2808 732 2875 787 “.

2121 904 2182 961 B.
2216 904 2547 973 Rejiciemns
2593 909 2780 975 itaque
2822 906 2965 962 hanc
3014 907 3327 976 Opinionem
3378 917 3635 978 tanquam

2040 1008 2350 1060 erroueam,
2398 997 2544 1066 quod
2596 999 2760 1053 homo
2799 998 2873 1052 sit
2914 998 3246 1066 coujnuctus
3289 997 3400 1055 Deo
3436 997 3633 1064 Verbo,

2039 1098 2095 1142 et
2123 1089 2395 1157 particeps
2426 1089 2616 1158 glorise
2655 1105 2778 1145 cum
2808 1090 2928 1159 ipso
2955 1089 3209 1154 etl‘ectus,
3235 1092 3499 1161 quodque
3538 1105 3637 1161 per

2039 1179 2271 1248 gratiam
2296 1180 2587 1247 adoptatus
2616 1180 2691 1235 sit
2720 1181 2773 1234 in
2800 1180 3024 1235 Filium.

2106 1271 2172 1325 A.
2206 1270 2460 1325 Omnino.
2494 1272 2681 1342 Neque
2724 1271 2875 1327 enim
2925 1287 2996 1327 ex
3043 1273 3219 1328 sacris
3257 1272 3483 1328 Litteris
3509 1285 3636 1344 pro.

2039 1363 2154 1417 bari
2182 1373 2397 1430 potest:
2428 1366 2522 1419 sed
2548 1365 2731 1434 potius
2766 1374 3141 1420 commentum
3176 1374 3260 1420 est
3294 1364 3501 1435 ingenii
3533 1365 3637 1419 im-

2039 1453 2271 1520 becillis,
2309 1455 2524 1510 remissi
2581 1466 2637 1510 et
2677 1455 2941 1511 novitatis
2983 1456 3257 1520 studiosi,
3314 1469 3379 1510 ac
3434 1455 3636 1510 mentis

2039 1560 2158 1613 qua
2204 1546 2445 1615 mysterii
2488 1546 2837 1601 altitudinem
2886 1548 3201 1616 perspicere
3240 1555 3497 1615 nequeat.
3528 1544 3635 1603 Ubi

2039 1638 2181 1691 enim
2232 1638 2341 1691 tale
2384 1638 2665 1708 quidpiam
2713 1640 2765 1693 itt
2819 1653 2980 1693 sacra
3028 1640 3315 1708 Scriptura
3360 1634 3638 1708 reperias!

2038 1726 2174 1782 Nam
2200 1729 2420 1784 divinus
2455 1729 2657 1784 Paulus
2690 1730 3014 1801 mysterium
3071 1728 3469 1785 incarnationis
3501 1725 3635 1783 Uui-
3710 1738 3713 1739 '

2039 1821 2203 1891 geniti
2234 1822 2439 1890 optime
2466 1821 2824 1876 dillucidans:
2849 1804 2867 1871 ἱ
2891 1821 3027 1889 Quia
3061 1836 3191 1892 ergo
3220 1822 3395 1890 pueri,
3433 1820 3631 1889 inquit.

362 1930 382 1964 ε
419 1912 640 1983 Ἐπειδὴ
661 1913 768 1983 γὰρ
798 1912 866 1965 τά
892 1911 1103 1977 παιδία,
1136 1911 1291 1982 φησὶ,
1333 1911 1732 1983 κεκοινώνηκεν
1769 1913 1938 1983 αἷμα-

2047 1917 2579 1968 cummnuicaverunt
2602 1915 2756 1968 carni
2798 1922 2855 1968 et
2893 1912 3169 1984 sanguini,
3197 1920 3254 1967 et
3283 1914 3400 1980 ipse
3433 1912 3632 1966 simili-

355 2021 447 2068 τος
470 2005 566 2058 καὶ
597 2004 821 2075 σαρκὸς,
845 2003 939 2057 καὶ
963 2003 1127 2067 αὐτὸς
1154 2004 1553 2075 παραπλησίως
1576 2004 1805 2075 μετέσχε
1830 2004 1938 2058 τῶν

355 2097 553 2163 αὐτῶν,
579 2096 666 2150 ἴνα
694 2096 781 2150 διὰ
799 2095 891 2150 τοῦ
920 2095 1153 2150 θανάτου
1188 2098 1513 2169 καταργήσῃ
1535 2096 1627 2150 τὸν
1658 2097 1719 2150 τὸ
1739 2098 1939 2168 κράτος

355 2187 549 2258 ἔχοντα
589 2186 683 2240 τοῦ
725 2186 980 2254 θανάτου,
1028 2187 1299 2251 τουτέστι,
1344 2188 1435 2240 τὸν
1470 2187 1733 2242 διάὸολον.
1774 2206 1791 2238 ι
1829 2188 1941 2241 Καὶ

356 2278 468 2349 μὴν
496 2278 591 2332 καὶ
640 2278 869 2349 ἑτέρωθί
902 2295 1007 2333 που
1034 2295 1047 2308 ·
1085 2295 1105 2330 ι
1139 2278 1212 2332 Τὸ
1259 2278 1370 2351 γὰρ
1412 2278 1678 2333 ἀδύνατον
1724 2278 1817 2333 τοῦ
1852 2280 1941 2334 νό-

358 2385 485 2438 μου,
508 2370 567 2422 ὲν
592 2362 637 2436 ᾧ
668 2368 885 2439 ἠσθένει
910 2368 998 2422 διὰ
1025 2368 1124 2438 τῆς
1152 2369 1375 2439 σαρκὸς,
1407 2372 1435 2422 ὁ
1466 2368 1598 2433 Θεὸς
1626 2369 1718 2423 τὸν
1741 2370 1937 2424 ἑαυτοῦ

358 2458 485 2513 Υίὸν
517 2458 761 2530 πέμψας,
812 2458 870 2510 ὲν
904 2457 1213 2529 ὁμοιώματι
1259 2459 1462 2531 σαρκὸς
1493 2460 1790 2531 ἁμαρτίας,
1843 2460 1939 2514 καὶ

355 2548 487 2619 περὶ
538 2550 813 2619 ἁμαρτίας
889 2548 1180 2619 κατέκρινε
1248 2548 1347 2619 τὴν
1421 2549 1698 2621 ἁμαρτίαν
1758 2549 1818 2602 ὲν
1870 2553 1937 2621 τῇ

357 2642 543 2711 σαρκὶ,
578 2641 666 2693 ἵνα
698 2640 759 2693 τὸ
784 2640 1065 2708 δικαίωμα
1094 2640 1188 2694 τοῦ
1222 2641 1387 2710 νόμου
1421 2640 1686 2714 πληρωθῇ
1715 2644 1772 2695 ἐν
1806 2643 1938 2713 ἡμῖν

352 2736 465 2797 τοῖς
496 2735 569 2803 μὴ
601 2736 742 2785 κατὰ
777 2734 954 2803 σάρκα
985 2732 1406 2803 περιπατοῦσιν,
1432 2734 1569 2787 ἀλλὰ
1597 2736 1742 2789 κατὰ
1774 2734 1939 2788 πνεῦ-

356 2844 453 2896 μα.
482 2846 511 2897 ἢ»
552 2826 1025 2896 Κεκοινωνηκέναι
1047 2827 1103 2879 δέ
1128 2843 1309 2897 φαμεν
1335 2828 1565 2898 αἵματος
1593 2829 1686 2880 καὶ
1712 2828 1935 2899 σαρκὸς,

353 2918 501 2971 κατά
529 2935 591 2984 γε
622 2917 712 2970 τὸν
748 2921 858 2981 τοῖς
897 2918 1227 2990 θετρήμοσιν
1252 2920 1467 2972 ἐοικότα
1496 2918 1643 2984 νοῦν,
1676 2921 1737 2972 οὐ
1762 2922 1851 2973 τὸν
1880 2923 1938 2973 ἐν

356 3010 522 3080 σαρκὶ
562 3011 655 3062 καὶ
684 3011 878 3081 αἵματι
908 3014 1027 3083 κατ’
1068 3010 1204 3063 ίδίαν
1234 3012 1417 3080 φύσιν,
1441 3014 1535 3064 καὶ
1565 3013 1765 3083 ἑτέρως
1798 3009 1938 3066 εἶναι

356 3102 430 3172 μὴ
454 3100 770 3172 δυνάμενον,
818 3102 953 3155 ἀλλὰ
992 3104 1082 3155 τὸν
1128 3105 1230 3156 οὐκ
1281 3104 1409 3156 ὄντα
1437 3103 1595 3157 τοῦτό
1626 3122 1792 3172 ποτε,
1842 3106 1937 3159 καὶ

352 3191 569 3261 φύσεως
608 3194 802 3263 ἑτέρας
840 3194 873 3264 ἦ
934 3194 1055 3248 καθ’
1104 3197 1272 3265 ἡμᾶς·
1320 3196 1601 3264 γεγονέναι
1631 3197 1686 3250 δὲ
1734 3200 1826 3251 καὶ
1870 3200 1936 3251 ὲκ

354 3285 632 3352 γυναικὸς,
670 3287 762 3338 καὶ
806 3287 864 3338 ὲν
910 3287 1219 3358 ὁμοιώματι
1263 3288 1467 3357 σαρκὸς
1504 3289 1800 3359 ἁμαρτίας,
1847 3290 1938 3343 τὸν

351 3374 420 3429 δι’
451 3377 620 3446 ἡμᾶς,
654 3376 775 3428 καθ’
809 3379 981 3447 ἡμᾶς,
1016 3379 1155 3449 μετὰ
1185 3378 1280 3432 τοῦ
1304 3379 1397 3433 καὶ
1428 3380 1570 3446 ὑπὲρ
1602 3382 1772 3452 ἡμᾶς,
1804 3382 1939 3435 καθὸ

352 3470 553 3522 νοεῖται
584 3467 734 3531 Θεός.
766 3468 961 3537 Γέγονε
988 3472 1086 3541 μὲν
1114 3471 1206 3526 καὶ
1239 3471 1376 3543 σάρξ
1402 3474 1429 3525 ὁ
1476 3472 1672 3542 Λόγος,
1703 3473 1843 3545 πλὴν
1875 3475 1938 3529 οὐ

354 3558 493 3629 σὰρξ
530 3561 842 3631 ἁμαρτίας,
883 3562 999 3616 ἀλλ’
1049 3556 1107 3616 ἐν
1158 3562 1465 3634 ὁμοιώματι
1515 3566 1715 3635 σαρκὸς
1752 3568 1938 3639 ἀμαρι

353 3650 496 3715 τίας,
534 3654 947 3723 συνανεστράφη
972 3655 1071 3723 μὲν
1100 3657 1213 3717 τοῖς
1236 3656 1329 3707 ὲπὶ
1352 3655 1454 3725 τῆς
1476 3656 1597 3726 γῆς,
1622 3656 1699 3720 ώς
1727 3658 1937 3731 ἀνθρω-

356 3756 476 3805 πος,
514 3742 606 3793 καὶ
656 3742 713 3793 ὲν
744 3742 1053 3813 ὁμοιώματι
1084 3744 1277 3812 γέγονε
1321 3745 1398 3816 τῷ
1431 3746 1551 3799 καθ’
1594 3748 1763 3817 ἡμᾶς,
1798 3750 1938 3820 πλὴν

352 3833 417 3887 οὐ
450 3832 569 3902 μεθ’
599 3834 755 3904 ἡμῶν
788 3834 877 3903 ὑφ’
915 3836 1214 3908 ἁμαρτίαν,
1248 3836 1363 3891 ἀλλ’
1389 3840 1648 3893 ἐπέκεινα
1676 3840 1770 3893 τοῦ
1802 3843 1939 3895 εἰδέ-

355 3941 444 3977 ναι
483 3924 847 3995 πλημμελεῖν.
889 3922 999 3980 Ἦν
1032 3927 1140 3998 γὰρ
1168 3930 1197 3980 ὁ
1234 3929 1397 3992 αὐτὸς
1429 3928 1561 3993 Θεός
1589 3948 1648 3983 τε
1677 3932 1812 4002 ὁμοῦ
1844 3934 1939 3987 καὶ

355 4013 661 4085 ἄνθρωπος.
688 4016 752 4071 Οἱ
782 4015 840 4067 δὲ
870 4017 969 4086 τὴν
1010 4015 1153 4071 οὓτω
1180 4018 1385 4088 σεπτὴν
1424 4019 1518 4071 καὶ
1557 4020 1940 4093 τεθαυμασμέο

356 4121 456 4174 νην
489 4106 802 4175 οἰκονομίαν
860 4106 1231 4179 ἀποφέροντες
1262 4110 1361 4163 οὐκ
1391 4106 1486 4163 οἶδ’
1510 4111 1659 4176 ὅπως
1688 4114 1783 4167 τοῦ
1822 4116 1938 4168 Μο-

332 4196 625 4277 υνογενοῦς,
656 4197 941 4269 ἄνθρωπον
978 4198 1128 4270 αὑτῴ
1153 4201 1488 4256 συνάπτουσι
1527 4206 1816 4273 σχετικῶς,
1854 4225 1939 4260 τι-

357 4291 486 4358 μαῖς
516 4291 639 4351 ταῖς
666 4288 903 4357 θύραθεν
938 4291 1363 4362 ὶξωραῖσμένον,
1400 4296 1493 4347 καὶ
1520 4296 1779 4369 ἀλλοτρίᾳ
1812 4298 1941 4372 δόξῃ

353 4379 866 4460 λελάμπρυσμένον,
918 4383 1010 4435 καὶ
1055 4384 1118 4436 οὐ
1174 4383 1305 4438 Θεὸν
1356 4386 1596 4457 άληθῶς,
1635 4390 1771 4443 ἀλλὰ
1804 4390 1939 4444 Θεοῦ

353 4474 613 4525 κοινωνὸν
662 4474 755 4525 καὶ
791 4475 1041 4543 μέτοχον,
1092 4476 1189 4529 καὶ
1238 4477 1367 4530 Υίὸν
1422 4478 1793 4553 ψευδώνυμον,
1846 4484 1940 4538 καὶ

2044 2009 2128 2056 ter
2157 2002 2503 2071 participavit
2543 2003 2774 2069 eisdem,
2810 2013 2871 2057 ut
2915 2018 3013 2072 per
3047 2011 3277 2058 mortem
3326 2004 3635 2058 destrueret

2042 2106 2165 2147 eum
2198 2094 2293 2162 qui
2339 2092 2573 2148 habebat
2600 2094 2793 2149 mortis
2817 2094 3129 2163 imperium,
3162 2093 3265 2149 hoc
3298 2104 3405 2159 est,
3443 2094 3632 2148 diabo-

2046 2176 2157 2229 lum
2191 2178 2259 2234 ³³.
2302 2197 2321 2230 ι
2352 2178 2417 2233 Et
2446 2178 2553 2233 alio
2584 2181 2637 2234 in
2669 2180 2790 2236 loco
2823 2198 2837 2236 :
2872 2199 2891 2233 ι
2932 2181 3086 2247 Quod
3116 2182 3261 2236 enim
3294 2182 3632 2251 impossibile

2040 2276 2162 2322 erat
2210 2267 2313 2339 legi
2360 2269 2412 2324 in
2454 2284 2565 2341 quo
2603 2270 2987 2327 infirmabatur
3030 2287 3128 2341 per
3175 2288 3445 2329 carnem:
3490 2273 3636 2328 Deus

2040 2358 2236 2415 Filium
2276 2377 2434 2416 suum
2471 2363 2697 2419 mittens
2725 2364 2778 2419 in
2810 2364 3241 2434 Lsimilitudinem
3283 2365 3469 2420 carnis
3502 2379 3631 2435 pec-

2041 2450 2171 2515 cati,
2201 2462 2256 2505 et
2301 2450 2370 2507 de
2412 2463 2638 2522 peccato
2682 2455 2964 2511 damnavit
2994 2466 3277 2526 peccatum
3325 2458 3379 2513 in
3421 2472 3631 2514 carne:

2042 2553 2099 2597 ut
2120 2544 2443 2614 justiticatio
2471 2548 2607 2617 legis
2634 2548 2954 2619 impleretur
2980 2550 3033 2605 in
3070 2550 3247 2615 nobis,
3282 2552 3373 2619 qui
3406 2566 3513 2605 non
3542 2565 3632 2607 se—

2040 2635 2275 2689 cundmu
2311 2652 2534 2691 carnem
2568 2637 2938 2705 ambulamus,
2970 2642 3067 2696 sed
3118 2643 3421 2697 secundum
3468 2642 3633 2711 spiri-

2042 2736 2153 2782 tum
2194 2730 2261 2781 “.
2304 2748 2323 2781 ι
2368 2728 2820 2788 Communicasse
2879 2742 3063 2788 autem
3103 2732 3338 2788 dicimus
3368 2735 3521 2789 carui
3576 2742 3633 2789 et

2039 2820 2297 2890 sanguini
2347 2821 2501 2891 juxla
2540 2824 2759 2878 modum
2804 2824 3004 2880 divinis
3043 2824 3277 2896 eloquiis
3303 2828 3633 2881 convenien-

2042 2919 2153 2963 tetn
2200 2926 2307 2964 non
2339 2926 2463 2965 eum
2489 2913 2582 2982 qui
2614 2914 2667 2967 in
2704 2928 2873 2969 carne
2917 2925 2972 2970 et
3021 2916 3290 2986 sanguine
3329 2916 3629 2971 secundum

2039 3002 2315 3070 propriam
2362 3013 2613 3058 naturam
2678 3006 3039 3073 versabatur,
3087 3022 3264 3078 neque
3312 3008 3471 3063 aliter
3509 3022 3634 3064 esse

2041 3096 2407 3164 poterat;sed
2426 3096 2519 3165 qui
2559 3098 2610 3151 id
2642 3112 2925 3167 nunquam
2958 3098 3155 3165 fuerat,
3188 3109 3242 3155 et
3274 3108 3484 3154 natura:
3513 3110 3634 3156 erat

2044 3186 2271 3241 diversae
2309 3202 2339 3240 a
2374 3197 2558 3241 nostra
2597 3206 2611 3240 :
2652 3188 2855 3244 factum
2889 3206 3020 3246 vero
3049 3206 3173 3247 esse
3213 3193 3378 3247 etiam
3415 3208 3483 3247 ex
3512 3208 3634 3248 mu-

2043 3277 2178 3333 liere
2213 3278 2281 3345 ",
2311 3288 2365 3333 et
2398 3279 2450 3333 in
2483 3281 2897 3336 similitudinem
2922 3284 3104 3338 carnis
3139 3285 3347 3354 peccati
3380 3286 3472 3355 qui
3504 3301 3635 3356 pro-

2040 3380 2159 3440 pter
2190 3387 2290 3426 nos
2313 3372 2481 3426 nostri
2509 3373 2704 3428 similis
2735 3384 2819 3428 est
2846 3372 3106 3430 eﬂ‘ectus:
3138 3376 3211 3429 ita
3240 3386 3420 3430 tamen
3452 3389 3510 3430 ut
3534 3392 3635 3433 no-

2038 3463 2124 3518 bis
2154 3464 2406 3534 superior
2428 3476 2595 3531 esset,
2625 3474 2891 3537 quatenus
2918 3476 3002 3523 est
3033 3467 3194 3523 Deus.
3224 3466 3465 3523 Verbum
3486 3470 3634 3525 enim

2040 3567 2168 3608 caro
2206 3555 2409 3611 factum
2445 3564 2571 3623 est;
2606 3566 2863 3613 caeterum
2895 3574 3001 3613 non
3028 3574 3159 3614 caro
3193 3560 3424 3629 peccati,
3452 3562 3545 3615 sed
3576 3560 3634 3616 in

2040 3645 2451 3703 similitudinem
2498 3650 2683 3703 carnis
2736 3651 2967 3719 peccati.
3020 3650 3088 3705 Et
3131 3661 3383 3708 versatus
3416 3652 3635 3720 quidem

2040 3750 2122 3794 est
2157 3756 2278 3794 cum
2314 3742 2650 3804 hominibus,
2680 3751 2739 3795 ut
2774 3743 2958 3807 homo,
3004 3744 3288 3813 nostrique
3322 3744 3523 3799 similis
3556 3743 3635 3799 fa-

2040 3843 2182 3896 ctus,
2213 3834 2305 3887 sed
2339 3850 2446 3887 non
2477 3850 2582 3887 una
2619 3833 2904 3888 nobiscum
2936 3844 3162 3903 peccato
3196 3834 3489 3903 obnoxius,
3534 3836 3633 3891 sed

2041 3939 2070 3978 a
2102 3934 2327 3993 peccato
2365 3926 2524 3995 plane
2557 3925 2715 3980 liher.
2756 3927 2888 3980 Erat
2930 3928 3075 3983 enim
3125 3930 3241 3998 ipse
3288 3928 3432 3984 Deus
3468 3926 3637 3983 simul

2039 4028 2094 4071 et
2124 4018 2303 4071 homo.
2350 4017 2411 4071 Hi
2464 4034 2595 4073 vero
2644 4019 3011 4075 venerabilem
3064 4022 3203 4075 lianc
3266 4030 3432 4090 atque
3475 4019 3640 4076 admi-

2046 4112 2267 4165 randam
2323 4112 2760 4167 incarnationem
2824 4115 2891 4168 ab
2955 4112 3250 4185 Unigenito
3295 4116 3485 4169 nescio
3532 4130 3641 4183 quo

2044 4210 2203 4269 pacto
2237 4202 2555 4267 avellentes,
2598 4202 2761 4274 745
2815 4204 3087 4259 hominem
3131 4204 3230 4273 ipsi
3274 4206 3467 4259 stricte
3500 4220 3638 4260 con-

2037 4290 2297 4362 juuguut,
2337 4295 2582 4349 externis
2630 4295 2995 4365 ascititiisque
3032 4295 3331 4350 honoribus
3361 4296 3637 4362 oruatuiu,

2046 4395 2209 4453 atque
2240 4384 2417 4438 aliena
2456 4384 2627 4455 gloria
2663 4385 3033 4456 splendidum,
3076 4400 3251 4456 neque
3277 4402 3406 4441 vere
3444 4386 3638 4453 Deum,

2044 4476 2137 4531 Sed
2184 4476 2277 4531 Dei
2345 4478 2687 4547 participem,
2728 4488 2782 4533 et
2826 4476 2945 4532 falsi
3001 4478 3239 4533 nominis
3289 4479 3537 4547 Filium,
3570 4489 3642 4535 -et

353 4566 585 4636 Σωτῆρα
634 4566 983 4635 σωζόμενον,
1035 4569 1130 4621 καὶ
1198 4568 1569 4641 λυτρούμενον
1616 4576 1935 4648 Λυτρωτήν·

2053 4566 2397 4621 Salvatorem
2426 4583 2548 4622 eum
2582 4570 2673 4638 qui
2709 4571 2949 4625 salvatus
2982 4570 3053 4626 sit
3074 4610 3090 4636 ,
3123 4580 3291 4641 atque
3336 4573 3639 4641 redempto-

353 4656 534 4710 καίτοι
565 4658 907 4729 γεγραφότος
927 4659 1026 4713 ὡδὶ
1055 4661 1151 4713 τοῦ
1178 4665 1448 4734 μακαρίου
1474 4666 1711 4719 Παύλου·
1740 4688 1757 4720 ι
1790 4670 1943 4723 Ἐπέ-

353 4764 487 4814 φανε
514 4748 625 4819 γὰρ
660 4752 693 4819 ἡ
723 4750 882 4821 χάρις
929 4751 1023 4805 τοῦ
1072 4753 1265 4826 Θεοῦή
1312 4758 1580 4829 σωτήριος
1630 4762 1799 4815 πᾶσιν
1843 4764 1940 4816 ἀν·-
1990 4824 1993 4825 ν

2047 4673 2162 4714 rem
2199 4674 2323 4713 eum
2371 4659 2462 4729 qui
2509 4661 2819 4731 redemptus
2854 4671 2957 4729 est,
3009 4678 3133 4717 cum
3187 4663 3394 4733 alioqui
3446 4664 3640 4719 beatus

2048 4749 2247 4806 Paulus
2279 4752 2564 4807 manifeste
2590 4753 2662 4807 ita
2682 4754 2923 4808 scribat:
2957 4774 2975 4806 ι
3005 4756 3432 4825 Apparuitenim
3461 4758 3638 4827 gratia

352 4838 616 4909 θρώποις,
676 4840 764 4894 ῐνα
803 4844 1180 4913 ἀρνησάμενοι
1227 4846 1327 4918 τὴν
1378 4848 1662 4914 άσέδειαν,
1699 4852 1795 4906 καὶ
1844 4853 1938 4918 τὰς

2053 4842 2149 4897 Dei
2189 4842 2491 4899 Salvatoris
2524 4844 2694 4899 nostri
2726 4846 2981 4901 omnibus
3011 4845 3345 4911 hominibus,
3380 4847 3641 4903 erudiens

352 4931 626 5001 κοσμικὰς
658 4932 978 5015 ἐπιθυμίας,
1007 4938 1303 5008 σωφρόνως
1346 4941 1442 4995 καὶ
1472 4942 1731 5008 επιεικῶς
1758 4944 1940 5015 ζήσω-

357 5040 456 5092 μεν
490 5026 549 5077 εν
586 5024 666 5095 τῷ
716 5025 813 5080 νῦν
859 5013 1037 5092 αίώνι,
1067 5030 1489 5102 προσδεχόμενοι
1516 5036 1617 5107 τὴν
1657 5013 1938 5110 μακαρίαν

354 5114 564 5181 ἐλπίδα,
598 5116 691 5169 καὶ
722 5118 1048 5186 ἐπιφάνειαν
1079 5124 1178 5192 τῆς
1212 5122 1373 5193 δόξης
1400 5123 1493 5176 τοῦ
1538 5126 1776 5196 μεγάλου
1801 5127 1937 5183 Θεοῦ

355 5204 450 5257 καὶ
486 5207 738 5278 Σωτῆρος
760 5210 916 5281 ἡμῶν
962 5212 1139 5283 Ἰησοῦ
1170 5215 1427 5286 Χριστοῦ.
1464 5236 1483 5268 ι

425 5297 484 5351 Β.
515 5298 645 5364 Ναὶ,
674 5300 857 5368 φασίν.
876 5302 1097 5376 Ἐπειδὴ
1125 5306 1233 5378 γὰρ
1246 5308 1382 5371 ὅλως
1408 5308 1614 5382 ἠξιώθη
1638 5315 1935 5383 συναφείας

476 5389 609 5459 πρὸς
634 5390 724 5444 τὸν
756 5392 885 5445 Θεὸν
918 5395 1109 5463 Λόγον,
1140 5398 1313 5467 μέγας
1338 5400 1433 5453 καὶ
1456 5402 1617 5467 αὐτὸς
1640 5404 1931 5479 ὠνομάσθη

354 5476 506 5540 Θεὸς,
547 5479 723 5532 καίτοι
751 5483 990 5550 γεγονὼς
1023 5485 1087 5537 ἐκ
1123 5488 1437 5559 σπέρματος
1462 5491 1555 5544 τοῦ
1584 5493 1767 5549 Δαὸίδ.

427 5656 487 5707 Δ.
550 5654 721 5710 Βαϐαῖ.
769 5656 869 5727 τῆς
920 5660 1301 5735 ἀποπληξίαςί
1375 5684 1393 5717 ι
1420 5668 1727 5734 Φάσκοντες
1796 5666 1935 5727 εἶναι

2045 4950 2145 4991 nos
2162 4946 2221 4990 ut
2240 4936 2576 5007 abnegantes
2601 4938 2932 5008 impietatem
2956 4948 3011 4993 et
3033 4938 3319 4999 saecularia
3344 4939 3638 5007 desideria,

2045 5028 2229 5084 sobrie
2256 5037 2311 5083 et
2346 5029 2492 5098 juste
2530 5040 2586 5085 et
2636 5031 2725 5101 pie
2756 5031 3005 5085 vivamus
3042 5030 3097 5084 in
3142 5030 3247 5085 hoc
3277 5031 3501 5094 sacculo,
3534 5046 3637 5086 ex-

2044 5129 2351 5190 spectantes
2380 5122 2598 5178 beatam
2622 5138 2777 5191 spem
2824 5133 2879 5178 et
2910 5122 3202 5178 adventum
3230 5122 3417 5193 gloria:
3458 5124 3637 5193 magni

2044 5211 2137 5268 Dei
2163 5223 2218 5269 et
2259 5213 2560 5271 Salvatoris
2585 5215 2757 5271 nostri
2788 5214 2917 5271 Iesu
2957 5214 3160 5271 Christi
3185 5216 3253 5271 ".
3287 5234 3307 5269 ι

2118 5305 2181 5359 Β.
2223 5306 2299 5361 ita
2340 5307 2510 5362 aiunt.
2537 5306 2832 5378 Postquam
2863 5308 3009 5363 enim
3040 5307 3211 5363 semel
3239 5308 3518 5363 admissus
3551 5317 3638 5363 cst

2043 5398 2107 5451 ad
2147 5398 2582 5466 coniunctionem
2630 5414 2753 5455 cum
2796 5398 2907 5455 Deo
2948 5398 3147 5464 Verbo,
3190 5416 3420 5471 magnus
3470 5402 3634 5455 etiam

2042 5489 2157 5559 ipse
2203 5492 2347 5546 Deus
2396 5502 2622 5549 vocatus
2658 5501 2763 5559 est,
2819 5491 3038 5548 tametsi
3095 5507 3162 5547 ex
3208 5492 3417 5548 semine
3465 5490 3637 5548 David

2041 5591 2215 5638 ονιυβ.

2113 5672 2180 5727 Α.
2220 5673 2266 5730 0
2293 5658 2619 5732 inintensutn
2661 5677 2975 5749 stuporem!
3014 5695 3034 5730 ι
3060 5675 3198 5733 Cum
3234 5690 3293 5735 se
3324 5675 3507 5733 dicant
3537 5690 3631 5732 sa-

426 5837 471 5879 "
501 5837 538 5901 11
562 5839 684 5897 Cor.
733 5856 781 5902 v.
818 5842 898 5896 l7.
981 5845 1023 5877 ³³
1049 5842 1209 5899 Hebr.
1251 5862 1310 5909 ιι.
1344 5848 1424 5903 14.
1500 5850 1542 5881 ’³
1576 5848 1732 5908 Rom.
1766 5840 1889 5915 vnt.
1921 5855 1938 5910 Ξ

2047 5893 2053 5910 .
2124 5856 2169 5889 ²⁸
2204 5857 2383 5916 Galut.
2409 5873 2484 5916 tv.
2528 5858 2577 5913 ιι.
2660 5858 2703 5891 ’⁸
2737 5856 2846 5916 Tit.
2878 5873 2937 5919 tt.
2970 5856 3161 5914 11-15.
