4036 6336
419 423 555 482 1307
1446 419 1504 476 Β.
1534 416 1810 477 οῑιιιιιι
1849 412 2005 470 Αιε]

2108 413 2317 473 iDRlNI
2363 419 2686 477 ARCHIEP.
3533 411 3688 469 5303

417 540 648 609 pientes,
704 539 852 596 stulti
911 539 1038 593 facti
1090 548 1236 604 sunt,
1276 556 1293 590 ι
1339 539 1489 608 iusta
1542 534 1977 606 Seripturam".

2108 538 2263 604 ποφοὶ,
2306 540 2725 613 ἐμωράνθησαν.
2760 558 2779 591 ι
2815 536 2958 592 κατὰ
2983 537 3044 591 τὸ
3064 533 3471 605 γεγραμμένον.
3528 527 3681 585 Madv

422 631 735 688 'l‘raducunt
775 630 940 697 enim,
982 639 1041 683 ut
1072 628 1208 694 dixi,
1242 644 1455 684 omnem
1487 626 1734 698 mysterii
1774 624 1979 682 Christi

2114 635 2267 686 πᾶσι
2316 634 2445 706 γὰρ,
2486 636 2561 699 ὡς
2578 634 2735 703 ἔφην,
2768 630 2861 685 τοῦ
2902 628 3045 685 κατὰ
3084 628 3318 698 Χριστὸν
3370 622 3677 697 μυστηρίου

422 730 525 776 vim
554 737 618 778 ac
647 724 895 778 virtutem
943 722 994 775 in
1025 721 1381 776 contrarium.
1419 720 1485 774 Et
1518 721 1659 790 quod
1701 717 1874 785 ipsum
1906 716 1985 769 di-

416 824 550 870 cunt
585 814 801 884 dignum
833 828 899 867 eo
929 813 1134 867 honore
1160 813 1455 882 iudicatum
1495 827 1636 873 esse,
1679 808 1807 863 nihil
1844 806 1986 860 aliud

419 916 505 962 est
537 922 697 976 quam
737 920 1079 961 communem
1121 905 1355 975 aliquem
1397 904 1671 959 hominem
1730 910 1983 963 statuere,

421 1012 474 1053 et
510 998 875 1054 diversitatem
918 998 1207 1067 quamdam
1254 997 1525 1068 imperite,
1567 1011 1631 1050 ac
1673 993 1987 1049 dualitatem

423 1090 656 1143 liliorum
706 1088 1035 1143 adorandam
1084 1102 1407 1157 proponere,
1462 1100 1693 1154 quorum
1740 1082 1877 1137 alter
1920 1082 1991 1136 sit

423 1190 616 1234 natura
667 1194 728 1233 ac
775 1193 901 1233 vere
930 1178 1120 1245 Filius,
1156 1180 1294 1233 alter
1340 1178 1606 1231 ascititius
1652 1184 1707 1229 et
1753 1174 1988 1244 spurius,

423 1270 663 1340 nihilque
698 1272 901 1325 habens
942 1270 1082 1338 quod
1128 1286 1280 1324 suum
1316 1271 1423 1331 sit;
1460 1269 1533 1321 ita
1578 1277 1634 1320 ut
1670 1266 1744 1320 illi
1776 1264 1993 1333 perinde

423 1377 486 1415 ac
529 1362 680 1416 nobis
710 1362 817 1423 diei
852 1362 1065 1427 possit:
1100 1379 1118 1412 ι
1152 1360 1289 1426 Quid
1325 1360 1492 1415 habes
1516 1359 1658 1426 quod
1695 1372 1797 1410 non
1842 1370 1995 1409 acce-

424 1452 567 1521 peris
588 1451 667 1505 "1
702 1470 721 1504 ι
768 1450 1036 1505 Praeterea
1088 1450 1217 1521 quid
1268 1450 1333 1503 de
1384 1448 1785 1519 sapientissimo
1830 1443 1997 1497 Paulo

422 1554 745 1608 statuemus,
805 1545 874 1597 ita
930 1544 1144 1598 dicente
1180 1561 1195 1597 :
1227 1562 1245 1594 ι
1279 1540 1371 1596 Dei
1426 1541 1569 1596 enim
1623 1539 1793 1601 Filius
1839 1536 1996 1592 Jesus

424 1632 700 1696 Christus,
734 1635 824 1701 qui
864 1634 915 1686 in
954 1633 1108 1686 vobis
1152 1649 1245 1702 per
1282 1647 1382 1687 nos
1413 1630 1735 1701 pmdicatus
1766 1639 1870 1693 est,
1901 1641 1997 1695 per

426 1741 512 1778 me
543 1735 595 1779 et
628 1722 903 1779 Silvanum
938 1737 991 1779 et
1017 1723 1383 1786 Timotheum,
1421 1736 1524 1776 non
1554 1719 1657 1775 fuit
1689 1722 1740 1775 in
1776 1721 1869 1775 illo
1895 1738 1994 1779 ss'r

424 1825 477 1868 et
512 1831 638 1880 non,
674 1817 893 1871 sod'lts'r
922 1816 973 1869 in
1003 1816 1094 1869 illo
1128 1814 1230 1869 fuit
1253 1814 1319 1869 ”.
1351 1832 1370 1866 ι
1405 1812 1684 1879 Quomodo
1711 1812 1855 1868 enim
1888 1830 1992 1869 non

2086 724 2185 795 τὴν
2214 724 2462 796 δύναμιν,
2512 728 2591 790 είς
2630 726 2736 779 πᾶν
2778 722 3109 787 τούναντίον,
3146 720 3237 773 καὶ
3268 717 3366 787 μὲν
3406 712 3678 785 ἠξιῶσθαι

2087 815 2267 885 λέγειν
2308 816 2489 881 αὑτὸν,
2530 816 2614 887 είη
2646 814 2711 869 ἂν
2761 814 2950 885 ἕτερον
2983 811 3157 873 οὐδὲν,
3192 807 3332 879 πλὴν
3364 806 3448 858 ὅτι
3494 802 3680 857 κοινὸν

2090 907 2380 979 ἄνθρωπον
2399 907 2749 973 ἀποφαίνειν,
2779 906 2874 959 καὶ
2899 905 2979 967 είς
3008 903 3301 973 ἑτερότητα
3318 900 3416 968 τὴν
3441 895 3677 949 εἰσάπαν

2094 1000 2461 1071 ἀποτειχίζειν
2529 999 2793 1061 ἀϐούλως,
2870 996 2947 1060 ὼς
3018 994 3149 1047 υἱῶν
3212 990 3449 1046 νοεῖσθαι
3506 985 3667 1041 δυάδα

2092 1091 2497 1164 προσκυνητὴν,
2555 1085 2629 1146 ὧν
2687 1093 2715 1144 6
2764 1092 2862 1161 μέν
2907 1089 3027 1140 ἐστι
3072 1085 3231 1154 φύσει
3280 1082 3375 1136 καὶ
3430 1077 3671 1148 ἀληθῶς,

2095 1182 2320 1253 θάτερός
2343 1200 2405 1251 γε
2448 1183 2573 1253 μὴν,
2610 1181 2915 1250 είσποιητός
2950 1196 3008 1230 τε
3049 1178 3141 1230 καὶ
3170 1174 3340 1235 νόθος,
3388 1173 3483 1224 καὶ
3522 1168 3676 1221 οὐδὲν

2095 1273 2233 1341 ἔχων
2286 1274 2502 1326 δὲστιν
2554 1272 2743 1335 αὑτοῦ,
2796 1271 2883 1323 ἵνα
2938 1270 3031 1321 καὶ
3088 1265 3238 1335 αὐτῷ
3276 1264 3505 1331 λέγηται
3554 1257 3674 1329 μεθ’

2095 1363 2281 1434 ἡμῶν·
2333 1381 2351 1413 ι
2382 1363 2445 1416 Τί
2479 1363 2588 1432 γὰρ
2636 1362 2799 1431 ἔχεις,
2845 1360 2873 1412 6
2903 1360 3003 1411 οὐκ
3050 1356 3272 1419 ἔλαϐεςς
3331 1372 3349 1405 ι
3377 1348 3510 1405 Εἶτα
3551 1350 3675 1401 ὅποι

2097 1456 2226 1509 ποτὲ
2263 1455 2526 1525 βαδιεῖται
2570 1455 2745 1522 λέγων
2783 1454 2812 1506 6
2856 1451 3132 1517 πάνσοφος
3166 1444 3398 1507 Παῦλος,
3426 1462 3443 1495 ι
3490 1441 3549 1493 ’0
3576 1436 3673 1491 τοῦ

2095 1544 2231 1599 Θεοῦ
2252 1547 2360 1615 γὰρ
2390 1545 2516 1609 Υἱὸς
2548 1545 2781 1616 Χριστὸς
2819 1541 3045 1615 Ἰησοῦς,
3074 1542 3102 1593 6
3134 1541 3191 1591 ἐν
3217 1539 3346 1607 ὑμῖν
3378 1530 3677 1604 κηρυχθεὶς

2095 1638 2161 1693 δι’
2204 1638 2339 1708 ἐμοῦ
2378 1640 2471 1692 καὶ
2510 1636 2798 1691 Σιλουανοῦ
2838 1635 2933 1689 καὶ
2980 1629 3269 1702 Τιμοθέου,
3324 1627 3423 1681 οὐκ
3460 1624 3678 1691 ἐγένετο

2097 1731 2328 1785 Ναί-καὶ
2361 1729 2457 1795 Οῠ,
2498 1728 2635 1783 ἀλλὰ
2662 1730 2767 1783 Ναί
2806 1730 2864 1781 ἐν
2898 1725 3046 1795 αὑτῷ
3080 1723 3291 1791 γέγονε.
3327 1738 3344 1771 ι
3398 1717 3523 1781 Πῶς
3564 1716 3676 1785 γὰρ

2097 1824 2158 1879 οὐ
2184 1824 2373 1893 γέγονε
2406 1821 2507 1876 Ναί
2536 1824 2630 1876 καὶ
2669 1820 2744 1875 Οὔ
2763 1862 2777 1885 ,
2806 1821 2853 1873 εί
2887 1818 3019 1881 Θεὸς
3042 1812 3181 1869 εἶναι
3210 1814 3428 1881 λέγεται
3458 1811 3553 1863 καὶ
3576 1807 3678 1862 οὐκ

425 1905 586 1960 fuerit
625 1920 723 1967 ss'r
765 1917 818 1960 et
846 1921 948 1961 non
972 1946 986 1970 ,
1018 1907 1062 1961 si
1098 1906 1238 1961 Deus
1278 1921 1397 1960 esse
1433 1906 1650 1970 dicitur,
1684 1916 1735 1959 et
1775 1921 1877 1960 non
1913 1917 1995 1962 est

2108 1890 2211 1970 ἔστι
2248 1890 2414 1979 Θεόςς
2464 1916 2512 1968 εί
2540 1910 2979 1982 κατεψευσμένον
3006 1910 3091 1962 ἐπ’
3122 1905 3288 1961 αὐτοῦ
3314 1904 3396 1966 τὸ,
3427 1901 3556 1963 Υἱός
3581 1899 3677 1953 καὶ

426 1994 608 2051 Deus?
640 1998 685 2051 si
714 1997 849 2052 falso
877 1999 944 2053 de
972 2000 1087 2067 ipso
1127 1998 1323 2053 dicitur
1356 1997 1504 2062 illud,
1538 1996 1710 2052 Filius
1737 2009 1789 2051 et
1818 1997 1999 2051 Domi-

425 2088 567 2143 nus?
601 2088 658 2143 Si
698 2103 825 2144 vero
854 2090 924 2143 ita
968 2105 1027 2143 se
1058 2104 1149 2145 res
1182 2088 1365 2153 habet,
1396 2098 1450 2142 ut
1485 2090 1571 2144 isti
1605 2090 1813 2155 volunt,
1842 2104 2001 2159 opor-

428 2182 592 2236 tuerit
618 2182 801 2247 etiam,
833 2192 893 2236 ut
931 2183 1192 2246 arbitror,
1226 2183 1448 2238 dicere:
1488 2199 1505 2233 ι
1532 2182 1720 2237 Gratia
1758 2182 1847 2236 Dei
1880 2196 1997 2236 sum

428 2268 483 2324 id
512 2270 653 2339 qund
681 2285 797 2325 sum
822 2270 890 2328 “.
922 2289 941 2322 ι
962 2270 1126 2338 Quod
1158 2264 1301 2329 enim
1332 2272 1658 2327 naturaliter
1697 2282 1804 2325 non
1836 2272 1997 2334 inest,

426 2361 520 2414 sed
548 2361 889 2417 extrinsecus
924 2362 1162 2417 ascitum
1191 2372 1294 2425 est,
1328 2372 1380 2419 et
1409 2363 1478 2417 ab
1515 2363 1621 2416 alio
1650 2364 1855 2427 datum,
1893 2378 1997 2416 non

427 2461 511 2506 est
554 2452 840 2506 dicendum
885 2453 1003 2521 ejus
1030 2456 1127 2524 qui
1173 2454 1401 2521 accepit,
1451 2454 1544 2508 sed
1579 2453 1699 2523 ejus
1727 2453 1819 2522 qui
1857 2453 2003 2507 dedit

429 2551 590 2608 atque
624 2538 851 2611 largitus
889 2552 993 2597 est.
1040 2544 1158 2609 Quo
1196 2553 1356 2613 pacto
1401 2553 1578 2599 autem
1623 2544 1805 2599 dixit:
1842 2562 1860 2594 ι
1894 2543 2002 2606 Ego

426 2645 548 2685 sum
582 2629 885 2697 Veritas“,
917 2652 936 2686 ι
976 2635 1018 2689 si
1064 2635 1197 2689 nihil
1246 2636 1299 2691 iu
1342 2638 1457 2705 ipso
1497 2644 1582 2691 est
1630 2635 1782 2689 veri?
1836 2634 1999 2704 Atqui

431 2723 942 2791 comprehenderint
982 2726 1145 2779 etiam
1190 2727 1363 2795 ipsum
1410 2728 1668 2794 tenebrae,
1713 2729 1759 2783 si
1816 2728 2002 2781 menti-

435 2826 539 2868 tur.
566 2814 831 2871 Ccterum
859 2835 877 2867 ι
904 2832 1009 2872 non
1040 2817 1168 2873 fecit
1195 2829 1703 2890 peccatum,meque
1750 2819 2003 2874 inventus

432 2914 514 2960 est
542 2907 593 2959 in
622 2922 715 2960 ore
743 2908 912 2977 ipsius
942 2910 1120 2977 dolus,
1152 2928 1171 2962 ι
1203 2919 1260 2964 ιιι
1293 2911 1557 2981 scriptum
1588 2922 1671 2967 est
1691 2913 1758 2965 ".

502 2993 558 3048 Β.
598 2994 714 3050 Non
735 3011 886 3053 sane.

510 3087 570 3142 Δ.
612 3086 869 3154 Quasnam
909 3106 1039 3145 Vero
1072 3090 1235 3147 fuerit
1277 3093 1609 3162 exinanitio;
1649 3104 1742 3152 aut
1789 3097 1875 3153 cui
1913 3112 2003 3153 sc-

2096 2010 2336 2080 Κύριοςς
2380 2008 2596 2077 Ἔχοντι
2627 2005 2682 2058 δὲ
2712 1999 2840 2067 ὧδε,
2879 2001 3025 2057 καθά
3053 2016 3216 2069 φασιν
3257 1996 3430 2057 αὐτοὶ,
3476 1992 3677 2063 πρέποι

2098 2098 2183 2167 ἂν,
2223 2095 2375 2170 οἶμαί
2413 2116 2537 2165 που,
2580 2099 2669 2152 καὶ
2708 2096 2769 2150 τὸ
2804 2096 2999 2166 χρῆναι
3040 2092 3257 2161 λέγειν·
3323 2108 3340 2139 ι
3369 2086 3566 2156 Χάριτι
3622 2083 3679 2137 δι

2098 2189 2231 2242 Θεοῦ
2264 2191 2378 2258 ειμι
2412 2189 2440 2241 ὅ
2478 2190 2611 2257 είμι.
2644 2192 2667 2238 ι’
2715 2186 2789 2239 Τὸ
2821 2184 2931 2254 γὰρ
2978 2182 3053 2253 μὴ
3097 2180 3257 2249 φύσει
3302 2175 3521 2248 προσὸν,
3562 2170 3677 2225 ἀλλ’

2098 2280 2298 2345 ἔξωθεν
2353 2281 2447 2333 καὶ
2494 2276 2928 2349 εἰσκεκριμὲνον,
2966 2274 3059 2327 καὶ
3111 2271 3242 2340 παρ’
3271 2269 3459 2337 ἑτέρου
3503 2264 3679 2327 δοτδν,

2098 2372 2218 2443 οὐχὶ
2246 2373 2338 2425 τοῦ
2368 2373 2627 2434 λαϐόντος
2656 2370 2742 2439 εἴη
2771 2369 2836 2422 ἂν
2862 2366 3082 2438 μᾶλλον,
3112 2363 3248 2418 ἀλλὰ
3275 2359 3367 2415 τοῦ
3395 2358 3680 2427 νείμαντος

2100 2465 2193 2517 καὶ
2219 2464 2609 2535 χαρισαμένου.
2642 2461 2767 2523 Πῶς
2794 2460 2852 2513 δὲ
2882 2458 2976 2511 καὶ
3012 2457 3273 2524 ἔφασκεν,
3319 2472 3337 2504 ι
3379 2448 3526 2517 Ἐγὼ
3563 2448 3682 2516 ειμι

2100 2560 2132 2628 ὴ
2169 2556 2415 2628 ἀλήθεια,
2456 2576 2474 2608 ι
2520 2556 2566 2608 εί
2599 2554 2765 2627 μηδὲν
2791 2552 2985 2623 ἀληθὲς
3007 2551 3093 2604 ἔπ’
3122 2547 3317 2609 αὐτοῦς
3350 2539 3682 2609 Κατελήφθη

2100 2652 2243 2720 τάχα
2284 2667 2387 2703 που
2427 2651 2520 2702 καὶ
2551 2648 2654 2702 ὑπὸ
2699 2649 2798 2718 τῆς
2839 2643 3081 2705 σκοτίας,
3133 2642 3181 2693 εί
3219 2637 3494 2709 ψεύδεται.
3540 2631 3683 2685 Ἀλλ’

2110 2762 2127 2795 ι
2159 2743 2259 2795 οὐκ
2290 2741 2545 2811 ἐποίησεν
2596 2737 2894 2811 ἁμαρτίαν,
2923 2735 3042 2789 οὐδὲ
3080 2731 3278 2804 εὑρέθη
3304 2729 3455 2793 δόλος
3500 2728 3557 2780 ἐν
3605 2721 3691 2796 τῷ

2106 2831 2333 2902 στόματι
2354 2830 2543 2891 αὐτοῦ,
2573 2849 2591 2881 ι
2628 2828 2771 2883 καθὰ
2803 2826 3130 2899 γέγραπται.

2175 3008 2236 3061 Β.
2270 3006 2345 3060 Οὐ
2371 3004 2478 3077 γὰρ
2509 3001 2621 3059 οῦν.

2174 3102 2239 3155 Δ.
2273 3098 2384 3154 Ποῦ
2422 3098 2480 3153 δὲ
2512 3101 2545 3169 ἡ
2594 3098 2861 3163 κένωσιςς
2919 3098 3016 3151 καὶ
3055 3096 3195 3160 τίνος
3230 3095 3295 3149 ἂν
3326 3095 3499 3146 νοοῖτο
3527 3084 3691 3157 γενέ-

436 3180 667 3247 ciderit}
700 3179 882 3250 Neque
916 3181 1061 3237 enim
1090 3198 1416 3256 quemquam
1448 3187 1786 3243 exinanitum
1818 3190 2003 3244 videre

2108 3192 2232 3248 σθαι
2266 3192 2483 3257 λοιπὸνς
2531 3192 2607 3246 Οὐ
2650 3189 2759 3262 γὰρ
2796 3190 2943 3243 ἐστιν
2995 3187 3120 3241 ἰδεῖν
3154 3182 3524 3255 κεκενωμένον
3566 3175 3689 3287 τινὰ

433 3281 541 3335 εει,
574 3270 738 3343 746
758 3272 852 3327 sed
884 3276 1061 3344 potius
1095 3285 1286 3331 contra
1314 3278 1613 3347 impletum,
1646 3295 1770 3334 cum
1803 3278 2004 3350 alioqui

2112 3286 2329 3359 μᾶλλον,
2356 3285 2470 3339 ἀλλ’
2496 3285 2559 3338 ἐκ
2583 3302 2645 3353 γε
2672 3283 2779 3336 τῶν
2808 3281 3065 3334 ἐναντίων
3087 3276 3480 3350 πληρούμενον,
3506 3270 3689 3324 καίτοι

437 3360 820 3429 plenitudinem
870 3378 937 3417 ex
981 3378 1077 3418 sua
1128 3375 1320 3421 natura
1362 3368 1577 3424 habeat.
1630 3367 1813 3439 Neque
1861 3372 2006 3425 enim

438 3446 615 3503 aliena
656 3464 756 3519 ope
795 3453 968 3520 eguit;
1025 3463 1080 3508 et
1130 3468 1590 3524 supervacaneum
1636 3458 1687 3510 in
1740 3473 1805 3511 co
1850 3458 2010 3513 fuerit

438 3542 706 3609 accipere,
744 3558 865 3597 cum
890 3558 956 3598 es
993 3560 1091 3601 sua
1117 3556 1311 3601 natura
1346 3547 1416 3602 sit
1445 3548 1894 3618 perfectissimus,
1922 3552 2011 3605 ni-

440 3634 620 3703 hilque
653 3635 702 3689 ei
746 3635 919 3702 desit;
952 3636 1047 3691 sed
1094 3652 1160 3693 ex
1196 3638 1530 3708 plenitudine
1568 3639 1774 3695 Christi
1824 3656 2011 3696 omnes

441 3739 539 3778 nos
598 3726 905 3793 accepimus
927 3726 1012 3793 ³⁸,
1066 3742 1242 3796 neque
1315 3728 1619 3783 divinorum
1672 3730 2009 3799 eloquiorum

443 3830 720 3882 pmcones
775 3817 987 3872 mentiti
1032 3817 1253 3874 fuerint.
1288 3818 1489 3875 Plenus
1536 3822 1683 3875 enim
1724 3832 1808 3876 est
1849 3822 2010 3877 Chri-

442 3918 579 3975 stus,
614 3923 786 3978 neque
806 3909 1098 3980 quidquam
1142 3913 1365 3966 omnino
1396 3916 1450 3967 in
1485 3913 1601 3983 ipso
1635 3922 1742 3978 est,
1771 3914 1912 3983 quod
1948 3913 2014 3967 ab

441 3996 549 4053 alio
574 4002 864 4068 acceperit,
887 4012 1155 4072 quatenus
1183 4012 1435 4057 censetur
1462 4014 1517 4058 et
1546 4013 1625 4059 est
1655 4005 1794 4059 Deus
1827 4024 1840 4061 :
1876 4015 2014 4059 tam-

442 4093 545 4146 etsi
610 4095 882 4162 proprimn
954 4097 1117 4151 etiam
1190 4097 1239 4151 ei
1294 4097 1493 4151 factum
1545 4106 1664 4166 est,
1740 4098 2011 4167 accipere,

445 4192 667 4253 propter
699 4185 945 4239 humana
991 4195 1198 4242 natura
1235 4187 1633 4254 conditionem;
1662 4172 1717 4242 et
1746 4199 2014 4258 quatenus

446 4277 697 4344 apparuit
750 4279 922 4333 nostri
974 4279 1189 4334 similis.
1246 4278 1413 4349 Nobis
1460 4281 1636 4347 enim,
1695 4291 1748 4336 et
1799 4282 2013 4350 quidem

448 4377 594 4421 recte
638 4369 853 4423 dicatur
885 4388 897 4424 :
937 4388 957 4423 ι
989 4370 1128 4439 Quid
1163 4373 1306 4427 enim
1360 4372 1547 4437 habes,
1582 4370 1725 4442 quod
1772 4386 1877 4427 non
1921 4387 2015 4427 ac-

446 4457 674 4524 cepisti?
706 4478 722 4509 ι

2107 3377 2169 3431 τὸ
2197 3378 2401 3448 πλῆρες
2428 3377 2617 3445 ἔχοντα
2648 3377 2769 3428 κατ’
2800 3374 2937 3427 ίδίαν
2965 3374 3146 3442 φύσιν.
3179 3372 3250 3423 Οὐ
3273 3370 3381 3439 γὰρ
3403 3367 3468 3420 ἂν
3493 3362 3688 3433 ἐδεήθη
3724 3406 3727 3411 .

2109 3470 2217 3524 τῶν
2251 3470 2379 3540 παρ’
2411 3469 2619 3539 ἑτέρου,
2654 3467 2747 3519 καὶ
2798 3465 3047 3537 περιττὸν
3078 3460 3146 3534 ἦν
3194 3460 3341 3530 αὐτῷ
3380 3458 3441 3512 τὸ
3484 3455 3688 3516 λαϐεῖν,

2109 3554 2318 3608 οἴκοθεν
2349 3554 2524 3625 ἔχοντι
2557 3554 2613 3607 τὸ
2639 3554 2943 3617 αὐτοτελὲς,
2990 3553 3085 3606 κα)⁸
3109 3553 3170 3605 τὸ
3195 3551 3331 3621 πρὸς
3363 3549 3472 3602 πᾶν
3509 3542 3692 3599 ὁτιοῦν

2110 3645 2476 3717 ἀποχρώντως
2498 3646 2637 3715 ἔχον,
2677 3646 2794 3700 ἀλλ’
2822 3647 2887 3699 ἐκ
2922 3644 3290 3716 πληρώματος
3322 3640 3417 3696 τοῦ
3450 3634 3693 3710 Χριστοῦ

2111 3738 2311 3802 πάντες
2346 3740 2507 3809 ἡμεῖς
2553 3737 2839 3807 ἐλάϐομεν,
2885 3738 2980 3792 καὶ
3023 3737 3124 3790 οὐκ
3150 3736 3226 3789 ἂν
3251 3731 3599 3803 διαψεύσαιτο
3629 3726 3695 3780 τὸ

2108 3827 2216 3880 τῶν
2240 3826 2517 3897 θεηγόρων
2545 3829 2827 3897 κήρυγμα.
2861 3828 3081 3898 Πὶήρης
3124 3825 3232 3897 γὰρ
3260 3828 3288 3879 6
3317 3821 3570 3896 Χριστὸς,
3597 3819 3695 3873 καὶ

2111 3918 2261 3971 δοτὸν
2288 3918 2437 3987 αὐτῷ
2469 3918 2749 3981 παντελῶς
2779 3917 2953 3981 οὐδὲν,
3000 3914 3144 3970 καθὰ
3186 3918 3389 3968 νοεῖται
3437 3912 3531 3964 xui.
3576 3909 3710 3964 ἔστι.

2113 4012 2265 4078 Θεὸς,
2301 4014 2348 4065 εί
2402 4011 2497 4065 καῒ
2544 4011 2766 4080 γέγονεν
2816 4008 2980 4063 αὑτοῦ
3016 4009 3077 4061 τὸ
3116 4007 3319 4071 λαϐεῖν,
3362 4004 3447 4056 διὰ
3495 4003 3554 4054 τὸ
3595 4000 3695 4070 τῆς

2115 4104 2528 4177 ἀνθρωπότητος
2572 4103 2791 4175 μέτρον,
2840 4102 2935 4155 καὶ
2963 4101 3099 4155 καθὸ
3129 4100 3336 4169 πέφηνε
3368 4094 3490 4149 καθ’
3523 4094 3690 4163 ἡμᾶς,

2114 4192 2195 4261 οἷς
2224 4197 2289 4252 ἂν
2316 4196 2527 4266 λέγοιτο
2563 4195 2657 4249 καὶ
2710 4193 2857 4266 μάλα
2902 4192 3099 4266 ὀρθῶς
3149 4212 3165 4244 ι
3194 4190 3260 4244 Ti
3304 4189 3412 4260 γὰρ
3461 4187 3625 4257 ἔχεις,
3666 4184 3697 4238 6

2114 4290 2213 4343 οὐκ
2241 4288 2463 4355 έλαδεςς
2488 4306 2506 4340 ι

514 4548 573 4602 Β.
614 4549 771 4605 Certe
814 4551 916 4607 hoc
954 4562 1226 4619 asserunt,
1256 4569 1420 4609 unum
1464 4567 1583 4610 esse
1614 4553 1912 4618 Christum,
1951 4563 2001 4608 et

2180 4562 2239 4615 Β.
2269 4560 2397 4623 Ναὶ,
2434 4557 2620 4627 φησιν,
2674 4550 2754 4619 εἷς
2807 4556 2924 4609 ἐστι
2963 4550 3215 4623 Χριστὸς,
3274 4546 3368 4601 καὶ
3415 4544 3561 4607 Υἱὸς,
3602 4546 3697 4596 καὶ

448 4642 663 4709 Filium,
690 4657 743 4700 et
772 4645 1081 4711 Dominum,
1110 4645 1343 4701 Verbum
1376 4660 1441 4701 ex
1478 4645 1585 4701 Deo
1620 4644 1781 4700 Patre
1798 4644 1865 4711 ",
1891 4659 2018 4699 con-

445 4735 633 4805 juncto
670 4737 883 4791 interim
919 4737 1017 4805 ipsi
1052 4752 1118 4792 eo
1153 4738 1242 4807 qui
1274 4746 1360 4793 est
1391 4751 1455 4791 ex
1483 4736 1688 4792 semine
1718 4736 1903 4791 David.

525 4828 591 4881 Δ.
638 4827 706 4881 At
762 4829 907 4882 dicat
952 4828 1151 4897 aliquis
1197 4827 1474 4895 illis:Qui
1527 4828 1872 4894 coniunctum
1913 4825 2015 4881 sibi

451 4918 614 4973 habet
657 4916 845 4984 alium,
887 4933 990 4973 non
1037 4929 1215 4987 potest
1272 4920 1482 4974 censeri
1530 4934 1689 4985 unus,
1733 4920 1829 4974 sed
1878 4930 2017 4971 unus

449 5024 572 5064 cum
601 5025 728 5073 uno,
758 5010 860 5065 hoc
891 5020 996 5075 est,
1044 5010 1187 5065 alio:
1213 5010 1320 5067 duo
1345 5019 1524 5067 autem
1570 5012 1620 5067 hi
1657 5025 1879 5081 prorsus
1918 5009 2028 5064 sint

454 5116 675 5158 necesse
710 5110 815 5158 est.
846 5101 996 5159 Unus
1020 5116 1151 5158 vero
1189 5103 1517 5173 intelligetur
1549 5119 1733 5158 revera
1778 5117 1899 5159 esse
1937 5101 2025 5156 Fi-

454 5194 578 5261 lius,
610 5196 654 5250 si
680 5195 928 5250 eumdem
971 5196 1212 5252 dicamus
1242 5212 1366 5253 esse
1406 5214 1473 5253 es
1506 5198 1615 5253 Deo
1640 5198 1857 5269 quidem
1892 5177 2029 5249 divi-

454 5288 600 5343 nitus
638 5289 880 5359 genitum
909 5286 1075 5342 Deum
1106 5286 1382 5358 Verbum;
1414 5290 1809 5346 admirabiliter
1845 5299 2027 5343 autem

455 5378 727 5434 hominem
760 5388 817 5435 et
845 5379 1141 5435 secundum
1175 5395 1393 5436 carnem
1438 5381 1636 5436 factum
1672 5398 1738 5437 ex
1775 5383 2011 5438 muliere.

457 5469 513 5523 Si
545 5484 671 5524 vero
699 5486 819 5526 eum
847 5471 937 5542 qui
982 5481 1066 5527 est
1096 5486 1161 5527 ex
1203 5472 1413 5528 semine
1446 5474 1609 5527 David
1654 5474 1880 5529 seorsim
1912 5484 2022 5531 sta-

457 5570 669 5618 tuentes
714 5577 778 5619 ae
824 5563 1221 5633 distinguentes
1260 5578 1448 5619 verum
1499 5564 1666 5621 Deum
1724 5576 1779 5622 et
1826 5566 2021 5624 Filium

531 5777 574 5810 "’
609 5775 759 5828 Rom.
793 5791 831 5833 ι,
862 5776 951 5828 92.

460 5844 652 5903 chtr.
683 5860 743 5912 It,
772 5845 862 5899 ‘28.
928 5845 981 5903 ,³³
1030 5844 1175 5900 lnan.
1209 5862 1244 5908 ι,
1277 5845 1360 5899 i6.
1441 5845 1482 5877 ³³
1513 5843 1532 5897 1
1559 5848 1681 5902 Cor.
1716 5863 1831 5910 vm,
1874 5849 1923 5902 6.

1028 5775 1073 5845 τ’
1102 5775 1116 5826 l
1143 5778 1267 5828 Cur.
1302 5792 1373 5837 tv,
1409 5776 1459 5827 7.
1514 5778 1592 5845 β’
1636 5776 1672 5830 ll
1706 5775 1811 5830 Cor
1866 5793 1901 5837 I.
1939 5780 2003 5836 ts)

2108 5781 2145 5815 '°
2178 5781 2194 5836 l
2225 5783 2348 5839 Cor.
2389 5797 2475 5845 sv,
2514 5778 2599 5834 10.
2701 5778 2743 5809 ³¹
2784 5775 2941 5831 Joan.
2967 5789 3077 5841 xw,
3120 5771 3172 5827 6.

2122 4654 2346 4725 Κύριος,
2401 4653 2430 4705 6
2477 4651 2542 4703 ἐκ
2594 4647 2728 4702 Θεοῦ
2789 4645 3001 4717 Πατρδς
3067 4642 3270 4711 Λόγος,
3335 4637 3698 4706 συναφθέντος

2122 4746 2277 4818 αὐτῷ,
2304 4744 2397 4799 τοῦ
2434 4747 2498 4797 ἐκ
2533 4741 2849 4814 σπέρματος
2880 4737 3065 4792 Δαϐίδ.

2193 4842 2258 4892 Α.
2323 4837 2484 4901 Ἀλλ’,
2516 4829 2563 4890 ὦ
2613 4834 2898 4905 βέλτιστοι,
2960 4828 3092 4899 φαίη
3145 4843 3225 4889 τις
3282 4825 3347 4878 ἂν
3407 4821 3611 4884 αὐτοῖς,
3670 4819 3699 4871 6

2127 4930 2468 5001 συνημμένον
2500 4927 2638 4998 ἔχων
2681 4926 2889 4995 ἕτερον,
2925 4917 3006 4984 εἷς
3036 4920 3136 4975 οὐκ
3159 4917 3225 4970 ἂν
3252 4915 3443 4973 νοοῖτο,
3492 4909 3696 5001 πόθξνς

2138 4992 2277 5079 Ἀλλξ
2304 4992 2383 5086 εἷς
2414 4992 2698 5092 μεθήένὺς,
2727 4992 2896 5088 ἡγουν
2930 5011 3050 5084 μεθ’
3090 5009 3301 5080 ἑτέρου,
3346 5005 3450 5059 δύο
3466 5002 3523 5055 δὲ
3553 4992 3700 5054 οὗτοι

2127 5107 2301 5189 πὲντη
2331 5135 2391 5170 τε
2423 5115 2514 5169 καὶ
2548 5113 2785 5175 πάντως.
2838 5105 2934 5171 Εἷς
2971 5106 3015 5159 δ’
3053 5104 3119 5159 ἂν
3164 5104 3336 5155 νοοίτο
3376 5096 3519 5153 κατὰ
3568 5094 3703 5189 ἀλῄ-

2128 5188 2568 5279 θειανίύπάρχων
2598 5205 2747 5271 Υἱὸς,
2782 5204 2829 5256 εί
2867 5201 2957 5255 τὸν
3001 5197 3166 5252 αὐτὸν
3213 5193 3354 5249 εἷναί
3386 5207 3585 5261 φαμεν,
3636 5188 3713 5242 ὲκ

2128 5299 2261 5353 Θεοῦ
2299 5300 2396 5367 μὲν
2422 5296 2615 5357 θεῖκῶ’ς
2646 5292 2975 5364 γεννηθέντα
3004 5287 3136 5342 Θεὸν
3166 5287 3357 5354 Λόγον·
3384 5279 3703 5352 παραδόξως

2127 5393 2184 5446 δὲ
2211 5391 2516 5462 ἄνθρωπον,
2548 5389 2642 5441 καὶ
2673 5385 2811 5440 κατὰ
2840 5384 3019 5455 σάρκα
3048 5383 3112 5435 ὲκ
3147 5376 3423 5448 γυναικός.
3455 5374 3517 5428 Ei
3549 5372 3604 5425 δὲ
3636 5370 3715 5443 δὴ

2127 5482 2220 5535 τὸν
2256 5483 2320 5535 ὲκ
2351 5480 2667 5551 σπέρματος
2693 5476 2788 5531 τοῦ
2821 5473 2986 5530 Δασὶδ
3018 5474 3123 5542 ίδίᾳ
3150 5470 3392 5532 τιθέντες
3450 5465 3544 5519 καὶ
3589 5463 3701 5516 διο-

2133 5573 2397 5645 ρίζοντες,
2447 5570 2539 5625 τοῦ
2592 5570 2733 5626 κατὰ
2766 5569 3023 5640 ἀλήθειαν
3061 5560 3201 5619 εἶναι
3247 5561 3380 5617 Θεὸν
3421 5559 3517 5613 καὶ
3573 5555 3703 5609 Υίδν

3284 5769 3327 5803 ³⁸
3355 5767 3455 5822 isa.
3491 5780 3611 5829 LIII,
3643 5764 3702 5823 ὓς
