4058 6328
441 418 570 476 1511

1454 412 1513 468 ε.
1551 409 1828 468 εγωιιι
1870 403 2337 463 ALEXANDRINI
2381 401 2703 461 ABCIIIEP.

3546 391 3688 452 ιω

443 551 579 593 unus
615 534 864 592 Christus
903 544 958 589 et
1009 532 1288 597 Dominus,
1332 540 1389 587 et
1436 530 1653 601 quando
1701 529 1875 584 factus
1924 534 2006 582 est

2117 525 2168 589 ἐξ
2201 524 2468 596 οὐρανῶν,
2503 519 2622 577 εἶτα
2655 518 2912 593 πεφηνὼς
2951 519 2980 571 6
3018 516 3180 582 αὐτὸς
3240 514 3363 571 καθ’
3410 515 3578 601 ἡμᾶς,
3610 515 3687 579 ὡς

439 644 592 697 caro,
626 625 929 696 huiusmodi
964 625 1175 681 locutus
1201 634 1306 680 est.

511 800 573 855 Β.
626 800 799 855 Aliam
855 816 1069 871 quoque
1143 800 1404 855 rationem
1462 798 1866 868 excogitarunt.
1930 797 2008 849 ita

440 893 606 955 enim,
625 893 794 957 aiunt,
811 893 1114 947 censendus
1129 902 1212 947 est
1237 892 1283 947 is
1300 892 1389 961 qui
1415 901 1499 946 est
1515 906 1580 947 ex
1598 890 1803 945 semine
1823 887 2009 952 David,

440 997 559 1038 esse
591 983 759 1039 Filius
785 982 902 1049 Dei,
935 984 1077 1037 sicut
1104 992 1159 1038 et
1188 982 1365 1052 ipsum
1412 979 1640 1035 Verbum
1670 994 1735 1034 ex
1770 978 1878 1034 Deo
1910 976 2012 1032 Pa-

444 1083 524 1127 tre
569 1074 767 1128 dicitur
818 1088 940 1141 esse
984 1072 1149 1127 Filius
1195 1071 1382 1127 David.
1440 1068 1643 1127 Natura
1698 1068 1864 1135 enim,
1905 1083 2010 1123 non

514 1256 582 1307 A.
624 1253 773 1309 Vera:
808 1254 989 1324 itaque
1013 1253 1190 1311 laudis
1210 1251 1355 1307 ratio
1387 1250 1678 1322 recipiatur
1704 1259 1763 1305 ut
1789 1249 1862 1305 ita
1890 1263 2013 1304 cre-

441 1345 600 1398 datur
638 1345 869 1399 Verbum
899 1361 1027 1400 caro
1069 1345 1292 1411 factum,
1331 1345 1431 1400 hoc
1470 1352 1553 1399 est
1606 1343 1769 1398 homo
1801 1360 1815 1396 :
1851 1352 2015 1413 atque

442 1434 643 1490 idcirco
675 1434 841 1491 Filius
878 1434 1044 1489 David
1092 1450 1197 1490 non
1242 1435 1482 1500 tictitius,
1518 1434 1615 1489 sed
1662 1444 1917 1503 tanquam
1945 1447 2011 1488 ex

443 1528 558 1594 ipso
605 1527 915 1597 apparuerit
966 1529 1262 1581 secundum
1292 1539 1535 1587 carnem,
1562 1533 1619 1578 ct
1664 1522 1921 1577 manserit
1961 1521 2013 1577 id

441 1618 583 1685 quod
620 1627 759 1679 erat,
790 1616 1041 1670 nimirum
1083 1616 1223 1670 Deus
1264 1629 1293 1668 a
1341 1613 1467 1667 Deo.
1507 1613 1713 1667 Idcirco
1744 1621 1805 1667 et
1840 1614 2012 1665 sancti

446 1708 791 1778 evangelista:
839 1708 1071 1763 scientes
1117 1707 1287 1775 ipsum
1324 1704 1491 1759 Deum
1544 1703 1705 1759 simul
1746 1714 1799 1757 et
1836 1705 2012 1759 homi-

447 1813 567 1852 nem
618 1813 775 1862 esse,
829 1799 899 1851 ita
949 1798 1013 1851 ad
1067 1811 1163 1851 nos
1208 1797 1273 1851 de
1319 1798 1434 1863 ipso
1469 1793 1815 1867 Ἰωιοουιί
1864 1804 2010 1852 sunt.

445 1887 721 1957 Scriptum
761 1889 907 1944 enim
941 1898 1028 1942 est
1059 1890 1123 1943 de
1165 1888 1323 1942 beato
1360 1886 1623 1955 Baptista,
1654 1889 1795 1955 quod
1828 1906 1847 1940 ι
1890 1887 2015 1944 Pos-

450 1978 614 2030 tridie
642 1977 783 2031 videt
810 1975 997 2031 Jesum
1027 1977 1331 2031 venientem
1363 1978 1427 2030 ad
1450 1991 1535 2043 se,
1557 1986 1611 2030 et
1638 1977 1767 2032 dicit
1816 1997 1828 2032 :
1883 1979 2019 2034 Ecce

445 2067 784 2136 Agnus‘Dei.
826 2067 916 2137 qui
952 2067 1087 2121 tollit
1133 2078 1418 2136 pet-catum
1465 2067 1670 2122 mundi.
1709 2067 1808 2124 llic
1841 2080 1925 2123 est
1951 2070 2018 2125 de

444 2172 554 2228 quo
600 2158 710 2213 dixi
741 2177 755 2213 :
787 2157 913 2212 Post
956 2174 1041 2212 me
1087 2159 1233 2212 venit
1281 2159 1383 2223 vir,
1425 2159 1514 2227 qui
1560 2168 1685 2213 ante
1730 2174 1815 2214 me
1845 2160 2017 2215 factus

446 2257 552 2313 est,
596 2247 721 2317 quia
766 2249 915 2317 prior
962 2264 1048 2303 me
1099 2257 1236 2313 erat,
1286 2257 1341 2303 et
1388 2263 1488 2318 ego
1520 2249 1823 2303 nesciebam
1865 2263 2013 2316 eum,

446 2342 541 2397 sed
576 2349 635 2396 ut
680 2338 1062 2395 manifestetur
1109 2340 1162 2394 in
1210 2338 1397 2405 Israel,
1428 2351 1709 2409 propterea
1758 2340 1875 2395 veni
1915 2356 2015 2411 ego

447 2431 503 2486 in
550 2446 692 2500 aqua
742 2430 1027 2500 baptizans
1049 2430 1116 2487 δ’.
1156 2450 1176 2485 ι
1205 2429 1467 2501 Intelligis
1522 2431 1707 2503 itaque
1745 2433 2015 2502 quomodo

444 2525 619 2576 virum
692 2537 905 2583 vocans,
963 2537 1269 2591 agnumque
1328 2524 1502 2593 ipsum
1554 2522 1852 2593 appellans,
1907 2538 2014 2580 non

446 2611 609 2664 alium
648 2624 771 2665 esse
821 2609 949 2664 dicit
981 2610 1072 2677 qui
1123 2610 1260 2664 tollit
1291 2624 1512 2681 peccata
1560 2612 1765 2677 mundi,
1810 2622 1864 2666 et
1909 2627 2018 2667 ma-

442 2715 603 2771 gnam
643 2700 781 2754 hanc
821 2709 984 2769 atque
1030 2700 1349 2756 immensam
1394 2702 1744 2772 divinumque
1785 2702 2016 2773 dignita-

444 2800 551 2847 tem
579 2793 627 2846 ei
652 2792 860 2846 tribuit.
899 2793 1037 2847 Ante
1070 2807 1197 2849 vero
1236 2808 1299 2847 ac
1330 2792 1561 2862 priorem
1588 2808 1648 2849 se
1689 2793 1890 2849 factum
1918 2794 2014 2862 ait,

444 2884 569 2939 licet
612 2883 879 2954 posterior
939 2882 1137 2946 fuerit,
1188 2883 1398 2939 ratione
1448 2883 1701 2939 nimirum
1758 2885 2018 2955 temporis

445 2987 553 3043 quo
599 2974 892 3028 secundum
944 2987 1165 3027 carnem
1215 2982 1374 3028 natus
1420 2983 1521 3029 est.
1578 2973 1840 3042 Quamvis
1869 2976 2014 3031 enim

448 3065 764 3119 Emmanuel
808 3073 1075 3135 quatenus
1122 3066 1281 3120 homo
1327 3075 1450 3135 post
1498 3066 1645 3121 illum
1692 3076 1851 3122 natus
1892 3066 2014 3133 fuit,

2111 611 2191 679 εἷς
2235 614 2469 685 Χριστὸς
2512 615 2607 669 καὶ
2649 611 2876 683 Κύριος,
2924 610 3021 663 καὶ
3062 610 3152 662 ὅτε
3190 606 3383 677 γέγονε
3422 600 3581 675 σὰρξ.
3616 605 3687 657 τά

2110 706 2287 763 τοιάδε
2315 705 2501 777 φησίν.

2180 797 2242 852 Β.
2289 796 2609 869 Ἐξεύρηταί
2633 813 2718 859 τις
2753 796 2935 859 αὐτοῖς
2973 792 3066 847 καὶ
3102 788 3494 862 ἔτεροςλόγος.
3530 787 3688 841 Ἔστι

2110 890 2169 944 δὲ
2222 883 2400 954 οὗτος,
2464 887 2609 942 οὕτω
2651 887 2760 959 γάρ
2796 885 2992 957 χρῆναί
3043 900 3209 953 φασιν
3266 881 3393 935 Υίδν
3447 876 3689 932 νοεῖσθαι

2112 981 2247 1036 Θεοῦ
2285 980 2378 1035 τὸν
2413 980 2480 1033 ὲκ
2520 978 2834 1049 σπέρματος
2860 975 2955 1030 τοῦ
2984 974 3167 1039 Δασὶδ,
3206 972 3283 1036 ὡς
3307 972 3374 1026 ἂν
3400 969 3496 1025 acui.
3523 970 3690 1032 αὐτὸς

2111 1077 2139 1129 6
2162 1075 2229 1128 ὲκ
2265 1073 2401 1127 Θεοῦ
2440 1072 2653 1141 Πατρδς
2676 1071 2844 1137 Λόγος
2878 1069 3008 1133 Υἱὸς
3046 1062 3183 1121 εἶναι
3210 1065 3421 1134 λέγοιτο
3451 1060 3549 1116 τοῦ
3584 1064 3688 1115 Aa-

2114 1166 2218 1221 σεδ.
2244 1164 2406 1220 Φύσει
2435 1164 2567 1235 γάρ,
2600 1162 2713 1217 οὐδ’
2740 1162 2947 1232 ἕτερος.

2181 1256 2249 1309 Δ.
2287 1252 2518 1319 Οὐκοῦν,
2551 1253 2581 1306 6
2618 1252 2718 1323 τῆς
2758 1249 2995 1322 ἀληθοῦς
3025 1248 3291 1310 αίνέσεως
3331 1244 3518 1299 ιίσίτω
3558 1241 3691 1313 τρό-

2116 1364 2236 1411 πος,
2271 1345 2341 1400 ἶν’
2390 1343 2533 1398 οὕτω
2582 1340 2909 1413 πιστεύηται
2955 1338 3093 1410 σὰρξ
3134 1334 3375 1407 γεγονὼς
3415 1335 3446 1388 6
3491 1332 3694 1400 Λόγος,

2113 1437 2390 1492 τουτέστιν
2441 1432 2747 1505 ἄνθρωπος,
2775 1432 2873 1487 καὶ
2893 1430 2991 1484 ’διὰ
3023 1428 3204 1491 τοῦτο,
3235 1426 3363 1489 Υίὺς
3398 1423 3493 1478 τοῦ
3523 1420 3692 1476 Δασιδ

2113 1530 2174 1583 οὒ
2199 1512 2664 1598 κατεψευσμένος.
2710 1523 2850 1578 ’Δλλ⁸
2878 1522 2954 1585 ὡς
2978 1520 3037 1586 ἐξ
3062 1507 3227 1574 αὐτοῦ
3258 1514 3514 1587 πεφηνὼς
3546 1512 3699 1568 κατὰ

2117 1621 2319 1691 σάρκα,
2351 1618 2446 1671 καὶ
2475 1614 2802 1687 μεμενηκὼς
2835 1615 2976 1683 ὅπερ
3017 1608 3107 1684 ἦν,
3141 1610 3299 1680 δῆλον
3329 1608 3385 1661 δὲ
3430 1608 3512 1661 δτι
3556 1603 3697 1668 Θεὸς

2117 1713 2181 1765 ἐκ
2214 1709 2370 1764 Θεοῦ.
2424 1710 2537 1762 Καὶ
2575 1707 2705 1777 γοῦν
2734 1707 2785 1759 oi
2823 1693 3197 1772 τῶνγενικῶν
3247 1699 3372 1773 [γρ.
3406 1696 3693 1766 εὐαγγελι-

2116 1800 2262 1873 κῶν]
2292 1799 2661 1871 κηρυγμάτων
2691 1796 2984 1868 ἱερουργοὶ,
3025 1794 3116 1847 τὸν
3144 1793 3308 1848 αὐτὸν
3333 1788 3695 1857 γινώσκοντες

2116 1892 2249 1947 Θιόν
2280 1908 2340 1945 τε
2382 1890 2518 1960 όμοῦ
2561 1890 2651 1943 καὶ⁸
2682 1888 2988 1959 ἄνθρωπον,
3023 1886 3150 1949 τοὺς
3192 1882 3322 1954 περὶ
3357 1878 3523 1935 αὐτοῦ
3554 1878 3699 1949 πρὸς

2115 1984 2267 2053 ἡμᾶς
2300 1981 2621 2051 πεποίηνται
2654 1977 2868 2047 λόγους.
2912 1975 3228 2045 Γέγραπται
3266 1971 3398 2041 γοῦν
3440 1966 3701 2041 περὶτοῦ

2120 2074 2393 2144 μακαρίου
2426 2068 2755 2136 Βαπτιστοῦ,
2792 2069 2875 2123 ὅτι
2909 2085 2929 2119 ι
2956 2068 3036 2138 Τῇ
3064 2065 3323 2137 ιπαόριον
3367 2061 3558 2133 βλέπει
3598 2058 3697 2113 τὸν

2130 2164 2334 2235 Ἰησοῦν
2387 2163 2683 2235 ιρχόμτνον
2741 2160 2880 2231 πρὸς
2926 2156 3110 2224 αὐτὸν,
3146 2155 3241 2209 καὶ¹
3296 2153 3465 2222 λέγει’
3513 2151 3620 2205 Ἴδε
3664 2150 3698 2204 6

2132 2256 2327 2327 Ἀμνὺς
2362 2253 2453 2311 τοῦ
2486 2253 2647 2317 Θεοῦ,
2685 2254 2715 2307 ό
2758 2253 2930 2322 αίρων
2983 2247 3260 2320 ἁμαρτίαν
3302 2244 3399 2300 τοῦ
3456 2243 3697 2313 κόσμου,

2114 2342 2268 2412 οὗτός
2310 2351 2427 2401 ἐστι
2470 2346 2599 2417 περὶ
2641 2336 2703 2398 οῦ
2752 2342 2863 2411 ἑγὼ
2895 2336 3069 2395 εἷπον
3107 2340 3311 2393 Ὀπίσω
3342 2354 3445 2408 μου
3475 2337 3697 2406 ἔρχεται

2116 2441 2277 2512 ἀνὴρ,
2328 2439 2388 2503 ὃς
2432 2436 2743 2510 ἔμπροσθέν
2780 2452 2883 2506 μου
2924 2434 3171 2501 γέγονεν,
3209 2432 3294 2487 ὅτι
3336 2428 3551 2498 πρῶτός
3590 2426 3701 2496 μού

2116 2536 2255 2598 ἐστι,
2285 2529 2441 2601 κάγὼ
2466 2532 2571 2585 οὐκ
2613 2526 2752 2582 εἶδον
2798 2527 2983 2591 αὐτὸν,
3019 2525 3135 2579 ἀλλ’
3187 2525 3273 2577 ἵνα
3300 2520 3586 2593 φανερωθῇ
3616 2518 3698 2591 τῷ

2130 2621 2368 2693 Ἰσραὴλ,
2402 2620 2491 2675 διά
2522 2617 2679 2673 τοῦτο
2724 2614 2888 2690 ἦλθον
2920 2616 3031 2686 ἐγὼ
3063 2617 3123 2670 ἐν
3157 2614 3312 2669 ὕδατι
3346 2610 3642 2683 βαπτίζων.
3668 2627 3689 2660 a

2118 2710 2285 2774 Σύνις
2311 2705 2403 2764 οὖν
2441 2710 2587 2772 ὅπως
2616 2707 2786 2778 ἄνδρα
2823 2706 3016 2774 λέγων,
3066 2705 3159 2758 καὶ
3204 2702 3377 2773 ἀμνὸν
3413 2699 3705 2770 ὀνομάζων

2116 2800 2301 2867 αὐτὸν,
2329 2800 2429 2870 οὐχ
2461 2798 2649 2869 ἓτερον
2679 2793 2817 2851 εἷναί
2847 2813 2980 2868 φησι
3006 2794 3098 2848 τὸν
3128 2794 3355 2866 αἴροντα
3378 2792 3477 2862 τὴν
3506 2792 3697 2860 άμαρ-

2115 2894 2238 2948 τίαν
2252 2893 2371 2946 Ἲοῦ
2422 2892 2651 2961 κόσμου,
2692 2890 2789 2942 καὶ
2834 2888 2894 2941 τὺ
2939 2888 3083 2957 μέγα
3125 2884 3284 2939 τοῦτο
3334 2884 3428 2937 καὶ⁵
3459 2882 3706 2950 ἐξαίσιον

2117 2983 2335 3057 άληθῶς
2401 2984 2495 3037 καὶ
2583 2981 2883 3052 Θεοπρεπὲς
2956 2978 3173 3048 ἀξίωμα
3255 2974 3698 3047 προσνενέμηκιν

2118 3074 2285 3147 αὐτῷ.
2328 3071 2680 3143 Ἐμπροσθεν
2717 3072 2775 3125 δὲ
2819 3070 2912 3125 καὶ
2954 3069 3171 3141 πρῶτον
3218 3066 3472 3136 γενέσθαι
3529 3065 3703 3135 φησὶν

446 3166 561 3212 erat
592 3168 765 3211 tamen
812 3166 935 3211 ante
975 3158 1154 3212 omnia
1185 3158 1404 3226 saecula,
1449 3169 1507 3214 ut
1557 3158 1717 3214 Deus.
1757 3160 2011 3228 Ejusdem

2117 3165 2304 3230 αὑτοῦ,
2337 3164 2511 3219 καίτοι
2541 3150 2771 3217 κατόπιν
2807 3162 3121 3232 γενόμενον,
3153 3159 3295 3213 κατά
3325 3158 3390 3225 γέ
3430 3172 3572 3226 φημι
3604 3156 3706 3207 τὸν

447 3248 629 3317 itaque
673 3260 754 3301 est
794 3255 847 3300 et
894 3256 1167 3302 recentem
1216 3262 1338 3305 esse
1384 3248 1591 3303 ratione
1632 3249 1880 3305 humana:
1919 3265 2013 3304 na-

448 3346 606 3401 turze,
641 3348 697 3391 et
721 3346 1006 3401 aeternum,
1039 3338 1249 3395 ratione
1284 3341 1499 3395 divinas.
1542 3338 1750 3397 idcirco
1786 3350 1842 3397 et
1882 3356 2017 3410 pra-

448 3429 817 3483 stantissimus
873 3429 960 3484 ille
1015 3427 1245 3495 Petrus,
1293 3443 1401 3483 non
1457 3430 1658 3484 nudum
1706 3438 1763 3485 et
1816 3432 2017 3501 absque

448 3534 613 3574 carne
658 3519 957 3589 respiciens
1016 3518 1273 3585 Verbum,
1323 3519 1416 3575 sed
1466 3519 1608 3590 quod
1658 3520 1712 3575 in
1749 3535 1913 3577 carne
1961 3530 2018 3578 et

448 3612 709 3681 sanguine
748 3622 1111 3681 apparuerat,
1159 3612 1498 3667 manifestam
1557 3620 1612 3667 et
1656 3613 2015 3668 certissimam

448 3702 574 3759 fidei
611 3704 665 3759 in
709 3705 883 3774 ipsum
925 3703 1317 3775 professionem
1364 3704 1500 3769 odit,
1531 3704 1758 3760 dicens:
1791 3724 1813 3758 ι
1847 3702 1925 3760 Τιι
1956 3721 2016 3763 es

446 3794 706 3850 Christus
736 3794 903 3850 Filius
933 3794 1029 3851 Dei
1060 3794 1186 3850 vivi.
1218 3812 1239 3847 ι
1275 3793 1373 3850 Cui
1404 3793 1653 3873 Christus
1690 3796 1966 3866 respondit
1996 3813 2011 3850 :

454 3887 680 3942 «Beatus
701 3902 779 3953 es,
796 3887 1004 3951 Simon,
1028 3886 1101 3941 illi
1121 3885 1289 3951 Iona,
1305 3886 1431 3956 quia
1452 3901 1579 3942 caro
1599 3895 1653 3943 et
1667 3889 1888 3957 sanguis
1910 3902 2016 3943 non

449 3979 708 4035 revelavit
733 3979 851 4043 tibi,
885 3978 978 4033 sed
1011 3977 1171 4034 Pater
1200 3992 1353 4032 meus
1385 3978 1475 4047 qui
1510 3985 1594 4032 est
1629 3977 1681 4032 in
1714 3978 1868 4034 caelis
1890 3980 1959 4033 θ’.
1991 3996 2010 4031 ι

449 4068 514 4125 At
552 4070 654 4123 nisi
692 4069 858 4124 altum
909 4082 1093 4124 revera
1140 4077 1225 4123 est
1260 4068 1602 4139 mysterium,
1632 4078 1685 4123 et
1725 4068 1865 4124 Deus
1898 4080 2017 4124 erat

450 4164 507 4217 in
557 4176 721 4216 carne
751 4179 764 4215 :
797 4160 955 4215 homo
989 4166 1190 4223 autem,
1244 4166 1302 4213 ut
1333 4157 1431 4227 ipsi
1466 4157 1669 4223 volunt,
1702 4157 2014 4215 (iliationem

448 4265 547 4320 per
594 4251 820 4320 gratiam
878 4256 1229 4314 consecutus,
1271 4248 1543 4317 quomodo
1587 4247 1815 4318 indiguit
1869 4259 2017 4306 tanto

450 4342 692 4413 mysterii
736 4342 985 4405 doctore,
1021 4341 1157 4394 adeo
1201 4349 1261 4394 ut
1312 4353 1473 4394 nemo
1505 4339 1811 4394 mortalium
1847 4340 2009 4396 disci-

449 4435 573 4505 pulo
596 4433 866 4495 revelarit,
900 4434 991 4489 sed
1024 4449 1053 4488 a
1081 4432 1241 4489 Patre
1269 4432 1385 4503 ipso
1406 4432 1459 4487 id
1482 4432 1707 4489 edoctus
1735 4434 1845 4489 sit?
1874 4434 2015 4502 Quin

2114 3261 2214 3330 τῆς
2257 3257 2399 3311 κατὰ
2452 3256 2632 3326 σάρκα
2664 3256 2970 3325 γεννήσεως
3017 3251 3227 3323 χρόνον.
3287 3250 3349 3304 Ei
3396 3248 3504 3321 γάρ
3547 3249 3705 3301 ἐστιν

2116 3348 2372 3420 όψιγενὴς
2403 3347 2539 3400 καθὸ
2567 3346 2851 3415 ἄνθρωπος
2875 3346 2904 3397 6
2946 3339 3314 3413 Ἐμμανουὴλ,
3350 3339 3465 3393 ἀλλ’
3494 3334 3560 3410 ἦν
3589 3336 3698 3408 πρὸ

2118 3439 2319 3502 παντὸς
2376 3438 2567 3500 αἰῶνος
2624 3437 2699 3501 ὡς
2744 3437 2897 3499 Θεός.
2932 3434 3110 3487 Αὑτοῦ
3159 3431 3446 3502 τοιγαροῦν
3494 3430 3588 3484 καὶ
3635 3429 3699 3483 τὸ

2118 3532 2430 3603 πρόσφατον
2463 3528 2840 3599 ἀνθρωπίνως,
2872 3527 2966 3581 καὶ
3003 3525 3065 3579 τὺ
3102 3525 3274 3580 ἀΐδιον
3306 3523 3522 3586 θεῖκῶς,
3561 3520 3699 3575 ταύ-

2114 3640 2185 3697 τῃ
2215 3642 2297 3678 τοι
2325 3624 2417 3677 καὶ
2456 3625 2483 3676 6
2512 3622 2846 3692 πανάριστος
2898 3620 3135 3690 Πέτρος,
3186 3619 3247 3672 οὐ
3296 3617 3526 3688 γυμνὸν,
3570 3615 3697 3671 οὐδὲ

2116 3714 2356 3786 ἄσαρκον
2385 3710 2802 3781 καταθεώμενον
2825 3711 2915 3765 τὸν
2938 3710 3128 3780 Λόγον,
3164 3709 3278 3763 ἀλλ’
3307 3710 3367 3763 ὲν
3398 3708 3562 3781 σαρκὶ
3601 3706 3701 3762 καὶ

2114 3806 2308 3876 αἵματι
2365 3803 2664 3874 πεφηνότα,
2704 3802 2891 3881 σαφῶς
2928 3819 2990 3854 τε
3031 3802 3125 3855 καὶ⁵
3172 3800 3426 3863 ἀπλανῶς
3470 3800 3569 3871 τῆς
3618 3800 3703 3863 είς

2117 3892 2280 3947 αὐτὸν
2323 3891 2561 3953 πίστεως
2603 3889 2705 3961 τὴν
2748 3889 3007 3943 ἀπόδοσιν
3055 3890 3313 3952 ἐποιεῖτο,
3344 3887 3708 3956 λέγων..‹Σὺυ

2118 3979 2168 4037 εἴ
2192 3985 2221 4037 ό
2244 3983 2499 4054 Χριστὸς,
2534 3985 2563 4036 6
2590 3982 2719 4045 Υίὸς
2746 3981 2839 4035 τοῦ
2863 3980 2998 4035 Θεοῦ
3032 3979 3125 4034 τοῦ
3151 3980 3370 4046 ζῶντος.
3396 3998 3414 4031 a
3464 3979 3698 4047 Ἀκήκοε

2116 4075 2172 4128 δὲ
2203 4074 2341 4145 πρὸς
2366 4072 2542 4127 τοῦτο*
2582 4073 2898 4143 «Μακάριος
2929 4068 3000 4139 εἴ,
3034 4072 3237 4142 Σίμων,
3265 4070 3381 4141 Βὰρ
3416 4072 3591 4137 Ἰωνᾶ,
3614 4070 3699 4124 ὅτι

2119 4164 2257 4237 σὰρξ
2288 4163 2381 4218 καὶ
2425 4157 2563 4234 αἷμα
2606 4164 2704 4217 οὐκ
2748 4161 3065 4232 ἁπεκάλυψέ
3110 4179 3214 4225 σοι,
3260 4162 3376 4216 ἀλλ’
3424 4164 3453 4216 ό
3506 4161 3700 4232 Πατήρ

2119 4275 2246 4328 μου,
2302 4258 2332 4310 ό
2378 4259 2435 4311 ἑν
2486 4259 2600 4319 τοῖς
2659 4256 2929 4326 οὐρανοῖς.
2958 4275 2977 4309 ι
3051 4254 3190 4308 ’Ἀλλ’
3229 4256 3279 4308 εί
3341 4252 3419 4326 μὴ
3463 4252 3599 4325 βαθὺ
3637 4250 3701 4306 τὸ

2120 4351 2443 4422 μυστήριον,
2471 4350 2565 4403 καί¹
2597 4347 2728 4412 Θεὸς
2757 4344 2826 4418 ἦν
2865 4348 2923 4400 ὲν
2952 4346 3139 4418 σαρκὶ,
3178 4346 3465 4416 ἄνθρωπος
3486 4344 3543 4397 δὲ
3578 4343 3699 4397 κατ’

2118 4445 2335 4509 αὐτοὺς,
2380 4444 2563 4515 χάριτι
2594 4441 2693 4512 τὴν
2731 4438 3003 4493 υἱοθεσίαν
3045 4438 3206 4509 ἔχων,
3249 4438 3367 4501 πῶς
3395 4437 3463 4491 ἂν
3503 4434 3698 4508 ἐδεήθη

448 4537 504 4584 et
532 4524 778 4595 discipuli
810 4540 931 4579 cum
971 4524 1118 4578 illum
1155 4523 1446 4593 aliquando
1475 4523 1528 4577 in
1571 4524 1706 4578 mari
1751 4526 2013 4580 obambu-

2117 4534 2377 4591 τοσούτου
2402 4514 2785 4605 μυσταγωγοῦ,
2831 4531 2907 4595 ὡς
2943 4530 3146 4601 μηδένα
3180 4530 3279 4601 μὲν
3316 4527 3425 4582 τῶν
3468 4528 3562 4582 ἐπὶ
3598 4528 3699 4597 τῆς

449 4618 651 4672 lantem
686 4613 982 4684 conspicati
1018 4624 1223 4679 essent,
1255 4614 1470 4669 attoniti
1514 4614 1776 4669 miraculo
1802 4615 2012 4687 profes-

2117 4628 2221 4698 γῆς
2279 4624 2628 4703 ἀποκαλιξψαι
2684 4624 2762 4695 τῷ
2818 4608 3061 4694 μαθητῇ.
3111 4622 3405 4693 παιδευτὴν
3450 4620 3509 4674 δὲ
3564 4619 3699 4692 πρὸς

449 4709 653 4763 sionem
689 4706 810 4761 ﬁdei
846 4720 958 4761 sua:
981 4705 1288 4772 ediderunt,
1314 4705 1556 4761 dicentes
1584 4724 1598 4761 :
1635 4724 1655 4757 ι
1681 4705 1822 4762 Vere
1845 4704 2013 4763 Filius

2117 4719 2275 4773 τοῦτο
2320 4718 2507 4789 λαχεῖν
2560 4716 2721 4770 αὐτὸν
2773 4716 2863 4769 τὸν
2908 4716 3159 4787 Πατέρα;
3197 4715 3308 4769 Καὶ
3351 4713 3460 4786 μὴν
3510 4715 3606 4767 καὶ
3650 4716 3699 4768 oi

448 4800 540 4855 Dei
570 4814 627 4855 es
648 4800 713 4853 δ’.
750 4816 769 4852 ι
811 4798 880 4853 Δι
913 4799 958 4855 si
985 4800 1181 4855 nothus
1209 4807 1264 4854 et
1292 4797 1412 4853 falsi
1446 4799 1677 4869 nominis
1699 4810 1801 4865 est,
1827 4810 1881 4855 et
1903 4800 2014 4855 ad-

2118 4809 2398 4865 θεσπέσιοι
2425 4806 2691 4880 μαθηταὶ,
2725 4805 3009 4860 διαθέοντα
3041 4804 3174 4859 ποτὲ
3196 4806 3293 4876 τῆς
3329 4804 3601 4875 θαλάττης
3630 4804 3698 4859 τά

449 4888 732 4943 ventitium
781 4888 832 4945 ei
881 4897 965 4944 est
1013 4886 1157 4958 quod
1210 4887 1284 4943 sit
1335 4886 1527 4955 Filius,
1584 4890 1848 4945 mendacii
1896 4890 2014 4947 illos

2117 4902 2260 4957 νῶτα
2288 4900 2594 4971 βλέποντες,
2623 4899 3075 4972 ητατεθήπεσαν
3109 4898 3211 4969 μὲν
3244 4897 3343 4968 τὴν
3376 4897 3696 4968 θεοσημίαν,

450 4991 699 5049 arguant,
736 4979 875 5049 quod
900 4988 954 5034 et
971 4977 1330 5049 jurejurando
1354 4978 1762 5035 conﬁrmarunt.
1788 4982 2014 5051 Adjece-

2117 4968 2426 5065 ὡμολόγουν
2459 4991 2514 5045 δὲ
2540 4993 2640 5063 τὴν
2685 4968 2900 5055 πίστιν,
2924 4968 3193 5059 λέγοντες·
3238 5008 3257 5043 ι
3294 4988 3534 5061 ’ἀληθῶς
3561 4986 3697 5041 Θεοῦ

452 5078 576 5121 runt
602 5070 767 5135 enim,
804 5088 823 5120 ‹
855 5083 1000 5135 vere,
1030 5087 1049 5121 ι
1072 5077 1447 5125 asseverantes
1480 5069 1800 5139 ipsum-esse
1820 5072 2014 5127 Filium

2119 5084 2244 5148 Υἰδς
2289 5079 2356 5137 εἴ.
2386 5102 2405 5135 a
2465 5082 2606 5136 Ἀλλ’
2648 5084 2697 5137 εί
2740 5082 2895 5145 νόθος
2928 5081 3046 5135 ἐστὶ
3075 5080 3168 5137 καὶ
3194 5080 3565 5151 ψευδώνυμος,
3606 5080 3698 5133 καὶ

452 5157 546 5213 Dei
573 5174 635 5212 ac
667 5159 864 5215 Patris.

2118 5174 2428 5245 εἰσποιητὸν
2474 5174 2586 5245 ἔχει
2627 5174 2689 5227 τὸ
2718 5170 2857 5229 εἶναι
2889 5174 3037 5238 Υἱὸς,
3074 5172 3480 5241 ἐγκαλείτωσαν
3515 5174 3699 5233 αὑτοῖς

450 5251 547 5322 τὴν
572 5250 951 5322 ψευδηγορίαν,
987 5253 1083 5305 καὶ
1112 5251 1271 5305 τοῦτο
1312 5251 1653 5325 ὀμωμοκόσι.
1701 5257 2129 5327 Προστεθείκασι
2197 5266 2306 5337 γὰρ
2350 5265 2431 5331 τὺ,
2462 5267 2699 5339 άληθῶς,
2763 5267 2892 5322 Υίὸν
2965 5266 3129 5321 αὑτὸν
3172 5264 3313 5321 εἶναι
3359 5266 3697 5321 διαϐεϐαιού·

454 5366 605 5421 μενοι
628 5349 722 5402 τοῦ
753 5346 889 5402 Θεοῦ
920 5350 1013 5402 καὶ
1041 5349 1274 5421 Πατρός.

522 5442 580 5495 Β.
625 5440 839 5511 Optime
872 5442 1078 5498 dixisti.

2196 5452 2259 5506 B.
2299 5452 2533 5523 Ἀριστα
2567 5453 2724 5525 ἔφης.

525 5535 591 5589 Α.
626 5534 745 5602 Quo
771 5544 929 5605 pacto
968 5545 1147 5591 autem
1184 5537 1348 5592 etiam
1382 5538 1631 5609 proprios
1659 5541 1823 5597 habet
1858 5558 2014 5615 ange-

2197 5545 2264 5599 A.
2294 5542 2419 5608 Πῶς
2446 5545 2504 5599 δὲ
2545 5547 2639 5599 καὶ
2680 5545 2843 5610 ίδίους
2877 5543 2988 5616 ἔχει
3032 5545 3159 5608 τοὺς
3200 5544 3463 5613 ἀγγέλους
3508 5547 3537 5600 ὁ
3575 5546 3698 5610 Υίδς

456 5626 738 5684 los'Filius
772 5628 1027 5695 hominis,
1073 5637 1128 5683 et
1172 5628 1416 5699 splendet
1448 5630 1501 5686 in
1537 5630 1705 5702 gloria
1735 5632 1911 5690 Patris
1939 5636 2014 5691 sui

2128 5635 2222 5690 τοῦ
2271 5635 2586 5708 ἀνθρώπου,
2642 5636 2932 5710 διαπρέπει
2978 5636 3032 5691 δὲ
3086 5637 3176 5692 καὶ
3223 5638 3281 5692 ὲν
3321 5639 3387 5709 τῇ
3439 5637 3565 5713 δόξῃ
3608 5639 3702 5695 τοῦ

533 5807 576 5839 ⁸⁸
616 5806 766 5862 Joau.
798 5822 813 5861 ι
840 5846 854 5874 ,
889 5807 1079 5865 29-31.
1158 5808 1195 5841 δ’
1226 5808 1410 5867 Matth.
1456 5828 1566 5879 xvr,
1604 5814 1685 5878 16,
1723 5815 1805 5868 l7.
1888 5816 1931 5847 "
1960 5814 2014 5871 Ml

2117 5833 2148 5869 I.
2182 5830 2290 5882 ιιν,
2335 5816 2425 5871 55»
