4058 6328
366 454 504 511 1315

1500 436 1690 508 omo
1730 433 1921 494 usus
1957 430 2064 489 srr
2103 426 2473 485 numerus.

3528 408 3667 467 ιδιι

366 567 581 637 nam;
605 564 773 621 αὑτοῦ
796 564 937 637 μετά
964 563 1075 618 τῶν
1102 550 1354 631 ἀγγέλων
1384 557 1552 613 αὑτοῦ
1576 574 1591 623 ;
1633 556 1740 609 Καὶ
1765 554 1932 606 πάλιν
1950 569 1963 582 ·

2077 565 2199 603 cum
2252 546 2465 617 angelis
2506 543 2621 601 suis
2647 540 2733 593 ⁸³⁶ί
2777 536 2843 592 Et
2893 546 3084 589 rursus
3120 549 3131 584 ε
3186 549 3204 580 ι
3245 525 3311 581 Ει
3363 528 3543 583 tnittet
3573 525 3663 581 Fi-

372 679 391 710 ι
414 659 523 712 Καὶ
556 658 845 713 ἀποστελεῖ
880 658 908 710 6
936 654 1065 719 Υἱὸς
1092 653 1189 707 τοῦ
1222 651 1512 723 ἀνθρώπου
1544 649 1670 711 τοὺς
1694 646 1963 715 ἀγγέλους

366 750 553 804 αὐτοῦ.
582 769 600 802 ι
654 750 717 803 Ei
741 748 801 802 ,δὲ
830 749 923 802 καὶ¹
951 745 1275 802 ἀπιστοῦσιν
1298 744 1400 809 ἔτι,
1442 742 1537 795 καὶ
1581 741 1711 813 δόξῃ
1738 738 1966 809 θεοπρε-

368 844 464 893 πεῖ
501 840 598 893 καὶ
642 842 755 903 τοῖς
793 837 939 893 οὕτω
977 838 1255 909 λαμπροῖς
1294 834 1391 887 καὶ
1438 833 1770 903 ὑπερτάτοις
1802 827 1967 895 ἀξιώ-

372 948 536 1002 μασιν
562 931 799 1002 δρῶντες
830 928 1298 999 κατεστεμμένον,
1347 924 1677 980 ἀκούσονται
1715 922 1966 991 λέγοντος

369 1024 556 1076 αὑτοῦ·
622 1023 733 1076 «Εἰ
782 1022 908 1095 ἐμοὶ
963 1022 1025 1075 οὗ
1082 1019 1388 1083 πιστεύετε,
1448 1019 1561 1081 τοῖς
1617 1015 1801 1088 ἔργοις
1859 1028 1964 1084 μου

371 1115 679 1169 πιστεύετε.
705 1134 724 1167 ι
768 1114 878 1169 Καὶ
927 1112 1091 1167 πάλιν
1116 1128 1130 1143 ο
1167 1132 1185 1165 ι
1212 1112 1274 1166 El
1315 1111 1377 1165 οὐ
1422 1107 1562 1163 ποιῶ
1607 1107 1675 1160 τὰ
1705 1106 1845 1178 ἔργα
1867 1102 1964 1158 τοῦ

372 1205 585 1275 Πατρός
638 1221 763 1275 μου,
817 1202 892 1273 μὴ
937 1201 1226 1255 πιστεύετέ
1282 1218 1391 1271 μοι.
1435 1200 1500 1253 Εἰ
1545 1197 1603 1251 δὲ
1654 1195 1814 1260 ποιῶ,
1863 1191 1967 1247 κᾶν

371 1297 497 1366 ipsi.
536 1296 612 1367 μὴ
648 1295 966 1367 πιστεύητε,
994 1296 1108 1357 τοῖς
1139 1293 1321 1365 ἔργοις
1350 1309 1451 1365 μου
1493 1289 1796 1344 πιστεύετε.
1828 1306 1847 1340 ι
1892 1284 1968 1338 Τὸ

371 1387 481 1460 γὰρ
513 1389 572 1441 ὲν
611 1386 887 1459 ἀνθρώπῳ
933 1387 1153 1459 βλέπειν
1200 1387 1302 1457 τῆς
1336 1385 1618 1457 ἀφράστου
1662 1381 1823 1452 δόξης
1866 1379 1966 1451 τὴν

371 1480 672 1552 ὑπεροχὴν,
714 1480 815 1551 οὐχ
844 1481 920 1545 ὡς
948 1479 1238 1551 ἀλλοτρίαν
1280 1478 1482 1550 μᾶλλον
1510 1479 1680 1549 ἤγουν
1713 1477 1771 1529 ὲν
1801 1474 1966 1546 χάριο

371 1588 466 1635 τος
497 1574 655 1642 μέρει
696 1571 1277 1644 προσπεπορισμένην,
1317 1569 1435 1625 ἀλλ’
1464 1570 1601 1624 ίδίαν
1628 1569 1812 1635 αὐτοῦ,
1848 1567 1969 1633 πῶς

373 1660 477 1715 οὐκ
505 1662 811 1725 ἀναπείσει,
846 1662 929 1716 δτι
965 1662 1101 1726 Θεὸς
1129 1657 1198 1731 ἦν
1234 1664 1294 1716 ὲν
1330 1662 1461 1716 εῖδει
1505 1660 1585 1734 τῷ
1622 1660 1746 1715 καθ’
1792 1661 1963 1733 ἡμᾶς,

377 1754 474 1807 καὶ
496 1754 626 1818 Υίδς
663 1753 880 1823 ἀληθῶς
910 1752 1006 1807 τοῦ
1042 1753 1136 1807 ἐπὶ
1164 1753 1374 1817 πάντας
1397 1750 1535 1807 Θεοῦ
1561 1770 1575 1819 ;

449 1844 511 1898 Β.
564 1842 794 1898 Ἑαυτοῦ
814 1883 830 1907 ,
858 1844 987 1913 φησι
1008 1884 1022 1910 ,
1064 1844 1193 1907 τοὺς
1230 1842 1500 1913 ἀγγέλους
1529 1842 1670 1896 εἶναι
1700 1842 1967 1914 διῖσχυρί-

2069 642 2173 695 lius
2201 640 2439 695 hominis
2465 635 2689 707 angelos
2722 646 2851 688 suos
2870 629 2939 682 ⁸⁸.
2973 647 2991 680 ι
3030 625 3086 679 Si
3118 636 3250 678 vero
3280 621 3461 675 adhuc
3502 618 3666 674 fidem

2074 736 2339 806 derogant
2387 742 2441 787 et
2474 726 2739 785 increduli
2773 733 2923 789 sunt,
2954 737 3081 778 cum
3112 734 3237 774 eum
3273 717 3456 772 divina
3492 712 3666 785 gloria

2067 829 2312 896 adeoque
2344 821 2628 894 splendida
2676 828 2843 889 atque
2873 814 3073 872 eximia
3116 810 3383 882 dignitate
3412 815 3667 861 ornatum

2065 919 2305 981 videant,
2374 915 2598 971 audient
2646 912 2943 983 ipsummet
3003 906 3323 961 dicentem:
3360 918 3379 952 ι
3420 897 3477 954 Si
3536 896 3669 953 mihi

2067 1009 2236 1084 7‘9
2259 1024 2366 1063 non
2412 1006 2657 1072 creditis,
2711 1002 2972 1083 operibus
3019 997 3159 1053 meis
3211 993 3421 1084 credite
3442 992 3511 1049 ⁸³.
3549 988 3667 1084 ’-ΕΙ

2068 1080 2259 1155 rursus
2288 1114 2303 1153 :
2339 1114 2358 1150 ι
2393 1096 2454 1151 Si
2492 1110 2600 1151 non
2629 1080 2776 1148 facio
2811 1103 2978 1162 opera
3006 1085 3189 1143 Patris
3213 1082 3342 1143 mei.
3374 1095 3442 1136 ne
3473 1080 3667 1135 creda-

2068 1191 2140 1247 tis
2173 1190 2330 1245 mihi.
2366 1187 2475 1243 Sed
2511 1186 2557 1242 si
2596 1184 2761 1251 facio,
2793 1182 2920 1239 etsi
2954 1180 3089 1237 mihi
3118 1194 3227 1235 non
3255 1175 3506 1236 creditis,
3538 1186 3670 1241 Ope-

2067 1281 2219 1337 ribus
2249 1281 2384 1335 meis
2419 1277 2628 1334 credite
2652 1276 2719 1329 ⁸⁶.
2750 1292 2769 1327 ι
2802 1273 2937 1330 Cum
2977 1270 3125 1327 enim
3153 1264 3446 1324 inell‘abilis
3479 1262 3669 1334 glorim

2066 1352 2388 1433 excellentia
2424 1372 2477 1428 in
2525 1370 2752 1426 homine
2797 1374 3081 1431 cernatur,
3126 1376 3233 1417 non
3280 1369 3339 1413 ut
3384 1358 3556 1413 aliena
3602 1354 3671 1409 ab

2068 1467 2189 1539 ipso
2237 1473 2331 1520 aut
2367 1478 2467 1533 per
2501 1460 2739 1533 gratiam
2783 1457 3007 1522 collata,
3062 1454 3159 1511 sed
3196 1451 3419 1525 propria
3468 1447 3670 1539 ipsius,

2066 1536 2342 1627 quomodo
2381 1567 2489 1608 non
2530 1549 2862 1621 persuadeat
2910 1546 3069 1603 nobis
3096 1543 3242 1616 quod
3287 1542 3430 1596 Deus
3464 1546 3585 1594 erat
3614 1536 3669 1591 in

2068 1649 2244 1707 forma
2280 1656 2488 1703 nostra
2520 1642 2688 1701 simili
2719 1650 2775 1699 et
2800 1639 2977 1696 Filius
3003 1652 3135 1696 vere
3162 1634 3401 1708 supremi
3434 1630 3566 1688 Dei?

2140 1828 2203 1884 Β.
2238 1826 2401 1893 Suos,
2430 1825 2701 1896 inquiunt,
2735 1820 2957 1894 angelos
2986 1833 3110 1876 esse
3140 1817 3299 1884 dixit,
3329 1822 3384 1870 et
3409 1810 3671 1868 miracula

381 1953 534 2003 σατο,
560 1936 656 1989 καὶ
680 1934 848 1989 τῶνδε
869 1907 1292 2006 *των-σημείων-
1318 1907 1542 2004 γέγονεν
1569 1907 1961 2007 ἀποτελεστδης,

2077 1921 2261 1986 edidit,
2297 1920 2368 1975 ob
2416 1917 2729 1974 inhabitans
2764 1916 2819 1971 in
2853 1928 2913 1970 se
2946 1907 3183 1967 Ve'rhum
3204 1949 3220 1973 ,
3253 1908 3478 2007 gloriam
3513 1919 3670 1960 suam

376 2026 716 2092 ἐνοικοῦντος
763 2026 915 2098 αὑτῷ
956 2026 1053 2080 τοῦ
1099 2027 1306 2095 Λόγου,
1353 2027 1512 2094 δόξαν
1560 2028 1618 2082 δὲ
1666 2026 1767 2099 τὴν
1827 2026 1965 2081 ἰδίαν

375 2118 527 2189 αὐτῷ
559 2118 653 2172 καὶ
680 2118 741 2170 τὸ
765 2119 989 2189 ὲνεργὲς
1012 2119 1463 2190 ἑκνενεμηκότος.
1483 2120 1801 2191 Γέγραπται
1830 2120 1963 2193 γὰρ,

380 2212 463 2264 ὅτι
495 2228 514 2261 ι
561 2208 773 2280 Ἰησοῦν
808 2208 901 2262 τὸν
934 2210 1044 2263 ἀπὸ
1073 2209 1328 2282 Ναζαρὲτ
1376 2209 1452 2276 ὡς
1492 2210 1707 2283 ἔχρισεν
1738 2210 1905 2265 αὐτὸν
1936 2211 1965 2265 6

374 2300 509 2367 Θεὸς
539 2301 820 2375 Πνεῦματι
844 2304 987 2375 ἀγίῳ
1016 2304 1110 2359 καὶ
1136 2304 1387 2375 δυνάμει,
1414 2305 1474 2368 ὃς
1503 2304 1717 2377 διῆλθεν
1742 2306 1965 2378 εὐεργε-

375 2392 508 2455 τῶν,
534 2393 631 2446 καὶ
660 2392 891 2466 ίώμενος
918 2394 1132 2459 πάντας
1169 2396 1295 2459 τοὺς
1324 2396 1966 2467 καταδυναστευομένους

379 2484 484 2537 ὑπὸ
528 2483 624 2538 τοῦ
674 2484 946 2539 διαϐόλου.
983 2504 1002 2534 ι
1057 2486 1439 2557 Κεχρισμένος
1475 2482 1570 2541 οῦν
1609 2488 1706 2541 καλ⁸
1733 2486 1966 2558 δυνάμει

380 2576 474 2626 καὶ
504 2573 807 2643 Πνεύματι,
838 2575 1207 2645 τερατουργδς
1235 2571 1322 2647 ἦν.

449 2666 514 2718 Λ.
556 2663 785 2730 Οὐκοῦν,
820 2666 1122 2737 ἐπειδήπερ
1148 2665 1280 2729 Θεὸς
1309 2665 1384 2719 ὢν
1417 2667 1447 2720 6
1477 2667 1649 2735 Λόγος
1671 2708 1685 2733 ,
1714 2666 1870 2736 ἅγιός
1904 2684 1965 2720 τε

380 2757 475 2810 καὶ
519 2758 659 2810 κατὰ
706 2757 887 2826 φύσιν,
943 2759 1036 2810 καὶ
1068 2757 1326 2822 οὐσιῶδες
1374 2759 1513 2829 ἔχων
1548 2757 1611 2811 τὸ
1659 2758 1965 2822 παναλκὲς,

380 2850 539 2902 δέοιτ’
579 2848 645 2903 ἂν
686 2849 940 2919 οὐδαμῶς
966 2889 979 2912 ,
1027 2850 1059 2920 ἢ
1110 2850 1208 2919 τῆς
1248 2854 1380 2921 παρ’
1418 2852 1606 2922 ἑτέρου
1652 2851 1963 2921 δυνάμεως,

377 2942 550 3010 ἦγουν
577 2940 652 3003 ὠς
683 2940 1100 3010 είσκεκριμένου
1142 2939 1235 2993 τοῦ
1284 2942 1583 3011 ἀγιασμοῦ,
1618 2942 1704 3005 τίς
1744 2941 1809 3015 δὴ
1857 2941 1966 3011 ἄρα

379 3031 528 3086 ἐστὶν
551 3034 580 3085 6
613 3030 973 3102 κεχρισμένος
999 3030 1229 3103 δυνάμει
1257 3034 1351 3086 καὶ
1384 3033 1526 3105 ἁγίῳ
1564 3034 1879 3105 Πνεῦματι;

2066 2021 2121 2070 et
2156 2013 2265 2068 vim
2297 2021 2461 2082 atque
2488 2008 2786 2066 efﬁcaciam
2819 2005 2924 2077 ipsi
2958 2006 3229 2061 tribuens.
3282 2000 3561 2070 Scriptum
3589 2006 3673 2052 est

2065 2106 2258 2162 enim:
2317 2123 2336 2157 ι
2397 2103 2586 2159 Jesum
2644 2100 3020 2163 Nazarenum,
3080 2098 3238 2153 unxit
3301 2095 3479 2164 ipsum
3530 2090 3672 2143 Deus

2068 2196 2275 2270 Spiritu
2295 2206 2483 2253 sancto
2500 2204 2556 2250 et
2575 2194 2797 2256 virtute,
2821 2200 2878 2248 et
2900 2191 3155 2247 transivit
3168 2188 3367 2258 iuvans
3389 2195 3444 2242 ct
3470 2199 3673 2240 sanans

2066 2305 2259 2346 omnes
2310 2292 2566 2345 obsessos
2598 2301 2628 2341 a
2664 2284 2879 2340 diabolo
2907 2283 2974 2338 ⁸⁷.
3012 2301 3031 2335 ι
3070 2281 3279 2339 [iactus
3336 2279 3519 2349 itaque
3564 2276 3674 2329 vir-

2070 2392 2186 2439 tute
2216 2390 2271 2437 et
2300 2379 2527 2451 Spiritu,
2560 2375 2823 2434 miracula
2860 2373 3073 2433 edebat.

2139 2694 2206 2748 A.
2239 2691 2417 2761 Ergo,
2451 2704 2575 2745 cum
2625 2687 2769 2744 Deus
2823 2686 3097 2742 exsistens
3145 2680 3384 2739 Verbum
3425 2686 3673 2735 sanctum

2068 2786 2141 2843 sit
2164 2800 2228 2841 ex
2260 2799 2356 2840 sua
2379 2792 2595 2847 natura,
2630 2789 2793 2850 atque
2822 2778 3186 2835 essentialiter
3209 2772 3663 2843 omnipotentiam

2069 2877 2123 2932 in
2177 2891 2239 2930 se
2288 2874 2520 2936 habeat,
2576 2870 2833 2941 nullaque
2879 2869 3093 2924 ratione
3154 2866 3399 2936 indigere
3458 2862 3671 2918 censeri

2068 2970 2263 3025 debeat
2303 2977 2399 3023 aut
2454 2966 2654 3021 virtute
2699 2963 2915 3029 aliena,
2956 2970 3049 3016 aut
3088 2959 3321 3016 ascititia
3367 2955 3676 3013 sanctiﬁca-

2071 3062 2219 3118 tione
2268 3078 2284 3127 ;
2328 3060 2578 3130 quisnam
2634 3064 2718 3112 est
2780 3055 2826 3111 is
2868 3055 2960 3125 qui
2994 3062 3188 3109 unctus
3232 3061 3315 3107 est
3363 3051 3564 3105 virtute
3622 3055 3677 3101 et

2072 3151 2279 3223 Spiritu
2312 3159 2504 3207 sancto
2530 3151 2553 3205 ?

449 3229 511 3324 Ρ.
551 3228 715 3281 Φαῖεν
745 3226 813 3279 ἂν
855 3226 988 3291 ίσως
1033 3228 1124 3283 τὸν
1168 3230 1444 3303 ληφθέντα
1481 3233 1627 3289 κατά
1668 3236 1969 3307 συνάφειαν

2144 3244 2206 3298 Β.
2244 3244 2489 3299 Dixerint
2520 3242 2790 3308 fortasse,
2822 3255 2949 3296 eum
2991 3238 3268 3294 hominem
3302 3236 3392 3307 qui
3426 3248 3523 3304 per
3553 3248 3678 3287 cou-

379 3315 688 3387 ἄνθρωπον.

449 3412 514 3463 Α.
554 3408 729 3473 Αὐτὸς
753 3405 847 3464 οῦν
872 3410 981 3481 ἀρα
1008 3410 1155 3463 ἐστὶν
1192 3410 1401 3480 Ἰησοῦς
1427 3413 1663 3487 Χριστὸς
1697 3415 1881 3481 ὶδικῶς
1905 3436 1965 3473 τε

380 3495 471 3549 καὶ
534 3498 891 3567 καταμόνας,
941 3498 1037 3552 καὶ
1091 3500 1220 3571 περὶ
1272 3494 1333 3553 οῦ
1379 3520 1545 3573 φησιν
1605 3505 1633 3556 6
1691 3506 1969 3577 πάνσοφος

380 3587 627 3654 Παῦλος·
667 3610 687 3644 ι
729 3592 871 3646 Ἀλλ’
903 3594 1035 3663 ἡμῖν
1073 3589 1154 3656 εἷς
1183 3593 1317 3659 Θεὸς
1358 3596 1387 3648 6
1431 3596 1653 3670 Πατὴρ,
1693 3599 1752 3665 ἐξ
1797 3596 1857 3656 οῦ
1896 3603 1968 3657 τὰ

379 3680 580 3745 πάντα,
605 3682 699 3735 ιιιαλ⁵
732 3684 894 3753 ἡμεῖς
918 3684 987 3737 δι’
1014 3684 1204 3748 αὐτοῦ,
1255 3687 1350 3740 καὶ
1391 3680 1475 3751 εἷς
1517 3689 1722 3759 Κύριος
1758 3694 1966 3764 Ἰησοῦς

378 3768 652 3842 Χριστὸς,
698 3771 766 3825 δι’
812 3764 875 3823 οὗ
909 3772 978 3826 τὰ
1007 3771 1207 3837 πάντα,
1242 3774 1336 3827 καὶ
1384 3776 1547 3846 ἡμεῖς
1593 3778 1661 3831 δι’
1708 3781 1897 3837 αὐτοῦ.
1939 3803 1961 3837 ι

381 3860 509 3925 Πῶς
534 3857 650 3929 οῦν,
676 3863 797 3915 είπὲ
833 3880 944 3933 μοι,
977 3862 1044 3916 δι’
1075 3864 1365 3936 ἀνθρώπου
1394 3868 1464 3920 τὰ
1496 3868 1707 3939 πάντας
1739 3873 1964 3929 ἀνθότου

377 3954 437 4008 δὲ
471 3956 565 4009 καὶ
591 3956 816 4027 ἀμέσως
849 3955 926 4020 ὡς
955 3957 1085 4021 Υἱὸς
1124 3959 1301 4029 Πατρὶ
1330 3961 1705 4029 συντάττεται,
1735 3968 1969 4038 μεσολαο

379 4046 605 4110 ϐοῦντος
633 4048 878 4115 οὺδενός;
908 4045 1043 4104 Εἶτα
1072 4050 1197 4103 ὅποι
1248 4052 1381 4105 ποτὲ
1413 4053 1503 4108 τὸν
1550 4057 1829 4132 Μονογενῆ
1870 4061 1969 4134 θή-

381 4152 548 4207 σομεν
601 4138 683 4201 εἰς
716 4136 808 4191 τὸν
854 4138 1021 4193 αὑτοῦ
1054 4140 1221 4194 τόπον
1258 4142 1684 4213 ἀναδιόάζοντες
1735 4151 1827 4205 τὸν
1871 4152 1969 4209 ἄν·

380 4225 634 4319 θρωπον,
671 4229 766 4282 καὶ
792 4230 968 4295 τοῦτο,
1004 4232 1151 4286 καθά
1192 4250 1378 4305 φησιν,
1408 4238 1805 4312 ἑνεργούμενον
1833 4249 1971 4319 παρ’

381 4318 588 4410 αὐτοῦ,
620 4320 716 4374 καὶ
739 4321 808 4410 δι’
837 4322 1000 4377 αὐτὸν
1026 4324 1368 4396 τιμώμενον;
1399 4323 1528 4401 Ἆρ’
1556 4332 1657 4386 οὐκ
1697 4318 1969 4410 ἐκϐέϐηκε

378 4410 440 4461 τὸ
487 4408 638 4472 εἰκὸς
671 4412 699 4463 6
736 4409 894 4479 λόγος
943 4412 1159 4480 αὐτοῖς;
1191 4415 1290 4469 οὐκ
1339 4416 1445 4481 ἔξω
1480 4420 1706 4492 φέρεται.
1739 4408 1966 4497 σκοποῦ,

455 4687 515 4740 B.
546 4688 890 4760 Ἄνθρωπος,
915 4693 1101 4762 φησὶν,
1118 4694 1146 4746 6
1169 4694 1264 4748 τοῦ
1294 4695 1431 4751 Θεοῦ
1461 4699 1632 4769 Λόγος
1653 4702 1967 4776 ὠνόμασται

382 4776 524 4831 κατά
562 4778 763 4831 τοιόνδε
794 4780 919 4834 τινὰ
949 4783 1173 4852 τρόπον.
1203 4786 1415 4858 Ὠσπερ
1444 4791 1553 4864 γάρ
1582 4795 1610 4845 6
1642 4797 1773 4866 παρ’
1802 4798 1966 4853 αὑτοῦ

379 4868 605 4939 ληφθεὶς
640 4871 965 4944 ἄνθρωπος,
1014 4877 1274 4949 ἐγεννήθη
1330 4881 1427 4949 μὲν
1475 4885 1533 4936 ὲν
1583 4884 1832 4958 Βηθλεὲμ
1868 4890 1969 4960 τῆς

392 4963 673 5029 Ἰουδαίας,
720 4965 936 5035 εἴρηται
969 4966 1024 5019 δὲ
1053 4967 1395 5041 Ναζωραῖος,
1417 4974 1505 5028 διὰ
1528 4975 1590 5029 τὸ
1614 4978 1837 5047 οἰκῆσαι
1867 4982 1968 5052 τὴν

380 5055 659 5125 Ναζαρὲτ,
694 5057 838 5111 οὕτω
866 5059 960 5112 καὶ
989 5061 1017 5112 6
1040 5060 1174 5124 Θεδς
1214 5063 1404 5132 Λόγος,
1450 5067 1736 5139 ἄνθρωπος
1762 5072 1964 5144 ὀνομά-

380 5146 554 5210 ζεται,
584 5146 676 5199 διὰ
709 5147 771 5200 τὸ
792 5150 1119 5220 κατοικῆσαι
1150 5153 1211 5204 ὲν
1238 5153 1532 5227 ἀνθρώπῳ.

450 5241 514 5291 Α.
553 5239 617 5291 Ὢ
664 5240 865 5310 φρενὸς
892 5243 1316 5311 γραοπρεποῦς,
1352 5249 1447 5301 καὶ
1472 5248 1565 5302 νοῦ
1604 5254 1963 5324 παρειμένον,

383 5334 475 5385 καὶ
491 5331 839 5403 βατταρίςειν
861 5334 1085 5398 εἰδότος,
1103 5338 1196 5389 καὶ
1212 5336 1399 5409 ἕτερον
1425 5340 1601 5395 οὐδέν.
1626 5344 1959 5418 Ἐκνήψατε,

380 5425 430 5478 oi
482 5424 793 5496 μεθύοντες,
832 5424 895 5491 ἐξ
919 5426 1063 5481 οἴνου
1096 5429 1276 5482 αὐτῶν
1298 5473 1311 5495 ,
1347 5432 1689 5502 ὲπιφιυνείτω
1732 5456 1817 5503 τις
1851 5445 1967 5508 τοῖς

379 5517 703 5583 διεναντίας,
736 5517 788 5570 τί
824 5519 1235 5589 παραϐιάζεσθε
1264 5524 1517 5594 τάληθὲς,
1544 5529 1639 5581 καὶ
1669 5533 1778 5585 τῶν
1805 5533 1964 5590 θείων

383 5609 665 5681 δογμάτων
700 5610 797 5682 τὴν
828 5610 1059 5683 δύναμιν
1102 5615 1552 5688 παρευθύνοντες,
1587 5621 1690 5687 ἔξω
1731 5626 1964 5700 φέρεσθε

457 5809 712 5899 adstat.
742 5824 859 5899 agt,
1058 5815 1103 5847 ⁸⁸
1134 5813 1320 5899 Matth.
1358 5837 1475 5887 xm,
1506 5825 1593 5880 il.
1670 5830 1713 5860 ⁸⁵
1738 5829 1895 5886 Juan.
1924 5848 1978 5899 τι,
2015 5833 2105 5890 58.

387 5881 433 5913 ⁸⁹
473 5880 661 5940 Matth.
692 5901 749 5951 II,
780 5886 834 5940 ὕ.
888 5886 935 5918 ⁵³
967 5885 1098 5941 Luc.
1136 5902 1194 5952 ιι,
1232 5888 1317 5942 5|.

2063 3336 2400 3408 junctiouem
2441 3343 2757 3404 assumptus
2784 3342 2883 3387 est.

2138 3428 2205 3482 Α.
2258 3426 2380 3495 Ipse
2415 3427 2578 3496 igitur
2609 3435 2692 3480 est
2740 3424 2899 3479 Jesus
2925 3422 3177 3477 Christus
3218 3421 3568 3492 singulariter
3612 3440 3677 3478 ar.

2068 3519 2235 3585 solus,
2261 3530 2318 3574 et
2339 3519 2404 3572 de
2425 3533 2532 3588 quo
2561 3517 2736 3587 inquit
2765 3515 3200 3587 sapientissimus
3234 3513 3431 3571 Paulus
3464 3535 3476 3571 :
3509 3536 3527 3569 ι
3568 3518 3675 3572 Sed

2070 3615 2225 3671 nobis
2257 3628 2396 3668 unus
2441 3613 2583 3667 Deus
2633 3609 2834 3677 Pater,
2865 3624 2929 3665 ex
2974 3625 3082 3680 quo
3134 3610 3317 3664 omnia
3339 3651 3355 3675 ,
3390 3622 3444 3665 et
3474 3626 3576 3666 nos
3605 3625 3671 3665 ex

2069 3708 2189 3777 ipso
2238 3725 2250 3760 :
2293 3715 2347 3759 et
2379 3720 2517 3761 unus
2570 3703 2831 3759 Dominus
2864 3701 3023 3759 Jesus
3057 3702 3328 3772 Christus,
3364 3721 3461 3774 per
3510 3722 3673 3775 quem

2068 3798 2290 3861 omnia,
2331 3805 2386 3850 et
2425 3810 2522 3850 nos
2576 3809 2672 3864 per
2733 3793 2907 3863 ipsum
2951 3792 3017 3846 ⁸⁸.
3071 3811 3090 3847 ι
3146 3794 3428 3862 Quomodo
3485 3796 3672 3865 igitur.

2068 3891 2328 3954 obsecro,
2365 3902 2461 3959 per
2508 3886 2783 3942 hominem
2820 3895 2945 3940 sunt
2980 3886 3159 3941 omnia
3201 3886 3224 3939 ?
3254 3901 3414 3956 quam
3451 3904 3577 3943 vero
3604 3890 3675 3943 ob

2069 3997 2293 4038 causam
2341 3980 2654 4036 immediate
2688 3989 2747 4035 ut
2775 3978 2945 4035 Filius
2994 3979 3139 4034 Patri
3203 3980 3550 4050 adjnngitur,
3580 3999 3677 4037 ue-

2072 4075 2218 4129 mine
2256 4072 2694 4128 interveniente?
2724 4071 2918 4127 deinde
2947 4073 3166 4128 ubinam
3203 4076 3418 4128 tandem
3468 4074 3673 4143 Unige-

2072 4164 2244 4219 nilum
2296 4160 2719 4230 collocabitnus,
2755 4163 2799 4218 si
2853 4163 3128 4219 hominem
3188 4164 3238 4218 in
3276 4164 3447 4234 ipsius
3497 4166 3673 4229 locum

2072 4256 2355 4311 evehimus
2390 4271 2405 4321 ;
2441 4264 2495 4309 et
2521 4254 2778 4326 quidem,
2816 4265 2873 4309 ut
2904 4255 3003 4325 ipsi
3034 4255 3257 4320 volunt,
3292 4257 3343 4312 vi
3384 4273 3446 4312 ac
3473 4259 3674 4314 virtute

2071 4349 2139 4404 ab
2166 4349 2284 4419 ipso
2312 4347 2663 4418 insignitum,
2689 4348 2969 4417 gloriaque
3023 4364 3111 4418 per
3168 4349 3340 4418 ipsum
3372 4350 3623 4407 allectth
3652 4355 3675 4408 τ

2073 4441 2229 4496 Anne
2256 4439 2349 4493 tibi
2381 4438 2593 4495 illorum
2624 4441 2863 4495 rationes
2897 4441 3145 4495 absurdae
3172 4450 3226 4496 et
3253 4458 3280 4494 a
3312 4457 3477 4513 scopo
3510 4448 3672 4501 aher-

2072 4539 2287 4594 rautes,
2326 4539 2490 4599 atque
2527 4531 2663 4584 adeo
2702 4546 2730 4583 a
2768 4531 3000 4585 veritate
3046 4547 3272 4603 prorsus
3310 4536 3531 4602 aliena},
3561 4538 3670 4594 risu

1999 4622 2046 4680 D
2075 4624 2271 4679 merito
2310 4623 2645 4694 excipienda:
2684 4622 2970 4677 videntur?

2138 4715 2199 4772 Β.
2233 4714 2469 4771 Verbum
2503 4716 2633 4781 Dei,
2666 4714 2954 4784 inquiunt,
2992 4727 3217 4773 vocatur
3254 4720 3415 4774 homo
3436 4760 3450 4785 ,
3486 4721 3670 4791 hujus-

2066 4808 2273 4864 cemodi
2297 4808 2533 4877 quadam
2563 4806 2793 4861 ratione.
2826 4804 3296 4873 Quemadmodum
3323 4812 3470 4865 enim
3505 4814 3669 4867 humo

2066 4900 2156 4969 qui
2218 4899 2286 4953 ab
2350 4901 2466 4968 ipso
2505 4910 2816 4970 assumptus
2858 4910 2943 4957 est
2987 4912 3147 4959 natus
3210 4906 3428 4974 quidem
3474 4918 3556 4960 cst
3617 4908 3669 4961 in

2067 4992 2385 5048 Bethlehem
2412 4991 2612 5047 ludam
2654 4993 2700 5025 ⁸⁸
2740 5012 2753 5048 :
2803 4994 2981 5051 dictus
3011 5007 3191 5071 autem
3237 5008 3321 5053 est
3355 4997 3668 5065 Nazarmus,

2071 5086 2213 5154 quod
2242 5084 2295 5138 in
2336 5083 2608 5141 Nazareth
2653 5085 2925 5143 habitaret
2950 5090 2997 5123 ⁸⁸
3028 5080 3045 5156 ξ
3085 5091 3157 5145 ita
3184 5102 3239 5145 et
3269 5091 3408 5147 Deus
3431 5090 3671 5149 Verbum

2071 5184 2297 5231 vocatur
2326 5176 2510 5243 homo,
2543 5179 2671 5248 quia
2708 5178 2978 5235 inhabitat
3003 5183 3056 5236 in
3088 5182 3326 5239 homine.

2126 5267 2245 5324 A.O
2260 5270 2422 5324 anilia
2436 5282 2768 5339 commenta,
2787 5289 3075 5345 merasque
3090 5291 3282 5346 nugas,
3302 5277 3491 5342 verba,
3509 5294 3672 5333 voces

2076 5372 2451 5433 prmtereaque
2478 5365 2646 5419 nihil!
2678 5364 2963 5438 Evigilate,
2993 5373 3296 5435 temulenti,
3326 5389 3389 5426 ex
3424 5374 3547 5426 vino
3575 5390 3671 5426 ve—

2078 5462 2214 5518 stro,
2237 5454 2433 5509 merito
2445 5456 2568 5525 quis
2592 5456 3157 5517 haareticisocclamct.
3178 5462 3314 5530 Quid
3334 5464 3500 5535 750
3523 5466 3671 5518 veri-

2079 5545 2174 5599 tati
2204 5546 2315 5600 vim
2347 5545 2558 5603 inlertis
2583 5549 2607 5603 ?
2649 5560 2704 5605 et
2734 5550 3042 5607 divinorum
3068 5555 3379 5624 dogmatum
3413 5557 3670 5611 virtutem

2075 5636 2473 5703 subvertentes,
2504 5652 2535 5692 a
2558 5640 2643 5694 via
2673 5641 2820 5713 regia
2838 5639 3125 5700 deflectitis
3150 5645 3172 5698 ?
3194 5643 3378 5714 Neque
3417 5648 3588 5710 enim,
3616 5660 3674 5705 ut

2212 5836 2260 5869 ⁸⁸
2293 5837 2420 5892 ihid.
2456 5838 2547 5895 37.
2646 5841 2690 5873 ⁸⁷
2716 5842 2839 5899 Act.
2875 5857 2931 5907 Χ,
2966 5842 3055 5899 38.
3166 5844 3212 5875 ⁸⁸
3247 5846 3263 5903 I
3294 5844 3420 5903 Cor.
3452 5866 3567 5914 vut,
3611 5850 3665 5910 6.
