4058 6328
384 398 523 460 ιιιισ

1406 395 1462 448 5.
1503 393 1778 447 αιῐιιιιιι
1821 390 2287 446 ΑιεχΑΝοιιιΝι
2330 389 2650 446 ΑἰὶΕΙΙΙΕΡ.

3507 389 3645 444 1516

379 511 614 574 videtur,
633 505 865 561 Verbum
885 520 1011 560 caro
1033 504 1229 558 factum
1243 512 1345 564 est.
1361 505 1453 556 sed
1483 503 1658 571 potius
1677 500 1962 572 ἀνθρωπο-

2076 503 2253 570 ερίσον
2293 506 2390 570 τῆς
2432 499 2754 572 summ;
2802 499 2993 566 Γέγονε
3024 501 3129 571 γὰρ
3157 539 3170 564 ,
3206 500 3280 562 ὡς
3306 500 3504 564 ἔοικεν,
3543 504 3648 555 οὐκ

380 599 628 668 πολίτης.
647 599 746 652 hoc
771 606 875 662 est,
897 596 1133 650 hominis
1157 595 1353 658 incola,
1370 605 1426 648 et
1451 593 1779 648 conveniens
1799 592 1958 648 fuerit

382 692 529 747 illum
554 703 659 744 non
687 688 956 743 hominem
980 687 1073 742 sed
1110 687 1402 740 humanum
1429 699 1619 740 vocare
1652 701 1665 737 :
1703 683 1960 752 quemad-

387 780 606 836 modum
621 788 676 835 et
695 780 786 849 qui
804 777 1074 832 Nazaretlt
1094 777 1416 831 iuhabituvil
1443 775 1757 831 Naaarenus
1785 775 1961 832 dictus

381 881 486 935 est,
524 886 627 924 nou
657 868 947 924 Nazareth.
977 867 1230 935 Quinimo
1247 866 1381 920 nihil
1412 880 1633 935 prorsus
1661 865 1956 928 obstiterit,

383 965 428 1017 si
470 974 834 1019 commentum
867 960 1077 1015 illorum
1111 973 1294 1013 verum
1324 967 1439 1021 est,
1478 959 1748 1011 hmniuem
1777 956 1959 1012 vocari

384 1070 487 1110 una
518 1071 639 1109 cum
661 1054 796 1108 Filio
809 1053 968 1107 etiam
993 1049 1207 1104 Patrem
1229 1057 1282 1102 et
1303 1047 1564 1118 Spiritum
1582 1047 1962 1102 sanetum.Ha-

382 1146 518 1201 bitat
544 1147 685 1200 enim
719 1146 770 1198 in
801 1142 956 1200 nobis
987 1157 1082 1212 per
1112 1140 1396 1211 Spiritum,
1423 1149 1626 1194 sancta:
1654 1148 1710 1192 et
1732 1140 1963 1192 consub-

379 1240 643 1294 stantialis
662 1235 944 1291 Trinitatis
966 1230 1425 1303 plenitudo.Uude
1445 1240 1500 1286 et
1527 1230 1723 1285 Paulus
1743 1231 1919 1301 inquit
1947 1245 1962 1283 :

384 1352 403 1384 ι
442 1334 522 1386 An
572 1330 795 1386 nescitis
829 1330 968 1397 quod
1005 1326 1260 1395 templum
1294 1325 1389 1382 Dei
1445 1326 1604 1392 estis,
1643 1332 1699 1380 et
1731 1324 1967 1394 Spiritus

379 1425 475 1480 Del
510 1425 769 1478 inhabitat
797 1421 850 1476 in
882 1422 1035 1476 vobis
1069 1421 1107 1453 "
1142 1419 1166 1472 i
1194 1437 1214 1471 ι
1258 1417 1396 1484 Quin
1427 1426 1484 1474 et
1539 1417 1774 1487 ipsemet
1805 1416 1966 1472 Chri-

379 1527 495 1573 stus
524 1530 539 1568 :
573 1533 593 1567 ι
628 1513 685 1570 Si
718 1514 837 1584 quis
857 1523 1003 1568 amat
1035 1526 1140 1576 me,
1171 1525 1480 1567 sermonem
1512 1523 1687 1564 meum
1710 1510 1964 1572 servabit,

379 1614 432 1660 et
451 1604 609 1660 Pater
647 1619 796 1658 meus
821 1603 1002 1673 diliget
1030 1616 1152 1657 eum
1175 1641 1190 1667 ,
1215 1611 1270 1657 et
1291 1602 1594 1667 veniemus,
1625 1615 1690 1657 ac
1729 1604 1967 1657 mansio-

383 1711 507 1753 nem
544 1695 685 1767 apud
709 1711 830 1748 eutn
863 1693 1126 1749 faciemus
1168 1694 1236 1746 ".
1276 1711 1296 1745 ι
1338 1693 1603 1748 Caeterum
1633 1691 1796 1748 Pater
1823 1693 1966 1747 nulla

384 1788 593 1843 ratione
634 1788 809 1842 dictus
849 1798 935 1842 est
985 1787 1180 1851 homo,
1223 1792 1413 1839 utnec
1455 1785 1690 1854 Spiritus
1721 1793 1964 1850 sanctus,

2063 593 2142 646 ἔτι
2179 593 2280 661 μὲν
2315 593 2452 666 σὰρξ
2481 593 2508 645 6
2540 593 2710 660 Λόγος
2741 592 2881 645 κατὰ
2905 591 2999 654 τὰς
3047 592 3265 662 Γραφάς
3291 634 3307 657 ,
3352 592 3646 665 ἅνθρωποι

2062 684 2286 754 πολίτης
2319 683 2376 737 δὲ
2413 682 2636 755 μᾶλλον,
2673 684 2768 736 καὶ
2795 679 2862 754 ἦν
2900 683 3192 737 ἀκόλουθον
3228 683 3390 737 αὐτὸν
3434 683 3647 754 ἀνθρω-

2062 779 2220 830 παῖον
2269 777 2488 846 μᾶλλον,
2532 778 2630 830 οῦκ
2658 776 2941 848 ἄνθρωπον
2965 775 3354 844 ὀνομάζεσθαι,
3391 775 3648 848 καθάπερ

2063 871 2257 940 ἀμέλει
2297 872 2390 925 καὶ
2421 873 2449 924 ὁ
2483 871 2820 941 κατοικήσας
2857 870 2955 940 τήν
3001 869 3290 940 Ναζαρὲτ,
3323 869 3649 941 Ναζωραῖος

2061 963 2409 1033 ὠνόμασται,
2440 963 2536 1017 καὶ
2559 963 2618 1016 οῦ
2660 963 2932 1032 Ναζαρέτ.
2974 964 3162 1034 Εῖργει
3194 965 3272 1027 δὲ,
3302 958 3477 1034 οἶμαι,
3512 981 3650 1017 παν-

2065 1056 2236 1120 τελῶς
2268 1055 2441 1119 οὐδὲν,
2463 1055 2624 1126 εἴπερ
2657 1049 2714 1108 εὖ
2749 1055 2894 1124 ἔχειν
2925 1054 3124 1108 οἴονται
3156 1053 3218 1107 τὸ
3250 1055 3435 1123 σφίσιν
3462 1055 3650 1115 αὐτοῖς

2064 1142 2339 1205 ἀσυνέτως
2383 1142 2768 1214 ἐξευρημένον,
2803 1142 3094 1213 ἄνθρωπον
3140 1143 3504 1213 ὀνομάζεσθαι
3549 1144 3650 1195 σὺν

2066 1233 2182 1304 Υίῷ
2221 1234 2314 1287 τὸν
2361 1235 2584 1306 Πατέρα
2625 1237 2722 1289 καὶ
2749 1236 2970 1305 προσέτι
3017 1235 3078 1289 τὸ
3116 1235 3340 1306 Πνεῦμα
3379 1235 3440 1288 τὸ
3469 1236 3651 1300 ἅγιον.

2067 1328 2330 1381 Κατοικεῖ
2356 1328 2462 1397 γὰρ
2489 1327 2549 1382 ὲν
2577 1329 2710 1399 ἡμῖν
2747 1327 2835 1381 διὰ
2860 1326 2956 1381 τοῦ
2988 1327 3326 1396 Πνεύματος,
3363 1328 3462 1398 τῆς
3486 1327 3653 1394 ἁγίας

2066 1437 2126 1473 τε
2161 1421 2254 1473 καὶ
2292 1421 2580 1492 ἑροουσίου
2611 1422 2841 1492 Τριάδος
2887 1421 2949 1475 τὸ
2980 1421 3273 1491 πλήρωμα.
3309 1421 3420 1475 Καὶ
3452 1419 3584 1488 γοῦν
3622 1419 3652 1470 6

2069 1513 2279 1578 Παῦλὸς
2309 1530 2497 1585 φησιν·
2533 1533 2552 1566 t
2583 1516 2699 1568 Οὐκ
2725 1514 2903 1569 οἴδατε
2931 1516 3013 1568 ὃτι.
3046 1515 3174 1579 ναὸς
3207 1513 3343 1567 Θεοῦ
3371 1517 3515 1575 ἐστε,
3547 1513 3646 1566 καὶ

2067 1605 2128 1657 τὸ
2176 1607 2402 1674 Πνεῦμα
2445 1606 2538 1660 τοῦ
2579 1605 2716 1661 Θεοῦ
2743 1611 2989 1661 κατοικεῖ
3029 1609 3088 1661 ἐν
3129 1607 3292 1677 ὑμῖν;
3329 1625 3348 1658 ι
3394 1605 3504 1659 Καὶ
3546 1604 3654 1676 μὴν

2068 1699 2163 1751 καὶ
2193 1700 2400 1761 αῦτὺςό
2423 1701 2658 1769 Χριστὸς
2676 1744 2690 1767 ,
2719 1721 2736 1751 ι
2763 1701 2890 1755 Ἐάν
2915 1718 2999 1765 τις
3028 1701 3220 1771 ἀγαπᾷ
3251 1717 3339 1770 με.
3374 1698 3466 1752 τὸν
3495 1699 3655 1768 λόγον

2072 1808 2175 1860 μου
2202 1793 2455 1862 τηρήσει,
2487 1794 2581 1847 καὶ
2607 1794 2634 1846 6
2665 1795 2856 1865 Πατήρ
2899 1811 3000 1864 μου
3032 1795 3313 1863 ἀγαπήσει
3340 1793 3524 1856 αὑτὸν,
3559 1793 3657 1847 καὶ⁴

381 1877 506 1947 quia
533 1877 587 1930 iu
633 1876 789 1931 nobis
823 1875 1155 1930 habitarunt.
1208 1873 1313 1929 Sed
1345 1875 1576 1929 irrident
1605 1876 1690 1928 isti
1719 1876 1970 1930 incarna-

2076 1885 2424 1955 ἐλευσόμεθα,
2475 1888 2571 1940 καὶ
2621 1888 2788 1958 μονὴν
2853 1888 2984 1958 παρ’
3022 1886 3174 1958 αὺτῷ
3225 1885 3585 1957 ποιησόμεθα.
3632 1903 3652 1934 ι

380 1971 543 2026 tionis
574 1969 887 2039 mysterium
913 1969 1050 2022 adeo
1087 1975 1232 2021 recta
1253 1978 1416 2036 atque
1441 1967 1743 2021 veneranda
1787 1965 1972 2021 Eccle—

384 2061 479 2115 site
522 2060 772 2129 dogmata
817 2058 885 2114 ad
918 2059 1214 2114 absurdum
1245 2057 1650 2127 detorqueutes.
1688 2058 1756 2112 At
1790 2069 1970 2113 nostra

388 2169 600 2209 rursum
649 2153 906 2222 procedat
951 2149 1160 2217 oratio,
1199 2150 1417 2206 omissis
1466 2149 1678 2204 illorum
1737 2151 1967 2206 deliriis.

385 2244 443 2300 Si
466 2244 610 2299 enim
646 2245 768 2299 ideo
797 2241 1054 2296 miracula
1084 2241 1288 2306 edidit,
1317 2241 1440 2312 quia
1470 2239 1704 2298 Verbum
1746 2242 1799 2296 in
1848 2242 1968 2310 ipso

384 2346 540 2402 erat,
570 2350 734 2388 unum
768 2334 998 2402 aliquem
1040 2341 1349 2388 sanctorum
1377 2332 1758 2402 prophetarum
1791 2332 1966 2400 ipsum

385 2443 504 2483 esse
534 2435 796 2481 statuunt.
846 2423 980 2478 Nam
1007 2434 1061 2479 et
1088 2423 1345 2479 miracula
1373 2438 1472 2492 per
1512 2438 1702 2479 manus
1739 2426 1971 2494 prophe-

390 2529 564 2573 tarum
593 2517 782 2571 edidit.
838 2516 894 2570 Si
924 2529 1054 2570 vero
1091 2515 1144 2569 in
1179 2516 1266 2570 his
1297 2513 1491 2569 Filium
1539 2523 1808 2577 statuunt,
1843 2529 1970 2583 pro-

388 2613 614 2683 pheticte
666 2612 779 2666 sive
832 2608 1142 2679 apostolica:
1178 2607 1501 2662 conditionis
1531 2606 1706 2676 ipsum
1745 2606 1970 2660 faciunt.

2093 1975 2230 2027 Ἀλλ’
2259 1977 2471 2047 εἴρηται
2505 1978 2604 2048 μὶν
2637 1978 2890 2049 οὐδαμῶς
2919 1977 3207 2050 ἄνθρωπος
3233 1980 3261 2032 6
3295 1979 3506 2048 Πατὴρ,
3530 1977 3657 2030 οὕτε

2082 2064 2189 2133 μὴν
2218 2064 2278 2117 τὸ
2304 2064 2528 2136 Πνεῦμα
2557 2066 2618 2119 τὸ
2644 2066 2821 2136 ἅγιον,
2863 2068 2952 2122 διὰ
2977 2067 3038 2121 τὸ
3070 2070 3352 2121 κατοικεῖν
3397 2068 3456 2119 ἐν
3500 2068 3654 2137 ἡμῖν.

2080 2155 2282 2208 Γελῶσι
2321 2156 2380 2210 δὲ
2408 2151 2555 2211 οὗτοι
2581 2157 2680 2229 τῆς
2712 2159 3182 2230 ὲνανθρωπήσεως
3225 2159 3286 2212 τὸ
3333 2161 3656 2230 μυστήριον.

2082 2247 2500 2316 περι-δρέποντες
2545 2251 2624 2312 εἰς
2670 2247 2732 2300 τὸ
2777 2247 2992 2318 ἀπηχὲς
3051 2246 3120 2300 τὰ
3166 2245 3341 2310 οὕτως
3379 2245 3516 2318 ὀρθὰ
3562 2244 3660 2298 καὶ

2071 2337 2407 2402 ἀξιάκουστα
2436 2338 2536 2408 τῆς
2552 2339 2878 2411 Ἑκκλησίας
2904 2340 3171 2409 δόγματα.
3198 2337 3343 2409 Πλὴν
3367 2339 3468 2391 ῖτω
3497 2337 3660 2390 πάλιν

2074 2432 2205 2500 ήμῖν
2253 2430 2396 2483 κατὰ
2440 2429 2568 2501 ῥοῦν
2609 2432 2638 2484 6
2679 2430 2872 2499 λόγος,
2924 2433 3036 2493 τοῖς
3077 2430 3302 2483 ἐκείνων
3337 2430 3556 2500 ὲμετοῖς
3603 2427 3662 2480 τὸ

2075 2521 2288 2588 χαιρεῖν
2319 2519 2507 2572 εἰπών.
2542 2520 2607 2574 Εἰ
2635 2520 2765 2591 γὰρ,
2790 2519 3022 2588 ἐπείπερ
3049 2514 3118 2590 ἦν
3145 2521 3174 2571 6
3200 2519 3372 2586 Λόγος
3402 2519 3460 2569 ἐν
3488 2515 3659 2587 αὐτῷ,

2083 2609 2327 2679 σημείων
2371 2611 2596 2680 γέγονεν
2631 2612 3019 2682 ἀποτελεστὴς,
3068 2612 3163 2664 ἕνα
3212 2627 3313 2664 που
3357 2608 3500 2678 τάχα
3555 2609 3662 2660 τῶν

388 2707 557 2775 ἁγίων
596 2703 888 2777 προφητῶν
943 2719 1110 2772 φασιν
1157 2701 1338 2755 αὐτόν.
1391 2701 1696 2772 Ἐνήργηκε
1736 2701 1846 2772 γὰρ
1884 2700 1972 2754 διὰ
2013 2703 2196 2773 χειρὸς
2241 2705 2412 2773 ἁγίων
2480 2707 2580 2769 τὰς
2613 2706 2932 2776 Θεοσημίας.
2982 2703 3042 2757 Εἰ
3073 2701 3131 2757 δὲ
3158 2704 3216 2756 ἐν
3281 2701 3491 2765 τούτοις
3524 2695 3662 2754 εἷναξ

389 2820 523 2875 φασι
565 2802 656 2857 τὸν
690 2802 838 2866 Υίδν,
887 2803 945 2854 ἐν
999 2799 1357 2871 προφητικοῖς
1407 2797 1570 2850 αὑτὸν
1620 2798 1786 2867 ἦγονν
1836 2799 2212 2864 ἁποστολικοῖς
2243 2804 2670 2874 κατακομίζουσι
2699 2803 2940 2872 μέτροις.

460 2902 519 2955 Β.
548 2898 735 2953 Nonne
767 2895 1256 2964 enim,.inquiuut,
1292 2893 1470 2948 dictus
1500 2903 1584 2948 est
1627 2894 1888 2963 propheta
1919 2905 1972 2950 et

389 2990 712 3062 apostolus?
743 2989 923 3057 Neque
962 2989 1108 3041 enim
1146 2986 1370 3040 falleris.

463 3085 527 3136 Α.
561 3081 770 3152 Moyses
800 3080 1016 3148 quidem
1046 3078 1180 3132 dixit
1203 3079 1267 3131 iis
1295 3079 1385 3147 qui
1415 3086 1571 3130 erant
1613 3091 1679 3131 ex
1712 3078 1974 3147 sanguine

2157 2897 2213 2950 ll.
2231 2899 2304 2949 Οὐ
2331 2898 2439 2968 γὰρ
2469 2898 2703 2968 εἴρηται,
2726 2899 2878 2966 φασὶ,
2908 2895 3192 2966 προφήτης
3215 2893 3306 2945 καὶ
3337 2889 3663 2956 ἁπόστολος;

2081 2990 2181 3042 οῦκ
2209 2990 2272 3042 ἂν
2296 2989 2636 3059 διαψεύσαιο.

2154 3085 2217 3135 Λ.
2271 3083 2329 3134 '0
2360 3084 2563 3152 Μωσῆς
2613 3083 2711 3151 μὲν
2745 3080 2846 3151 ἕιρη
2894 3083 3005 3142 τοῖς
3056 3080 3113 3145 ἐξ
3148 3079 3383 3148 αἵματος
3423 3076 3662 3145 Ἰσραήλ⁶

393 3175 555 3232 Israel
590 3191 603 3226 :
638 3191 656 3225 ι
695 3172 1018 3242 Prophetam
1047 3172 1199 3225 vobis
1235 3171 1520 3224 suscitabit
1547 3168 1804 3222 Dominus
1836 3169 1971 3223 Deus

2090 3195 2106 3226 ι
2146 3177 2437 3248 Προφήτην
2469 3175 2599 3245 ὑμῖν
2637 3175 2936 3243 ἀναστήσει
2980 3171 3182 3242 Κύριος
3209 3171 3237 3221 ὀ
3264 3169 3395 3232 θεὸς
3419 3169 3574 3239 ὑμῶν
3604 3169 3666 3221 ὲκ

393 3277 571 3322 vester
603 3280 664 3318 ex
703 3263 961 3319 fratribus
1005 3263 1233 3330 vestris,
1269 3262 1408 3318 sicut
1451 3276 1534 3315 me
1577 3261 1643 3313 ⁸³.
1683 3279 1702 3311 ι
1757 3260 1894 3328 Quin
1927 3274 1982 3316 et

394 3359 606 3412 divinus
675 3355 870 3410 Paulus
931 3354 1164 3409 scribit:
1205 3371 1223 3402 ι
1273 3353 1462 3419 Unde,
1522 3353 1718 3407 fratres
1783 3355 1979 3418 sancti,

395 3445 692 3502 vocationis
706 3445 942 3500 caelestis
963 3445 1276 3512 participes,
1303 3442 1644 3498 considerate
1683 3446 1980 3512 apostolum

394 3549 449 3594 et
477 3537 781 3607 pontificem
810 3535 1165 3591 confessionis
1205 3544 1404 3590 nostra:
1431 3533 1614 3589 Jesum
1638 3535 1706 3587 “.
1746 3553 1763 3585 ι
1797 3535 1985 3588 Dicant

395 3631 612 3698 itaque,
654 3629 994 3698 interrogabo
1021 3627 1190 3690 enim,
1230 3643 1357 3679 num
1394 3626 1568 3680 cuivis
1600 3627 1801 3680 homini
1840 3626 1979 3680 laudi

395 3721 488 3782 sit,
530 3718 821 3788 prophetia:
869 3717 1062 3786 gratia,
1093 3715 1208 3769 sive
1237 3715 1533 3780 apostolico
1568 3730 1790 3769 munere
1818 3716 1981 3769 det-o-

396 3811 530 3876 rari,
585 3808 766 3864 vocari
806 3823 934 3863 vero
960 3809 1125 3861 etiam
1151 3806 1458 3875 pontiticem
1486 3806 1509 3858 ?

467 4007 529 4065 Β.
581 4007 658 4062 Ita
687 4020 903 4062 censeo.

466 4101 533 4156 Α.
571 4099 731 4168 Atqui
781 4098 896 4152 haec
949 4099 1142 4165 exigua
1192 4109 1354 4167 atque
1415 4098 1630 4167 indigna
1672 4097 1982 4167 iudicentur

396 4208 516 4247 esse
545 4191 783 4254 Christo,
809 4199 1080 4259 quatenus
1111 4200 1198 4244 est
1229 4191 1389 4244 Deus.
1447 4190 1688 4245 Tametsi
1739 4206 1834 4260 per
1865 4193 1980 4245 haec

399 4287 511 4355 ipse
565 4294 822 4337 cernatur
888 4283 1233 4346 exinanitus,
1288 4291 1343 4338 et
1388 4297 1494 4337 una
1563 4298 1684 4336 cum
1747 4284 1977 4339 humana

399 4385 587 4428 natura
637 4387 698 4426 ca
729 4371 1024 4441 accepisse.
1069 4370 1533 4436 Quemadmodum
1579 4388 1706 4428 vero
1746 4390 1865 4427 cum
1909 4374 1980 4428 sit

399 4477 586 4520 natura
607 4463 767 4526 Deus,
789 4473 843 4518 et
860 4479 986 4517 vere
1009 4464 1282 4530 Dominus,
1304 4464 1528 4518 formam
1559 4464 1715 4535 751
1731 4466 1869 4519 Servi
1893 4483 1981 4521 ac-

2083 3269 2190 3322 τῶν
2232 3268 2476 3338 ἀδελφῶν
2521 3267 2705 3337 ὑμῶν,
2754 3267 2827 3328 ῶς
2868 3266 2989 3335 ἐμὲ.
3027 3285 3044 3316 ι
3087 3265 3337 3333 Γέγραφε
3384 3263 3442 3314 δὲ
3498 3262 3591 3314 καὶ
3638 3263 3666 3313 6

2086 3363 2372 3424 θεσπέσιος
2393 3361 2616 3422 Παῦλος
2644 3379 2658 3391 ο
2687 3381 2704 3410 ι
2747 3360 2927 3418 Ὥστε,
2961 3357 3181 3426 ἀδελφοὶ
3215 3357 3383 3423 ἅγιοι,
3421 3353 3666 3422 κλήσεως

2085 3455 2408 3522 ἐπουρανίου
2451 3453 2690 3522 μέτοχοι,
2717 3451 3092 3518 κατανοήσατε
3117 3450 3206 3501 τὸν
3243 3446 3549 3501 ἀπόστολον.
3573 3444 3668 3498 κα)⁸

2084 3548 2345 3616 ἀρχιερέα
2384 3545 2481 3615 τῆς
2509 3544 2797 3614 ὁμολογίας
2823 3542 2983 3612 ἡμῶν
3023 3541 3254 3612 Ἰησοῦν.
3291 3559 3309 3590 ι
3345 3537 3666 3608 Φραζόντων

2083 3640 2148 3711 δὴ
2174 3636 2289 3700 οὖν,
2326 3637 2594 3708 ἐρήσομαι
2621 3636 2751 3704 γὰρ,
2782 3631 2869 3703 ἄρ’
2906 3634 2973 3687 ἂν
3002 3632 3212 3701 γένοιτο
3244 3629 3378 3701 πρὸς
3415 3628 3665 3692 εὐκλείας

2081 3728 2355 3799 ἀνθρώπῳ
2407 3728 2570 3780 παντὶ
2615 3726 2714 3796 τῆς
2767 3724 3105 3796 προφητείας
3161 3724 3192 3792 ἡ
3248 3722 3446 3791 χάρις,
3500 3721 3667 3790 ἤγουν

2083 3821 2457 3876 ἀποστολικῶν
2501 3819 2818 3888 ἀξιωθῆναι.
2843 3818 3055 3888 γερῶν,
3104 3815 3446 3886 χρηματίσαι
3480 3813 3536 3866 δὲ
3575 3813 3667 3866 καὶ

2087 3915 2399 3986 ίερουργὸνς

2159 4008 2213 4058 Β.
2253 4006 2419 4076 Φημί.

2151 4098 2216 4148 Α.
2261 4094 2421 4148 Ἀλλὰ
2450 4093 2611 4146 ταυτὶ
2630 4093 2693 4162 δὴ
2735 4093 2906 4163 μικρὰ
2937 4091 3030 4143 καὶ
3055 4090 3154 4142 οῦκ
3180 4088 3484 4158 ἀξιόληπτα
3509 4088 3664 4154 φαῖεν

2084 4188 2150 4242 ἂν
2181 4183 2320 4240 εἶναι
2356 4185 2599 4258 Χριστῷ,
2635 4184 2770 4238 καθὸ
2797 4187 2998 4237 νοεῖται
3025 4183 3176 4246 Θεὸς,
3211 4181 3313 4234 κᾶν
3339 4178 3431 4235 διὰ
3457 4179 3663 4232 τούτων

2082 4279 2263 4333 αὐτῶν
2289 4281 2480 4350 ὁρᾶται
2514 4277 2890 4346 κεκενωμένος
2924 4317 2937 4339 ,
2969 4276 3063 4330 καὶ
3091 4275 3228 4344 μετὰ
3258 4275 3355 4344 τῆς
3383 4271 3664 4342 ἀνθρωπό-

2082 4390 2241 4443 τητος
2291 4371 2472 4425 λαϐὼν
2526 4370 2684 4423 αὑτά.
2734 4370 2948 4438 ’Ὥσπερ
2983 4368 3038 4421 δὲ
3081 4367 3212 4429 Θεὸς
3244 4365 3320 4418 ῶν
3363 4367 3522 4434 φύσει
3572 4361 3663 4414 καὶ

2083 4465 2286 4536 Κύριος
2313 4463 2529 4534 ἀληθῶς
2555 4504 2568 4524 ,
2619 4461 2776 4514 ἔλαϐε
2807 4461 2996 4514 δούλου
3041 4460 3276 4529 μορφὴν,
3314 4456 3406 4510 καὶ
3435 4457 3493 4507 ὲν
3523 4456 3662 4525 αὑτῇ

396 4557 559 4627 cepit,
592 4566 776 4624 utpote
805 4556 859 4608 in
890 4569 952 4609 ea
985 4567 1176 4621 nutus,
1209 4567 1260 4610 et
1294 4567 1476 4611 nostra
1513 4560 1802 4627 assumpsit
1841 4576 1856 4613 :
1906 4562 1971 4613 ita

2083 4557 2324 4627 γεγονὼς
2352 4600 2366 4622 ,
2399 4558 2496 4609 καὶ
2540 4558 2598 4608 ἐν
2649 4554 2951 4627 προσλήψει
2999 4553 3107 4605 τῶν
3139 4551 3261 4604 καθ’
3299 4551 3475 4620 ἡμᾶς,
3521 4547 3663 4600 οὕτω

396 4663 610 4717 quoque
659 4657 713 4702 et
761 4648 1055 4717 prophetia:
1097 4649 1340 4716 spiritum
1391 4652 1576 4713 dedit,
1605 4662 1658 4704 et
1703 4653 1976 4720 apostolos

396 4742 769 4804 constituens,
822 4748 878 4794 et
927 4739 1204 4808 pontifices
1248 4755 1479 4806 creaus,
1527 4742 1699 4796 factus
1753 4753 1836 4798 est
1885 4757 1978 4812 per

397 4835 576 4888 omnia
626 4832 820 4885 similis
878 4831 1151 4888 fratribus.
1220 4830 1296 4887 Ita
1333 4834 1478 4887 enint
1521 4847 1742 4890 vocatus
1784 4846 1868 4891 est
1925 4846 1980 4890 et

397 4927 676 4997 propheta,
705 4933 758 4978 et
782 4923 1080 4992 apOstolus,
1107 4932 1161 4978 et
1194 4925 1455 4994 pontifex.

469 5011 527 5064 Β.
560 5015 853 5077 (la-terum,
873 5024 931 5067 ut
951 5013 1113 5069 etiam
1137 5015 1265 5069 dent
1297 5016 1468 5085 ipsum
1488 5031 1607 5072 esse
1634 5017 1976 5087 proliltetam,

398 5123 505 5162 non
541 5118 791 5175 tanquam
825 5125 991 5164 unum
1030 5125 1102 5175 ,ει
1163 5109 1439 5178 prophetis
1494 5108 1698 5163 factum
1768 5112 1974 5174 dicunt,

399 5202 492 5254 sed
519 5201 694 5271 potius
717 5200 874 5270 longe
899 5199 1015 5253 illos
1035 5215 1314 5268 superare.
1347 5199 1410 5270 Hi
1474 5201 1617 5253 enim
1667 5212 1868 5254 certam
1918 5217 1982 5255 ac

399 5293 673 5345 definitam
723 5305 818 5360 pro
841 5307 906 5344 eo
936 5304 999 5344 ae
1044 5291 1217 5344 visum
1272 5289 1372 5344 fuit
1402 5292 1508 5345 Deo
1531 5293 1756 5361 gratiam
1787 5309 1978 5346 conse-

400 5387 505 5437 t'ttti
543 5393 689 5450 sunt,
714 5395 768 5438 et
805 5401 924 5454 quae
953 5386 1003 5439 in
1030 5386 1425 5455 temporeipsis
1465 5389 1664 5440 accidit
1695 5404 1706 5436 :
1743 5388 1826 5438 hic
1852 5401 1979 5437 vero

400 5477 589 5545 plenus
609 5487 726 5529 erat
763 5476 989 5531 Deitatis
1016 5479 1180 5531 etiam
1217 5495 1281 5532 ex
1316 5481 1426 5548 ipsa
1457 5479 1640 5532 statim
1678 5474 1977 5532 nativitatc.

400 5567 596 5619 Aderat
625 5566 765 5621 enim
801 5568 896 5635 ipsi
929 5569 1064 5623 Deus
1085 5571 1352 5625 exsistens
1383 5569 1632 5624 Verbum.

471 5662 534 5710 .-\.
568 5659 700 5727 Ergo
723 5661 1020 5727 quantitate
1047 5662 1323 5729 grati:c,et
1359 5662 1749 5728 longinquitate
1769 5669 1974 5724 tempo-

468 5836 507 5864 ”
539 5833 707 5888 Hier.
743 5850 822 5897 ιιι,
895 5836 976 5890 16.

1057 5840 1100 5869 ⁵³
1140 5837 1291 5889 ,Ιο-ιιι.
1323 5853 1428 5901 \‘tv,
1463 5837 1550 5888 ‘25.

1631 5839 1672 5867 ⁵³
1717 5840 1868 5889 Deut.
1911 5854 2059 5896 xvm.
2101 5839 2180 5891 lii.

2084 4652 2177 4702 καὶ
2207 4650 2304 4719 τῆς
2332 4648 2672 4719 προφητείας
2713 4647 2772 4699 τὸ
2801 4644 3027 4714 Πνεῦμα
3055 4644 3227 4705 διδοὺς
3247 4684 3260 4701 .
3295 4641 3390 4694 καὶ
3433 4641 3663 4693 ἀποστό-

2083 4741 2206 4803 λους
2238 4738 2580 4803 ἁναδεικνὺς,
2610 4738 2706 4791 καὶ
2739 4736 3005 4797 καθιστὰς
3034 4733 3374 4804 ἱερονργοῦς,
3405 4728 3663 4801 ὡμοιώθη

2083 4833 2227 4886 κατὰ
2258 4832 2437 4885 πάντα
2462 4834 2575 4894 τοῖς
2609 4830 2857 4898 ἀδελφοῖς
2879 4844 2890 4855 ·
2924 4826 3216 4896 ὠνομάσθη
3247 4824 3356 4896 γὰρ
3381 4823 3547 4887 οὕτω,
3573 4823 3665 4875 καὶ

2085 4928 2391 4996 προφήτης,
2427 4925 2520 4978 καὶ
2547 4923 2846 4984 ἀπόστολος
2867 4962 2880 4985 ,
2918 4921 3014 4974 καὶ
3043 4920 3358 4992 ἀρχιερεύς.

2156 5019 2214 5070 Β.
2273 5017 2408 5070 Ἀλλ’
2441 5019 2488 5071 εἰ
2528 5017 2621 5070 καὶ
2665 5017 2806 5070 δοῖεν
2837 5015 2998 5069 αὐτὸν
3028 5010 3166 5067 εἶναι
3208 5016 3495 5085 προφήτην
3517 5058 3533 5081 ,
3568 5015 3667 5084 οὐχ

2085 5113 2158 5175 ὡς
2189 5111 2285 5163 ἕνα
2315 5109 2422 5162 τῶν
2455 5110 2750 5181 προφητῶν
2782 5108 3035 5177 γενέσθαι
3069 5108 3251 5177 φασιν,
3301 5106 3664 5177 ὑπερκεῖσθαι

2076 5202 2133 5254 δὲ
2178 5201 2381 5271 μᾶλλον
2419 5202 2555 5255 πολὺ
2595 5202 2664 5254 τὰ
2712 5202 2954 5255 ἐκείνων.
2989 5200 3052 5252 Οἱ
3084 5201 3181 5268 μὲν
3210 5198 3340 5270 γὰρ,
3382 5215 3662 5269 μεμετρη-

2083 5294 2248 5363 μὲνην
2291 5293 2433 5346 κατὰ
2459 5295 2519 5347 τὸ
2546 5293 2624 5363 τῷ
2663 5292 2783 5362 Θεῷ
2815 5292 3009 5346 δοκοῦν
3053 5293 3323 5362 ἐσχήκασι
3353 5293 3536 5362 χάριν,
3569 5294 3665 5345 καὶ

2083 5389 2136 5438 ὲν
2161 5387 2338 5455 χρόνῳ
2370 5386 2813 5457 προσγενομένην
2838 5387 3021 5447 αὐτοῖς
3046 5400 3060 5413 ·
3082 5387 3110 5436 ὀ
3131 5384 3187 5436 δὲ
3220 5385 3434 5454 πλήρης
3466 5381 3536 5452 ἦν
3566 5385 3667 5452 τῆς

2082 5479 2354 5548 θεότητος,
2388 5479 2481 5531 7.11
2511 5479 2566 5544 ἐξ
2597 5479 2765 5548 αὐτῆς
2801 5478 2966 5541 εὐθὺς
2993 5479 3089 5548 τῆς
3119 5479 3429 5548 γεννήσεως
3452 5494 3463 5504 ·

2081 5571 2188 5640 γὰρ
2217 5568 2363 5637 αὐτῷ
2390 5568 2520 5631 Θεὸς
2550 5570 2624 5623 ῶν
2653 5573 2680 5622 6
2719 5572 2907 5637 Λόγος.

2155 5666 2215 5713 Α.
2261 5660 2468 5712 Οὐκοῦν
2516 5665 2571 5713 ἐν
2627 5662 2886 5730 ποτότητι
2944 5662 3198 5731 χάριτος,

3501 5478 3666 5544 συνῆν

3246 5663 3335 5712 καὶ
3396 5663 3455 5712 ζει
3502 5664 3663 5730 μήκη

2266 5839 2308 5866 ⁸ο
2349 5835 2510 5890 lle'ur.
2548 5852 2628 5898 ιιι,
2662 5840 2708 5889 ι.
