  <div class='ocr_page' id='page_1' title='image "/cluster/home/n/w/nwhite01/storage/ocr_20150623/75/pst.000005712748/696.png"; bbox 0 0 4058 6328; ppageno 0'>
   <div class='ocr_carea' id='block_1_1' title="bbox 354 414 490 474">
    <p class='ocr_par' dir='ltr' id='par_1_1' title="bbox 354 414 490 474">
     <span class='ocr_line' id='line_1_1' title="bbox 354 414 490 474; baseline -0.022 -1"><span class='ocrx_word' id='word_1_1' title='bbox 354 414 490 474; x_wconf 72' lang='grc'><strong>1317</strong></span> 
     </span>
    </p>
   </div>
   <div class='ocr_carea' id='block_1_2' title="bbox 1499 408 2469 478">
    <p class='ocr_par' dir='ltr' id='par_1_2' title="bbox 1499 408 2469 478">
     <span class='ocr_line' id='line_1_2' title="bbox 1499 408 2469 478; baseline -0.006 -10"><span class='ocrx_word' id='word_1_2' title='bbox 1499 411 1689 478; x_wconf 69' lang='lat' dir='ltr'><strong>QUOD</strong></span> <span class='ocrx_word' id='word_1_3' title='bbox 1732 408 1914 466; x_wconf 68' lang='grc' dir='ltr'><strong>ΒΝΕὸ</strong></span> <span class='ocrx_word' id='word_1_4' title='bbox 1954 410 2061 463; x_wconf 83' lang='lat' dir='ltr'><strong>SIT</strong></span> <span class='ocrx_word' id='word_1_5' title='bbox 2103 409 2469 467; x_wconf 62' lang='grc' dir='ltr'>ειιιιιειίυτ.</span> 
     </span>
    </p>
   </div>
   <div class='ocr_carea' id='block_1_3' title="bbox 3516 411 3655 487">
    <p class='ocr_par' dir='ltr' id='par_1_3' title="bbox 3516 411 3655 487">
     <span class='ocr_line' id='line_1_3' title="bbox 3516 411 3655 487; baseline -0.007 -23"><span class='ocrx_word' id='word_1_6' title='bbox 3516 411 3655 487; x_wconf 65' lang='lat' dir='ltr'><strong>ista</strong></span> 
     </span>
    </p>
   </div>
   <div class='ocr_carea' id='block_1_4' title="bbox 352 527 1947 603">
    <p class='ocr_par' dir='ltr' id='par_1_4' title="bbox 352 527 1936 603">
     <span class='ocr_line' id='line_1_4' title="bbox 352 527 1936 603; baseline -0.003 -18"><span class='ocrx_word' id='word_1_7' title='bbox 352 529 551 603; x_wconf 80' lang='grc' dir='ltr'>καιροῦ</span> <span class='ocrx_word' id='word_1_8' title='bbox 596 527 1066 598; x_wconf 68' lang='grc' dir='ltr'><strong>πεπλεονέκτηκεν</strong></span> <span class='ocrx_word' id='word_1_9' title='bbox 1098 530 1127 582; x_wconf 93' lang='lat'><strong>6</strong></span> <span class='ocrx_word' id='word_1_10' title='bbox 1156 528 1411 601; x_wconf 65' lang='grc' dir='ltr'>Χριστὸς,</span> <span class='ocrx_word' id='word_1_11' title='bbox 1465 528 1593 589; x_wconf 76' lang='grc' dir='ltr'>τοὺς</span> <span class='ocrx_word' id='word_1_12' title='bbox 1627 527 1735 598; x_wconf 77' lang='grc' dir='ltr'>πρὸ</span> <span class='ocrx_word' id='word_1_13' title='bbox 1770 527 1936 581; x_wconf 74' lang='grc' dir='ltr'>αὑτοῦ</span> 
     </span>
    </p>
   </div>
   <div class='ocr_carea' id='block_1_5' title="bbox 2054 527 3652 603">
    <p class='ocr_par' dir='ltr' id='par_1_5' title="bbox 2054 527 3652 598">
     <span class='ocr_line' id='line_1_5' title="bbox 2054 527 3652 598; baseline 0.003 -18"><span class='ocrx_word' id='word_1_14' title='bbox 2054 527 2121 583; x_wconf 84' lang='lat' dir='ltr'><strong>ris</strong></span> <span class='ocrx_word' id='word_1_15' title='bbox 2150 529 2424 597; x_wconf 79' lang='lat' dir='ltr'><strong>superavit</strong></span> <span class='ocrx_word' id='word_1_16' title='bbox 2453 527 2708 582; x_wconf 78' lang='lat' dir='ltr'><strong>Christus</strong></span> <span class='ocrx_word' id='word_1_17' title='bbox 2747 542 2842 583; x_wconf 82' lang='lat' dir='ltr'><strong>eos</strong></span> <span class='ocrx_word' id='word_1_18' title='bbox 2877 528 2967 597; x_wconf 91' lang='lat' dir='ltr'><strong>qui</strong></span> <span class='ocrx_word' id='word_1_19' title='bbox 3006 538 3132 582; x_wconf 88' lang='lat' dir='ltr'><strong>ante</strong></span> <span class='ocrx_word' id='word_1_20' title='bbox 3185 529 3362 598; x_wconf 83' lang='lat' dir='ltr'><strong>ipsum</strong></span> <span class='ocrx_word' id='word_1_21' title='bbox 3425 535 3652 586; x_wconf 78' lang='lat' dir='ltr'><strong>exstite-</strong></span> 
     </span>
    </p>
   </div>
   <div class='ocr_carea' id='block_1_6' title="bbox 352 621 1940 694">
    <p class='ocr_par' dir='ltr' id='par_1_6' title="bbox 352 621 1940 694">
     <span class='ocr_line' id='line_1_6' title="bbox 352 621 1940 694; baseline -0.001 -17"><span class='ocrx_word' id='word_1_22' title='bbox 352 623 648 694; x_wconf 81' lang='grc' dir='ltr'><strong>γεγονότας</strong></span> <span class='ocrx_word' id='word_1_23' title='bbox 705 622 893 690; x_wconf 80' lang='grc' dir='ltr'>ἁγίους</span> <span class='ocrx_word' id='word_1_24' title='bbox 944 624 1273 694; x_wconf 79' lang='grc' dir='ltr'>προφήτας,</span> <span class='ocrx_word' id='word_1_25' title='bbox 1324 622 1418 675; x_wconf 77' lang='grc' dir='ltr'>καὶ</span> <span class='ocrx_word' id='word_1_26' title='bbox 1473 621 1634 676; x_wconf 86' lang='grc' dir='ltr'>τοῦτό</span> <span class='ocrx_word' id='word_1_27' title='bbox 1675 622 1824 675; x_wconf 68' lang='grc' dir='ltr'>ἐστιν</span> <span class='ocrx_word' id='word_1_28' title='bbox 1883 622 1940 675; x_wconf 77' lang='grc' dir='ltr'>ὲν</span> 
     </span>
    </p>
   </div>
   <div class='ocr_carea' id='block_1_7' title="bbox 350 712 1939 785">
    <p class='ocr_par' dir='ltr' id='par_1_7' title="bbox 350 712 1939 785">
     <span class='ocr_line' id='line_1_7' title="bbox 350 712 1939 785; baseline 0 -17"><span class='ocrx_word' id='word_1_29' title='bbox 350 714 506 784; x_wconf 83' lang='grc' dir='ltr'>αὐτῷ</span> <span class='ocrx_word' id='word_1_30' title='bbox 540 715 602 768; x_wconf 82' lang='grc' dir='ltr'>τὸ</span> <span class='ocrx_word' id='word_1_31' title='bbox 636 712 933 783; x_wconf 74' lang='grc' dir='ltr'>ἐξαίρετον.</span> <span class='ocrx_word' id='word_1_32' title='bbox 984 714 1280 785; x_wconf 84' lang='grc' dir='ltr'>Πρόκειται</span> <span class='ocrx_word' id='word_1_33' title='bbox 1329 712 1385 765; x_wconf 81' lang='grc' dir='ltr'>δὲ</span> <span class='ocrx_word' id='word_1_34' title='bbox 1434 712 1939 785; x_wconf 81' lang='grc' dir='ltr'><strong>πολυπραγμονεῖν,</strong></span> 
     </span>
    </p>
   </div>
   <div class='ocr_carea' id='block_1_8' title="bbox 350 804 1944 878">
    <p class='ocr_par' dir='ltr' id='par_1_8' title="bbox 350 804 1944 878">
     <span class='ocr_line' id='line_1_8' title="bbox 350 804 1944 878; baseline -0.001 -16"><span class='ocrx_word' id='word_1_35' title='bbox 350 808 401 862; x_wconf 80' lang='grc' dir='ltr'>ιι</span> <span class='ocrx_word' id='word_1_36' title='bbox 446 808 737 877; x_wconf 73' lang='grc' dir='ltr'><strong>προφήτης</strong></span> <span class='ocrx_word' id='word_1_37' title='bbox 782 805 955 869; x_wconf 80' lang='grc' dir='ltr'>ὅλως,</span> <span class='ocrx_word' id='word_1_38' title='bbox 1005 805 1101 860; x_wconf 69' lang='grc' dir='ltr'>καὶ</span> <span class='ocrx_word' id='word_1_39' title='bbox 1147 804 1266 859; x_wconf 85' lang='grc' dir='ltr'>οῠτι</span> <span class='ocrx_word' id='word_1_40' title='bbox 1313 822 1415 859; x_wconf 87' lang='grc' dir='ltr'><strong>που</strong></span> <span class='ocrx_word' id='word_1_41' title='bbox 1462 806 1524 859; x_wconf 78' lang='grc' dir='ltr'>τὸ</span> <span class='ocrx_word' id='word_1_42' title='bbox 1569 805 1836 878; x_wconf 82' lang='grc' dir='ltr'>μᾶλλονῆ</span> <span class='ocrx_word' id='word_1_43' title='bbox 1881 806 1944 860; x_wconf 80' lang='grc' dir='ltr'>τὸ</span> 
     </span>
    </p>
   </div>
   <div class='ocr_carea' id='block_1_9' title="bbox 356 893 1943 971">
    <p class='ocr_par' dir='ltr' id='par_1_9' title="bbox 356 893 1943 971">
     <span class='ocr_line' id='line_1_9' title="bbox 356 893 1943 971; baseline -0.001 -17"><span class='ocrx_word' id='word_1_44' title='bbox 356 902 506 970; x_wconf 76' lang='grc' dir='ltr'>μεῖον</span> <span class='ocrx_word' id='word_1_45' title='bbox 534 898 693 971; x_wconf 72' lang='grc' dir='ltr'>ἔχων,</span> <span class='ocrx_word' id='word_1_46' title='bbox 719 899 751 969; x_wconf 81' lang='grc' dir='ltr'>ἢ</span> <span class='ocrx_word' id='word_1_47' title='bbox 796 900 889 952; x_wconf 79' lang='grc' dir='ltr'>καὶ</span> <span class='ocrx_word' id='word_1_48' title='bbox 924 898 1358 970; x_wconf 85' lang='grc' dir='ltr'>ὑπερκείμενος,</span> <span class='ocrx_word' id='word_1_49' title='bbox 1390 899 1467 963; x_wconf 83' lang='grc' dir='ltr'><strong>ὡς</strong></span> <span class='ocrx_word' id='word_1_50' title='bbox 1496 897 1556 952; x_wconf 77' lang='grc' dir='ltr'>ἐν</span> <span class='ocrx_word' id='word_1_51' title='bbox 1595 916 1660 968; x_wconf 87' lang='grc' dir='ltr'><strong>γε</strong></span> <span class='ocrx_word' id='word_1_52' title='bbox 1691 898 1771 970; x_wconf 82' lang='grc' dir='ltr'>τῷ</span> <span class='ocrx_word' id='word_1_53' title='bbox 1800 893 1943 953; x_wconf 85' lang='grc' dir='ltr'>είναι</span> 
     </span>
    </p>
   </div>
   <div class='ocr_carea' id='block_1_10' title="bbox 353 992 1939 1067">
    <p class='ocr_par' dir='ltr' id='par_1_10' title="bbox 353 992 1939 1067">
     <span class='ocr_line' id='line_1_10' title="bbox 353 992 1939 1067; baseline 0.001 -19"><span class='ocrx_word' id='word_1_54' title='bbox 353 996 660 1067; x_wconf 77' lang='grc' dir='ltr'><strong>προφήτην,</strong></span> <span class='ocrx_word' id='word_1_55' title='bbox 709 995 805 1049; x_wconf 59' lang='grc' dir='ltr'><strong>καὶ⁵</strong></span> <span class='ocrx_word' id='word_1_56' title='bbox 846 993 924 1064; x_wconf 80' lang='grc' dir='ltr'>τῷ</span> <span class='ocrx_word' id='word_1_57' title='bbox 958 992 1032 1065; x_wconf 83' lang='grc' dir='ltr'><strong>μὴ</strong></span> <span class='ocrx_word' id='word_1_58' title='bbox 1060 993 1207 1064; x_wconf 84' lang='grc' dir='ltr'>πέρα</span> <span class='ocrx_word' id='word_1_59' title='bbox 1243 993 1445 1066; x_wconf 83' lang='grc' dir='ltr'><strong>μέτρου</strong></span> <span class='ocrx_word' id='word_1_60' title='bbox 1474 993 1570 1048; x_wconf 89' lang='grc' dir='ltr'><strong>τοῦ</strong></span> <span class='ocrx_word' id='word_1_61' title='bbox 1604 994 1726 1048; x_wconf 81' lang='grc' dir='ltr'>καθ’</span> <span class='ocrx_word' id='word_1_62' title='bbox 1752 996 1939 1065; x_wconf 80' lang='grc' dir='ltr'>ἡμᾶς,</span> 
     </span>
    </p>
   </div>
   <div class='ocr_carea' id='block_1_11' title="bbox 351 1084 1941 1159">
    <p class='ocr_par' dir='ltr' id='par_1_11' title="bbox 351 1084 1941 1159">
     <span class='ocr_line' id='line_1_11' title="bbox 351 1084 1941 1159; baseline 0 -19"><span class='ocrx_word' id='word_1_63' title='bbox 351 1088 413 1140; x_wconf 72' lang='grc' dir='ltr'><strong>τὸ</strong></span> <span class='ocrx_word' id='word_1_64' title='bbox 447 1085 865 1158; x_wconf 81' lang='grc' dir='ltr'>σμικροπρεπὲς</span> <span class='ocrx_word' id='word_1_65' title='bbox 890 1087 1039 1139; x_wconf 71' lang='grc' dir='ltr'>ἐστιν</span> <span class='ocrx_word' id='word_1_66' title='bbox 1063 1084 1234 1155; x_wconf 81' lang='grc' dir='ltr'>αὐτῷ,</span> <span class='ocrx_word' id='word_1_67' title='bbox 1260 1085 1366 1141; x_wconf 80' lang='grc' dir='ltr'>κᾶν</span> <span class='ocrx_word' id='word_1_68' title='bbox 1396 1088 1445 1141; x_wconf 84' lang='grc' dir='ltr'><strong>εί</strong></span> <span class='ocrx_word' id='word_1_69' title='bbox 1476 1086 1738 1159; x_wconf 79' lang='grc' dir='ltr'>ἀπαρχῆς</span> <span class='ocrx_word' id='word_1_70' title='bbox 1767 1090 1941 1141; x_wconf 83' lang='grc' dir='ltr'>νοοῖτο</span> 
     </span>
    </p>
   </div>
   <div class='ocr_carea' id='block_1_12' title="bbox 350 1176 1944 1251">
    <p class='ocr_par' dir='ltr' id='par_1_12' title="bbox 350 1176 1944 1251">
     <span class='ocr_line' id='line_1_12' title="bbox 350 1176 1944 1251; baseline 0.002 -21"><span class='ocrx_word' id='word_1_71' title='bbox 350 1176 513 1231; x_wconf 85' lang='grc' dir='ltr'>τοῦτο</span> <span class='ocrx_word' id='word_1_72' title='bbox 556 1178 841 1249; x_wconf 82' lang='grc' dir='ltr'><strong>ὑπάρχων,</strong></span> <span class='ocrx_word' id='word_1_73' title='bbox 886 1176 1138 1248; x_wconf 87' lang='grc' dir='ltr'>καθάπερ</span> <span class='ocrx_word' id='word_1_74' title='bbox 1186 1178 1382 1249; x_wconf 82' lang='grc' dir='ltr'>ἀμέλει</span> <span class='ocrx_word' id='word_1_75' title='bbox 1422 1181 1518 1233; x_wconf 74' lang='grc' dir='ltr'>καὶ</span> <span class='ocrx_word' id='word_1_76' title='bbox 1563 1181 1592 1233; x_wconf 92' lang='grc' dir='ltr'><strong>ό</strong></span> <span class='ocrx_word' id='word_1_77' title='bbox 1635 1181 1944 1251; x_wconf 83' lang='grc' dir='ltr'><strong>Θαυμάσιος</strong></span> 
     </span>
    </p>
   </div>
   <div class='ocr_carea' id='block_1_13' title="bbox 353 1265 1942 1345">
    <p class='ocr_par' dir='ltr' id='par_1_13' title="bbox 353 1265 1942 1345">
     <span class='ocr_line' id='line_1_13' title="bbox 353 1265 1942 1345; baseline 0.001 -20"><span class='ocrx_word' id='word_1_78' title='bbox 353 1270 668 1344; x_wconf 76' lang='grc' dir='ltr'>ηαπτιστὴς</span> <span class='ocrx_word' id='word_1_79' title='bbox 716 1273 845 1345; x_wconf 79' lang='grc' dir='ltr'>περὶ</span> <span class='ocrx_word' id='word_1_80' title='bbox 869 1265 930 1326; x_wconf 76' lang='grc' dir='ltr'>οὗ</span> <span class='ocrx_word' id='word_1_81' title='bbox 956 1291 1123 1345; x_wconf 81' lang='grc' dir='ltr'>φησιν</span> <span class='ocrx_word' id='word_1_82' title='bbox 1145 1274 1174 1326; x_wconf 93' lang='lat'><strong>6</strong></span> <span class='ocrx_word' id='word_1_83' title='bbox 1205 1275 1479 1345; x_wconf 86' lang='grc' dir='ltr'>μακάριος</span> <span class='ocrx_word' id='word_1_84' title='bbox 1509 1273 1761 1343; x_wconf 75' lang='grc' dir='ltr'>ἄγγελος·</span> <span class='ocrx_word' id='word_1_85' title='bbox 1786 1293 1803 1326; x_wconf 82' lang='grc' dir='ltr'><strong>ι</strong></span> <span class='ocrx_word' id='word_1_86' title='bbox 1830 1275 1942 1327; x_wconf 77' lang='grc' dir='ltr'><strong>Καὶ</strong></span> 
     </span>
    </p>
   </div>
   <div class='ocr_carea' id='block_1_14' title="bbox 352 1365 1943 1439">
    <p class='ocr_par' dir='ltr' id='par_1_14' title="bbox 352 1365 1943 1439">
     <span class='ocr_line' id='line_1_14' title="bbox 352 1365 1943 1439; baseline 0.001 -20"><span class='ocrx_word' id='word_1_87' title='bbox 352 1365 675 1435; x_wconf 73' lang='grc' dir='ltr'>Πνεῦματος</span> <span class='ocrx_word' id='word_1_88' title='bbox 704 1366 861 1435; x_wconf 82' lang='grc' dir='ltr'>ἁγίου</span> <span class='ocrx_word' id='word_1_89' title='bbox 893 1365 1269 1438; x_wconf 81' lang='grc' dir='ltr'><strong>πλησθήσεται</strong></span> <span class='ocrx_word' id='word_1_90' title='bbox 1294 1365 1375 1419; x_wconf 69' lang='grc' dir='ltr'><strong>ιἐτι</strong></span> <span class='ocrx_word' id='word_1_91' title='bbox 1406 1368 1468 1419; x_wconf 75' lang='grc' dir='ltr'>ὲκ</span> <span class='ocrx_word' id='word_1_92' title='bbox 1493 1366 1701 1431; x_wconf 80' lang='grc' dir='ltr'>κοιλίας</span> <span class='ocrx_word' id='word_1_93' title='bbox 1735 1367 1943 1439; x_wconf 81' lang='grc' dir='ltr'>μητρὸς</span> 
     </span>
    </p>
   </div>
   <div class='ocr_carea' id='block_1_15' title="bbox 352 1454 1943 1531">
    <p class='ocr_par' dir='ltr' id='par_1_15' title="bbox 352 1454 1943 1531">
     <span class='ocr_line' id='line_1_15' title="bbox 352 1454 1943 1531; baseline 0 -19"><span class='ocrx_word' id='word_1_94' title='bbox 352 1458 543 1513; x_wconf 80' lang='grc' dir='ltr'>αὑτοῦ.</span> <span class='ocrx_word' id='word_1_95' title='bbox 578 1478 597 1511; x_wconf 74' lang='grc' dir='ltr'><strong>ι</strong></span> <span class='ocrx_word' id='word_1_96' title='bbox 633 1455 767 1512; x_wconf 77' lang='grc' dir='ltr'>Εἶτα</span> <span class='ocrx_word' id='word_1_97' title='bbox 802 1458 922 1522; x_wconf 81' lang='grc' dir='ltr'>πῶς</span> <span class='ocrx_word' id='word_1_98' title='bbox 965 1461 993 1513; x_wconf 89' lang='lat'><strong>6</strong></span> <span class='ocrx_word' id='word_1_99' title='bbox 1038 1459 1137 1531; x_wconf 83' lang='grc' dir='ltr'>μὲν</span> <span class='ocrx_word' id='word_1_100' title='bbox 1165 1454 1234 1531; x_wconf 81' lang='grc' dir='ltr'>ἦν</span> <span class='ocrx_word' id='word_1_101' title='bbox 1261 1458 1501 1529; x_wconf 74' lang='grc' dir='ltr'>οἰκέτης,</span> <span class='ocrx_word' id='word_1_102' title='bbox 1544 1459 1572 1512; x_wconf 89' lang='lat'><strong>6</strong></span> <span class='ocrx_word' id='word_1_103' title='bbox 1613 1458 1670 1512; x_wconf 84' lang='grc' dir='ltr'>δὲ</span> <span class='ocrx_word' id='word_1_104' title='bbox 1704 1461 1818 1523; x_wconf 83' lang='grc' dir='ltr'>τοῖς</span> <span class='ocrx_word' id='word_1_105' title='bbox 1857 1460 1943 1513; x_wconf 78' lang='grc' dir='ltr'><strong>δεο</strong></span> 
     </span>
    </p>
   </div>
   <div class='ocr_carea' id='block_1_16' title="bbox 355 1551 1941 1625">
    <p class='ocr_par' dir='ltr' id='par_1_16' title="bbox 355 1551 1941 1625">
     <span class='ocr_line' id='line_1_16' title="bbox 355 1551 1941 1625; baseline 0 -20"><span class='ocrx_word' id='word_1_106' title='bbox 355 1556 636 1617; x_wconf 85' lang='grc' dir='ltr'>σποτικοῖς</span> <span class='ocrx_word' id='word_1_107' title='bbox 665 1551 973 1624; x_wconf 82' lang='grc' dir='ltr'>ἀξιώμασιν</span> <span class='ocrx_word' id='word_1_108' title='bbox 1003 1552 1393 1625; x_wconf 72' lang='grc' dir='ltr'>ὲναϐρύνεταις</span> <span class='ocrx_word' id='word_1_109' title='bbox 1444 1553 1554 1607; x_wconf 77' lang='grc' dir='ltr'><strong>Καὶ</strong></span> <span class='ocrx_word' id='word_1_110' title='bbox 1604 1552 1801 1607; x_wconf 77' lang='grc' dir='ltr'>ἑαυτοῦ</span> <span class='ocrx_word' id='word_1_111' title='bbox 1842 1552 1941 1623; x_wconf 83' lang='grc' dir='ltr'>μὲν</span> 
     </span>
    </p>
   </div>
   <div class='ocr_carea' id='block_1_17' title="bbox 354 1643 1942 1717">
    <p class='ocr_par' dir='ltr' id='par_1_17' title="bbox 354 1643 1942 1717">
     <span class='ocr_line' id='line_1_17' title="bbox 354 1643 1942 1717; baseline -0.001 -18"><span class='ocrx_word' id='word_1_112' title='bbox 354 1643 502 1717; x_wconf 70' lang='grc' dir='ltr'>πέρι,</span> <span class='ocrx_word' id='word_1_113' title='bbox 537 1646 699 1716; x_wconf 75' lang='grc' dir='ltr'>φησὶν</span> <span class='ocrx_word' id='word_1_114' title='bbox 744 1646 773 1699; x_wconf 88' lang='lat'><strong>6</strong></span> <span class='ocrx_word' id='word_1_115' title='bbox 802 1644 1076 1717; x_wconf 82' lang='grc' dir='ltr'>μακάριος</span> <span class='ocrx_word' id='word_1_116' title='bbox 1127 1646 1419 1716; x_wconf 74' lang='grc' dir='ltr'><strong>Ἰωάννης⁶</strong></span> <span class='ocrx_word' id='word_1_117' title='bbox 1460 1664 1477 1698; x_wconf 78' lang='grc' dir='ltr'><strong>ι</strong></span> <span class='ocrx_word' id='word_1_118' title='bbox 1519 1645 1578 1699; x_wconf 84' lang='grc' dir='ltr'>ὐ</span> <span class='ocrx_word' id='word_1_119' title='bbox 1617 1644 1694 1699; x_wconf 81' lang='grc' dir='ltr'>ὢν</span> <span class='ocrx_word' id='word_1_120' title='bbox 1734 1646 1799 1700; x_wconf 78' lang='grc' dir='ltr'>ἐκ</span> <span class='ocrx_word' id='word_1_121' title='bbox 1841 1646 1942 1716; x_wconf 76' lang='grc' dir='ltr'>τῆς</span> 
     </span>
    </p>
   </div>
   <div class='ocr_carea' id='block_1_18' title="bbox 351 1738 1937 1811">
    <p class='ocr_par' dir='ltr' id='par_1_18' title="bbox 351 1738 1937 1811">
     <span class='ocr_line' id='line_1_18' title="bbox 351 1738 1937 1811; baseline -0.023 -7"><span class='ocrx_word' id='word_1_122' title='bbox 351 1739 476 1809; x_wconf 81' lang='grc' dir='ltr'>γῆς,</span> <span class='ocrx_word' id='word_1_123' title='bbox 499 1739 564 1792; x_wconf 72' lang='grc' dir='ltr'>ἑκ</span> <span class='ocrx_word' id='word_1_124' title='bbox 588 1739 687 1811; x_wconf 86' lang='grc' dir='ltr'>τῆς</span> <span class='ocrx_word' id='word_1_125' title='bbox 717 1739 821 1810; x_wconf 79' lang='grc' dir='ltr'>γῆς</span> <span class='ocrx_word' id='word_1_126' title='bbox 848 1739 1016 1793; x_wconf 79' lang='grc' dir='ltr'>λαλεῖ.</span> <span class='ocrx_word' id='word_1_127' title='bbox 1052 1757 1071 1791; x_wconf 77' lang='grc' dir='ltr'><strong>ι</strong></span> <span class='ocrx_word' id='word_1_128' title='bbox 1106 1739 1242 1807; x_wconf 76' lang='grc' dir='ltr'>Περὶ</span> <span class='ocrx_word' id='word_1_129' title='bbox 1267 1739 1323 1792; x_wconf 83' lang='grc' dir='ltr'>δέ</span> <span class='ocrx_word' id='word_1_130' title='bbox 1343 1756 1407 1807; x_wconf 84' lang='grc' dir='ltr'><strong>γε</strong></span> <span class='ocrx_word' id='word_1_131' title='bbox 1432 1738 1527 1792; x_wconf 81' lang='grc' dir='ltr'><strong>τοῦ</strong></span> <span class='ocrx_word' id='word_1_132' title='bbox 1565 1739 1937 1810; x_wconf 74' lang='grc' dir='ltr'>Ἐμμανουήλ.</span> 
     </span>
    </p>
   </div>
   <div class='ocr_carea' id='block_1_19' title="bbox 355 1818 1743 1903">
    <p class='ocr_par' dir='ltr' id='par_1_19' title="bbox 355 1818 1743 1903">
     <span class='ocr_line' id='line_1_19' title="bbox 355 1818 1743 1903; baseline 0.003 -22"><span class='ocrx_word' id='word_1_133' title='bbox 355 1850 373 1881; x_wconf 77' lang='grc' dir='ltr'><strong>ι</strong></span> <span class='ocrx_word' id='word_1_134' title='bbox 398 1831 457 1882; x_wconf 86' lang='grc'><strong>’0</strong></span> <span class='ocrx_word' id='word_1_135' title='bbox 491 1830 695 1885; x_wconf 78' lang='grc' dir='ltr'>ἄνωθεν</span> <span class='ocrx_word' id='word_1_136' title='bbox 720 1833 1039 1903; x_wconf 74' lang='grc' dir='ltr'>ἐρχόμενος,</span> <span class='ocrx_word' id='word_1_137' title='bbox 1070 1818 1256 1886; x_wconf 74' lang='grc' dir='ltr'>ἐπάνω</span> <span class='ocrx_word' id='word_1_138' title='bbox 1292 1832 1511 1887; x_wconf 86' lang='grc' dir='ltr'>πάντων</span> <span class='ocrx_word' id='word_1_139' title='bbox 1547 1832 1683 1887; x_wconf 81' lang='grc' dir='ltr'>ὲστί.</span> <span class='ocrx_word' id='word_1_140' title='bbox 1724 1853 1743 1885; x_wconf 70' lang='grc' dir='ltr'><strong>ι</strong></span> 
     </span>
    </p>
   </div>
   <div class='ocr_carea' id='block_1_20' title="bbox 2050 622 3649 693">
    <p class='ocr_par' dir='ltr' id='par_1_20' title="bbox 2050 622 3649 693">
     <span class='ocr_line' id='line_1_20' title="bbox 2050 622 3649 693; baseline 0.003 -18"><span class='ocrx_word' id='word_1_141' title='bbox 2050 630 2177 676; x_wconf 91' lang='lat' dir='ltr'><strong>runt</strong></span> <span class='ocrx_word' id='word_1_142' title='bbox 2203 632 2421 677; x_wconf 84' lang='lat' dir='ltr'><strong>sanctos</strong></span> <span class='ocrx_word' id='word_1_143' title='bbox 2447 622 2741 690; x_wconf 80' lang='lat' dir='ltr'><strong>prophetas</strong></span> <span class='ocrx_word' id='word_1_144' title='bbox 2774 640 2787 677; x_wconf 92' lang='lat'><strong>:</strong></span> <span class='ocrx_word' id='word_1_145' title='bbox 2823 632 2987 691; x_wconf 88' lang='lat' dir='ltr'><strong>atque</strong></span> <span class='ocrx_word' id='word_1_146' title='bbox 3030 622 3131 677; x_wconf 89' lang='lat' dir='ltr'><strong>hoc</strong></span> <span class='ocrx_word' id='word_1_147' title='bbox 3161 631 3247 677; x_wconf 87' lang='lat' dir='ltr'><strong>est</strong></span> <span class='ocrx_word' id='word_1_148' title='bbox 3298 622 3349 676; x_wconf 93' lang='lat' dir='ltr'><strong>in</strong></span> <span class='ocrx_word' id='word_1_149' title='bbox 3386 622 3505 693; x_wconf 87' lang='lat' dir='ltr'><strong>ipso</strong></span> <span class='ocrx_word' id='word_1_150' title='bbox 3527 626 3649 679; x_wconf 82' lang='lat' dir='ltr'><strong>cxi-</strong></span> 
     </span>
    </p>
   </div>
   <div class='ocr_carea' id='block_1_21' title="bbox 2050 713 3651 787">
    <p class='ocr_par' dir='ltr' id='par_1_21' title="bbox 2050 713 3651 787">
     <span class='ocr_line' id='line_1_21' title="bbox 2050 713 3651 787; baseline 0.002 -20"><span class='ocrx_word' id='word_1_151' title='bbox 2050 713 2237 768; x_wconf 91' lang='lat' dir='ltr'><strong>mium.</strong></span> <span class='ocrx_word' id='word_1_152' title='bbox 2266 713 2613 784; x_wconf 79' lang='lat' dir='ltr'><strong>Propositum</strong></span> <span class='ocrx_word' id='word_1_153' title='bbox 2648 728 2777 769; x_wconf 82' lang='lat' dir='ltr'><strong>vero</strong></span> <span class='ocrx_word' id='word_1_154' title='bbox 2812 724 2895 770; x_wconf 86' lang='lat' dir='ltr'><strong>est</strong></span> <span class='ocrx_word' id='word_1_155' title='bbox 2917 715 3219 785; x_wconf 83' lang='lat' dir='ltr'><strong>inquirere,</strong></span> <span class='ocrx_word' id='word_1_156' title='bbox 3253 730 3381 770; x_wconf 90' lang='lat' dir='ltr'><strong>num</strong></span> <span class='ocrx_word' id='word_1_157' title='bbox 3410 718 3651 787; x_wconf 86' lang='lat' dir='ltr'><strong>prephe-</strong></span> 
     </span>
    </p>
   </div>
   <div class='ocr_carea' id='block_1_22' title="bbox 2047 807 3653 876">
    <p class='ocr_par' dir='ltr' id='par_1_22' title="bbox 2047 807 3653 876">
     <span class='ocr_line' id='line_1_22' title="bbox 2047 807 3653 876; baseline 0.001 -15"><span class='ocrx_word' id='word_1_158' title='bbox 2047 816 2099 861; x_wconf 82' lang='lat' dir='ltr'><strong>ta</strong></span> <span class='ocrx_word' id='word_1_159' title='bbox 2124 808 2348 864; x_wconf 89' lang='lat' dir='ltr'><strong>omnino</strong></span> <span class='ocrx_word' id='word_1_160' title='bbox 2373 807 2555 874; x_wconf 78' lang='lat' dir='ltr'><strong>fuerit,</strong></span> <span class='ocrx_word' id='word_1_161' title='bbox 2590 824 2696 864; x_wconf 93' lang='lat' dir='ltr'><strong>non</strong></span> <span class='ocrx_word' id='word_1_162' title='bbox 2740 818 2922 864; x_wconf 86' lang='lat' dir='ltr'><strong>autem</strong></span> <span class='ocrx_word' id='word_1_163' title='bbox 2953 824 3022 863; x_wconf 90' lang='lat' dir='ltr'><strong>an</strong></span> <span class='ocrx_word' id='word_1_164' title='bbox 3086 807 3262 876; x_wconf 85' lang='lat' dir='ltr'><strong>major</strong></span> <span class='ocrx_word' id='word_1_165' title='bbox 3306 817 3402 862; x_wconf 86' lang='lat' dir='ltr'><strong>aut</strong></span> <span class='ocrx_word' id='word_1_166' title='bbox 3449 811 3653 875; x_wconf 89' lang='lat' dir='ltr'><strong>minor,</strong></span> 
     </span>
    </p>
   </div>
   <div class='ocr_carea' id='block_1_23' title="bbox 2053 900 3658 972">
    <p class='ocr_par' dir='ltr' id='par_1_23' title="bbox 2053 900 3658 972">
     <span class='ocr_line' id='line_1_23' title="bbox 2053 900 3658 972; baseline 0.001 -18"><span class='ocrx_word' id='word_1_167' title='bbox 2053 908 2150 955; x_wconf 81' lang='lat' dir='ltr'><strong>aut</strong></span> <span class='ocrx_word' id='word_1_168' title='bbox 2193 901 2447 971; x_wconf 81' lang='lat' dir='ltr'><strong>superior</strong></span> <span class='ocrx_word' id='word_1_169' title='bbox 2476 914 2491 951; x_wconf 88' lang='lat'><strong>:</strong></span> <span class='ocrx_word' id='word_1_170' title='bbox 2523 901 2597 955; x_wconf 86' lang='lat' dir='ltr'><strong>ita</strong></span> <span class='ocrx_word' id='word_1_171' title='bbox 2628 909 2689 956; x_wconf 88' lang='lat' dir='ltr'><strong>ut</strong></span> <span class='ocrx_word' id='word_1_172' title='bbox 2722 900 2777 957; x_wconf 92' lang='lat' dir='ltr'><strong>in</strong></span> <span class='ocrx_word' id='word_1_173' title='bbox 2812 916 2877 956; x_wconf 92' lang='lat' dir='ltr'><strong>eo</strong></span> <span class='ocrx_word' id='word_1_174' title='bbox 2910 902 3055 971; x_wconf 92' lang='lat' dir='ltr'><strong>quod</strong></span> <span class='ocrx_word' id='word_1_175' title='bbox 3120 901 3191 955; x_wconf 90' lang='lat' dir='ltr'><strong>sit</strong></span> <span class='ocrx_word' id='word_1_176' title='bbox 3240 901 3511 972; x_wconf 87' lang='lat' dir='ltr'><strong>propheta</strong></span> <span class='ocrx_word' id='word_1_177' title='bbox 3538 943 3550 966; x_wconf 91' lang='lat'><strong>,</strong></span> <span class='ocrx_word' id='word_1_178' title='bbox 3602 913 3658 957; x_wconf 86' lang='lat' dir='ltr'><strong>et</strong></span> 
     </span>
    </p>
   </div>
   <div class='ocr_carea' id='block_1_24' title="bbox 2047 992 3655 1063">
    <p class='ocr_par' dir='ltr' id='par_1_24' title="bbox 2047 992 3655 1063">
     <span class='ocr_line' id='line_1_24' title="bbox 2047 992 3655 1063; baseline 0.001 -18"><span class='ocrx_word' id='word_1_179' title='bbox 2047 992 2191 1063; x_wconf 88' lang='lat' dir='ltr'><strong>quod</strong></span> <span class='ocrx_word' id='word_1_180' title='bbox 2225 1007 2331 1046; x_wconf 92' lang='lat' dir='ltr'><strong>non</strong></span> <span class='ocrx_word' id='word_1_181' title='bbox 2366 992 2861 1048; x_wconf 75' lang='lat' dir='ltr'><strong>excedatnostram</strong></span> <span class='ocrx_word' id='word_1_182' title='bbox 2919 992 3325 1057; x_wconf 82' lang='lat' dir='ltr'><strong>conditionem,</strong></span> <span class='ocrx_word' id='word_1_183' title='bbox 3377 993 3655 1049; x_wconf 82' lang='lat' dir='ltr'><strong>humilitas</strong></span> 
     </span>
    </p>
   </div>
   <div class='ocr_carea' id='block_1_25' title="bbox 2046 1081 3656 1151">
    <p class='ocr_par' dir='ltr' id='par_1_25' title="bbox 2046 1081 3656 1151">
     <span class='ocr_line' id='line_1_25' title="bbox 2046 1081 3656 1151; baseline 0 -12"><span class='ocrx_word' id='word_1_184' title='bbox 2046 1081 2165 1151; x_wconf 85' lang='lat' dir='ltr'><strong>ejus</strong></span> <span class='ocrx_word' id='word_1_185' title='bbox 2190 1083 2475 1149; x_wconf 80' lang='lat' dir='ltr'><strong>consistat,</strong></span> <span class='ocrx_word' id='word_1_186' title='bbox 2515 1084 2734 1139; x_wconf 84' lang='lat' dir='ltr'><strong>tametsi</strong></span> <span class='ocrx_word' id='word_1_187' title='bbox 2789 1083 2843 1139; x_wconf 82' lang='lat' dir='ltr'><strong>id</strong></span> <span class='ocrx_word' id='word_1_188' title='bbox 2885 1085 2955 1139; x_wconf 90' lang='lat' dir='ltr'><strong>ab</strong></span> <span class='ocrx_word' id='word_1_189' title='bbox 3011 1084 3173 1139; x_wconf 92' lang='lat' dir='ltr'><strong>initio</strong></span> <span class='ocrx_word' id='word_1_190' title='bbox 3220 1084 3501 1141; x_wconf 80' lang='lat' dir='ltr'><strong>exstitisse</strong></span> <span class='ocrx_word' id='word_1_191' title='bbox 3525 1100 3656 1141; x_wconf 80' lang='lat' dir='ltr'><strong>cen-</strong></span> 
     </span>
    </p>
   </div>
   <div class='ocr_carea' id='block_1_26' title="bbox 2046 1176 3645 1250">
    <p class='ocr_par' dir='ltr' id='par_1_26' title="bbox 2046 1176 3645 1250">
     <span class='ocr_line' id='line_1_26' title="bbox 2046 1176 3645 1250; baseline 0 -17"><span class='ocrx_word' id='word_1_192' title='bbox 2046 1186 2255 1243; x_wconf 84' lang='lat' dir='ltr'><strong>scatur,</strong></span> <span class='ocrx_word' id='word_1_193' title='bbox 2279 1177 2419 1233; x_wconf 88' lang='lat' dir='ltr'><strong>sicut</strong></span> <span class='ocrx_word' id='word_1_194' title='bbox 2449 1188 2504 1233; x_wconf 86' lang='lat' dir='ltr'><strong>et</strong></span> <span class='ocrx_word' id='word_1_195' title='bbox 2526 1177 2745 1233; x_wconf 89' lang='lat' dir='ltr'><strong>divinus</strong></span> <span class='ocrx_word' id='word_1_196' title='bbox 2780 1176 3043 1248; x_wconf 78' lang='lat' dir='ltr'><strong>Baptista,</strong></span> <span class='ocrx_word' id='word_1_197' title='bbox 3067 1179 3257 1250; x_wconf 88' lang='lat' dir='ltr'><strong>dequo</strong></span> <span class='ocrx_word' id='word_1_198' title='bbox 3286 1178 3421 1235; x_wconf 86' lang='lat' dir='ltr'><strong>dicit</strong></span> <span class='ocrx_word' id='word_1_199' title='bbox 3452 1178 3645 1235; x_wconf 81' lang='lat' dir='ltr'><strong>beatus</strong></span> 
     </span>
    </p>
   </div>
   <div class='ocr_carea' id='block_1_27' title="bbox 2049 1269 3652 1342">
    <p class='ocr_par' dir='ltr' id='par_1_27' title="bbox 2049 1269 3652 1342">
     <span class='ocr_line' id='line_1_27' title="bbox 2049 1269 3652 1342; baseline 0.001 -17"><span class='ocrx_word' id='word_1_200' title='bbox 2049 1269 2309 1342; x_wconf 81' lang='lat' dir='ltr'><strong>angelus:</strong></span> <span class='ocrx_word' id='word_1_201' title='bbox 2348 1290 2367 1324; x_wconf 77' lang='grc' dir='ltr'><strong>ι</strong></span> <span class='ocrx_word' id='word_1_202' title='bbox 2398 1270 2468 1326; x_wconf 87' lang='grc' dir='ltr'><strong>Ει.</strong></span> <span class='ocrx_word' id='word_1_203' title='bbox 2522 1269 2731 1340; x_wconf 82' lang='lat' dir='ltr'><strong>Spiritu</strong></span> <span class='ocrx_word' id='word_1_204' title='bbox 2774 1280 2965 1327; x_wconf 85' lang='lat' dir='ltr'><strong>sancto</strong></span> <span class='ocrx_word' id='word_1_205' title='bbox 3025 1270 3326 1340; x_wconf 86' lang='lat' dir='ltr'><strong>replebitur</strong></span> <span class='ocrx_word' id='word_1_206' title='bbox 3380 1271 3559 1326; x_wconf 88' lang='lat' dir='ltr'><strong>adhuc</strong></span> <span class='ocrx_word' id='word_1_207' title='bbox 3598 1270 3652 1326; x_wconf 91' lang='lat' dir='ltr'><strong>in</strong></span> 
     </span>
    </p>
   </div>
   <div class='ocr_carea' id='block_1_28' title="bbox 2048 1363 3641 1435">
    <p class='ocr_par' dir='ltr' id='par_1_28' title="bbox 2048 1363 3641 1435">
     <span class='ocr_line' id='line_1_28' title="bbox 2048 1363 3641 1435; baseline 0.001 -18"><span class='ocrx_word' id='word_1_208' title='bbox 2048 1372 2205 1418; x_wconf 83' lang='lat' dir='ltr'><strong>utero</strong></span> <span class='ocrx_word' id='word_1_209' title='bbox 2236 1365 2427 1419; x_wconf 79' lang='lat' dir='ltr'><strong>matris</strong></span> <span class='ocrx_word' id='word_1_210' title='bbox 2453 1379 2564 1418; x_wconf 70' lang='lat' dir='ltr'><strong>sua:</strong></span> <span class='ocrx_word' id='word_1_211' title='bbox 2600 1364 2667 1417; x_wconf 84' lang='lat'><strong>&quot;.</strong></span> <span class='ocrx_word' id='word_1_212' title='bbox 2718 1382 2738 1417; x_wconf 73' lang='grc' dir='ltr'><strong>ι</strong></span> <span class='ocrx_word' id='word_1_213' title='bbox 2766 1363 2971 1419; x_wconf 85' lang='lat' dir='ltr'><strong>Deinde</strong></span> <span class='ocrx_word' id='word_1_214' title='bbox 2995 1364 3273 1435; x_wconf 82' lang='lat' dir='ltr'><strong>quomodo</strong></span> <span class='ocrx_word' id='word_1_215' title='bbox 3306 1363 3394 1418; x_wconf 88' lang='lat' dir='ltr'><strong>hic</strong></span> <span class='ocrx_word' id='word_1_216' title='bbox 3415 1363 3641 1433; x_wconf 84' lang='lat' dir='ltr'><strong>quidem</strong></span> 
     </span>
    </p>
   </div>
   <div class='ocr_carea' id='block_1_29' title="bbox 2047 1438 3652 1524">
    <p class='ocr_par' dir='ltr' id='par_1_29' title="bbox 2047 1438 3652 1524">
     <span class='ocr_line' id='line_1_29' title="bbox 2047 1438 3652 1524; baseline 0.001 -18"><span class='ocrx_word' id='word_1_217' title='bbox 2047 1461 2404 1520; x_wconf 86' lang='lat' dir='ltr'><strong>eratservus,</strong></span> <span class='ocrx_word' id='word_1_218' title='bbox 2438 1452 2527 1509; x_wconf 89' lang='lat' dir='ltr'><strong>ille</strong></span> <span class='ocrx_word' id='word_1_219' title='bbox 2554 1468 2683 1509; x_wconf 77' lang='lat' dir='ltr'><strong>vero</strong></span> <span class='ocrx_word' id='word_1_220' title='bbox 2730 1452 3013 1508; x_wconf 86' lang='lat' dir='ltr'><strong>Dominica</strong></span> <span class='ocrx_word' id='word_1_221' title='bbox 3056 1438 3324 1524; x_wconf 71' lang='lat' dir='ltr'><strong>dignitate</strong></span> <span class='ocrx_word' id='word_1_222' title='bbox 3382 1452 3652 1508; x_wconf 78' lang='lat' dir='ltr'><strong>illustris?</strong></span> 
     </span>
    </p>
   </div>
   <div class='ocr_carea' id='block_1_30' title="bbox 2046 1543 3651 1617">
    <p class='ocr_par' dir='ltr' id='par_1_30' title="bbox 2046 1543 3651 1617">
     <span class='ocr_line' id='line_1_30' title="bbox 2046 1543 3651 1617; baseline 0.001 -18"><span class='ocrx_word' id='word_1_223' title='bbox 2046 1543 2125 1600; x_wconf 86' lang='lat' dir='ltr'><strong>Ac</strong></span> <span class='ocrx_word' id='word_1_224' title='bbox 2156 1545 2221 1599; x_wconf 93' lang='lat' dir='ltr'><strong>de</strong></span> <span class='ocrx_word' id='word_1_225' title='bbox 2244 1545 2425 1615; x_wconf 88' lang='lat' dir='ltr'><strong>seipse</strong></span> <span class='ocrx_word' id='word_1_226' title='bbox 2455 1545 2648 1601; x_wconf 87' lang='lat' dir='ltr'><strong>beatus</strong></span> <span class='ocrx_word' id='word_1_227' title='bbox 2686 1544 2927 1602; x_wconf 81' lang='lat' dir='ltr'><strong>Joannes</strong></span> <span class='ocrx_word' id='word_1_228' title='bbox 2954 1546 3028 1600; x_wconf 84' lang='lat' dir='ltr'><strong>ita</strong></span> <span class='ocrx_word' id='word_1_229' title='bbox 3054 1546 3175 1617; x_wconf 72' lang='lat' dir='ltr'><strong>ait;</strong></span> <span class='ocrx_word' id='word_1_230' title='bbox 3210 1563 3231 1597; x_wconf 74' lang='grc' dir='ltr'><strong>ι</strong></span> <span class='ocrx_word' id='word_1_231' title='bbox 3267 1546 3370 1615; x_wconf 77' lang='lat' dir='ltr'><strong>Qui</strong></span> <span class='ocrx_word' id='word_1_232' title='bbox 3402 1562 3469 1601; x_wconf 81' lang='lat' dir='ltr'><strong>ex</strong></span> <span class='ocrx_word' id='word_1_233' title='bbox 3502 1557 3651 1602; x_wconf 84' lang='lat' dir='ltr'><strong>terra</strong></span> 
     </span>
    </p>
   </div>
   <div class='ocr_carea' id='block_1_31' title="bbox 2047 1638 3649 1710">
    <p class='ocr_par' dir='ltr' id='par_1_31' title="bbox 2047 1638 3649 1710">
     <span class='ocr_line' id='line_1_31' title="bbox 2047 1638 3649 1710; baseline 0.002 -17"><span class='ocrx_word' id='word_1_234' title='bbox 2047 1646 2151 1702; x_wconf 81' lang='lat' dir='ltr'><strong>est,</strong></span> <span class='ocrx_word' id='word_1_235' title='bbox 2192 1646 2407 1693; x_wconf 86' lang='lat' dir='ltr'><strong>terrena</strong></span> <span class='ocrx_word' id='word_1_236' title='bbox 2440 1638 2708 1710; x_wconf 88' lang='lat' dir='ltr'><strong>loquitur;</strong></span> <span class='ocrx_word' id='word_1_237' title='bbox 2743 1657 2763 1693; x_wconf 72' lang='grc' dir='ltr'><strong>ι</strong></span> <span class='ocrx_word' id='word_1_238' title='bbox 2794 1639 2863 1696; x_wconf 87' lang='lat' dir='ltr'><strong>de</strong></span> <span class='ocrx_word' id='word_1_239' title='bbox 2887 1639 3244 1696; x_wconf 83' lang='lat' dir='ltr'><strong>Emmanuele</strong></span> <span class='ocrx_word' id='word_1_240' title='bbox 3277 1654 3410 1696; x_wconf 80' lang='lat' dir='ltr'><strong>vero</strong></span> <span class='ocrx_word' id='word_1_241' title='bbox 3441 1657 3455 1696; x_wconf 88' lang='lat'><strong>:</strong></span> <span class='ocrx_word' id='word_1_242' title='bbox 3495 1658 3514 1694; x_wconf 79' lang='grc' dir='ltr'><strong>ι</strong></span> <span class='ocrx_word' id='word_1_243' title='bbox 3542 1640 3649 1709; x_wconf 86' lang='lat' dir='ltr'><strong>Qui</strong></span> 
     </span>
    </p>
   </div>
   <div class='ocr_carea' id='block_1_32' title="bbox 2047 1732 3264 1802">
    <p class='ocr_par' dir='ltr' id='par_1_32' title="bbox 2047 1732 3264 1802">
     <span class='ocr_line' id='line_1_32' title="bbox 2047 1732 3264 1802; baseline 0 -16"><span class='ocrx_word' id='word_1_244' title='bbox 2047 1744 2079 1786; x_wconf 86' lang='lat' dir='ltr'><strong>e</strong></span> <span class='ocrx_word' id='word_1_245' title='bbox 2103 1732 2354 1802; x_wconf 80' lang='lat' dir='ltr'><strong>supernis</strong></span> <span class='ocrx_word' id='word_1_246' title='bbox 2377 1732 2544 1797; x_wconf 83' lang='lat' dir='ltr'><strong>venit,</strong></span> <span class='ocrx_word' id='word_1_247' title='bbox 2583 1749 2748 1802; x_wconf 79' lang='lat' dir='ltr'><strong>supra</strong></span> <span class='ocrx_word' id='word_1_248' title='bbox 2786 1748 2979 1790; x_wconf 85' lang='lat' dir='ltr'><strong>omnes</strong></span> <span class='ocrx_word' id='word_1_249' title='bbox 3009 1743 3095 1790; x_wconf 87' lang='lat' dir='ltr'><strong>est</strong></span> <span class='ocrx_word' id='word_1_250' title='bbox 3134 1734 3201 1787; x_wconf 85' lang='lat'><strong>&quot;.</strong></span> <span class='ocrx_word' id='word_1_251' title='bbox 3245 1753 3264 1786; x_wconf 73' lang='grc' dir='ltr'><strong>ι</strong></span> 
     </span>
    </p>
   </div>
   <div class='ocr_carea' id='block_1_33' title="bbox 423 1895 1947 1997">
    <p class='ocr_par' dir='ltr' id='par_1_33' title="bbox 423 1895 1943 1997">
     <span class='ocr_line' id='line_1_33' title="bbox 423 1895 1943 1997; baseline 0 -19"><span class='ocrx_word' id='word_1_252' title='bbox 423 1923 484 1978; x_wconf 85' lang='grc' dir='ltr'><strong>Β.</strong></span> <span class='ocrx_word' id='word_1_253' title='bbox 516 1923 706 1978; x_wconf 79' lang='grc' dir='ltr'>Καίτοι</span> <span class='ocrx_word' id='word_1_254' title='bbox 918 1895 1174 1990; x_wconf 14' lang='grc' dir='ltr'>ἂνήίσως,</span> <span class='ocrx_word' id='word_1_255' title='bbox 1203 1924 1411 1978; x_wconf 76' lang='grc' dir='ltr'>ἄνωθέν</span> <span class='ocrx_word' id='word_1_256' title='bbox 1439 1942 1499 1978; x_wconf 90' lang='grc' dir='ltr'><strong>τε</strong></span> <span class='ocrx_word' id='word_1_257' title='bbox 1528 1921 1692 1991; x_wconf 80' lang='grc' dir='ltr'>εἶναι,</span> <span class='ocrx_word' id='word_1_258' title='bbox 1715 1926 1811 1979; x_wconf 73' lang='grc' dir='ltr'>καὶ</span> <span class='ocrx_word' id='word_1_259' title='bbox 1837 1925 1943 1997; x_wconf 74' lang='grc' dir='ltr'>μὴν</span> 
     </span>
    </p>
   </div>
   <div class='ocr_carea' id='block_1_34' title="bbox 2054 1895 3653 1997">
    <p class='ocr_par' dir='ltr' id='par_1_34' title="bbox 2120 1906 3653 1984">
     <span class='ocr_line' id='line_1_34' title="bbox 2120 1906 3653 1984; baseline 0.007 -23"><span class='ocrx_word' id='word_1_260' title='bbox 2120 1906 2180 1962; x_wconf 85' lang='grc' dir='ltr'><strong>Β.</strong></span> <span class='ocrx_word' id='word_1_261' title='bbox 2214 1907 2379 1980; x_wconf 82' lang='lat' dir='ltr'><strong>Atqui</strong></span> <span class='ocrx_word' id='word_1_262' title='bbox 2441 1910 2680 1967; x_wconf 76' lang='lat' dir='ltr'><strong>dixerint</strong></span> <span class='ocrx_word' id='word_1_263' title='bbox 2726 1910 2963 1968; x_wconf 83' lang='lat' dir='ltr'><strong>fortasse</strong></span> <span class='ocrx_word' id='word_1_264' title='bbox 3013 1926 3047 1969; x_wconf 82' lang='grc' dir='ltr'><strong>ο</strong></span> <span class='ocrx_word' id='word_1_265' title='bbox 3082 1914 3357 1984; x_wconf 84' lang='lat' dir='ltr'><strong>supernis,</strong></span> <span class='ocrx_word' id='word_1_266' title='bbox 3387 1923 3445 1971; x_wconf 85' lang='lat' dir='ltr'><strong>et</strong></span> <span class='ocrx_word' id='word_1_267' title='bbox 3488 1930 3653 1984; x_wconf 80' lang='lat' dir='ltr'><strong>supra</strong></span> 
     </span>
    </p>
   </div>
   <div class='ocr_carea' id='block_1_35' title="bbox 352 2014 1945 2088">
    <p class='ocr_par' dir='ltr' id='par_1_35' title="bbox 352 2014 1945 2088">
     <span class='ocr_line' id='line_1_35' title="bbox 352 2014 1945 2088; baseline 0.002 -20"><span class='ocrx_word' id='word_1_268' title='bbox 352 2016 448 2070; x_wconf 74' lang='grc' dir='ltr'>καὶ</span> <span class='ocrx_word' id='word_1_269' title='bbox 492 2014 680 2068; x_wconf 75' lang='grc' dir='ltr'>ἐπάνω</span> <span class='ocrx_word' id='word_1_270' title='bbox 712 2014 953 2078; x_wconf 82' lang='grc' dir='ltr'>πάντων,</span> <span class='ocrx_word' id='word_1_271' title='bbox 988 2014 1081 2067; x_wconf 77' lang='grc' dir='ltr'>τὸν</span> <span class='ocrx_word' id='word_1_272' title='bbox 1131 2017 1198 2068; x_wconf 83' lang='grc' dir='ltr'>ἐκ</span> <span class='ocrx_word' id='word_1_273' title='bbox 1238 2014 1376 2069; x_wconf 82' lang='grc' dir='ltr'>Θεοῦ</span> <span class='ocrx_word' id='word_1_274' title='bbox 1418 2016 1631 2087; x_wconf 68' lang='grc' dir='ltr'>Πατρδς</span> <span class='ocrx_word' id='word_1_275' title='bbox 1662 2018 1945 2088; x_wconf 76' lang='grc' dir='ltr'>πεφηνότα</span> 
     </span>
    </p>
   </div>
   <div class='ocr_carea' id='block_1_36' title="bbox 353 2106 1941 2180">
    <p class='ocr_par' dir='ltr' id='par_1_36' title="bbox 353 2106 1941 2180">
     <span class='ocr_line' id='line_1_36' title="bbox 353 2106 1941 2180; baseline 0.002 -19"><span class='ocrx_word' id='word_1_276' title='bbox 353 2108 561 2173; x_wconf 82' lang='grc' dir='ltr'>Λόγον,</span> <span class='ocrx_word' id='word_1_277' title='bbox 603 2106 806 2161; x_wconf 89' lang='grc' dir='ltr'>δεδίασι</span> <span class='ocrx_word' id='word_1_278' title='bbox 854 2106 910 2159; x_wconf 83' lang='grc' dir='ltr'>δὲ</span> <span class='ocrx_word' id='word_1_279' title='bbox 948 2108 1276 2178; x_wconf 75' lang='grc' dir='ltr'>προσνέμειν</span> <span class='ocrx_word' id='word_1_280' title='bbox 1315 2107 1466 2179; x_wconf 77' lang='grc' dir='ltr'><strong>αὑτῷ</strong></span> <span class='ocrx_word' id='word_1_281' title='bbox 1502 2109 1571 2162; x_wconf 78' lang='grc' dir='ltr'><strong>τά</strong></span> <span class='ocrx_word' id='word_1_282' title='bbox 1604 2108 1941 2180; x_wconf 86' lang='grc' dir='ltr'>ἀνθρώπινα,</span> 
     </span>
    </p>
   </div>
   <div class='ocr_carea' id='block_1_37' title="bbox 355 2199 1946 2275">
    <p class='ocr_par' dir='ltr' id='par_1_37' title="bbox 355 2199 1946 2275">
     <span class='ocr_line' id='line_1_37' title="bbox 355 2199 1946 2275; baseline 0.003 -22"><span class='ocrx_word' id='word_1_283' title='bbox 355 2199 432 2272; x_wconf 79' lang='grc' dir='ltr'>μὴ</span> <span class='ocrx_word' id='word_1_284' title='bbox 458 2200 566 2270; x_wconf 73' lang='grc' dir='ltr'>ἄρα</span> <span class='ocrx_word' id='word_1_285' title='bbox 600 2216 719 2261; x_wconf 88' lang='grc' dir='ltr'><strong>πως</strong></span> <span class='ocrx_word' id='word_1_286' title='bbox 764 2199 1003 2253; x_wconf 75' lang='grc' dir='ltr'>ἀδικοῖτο</span> <span class='ocrx_word' id='word_1_287' title='bbox 1042 2199 1112 2252; x_wconf 77' lang='grc' dir='ltr'>δι’</span> <span class='ocrx_word' id='word_1_288' title='bbox 1148 2199 1352 2265; x_wconf 81' lang='grc' dir='ltr'>αὐτῶν,</span> <span class='ocrx_word' id='word_1_289' title='bbox 1394 2202 1489 2255; x_wconf 80' lang='grc' dir='ltr'>καὶ</span> <span class='ocrx_word' id='word_1_290' title='bbox 1519 2201 1946 2275; x_wconf 82' lang='grc' dir='ltr'>κατακομίζοιτο</span> 
     </span>
    </p>
   </div>
   <div class='ocr_carea' id='block_1_38' title="bbox 353 2289 1945 2365">
    <p class='ocr_par' dir='ltr' id='par_1_38' title="bbox 353 2289 1945 2365">
     <span class='ocr_line' id='line_1_38' title="bbox 353 2289 1945 2365; baseline 0.001 -18"><span class='ocrx_word' id='word_1_291' title='bbox 353 2292 491 2364; x_wconf 82' lang='grc' dir='ltr'>πρὸς</span> <span class='ocrx_word' id='word_1_292' title='bbox 536 2290 599 2343; x_wconf 75' lang='grc' dir='ltr'>τὸ</span> <span class='ocrx_word' id='word_1_293' title='bbox 641 2289 919 2353; x_wconf 80' lang='grc' dir='ltr'>δυσκλεές.</span> <span class='ocrx_word' id='word_1_294' title='bbox 970 2291 1156 2365; x_wconf 68' lang='grc' dir='ltr'>Ταύτῃ</span> <span class='ocrx_word' id='word_1_295' title='bbox 1205 2310 1288 2346; x_wconf 89' lang='grc' dir='ltr'><strong>τοι</strong></span> <span class='ocrx_word' id='word_1_296' title='bbox 1333 2292 1692 2347; x_wconf 86' lang='grc' dir='ltr'>διατείνονται</span> <span class='ocrx_word' id='word_1_297' title='bbox 1754 2294 1945 2350; x_wconf 88' lang='grc' dir='ltr'>λαϐεῖν</span> 
     </span>
    </p>
   </div>
   <div class='ocr_carea' id='block_1_39' title="bbox 352 2382 1944 2458">
    <p class='ocr_par' dir='ltr' id='par_1_39' title="bbox 352 2382 1944 2458">
     <span class='ocr_line' id='line_1_39' title="bbox 352 2382 1944 2458; baseline 0.004 -21"><span class='ocrx_word' id='word_1_298' title='bbox 352 2383 518 2438; x_wconf 78' lang='grc' dir='ltr'>αὐτὸν</span> <span class='ocrx_word' id='word_1_299' title='bbox 550 2382 837 2453; x_wconf 81' lang='grc' dir='ltr'>ἄνθρωπον</span> <span class='ocrx_word' id='word_1_300' title='bbox 857 2423 871 2448; x_wconf 96' lang='grc'><strong>,</strong></span> <span class='ocrx_word' id='word_1_301' title='bbox 906 2384 1084 2455; x_wconf 78' lang='grc' dir='ltr'>ἑαυτῷ</span> <span class='ocrx_word' id='word_1_302' title='bbox 1115 2401 1175 2438; x_wconf 87' lang='grc' dir='ltr'><strong>τε</strong></span> <span class='ocrx_word' id='word_1_303' title='bbox 1208 2384 1399 2439; x_wconf 81' lang='grc' dir='ltr'>τοῦτον</span> <span class='ocrx_word' id='word_1_304' title='bbox 1430 2385 1699 2457; x_wconf 70' lang='grc' dir='ltr'>συνάψαι,</span> <span class='ocrx_word' id='word_1_305' title='bbox 1732 2390 1861 2458; x_wconf 70' lang='grc' dir='ltr'>περὶ</span> <span class='ocrx_word' id='word_1_306' title='bbox 1885 2389 1944 2443; x_wconf 86' lang='grc' dir='ltr'>ὃν</span> 
     </span>
    </p>
   </div>
   <div class='ocr_carea' id='block_1_40' title="bbox 354 2474 1947 2548">
    <p class='ocr_par' dir='ltr' id='par_1_40' title="bbox 354 2474 1947 2548">
     <span class='ocr_line' id='line_1_40' title="bbox 354 2474 1947 2548; baseline 0.004 -19"><span class='ocrx_word' id='word_1_307' title='bbox 354 2474 424 2529; x_wconf 80' lang='grc' dir='ltr'>ἂν</span> <span class='ocrx_word' id='word_1_308' title='bbox 449 2475 663 2545; x_wconf 82' lang='grc' dir='ltr'>γένοιτό</span> <span class='ocrx_word' id='word_1_309' title='bbox 694 2492 753 2528; x_wconf 90' lang='grc' dir='ltr'><strong>τε</strong></span> <span class='ocrx_word' id='word_1_310' title='bbox 800 2475 895 2528; x_wconf 62' lang='grc' dir='ltr'><strong>καὶ¹</strong></span> <span class='ocrx_word' id='word_1_311' title='bbox 937 2475 1148 2545; x_wconf 78' lang='grc' dir='ltr'>λέγοιτο</span> <span class='ocrx_word' id='word_1_312' title='bbox 1175 2476 1246 2530; x_wconf 79' lang='grc' dir='ltr'><strong>τά</strong></span> <span class='ocrx_word' id='word_1_313' title='bbox 1274 2476 1611 2548; x_wconf 81' lang='grc' dir='ltr'>ἀνθρώπινα.</span> <span class='ocrx_word' id='word_1_314' title='bbox 1652 2480 1849 2534; x_wconf 84' lang='grc' dir='ltr'>Ἔσται</span> <span class='ocrx_word' id='word_1_315' title='bbox 1888 2482 1947 2536; x_wconf 75' lang='grc' dir='ltr'>δὲ</span> 
     </span>
    </p>
   </div>
   <div class='ocr_carea' id='block_1_41' title="bbox 352 2566 1945 2641">
    <p class='ocr_par' dir='ltr' id='par_1_41' title="bbox 352 2566 1945 2641">
     <span class='ocr_line' id='line_1_41' title="bbox 352 2566 1945 2641; baseline 0.003 -20"><span class='ocrx_word' id='word_1_316' title='bbox 352 2567 491 2631; x_wconf 82' lang='grc' dir='ltr'>ὅλως</span> <span class='ocrx_word' id='word_1_317' title='bbox 531 2568 611 2631; x_wconf 86' lang='grc' dir='ltr'><strong>είς</strong></span> <span class='ocrx_word' id='word_1_318' title='bbox 652 2566 751 2639; x_wconf 75' lang='grc' dir='ltr'>τὴν</span> <span class='ocrx_word' id='word_1_319' title='bbox 798 2568 964 2623; x_wconf 78' lang='grc' dir='ltr'>αὑτοῦ</span> <span class='ocrx_word' id='word_1_320' title='bbox 1015 2567 1111 2623; x_wconf 86' lang='grc' dir='ltr'><strong>τοῦ</strong></span> <span class='ocrx_word' id='word_1_321' title='bbox 1154 2568 1331 2637; x_wconf 89' lang='grc' dir='ltr'>Λόγου</span> <span class='ocrx_word' id='word_1_322' title='bbox 1388 2568 1581 2639; x_wconf 83' lang='grc' dir='ltr'>φύσιν,</span> <span class='ocrx_word' id='word_1_323' title='bbox 1636 2569 1699 2624; x_wconf 79' lang='grc' dir='ltr'>τὸ</span> <span class='ocrx_word' id='word_1_324' title='bbox 1747 2570 1945 2641; x_wconf 82' lang='grc' dir='ltr'>βλάϐος</span> 
     </span>
    </p>
   </div>
   <div class='ocr_carea' id='block_1_42' title="bbox 352 2658 530 2712">
    <p class='ocr_par' dir='ltr' id='par_1_42' title="bbox 352 2658 530 2712">
     <span class='ocr_line' id='line_1_42' title="bbox 352 2658 530 2712; baseline -0.011 0"><span class='ocrx_word' id='word_1_325' title='bbox 352 2658 530 2712; x_wconf 69' lang='grc' dir='ltr'>οὐδέν.</span> 
     </span>
    </p>
   </div>
   <div class='ocr_carea' id='block_1_43' title="bbox 426 2746 1945 2820">
    <p class='ocr_par' dir='ltr' id='par_1_43' title="bbox 426 2746 1945 2820">
     <span class='ocr_line' id='line_1_43' title="bbox 426 2746 1945 2820; baseline 0.003 -18"><span class='ocrx_word' id='word_1_326' title='bbox 426 2750 490 2802; x_wconf 80' lang='grc' dir='ltr'><strong>Α.</strong></span> <span class='ocrx_word' id='word_1_327' title='bbox 531 2746 762 2813; x_wconf 83' lang='grc' dir='ltr'>Οὐκοῦν,</span> <span class='ocrx_word' id='word_1_328' title='bbox 812 2748 998 2819; x_wconf 71' lang='grc' dir='ltr'>ἔτερος</span> <span class='ocrx_word' id='word_1_329' title='bbox 1035 2750 1132 2820; x_wconf 79' lang='grc' dir='ltr'>μὲν</span> <span class='ocrx_word' id='word_1_330' title='bbox 1178 2749 1633 2820; x_wconf 72' lang='grc' dir='ltr'>ὁμολογουμένως</span> <span class='ocrx_word' id='word_1_331' title='bbox 1677 2752 1837 2805; x_wconf 78' lang='grc' dir='ltr'>νοοῖτ“</span> <span class='ocrx_word' id='word_1_332' title='bbox 1879 2753 1945 2806; x_wconf 80' lang='grc' dir='ltr'>ἂν</span> 
     </span>
    </p>
   </div>
   <div class='ocr_carea' id='block_1_44' title="bbox 354 2840 1947 2913">
    <p class='ocr_par' dir='ltr' id='par_1_44' title="bbox 354 2840 1947 2913">
     <span class='ocr_line' id='line_1_44' title="bbox 354 2840 1947 2913; baseline -0.001 -15"><span class='ocrx_word' id='word_1_333' title='bbox 354 2842 452 2898; x_wconf 73' lang='grc' dir='ltr'>καὶ</span> <span class='ocrx_word' id='word_1_334' title='bbox 484 2842 692 2910; x_wconf 76' lang='grc' dir='ltr'>λέγοιτο</span> <span class='ocrx_word' id='word_1_335' title='bbox 746 2844 875 2913; x_wconf 79' lang='grc' dir='ltr'>παρ’</span> <span class='ocrx_word' id='word_1_336' title='bbox 923 2842 1108 2906; x_wconf 71' lang='grc' dir='ltr'>αὑτὸν,</span> <span class='ocrx_word' id='word_1_337' title='bbox 1151 2842 1180 2895; x_wconf 90' lang='lat'><strong>6</strong></span> <span class='ocrx_word' id='word_1_338' title='bbox 1227 2841 1492 2911; x_wconf 77' lang='grc' dir='ltr'>ληφθείςο</span> <span class='ocrx_word' id='word_1_339' title='bbox 1528 2840 1666 2912; x_wconf 76' lang='grc' dir='ltr'>πλὴν</span> <span class='ocrx_word' id='word_1_340' title='bbox 1713 2844 1774 2895; x_wconf 70' lang='grc' dir='ltr'>οὐ</span> <span class='ocrx_word' id='word_1_341' title='bbox 1828 2846 1947 2907; x_wconf 82' lang='grc' dir='ltr'>ταῖς</span> 
     </span>
    </p>
   </div>
   <div class='ocr_carea' id='block_1_45' title="bbox 357 2929 1945 3002">
    <p class='ocr_par' dir='ltr' id='par_1_45' title="bbox 357 2929 1945 3002">
     <span class='ocr_line' id='line_1_45' title="bbox 357 2929 1945 3002; baseline 0 -16"><span class='ocrx_word' id='word_1_342' title='bbox 357 2932 583 2986; x_wconf 69' lang='grc' dir='ltr'>ἐκείνων</span> <span class='ocrx_word' id='word_1_343' title='bbox 608 2931 961 3001; x_wconf 77' lang='grc' dir='ltr'>ἁϐελτηρίαις</span> <span class='ocrx_word' id='word_1_344' title='bbox 1007 2930 1270 3002; x_wconf 73' lang='grc' dir='ltr'>ἑψόμεθα,</span> <span class='ocrx_word' id='word_1_345' title='bbox 1296 2929 1420 2983; x_wconf 72' lang='grc' dir='ltr'>οὕτε</span> <span class='ocrx_word' id='word_1_346' title='bbox 1459 2931 1565 3002; x_wconf 73' lang='grc' dir='ltr'><strong>μὴν</strong></span> <span class='ocrx_word' id='word_1_347' title='bbox 1593 2932 1815 3001; x_wconf 69' lang='grc' dir='ltr'>ὁριστὰς</span> <span class='ocrx_word' id='word_1_348' title='bbox 1844 2934 1945 2986; x_wconf 78' lang='grc' dir='ltr'><strong>αὑ-</strong></span> 
     </span>
    </p>
   </div>
   <div class='ocr_carea' id='block_1_46' title="bbox 356 3022 1944 3095">
    <p class='ocr_par' dir='ltr' id='par_1_46' title="bbox 356 3022 1944 3095">
     <span class='ocr_line' id='line_1_46' title="bbox 356 3022 1944 3095; baseline 0.003 -18"><span class='ocrx_word' id='word_1_349' title='bbox 356 3026 483 3090; x_wconf 79' lang='grc' dir='ltr'>τοὺς</span> <span class='ocrx_word' id='word_1_350' title='bbox 530 3024 625 3079; x_wconf 75' lang='grc' dir='ltr'>καὶ</span> <span class='ocrx_word' id='word_1_351' title='bbox 659 3024 1016 3095; x_wconf 82' lang='grc' dir='ltr'>καινοτόμους</span> <span class='ocrx_word' id='word_1_352' title='bbox 1055 3022 1154 3093; x_wconf 79' lang='grc' dir='ltr'>τῆς</span> <span class='ocrx_word' id='word_1_353' title='bbox 1198 3023 1409 3076; x_wconf 78' lang='grc' dir='ltr'>ἑαυτῶν</span> <span class='ocrx_word' id='word_1_354' title='bbox 1459 3026 1801 3095; x_wconf 74' lang='grc' dir='ltr'>ποιησόμεθα</span> <span class='ocrx_word' id='word_1_355' title='bbox 1850 3027 1944 3081; x_wconf 86' lang='grc' dir='ltr'>πί-</span> 
     </span>
    </p>
   </div>
   <div class='ocr_carea' id='block_1_47' title="bbox 359 3116 1947 3189">
    <p class='ocr_par' dir='ltr' id='par_1_47' title="bbox 359 3116 1947 3189">
     <span class='ocr_line' id='line_1_47' title="bbox 359 3116 1947 3189; baseline 0.001 -18"><span class='ocrx_word' id='word_1_356' title='bbox 359 3134 552 3182; x_wconf 80' lang='grc' dir='ltr'>στεως,</span> <span class='ocrx_word' id='word_1_357' title='bbox 586 3116 683 3187; x_wconf 75' lang='grc' dir='ltr'>τὴν</span> <span class='ocrx_word' id='word_1_358' title='bbox 712 3116 862 3188; x_wconf 80' lang='grc' dir='ltr'>ίερὰν</span> <span class='ocrx_word' id='word_1_359' title='bbox 895 3116 1161 3185; x_wconf 79' lang='grc' dir='ltr'>παρέντες</span> <span class='ocrx_word' id='word_1_360' title='bbox 1196 3116 1449 3187; x_wconf 77' lang='grc' dir='ltr'>Γραφὴν,</span> <span class='ocrx_word' id='word_1_361' title='bbox 1488 3120 1580 3170; x_wconf 75' lang='grc' dir='ltr'>καὶ</span> <span class='ocrx_word' id='word_1_362' title='bbox 1612 3118 1710 3189; x_wconf 76' lang='grc' dir='ltr'>τὴν</span> <span class='ocrx_word' id='word_1_363' title='bbox 1740 3122 1804 3173; x_wconf 82' lang='grc' dir='ltr'>ἐκ</span> <span class='ocrx_word' id='word_1_364' title='bbox 1837 3120 1947 3173; x_wconf 82' lang='grc' dir='ltr'><strong>τῶν</strong></span> 
     </span>
    </p>
   </div>
   <div class='ocr_carea' id='block_1_48' title="bbox 358 3207 1948 3281">
    <p class='ocr_par' dir='ltr' id='par_1_48' title="bbox 358 3207 1948 3281">
     <span class='ocr_line' id='line_1_48' title="bbox 358 3207 1948 3281; baseline 0.001 -17"><span class='ocrx_word' id='word_1_365' title='bbox 358 3209 531 3278; x_wconf 78' lang='grc' dir='ltr'>ἁγίων</span> <span class='ocrx_word' id='word_1_366' title='bbox 558 3208 896 3273; x_wconf 80' lang='grc' dir='ltr'>ἀποστόλων,</span> <span class='ocrx_word' id='word_1_367' title='bbox 930 3208 1024 3261; x_wconf 74' lang='grc' dir='ltr'>καὶ</span> <span class='ocrx_word' id='word_1_368' title='bbox 1058 3207 1463 3277; x_wconf 79' lang='grc' dir='ltr'>εὐαγγελιστῶν</span> <span class='ocrx_word' id='word_1_369' title='bbox 1503 3209 1804 3281; x_wconf 78' lang='grc' dir='ltr'>παράδοσιν</span> <span class='ocrx_word' id='word_1_370' title='bbox 1830 3212 1948 3265; x_wconf 86' lang='grc' dir='ltr'>ἀτι-</span> 
     </span>
    </p>
   </div>
   <div class='ocr_carea' id='block_1_49' title="bbox 361 3298 1951 3371">
    <p class='ocr_par' dir='ltr' id='par_1_49' title="bbox 361 3298 1951 3371">
     <span class='ocr_line' id='line_1_49' title="bbox 361 3298 1951 3371; baseline 0.001 -18"><span class='ocrx_word' id='word_1_371' title='bbox 361 3302 669 3371; x_wconf 72' lang='grc' dir='ltr'>μάσαντεςι</span> <span class='ocrx_word' id='word_1_372' title='bbox 726 3299 849 3352; x_wconf 74' lang='grc' dir='ltr'>οὐδὲ</span> <span class='ocrx_word' id='word_1_373' title='bbox 902 3298 1135 3369; x_wconf 77' lang='grc' dir='ltr'>ἐπείπερ</span> <span class='ocrx_word' id='word_1_374' title='bbox 1194 3300 1382 3362; x_wconf 79' lang='grc' dir='ltr'>αὐτοῖς</span> <span class='ocrx_word' id='word_1_375' title='bbox 1438 3299 1677 3370; x_wconf 85' lang='grc' dir='ltr'>ἀδρανής</span> <span class='ocrx_word' id='word_1_376' title='bbox 1729 3318 1787 3353; x_wconf 84' lang='grc' dir='ltr'><strong>τε</strong></span> <span class='ocrx_word' id='word_1_377' title='bbox 1855 3303 1951 3355; x_wconf 71' lang='grc' dir='ltr'>καὶ</span> 
     </span>
    </p>
   </div>
   <div class='ocr_carea' id='block_1_50' title="bbox 356 3389 1948 3464">
    <p class='ocr_par' dir='ltr' id='par_1_50' title="bbox 356 3389 1948 3464">
     <span class='ocr_line' id='line_1_50' title="bbox 356 3389 1948 3464; baseline 0.001 -19"><span class='ocrx_word' id='word_1_378' title='bbox 356 3392 738 3462; x_wconf 78' lang='grc' dir='ltr'>ἀμαθέστατος</span> <span class='ocrx_word' id='word_1_379' title='bbox 778 3389 1077 3462; x_wconf 78' lang='grc' dir='ltr'>ἐνῴκισται</span> <span class='ocrx_word' id='word_1_380' title='bbox 1107 3389 1232 3455; x_wconf 83' lang='grc' dir='ltr'>νοῦς</span> <span class='ocrx_word' id='word_1_381' title='bbox 1252 3431 1266 3455; x_wconf 93' lang='grc'><strong>,</strong></span> <span class='ocrx_word' id='word_1_382' title='bbox 1296 3392 1392 3443; x_wconf 76' lang='grc' dir='ltr'>καὶ</span> <span class='ocrx_word' id='word_1_383' title='bbox 1421 3391 1483 3443; x_wconf 81' lang='grc' dir='ltr'>τὸ</span> <span class='ocrx_word' id='word_1_384' title='bbox 1518 3390 1610 3444; x_wconf 84' lang='grc' dir='ltr'><strong>τοῦ</strong></span> <span class='ocrx_word' id='word_1_385' title='bbox 1646 3394 1948 3464; x_wconf 77' lang='grc' dir='ltr'>μυστηρίου</span> 
     </span>
    </p>
   </div>
   <div class='ocr_carea' id='block_1_51' title="bbox 360 3478 1953 3557">
    <p class='ocr_par' dir='ltr' id='par_1_51' title="bbox 360 3478 1953 3557">
     <span class='ocr_line' id='line_1_51' title="bbox 360 3478 1953 3557; baseline 0.001 -19"><span class='ocrx_word' id='word_1_386' title='bbox 360 3484 526 3555; x_wconf 77' lang='grc' dir='ltr'>βάθος</span> <span class='ocrx_word' id='word_1_387' title='bbox 573 3483 813 3537; x_wconf 82' lang='grc' dir='ltr'>κατιδεῖν</span> <span class='ocrx_word' id='word_1_388' title='bbox 853 3484 951 3553; x_wconf 80' lang='grc' dir='ltr'><strong>οὐχ</strong></span> <span class='ocrx_word' id='word_1_389' title='bbox 1002 3478 1113 3543; x_wconf 71' lang='grc' dir='ltr'>οἷός</span> <span class='ocrx_word' id='word_1_390' title='bbox 1159 3499 1243 3545; x_wconf 88' lang='grc' dir='ltr'><strong>τε,</strong></span> <span class='ocrx_word' id='word_1_391' title='bbox 1296 3482 1469 3555; x_wconf 82' lang='grc' dir='ltr'>ταύτῃ</span> <span class='ocrx_word' id='word_1_392' title='bbox 1506 3501 1590 3537; x_wconf 90' lang='grc' dir='ltr'><strong>τοι</strong></span> <span class='ocrx_word' id='word_1_393' title='bbox 1641 3486 1736 3537; x_wconf 79' lang='grc' dir='ltr'>καὶ</span> <span class='ocrx_word' id='word_1_394' title='bbox 1788 3489 1953 3557; x_wconf 77' lang='grc' dir='ltr'>ἡμεῖς</span> 
     </span>
    </p>
   </div>
   <div class='ocr_carea' id='block_1_52' title="bbox 356 3572 1952 3645">
    <p class='ocr_par' dir='ltr' id='par_1_52' title="bbox 356 3572 1952 3645">
     <span class='ocr_line' id='line_1_52' title="bbox 356 3572 1952 3645; baseline 0.001 -16"><span class='ocrx_word' id='word_1_395' title='bbox 356 3574 718 3645; x_wconf 79' lang='grc' dir='ltr'>πλανώμεθα.</span> <span class='ocrx_word' id='word_1_396' title='bbox 768 3572 1266 3644; x_wconf 78' lang='grc' dir='ltr'>συναμαθαίνοντες</span> <span class='ocrx_word' id='word_1_397' title='bbox 1298 3575 1513 3637; x_wconf 77' lang='grc' dir='ltr'>αὐτοῖς,</span> <span class='ocrx_word' id='word_1_398' title='bbox 1548 3575 1641 3627; x_wconf 83' lang='grc' dir='ltr'><strong>καὶ</strong></span> <span class='ocrx_word' id='word_1_399' title='bbox 1691 3576 1750 3629; x_wconf 72' lang='grc' dir='ltr'><strong>τὸ</strong></span> <span class='ocrx_word' id='word_1_400' title='bbox 1797 3575 1952 3640; x_wconf 79' lang='grc' dir='ltr'>εὺθὲς</span> 
     </span>
    </p>
   </div>
   <div class='ocr_carea' id='block_1_53' title="bbox 357 3666 1950 3740">
    <p class='ocr_par' dir='ltr' id='par_1_53' title="bbox 357 3666 1950 3740">
     <span class='ocr_line' id='line_1_53' title="bbox 357 3666 1950 3740; baseline 0.001 -19"><span class='ocrx_word' id='word_1_401' title='bbox 357 3667 461 3737; x_wconf 80' lang='grc' dir='ltr'><strong>τῆς</strong></span> <span class='ocrx_word' id='word_1_402' title='bbox 498 3666 755 3738; x_wconf 83' lang='grc' dir='ltr'>ἀληθείας</span> <span class='ocrx_word' id='word_1_403' title='bbox 791 3668 927 3720; x_wconf 78' lang='grc' dir='ltr'>ἰέναι</span> <span class='ocrx_word' id='word_1_404' title='bbox 957 3666 1407 3737; x_wconf 80' lang='grc' dir='ltr'>παραιτούμενοι.</span> <span class='ocrx_word' id='word_1_405' title='bbox 1434 3669 1625 3738; x_wconf 84' lang='grc' dir='ltr'>Ἰσμεν</span> <span class='ocrx_word' id='word_1_406' title='bbox 1658 3668 1713 3721; x_wconf 75' lang='grc' dir='ltr'>δὲ</span> <span class='ocrx_word' id='word_1_407' title='bbox 1741 3686 1950 3740; x_wconf 84' lang='grc' dir='ltr'>γεγρα-</span> 
     </span>
    </p>
   </div>
   <div class='ocr_carea' id='block_1_54' title="bbox 360 3757 1952 3833">
    <p class='ocr_par' dir='ltr' id='par_1_54' title="bbox 360 3757 1952 3833">
     <span class='ocr_line' id='line_1_54' title="bbox 360 3757 1952 3833; baseline -0.001 -20"><span class='ocrx_word' id='word_1_408' title='bbox 360 3761 502 3828; x_wconf 85' lang='grc' dir='ltr'>φότα</span> <span class='ocrx_word' id='word_1_409' title='bbox 534 3759 625 3813; x_wconf 83' lang='grc' dir='ltr'>τὸν</span> <span class='ocrx_word' id='word_1_410' title='bbox 674 3758 969 3830; x_wconf 78' lang='grc' dir='ltr'>ἱερώτατον</span> <span class='ocrx_word' id='word_1_411' title='bbox 1014 3757 1251 3823; x_wconf 80' lang='grc' dir='ltr'>Παῦλον,</span> <span class='ocrx_word' id='word_1_412' title='bbox 1302 3759 1384 3811; x_wconf 82' lang='grc' dir='ltr'>ὃτι</span> <span class='ocrx_word' id='word_1_413' title='bbox 1421 3758 1527 3830; x_wconf 79' lang='grc' dir='ltr'>χρὴ</span> <span class='ocrx_word' id='word_1_414' title='bbox 1583 3779 1601 3811; x_wconf 78' lang='grc' dir='ltr'><strong>ι</strong></span> <span class='ocrx_word' id='word_1_415' title='bbox 1657 3763 1952 3833; x_wconf 68' lang='grc' dir='ltr'>λογισμοὺς</span> 
     </span>
    </p>
   </div>
   <div class='ocr_carea' id='block_1_55' title="bbox 360 3850 1954 3926">
    <p class='ocr_par' dir='ltr' id='par_1_55' title="bbox 360 3850 1954 3926">
     <span class='ocr_line' id='line_1_55' title="bbox 360 3850 1954 3926; baseline 0.002 -22"><span class='ocrx_word' id='word_1_416' title='bbox 360 3852 662 3924; x_wconf 75' lang='grc' dir='ltr'>καθαιρεῖν,</span> <span class='ocrx_word' id='word_1_417' title='bbox 709 3852 803 3905; x_wconf 69' lang='grc' dir='ltr'><strong>καὶ</strong></span> <span class='ocrx_word' id='word_1_418' title='bbox 854 3853 963 3905; x_wconf 78' lang='grc' dir='ltr'>πᾶν</span> <span class='ocrx_word' id='word_1_419' title='bbox 1010 3850 1212 3920; x_wconf 68' lang='grc' dir='ltr'>ὕψωμα</span> <span class='ocrx_word' id='word_1_420' title='bbox 1260 3851 1626 3921; x_wconf 76' lang='grc' dir='ltr'>ἐπαιρόμενον</span> <span class='ocrx_word' id='word_1_421' title='bbox 1672 3855 1812 3907; x_wconf 80' lang='grc' dir='ltr'>κατὰ</span> <span class='ocrx_word' id='word_1_422' title='bbox 1850 3854 1954 3926; x_wconf 88' lang='grc' dir='ltr'>τῆς</span> 
     </span>
    </p>
   </div>
   <div class='ocr_carea' id='block_1_56' title="bbox 359 3942 1951 4017">
    <p class='ocr_par' dir='ltr' id='par_1_56' title="bbox 359 3942 1951 4017">
     <span class='ocr_line' id='line_1_56' title="bbox 359 3942 1951 4017; baseline 0 -19"><span class='ocrx_word' id='word_1_423' title='bbox 359 3944 621 4013; x_wconf 82' lang='grc' dir='ltr'>γνώσεως</span> <span class='ocrx_word' id='word_1_424' title='bbox 654 3943 749 3997; x_wconf 86' lang='grc' dir='ltr'><strong>τοῦ</strong></span> <span class='ocrx_word' id='word_1_425' title='bbox 795 3943 965 4009; x_wconf 85' lang='grc' dir='ltr'>Θεοῦ,</span> <span class='ocrx_word' id='word_1_426' title='bbox 1010 3944 1107 3996; x_wconf 73' lang='grc' dir='ltr'>καὶ</span> <span class='ocrx_word' id='word_1_427' title='bbox 1139 3942 1571 4013; x_wconf 74' lang='grc' dir='ltr'>αἱχμαλωτίζειν</span> <span class='ocrx_word' id='word_1_428' title='bbox 1601 3948 1709 3997; x_wconf 76' lang='grc' dir='ltr'><strong>πᾶν</strong></span> <span class='ocrx_word' id='word_1_429' title='bbox 1748 3945 1951 4017; x_wconf 83' lang='grc' dir='ltr'>νόημα,</span> 
     </span>
    </p>
   </div>
   <div class='ocr_carea' id='block_1_57' title="bbox 362 4027 1954 4105">
    <p class='ocr_par' dir='ltr' id='par_1_57' title="bbox 362 4027 1954 4105">
     <span class='ocr_line' id='line_1_57' title="bbox 362 4027 1954 4105; baseline 0.001 -19"><span class='ocrx_word' id='word_1_430' title='bbox 362 4037 443 4096; x_wconf 84' lang='grc' dir='ltr'>εἰς</span> <span class='ocrx_word' id='word_1_431' title='bbox 489 4034 587 4103; x_wconf 73' lang='grc' dir='ltr'>τὴν</span> <span class='ocrx_word' id='word_1_432' title='bbox 630 4032 880 4102; x_wconf 84' lang='grc' dir='ltr'>ὑπακοὴν</span> <span class='ocrx_word' id='word_1_433' title='bbox 927 4030 1023 4083; x_wconf 84' lang='grc' dir='ltr'><strong>τοῦ</strong></span> <span class='ocrx_word' id='word_1_434' title='bbox 1074 4029 1339 4100; x_wconf 83' lang='grc' dir='ltr'>Χριστοῦ.</span> <span class='ocrx_word' id='word_1_435' title='bbox 1383 4050 1401 4081; x_wconf 74' lang='grc' dir='ltr'><strong>ι</strong></span> <span class='ocrx_word' id='word_1_436' title='bbox 1456 4032 1603 4103; x_wconf 77' lang='grc' dir='ltr'>Πλὴν</span> <span class='ocrx_word' id='word_1_437' title='bbox 1662 4029 1791 4097; x_wconf 86' lang='grc' dir='ltr'>οῦν,</span> <span class='ocrx_word' id='word_1_438' title='bbox 1843 4027 1954 4105; x_wconf 83' lang='grc' dir='ltr'>ἆρα</span> 
     </span>
    </p>
   </div>
   <div class='ocr_carea' id='block_1_58' title="bbox 361 4117 1953 4197">
    <p class='ocr_par' dir='ltr' id='par_1_58' title="bbox 361 4117 1953 4197">
     <span class='ocr_line' id='line_1_58' title="bbox 361 4117 1953 4197; baseline -0.001 -18"><span class='ocrx_word' id='word_1_439' title='bbox 361 4127 506 4196; x_wconf 70' lang='grc' dir='ltr'>ἔχοις</span> <span class='ocrx_word' id='word_1_440' title='bbox 537 4127 712 4178; x_wconf 81' lang='grc' dir='ltr'>εἰπεῖν</span> <span class='ocrx_word' id='word_1_441' title='bbox 737 4124 806 4176; x_wconf 71' lang='grc' dir='ltr'><strong>τὰ</strong></span> <span class='ocrx_word' id='word_1_442' title='bbox 831 4123 915 4192; x_wconf 76' lang='grc' dir='ltr'><strong>ἐφ’</strong></span> <span class='ocrx_word' id='word_1_443' title='bbox 947 4117 1027 4187; x_wconf 75' lang='grc' dir='ltr'>οἷς</span> <span class='ocrx_word' id='word_1_444' title='bbox 1066 4123 1553 4187; x_wconf 74' lang='grc' dir='ltr'>σκανδαλίζονται,</span> <span class='ocrx_word' id='word_1_445' title='bbox 1586 4125 1680 4177; x_wconf 67' lang='grc' dir='ltr'>καὶ</span> <span class='ocrx_word' id='word_1_446' title='bbox 1708 4125 1786 4196; x_wconf 80' lang='grc' dir='ltr'>τῷ</span> <span class='ocrx_word' id='word_1_447' title='bbox 1817 4125 1953 4197; x_wconf 80' lang='grc' dir='ltr'>λίθῳ</span> 
     </span>
    </p>
   </div>
   <div class='ocr_carea' id='block_1_59' title="bbox 361 4210 1756 4289">
    <p class='ocr_par' dir='ltr' id='par_1_59' title="bbox 361 4210 1756 4289">
     <span class='ocr_line' id='line_1_59' title="bbox 361 4210 1756 4289; baseline -0.001 -18"><span class='ocrx_word' id='word_1_448' title='bbox 361 4218 456 4271; x_wconf 88' lang='grc' dir='ltr'><strong>τοῦ</strong></span> <span class='ocrx_word' id='word_1_449' title='bbox 490 4216 918 4289; x_wconf 79' lang='grc' dir='ltr'>προσκόμματος</span> <span class='ocrx_word' id='word_1_450' title='bbox 952 4216 1373 4287; x_wconf 77' lang='grc' dir='ltr'>περιπταίουσιν</span> <span class='ocrx_word' id='word_1_451' title='bbox 1409 4210 1756 4284; x_wconf 66' lang='grc' dir='ltr'>Ίονδαῖκῶςς</span> 
     </span>
    </p>
   </div>
   <div class='ocr_carea' id='block_1_60' title="bbox 438 4306 1955 4381">
    <p class='ocr_par' dir='ltr' id='par_1_60' title="bbox 438 4306 1955 4381">
     <span class='ocr_line' id='line_1_60' title="bbox 438 4306 1955 4381; baseline 0.005 -21"><span class='ocrx_word' id='word_1_452' title='bbox 438 4310 496 4363; x_wconf 88' lang='grc' dir='ltr'><strong>Β.</strong></span> <span class='ocrx_word' id='word_1_453' title='bbox 532 4309 747 4379; x_wconf 78' lang='grc' dir='ltr'>Ἔχοιμ’</span> <span class='ocrx_word' id='word_1_454' title='bbox 783 4307 869 4369; x_wconf 79' lang='grc' dir='ltr'>ἂν,</span> <span class='ocrx_word' id='word_1_455' title='bbox 904 4308 1019 4370; x_wconf 77' lang='grc' dir='ltr'>πῶς</span> <span class='ocrx_word' id='word_1_456' title='bbox 1053 4308 1161 4378; x_wconf 78' lang='grc' dir='ltr'><strong>γάρ</strong></span> <span class='ocrx_word' id='word_1_457' title='bbox 1187 4306 1247 4361; x_wconf 80' lang='grc' dir='ltr'><strong>οῦ</strong></span> <span class='ocrx_word' id='word_1_458' title='bbox 1273 4326 1287 4374; x_wconf 89' lang='grc'>;</span> <span class='ocrx_word' id='word_1_459' title='bbox 1317 4310 1413 4379; x_wconf 72' lang='grc' dir='ltr'>καὶ</span> <span class='ocrx_word' id='word_1_460' title='bbox 1453 4309 1680 4364; x_wconf 85' lang='grc' dir='ltr'>πλεῖστα</span> <span class='ocrx_word' id='word_1_461' title='bbox 1723 4313 1822 4381; x_wconf 84' lang='grc' dir='ltr'>μὲν</span> <span class='ocrx_word' id='word_1_462' title='bbox 1852 4312 1955 4367; x_wconf 83' lang='grc' dir='ltr'>ὅσα</span> 
     </span>
    </p>
   </div>
   <div class='ocr_carea' id='block_1_61' title="bbox 366 4398 1955 4469">
    <p class='ocr_par' dir='ltr' id='par_1_61' title="bbox 366 4398 1955 4469">
     <span class='ocr_line' id='line_1_61' title="bbox 366 4398 1955 4469; baseline 0.001 -15"><span class='ocrx_word' id='word_1_463' title='bbox 366 4402 557 4455; x_wconf 79' lang='grc' dir='ltr'>ταυτί·</span> <span class='ocrx_word' id='word_1_464' title='bbox 610 4398 886 4463; x_wconf 79' lang='grc' dir='ltr'>λελέξεται</span> <span class='ocrx_word' id='word_1_465' title='bbox 936 4398 992 4450; x_wconf 77' lang='grc' dir='ltr'>δὲ</span> <span class='ocrx_word' id='word_1_466' title='bbox 1048 4400 1322 4469; x_wconf 85' lang='grc' dir='ltr'>ἁναμέρος</span> <span class='ocrx_word' id='word_1_467' title='bbox 1373 4400 1604 4453; x_wconf 71' lang='grc' dir='ltr'>ἕκαστα.</span> <span class='ocrx_word' id='word_1_468' title='bbox 1656 4403 1793 4456; x_wconf 78' lang='grc' dir='ltr'>Φασὶ</span> <span class='ocrx_word' id='word_1_469' title='bbox 1838 4420 1955 4456; x_wconf 85' lang='grc' dir='ltr'>τοι-</span> 
     </span>
    </p>
   </div>
   <div class='ocr_carea' id='block_1_62' title="bbox 364 4492 1953 4568">
    <p class='ocr_par' dir='ltr' id='par_1_62' title="bbox 364 4492 1953 4568">
     <span class='ocr_line' id='line_1_62' title="bbox 364 4492 1953 4568; baseline 0.002 -22"><span class='ocrx_word' id='word_1_470' title='bbox 364 4492 589 4565; x_wconf 83' lang='grc' dir='ltr'>γαροῦν,</span> <span class='ocrx_word' id='word_1_471' title='bbox 617 4492 853 4562; x_wconf 72' lang='grc' dir='ltr'>Χριστὸν</span> <span class='ocrx_word' id='word_1_472' title='bbox 883 4493 1141 4562; x_wconf 77' lang='grc' dir='ltr'>ἡγιάσθαι</span> <span class='ocrx_word' id='word_1_473' title='bbox 1174 4493 1324 4563; x_wconf 72' lang='grc' dir='ltr'>παρὰ</span> <span class='ocrx_word' id='word_1_474' title='bbox 1351 4492 1447 4545; x_wconf 84' lang='grc' dir='ltr'><strong>τοῦ</strong></span> <span class='ocrx_word' id='word_1_475' title='bbox 1482 4494 1694 4564; x_wconf 78' lang='grc' dir='ltr'>Πατρός</span> <span class='ocrx_word' id='word_1_476' title='bbox 1714 4510 1726 4522; x_wconf 90' lang='grc'><strong>·</strong></span> <span class='ocrx_word' id='word_1_477' title='bbox 1758 4494 1953 4568; x_wconf 80' lang='grc' dir='ltr'>γέγρα-</span> 
     </span>
    </p>
   </div>
   <div class='ocr_carea' id='block_1_63' title="bbox 364 4578 1947 4657">
    <p class='ocr_par' dir='ltr' id='par_1_63' title="bbox 364 4585 1947 4657">
     <span class='ocr_line' id='line_1_63' title="bbox 364 4585 1947 4657; baseline 0.003 -20"><span class='ocrx_word' id='word_1_478' title='bbox 364 4603 498 4638; x_wconf 87' lang='grc' dir='ltr'>πται</span> <span class='ocrx_word' id='word_1_479' title='bbox 531 4586 659 4654; x_wconf 78' lang='grc' dir='ltr'>γὰρ,</span> <span class='ocrx_word' id='word_1_480' title='bbox 688 4585 767 4637; x_wconf 78' lang='grc' dir='ltr'>ὃτι</span> <span class='ocrx_word' id='word_1_481' title='bbox 791 4587 886 4635; x_wconf 68' lang='grc' dir='ltr'>καὶ</span> <span class='ocrx_word' id='word_1_482' title='bbox 918 4604 935 4635; x_wconf 79' lang='grc' dir='ltr'><strong>ι</strong></span> <span class='ocrx_word' id='word_1_483' title='bbox 980 4585 1396 4655; x_wconf 77' lang='grc' dir='ltr'>Ἐμαρτύρησεν</span> <span class='ocrx_word' id='word_1_484' title='bbox 1436 4586 1693 4656; x_wconf 81' lang='grc' dir='ltr'>Ἰωάννης</span> <span class='ocrx_word' id='word_1_485' title='bbox 1735 4587 1947 4657; x_wconf 81' lang='grc' dir='ltr'>λέγων,</span> 
     </span>
    </p>
   </div>
   <div class='ocr_carea' id='block_1_64' title="bbox 2054 4578 3097 4657">
    <p class='ocr_par' dir='ltr' id='par_1_64' title="bbox 2059 4585 3097 4657">
     <span class='ocr_line' id='line_1_64' title="bbox 2059 4585 3097 4657; baseline 0 -13"><span class='ocrx_word' id='word_1_486' title='bbox 2059 4589 2207 4644; x_wconf 91' lang='lat' dir='ltr'><strong>nium</strong></span> <span class='ocrx_word' id='word_1_487' title='bbox 2268 4589 2518 4657; x_wconf 86' lang='lat' dir='ltr'><strong>perhibet</strong></span> <span class='ocrx_word' id='word_1_488' title='bbox 2569 4585 2842 4655; x_wconf 83' lang='lat' dir='ltr'><strong>Joannes,</strong></span> <span class='ocrx_word' id='word_1_489' title='bbox 2908 4590 3097 4644; x_wconf 87' lang='lat' dir='ltr'><strong>dicens</strong></span> 
     </span>
    </p>
   </div>
   <div class='ocr_carea' id='block_1_65' title="bbox 363 4676 1951 4749">
    <p class='ocr_par' dir='ltr' id='par_1_65' title="bbox 363 4676 1951 4749">
     <span class='ocr_line' id='line_1_65' title="bbox 363 4676 1951 4749; baseline 0.001 -16"><span class='ocrx_word' id='word_1_490' title='bbox 363 4680 446 4734; x_wconf 80' lang='grc' dir='ltr'>ὅτι</span> <span class='ocrx_word' id='word_1_491' title='bbox 474 4676 755 4746; x_wconf 83' lang='grc' dir='ltr'>Τεθέαμαι</span> <span class='ocrx_word' id='word_1_492' title='bbox 782 4676 843 4729; x_wconf 77' lang='grc' dir='ltr'>τὸ</span> <span class='ocrx_word' id='word_1_493' title='bbox 874 4676 1099 4747; x_wconf 82' lang='grc' dir='ltr'>Πνεῦμα</span> <span class='ocrx_word' id='word_1_494' title='bbox 1129 4678 1460 4731; x_wconf 84' lang='grc' dir='ltr'>καταϐαῖνον</span> <span class='ocrx_word' id='word_1_495' title='bbox 1490 4677 1823 4749; x_wconf 79' lang='grc' dir='ltr'>ὲξοὺρανοῦ,</span> <span class='ocrx_word' id='word_1_496' title='bbox 1857 4682 1951 4734; x_wconf 72' lang='grc' dir='ltr'>καὶ</span> 
     </span>
    </p>
   </div>
   <div class='ocr_carea' id='block_1_66' title="bbox 363 4764 1951 4842">
    <p class='ocr_par' dir='ltr' id='par_1_66' title="bbox 363 4764 1951 4842">
     <span class='ocr_line' id='line_1_66' title="bbox 363 4764 1951 4842; baseline 0.003 -19"><span class='ocrx_word' id='word_1_497' title='bbox 363 4772 578 4842; x_wconf 75' lang='grc' dir='ltr'>ἔμεινεν</span> <span class='ocrx_word' id='word_1_498' title='bbox 625 4771 712 4823; x_wconf 75' lang='grc' dir='ltr'><strong>ἐπ’</strong></span> <span class='ocrx_word' id='word_1_499' title='bbox 759 4769 942 4831; x_wconf 74' lang='grc' dir='ltr'>αὑτὸν,</span> <span class='ocrx_word' id='word_1_500' title='bbox 996 4770 1151 4838; x_wconf 77' lang='grc' dir='ltr'><strong>κάγὼ</strong></span> <span class='ocrx_word' id='word_1_501' title='bbox 1195 4770 1295 4822; x_wconf 74' lang='grc' dir='ltr'>οὐκ</span> <span class='ocrx_word' id='word_1_502' title='bbox 1339 4764 1483 4823; x_wconf 82' lang='grc' dir='ltr'>εἶδον</span> <span class='ocrx_word' id='word_1_503' title='bbox 1529 4771 1715 4835; x_wconf 75' lang='grc' dir='ltr'>αὑτὸν,</span> <span class='ocrx_word' id='word_1_504' title='bbox 1770 4772 1884 4825; x_wconf 81' lang='grc' dir='ltr'>ἀλλ’</span> <span class='ocrx_word' id='word_1_505' title='bbox 1922 4775 1951 4827; x_wconf 91' lang='grc' dir='ltr'><strong>ό</strong></span> 
     </span>
    </p>
   </div>
   <div class='ocr_carea' id='block_1_67' title="bbox 365 4861 1948 4939">
    <p class='ocr_par' dir='ltr' id='par_1_67' title="bbox 365 4861 1948 4939">
     <span class='ocr_line' id='line_1_67' title="bbox 365 4861 1948 4939; baseline 0.002 -23"><span class='ocrx_word' id='word_1_506' title='bbox 365 4864 587 4933; x_wconf 64' lang='grc' dir='ltr'>πέμψας</span> <span class='ocrx_word' id='word_1_507' title='bbox 624 4880 690 4933; x_wconf 88' lang='grc' dir='ltr'><strong>με</strong></span> <span class='ocrx_word' id='word_1_508' title='bbox 725 4861 1009 4933; x_wconf 74' lang='grc' dir='ltr'>βαπτίζειν</span> <span class='ocrx_word' id='word_1_509' title='bbox 1059 4865 1114 4915; x_wconf 82' lang='grc' dir='ltr'>ὲν</span> <span class='ocrx_word' id='word_1_510' title='bbox 1165 4862 1335 4939; x_wconf 79' lang='grc' dir='ltr'>ὕδατι,</span> <span class='ocrx_word' id='word_1_511' title='bbox 1375 4864 1581 4927; x_wconf 74' lang='grc' dir='ltr'>ἐκεῖνός</span> <span class='ocrx_word' id='word_1_512' title='bbox 1634 4881 1724 4934; x_wconf 85' lang='grc' dir='ltr'><strong>μοι</strong></span> <span class='ocrx_word' id='word_1_513' title='bbox 1775 4863 1948 4920; x_wconf 74' lang='grc' dir='ltr'>εἶπεν·</span> 
     </span>
    </p>
   </div>
   <div class='ocr_carea' id='block_1_68' title="bbox 376 4953 1936 5027">
    <p class='ocr_par' dir='ltr' id='par_1_68' title="bbox 376 4953 1936 5027">
     <span class='ocr_line' id='line_1_68' title="bbox 376 4953 1936 5027; baseline 0.007 -27"><span class='ocrx_word' id='word_1_514' title='bbox 376 4955 493 5023; x_wconf 71' lang='grc' dir='ltr'><strong>Ἐφ’</strong></span> <span class='ocrx_word' id='word_1_515' title='bbox 523 4956 581 5007; x_wconf 80' lang='grc' dir='ltr'>ὃν</span> <span class='ocrx_word' id='word_1_516' title='bbox 614 4954 680 5007; x_wconf 83' lang='grc' dir='ltr'>ἂν</span> <span class='ocrx_word' id='word_1_517' title='bbox 711 4956 827 5027; x_wconf 71' lang='grc' dir='ltr'>ἴδῃς</span> <span class='ocrx_word' id='word_1_518' title='bbox 858 4954 919 5006; x_wconf 72' lang='grc' dir='ltr'>τὸ</span> <span class='ocrx_word' id='word_1_519' title='bbox 950 4953 1175 5024; x_wconf 79' lang='grc' dir='ltr'>Πνεῦμα</span> <span class='ocrx_word' id='word_1_520' title='bbox 1205 4954 1537 5008; x_wconf 88' lang='grc' dir='ltr'>καταϐαῖνον</span> <span class='ocrx_word' id='word_1_521' title='bbox 1562 4957 1655 5009; x_wconf 77' lang='grc' dir='ltr'>καὶ</span> <span class='ocrx_word' id='word_1_522' title='bbox 1685 4956 1936 5026; x_wconf 84' lang='grc' dir='ltr'>μένονέπ</span> 
     </span>
    </p>
   </div>
   <div class='ocr_carea' id='block_1_69' title="bbox 367 5036 1953 5119">
    <p class='ocr_par' dir='ltr' id='par_1_69' title="bbox 367 5036 1953 5119">
     <span class='ocr_line' id='line_1_69' title="bbox 367 5036 1953 5119; baseline 0.002 -21"><span class='ocrx_word' id='word_1_523' title='bbox 367 5046 550 5106; x_wconf 71' lang='grc' dir='ltr'>αὑτὸν,</span> <span class='ocrx_word' id='word_1_524' title='bbox 583 5036 739 5107; x_wconf 79' lang='grc' dir='ltr'>οὗτός</span> <span class='ocrx_word' id='word_1_525' title='bbox 775 5047 926 5097; x_wconf 70' lang='grc' dir='ltr'>ἐστιν</span> <span class='ocrx_word' id='word_1_526' title='bbox 965 5046 993 5096; x_wconf 92' lang='lat'><strong>6</strong></span> <span class='ocrx_word' id='word_1_527' title='bbox 1024 5043 1304 5114; x_wconf 77' lang='grc' dir='ltr'>βαπτίζων</span> <span class='ocrx_word' id='word_1_528' title='bbox 1340 5047 1398 5097; x_wconf 81' lang='grc' dir='ltr'>ὲν</span> <span class='ocrx_word' id='word_1_529' title='bbox 1427 5046 1505 5116; x_wconf 81' lang='grc' dir='ltr'>τῷ</span> <span class='ocrx_word' id='word_1_530' title='bbox 1553 5047 1833 5117; x_wconf 73' lang='grc' dir='ltr'>Πνεύματι</span> <span class='ocrx_word' id='word_1_531' title='bbox 1874 5050 1953 5119; x_wconf 82' lang='grc' dir='ltr'>τῷ</span> 
     </span>
    </p>
   </div>
   <div class='ocr_carea' id='block_1_70' title="bbox 369 5137 1953 5211">
    <p class='ocr_par' dir='ltr' id='par_1_70' title="bbox 369 5137 1953 5211">
     <span class='ocr_line' id='line_1_70' title="bbox 369 5137 1953 5211; baseline 0.003 -20"><span class='ocrx_word' id='word_1_532' title='bbox 369 5139 528 5209; x_wconf 66' lang='grc' dir='ltr'>ἁγίῳ.</span> <span class='ocrx_word' id='word_1_533' title='bbox 570 5137 742 5206; x_wconf 77' lang='grc' dir='ltr'><strong>Κάγὼ</strong></span> <span class='ocrx_word' id='word_1_534' title='bbox 774 5138 998 5208; x_wconf 78' lang='grc' dir='ltr'>ἑώρακα</span> <span class='ocrx_word' id='word_1_535' title='bbox 1032 5138 1127 5191; x_wconf 53' lang='grc' dir='ltr'><strong>καὶ¹</strong></span> <span class='ocrx_word' id='word_1_536' title='bbox 1177 5140 1586 5211; x_wconf 72' lang='grc' dir='ltr'>μεμαρτύρηκα</span> <span class='ocrx_word' id='word_1_537' title='bbox 1612 5184 1624 5203; x_wconf 92' lang='grc'><strong>,</strong></span> <span class='ocrx_word' id='word_1_538' title='bbox 1677 5142 1758 5194; x_wconf 81' lang='grc' dir='ltr'>ὅτι</span> <span class='ocrx_word' id='word_1_539' title='bbox 1798 5137 1953 5206; x_wconf 73' lang='grc' dir='ltr'>οὗτος</span> 
     </span>
    </p>
   </div>
   <div class='ocr_carea' id='block_1_71' title="bbox 367 5229 1949 5300">
    <p class='ocr_par' dir='ltr' id='par_1_71' title="bbox 367 5229 1949 5300">
     <span class='ocr_line' id='line_1_71' title="bbox 367 5229 1949 5300; baseline 0.003 -18"><span class='ocrx_word' id='word_1_540' title='bbox 367 5235 515 5282; x_wconf 73' lang='grc' dir='ltr'>ἐστιν</span> <span class='ocrx_word' id='word_1_541' title='bbox 544 5231 571 5281; x_wconf 89' lang='grc' dir='ltr'><strong>ὁ</strong></span> <span class='ocrx_word' id='word_1_542' title='bbox 608 5229 725 5293; x_wconf 76' lang='grc' dir='ltr'>Υἱὸς</span> <span class='ocrx_word' id='word_1_543' title='bbox 757 5229 851 5282; x_wconf 82' lang='grc' dir='ltr'><strong>τοῦ</strong></span> <span class='ocrx_word' id='word_1_544' title='bbox 899 5229 1054 5285; x_wconf 79' lang='grc' dir='ltr'>Θεοῦ.</span> <span class='ocrx_word' id='word_1_545' title='bbox 1093 5249 1110 5281; x_wconf 84' lang='grc'>›</span> <span class='ocrx_word' id='word_1_546' title='bbox 1153 5230 1404 5300; x_wconf 76' lang='grc' dir='ltr'>Γέγραφε</span> <span class='ocrx_word' id='word_1_547' title='bbox 1447 5232 1505 5284; x_wconf 71' lang='grc' dir='ltr'>δὲ</span> <span class='ocrx_word' id='word_1_548' title='bbox 1535 5234 1627 5285; x_wconf 73' lang='grc' dir='ltr'>καὶ</span> <span class='ocrx_word' id='word_1_549' title='bbox 1669 5234 1696 5285; x_wconf 87' lang='lat'><strong>6</strong></span> <span class='ocrx_word' id='word_1_550' title='bbox 1736 5233 1949 5297; x_wconf 77' lang='grc' dir='ltr'>Παῦλος</span> 
     </span>
    </p>
   </div>
   <div class='ocr_carea' id='block_1_72' title="bbox 367 5321 1951 5397">
    <p class='ocr_par' dir='ltr' id='par_1_72' title="bbox 367 5321 1951 5397">
     <span class='ocr_line' id='line_1_72' title="bbox 367 5321 1951 5397; baseline 0.004 -22"><span class='ocrx_word' id='word_1_551' title='bbox 367 5324 495 5392; x_wconf 75' lang='grc' dir='ltr'>περὶ</span> <span class='ocrx_word' id='word_1_552' title='bbox 526 5321 710 5373; x_wconf 72' lang='grc' dir='ltr'>αὑτοῦ·</span> <span class='ocrx_word' id='word_1_553' title='bbox 746 5322 845 5374; x_wconf 76' lang='grc' dir='ltr'><strong>«Ὃ</strong></span> <span class='ocrx_word' id='word_1_554' title='bbox 879 5340 938 5375; x_wconf 84' lang='grc' dir='ltr'><strong>τε</strong></span> <span class='ocrx_word' id='word_1_555' title='bbox 968 5322 1077 5391; x_wconf 75' lang='grc' dir='ltr'><strong>γὰρ</strong></span> <span class='ocrx_word' id='word_1_556' title='bbox 1105 5323 1347 5390; x_wconf 78' lang='grc' dir='ltr'>ἁγιάζων</span> <span class='ocrx_word' id='word_1_557' title='bbox 1389 5326 1483 5377; x_wconf 72' lang='grc' dir='ltr'>καὶ</span> <span class='ocrx_word' id='word_1_558' title='bbox 1511 5326 1559 5377; x_wconf 87' lang='grc' dir='ltr'>οἱ</span> <span class='ocrx_word' id='word_1_559' title='bbox 1597 5327 1951 5397; x_wconf 74' lang='grc' dir='ltr'>ἁγιαζόμενοι</span> 
     </span>
    </p>
   </div>
   <div class='ocr_carea' id='block_1_73' title="bbox 367 5413 1954 5487">
    <p class='ocr_par' dir='ltr' id='par_1_73' title="bbox 367 5413 1954 5487">
     <span class='ocr_line' id='line_1_73' title="bbox 367 5413 1954 5487; baseline 0.012 -33"><span class='ocrx_word' id='word_1_560' title='bbox 367 5415 427 5478; x_wconf 61' lang='grc' dir='ltr'><strong>ἐξ</strong></span> <span class='ocrx_word' id='word_1_561' title='bbox 454 5416 568 5477; x_wconf 63' lang='grc' dir='ltr'>ἐνὸς</span> <span class='ocrx_word' id='word_1_562' title='bbox 598 5413 817 5475; x_wconf 78' lang='grc' dir='ltr'>πάντες,</span> <span class='ocrx_word' id='word_1_563' title='bbox 856 5433 873 5463; x_wconf 76' lang='grc' dir='ltr'><strong>ι</strong></span> <span class='ocrx_word' id='word_1_564' title='bbox 916 5415 1236 5484; x_wconf 74' lang='grc' dir='ltr'>’Λγιασθείη</span> <span class='ocrx_word' id='word_1_565' title='bbox 1265 5418 1370 5485; x_wconf 72' lang='grc' dir='ltr'><strong>γάρ</strong></span> <span class='ocrx_word' id='word_1_566' title='bbox 1398 5418 1601 5487; x_wconf 71' lang='grc' dir='ltr'>ἥκιστά</span> <span class='ocrx_word' id='word_1_567' title='bbox 1624 5436 1685 5486; x_wconf 87' lang='grc' dir='ltr'><strong>γε</strong></span> <span class='ocrx_word' id='word_1_568' title='bbox 1718 5421 1852 5484; x_wconf 69' lang='grc' dir='ltr'>Θεδς</span> <span class='ocrx_word' id='word_1_569' title='bbox 1877 5422 1954 5475; x_wconf 78' lang='grc' dir='ltr'>ὢν</span> 
     </span>
    </p>
   </div>
   <div class='ocr_carea' id='block_1_74' title="bbox 368 5505 1954 5583">
    <p class='ocr_par' dir='ltr' id='par_1_74' title="bbox 368 5505 1954 5583">
     <span class='ocr_line' id='line_1_74' title="bbox 368 5505 1954 5583; baseline 0.006 -24"><span class='ocrx_word' id='word_1_570' title='bbox 368 5512 393 5559; x_wconf 69' lang='grc' dir='ltr'>ὁ</span> <span class='ocrx_word' id='word_1_571' title='bbox 440 5508 606 5573; x_wconf 76' lang='grc' dir='ltr'>Λόγος</span> <span class='ocrx_word' id='word_1_572' title='bbox 660 5507 753 5557; x_wconf 70' lang='grc' dir='ltr'>καὶ</span> <span class='ocrx_word' id='word_1_573' title='bbox 804 5505 955 5575; x_wconf 77' lang='grc' dir='ltr'>ἅγιος</span> <span class='ocrx_word' id='word_1_574' title='bbox 1014 5510 1154 5561; x_wconf 66' lang='grc' dir='ltr'>κατὰ</span> <span class='ocrx_word' id='word_1_575' title='bbox 1206 5511 1385 5577; x_wconf 67' lang='grc' dir='ltr'>φύσιν.</span> <span class='ocrx_word' id='word_1_576' title='bbox 1441 5510 1699 5563; x_wconf 76' lang='grc' dir='ltr'>Λεῖπεται</span> <span class='ocrx_word' id='word_1_577' title='bbox 1748 5513 1811 5583; x_wconf 80' lang='grc' dir='ltr'>δὴ</span> <span class='ocrx_word' id='word_1_578' title='bbox 1860 5510 1954 5569; x_wconf 74' lang='grc' dir='ltr'>οὖν</span> 
     </span>
    </p>
   </div>
   <div class='ocr_carea' id='block_1_75' title="bbox 368 5598 1952 5674">
    <p class='ocr_par' dir='ltr' id='par_1_75' title="bbox 368 5598 1952 5674">
     <span class='ocr_line' id='line_1_75' title="bbox 368 5598 1952 5674; baseline 0.008 -24"><span class='ocrx_word' id='word_1_579' title='bbox 368 5598 631 5670; x_wconf 78' lang='grc' dir='ltr'>ὴγιάσθαι</span> <span class='ocrx_word' id='word_1_580' title='bbox 685 5598 863 5667; x_wconf 84' lang='grc' dir='ltr'>λέγειν</span> <span class='ocrx_word' id='word_1_581' title='bbox 920 5600 1007 5652; x_wconf 71' lang='grc' dir='ltr'><strong>τὸν</strong></span> <span class='ocrx_word' id='word_1_582' title='bbox 1067 5601 1338 5672; x_wconf 74' lang='grc' dir='ltr'>ληφθέντα</span> <span class='ocrx_word' id='word_1_583' title='bbox 1400 5607 1530 5674; x_wconf 83' lang='grc' dir='ltr'>παρ’</span> <span class='ocrx_word' id='word_1_584' title='bbox 1588 5603 1755 5657; x_wconf 74' lang='grc' dir='ltr'>αὐτοῦ</span> <span class='ocrx_word' id='word_1_585' title='bbox 1814 5609 1952 5661; x_wconf 71' lang='grc' dir='ltr'>κατὰ</span> 
     </span>
    </p>
   </div>
   <div class='ocr_carea' id='block_1_76' title="bbox 372 5691 1007 5759">
    <p class='ocr_par' dir='ltr' id='par_1_76' title="bbox 372 5691 1007 5759">
     <span class='ocr_line' id='line_1_76' title="bbox 372 5691 1007 5759; baseline 0.006 -19"><span class='ocrx_word' id='word_1_586' title='bbox 372 5691 665 5759; x_wconf 67' lang='grc' dir='ltr'>συνάφειαν</span> <span class='ocrx_word' id='word_1_587' title='bbox 704 5691 1007 5759; x_wconf 81' lang='grc' dir='ltr'>ἄνθρωπον.</span> 
     </span>
    </p>
   </div>
   <div class='ocr_carea' id='block_1_77' title="bbox 446 5868 828 5933">
    <p class='ocr_par' dir='ltr' id='par_1_77' title="bbox 446 5868 828 5933">
     <span class='ocr_line' id='line_1_77' title="bbox 446 5868 828 5933; baseline -0.003 -10"><span class='ocrx_word' id='word_1_588' title='bbox 446 5871 487 5899; x_wconf 70' lang='grc'><strong>³⁵³</strong></span> <span class='ocrx_word' id='word_1_589' title='bbox 523 5868 629 5923; x_wconf 83' lang='lat' dir='ltr'><strong>Luc</strong></span> <span class='ocrx_word' id='word_1_590' title='bbox 667 5887 703 5933; x_wconf 92' lang='lat' dir='ltr'><strong>I,</strong></span> <span class='ocrx_word' id='word_1_591' title='bbox 748 5870 828 5922; x_wconf 67' lang='lat' dir='ltr'><strong>iii.</strong></span> 
     </span>
    </p>
   </div>
   <div class='ocr_carea' id='block_1_78' title="bbox 906 5871 1933 5939">
    <p class='ocr_par' dir='ltr' id='par_1_78' title="bbox 906 5871 1933 5939">
     <span class='ocr_line' id='line_1_78' title="bbox 906 5871 1933 5939; baseline 0.011 -19"><span class='ocrx_word' id='word_1_592' title='bbox 906 5874 948 5901; x_wconf 71' lang='grc'><strong>³³</strong></span> <span class='ocrx_word' id='word_1_593' title='bbox 981 5871 1135 5925; x_wconf 75' lang='lat' dir='ltr'><strong>Joan.</strong></span> <span class='ocrx_word' id='word_1_594' title='bbox 1165 5889 1244 5934; x_wconf 87' lang='grc' dir='ltr'>ιιι,</span> <span class='ocrx_word' id='word_1_595' title='bbox 1270 5872 1357 5927; x_wconf 68' lang='lat'><strong>5|.</strong></span> <span class='ocrx_word' id='word_1_596' title='bbox 1437 5876 1475 5904; x_wconf 80' lang='grc'><strong>⁵⁷</strong></span> <span class='ocrx_word' id='word_1_597' title='bbox 1506 5877 1539 5928; x_wconf 86' lang='lat' dir='ltr'><strong>il</strong></span> <span class='ocrx_word' id='word_1_598' title='bbox 1569 5876 1691 5931; x_wconf 75' lang='lat' dir='ltr'><strong>Cur.</strong></span> <span class='ocrx_word' id='word_1_599' title='bbox 1730 5893 1779 5939; x_wconf 70' lang='grc' dir='ltr'><strong>ι,</strong></span> <span class='ocrx_word' id='word_1_600' title='bbox 1825 5882 1863 5935; x_wconf 69' lang='grc' dir='ltr'><strong>ί,</strong></span> <span class='ocrx_word' id='word_1_601' title='bbox 1886 5880 1933 5931; x_wconf 65' lang='lat' dir='ltr'><strong>Si.</strong></span> 
     </span>
    </p>
   </div>
   <div class='ocr_carea' id='block_1_79' title="bbox 2015 5878 2544 5945">
    <p class='ocr_par' dir='ltr' id='par_1_79' title="bbox 2015 5878 2544 5945">
     <span class='ocr_line' id='line_1_79' title="bbox 2015 5878 2544 5945; baseline 0.013 -17"><span class='ocrx_word' id='word_1_602' title='bbox 2015 5882 2057 5909; x_wconf 61' lang='lat'><strong>5‘</strong></span> <span class='ocrx_word' id='word_1_603' title='bbox 2090 5878 2244 5934; x_wconf 81' lang='lat' dir='ltr'><strong>.ioan.</strong></span> <span class='ocrx_word' id='word_1_604' title='bbox 2286 5896 2321 5945; x_wconf 87' lang='lat' dir='ltr'><strong>t,</strong></span> <span class='ocrx_word' id='word_1_605' title='bbox 2362 5882 2430 5933; x_wconf 68' lang='lat'><strong>5:!</strong></span> <span class='ocrx_word' id='word_1_606' title='bbox 2459 5882 2544 5935; x_wconf 66' lang='lat' dir='ltr'><strong>Si.</strong></span> 
     </span>
    </p>
   </div>
   <div class='ocr_carea' id='block_1_80' title="bbox 2048 2004 3656 2079">
    <p class='ocr_par' dir='ltr' id='par_1_80' title="bbox 2048 2004 3656 2079">
     <span class='ocr_line' id='line_1_80' title="bbox 2048 2004 3656 2079; baseline 0.002 -18"><span class='ocrx_word' id='word_1_607' title='bbox 2048 2020 2239 2061; x_wconf 90' lang='lat' dir='ltr'><strong>omnes</strong></span> <span class='ocrx_word' id='word_1_608' title='bbox 2272 2019 2395 2060; x_wconf 83' lang='lat' dir='ltr'><strong>esse</strong></span> <span class='ocrx_word' id='word_1_609' title='bbox 2431 2004 2665 2059; x_wconf 79' lang='lat' dir='ltr'><strong>Verbum</strong></span> <span class='ocrx_word' id='word_1_610' title='bbox 2697 2018 2763 2060; x_wconf 76' lang='lat' dir='ltr'><strong>ex</strong></span> <span class='ocrx_word' id='word_1_611' title='bbox 2796 2005 2908 2060; x_wconf 86' lang='lat' dir='ltr'><strong>Deo</strong></span> <span class='ocrx_word' id='word_1_612' title='bbox 2931 2005 3095 2062; x_wconf 85' lang='lat' dir='ltr'><strong>Patre</strong></span> <span class='ocrx_word' id='word_1_613' title='bbox 3127 2009 3370 2079; x_wconf 83' lang='lat' dir='ltr'><strong>genitum</strong></span> <span class='ocrx_word' id='word_1_614' title='bbox 3402 2026 3416 2074; x_wconf 87' lang='lat'><strong>;</strong></span> <span class='ocrx_word' id='word_1_615' title='bbox 3455 2025 3656 2064; x_wconf 77' lang='lat' dir='ltr'><strong>veren-</strong></span> 
     </span>
    </p>
   </div>
   <div class='ocr_carea' id='block_1_81' title="bbox 2051 2094 3653 2172">
    <p class='ocr_par' dir='ltr' id='par_1_81' title="bbox 2051 2094 3653 2172">
     <span class='ocr_line' id='line_1_81' title="bbox 2051 2094 3653 2172; baseline 0.004 -21"><span class='ocrx_word' id='word_1_616' title='bbox 2051 2107 2138 2152; x_wconf 91' lang='lat' dir='ltr'><strong>tur</strong></span> <span class='ocrx_word' id='word_1_617' title='bbox 2178 2109 2358 2153; x_wconf 90' lang='lat' dir='ltr'><strong>autem</strong></span> <span class='ocrx_word' id='word_1_618' title='bbox 2403 2097 2478 2152; x_wconf 91' lang='lat' dir='ltr'><strong>illi</strong></span> <span class='ocrx_word' id='word_1_619' title='bbox 2535 2098 2779 2153; x_wconf 90' lang='lat' dir='ltr'><strong>tribucre</strong></span> <span class='ocrx_word' id='word_1_620' title='bbox 2819 2094 3081 2167; x_wconf 79' lang='lat' dir='ltr'><strong>humana,</strong></span> <span class='ocrx_word' id='word_1_621' title='bbox 3115 2114 3184 2155; x_wconf 89' lang='lat' dir='ltr'><strong>ne</strong></span> <span class='ocrx_word' id='word_1_622' title='bbox 3231 2101 3407 2171; x_wconf 87' lang='lat' dir='ltr'><strong>ipsum</strong></span> <span class='ocrx_word' id='word_1_623' title='bbox 3451 2100 3653 2172; x_wconf 80' lang='lat' dir='ltr'><strong>injuria</strong></span> 
     </span>
    </p>
   </div>
   <div class='ocr_carea' id='block_1_82' title="bbox 2049 2188 3641 2261">
    <p class='ocr_par' dir='ltr' id='par_1_82' title="bbox 2049 2188 3641 2261">
     <span class='ocr_line' id='line_1_82' title="bbox 2049 2188 3641 2261; baseline 0.003 -19"><span class='ocrx_word' id='word_1_624' title='bbox 2049 2188 2283 2255; x_wconf 70' lang='lat' dir='ltr'><strong>afficere,</strong></span> <span class='ocrx_word' id='word_1_625' title='bbox 2336 2190 2675 2261; x_wconf 79' lang='lat' dir='ltr'><strong>gloriamque</strong></span> <span class='ocrx_word' id='word_1_626' title='bbox 2722 2192 2892 2261; x_wconf 78' lang='lat' dir='ltr'><strong>ipsius</strong></span> <span class='ocrx_word' id='word_1_627' title='bbox 2951 2192 3277 2249; x_wconf 89' lang='lat' dir='ltr'><strong>imminuere</strong></span> <span class='ocrx_word' id='word_1_628' title='bbox 3330 2193 3641 2249; x_wconf 85' lang='lat' dir='ltr'><strong>videantur.</strong></span> 
     </span>
    </p>
   </div>
   <div class='ocr_carea' id='block_1_83' title="bbox 2050 2283 3653 2354">
    <p class='ocr_par' dir='ltr' id='par_1_83' title="bbox 2050 2283 3653 2354">
     <span class='ocr_line' id='line_1_83' title="bbox 2050 2283 3653 2354; baseline 0.001 -17"><span class='ocrx_word' id='word_1_629' title='bbox 2050 2283 2256 2338; x_wconf 88' lang='lat' dir='ltr'><strong>Idcirco</strong></span> <span class='ocrx_word' id='word_1_630' title='bbox 2284 2283 2617 2338; x_wconf 87' lang='lat' dir='ltr'><strong>contendunt</strong></span> <span class='ocrx_word' id='word_1_631' title='bbox 2652 2284 2827 2354; x_wconf 86' lang='lat' dir='ltr'><strong>ipsum</strong></span> <span class='ocrx_word' id='word_1_632' title='bbox 2865 2298 3149 2341; x_wconf 84' lang='lat' dir='ltr'><strong>assumere</strong></span> <span class='ocrx_word' id='word_1_633' title='bbox 3165 2284 3471 2351; x_wconf 86' lang='lat' dir='ltr'><strong>hominem,</strong></span> <span class='ocrx_word' id='word_1_634' title='bbox 3503 2301 3653 2341; x_wconf 85' lang='lat' dir='ltr'><strong>eum-</strong></span> 
     </span>
    </p>
   </div>
   <div class='ocr_carea' id='block_1_84' title="bbox 2049 2374 3651 2450">
    <p class='ocr_par' dir='ltr' id='par_1_84' title="bbox 2049 2374 3651 2450">
     <span class='ocr_line' id='line_1_84' title="bbox 2049 2374 3651 2450; baseline 0.002 -21"><span class='ocrx_word' id='word_1_635' title='bbox 2049 2390 2154 2444; x_wconf 90' lang='lat' dir='ltr'><strong>que</strong></span> <span class='ocrx_word' id='word_1_636' title='bbox 2183 2374 2724 2444; x_wconf 80' lang='lat' dir='ltr'><strong>sibiconjungere.in</strong></span> <span class='ocrx_word' id='word_1_637' title='bbox 2775 2390 2937 2446; x_wconf 87' lang='lat' dir='ltr'><strong>quem</strong></span> <span class='ocrx_word' id='word_1_638' title='bbox 2999 2379 3198 2432; x_wconf 84' lang='lat' dir='ltr'><strong>cadant</strong></span> <span class='ocrx_word' id='word_1_639' title='bbox 3230 2387 3285 2430; x_wconf 79' lang='lat' dir='ltr'><strong>ct</strong></span> <span class='ocrx_word' id='word_1_640' title='bbox 3309 2381 3377 2433; x_wconf 89' lang='lat' dir='ltr'><strong>de</strong></span> <span class='ocrx_word' id='word_1_641' title='bbox 3412 2394 3523 2450; x_wconf 89' lang='lat' dir='ltr'><strong>quo</strong></span> <span class='ocrx_word' id='word_1_642' title='bbox 3573 2380 3651 2432; x_wconf 83' lang='lat' dir='ltr'><strong>di-</strong></span> 
     </span>
    </p>
   </div>
   <div class='ocr_carea' id='block_1_85' title="bbox 2049 2465 3656 2542">
    <p class='ocr_par' dir='ltr' id='par_1_85' title="bbox 2049 2465 3656 2542">
     <span class='ocr_line' id='line_1_85' title="bbox 2049 2465 3656 2542; baseline 0.005 -23"><span class='ocrx_word' id='word_1_643' title='bbox 2049 2475 2246 2521; x_wconf 84' lang='lat' dir='ltr'><strong>cantur</strong></span> <span class='ocrx_word' id='word_1_644' title='bbox 2290 2465 2525 2521; x_wconf 86' lang='lat' dir='ltr'><strong>hominis</strong></span> <span class='ocrx_word' id='word_1_645' title='bbox 2559 2467 2921 2536; x_wconf 79' lang='lat' dir='ltr'><strong>proprietates</strong></span> <span class='ocrx_word' id='word_1_646' title='bbox 2957 2485 2972 2535; x_wconf 91' lang='lat'><strong>;</strong></span> <span class='ocrx_word' id='word_1_647' title='bbox 3009 2469 3080 2522; x_wconf 88' lang='lat' dir='ltr'><strong>ita</strong></span> <span class='ocrx_word' id='word_1_648' title='bbox 3150 2479 3209 2523; x_wconf 92' lang='lat' dir='ltr'><strong>ut</strong></span> <span class='ocrx_word' id='word_1_649' title='bbox 3261 2467 3422 2525; x_wconf 78' lang='lat' dir='ltr'><strong>Verbi</strong></span> <span class='ocrx_word' id='word_1_650' title='bbox 3486 2472 3656 2542; x_wconf 87' lang='lat' dir='ltr'><strong>ipsius</strong></span> 
     </span>
    </p>
   </div>
   <div class='ocr_carea' id='block_1_86' title="bbox 2052 2555 3493 2633">
    <p class='ocr_par' dir='ltr' id='par_1_86' title="bbox 2052 2555 3493 2633">
     <span class='ocr_line' id='line_1_86' title="bbox 2052 2555 3493 2633; baseline 0.006 -23"><span class='ocrx_word' id='word_1_651' title='bbox 2052 2563 2244 2610; x_wconf 82' lang='lat' dir='ltr'><strong>natura</strong></span> <span class='ocrx_word' id='word_1_652' title='bbox 2283 2555 2487 2611; x_wconf 89' lang='lat' dir='ltr'><strong>nullum</strong></span> <span class='ocrx_word' id='word_1_653' title='bbox 2516 2558 2741 2612; x_wconf 84' lang='lat' dir='ltr'><strong>omnino</strong></span> <span class='ocrx_word' id='word_1_654' title='bbox 2774 2559 3165 2615; x_wconf 89' lang='lat' dir='ltr'><strong>detrimentum</strong></span> <span class='ocrx_word' id='word_1_655' title='bbox 3214 2562 3493 2633; x_wconf 51' lang='lat' dir='ltr'><strong>accipiat,</strong></span> 
     </span>
    </p>
   </div>
   <div class='ocr_carea' id='block_1_87' title="bbox 2119 2732 3657 2806">
    <p class='ocr_par' dir='ltr' id='par_1_87' title="bbox 2119 2732 3657 2806">
     <span class='ocr_line' id='line_1_87' title="bbox 2119 2732 3657 2806; baseline 0.012 -19"><span class='ocrx_word' id='word_1_656' title='bbox 2119 2732 2188 2787; x_wconf 86' lang='lat' dir='ltr'><strong>A.</strong></span> <span class='ocrx_word' id='word_1_657' title='bbox 2245 2734 2501 2790; x_wconf 88' lang='lat' dir='ltr'><strong>Diversus</strong></span> <span class='ocrx_word' id='word_1_658' title='bbox 2536 2736 2719 2806; x_wconf 84' lang='lat' dir='ltr'><strong>itaque</strong></span> <span class='ocrx_word' id='word_1_659' title='bbox 2760 2739 2811 2793; x_wconf 93' lang='lat' dir='ltr'><strong>in</strong></span> <span class='ocrx_word' id='word_1_660' title='bbox 2864 2739 3180 2797; x_wconf 81' lang='lat' dir='ltr'><strong>universum</strong></span> <span class='ocrx_word' id='word_1_661' title='bbox 3216 2753 3272 2799; x_wconf 91' lang='lat' dir='ltr'><strong>et</strong></span> <span class='ocrx_word' id='word_1_662' title='bbox 3300 2746 3410 2801; x_wconf 88' lang='lat' dir='ltr'><strong>erit</strong></span> <span class='ocrx_word' id='word_1_663' title='bbox 3432 2756 3487 2803; x_wconf 92' lang='lat' dir='ltr'><strong>et</strong></span> <span class='ocrx_word' id='word_1_664' title='bbox 3510 2749 3657 2805; x_wconf 60' lang='lat' dir='ltr'><strong>dieeo</strong></span> 
     </span>
    </p>
   </div>
   <div class='ocr_carea' id='block_1_88' title="bbox 2052 2829 3657 2904">
    <p class='ocr_par' dir='ltr' id='par_1_88' title="bbox 2052 2829 3657 2904">
     <span class='ocr_line' id='line_1_88' title="bbox 2052 2829 3657 2904; baseline 0.012 -28"><span class='ocrx_word' id='word_1_665' title='bbox 2052 2832 2139 2880; x_wconf 89' lang='lat' dir='ltr'><strong>tur</strong></span> <span class='ocrx_word' id='word_1_666' title='bbox 2174 2829 2242 2883; x_wconf 88' lang='lat' dir='ltr'><strong>ab</strong></span> <span class='ocrx_word' id='word_1_667' title='bbox 2296 2830 2435 2897; x_wconf 85' lang='lat' dir='ltr'><strong>ipso,</strong></span> <span class='ocrx_word' id='word_1_668' title='bbox 2481 2830 2527 2883; x_wconf 90' lang='lat' dir='ltr'><strong>is</strong></span> <span class='ocrx_word' id='word_1_669' title='bbox 2568 2832 2660 2898; x_wconf 90' lang='lat' dir='ltr'><strong>qui</strong></span> <span class='ocrx_word' id='word_1_670' title='bbox 2692 2844 3006 2904; x_wconf 86' lang='lat' dir='ltr'><strong>assumptus</strong></span> <span class='ocrx_word' id='word_1_671' title='bbox 3064 2845 3168 2893; x_wconf 85' lang='lat' dir='ltr'><strong>est.</strong></span> <span class='ocrx_word' id='word_1_672' title='bbox 3226 2837 3495 2895; x_wconf 64' lang='lat' dir='ltr'><strong>Caeterum</strong></span> <span class='ocrx_word' id='word_1_673' title='bbox 3556 2857 3657 2897; x_wconf 87' lang='lat' dir='ltr'><strong>nos</strong></span> 
     </span>
    </p>
   </div>
   <div class='ocr_carea' id='block_1_89' title="bbox 2052 2919 3654 2998">
    <p class='ocr_par' dir='ltr' id='par_1_89' title="bbox 2052 2919 3654 2998">
     <span class='ocr_line' id='line_1_89' title="bbox 2052 2919 3654 2998; baseline 0.011 -25"><span class='ocrx_word' id='word_1_674' title='bbox 2052 2919 2265 2975; x_wconf 86' lang='lat' dir='ltr'><strong>illorum</strong></span> <span class='ocrx_word' id='word_1_675' title='bbox 2299 2923 2632 2993; x_wconf 87' lang='lat' dir='ltr'><strong>imperitiam</strong></span> <span class='ocrx_word' id='word_1_676' title='bbox 2686 2924 2833 2981; x_wconf 93' lang='lat' dir='ltr'><strong>nullo</strong></span> <span class='ocrx_word' id='word_1_677' title='bbox 2884 2928 3048 2984; x_wconf 91' lang='lat' dir='ltr'><strong>modo</strong></span> <span class='ocrx_word' id='word_1_678' title='bbox 3077 2930 3433 2998; x_wconf 85' lang='lat' dir='ltr'><strong>scctabimur,</strong></span> <span class='ocrx_word' id='word_1_679' title='bbox 3497 2948 3654 2990; x_wconf 82' lang='lat' dir='ltr'><strong>sacra</strong></span> 
     </span>
    </p>
   </div>
   <div class='ocr_carea' id='block_1_90' title="bbox 2053 3011 3654 3093">
    <p class='ocr_par' dir='ltr' id='par_1_90' title="bbox 2053 3011 3654 3093">
     <span class='ocr_line' id='line_1_90' title="bbox 2053 3011 3654 3093; baseline 0.009 -26"><span class='ocrx_word' id='word_1_680' title='bbox 2053 3011 2336 3083; x_wconf 87' lang='lat' dir='ltr'><strong>Scriptura</strong></span> <span class='ocrx_word' id='word_1_681' title='bbox 2408 3017 2710 3086; x_wconf 71' lang='lat' dir='ltr'><strong>praeterita,</strong></span> <span class='ocrx_word' id='word_1_682' title='bbox 2769 3026 2825 3073; x_wconf 86' lang='lat' dir='ltr'><strong>et</strong></span> <span class='ocrx_word' id='word_1_683' title='bbox 2878 3029 3194 3076; x_wconf 90' lang='lat' dir='ltr'><strong>sanctorum</strong></span> <span class='ocrx_word' id='word_1_684' title='bbox 3282 3024 3654 3093; x_wconf 82' lang='lat' dir='ltr'><strong>apostolorum</strong></span> 
     </span>
    </p>
   </div>
   <div class='ocr_carea' id='block_1_91' title="bbox 2050 3109 3651 3191">
    <p class='ocr_par' dir='ltr' id='par_1_91' title="bbox 2050 3109 3651 3191">
     <span class='ocr_line' id='line_1_91' title="bbox 2050 3109 3651 3191; baseline 0.008 -30"><span class='ocrx_word' id='word_1_685' title='bbox 2050 3117 2212 3177; x_wconf 81' lang='lat' dir='ltr'><strong>atque</strong></span> <span class='ocrx_word' id='word_1_686' title='bbox 2245 3109 2703 3179; x_wconf 82' lang='lat' dir='ltr'><strong>evangelistarum</strong></span> <span class='ocrx_word' id='word_1_687' title='bbox 2766 3112 3063 3167; x_wconf 89' lang='lat' dir='ltr'><strong>traditione</strong></span> <span class='ocrx_word' id='word_1_688' title='bbox 3119 3124 3434 3185; x_wconf 88' lang='lat' dir='ltr'><strong>contempta</strong></span> <span class='ocrx_word' id='word_1_689' title='bbox 3470 3135 3651 3191; x_wconf 87' lang='lat' dir='ltr'><strong>neque</strong></span> 
     </span>
    </p>
   </div>
   <div class='ocr_carea' id='block_1_92' title="bbox 1975 3199 3655 3293">
    <p class='ocr_par' dir='ltr' id='par_1_92' title="bbox 1975 3199 3655 3293">
     <span class='ocr_line' id='line_1_92' title="bbox 1975 3199 3655 3293; baseline 0.008 -39"><span class='ocrx_word' id='word_1_690' title='bbox 1975 3234 2017 3293; x_wconf 64' lang='grc' dir='ltr'>α</span> <span class='ocrx_word' id='word_1_691' title='bbox 2055 3199 2101 3255; x_wconf 90' lang='lat' dir='ltr'><strong>si</strong></span> <span class='ocrx_word' id='word_1_692' title='bbox 2136 3199 2348 3255; x_wconf 88' lang='lat' dir='ltr'><strong>illorum</strong></span> <span class='ocrx_word' id='word_1_693' title='bbox 2378 3214 2616 3256; x_wconf 73' lang='lat' dir='ltr'><strong>mentem</strong></span> <span class='ocrx_word' id='word_1_694' title='bbox 2648 3213 2795 3257; x_wconf 85' lang='lat' dir='ltr'><strong>tanta</strong></span> <span class='ocrx_word' id='word_1_695' title='bbox 2849 3204 3199 3261; x_wconf 85' lang='lat' dir='ltr'><strong>imbecillitas</strong></span> <span class='ocrx_word' id='word_1_696' title='bbox 3254 3217 3419 3277; x_wconf 85' lang='lat' dir='ltr'><strong>atque</strong></span> <span class='ocrx_word' id='word_1_697' title='bbox 3481 3211 3655 3279; x_wconf 84' lang='lat' dir='ltr'><strong>impe-</strong></span> 
     </span>
    </p>
   </div>
   <div class='ocr_carea' id='block_1_93' title="bbox 2057 3292 3657 3371">
    <p class='ocr_par' dir='ltr' id='par_1_93' title="bbox 2057 3292 3657 3371">
     <span class='ocr_line' id='line_1_93' title="bbox 2057 3292 3657 3371; baseline 0.009 -25"><span class='ocrx_word' id='word_1_698' title='bbox 2057 3292 2180 3346; x_wconf 86' lang='lat' dir='ltr'><strong>ritia</strong></span> <span class='ocrx_word' id='word_1_699' title='bbox 2201 3297 2507 3362; x_wconf 81' lang='lat' dir='ltr'><strong>occupavit.</strong></span> <span class='ocrx_word' id='word_1_700' title='bbox 2542 3304 2599 3348; x_wconf 87' lang='lat' dir='ltr'><strong>ut</strong></span> <span class='ocrx_word' id='word_1_701' title='bbox 2630 3297 2876 3367; x_wconf 86' lang='lat' dir='ltr'><strong>mysterii</strong></span> <span class='ocrx_word' id='word_1_702' title='bbox 2911 3299 3338 3368; x_wconf 74' lang='lat' dir='ltr'><strong>magnitudinem</strong></span> <span class='ocrx_word' id='word_1_703' title='bbox 3364 3306 3657 3371; x_wconf 81' lang='lat' dir='ltr'><strong>concipere</strong></span> 
     </span>
    </p>
   </div>
   <div class='ocr_carea' id='block_1_94' title="bbox 2052 3385 3659 3465">
    <p class='ocr_par' dir='ltr' id='par_1_94' title="bbox 2052 3385 3659 3465">
     <span class='ocr_line' id='line_1_94' title="bbox 2052 3385 3659 3465; baseline 0.007 -28"><span class='ocrx_word' id='word_1_704' title='bbox 2052 3393 2349 3453; x_wconf 87' lang='lat' dir='ltr'><strong>nequeant,</strong></span> <span class='ocrx_word' id='word_1_705' title='bbox 2388 3385 2597 3439; x_wconf 83' lang='lat' dir='ltr'><strong>ideirco</strong></span> <span class='ocrx_word' id='word_1_706' title='bbox 2647 3389 2810 3441; x_wconf 89' lang='lat' dir='ltr'><strong>etiam</strong></span> <span class='ocrx_word' id='word_1_707' title='bbox 2844 3403 2945 3443; x_wconf 86' lang='lat' dir='ltr'><strong>nos</strong></span> <span class='ocrx_word' id='word_1_708' title='bbox 2988 3388 3201 3444; x_wconf 86' lang='lat' dir='ltr'><strong>illorum</strong></span> <span class='ocrx_word' id='word_1_709' title='bbox 3236 3395 3411 3447; x_wconf 89' lang='lat' dir='ltr'><strong>errori</strong></span> <span class='ocrx_word' id='word_1_710' title='bbox 3466 3397 3659 3465; x_wconf 85' lang='lat' dir='ltr'><strong>adjun-</strong></span> 
     </span>
    </p>
   </div>
   <div class='ocr_carea' id='block_1_95' title="bbox 2053 3477 3656 3564">
    <p class='ocr_par' dir='ltr' id='par_1_95' title="bbox 2053 3477 3656 3564">
     <span class='ocr_line' id='line_1_95' title="bbox 2053 3477 3656 3564; baseline 0.01 -35"><span class='ocrx_word' id='word_1_711' title='bbox 2053 3490 2263 3546; x_wconf 81' lang='lat' dir='ltr'><strong>gemus,</strong></span> <span class='ocrx_word' id='word_1_712' title='bbox 2308 3477 2534 3547; x_wconf 86' lang='lat' dir='ltr'><strong>parique</strong></span> <span class='ocrx_word' id='word_1_713' title='bbox 2577 3494 2701 3532; x_wconf 91' lang='lat' dir='ltr'><strong>cum</strong></span> <span class='ocrx_word' id='word_1_714' title='bbox 2734 3478 2865 3549; x_wconf 91' lang='lat' dir='ltr'><strong>ipsis</strong></span> <span class='ocrx_word' id='word_1_715' title='bbox 2904 3480 3212 3564; x_wconf 70' lang='lat' dir='ltr'><strong>ignorantia</strong></span> <span class='ocrx_word' id='word_1_716' title='bbox 3261 3483 3656 3556; x_wconf 70' lang='lat' dir='ltr'><strong>laborabimus,</strong></span> 
     </span>
    </p>
   </div>
   <div class='ocr_carea' id='block_1_96' title="bbox 2052 3568 3655 3647">
    <p class='ocr_par' dir='ltr' id='par_1_96' title="bbox 2052 3568 3655 3647">
     <span class='ocr_line' id='line_1_96' title="bbox 2052 3568 3655 3647; baseline 0.011 -26"><span class='ocrx_word' id='word_1_717' title='bbox 2052 3568 2300 3624; x_wconf 77' lang='lat' dir='ltr'><strong>veritatis</strong></span> <span class='ocrx_word' id='word_1_718' title='bbox 2356 3571 2681 3626; x_wconf 87' lang='lat' dir='ltr'><strong>rectitudine</strong></span> <span class='ocrx_word' id='word_1_719' title='bbox 2742 3573 3010 3642; x_wconf 85' lang='lat' dir='ltr'><strong>neglecta.</strong></span> <span class='ocrx_word' id='word_1_720' title='bbox 3062 3575 3225 3647; x_wconf 76' lang='lat'><strong>752</strong></span> <span class='ocrx_word' id='word_1_721' title='bbox 3273 3577 3459 3647; x_wconf 71' lang='lat' dir='ltr'><strong>Neque</strong></span> <span class='ocrx_word' id='word_1_722' title='bbox 3510 3583 3655 3637; x_wconf 72' lang='lat' dir='ltr'><strong>enim</strong></span> 
     </span>
    </p>
   </div>
   <div class='ocr_carea' id='block_1_97' title="bbox 2054 3660 3654 3743">
    <p class='ocr_par' dir='ltr' id='par_1_97' title="bbox 2054 3660 3654 3743">
     <span class='ocr_line' id='line_1_97' title="bbox 2054 3660 3654 3743; baseline 0.009 -30"><span class='ocrx_word' id='word_1_723' title='bbox 2054 3660 2370 3731; x_wconf 76' lang='lat' dir='ltr'><strong>ignoramus</strong></span> <span class='ocrx_word' id='word_1_724' title='bbox 2420 3662 2549 3732; x_wconf 90' lang='lat' dir='ltr'><strong>quid</strong></span> <span class='ocrx_word' id='word_1_725' title='bbox 2610 3666 3020 3722; x_wconf 77' lang='lat' dir='ltr'><strong>sacratissimus</strong></span> <span class='ocrx_word' id='word_1_726' title='bbox 3070 3667 3274 3724; x_wconf 84' lang='lat' dir='ltr'><strong>Paulus</strong></span> <span class='ocrx_word' id='word_1_727' title='bbox 3334 3671 3654 3743; x_wconf 76' lang='lat' dir='ltr'><strong>scripserit,</strong></span> 
     </span>
    </p>
   </div>
   <div class='ocr_carea' id='block_1_98' title="bbox 2054 3753 3652 3823">
    <p class='ocr_par' dir='ltr' id='par_1_98' title="bbox 2054 3753 3652 3823">
     <span class='ocr_line' id='line_1_98' title="bbox 2054 3753 3652 3823; baseline 0.007 -16"><span class='ocrx_word' id='word_1_728' title='bbox 2054 3753 2255 3809; x_wconf 79' lang='lat' dir='ltr'><strong>debere</strong></span> <span class='ocrx_word' id='word_1_729' title='bbox 2285 3768 2385 3808; x_wconf 83' lang='lat' dir='ltr'><strong>nos</strong></span> <span class='ocrx_word' id='word_1_730' title='bbox 2417 3772 2435 3805; x_wconf 81' lang='grc' dir='ltr'><strong>ι</strong></span> <span class='ocrx_word' id='word_1_731' title='bbox 2477 3755 2706 3812; x_wconf 87' lang='lat' dir='ltr'><strong>consilia</strong></span> <span class='ocrx_word' id='word_1_732' title='bbox 2750 3756 3057 3823; x_wconf 85' lang='lat' dir='ltr'><strong>destruere,</strong></span> <span class='ocrx_word' id='word_1_733' title='bbox 3090 3772 3146 3814; x_wconf 89' lang='lat' dir='ltr'><strong>et</strong></span> <span class='ocrx_word' id='word_1_734' title='bbox 3191 3775 3410 3816; x_wconf 89' lang='lat' dir='ltr'><strong>omnem</strong></span> <span class='ocrx_word' id='word_1_735' title='bbox 3461 3764 3652 3818; x_wconf 87' lang='lat' dir='ltr'><strong>altitu-</strong></span> 
     </span>
    </p>
   </div>
   <div class='ocr_carea' id='block_1_99' title="bbox 2052 3844 3655 3921">
    <p class='ocr_par' dir='ltr' id='par_1_99' title="bbox 2052 3844 3655 3921">
     <span class='ocr_line' id='line_1_99' title="bbox 2052 3844 3655 3921; baseline 0.009 -22"><span class='ocrx_word' id='word_1_736' title='bbox 2052 3844 2237 3903; x_wconf 83' lang='lat' dir='ltr'><strong>dinem</strong></span> <span class='ocrx_word' id='word_1_737' title='bbox 2259 3848 2608 3903; x_wconf 77' lang='lat' dir='ltr'><strong>extollentem</strong></span> <span class='ocrx_word' id='word_1_738' title='bbox 2644 3864 2705 3903; x_wconf 92' lang='lat' dir='ltr'><strong>se</strong></span> <span class='ocrx_word' id='word_1_739' title='bbox 2734 3850 2996 3904; x_wconf 81' lang='lat' dir='ltr'><strong>adversus</strong></span> <span class='ocrx_word' id='word_1_740' title='bbox 3045 3853 3333 3908; x_wconf 87' lang='lat' dir='ltr'><strong>scientiam</strong></span> <span class='ocrx_word' id='word_1_741' title='bbox 3368 3853 3486 3921; x_wconf 87' lang='lat' dir='ltr'><strong>Dei,</strong></span> <span class='ocrx_word' id='word_1_742' title='bbox 3518 3867 3573 3912; x_wconf 80' lang='lat' dir='ltr'><strong>et</strong></span> <span class='ocrx_word' id='word_1_743' title='bbox 3602 3858 3655 3913; x_wconf 90' lang='lat' dir='ltr'><strong>in</strong></span> 
     </span>
    </p>
   </div>
   <div class='ocr_carea' id='block_1_100' title="bbox 2054 3940 3653 4012">
    <p class='ocr_par' dir='ltr' id='par_1_100' title="bbox 2054 3940 3653 4012">
     <span class='ocr_line' id='line_1_100' title="bbox 2054 3940 3653 4012; baseline 0.007 -17"><span class='ocrx_word' id='word_1_744' title='bbox 2054 3940 2427 4010; x_wconf 84' lang='lat' dir='ltr'><strong>captivitatem</strong></span> <span class='ocrx_word' id='word_1_745' title='bbox 2466 3940 2713 4012; x_wconf 77' lang='lat' dir='ltr'><strong>redigere</strong></span> <span class='ocrx_word' id='word_1_746' title='bbox 2742 3956 2960 3996; x_wconf 78' lang='lat' dir='ltr'><strong>omnem</strong></span> <span class='ocrx_word' id='word_1_747' title='bbox 3012 3942 3350 3999; x_wconf 87' lang='lat' dir='ltr'><strong>intellectum</strong></span> <span class='ocrx_word' id='word_1_748' title='bbox 3404 3949 3454 4001; x_wconf 92' lang='lat' dir='ltr'><strong>in</strong></span> <span class='ocrx_word' id='word_1_749' title='bbox 3490 3950 3653 4005; x_wconf 88' lang='lat' dir='ltr'><strong>obse-</strong></span> 
     </span>
    </p>
   </div>
   <div class='ocr_carea' id='block_1_101' title="bbox 2054 4032 3657 4103">
    <p class='ocr_par' dir='ltr' id='par_1_101' title="bbox 2054 4032 3657 4103">
     <span class='ocr_line' id='line_1_101' title="bbox 2054 4032 3657 4103; baseline 0.007 -18"><span class='ocrx_word' id='word_1_750' title='bbox 2054 4035 2243 4103; x_wconf 88' lang='lat' dir='ltr'><strong>quium</strong></span> <span class='ocrx_word' id='word_1_751' title='bbox 2279 4032 2478 4087; x_wconf 77' lang='lat' dir='ltr'><strong>Cltristi</strong></span> <span class='ocrx_word' id='word_1_752' title='bbox 2509 4032 2577 4086; x_wconf 85' lang='lat'><strong>&quot;.</strong></span> <span class='ocrx_word' id='word_1_753' title='bbox 2619 4051 2638 4084; x_wconf 78' lang='grc' dir='ltr'><strong>ι</strong></span> <span class='ocrx_word' id='word_1_754' title='bbox 2678 4032 2949 4087; x_wconf 71' lang='lat' dir='ltr'><strong>Caeterum</strong></span> <span class='ocrx_word' id='word_1_755' title='bbox 2980 4034 3224 4090; x_wconf 87' lang='lat' dir='ltr'><strong>habesne</strong></span> <span class='ocrx_word' id='word_1_756' title='bbox 3264 4037 3367 4089; x_wconf 83' lang='lat' dir='ltr'><strong>alia</strong></span> <span class='ocrx_word' id='word_1_757' title='bbox 3416 4054 3657 4096; x_wconf 81' lang='lat' dir='ltr'><strong>comme-</strong></span> 
     </span>
    </p>
   </div>
   <div class='ocr_carea' id='block_1_102' title="bbox 2057 4124 3659 4199">
    <p class='ocr_par' dir='ltr' id='par_1_102' title="bbox 2057 4124 3659 4199">
     <span class='ocr_line' id='line_1_102' title="bbox 2057 4124 3659 4199; baseline 0.006 -21"><span class='ocrx_word' id='word_1_758' title='bbox 2057 4124 2314 4179; x_wconf 79' lang='lat' dir='ltr'><strong>moranda</strong></span> <span class='ocrx_word' id='word_1_759' title='bbox 2334 4125 2530 4193; x_wconf 86' lang='lat' dir='ltr'><strong>quibus</strong></span> <span class='ocrx_word' id='word_1_760' title='bbox 2551 4125 2652 4195; x_wconf 88' lang='lat' dir='ltr'><strong>ipsi</strong></span> <span class='ocrx_word' id='word_1_761' title='bbox 2676 4124 3049 4191; x_wconf 71' lang='lat' dir='ltr'><strong>offenduntur,</strong></span> <span class='ocrx_word' id='word_1_762' title='bbox 3070 4136 3124 4181; x_wconf 91' lang='lat' dir='ltr'><strong>et</strong></span> <span class='ocrx_word' id='word_1_763' title='bbox 3142 4129 3208 4183; x_wconf 84' lang='lat' dir='ltr'><strong>ad</strong></span> <span class='ocrx_word' id='word_1_764' title='bbox 3229 4129 3461 4199; x_wconf 87' lang='lat' dir='ltr'><strong>lapidem</strong></span> <span class='ocrx_word' id='word_1_765' title='bbox 3487 4132 3659 4188; x_wconf 83' lang='lat' dir='ltr'><strong>nii&#39;en-</strong></span> 
     </span>
    </p>
   </div>
   <div class='ocr_carea' id='block_1_103' title="bbox 2055 4218 2859 4289">
    <p class='ocr_par' dir='ltr' id='par_1_103' title="bbox 2055 4218 2859 4289">
     <span class='ocr_line' id='line_1_103' title="bbox 2055 4218 2859 4289; baseline -0.004 -14"><span class='ocrx_word' id='word_1_766' title='bbox 2055 4220 2218 4275; x_wconf 87' lang='lat' dir='ltr'><strong>diculi</strong></span> <span class='ocrx_word' id='word_1_767' title='bbox 2251 4218 2474 4274; x_wconf 64' lang='lat' dir='ltr'><strong>Judaice</strong></span> <span class='ocrx_word' id='word_1_768' title='bbox 2510 4220 2859 4289; x_wconf 77' lang='lat' dir='ltr'><strong>impingunt?</strong></span> 
     </span>
    </p>
   </div>
   <div class='ocr_carea' id='block_1_104' title="bbox 2126 4310 3659 4385">
    <p class='ocr_par' dir='ltr' id='par_1_104' title="bbox 2126 4310 3659 4385">
     <span class='ocr_line' id='line_1_104' title="bbox 2126 4310 3659 4385; baseline 0.006 -20"><span class='ocrx_word' id='word_1_769' title='bbox 2126 4312 2187 4365; x_wconf 86' lang='grc' dir='ltr'><strong>Β.</strong></span> <span class='ocrx_word' id='word_1_770' title='bbox 2250 4310 2435 4365; x_wconf 84' lang='lat' dir='ltr'><strong>liabco</strong></span> <span class='ocrx_word' id='word_1_771' title='bbox 2484 4313 2703 4381; x_wconf 85' lang='lat' dir='ltr'><strong>quidem</strong></span> <span class='ocrx_word' id='word_1_772' title='bbox 2737 4313 3019 4383; x_wconf 89' lang='lat' dir='ltr'><strong>complura</strong></span> <span class='ocrx_word' id='word_1_773' title='bbox 3069 4330 3192 4383; x_wconf 74' lang='lat' dir='ltr'><strong>qua:</strong></span> <span class='ocrx_word' id='word_1_774' title='bbox 3240 4316 3521 4385; x_wconf 83' lang='lat' dir='ltr'><strong>sigillatim</strong></span> <span class='ocrx_word' id='word_1_775' title='bbox 3573 4322 3659 4374; x_wconf 83' lang='lat' dir='ltr'><strong>di-</strong></span> 
     </span>
    </p>
   </div>
   <div class='ocr_carea' id='block_1_105' title="bbox 2055 4404 3657 4475">
    <p class='ocr_par' dir='ltr' id='par_1_105' title="bbox 2055 4404 3657 4475">
     <span class='ocr_line' id='line_1_105' title="bbox 2055 4404 3657 4475; baseline 0.002 -14"><span class='ocrx_word' id='word_1_776' title='bbox 2055 4406 2227 4462; x_wconf 88' lang='lat' dir='ltr'><strong>cendo</strong></span> <span class='ocrx_word' id='word_1_777' title='bbox 2252 4419 2576 4474; x_wconf 86' lang='lat' dir='ltr'><strong>persequar.</strong></span> <span class='ocrx_word' id='word_1_778' title='bbox 2633 4404 2800 4458; x_wconf 77' lang='lat' dir='ltr'><strong>Aiunt</strong></span> <span class='ocrx_word' id='word_1_779' title='bbox 2845 4406 3028 4475; x_wconf 90' lang='lat' dir='ltr'><strong>itaque</strong></span> <span class='ocrx_word' id='word_1_780' title='bbox 3074 4407 3352 4463; x_wconf 84' lang='lat' dir='ltr'><strong>Christum</strong></span> <span class='ocrx_word' id='word_1_781' title='bbox 3411 4413 3657 4466; x_wconf 84' lang='lat' dir='ltr'><strong>sanctitl-</strong></span> 
     </span>
    </p>
   </div>
   <div class='ocr_carea' id='block_1_106' title="bbox 2058 4494 3661 4566">
    <p class='ocr_par' dir='ltr' id='par_1_106' title="bbox 2058 4494 3661 4566">
     <span class='ocr_line' id='line_1_106' title="bbox 2058 4494 3661 4566; baseline 0 -13"><span class='ocrx_word' id='word_1_782' title='bbox 2058 4506 2237 4553; x_wconf 86' lang='lat' dir='ltr'><strong>catum</strong></span> <span class='ocrx_word' id='word_1_783' title='bbox 2276 4512 2303 4549; x_wconf 88' lang='lat' dir='ltr'><strong>a</strong></span> <span class='ocrx_word' id='word_1_784' title='bbox 2344 4494 2527 4550; x_wconf 86' lang='lat' dir='ltr'><strong>Patre.</strong></span> <span class='ocrx_word' id='word_1_785' title='bbox 2564 4494 2842 4566; x_wconf 83' lang='lat' dir='ltr'><strong>Scriptum</strong></span> <span class='ocrx_word' id='word_1_786' title='bbox 2876 4508 2958 4552; x_wconf 89' lang='lat' dir='ltr'><strong>est</strong></span> <span class='ocrx_word' id='word_1_787' title='bbox 2982 4499 3127 4553; x_wconf 91' lang='lat' dir='ltr'><strong>enim</strong></span> <span class='ocrx_word' id='word_1_788' title='bbox 3162 4518 3173 4554; x_wconf 95' lang='lat'>:</span> <span class='ocrx_word' id='word_1_789' title='bbox 3215 4518 3233 4550; x_wconf 78' lang='grc' dir='ltr'><strong>ι</strong></span> <span class='ocrx_word' id='word_1_790' title='bbox 3291 4499 3360 4555; x_wconf 88' lang='lat' dir='ltr'><strong>Et</strong></span> <span class='ocrx_word' id='word_1_791' title='bbox 3415 4505 3661 4556; x_wconf 83' lang='lat' dir='ltr'><strong>testimo-</strong></span> 
     </span>
    </p>
   </div>
   <div class='ocr_carea' id='block_1_107' title="bbox 3156 4590 3658 4663">
    <p class='ocr_par' dir='ltr' id='par_1_107' title="bbox 3156 4590 3658 4663">
     <span class='ocr_line' id='line_1_107' title="bbox 3156 4590 3658 4663; baseline 0.006 -18"><span class='ocrx_word' id='word_1_792' title='bbox 3156 4608 3170 4645; x_wconf 92' lang='lat'>:</span> <span class='ocrx_word' id='word_1_793' title='bbox 3225 4590 3345 4645; x_wconf 81' lang='lat' dir='ltr'><strong>Vidi</strong></span> <span class='ocrx_word' id='word_1_794' title='bbox 3395 4593 3658 4663; x_wconf 83' lang='lat' dir='ltr'><strong>Spiritum</strong></span> 
     </span>
    </p>
   </div>
   <div class='ocr_carea' id='block_1_108' title="bbox 2060 4681 3662 4751">
    <p class='ocr_par' dir='ltr' id='par_1_108' title="bbox 2060 4681 3662 4751">
     <span class='ocr_line' id='line_1_108' title="bbox 2060 4681 3662 4751; baseline 0.004 -14"><span class='ocrx_word' id='word_1_795' title='bbox 2060 4682 2478 4737; x_wconf 87' lang='lat' dir='ltr'><strong>descendentem</strong></span> <span class='ocrx_word' id='word_1_796' title='bbox 2512 4681 2665 4751; x_wconf 85' lang='lat' dir='ltr'><strong>quasi</strong></span> <span class='ocrx_word' id='word_1_797' title='bbox 2713 4682 3026 4737; x_wconf 87' lang='lat' dir='ltr'><strong>columbam</strong></span> <span class='ocrx_word' id='word_1_798' title='bbox 3067 4685 3133 4738; x_wconf 92' lang='lat' dir='ltr'><strong>de</strong></span> <span class='ocrx_word' id='word_1_799' title='bbox 3174 4686 3332 4749; x_wconf 74' lang='lat' dir='ltr'><strong>cmlo,</strong></span> <span class='ocrx_word' id='word_1_800' title='bbox 3374 4698 3427 4741; x_wconf 88' lang='lat' dir='ltr'><strong>et</strong></span> <span class='ocrx_word' id='word_1_801' title='bbox 3463 4692 3662 4743; x_wconf 83' lang='lat' dir='ltr'><strong>mansit</strong></span> 
     </span>
    </p>
   </div>
   <div class='ocr_carea' id='block_1_109' title="bbox 2059 4775 3661 4848">
    <p class='ocr_par' dir='ltr' id='par_1_109' title="bbox 2059 4775 3661 4848">
     <span class='ocr_line' id='line_1_109' title="bbox 2059 4775 3661 4848; baseline 0.004 -20"><span class='ocrx_word' id='word_1_802' title='bbox 2059 4788 2222 4843; x_wconf 88' lang='lat' dir='ltr'><strong>super</strong></span> <span class='ocrx_word' id='word_1_803' title='bbox 2255 4788 2401 4837; x_wconf 91' lang='lat' dir='ltr'><strong>eum,</strong></span> <span class='ocrx_word' id='word_1_804' title='bbox 2436 4784 2488 4827; x_wconf 88' lang='lat' dir='ltr'><strong>et</strong></span> <span class='ocrx_word' id='word_1_805' title='bbox 2521 4788 2622 4843; x_wconf 85' lang='lat' dir='ltr'><strong>ego</strong></span> <span class='ocrx_word' id='word_1_806' title='bbox 2669 4775 2980 4829; x_wconf 85' lang='lat' dir='ltr'><strong>nesciebam</strong></span> <span class='ocrx_word' id='word_1_807' title='bbox 3028 4790 3153 4831; x_wconf 89' lang='lat' dir='ltr'><strong>eum</strong></span> <span class='ocrx_word' id='word_1_808' title='bbox 3192 4793 3207 4831; x_wconf 91' lang='lat'><strong>:</strong></span> <span class='ocrx_word' id='word_1_809' title='bbox 3236 4779 3330 4832; x_wconf 88' lang='lat' dir='ltr'><strong>sed</strong></span> <span class='ocrx_word' id='word_1_810' title='bbox 3364 4780 3459 4848; x_wconf 79' lang='lat' dir='ltr'><strong>qui</strong></span> <span class='ocrx_word' id='word_1_811' title='bbox 3512 4783 3661 4836; x_wconf 79' lang='lat' dir='ltr'><strong>nnsit</strong></span> 
     </span>
    </p>
   </div>
   <div class='ocr_carea' id='block_1_110' title="bbox 2064 4865 3659 4941">
    <p class='ocr_par' dir='ltr' id='par_1_110' title="bbox 2064 4865 3659 4941">
     <span class='ocr_line' id='line_1_110' title="bbox 2064 4865 3659 4941; baseline 0.005 -22"><span class='ocrx_word' id='word_1_812' title='bbox 2064 4881 2149 4920; x_wconf 80' lang='lat' dir='ltr'><strong>nte</strong></span> <span class='ocrx_word' id='word_1_813' title='bbox 2178 4865 2452 4935; x_wconf 80' lang='lat' dir='ltr'><strong>baptizare</strong></span> <span class='ocrx_word' id='word_1_814' title='bbox 2487 4866 2538 4919; x_wconf 91' lang='lat' dir='ltr'><strong>in</strong></span> <span class='ocrx_word' id='word_1_815' title='bbox 2570 4881 2732 4934; x_wconf 77' lang='lat' dir='ltr'><strong>aqua,</strong></span> <span class='ocrx_word' id='word_1_816' title='bbox 2766 4868 2851 4919; x_wconf 86' lang='lat' dir='ltr'><strong>ille</strong></span> <span class='ocrx_word' id='word_1_817' title='bbox 2880 4868 3011 4921; x_wconf 89' lang='lat' dir='ltr'><strong>mihi</strong></span> <span class='ocrx_word' id='word_1_818' title='bbox 3049 4868 3185 4923; x_wconf 79' lang='lat' dir='ltr'><strong>dixit</strong></span> <span class='ocrx_word' id='word_1_819' title='bbox 3215 4888 3229 4925; x_wconf 73' lang='grc' dir='ltr'><strong>ι</strong></span> <span class='ocrx_word' id='word_1_820' title='bbox 3271 4869 3450 4939; x_wconf 89' lang='lat' dir='ltr'><strong>Super</strong></span> <span class='ocrx_word' id='word_1_821' title='bbox 3496 4890 3659 4941; x_wconf 87' lang='lat' dir='ltr'><strong>quem</strong></span> 
     </span>
    </p>
   </div>
   <div class='ocr_carea' id='block_1_111' title="bbox 2062 4957 3663 5035">
    <p class='ocr_par' dir='ltr' id='par_1_111' title="bbox 2062 4957 3663 5035">
     <span class='ocr_line' id='line_1_111' title="bbox 2062 4957 3663 5035; baseline 0.006 -24"><span class='ocrx_word' id='word_1_822' title='bbox 2062 4958 2264 5013; x_wconf 78' lang='lat' dir='ltr'><strong>videris</strong></span> <span class='ocrx_word' id='word_1_823' title='bbox 2286 4957 2553 5026; x_wconf 85' lang='lat' dir='ltr'><strong>Spiritum</strong></span> <span class='ocrx_word' id='word_1_824' title='bbox 2583 4958 3026 5025; x_wconf 76' lang='lat' dir='ltr'><strong>descendentem,</strong></span> <span class='ocrx_word' id='word_1_825' title='bbox 3058 4974 3111 5015; x_wconf 89' lang='lat' dir='ltr'><strong>et</strong></span> <span class='ocrx_word' id='word_1_826' title='bbox 3146 4974 3456 5018; x_wconf 80' lang='lat' dir='ltr'><strong>manentem</strong></span> <span class='ocrx_word' id='word_1_827' title='bbox 3496 4981 3663 5035; x_wconf 86' lang='lat' dir='ltr'><strong>super</strong></span> 
     </span>
    </p>
   </div>
   <div class='ocr_carea' id='block_1_112' title="bbox 2056 5049 3657 5125">
    <p class='ocr_par' dir='ltr' id='par_1_112' title="bbox 2056 5049 3657 5125">
     <span class='ocr_line' id='line_1_112' title="bbox 2056 5049 3657 5125; baseline 0.007 -24"><span class='ocrx_word' id='word_1_828' title='bbox 2056 5064 2203 5112; x_wconf 81' lang='lat' dir='ltr'><strong>eum,</strong></span> <span class='ocrx_word' id='word_1_829' title='bbox 2241 5049 2331 5102; x_wconf 88' lang='lat' dir='ltr'><strong>hic</strong></span> <span class='ocrx_word' id='word_1_830' title='bbox 2362 5062 2447 5105; x_wconf 88' lang='lat' dir='ltr'><strong>est</strong></span> <span class='ocrx_word' id='word_1_831' title='bbox 2477 5049 2568 5119; x_wconf 90' lang='lat' dir='ltr'><strong>qui</strong></span> <span class='ocrx_word' id='word_1_832' title='bbox 2607 5051 2846 5119; x_wconf 77' lang='lat' dir='ltr'><strong>haptiznt</strong></span> <span class='ocrx_word' id='word_1_833' title='bbox 2879 5051 2930 5104; x_wconf 92' lang='lat' dir='ltr'><strong>in</strong></span> <span class='ocrx_word' id='word_1_834' title='bbox 2969 5053 3177 5121; x_wconf 80' lang='lat' dir='ltr'><strong>Spiritu</strong></span> <span class='ocrx_word' id='word_1_835' title='bbox 3209 5068 3424 5109; x_wconf 84' lang='lat' dir='ltr'><strong>sancto.</strong></span> <span class='ocrx_word' id='word_1_836' title='bbox 3458 5054 3524 5109; x_wconf 85' lang='lat' dir='ltr'><strong>Et</strong></span> <span class='ocrx_word' id='word_1_837' title='bbox 3556 5074 3657 5125; x_wconf 84' lang='lat' dir='ltr'><strong>ego</strong></span> 
     </span>
    </p>
   </div>
   <div class='ocr_carea' id='block_1_113' title="bbox 2060 5142 3663 5215">
    <p class='ocr_par' dir='ltr' id='par_1_113' title="bbox 2060 5142 3663 5215">
     <span class='ocr_line' id='line_1_113' title="bbox 2060 5142 3663 5215; baseline 0.007 -23"><span class='ocrx_word' id='word_1_838' title='bbox 2060 5142 2191 5199; x_wconf 74' lang='lat' dir='ltr'><strong>vidi,</strong></span> <span class='ocrx_word' id='word_1_839' title='bbox 2226 5151 2275 5195; x_wconf 83' lang='lat' dir='ltr'><strong>et</strong></span> <span class='ocrx_word' id='word_1_840' title='bbox 2321 5142 2692 5196; x_wconf 74' lang='lat' dir='ltr'><strong>tcSIitnonium</strong></span> <span class='ocrx_word' id='word_1_841' title='bbox 2757 5144 3007 5212; x_wconf 85' lang='lat' dir='ltr'><strong>perhibui</strong></span> <span class='ocrx_word' id='word_1_842' title='bbox 3063 5147 3187 5215; x_wconf 83' lang='lat' dir='ltr'><strong>quia</strong></span> <span class='ocrx_word' id='word_1_843' title='bbox 3238 5147 3326 5201; x_wconf 84' lang='lat' dir='ltr'><strong>hic</strong></span> <span class='ocrx_word' id='word_1_844' title='bbox 3378 5162 3459 5203; x_wconf 87' lang='lat' dir='ltr'><strong>est</strong></span> <span class='ocrx_word' id='word_1_845' title='bbox 3494 5150 3663 5205; x_wconf 71' lang='lat' dir='ltr'><strong>Filius</strong></span> 
     </span>
    </p>
   </div>
   <div class='ocr_carea' id='block_1_114' title="bbox 2064 5230 3665 5308">
    <p class='ocr_par' dir='ltr' id='par_1_114' title="bbox 2064 5230 3665 5308">
     <span class='ocr_line' id='line_1_114' title="bbox 2064 5230 3665 5308; baseline 0.007 -22"><span class='ocrx_word' id='word_1_846' title='bbox 2064 5233 2153 5286; x_wconf 84' lang='lat' dir='ltr'><strong>itci</strong></span> <span class='ocrx_word' id='word_1_847' title='bbox 2187 5230 2253 5286; x_wconf 67' lang='grc' dir='ltr'><strong>δ’.</strong></span> <span class='ocrx_word' id='word_1_848' title='bbox 2292 5254 2308 5284; x_wconf 71' lang='grc' dir='ltr'><strong>ι</strong></span> <span class='ocrx_word' id='word_1_849' title='bbox 2346 5236 2485 5301; x_wconf 83' lang='lat' dir='ltr'><strong>Quin</strong></span> <span class='ocrx_word' id='word_1_850' title='bbox 2517 5244 2568 5289; x_wconf 90' lang='lat' dir='ltr'><strong>et</strong></span> <span class='ocrx_word' id='word_1_851' title='bbox 2608 5234 2807 5289; x_wconf 80' lang='lat' dir='ltr'><strong>Paulus</strong></span> <span class='ocrx_word' id='word_1_852' title='bbox 2842 5238 2909 5290; x_wconf 87' lang='lat' dir='ltr'><strong>de</strong></span> <span class='ocrx_word' id='word_1_853' title='bbox 2946 5238 3061 5306; x_wconf 91' lang='lat' dir='ltr'><strong>ipso</strong></span> <span class='ocrx_word' id='word_1_854' title='bbox 3087 5240 3344 5308; x_wconf 82' lang='lat' dir='ltr'><strong>scripsit:</strong></span> <span class='ocrx_word' id='word_1_855' title='bbox 3380 5259 3399 5291; x_wconf 74' lang='grc' dir='ltr'><strong>ι</strong></span> <span class='ocrx_word' id='word_1_856' title='bbox 3436 5243 3665 5297; x_wconf 69' lang='lat' dir='ltr'><strong>Sacriﬁ-</strong></span> 
     </span>
    </p>
   </div>
   <div class='ocr_carea' id='block_1_115' title="bbox 2062 5328 3667 5389">
    <p class='ocr_par' dir='ltr' id='par_1_115' title="bbox 2062 5328 3667 5389">
     <span class='ocr_line' id='line_1_115' title="bbox 2062 5328 3667 5389; baseline 0.007 -10"><span class='ocrx_word' id='word_1_857' title='bbox 2062 5340 2194 5381; x_wconf 87' lang='lat' dir='ltr'><strong>cans</strong></span> <span class='ocrx_word' id='word_1_858' title='bbox 2228 5328 2371 5380; x_wconf 88' lang='lat' dir='ltr'><strong>enim</strong></span> <span class='ocrx_word' id='word_1_859' title='bbox 2405 5337 2459 5382; x_wconf 92' lang='lat' dir='ltr'><strong>et</strong></span> <span class='ocrx_word' id='word_1_860' title='bbox 2503 5328 2826 5384; x_wconf 81' lang='lat' dir='ltr'><strong>sanctiﬁcati</strong></span> <span class='ocrx_word' id='word_1_861' title='bbox 2891 5347 2957 5384; x_wconf 81' lang='lat' dir='ltr'><strong>ex</strong></span> <span class='ocrx_word' id='word_1_862' title='bbox 3016 5348 3123 5385; x_wconf 89' lang='lat' dir='ltr'><strong>uno</strong></span> <span class='ocrx_word' id='word_1_863' title='bbox 3168 5350 3359 5388; x_wconf 84' lang='lat' dir='ltr'><strong>omnes</strong></span> <span class='ocrx_word' id='word_1_864' title='bbox 3393 5336 3459 5388; x_wconf 82' lang='lat'><strong>&quot;.</strong></span> <span class='ocrx_word' id='word_1_865' title='bbox 3509 5335 3667 5389; x_wconf 69' lang='grc' dir='ltr'><strong>»Νιτι-</strong></span> 
     </span>
    </p>
   </div>
   <div class='ocr_carea' id='block_1_116' title="bbox 2065 5419 3663 5490">
    <p class='ocr_par' dir='ltr' id='par_1_116' title="bbox 2065 5419 3663 5490">
     <span class='ocr_line' id='line_1_116' title="bbox 2065 5419 3663 5490; baseline 0.008 -20"><span class='ocrx_word' id='word_1_866' title='bbox 2065 5435 2169 5489; x_wconf 84' lang='lat' dir='ltr'><strong>que</strong></span> <span class='ocrx_word' id='word_1_867' title='bbox 2202 5422 2343 5473; x_wconf 88' lang='lat' dir='ltr'><strong>cnim</strong></span> <span class='ocrx_word' id='word_1_868' title='bbox 2379 5419 2644 5488; x_wconf 78' lang='lat' dir='ltr'><strong>Verbum,</strong></span> <span class='ocrx_word' id='word_1_869' title='bbox 2686 5438 2808 5477; x_wconf 86' lang='lat' dir='ltr'><strong>cum</strong></span> <span class='ocrx_word' id='word_1_870' title='bbox 2838 5424 2909 5477; x_wconf 87' lang='lat' dir='ltr'><strong>sit</strong></span> <span class='ocrx_word' id='word_1_871' title='bbox 2943 5424 3105 5490; x_wconf 79' lang='lat' dir='ltr'><strong>Deus,</strong></span> <span class='ocrx_word' id='word_1_872' title='bbox 3142 5436 3196 5479; x_wconf 86' lang='lat' dir='ltr'><strong>ct</strong></span> <span class='ocrx_word' id='word_1_873' title='bbox 3238 5441 3303 5482; x_wconf 81' lang='lat' dir='ltr'><strong>ex</strong></span> <span class='ocrx_word' id='word_1_874' title='bbox 3344 5443 3437 5480; x_wconf 82' lang='lat' dir='ltr'><strong>sua</strong></span> <span class='ocrx_word' id='word_1_875' title='bbox 3470 5440 3663 5482; x_wconf 83' lang='lat' dir='ltr'><strong>natura</strong></span> 
     </span>
    </p>
   </div>
   <div class='ocr_carea' id='block_1_117' title="bbox 2065 5514 3665 5589">
    <p class='ocr_par' dir='ltr' id='par_1_117' title="bbox 2065 5514 3665 5589">
     <span class='ocr_line' id='line_1_117' title="bbox 2065 5514 3665 5589; baseline 0.007 -26"><span class='ocrx_word' id='word_1_876' title='bbox 2065 5520 2305 5576; x_wconf 76' lang='lat' dir='ltr'><strong>sanctus,</strong></span> <span class='ocrx_word' id='word_1_877' title='bbox 2350 5514 2752 5569; x_wconf 78' lang='lat' dir='ltr'><strong>sanctiﬁcatum</strong></span> <span class='ocrx_word' id='word_1_878' title='bbox 2808 5514 2930 5574; x_wconf 78' lang='lat' dir='ltr'><strong>fuit.</strong></span> <span class='ocrx_word' id='word_1_879' title='bbox 2998 5518 3262 5587; x_wconf 84' lang='lat' dir='ltr'><strong>Superest</strong></span> <span class='ocrx_word' id='word_1_880' title='bbox 3321 5520 3485 5589; x_wconf 77' lang='lat' dir='ltr'><strong>igitur</strong></span> <span class='ocrx_word' id='word_1_881' title='bbox 3540 5537 3665 5574; x_wconf 72' lang='lat' dir='ltr'><strong>sau-</strong></span> 
     </span>
    </p>
   </div>
   <div class='ocr_carea' id='block_1_118' title="bbox 2064 5606 3660 5682">
    <p class='ocr_par' dir='ltr' id='par_1_118' title="bbox 2064 5606 3660 5682">
     <span class='ocr_line' id='line_1_118' title="bbox 2064 5606 3660 5682; baseline 0.008 -26"><span class='ocrx_word' id='word_1_882' title='bbox 2064 5607 2360 5660; x_wconf 73' lang='lat' dir='ltr'><strong>ctii&#39;ICntutu</strong></span> <span class='ocrx_word' id='word_1_883' title='bbox 2407 5606 2575 5662; x_wconf 80' lang='lat' dir='ltr'><strong>fuisse</strong></span> <span class='ocrx_word' id='word_1_884' title='bbox 2612 5610 2884 5664; x_wconf 70' lang='lat' dir='ltr'><strong>hominum</strong></span> <span class='ocrx_word' id='word_1_885' title='bbox 2943 5628 3105 5679; x_wconf 76' lang='lat' dir='ltr'><strong>quem</strong></span> <span class='ocrx_word' id='word_1_886' title='bbox 3166 5630 3259 5682; x_wconf 76' lang='lat' dir='ltr'><strong>per</strong></span> <span class='ocrx_word' id='word_1_887' title='bbox 3315 5615 3660 5681; x_wconf 78' lang='lat' dir='ltr'><strong>conjunrlio-</strong></span> 
     </span>
    </p>
   </div>
   <div class='ocr_carea' id='block_1_119' title="bbox 2066 5702 2529 5769">
    <p class='ocr_par' dir='ltr' id='par_1_119' title="bbox 2066 5702 2529 5769">
     <span class='ocr_line' id='line_1_119' title="bbox 2066 5702 2529 5769; baseline 0.004 -18"><span class='ocrx_word' id='word_1_888' title='bbox 2066 5712 2184 5751; x_wconf 84' lang='lat' dir='ltr'><strong>ncm</strong></span> <span class='ocrx_word' id='word_1_889' title='bbox 2216 5702 2529 5769; x_wconf 71' lang='lat' dir='ltr'><strong>assumpsit.</strong></span> 
     </span>
    </p>
   </div>
   <div class='ocr_carea' id='block_1_120' title="bbox 2628 5882 3091 5947">
    <p class='ocr_par' dir='ltr' id='par_1_120' title="bbox 2628 5882 3091 5947">
     <span class='ocr_line' id='line_1_120' title="bbox 2628 5882 3091 5947; baseline 0.011 -13"><span class='ocrx_word' id='word_1_890' title='bbox 2628 5884 2669 5913; x_wconf 80' lang='grc'><strong>³³</strong></span> <span class='ocrx_word' id='word_1_891' title='bbox 2705 5882 2867 5938; x_wconf 80' lang='lat' dir='ltr'><strong>&quot;chr.</strong></span> <span class='ocrx_word' id='word_1_892' title='bbox 2910 5902 2969 5947; x_wconf 87' lang='grc' dir='ltr'><strong>ιι,</strong></span> <span class='ocrx_word' id='word_1_893' title='bbox 3009 5886 3091 5939; x_wconf 80' lang='grc' dir='ltr'><strong>Η.</strong></span> 
     </span>
    </p>
   </div>
  </div>
