4058 6328
444 423 579 477 1319

1428 417 1485 471 S.
1527 411 1800 469 CYRIILI
1841 409 2308 467 ALEXANDRINI
2350 409 2665 466 ARCHIEP.

3557 410 3696 467 {520

512 539 579 587 Λ.
606 527 767 599 Αιουί
806 528 1075 595 quomodo
1126 527 1170 582 is
1233 527 1323 596 qui
1382 528 1687 595 baptizatus
1721 537 1828 591 est,
1858 537 1914 582 et
1959 528 2009 581 in

2187 530 2249 583 Δ.
2298 524 2428 581 Εἶτα
2463 528 2578 591 πῶς
2610 530 2637 581 ὁ
2686 526 3123 596 βεϐαπτισμένος
3156 568 3167 589 ,
3217 525 3310 577 καὶ
3348 526 3445 596 τὴν
3478 527 3699 595 ἑμψανῆ

439 639 601 696 quem
630 620 868 690 Spiritus
888 617 1170 673 manifeste
1202 619 1502 685 descendit,
1560 621 1613 673 in
1660 629 1852 675 sancto
1898 616 2021 687 Spi-

444 718 546 771 ritu
580 712 816 782 baptisat
846 750 865 776 ,
904 723 1078 779 eaque
1132 718 1358 779 praestat
1404 724 1524 780 qua
1557 709 1655 765 soli
1685 710 1882 765 divina:
1920 725 2018 765 na-

443 816 580 859 tura:
602 810 735 857 sunt
762 800 981 871 propria
1007 798 1548 856 ?Sanctitlcationem
1600 801 1746 855 enim
1795 801 2025 871 largitur

442 904 604 964 atque
620 892 947 964 suppeditat.
970 890 1121 959 Quod
1144 892 1360 961 quidem
1378 890 1765 947 demonstrans
1785 890 2021 947 Verbum

443 985 721 1056 proprium
790 999 945 1039 suum
1020 982 1222 1038 bonum
1282 997 1424 1049 esse,
1485 984 1767 1052 inspiravit
1820 984 2025 1039 sanctis

443 1077 726 1147 apostolis,
780 1075 967 1132 dicens
1013 1091 1028 1128 :
1074 1074 1377 1146 «Accipite
1417 1074 1679 1144 Spiritum
1729 1084 2020 1130 sanctum:

443 1181 888 1238 quorumcunque
940 1165 1260 1221 remiseritis
1320 1175 1539 1235 peccata
1560 1206 1577 1233 ,
1610 1167 1971 1222 remittuntur
2003 1184 2017 1224 :

442 1272 885 1331 quorumcunque
906 1257 1264 1321 retinuerltis,
1313 1264 1523 1311 retenta
1586 1267 1711 1312 sunt
1750 1258 1815 1312 ⁸⁸.
1850 1277 1871 1310 ι
1908 1258 2027 1325 Quo

444 1358 601 1420 pacto
624 1359 808 1404 autem
845 1347 1241 1404 sanctificatum
1269 1347 1708 1404 manifestissime
1737 1352 2028 1403 ostendens

445 1444 655 1496 divinus
713 1441 975 1509 Baptista,
1041 1446 1269 1492 testatus
1322 1447 1426 1501 est,
1459 1439 1601 1507 quod
1630 1439 1723 1493 ltic
1765 1440 1835 1493 sit
1859 1438 2027 1495 Filius

445 1532 561 1597 Dei,
616 1530 962 1601 singulariter
993 1543 1057 1583 ac
1092 1528 1240 1583 solus
1270 1529 1293 1581 τ
1326 1527 1631 1599 Oportebat
1692 1532 1833 1584 enim
1884 1531 2027 1586 hunc

444 1621 597 1676 urbis
651 1630 919 1674 terrarum
983 1620 1278 1680 doctorem,
1310 1617 1355 1672 si
1408 1619 1566 1672 modo
1598 1618 1763 1672 alium
1819 1634 1847 1671 a
1899 1634 2027 1673 vero

445 1712 582 1766 Filio
604 1709 981 1781 cognoscebat,
1014 1708 1088 1763 rei
1127 1710 1409 1763 veritatem
1451 1710 1746 1776 explicare,
1800 1717 2024 1777 aperte-

446 1818 551 1870 que
577 1802 796 1856 dicere:
828 1799 927 1855 Hic
953 1809 1039 1853 est
1083 1800 1175 1868 qui
1211 1800 1420 1853 ratione
1464 1799 1862 1867 coniunctionis
1899 1817 2021 1855 cum

2124 617 2221 669 τοῦ
2256 617 2572 687 Πνεύματος
2596 617 2774 671 λαϐὼν
2798 616 3210 686 καταφοετησιν,
3234 616 3291 668 ὲν
3320 614 3462 686 ἁγίῳ
3496 614 3696 683 βαπτίο

2125 708 2208 772 ζει
2245 709 2544 779 Ιίνεύματι,
2577 710 2669 762 καὶ
2691 710 2759 763 τὰ
2786 708 2920 777 μόνῃ
2955 706 3234 777 πρέποντα
3263 707 3357 759 καὶ
3388 706 3604 759 ἐοικότα
3628 708 3699 777 τῇ

2123 800 2242 870 θεία
2280 803 2437 869 φύσει
2485 802 2710 871 πληροῖς
2758 800 3009 870 Χορηγὸς
3041 801 3148 871 γάρ
3196 800 3342 867 ἐστιν
3384 796 3699 871 ἀγιασμοῦ,

2123 891 2216 944 καὶ
2245 891 2403 945 τοῦτο
2431 892 2663 956 δεικνὺς,
2695 891 2769 955 ὡς
2802 890 2932 943 ῖὸιον
2983 890 3187 959 ἀγαθὸν
3212 891 3241 942 ὁ
3272 888 3701 960 ὲνανθρωπήσας

2122 982 2315 1051 Λόγος,
2345 983 2697 1055 σωματικῶς,
2724 985 3029 1053 ὲνέφυσησε
3048 986 3158 1047 τοῖς
3189 982 3363 1050 ἁγίοις
3381 980 3701 1042 ἀποστόλοις

2123 1074 2318 1144 λέγων·
2352 1095 2369 1127 t
2391 1075 2598 1130 Λάϐετε
2633 1074 2853 1145 Πνεῦμα
2888 1074 3070 1143 ἅγιον·
3110 1077 3176 1129 ἀν
3207 1092 3369 1129 τινων
3394 1073 3571 1143 ἀφῆτε
3600 1073 3703 1135 τὰς

2125 1165 2419 1238 ἁμαρτίας,
2440 1165 2709 1235 ἀφίενται·
2730 1166 2795 1219 ἄν
2818 1184 2979 1220 τινων
3003 1166 3259 1236 κρατῆτε,
3275 1166 3663 1236 κεκράτηνται.
3680 1182 3699 1213 ι

2125 1257 2251 1319 Πῶς
2278 1257 2335 1310 δὲ
2360 1257 2452 1311 τὸν
2499 1258 2832 1328 ἡγιασμένον
2861 1260 3233 1329 ἐναργέστατα
3279 1256 3636 1319 καταδεικνὺς
3676 1257 3707 1306 ὁ

2126 1346 2410 1410 θεσπέσιος
2436 1348 2765 1419 Βαπτιστὴς,
2793 1348 3240 1420 μεμαρτύρηκεν,
3259 1350 3343 1402 ὅτι
3360 1342 3529 1409 Οὗτός
3551 1349 3704 1399 ἐστιν

2124 1439 2153 1489 ὁ
2188 1437 2314 1499 Υἱὸς
2357 1437 2451 1491 τοῦ
2490 1438 2663 1504 Θεοῦ,
2702 1439 3004 1510 μοναδικῶς
3038 1440 3134 1493 καὶ
3185 1439 3500 1510 ἑνάρθρωςς
3552 1438 3703 1489 Ἔδει

2131 1526 2233 1596 γὰρ
2263 1525 2392 1580 ὄντα
2423 1528 2522 1599 τῆς
2563 1528 2652 1597 ὑφ’
2698 1528 2832 1599 ἡλίῳ
2880 1530 3261 1598 μυσταγωγὸν.
3307 1530 3361 1582 si
3400 1546 3486 1581 πω
3515 1528 3704 1597 ἕτερον

2125 1617 2255 1670 ὄντα
2310 1619 2462 1689 παρά
2505 1636 2568 1687 γε
2620 1620 2712 1673 τὸν
2759 1619 2974 1691 ἀληθῶς
3020 1621 3148 1675 Υιδν
3193 1621 3478 1690 ἠπίστατο,
3528 1635 3703 1672 κατα-

2128 1710 2365 1777 σημᾶναι
2390 1709 2450 1761 τὸ
2475 1710 2694 1781 ἀληθὲς,
2730 1712 2957 1780 λέγοντα
2985 1714 3171 1781 σαφῶς
3193 1752 3208 1775 ,
3243 1706 3412 1776 υῦτός
3457 1714 3627 1768 ἐστιν.
3673 1712 3705 1763 6

2126 1799 2268 1851 κατὰ
2321 1799 2619 1867 συνάφειαν
2661 1801 2761 1871 τὴν
2824 1809 2960 1872 πρὸς
3003 1803 3093 1855 τὸν
3135 1803 3294 1871 φύσει
3343 1803 3439 1855 καὶ
3483 1800 3702 1868 ἀληθῶς

445 1910 512 1947 eo
541 1894 632 1962 qui
674 1902 864 1946 natura
890 1906 953 1945 ac
993 1905 1121 1945 vere
1148 1890 1319 1944 Filius
1348 1900 1453 1955 est,
1512 1891 1772 1946 beneficio
1810 1903 1863 1946 et
1903 1908 2018 1963 gra-

2131 1886 2274 1951 Υῖὸν,
2302 1889 2444 1943 δόσει
2484 1908 2544 1942 τε
2576 1892 2668 1944 καὶ
2696 1891 2879 1963 χάριτι
2915 1893 3152 1961 γεγονὼς
3186 1894 3315 1956 Υἱός
3340 1911 3354 1925 ·
3386 1892 3501 1945 ἀλλ’
3548 1891 3702 1944 οὐδὲν

450 1982 521 2034 tia
584 1982 757 2034 factus
816 1989 903 2034 est
962 1978 1152 2033 Filius.
1220 1978 1493 2033 Ceterum
1543 1980 1673 2034 nihil
1718 1980 2023 2049 huiusmodi

449 2074 586 2125 dixit
622 2086 637 2123 :
666 2072 758 2125 sed
800 2086 964 2125 unum
1002 2080 1163 2141 atque
1195 2072 1445 2125 eumdem
1476 2086 1599 2126 esse
1633 2071 1831 2135 sciens,
1878 2080 1932 2125 et
1958 2088 2025 2127 ex

451 2166 561 2221 Deo
595 2166 753 2221 Patre
807 2164 1062 2231 Verbum,
1110 2175 1165 2221 et
1196 2180 1261 2221 ex
1292 2168 1499 2220 semine
1531 2164 1698 2219 David
1729 2166 2023 2220 secundum

448 2272 693 2321 carnem,
748 2256 1145 2311 sanctiﬁcatum
1175 2256 1389 2324 quidem
1419 2256 1514 2320 ait,
1569 2265 1837 2325 quatenus
1864 2256 2024 2309 ltomo

446 2354 531 2399 est
556 2362 570 2410 ;
596 2359 658 2399 ac
683 2359 871 2398 rursus
892 2344 1254 2411 sanctificare,
1277 2354 1541 2414 quatenus
1571 2354 1653 2399 est
1680 2343 1849 2405 ,Deus.
1898 2344 2017 2397 Erat

450 2433 619 2497 enim,
668 2441 727 2486 ut
778 2434 915 2494 dixi,
976 2434 1163 2487 ethoc
1209 2443 1262 2486 et
1313 2432 1463 2486 illud.
1504 2432 1561 2486 Si
1617 2447 1746 2499 ergo
1788 2446 1893 2487 non
1940 2442 2026 2488 est

448 2523 623 2578 factus
652 2525 834 2586 homo,
862 2524 905 2577 si
943 2535 1047 2577 non
1078 2534 1235 2578 natus
1271 2532 1352 2578 est
1372 2538 1436 2577 ex
1470 2524 1693 2578 muliere
1725 2524 2021 2579 secundum

448 2630 689 2680 carnem,
726 2614 886 2685 753
920 2616 1200 2691 avellimus
1234 2616 1302 2669 ab
1343 2616 1463 2684 ipso
1517 2616 1763 2669 humana:
1817 2625 2024 2671 natura:

452 2708 836 2779 proprietates.
869 2710 936 2761 At
968 2709 1011 2761 si
1040 2722 1224 2761 verum
1261 2715 1343 2761 est
1368 2706 1509 2775 quod
1551 2722 1611 2761 se
1640 2708 1919 2762 demiserit
1958 2709 2022 2761 ad

447 2799 896 2863 exinanitionem,
930 2810 984 2851 et
1032 2797 1207 2853 factus
1244 2799 1315 2853 sit
1368 2797 1535 2851 nostri
1578 2798 1790 2861 similis,
1837 2812 2023 2867 quam-

449 2890 634 2944 obrent
662 2905 724 2944 ea
758 2904 852 2958 per
888 2904 1005 2957 quae
1040 2889 1462 2943 exinanitionem
1503 2890 1690 2953 subiit,
1720 2889 1819 2959 ipsi
1847 2891 2025 2944 detra-

452 2980 585 3033 itunt
621 2979 1111 3034 administrationis
1156 2980 1207 3033 in
1238 2994 1405 3034 carne
1463 2978 1753 3035 artificium
1808 2980 2026 3050 imperi-

453 3069 662 3126 tissime
706 3070 1072 3125 convellentes
1095 3071 1117 3123 l

516 3184 577 3238 Β.
610 3181 665 3238 Si
704 3198 834 3251 ergo
880 3184 1089 3238 dicatur
1135 3184 1300 3239 etiam
1359 3184 1585 3255 gloriam
1642 3188 1935 3257 accepisse,
1966 3196 2021 3242 et

446 3273 614 3329 factus
640 3282 725 3328 est
752 3272 1031 3337 Dominus,
1088 3283 1252 3343 atque
1302 3272 1567 3329 exaltatus
1614 3290 1736 3330 esse
1770 3292 1799 3328 a
1832 3276 2012 3342 Patre,

445 3362 854 3432 tleclaratusque
887 3377 1006 3416 esse
1035 3377 1151 3426 rex,
1188 3364 1499 3419 ascribesue
1552 3368 1715 3418 etiam
1763 3368 1875 3421 haec
1910 3366 2019 3420 Deo

446 3453 627 3511 Verbo
652 3455 784 3508 citra
820 3452 979 3507 ullam
1010 3454 1193 3523 gloria:
1224 3454 1391 3524 ipsius
1425 3455 1856 3511 imminutionem
1889 3457 1913 3509 ?

512 3633 577 3687 Λ.
608 3631 758 3699 Quod
786 3632 1001 3702 quidem
1030 3630 1124 3686 Dei
1154 3630 1312 3685 Verbi
1350 3640 1542 3685 natura
1573 3632 1720 3685 omni
1752 3632 1921 3701 gloria
1962 3643 2016 3688 et

445 3738 611 3795 regno
646 3733 807 3792 atque
833 3722 1201 3776 dominatione
1225 3735 1349 3777 vera
1392 3722 1590 3776 referta
1646 3723 1737 3787 sit,
1782 3739 2013 3793 quonam

443 3824 602 3886 pacto
641 3814 873 3883 cuipiam
914 3813 1132 3868 dubium
1165 3827 1286 3869 esse
1336 3824 1519 3882 queat,
1547 3817 1799 3886 quodque
1830 3816 2009 3872 divina

444 3906 676 3977 dignitas
702 3906 1085 3960 convenienter
1110 3904 1159 3958 ei
1191 3905 1499 3959 tribuatur?
1535 3906 1669 3960 Cum
1694 3922 1821 3961 vero
1844 3909 2017 3964 factus

442 4008 526 4052 est
554 3998 735 4060 homo,
783 3998 865 4051 cui
890 3997 1070 4050 omnia
1099 4007 1224 4051 sunt
1263 3996 1389 4050 data
1440 4007 1601 4066 atque
1648 3999 1905 4063 ascititia,
1951 4015 2016 4055 ea

443 4090 655 4143 ratione
702 4088 914 4143 tametsi
970 4089 1223 4145 omnibus
1270 4090 1527 4155 abundet,
1564 4100 1620 4144 et
1666 4106 1731 4145 ex
1770 4108 1865 4146 sua
1899 4094 2011 4162 ple-

444 4179 687 4232 uitudine
719 4177 969 4232 omnibus
997 4178 1361 4247 impartiatur,
1400 4180 1635 4235 ltuntatto
1672 4197 1819 4237 more
1866 4184 2013 4239 acci-

444 4270 538 4338 pit,
590 4283 894 4337 novumque
922 4276 1005 4323 est
1052 4278 1108 4324 et
1144 4269 1441 4324 inauditum
1501 4272 1551 4324 itt
1599 4270 1816 4327 Christo
1846 4276 2013 4329 mira-

442 4360 643 4423 culum,
694 4359 746 4411 in
818 4359 995 4413 servili
1049 4358 1245 4425 forma,
1300 4358 1723 4421 dominatio;in
1783 4364 2013 4418 humana

443 4448 725 4509 tenuitate,
760 4446 927 4516 gloria
963 4445 1163 4511 divina,
1208 4458 1260 4501 et
1303 4448 1449 4515 regia
1489 4450 1723 4517 dignitas
1751 4451 1803 4504 itt
1844 4455 2014 4505 servi-

2131 1982 2228 2049 μὲν
2272 1981 2376 2051 ἔφη
2420 1982 2681 2042 τοιοῦτον.
2735 1984 2830 2037 ἕνα
2861 1984 2918 2035 δὲ
2952 1984 3159 2037 καὶτὸν
3190 1984 3349 2037 αὐτὸν
3377 1984 3505 2036 ὄντα
3538 1982 3701 2050 γινώ-

2129 2087 2295 2134 σκων,
2326 2074 2417 2124 καὶ
2447 2073 2511 2125 ὲκ
2532 2072 2668 2125 Θεοῦ
2710 2073 2923 2145 Πατρδς
2948 2075 3139 2142 Λόγον,
3172 2075 3264 2127 καὶ
3296 2075 3358 2126 ὲκ
3386 2073 3703 2144 σπέρματος

2126 2160 2217 2213 τοῦ
2249 2160 2412 2215 Δαϐὶδ
2458 2163 2599 2215 κατὰ
2634 2163 2833 2233 σάρκα,
2863 2163 3190 2233 ἀγιασθῆναι
3229 2163 3327 2233 μέν
3359 2178 3515 2233 φησι,
3566 2161 3704 2213 καθὸ

2126 2252 2430 2323 ἄνθρωπος,
2466 2253 2714 2320 ἀγιάξειν
2757 2254 2811 2306 δὲ
2851 2250 2941 2319 αὖ,
2988 2254 3124 2307 καθὸ
3171 2256 3372 2306 νοεῖται
3402 2252 3555 2314 Θεὸς.
3590 2247 3703 2303 Ἦν

2125 2343 2253 2412 γὰρ,
2287 2344 2361 2406 ὠς
2393 2344 2549 2413 ἔφην,
2578 2345 2636 2395 ἐν
2664 2345 2811 2414 αὑτῷ
2840 2346 2995 2398 τοῦτο
3021 2347 3261 2399 κάκεῖνο.
3290 2346 3353 2398 Εἰ
3387 2344 3487 2414 μὲν
3515 2339 3609 2397 οὖν
3637 2343 3703 2396 οὐ

2126 2434 2350 2499 γέγονεν
2380 2431 2687 2501 ἄνθρωπος,
2715 2434 2763 2484 sl
2793 2435 2869 2504 μὴ
2906 2434 3227 2505 γεγέννηται
3255 2433 3395 2488 κατά
3424 2434 3606 2504 σάρκα
3634 2435 3700 2486 ὲκ

2126 2523 2383 2590 γυναικὸς
2410 2563 2426 2587 ,
2460 2523 2839 2593 ἀποσοϐοῦμεν
2877 2525 3041 2578 αὑτοῦ
3076 2530 3145 2579 τὰ
3174 2524 3509 2596 ἀνθρώπινα.
3554 2528 3617 2578 Εἰ
3644 2525 3702 2578 δὲ

2126 2613 2341 2684 ἀληθὲς,
2383 2615 2464 2665 ὅτι
2493 2612 2678 2675 καθεὶς
2715 2614 2907 2666 ἑαυτὸν
2940 2617 3019 2677 εἰς
3067 2616 3297 2668 κένωσιν
3340 2616 3529 2684 γέγονε
3579 2616 3697 2668 καθ’

2127 2708 2292 2775 ἡμᾶς,
2338 2706 2562 2759 ἀνθότου
2612 2706 2679 2758 τὰ
2724 2706 2790 2758 δι’
2839 2701 2913 2759 ὧν
2962 2706 3027 2760 ἂν
3073 2710 3242 2761 νοοῖτο
3293 2708 3699 2778 κεκενωμένος,

2126 2797 2418 2864 ἀφιστᾶσιν
2460 2796 2623 2848 αὑτοῦ
2650 2838 2664 2860 ,
2695 2797 2793 2866 τῆς
2842 2797 2979 2865 μετά
3030 2798 3234 2868 σαρκὸς
3276 2800 3585 2870 οἰκονομίας
3640 2799 3702 2851 τὸ

2127 2904 2147 2937 ε
2160 2886 2375 2954 ὖτεχνὲς
2404 2886 2739 2940 ἀϐουλότατα
2773 2887 3142 2957 παραλύοντες
3163 2906 3177 2951 ;

2197 3164 2254 3215 η.
2305 3165 2427 3216 Ἐὰν
2460 3159 2551 3216 οὖν
2582 3164 2833 3235 λέγηται,
2866 3168 2958 3219 καὶ
2989 3168 3146 3235 δόξαν
3176 3169 3381 3235 λαϐεῖν,
3416 3174 3509 3225 καὶ
3545 3175 3699 3242 γενέ-

2122 3256 2243 3307 σθαι
2284 3257 2505 3327 Κύριος,
2535 3258 2811 3327 ὑψωθῆναι
2846 3278 2905 3311 τε
2947 3263 3098 3331 παρά
3132 3262 3225 3316 τοῦ
3267 3264 3497 3335 Πατρὸς,
3527 3284 3699 3321 κατα-

2122 3348 2311 3415 στῆναι
2337 3348 2394 3401 δὲ
2430 3349 2521 3401 καὶ
2555 3349 2806 3417 βασιλεὺς
2826 3389 2839 3413 ,
2882 3352 3108 3420 ἀνάψεις
3138 3354 3245 3424 ἀρα
3292 3356 3385 3409 καὶ
3417 3358 3590 3410 ταῦτα
3623 3358 3699 3429 τῷ

2120 3438 2238 3507 Θεῷ
2276 3440 2452 3509 Λόγῳ,
2500 3442 2593 3493 καὶ
2621 3442 2680 3493 οὺ
2729 3442 2904 3511 πάντη
2940 3460 2997 3495 τε
3042 3448 3135 3498 καὶ
3177 3446 3394 3510 πάντως
3421 3448 3697 3519 ἀδικήσεις

2121 3526 2285 3579 αὑτοῦ
2314 3529 2411 3596 τὴν
2449 3528 2604 3592 δόξαν
2622 3547 2635 3593 ;

2192 3621 2257 3671 Α.
2291 3620 2408 3671 Ὅτι
2454 3619 2554 3687 μὲν
2598 3616 2711 3683 οὗν,
2741 3622 2898 3693 δόξης
2930 3640 2986 3677 τε
3022 3625 3116 3677 καὶ
3157 3624 3431 3695 βασιλείας
3480 3632 3573 3682 καὶ
3603 3649 3697 3685 κυ-

2123 3708 2365 3779 ριότητος
2390 3709 2644 3779 ἀληθοῦς,
2668 3714 2702 3781 ἡ
2735 3713 2828 3766 τυῦ
2857 3714 2993 3767 Θεοῦ
3019 3717 3193 3785 Λόγου
3229 3720 3573 3790 μεμέστωται
3599 3724 3697 3793 φύ-

2119 3817 2230 3864 σις,
2280 3800 2396 3864 πῶς
2427 3800 2493 3854 ἂν
2523 3802 2813 3857 ὲνδοιάσειέ
2843 3822 2958 3872 τις;
2994 3808 3278 3878 ἀραρότως
3309 3811 3364 3863 δὲ
3393 3814 3476 3867 ὅτι
3509 3816 3606 3870 καὶ
3639 3822 3698 3872 ἐν

2119 3889 2373 3961 salsam
2415 3894 2613 3944 νοεῖται
2669 3896 2783 3957 τοῖς
2838 3894 3364 3966 θεοπρεπεστάτοιςς
3401 3904 3587 3975 ἐπειδὴ
3640 3907 3696 3961 δὲ

2118 3985 2355 4053 πέφηνεν
2388 3984 2693 4055 ἄνθρωπος,
2722 3979 2764 4054 ᾧ
2794 3987 2971 4040 πάντα
3000 3990 3119 4042 ἐστὶ
3148 3989 3279 4044 δοτά
3305 3996 3397 4046 καὶ
3424 3998 3695 4068 εἰσκεκριο

2121 4076 2286 4145 μένα,
2318 4076 2490 4147 ταύτῃ
2515 4094 2593 4129 τοι
2634 4078 2847 4150 πλήρης
2880 4079 3140 4152 ὑπάρχων
3172 4084 3265 4135 καὶ
3300 4085 3360 4149 ἐξ
3383 4086 3515 4141 ἰδίου
3556 4090 3693 4161 πλη-

2120 4166 2369 4237 ρώματος
2395 4168 2527 4219 πᾶσι
2549 4167 2744 4232 διδοὺς,
2766 4169 3125 4240 ἀνθρωπίνως
3152 4174 3386 4244 δέχεται,
3415 4180 3513 4249 τὴν
3540 4182 3696 4250 ἡμῶν

2118 4258 2390 4327 πτωχείαν
2419 4258 2803 4327 οἰκειούμενος,
2828 4261 2918 4312 καὶ
2947 4257 3015 4332 ἦν
3039 4263 3205 4333 ἄηθες
3238 4282 3295 4318 τε
3331 4271 3424 4321 καὶ
3458 4270 3609 4335 ξένον
3640 4276 3697 4327 ὲν

2116 4350 2334 4421 Χριστῷ
2362 4351 2423 4403 τὸ
2452 4352 2769 4421 παράδοξον,
2799 4355 2854 4405 ὲν
2880 4356 3120 4425 οἰκετικῇ
3171 4363 3374 4431 μορφῇ,
3415 4365 3692 4437 κνριότης,

2116 4442 2173 4493 ἐν
2208 4441 2520 4512 ἀνθρωπίνῃ
2563 4445 3032 4515 σμικροπρεπεία,
3069 4447 3196 4511 δόξα
3236 4450 3571 4524 θεοπρεπὴς,
3604 4461 3695 4511 καὶ

442 4546 575 4597 tute,
636 4544 894 4603 quantum
949 4537 1015 4589 ad
1068 4536 1315 4591 humana:
1377 4549 1583 4593 natura?
1649 4539 2007 4595 conditionem

2122 4532 2383 4603 βασιλείας
2428 4533 2739 4603 αὐχήμασιν
2772 4537 3234 4608 ἐστεφανωμένον,
3280 4542 3341 4594 τὸ
3374 4545 3477 4597 ὑπὸ
3509 4548 3692 4615 ζυγὸν,

441 4626 763 4690 att‘inet;et
823 4624 1096 4680 humilitas
1158 4642 1366 4680 summa
1424 4628 1714 4682 eminentia
1765 4632 2007 4698 prwdita.

444 4716 637 4769 l°‘aetus
662 4725 744 4769 est
776 4716 919 4769 enim
960 4715 1118 4770 ltomo
1153 4714 1497 4787 Unigettitus,
1524 4734 1630 4772 non
1664 4730 1721 4772 ut
1752 4721 1802 4773 in
1823 4720 2009 4774 exina-

444 4807 647 4860 uitione
698 4816 1030 4876 permaneat,
1093 4808 1189 4862 sed
1231 4818 1289 4862 ut
1330 4810 1601 4878 accipiens
1654 4826 1773 4863 cum
1806 4824 1867 4864 ea
1896 4811 2013 4879 ejus

444 4898 848 4971 proprietates;
883 4898 1024 4953 Deus
1080 4908 1259 4955 tamen
1319 4902 1637 4956 naturaliter
1675 4918 1794 4959 esse
1849 4906 2010 4959 etiam

443 4990 545 5042 hoc
563 4989 1086 5059 pactointelligatur,
1112 4992 1451 5062 hominisque
1474 5002 1716 5048 naturam
1747 4996 1801 5047 in
1834 4996 2015 5065 seipse

442 5080 694 5146 illustret,
725 5096 1003 5135 sacrarum
1040 5099 1099 5137 ac
1127 5085 1428 5139 divinarum
1474 5086 1800 5157 dignitatum
1838 5087 2011 5156 parti-

443 5172 613 5243 cipem
675 5174 842 5241 ipsam
893 5173 1197 5232 declarans.
1268 5177 1401 5230 Nam
1456 5190 1511 5233 et
1573 5180 1745 5233 sancti
1794 5179 2010 5243 Filium,

442 5266 605 5316 etiam
658 5273 937 5332 postquam
987 5264 1162 5321 factus
1216 5279 1299 5321 est
1339 5270 1519 5333 homo,
1557 5270 1779 5341 gloriam
1814 5272 1903 5326 Dei
1945 5288 2009 5326 ac

443 5354 642 5417 Patris,
705 5364 759 5410 et
815 5371 995 5427 regem
1058 5374 1120 5412 ac
1171 5359 1453 5413 Dominum
1507 5362 1802 5433 appellant.
1847 5363 2012 5419 Isaias

446 5449 587 5500 enim
622 5448 691 5499 ita
729 5448 841 5501 ait:
880 5468 897 5500 ι
951 5448 1102 5504 Sicut
1157 5451 1313 5506 homo
1363 5453 1655 5509 vindemiat
1692 5455 1887 5519 oleam,
1938 5458 2010 5509 ita

445 5535 849 5589 vindemiabunt
879 5552 989 5603 eos,
1018 5549 1073 5592 et
1104 5543 1316 5608 quando
1366 5547 1661 5599 cessaverit
1720 5546 2009 5611 vindemia,

450 5629 533 5680 isti
564 5642 692 5681 voce
728 5628 1055 5685 clamabunt.
1104 5632 1204 5698 Qui
1236 5650 1359 5690 vero
1389 5636 1561 5692 relicti
1596 5636 1798 5692 fuerint
1848 5652 2010 5707 super

512 5801 556 5830 “
583 5798 740 5855 Joan.
770 5817 859 5869 xx,
897 5803 1087 5863 22-23.

2115 4625 2175 4676 το
2207 4641 2268 4691 γε
2294 4619 2423 4694 ἧκον
2452 4626 2530 4687 εἰς
2558 4626 2973 4694 ἀνθρωπότητος
3006 4629 3225 4699 μέτρον,
3257 4634 3350 4684 καὶ
3375 4636 3431 4687 ἐν
3466 4637 3699 4708 ὑπερτά-

2118 4734 2234 4780 ταις
2267 4718 2592 4786 ὑπεροχαῖς,
2627 4717 2687 4769 τὸ
2712 4718 2982 4771 ταπεινόν.
3010 4720 3202 4786 Γέγονε
3231 4723 3340 4792 γάρ
3361 4726 3644 4797 ἄνθρωπος
3667 4733 3693 4784 ἑ

2120 4809 2445 4878 Μονογενὴς,
2488 4809 2584 4877 οὐχ
2616 4809 2701 4861 ἵνα
2732 4812 2841 4872 τοῖς
2889 4812 2987 4879 τῆς
3036 4812 3313 4877 κενώσεως
3364 4817 3695 4892 ὲναπομείνῃ

2123 4899 2359 4969 μέτροις,
2388 4898 2499 4950 ἀλλ’
2526 4899 2611 4950 ἵνα
2635 4899 2815 4953 λαϐὼν
2844 4901 2939 4952 σὺν
2970 4902 3105 4974 αὐτῇ
3136 4905 3200 4957 τὰ
3236 4907 3427 4976 αὐτῆς,
3458 4909 3592 4974 Θεὸς
3620 4913 3695 4966 ῶν

2119 4992 2297 5058 φύσει,
2332 4991 2425 5043 καὶ
2459 4990 2597 5043 οὕτω
2631 4992 2984 5063 γνωρίζηται,
3024 4998 3115 5047 καὶ
3146 4998 3242 5068 τὴν
3281 4998 3375 5051 τοῦ
3406 5001 3692 5072 ἀνθρώπου

2117 5082 2495 5152 κατασεμνύνῃ
2544 5083 2705 5151 φύσιν
2750 5085 2835 5151 ἐφ’
2876 5086 3070 5155 ἐαυτῷ,
3108 5089 3330 5157 μέτοχον
3356 5093 3525 5162 αὐτὴν
3558 5096 3692 5148 ἀπο-

2117 5176 2281 5244 φήνας
2342 5173 2502 5244 ἱερῶν
2546 5176 2639 5227 καὶ
2688 5174 2849 5228 Θείων
2894 5175 3254 5247 ἀξιωμάτων·
3298 5181 3602 5253 εὑρήσομεν
3639 5188 3693 5241 δὲ

2114 5268 2207 5319 καὶ
2231 5267 2425 5328 αὐτοὺς
2453 5269 2577 5329 τοὺς
2607 5267 2816 5335 ἁγίους,
2849 5268 3006 5332 δόξαν
3034 5271 3393 5338 ὀνομάζοντας
3432 5277 3527 5328 τοῦ
3559 5279 3692 5331 θεοῦ

2116 5359 2207 5411 καὶ
2256 5360 2497 5431 Πατρὸς,
2544 5360 2635 5412 καὶ
2674 5362 2854 5429 μέντοι
2902 5363 2997 5413 καὶ
3045 5362 3285 5430 βασιλέα,
3330 5368 3423 5420 καὶ
3472 5372 3693 5438 προσέτι

2115 5452 2337 5523 Κύριον,
2368 5451 2455 5504 τὸν
2485 5452 2627 5516 Υἱὸν,
2654 5453 2745 5505 καὶ
2765 5454 2852 5505 ὅτε
2876 5454 3096 5520 γέγονεν
3136 5454 3437 5527 ἄνθρωπος.
3470 5461 3691 5524 Ἡσαΐας

2116 5545 2213 5612 μὲν
2246 5546 2354 5615 γὰρ
2399 5535 2499 5597 ὧδέ
2533 5562 2605 5613 πη
2654 5544 2836 5613 φησὶνο
2875 5563 2891 5596 ι
2932 5547 3028 5596 Ὃν
3048 5547 3248 5617 τρόπον
3281 5550 3373 5600 ἐὰν
3411 5551 3690 5623 ἄνθρωπος

2116 5637 2424 5707 καλαμᾶται
2472 5635 2674 5703 ἐλαίαν,
2705 5635 2847 5688 οὕτω
2899 5635 3307 5707 καλαμήσονται
3341 5641 3570 5707 αὐτοὺς,
3604 5648 3691 5700 καὶ
