4058 6328
339 469 472 529 tam

1474 474 1668 543 QL‘OD
1708 470 1898 533 UNUS
1938 472 2047 531 SIT
2084 472 2455 534 CHRISTUS.

3508 483 3649 537 152!

334 590 432 645 ἐὰν
474 590 749 665 παύσηται
788 594 817 647 6
846 596 1136 667 τρυγητδς,
1165 589 1310 651 οὗτοι
1342 601 1492 670 φωνῇ
1535 599 1842 671 βοήσονται*
1878 617 1906 653 ο

2039 608 2266 664 terram,
2323 595 2679 655 exsultabant
2731 610 2855 655 cum
2905 598 3077 670 gloria
3132 598 3345 655 Domini
3374 598 3439 653 “.
3496 618 3518 653 ι
3580 599 3647 655 Et

334 684 390 738 δὲ
421 686 868 757 καταλειφθέντες
895 690 989 743 ἐπὶ
1019 693 1118 763 τῆς
1143 692 1265 762 γῆς,
1297 691 1770 764 εὐφρανθήσονται
1811 693 1928 763 ἅμα

334 780 399 848 τῇ
449 778 572 851 δόξῃ
629 781 904 851 Κυρίου.»
961 786 1071 838 Καὶ
1138 786 1301 839 πάλιν
1340 786 1528 858 ἕτερος
1575 784 1685 840 τῶν
1735 786 1931 856 ἁγίων,

339 886 359 920 ι
383 871 643 936 Φωτίζου,
668 876 855 944 φησιν,
888 875 1266 948 Ἰερουσαλήμ·
1294 878 1418 949 ἥκει
1445 880 1554 951 γάρ
1583 897 1677 934 σου
1698 880 1758 933 τὸ
1789 880 1924 949 φῶς,

330 965 424 1017 καὶ
452 966 482 1034 ἠ
516 964 643 1028 δόξα
682 967 889 1037 Κυρίου
932 970 1023 1023 ἐπὶ
1056 970 1115 1023 σὲ
1146 971 1534 1024 ἀνατέταλκεν.
1570 972 1702 1026 Ἰδοὺ
1736 973 1927 1038 σκότος

330 1053 424 1106 καὶ
452 1054 646 1123 γνόφος
671 1056 902 1125 καλύψει
934 1059 1055 1130 γῆν,
1094 1062 1188 1114 ἐπὶ
1208 1061 1263 1115 δὲ
1286 1063 1344 1115 σὲ
1368 1063 1669 1135 φανήσεται
1699 1065 1920 1137 Κύριος,

330 1146 423 1196 καὶ
465 1144 592 1212 δόξα
656 1148 864 1221 Κυρίου
913 1152 1004 1204 ἐπὶ
1055 1152 1114 1205 σὲ
1160 1152 1479 1224 ὀφθήσεται.
1508 1174 1525 1207 ι
1565 1155 1823 1220 Ἰάκωϐος
1859 1172 1923 1226 γε

328 1234 437 1304 μὴν
468 1237 495 1288 6
524 1236 688 1303 αὑτοῦ
727 1239 994 1311 μαθητὴς,
1026 1261 1042 1292 ι
1076 1242 1341 1313 Ἀδελφοί,
1374 1246 1526 1316 φησι,
1563 1246 1634 1319 μὴ
1661 1249 1718 1301 ὲν
1757 1264 1924 1319 προσ-

323 1326 665 1399 ωποληψίαις
700 1331 851 1402 ἔχετε
892 1333 991 1404 τὴν
1035 1334 1219 1389 πίστιν
1264 1336 1358 1389 τοῦ
1393 1338 1600 1409 Κυρίου
1630 1339 1782 1410 ἡμῶν
1819 1341 1922 1411 ’1η-

324 1420 421 1474 σοῦ
456 1423 693 1494 Χριστοῦ
721 1426 816 1495 τῆς
844 1426 1019 1499 δόξης.
1051 1448 1068 1480 ι
1110 1431 1319 1502 Πέτρος
1364 1432 1421 1485 δὲ
1449 1428 1515 1486 αὖ
1542 1435 1569 1486 6
1608 1433 1916 1499 θεσπέσιος,

329 1533 349 1565 ι
383 1516 445 1569 Et
478 1517 798 1583 ὀνειδίζεσθε
840 1523 897 1574 ὲν
947 1522 1189 1594 Χριστῷ,
1232 1527 1495 1598 μακάριοί
1538 1530 1662 1582 ὲστε
1696 1529 1794 1599 τῆς
1829 1531 1916 1585 δό-

322 1604 442 1677 ξης,
485 1611 579 1661 καὶ
610 1610 671 1662 τὸ
702 1608 795 1666 τοῦ
836 1612 971 1667 Θεοῦ
1004 1615 1231 1687 Πνεῦμα
1263 1620 1347 1687 ἐφ’
1395 1619 1541 1691 ὑμᾶς
1592 1620 1918 1676 ἀναπέπαυο

318 1712 430 1752 ται.
457 1717 476 1751 ι

394 1788 452 1843 Β.
486 1791 665 1861 Φράζε
696 1794 753 1847 δὲ
782 1796 929 1859 ὅπως
961 1800 1097 1869 πρὸς
1139 1800 1298 1871 ήμῶν
1336 1802 1573 1857 νοεῖσθαι
1608 1804 1810 1877 πρέπει
1856 1807 1919 1861 τὸ

317 1882 449 1954 περὶ
479 1883 719 1954 Χριστοῦ
753 1891 1161 1961 γεγραμμένον,
1206 1914 1223 1945 ι
1263 1895 1359 1959 Ὃς
1402 1898 1460 1949 ὲν
1512 1901 1633 1961 ταῖς
1678 1901 1917 1973 ἡμέραις

314 1971 418 2040 τῆς
455 1976 656 2046 σαρκὸς
704 1979 907 2046 αὐτοῦ,
955 1981 1171 2053 δεήσεις
1209 2003 1267 2039 τε
1310 1989 1402 2041 καὶ
1443 1991 1728 2061 ἱκετηρίας
1777 1992 1908 2064 πρὸς

2019 1988 2238 2045 Christo
2296 1991 2565 2061 scriptum
2618 2006 2633 2047 :

314 2063 409 2117 τὸν
436 2066 735 2139 δυνάμενον
766 2072 959 2138 σώζειν
996 2076 1157 2130 αὐτὸν
1190 2079 1254 2131 ὲκ
1288 2078 1542 2145 θανάτου,
1579 2083 1718 2152 μετὰ
1748 2102 1919 2155 κραυ-

314 2156 422 2224 τῆς
454 2158 681 2229 ἰσχυρᾶς
706 2162 800 2215 καὶ
824 2162 1081 2235 δακρύων
1112 2171 1509 2239 προσενέγκας,
1545 2174 1638 2227 καὶ
1663 2175 1918 2229 εἰσακου-

316 2246 465 2312 σθεὶς
510 2251 619 2305 ἀπὸ
660 2252 763 2324 τῆς
792 2255 1082 2323 εὐλαϐείας
1104 2301 1118 2326 ,
1146 2262 1346 2333 καίπερ
1386 2262 1464 2316 ὢν
1496 2264 1644 2328 Υἱὸς,
1687 2264 1910 2337 ἔμαθεν,

313 2339 408 2411 ἀφ’
434 2335 507 2396 ὧν
547 2343 736 2411 ἔπαθε,
773 2347 871 2419 τὴν
906 2350 1175 2424 ὑπακοὴν,
1210 2355 1304 2407 καὶ
1329 2353 1660 2420 τελειωθεὶς,
1696 2360 1917 2427 ἐγένετο

311 2435 427 2499 τοῖς
481 2436 848 2494 ὑπακούουσιν
895 2443 1046 2515 αὑτῷ
1086 2444 1262 2510 αίτιος
1317 2449 1594 2520 σωτηρίας
1641 2452 1917 2506 ἀκαταλύ-

310 2542 440 2579 του-
466 2547 487 2579 ι
528 2532 875 2602 προσεποίσω
917 2536 975 2589 δὲ
1031 2538 1255 2591 κάκεῖνο
1295 2534 1377 2603 οἷς
1424 2542 1585 2613 ἔφην,
1623 2544 1712 2610 τὸ,
1757 2564 1775 2596 ι
1812 2545 1913 2601 Θεέ

314 2635 436 2688 μου,
478 2619 577 2674 Θεέ
624 2639 747 2694 μου,
781 2624 867 2679 ἴνα
900 2626 955 2679 τί
990 2643 1058 2697 με
1100 2629 1494 2698 ἑγκατέλιπεςς
1526 2652 1542 2684 ι
1589 2634 1913 2689 ’Λπεοικὸτα

309 2712 421 2783 γὰρ
458 2706 601 2767 εἶναί
634 2732 770 2784 φασι
802 2718 873 2772 τὰ
904 2720 1085 2774 τοιάδε
1135 2721 1213 2793 τῷ
1246 2722 1366 2794 Θεῷ
1410 2724 1589 2796 Λόγῳ,
1622 2727 1719 2779 καὶ
1750 2730 1912 2799 ἡττῆ-

310 2799 435 2855 σθαι
460 2803 596 2856 πολὺ
622 2803 727 2874 τῆς
756 2807 983 2881 ἐνούσης
1009 2810 1290 2883 ὑπεροχῆς
1317 2814 1466 2885 αὐτῷ
1494 2817 1661 2887 φαίην
1691 2817 1776 2869 ἄν.

376 3068 441 3122 Δ.
486 3069 675 3141 Ἴσημι
724 3074 817 3126 καὶ⁸
848 3074 1012 3139 αὑτὸς
1057 3076 1189 3145 ἐγὼ,
1256 3080 1331 3151 μὴ
1370 3081 1434 3135 ἂν
1469 3083 1715 3154 ἁρμόσαι
1750 3088 1910 3143 ταυτὶ

304 3158 384 3231 τῷ
426 3162 492 3214 ὲκ
524 3161 659 3216 Θεοῦ
708 3165 955 3237 Πατρὺς.
1003 3208 1017 3222 .
1060 3211 1073 3223 .
1120 3211 1135 3225 .
1179 3212 1191 3224 .
1236 3173 1418 3244 Λόγῳ,
1452 3174 1780 3242 ὲξωσθέντος
1811 3180 1907 3234 τοῦ

304 3246 509 3319 τρόπου
545 3254 647 3322 τῆς
680 3256 1026 3329 οἰκονομίας,
1075 3261 1171 3314 καὶ
1223 3262 1322 3316 οὑκ
1366 3264 1735 3335 είσδεχθέντος
1770 3271 1906 3342 πρὸς

304 3344 464 3415 ἡμῶν
530 3345 657 3414 τοῦ,
711 3349 792 3403 ὅτι
844 3351 1039 3420 γέγονε
1100 3353 1239 3427 σὰρξ
1290 3356 1432 3411 κατὰ
1497 3360 1597 3423 τὰς
1656 3340 1977 3433 Γραφας.α

318 3440 537 3512 Ἐπειδὴ
568 3441 625 3494 δὲ
660 3444 798 3514 πρὸς
826 3444 986 3499 τοῦτο
1015 3447 1463 3521 διερηρείσμεθσι,
1495 3454 1591 3507 καὶ
1619 3454 1681 3508 τὸ
1707 3457 1907 3511 ἐνδοιά-

302 3532 419 3599 ζειν
451 3534 588 3599 ὅλως
614 3537 937 3604 δυσσεϐείας
1000 3540 1116 3612 ἔχει
1168 3544 1411 3615 γραφὴν,
1456 3548 1589 3618 φέρε
1627 3548 1729 3620 τῆς
1764 3552 1907 3604 οίκο-

302 3628 496 3697 νομίας
520 3629 581 3682 τὸ
615 3629 799 3700 βάθος,
823 3632 898 3697 ὡς
925 3634 1025 3700 ἔνι,
1059 3637 1593 3709 κατασκεπτὼμεθα.
1633 3642 1905 3713 Ἐπέφανε

300 3718 484 3771 τοίνυν
537 3721 671 3790 ἡμῖν
725 3722 781 3773 ἐν
822 3723 953 3776 εἴδει
1005 3724 1086 3796 τῷ
1137 3727 1260 3779 καθ’
1308 3730 1456 3799 ἡμᾶς
1510 3733 1537 3784 ὁ
1571 3732 1635 3785 ἐκ
1694 3734 1902 3805 Κυρίου

304 3809 517 3880 Ιῐατρὸς
575 3811 785 3882 Λόγος,
834 3816 975 3871 κατὰ
1033 3817 1263 3889 μυρίους
1312 3821 1471 3886 ὅσους
1527 3825 1739 3894 ὀνήσων
1786 3827 1907 3897 τρό-

303 3918 440 3967 πους
478 3904 545 3957 τὰ
578 3905 922 3977 ἀνθρώπινα,
977 3912 1072 3964 καὶ
1117 3914 1453 3982 καταδείξων
1512 3913 1571 3971 εὖ
1617 3919 1762 3990 μάλα
1802 3922 1904 3993 τὴν

302 3995 382 4058 είς
430 3998 540 4050 πᾶν
569 3998 748 4051 ὁτιοῦν
784 3999 895 4053 τῶν
934 4001 1410 4076 τεθαυμασμένων
1454 4010 1903 4081 ὰποκομίζουσαν

300 4087 508 4159 τρίϐον.
556 4086 665 4143 τΗν
716 4087 809 4145 οὖν
856 4094 1157 4164 ἀναγκαῖον
1202 4099 1531 4171 ἀναμαθεῖν,
1591 4108 1902 4179 πειρασμοῦ

302 4180 660 4246 καταθέοντος
699 4184 827 4248 τοὺς
856 4184 958 4256 τῆς
998 4189 1079 4252 είς
1107 4188 1241 4242 Θεὸν
1272 4192 1494 4265 ἀγάπης
1529 4196 1691 4251 ἕνεκα
1723 4200 1895 4253 κινδυ-

300 4272 582 4337 νεύοντας,
614 4277 833 4343 ὁποίους
876 4281 1028 4345 τινὰς
1057 4279 1198 4339 εἶναι
1231 4288 1336 4359 χρὴ
1389 4291 1515 4353 τοὺς
1563 4292 1662 4364 τὴν
1701 4296 1902 4350 εὐκλεᾶ

302 4360 396 4413 καὶ
424 4360 701 4432 ἐξαίρετον
734 4366 1012 4423 πολιτείαν
1046 4372 1142 4424 καὶ
1173 4372 1319 4444 ζωὴν
1353 4360 1653 4449 κατορθοῦν
1682 4386 1898 4456 ᾑρημέ-

299 4466 455 4517 νους,
503 4454 710 4525 πότερα
746 4459 1101 4529 μεθιεμένους
1132 4465 1228 4517 καὶ
1278 4468 1685 4539 ἀναπίπτοντας
1730 4479 1808 4541 εἰς
1840 4480 1900 4532 τὸ

300 4541 562 4614 ῥᾴθυμον,
601 4548 695 4601 καὶ
728 4550 828 4603 οὐκ
861 4552 919 4603 ὲν
956 4555 1134 4627 καιρῷ
1162 4560 1487 4629 τρυφῶντας
1530 4568 1625 4620 καὶ
1670 4570 1896 4640 εὐρυνο-

300 4634 498 4704 μένους
524 4638 599 4702 είς
628 4639 915 4713 εὐθυμίαν,
943 4646 976 4716 ἢ
1013 4655 1463 4724 συντεινομένους
1490 4660 1568 4723 είς
1597 4634 1768 4728 λιτὰς,
1803 4668 1897 4720 καὶ

295 4724 736 4799 δεδακρυμένους
772 4726 1004 4805 δρᾶσθαι
1042 4739 1121 4812 τῷ
1156 4744 1419 4812 σώζοντι,
1474 4752 1569 4805 καὶ
1616 4724 1895 4830 τὴν-παρ’

297 4817 465 4873 αὑτοῦ
511 4820 781 4893 διψῶντας
831 4829 1176 4903 ἐπικουρίαν,
1227 4841 1319 4892 καί
1356 4842 1541 4911 μέντοι
1590 4848 1682 4901 καὶ
1732 4851 1892 4905 εὐαν-

295 4906 467 4982 δρίαν,
502 4912 660 4985 ετπερ
702 4916 876 4974 ἕλοιτο
922 4923 1016 4976 καὶ
1047 4928 1240 4983 παθεῖν
1271 4906 1436 5003 ἡμας.
1474 4938 1621 4991 Ἔδει
1665 4959 1724 4994 τε
1758 4945 1890 5015 πρὸς

295 5000 510 5068 τούτοις
557 5008 753 5062 εἰδέναι
808 5015 1125 5086 χρησίμως,
1177 5022 1299 5075 ὅποι
1342 5027 1471 5081 ποτὲ
1520 5031 1630 5102 ἄρα
1681 5034 1742 5087 τὸ
1790 5037 1893 5108 τῆς

296 5093 542 5165 ὑπακοῆς
582 5099 803 5165 διέξεισι
838 5104 1048 5177 πέρας,
1088 5112 1184 5164 καὶ
1226 5113 1314 5169 διὰ
1348 5118 1516 5174 ποίων
1544 5093 1765 5196 έρχεται

296 5187 426 5258 ρῶν,
456 5190 579 5255 ὅσος
602 5209 661 5245 τε
690 5197 783 5248 καὶ
807 5194 919 5263 ore;
964 5200 1067 5272 τῆς
1093 5203 1374 5280 ὑπομονῆς
1396 5216 1423 5265 6
1453 5216 1664 5284 μισθός.
1691 5220 1888 5291 Γέγονε

294 5280 471 5335 τοίνυν
493 5283 843 5355 ὑποτύπωσις
868 5293 977 5347 τῶν
1006 5297 1265 5353 τοιούτων
1292 5305 1423 5374 ἡμῖν
1459 5309 1487 5360 ὁ
1510 5310 1767 5382 Χριστὸς,
1790 5321 1890 5373 καὶ

294 5371 432 5441 πρὸς
466 5378 719 5471 γεμτοῦτο
750 5383 902 5453 ἡμᾶς
928 5386 1156 5457 ἔμπεδοί
1182 5371 1357 5462 λέγων
1398 5399 1426 5450 6
1460 5371 1889 5471 Osanéato'c'ﬂé;

291 5479 441 5560 τρος·
482 5483 500 5517 ι
536 5467 693 5522 Ποῖον
729 5473 839 5545 γὰρ
866 5476 1042 5543 κλέος,
1075 5484 1124 5535 εἰ
1154 5485 1566 5559 ἁμαρτάνοντες
1602 5499 1696 5553 καὶ
1726 5467 1887 5560 κολα-

294 5556 574 5655 φιιζόμενοι
620 5562 955 5637 ὑπομένετε;
1001 5571 1141 5627 Ἀλλ’
1173 5578 1220 5629 εἰ
1254 5556 1716 5655 ἀγαθοποιοῦντες
1750 5556 1885 5653 ὐπο-

293 5647 509 5720 μένετε,
554 5652 715 5708 τοῦτο
751 5657 912 5730 χάρις
975 5667 1127 5736 παρὰ
1179 5647 1318 5743 Θεῷ,
1367 5677 1450 5730 ὅτι
1503 5682 1597 5734 καὶ
1647 5647 1885 5756 Χίριστδς

607 5971 858 6092 ΡΙτιιοι
868 6076 881 6094 .
933 5971 1264 6103 illi;
1272 5971 1366 6109 ἂν,

1806 5938 1820 5963 ,
1867 5902 1915 5954 l.
1997 5902 2260 5967 "lPetr.
2287 5927 2361 5982 tv,
2404 5913 2490 5974 Η.
2568 5919 2613 5952 ⁸³
2640 5919 2809 5982 Hebr.
2838 5942 2889 5997 ν,
2916 5930 3021 5987 7-9.

2037 706 2226 747 rursus
2248 692 2390 749 alius
2420 692 2645 762 quidam
2682 705 2714 747 e
2743 693 2952 749 sanctis
2980 711 2994 747 :
3025 710 3046 742 ο
3084 691 3423 758 “luminare,
3446 694 3643 763 inquit,

2032 782 2360 843 Jerusalem.
2412 784 2575 839 Venit
2623 786 2770 841 enim
2808 784 2989 842 lumen
3021 794 3201 849 tuum,
3232 794 3287 840 et
3319 786 3493 856 gloria
3536 785 3643 839 Do-

2034 878 2168 933 mini
2213 894 2380 948 super
2425 889 2478 933 te
2526 890 2647 935 orta
2681 890 2788 935 est.
2812 879 2950 947 Quia
2975 895 3108 936 ecce
3133 881 3370 935 tenebrae
3392 881 3620 950 operien

2034 972 2270 1038 terram,’
2291 981 2347 1026 et
2367 970 2546 1042 caligo
2580 971 2842 1044 populos:
2892 986 3059 1042 super
3107 982 3161 1027 te
3198 981 3382 1027 autem
3430 972 3644 1027 orietur

2032 1065 2317 1131 Dominus,
2377 1074 2431 1119 et
2460 1066 2637 1135 "gloria
2693 1065 2813 1137 ejus
2844 1065 2899 1120 in
2958 1078 3014 1122 te
3068 1066 3343 1121 videbitur
3382 1066 3450 1120 η.
3488 1082 3507 1118 ι
3577 1065 3643 1121 Et

2029 1153 2265 1213 Jacohus
2298 1158 2416 1228 ejus
2446 1159 2746 1230 discipulus
2783 1178 2796 1214 :
2839 1178 2859 1212 ι
2925 1158 3169 1223 Fratres,
3207 1160 3409 1230 inquit,
3469 1158 3645 1217 nolite

2029 1248 2083 1303 in
2134 1265 2491 1321 personarum
2545 1252 2871 1321 acceptione
2928 1253 3130 1307 habere
3200 1251 3365 1308 lldem
3421 1252 3638 1308 Domini

2030 1345 2200 1399 nostri
2256 1343 2381 1399 .lesu
2444 1344 2650 1401 Christi
2687 1345 2875 1415 gloria:
2899 1344 2965 1398 ⁸³.
3008 1364 3026 1395 ι
3064 1343 3260 1402 Petrus
3316 1360 3486 1401 vero:
3519 1364 3538 1398 ι
3580 1343 3637 1400 Si

2026 1437 2433 1506 csprobramini
2466 1437 2519 1491 in
2539 1437 2783 1504 Christo,
2817 1437 2965 1493 beati
2998 1437 3179 1503 eritis,
3202 1439 3461 1508 quoniam
3492 1439 3637 1509 quod

2026 1538 2113 1583 est
2151 1530 2375 1584 honoris
2405 1529 2591 1601 gloria
2636 1542 2693 1587 et
2740 1532 2961 1587 virtutis
3005 1531 3127 1596 Dei,
3176 1542 3231 1587 et
3261 1533 3353 1603 qui
3395 1542 3476 1589 est
3521 1531 3641 1603 ejus

2028 1620 2263 1691 Spiritus
2292 1637 2458 1693 super
2506 1637 2599 1679 vos
2632 1623 2946 1695 requiescet
2974 1625 3041 1680 “.
3076 1645 3096 1679 ι

2096 1801 2263 1875 754
2295 1802 2356 1856 Β.
2396 1800 2684 1860 Suﬂiciunt
2708 1806 2822 1877 jam
2868 1807 3008 1863 haec.
3043 1806 3316 1865 Ceterum
3364 1810 3469 1865 hoc
3501 1812 3634 1866 mihi

2026 1896 2177 1951 dicas
2220 1896 2403 1963 velim,
2459 1899 2743 1968 quomodo
2806 1900 3215 1973 intelligendum
3264 1902 3337 1958 sit
3386 1904 3515 1959 illud
3568 1906 3638 1962 de

2688 2012 2706 2045 ι
2776 1993 2879 2062 Qui
2934 1995 2989 2050 itt
3042 1996 3235 2052 diebus
3297 2000 3493 2067 carnis
3523 2014 3637 2055 suae

2022 2096 2212 2153 preces
2239 2083 2787 2156 supplicationesque.r
2829 2087 2896 2142 ad
2942 2103 3067 2143 eum
3107 2090 3200 2159 qui
3240 2091 3415 2161 possit
3457 2093 3634 2162 ipsum

2021 2176 2230 2232 salvum
2261 2177 2468 2234 ~l'acere
2517 2197 2547 2234 a
2594 2192 2772 2237 morte
2814 2198 2937 2238 cum
2977 2185 3220 2241 clamore
3270 2186 3452 2242 valido
3476 2199 3530 2243 et
3558 2188 3633 2243 ln-

2021 2270 2225 2341 crymis
2268 2269 2529 2338 offerens,
2566 2275 2859 2331 exauditus
2903 2289 2987 2333 est
3013 2294 3112 2349 pro
3152 2296 3251 2335 sua
3298 2285 3631 2339 reverentia.

2021 2362 2086 2418 Et
2116 2364 2334 2431 quidem
2364 2380 2490 2421 cum
2528 2376 2677 2423 esset
2708 2368 2882 2424 Filius
2918 2370 3036 2439 Dei,
3075 2372 3269 2429 didicit
3300 2387 3365 2446 ex
3406 2375 3474 2431 iis
3513 2392 3636 2446 qua:

2020 2470 2211 2525 passus
2247 2468 2360 2525 est,
2431 2458 2827 2516 obedientiam.
2857 2461 2924 2518 Et
2977 2445 3398 2524 consummat'us
3454 2445 3636 2527 factus

2018 2561 2101 2605 est
2174 2551 2431 2608 omnibus
2479 2552 2996 2621 obtemperantibus
3048 2559 3152 2613 sibi
3210 2574 3379 2615 causa
3437 2560 3635 2619 salutis

2017 2651 2235 2697 aeternae
2259 2643 2326 2698 θ’.
2394 2663 2413 2696 ι
2471 2644 2767 2715 Δᾶ]ίοίιιηι“
2803 2663 2935 2704 vero
2993 2649 3156 2706 dictis
3224 2652 3391 2719 etiam
3451 2654 3627 2712 illud:

2023 2751 2043 2785 ι
2074 2734 2217 2790 Deus
2246 2752 2422 2803 meus,
2449 2735 2596 2794 Deus
2620 2756 2795 2806 meus,
2818 2756 2993 2812 quare
3012 2760 3100 2800 me
3123 2745 3462 2816 dereliquisti
3494 2747 3575 2804 “?
3608 2765 3629 2805 ι

2014 2826 2206 2884 Aliena
2234 2829 2379 2885 enim
2432 2831 2549 2888 haec
2607 2849 2730 2891 esse
2762 2836 2952 2892 dicunt
3002 2852 3031 2892 a
3085 2838 3196 2894 Deo
3233 2839 3431 2909 Verbo,
3465 2855 3636 2915 atque

2015 2932 2117 2988 ego
2150 2920 2368 2990 quidem
2402 2922 2669 2995 dignitate
2706 2926 2878 2997 ipsius
2913 2938 3079 3001 atque
3109 2931 3435 2991 excellentia
3472 2936 3635 3010 longe

2017 3012 2277 3070 inferiora
2305 3032 2368 3071 ea
2397 3033 2519 3075 esse
2549 3019 2937 3089 judicaverim.

2085 3106 2152 3163 Α.
2205 3106 2346 3173 Quin
2415 3120 2471 3165 et
2535 3127 2637 3183 ego
2661 3116 2778 3185 ipse.
2838 3115 3001 3175 facile
3052 3120 3299 3196 intelligo
3347 3124 3464 3185 hac
3520 3144 3630 3188 non

2014 3200 2311 3255 c0nvenire
2342 3199 2521 3258 Verbo
2551 3207 2737 3275 genito
2760 3222 2827 3262 ex
2868 3208 2981 3267 Deo
3028 3211 3213 3281 Patre,
3276 3218 3321 3273 si
3378 3218 3510 3278 illud
3561 3224 3631 3278 ab

2013 3289 2491 3351 administratione
2549 3300 2602 3352 in
2664 3315 2833 3357 carne
2880 3316 3288 3377 removeamus,
3322 3329 3500 3384 neque
3528 3315 3626 3373 ad-

2014 3382 2297 3441 mittamns
2347 3387 2400 3442 id
2426 3390 2570 3457 quod
2629 3388 2916 3464 Scriptura
2975 3408 3233 3469 testatur,
3279 3382 3423 3476 quod
3457 3408 3625 3467 nimio

2012 3491 2133 3531 rum
2168 3478 2343 3536 factus
2373 3483 2445 3537 sit
2472 3499 2623 3540 caro.
2661 3486 2795 3542 Cum
2830 3504 2959 3546 vero
2997 3493 3102 3549 hoc
3161 3496 3397 3555 ﬁrmiter
3432 3510 3629 3561 tenea-

2011 3585 2133 3625 mus
2192 3582 2246 3626 et
2300 3575 2569 3633 dubitatio
2637 3579 2743 3636 hac
2791 3582 2843 3635 in
2901 3599 2962 3638 re
3010 3600 3134 3641 cum
3212 3590 3497 3661 impietate
3551 3601 3628 3655 sit

2009 3663 2335 3733 conjuncta,
2384 3669 2790 3730 incarnationis
2825 3679 3153 3749 mysterium
3204 3696 3471 3754 quantum
3504 3692 3623 3749 llcri

2008 3767 2187 3825 potest
2217 3765 2641 3831 perpendamus.
2671 3768 2941 3840 Apparuit
2981 3772 3168 3840 itaque
3202 3780 3361 3836 nobis
3384 3780 3623 3844 Verbum

2007 3863 2074 3902 ex
2111 3848 2223 3906 Deo
2265 3853 2317 3907 in
2376 3854 2552 3910 forma
2586 3870 2785 3915 nostra:
2844 3864 3035 3931 simili,
3107 3869 3411 3930 innumeris
3448 3880 3626 3937 modis

2009 3943 2303 4000 humanam
2354 3960 2613 4005 naturam
2674 3952 2903 4023 juvans,
2948 3960 3265 4033 optimeque
3318 3970 3476 4026 nobis
3526 3974 3627 4029 de.

2006 4046 2321 4093 monstrans
2362 4038 2506 4095 viam
2542 4057 2664 4112 quae
2720 4046 2787 4101 ad
2836 4050 3045 4118 optima
3103 4072 3337 4128 qumque
3376 4062 3621 4123 deducit.

2006 4126 2241 4185 Necesse
2280 4132 2469 4203 itaque
2521 4147 2642 4191 erat
2706 4151 2764 4195 ut
2811 4139 3149 4211 diceremus,
3213 4126 3337 4206 cum
3388 4158 3623 4215 tentatio

2006 4220 2218 4274 invadit
2270 4238 2365 4278 eos
2424 4227 2517 4295 qui
2572 4229 2642 4284 ob
2688 4231 3039 4291 dilectionem
3076 4236 3172 4295 Dei
3213 4244 3618 4316 periclitantur,

2003 4312 2196 4382 quales
2230 4324 2486 4385 oporteat
2520 4335 2641 4378 esse
2665 4337 2762 4379 eos
2793 4328 2883 4397 qui
2928 4330 3258 4389 laudabilem
3290 4348 3455 4408 atque
3497 4312 3618 4397 exi;

2005 4405 2170 4460 miam
2202 4408 2372 4463 vitam
2404 4410 2697 4472 instituere
2730 4420 2903 4474 velint
2944 4440 2959 4478 :
3012 4434 3197 4481 utrum
3227 4430 3293 4483 ad
3342 4405 3617 4502 isnaviam

2004 4513 2225 4566 pronos,
2263 4511 2317 4555 et
2359 4503 2572 4562 deliciis
2612 4510 2859 4578 deditos,
2896 4516 3273 4591 hilaritatique
3330 4535 3386 4580 et
3418 4529 3619 4596 gaudio

2003 4590 2244 4647 animum
2273 4597 2521 4654 laxantes
2553 4619 2565 4655 :
2597 4616 2666 4657 an
2700 4606 2882 4673 putius
2916 4625 3021 4664 una
3066 4590 3321 4681 precibus
3345 4620 3616 4688 intentos,

1930 4695 2057 4757 Det
2107 4685 2474 4759 lacrymantes
2503 4709 2690 4752 coram
2760 4698 3049 4760 Salvatore
3116 4710 3289 4777 cerni,
3336 4723 3391 4768 et
3447 4714 3619 4784 ipsius

1999 4780 2261 4834 auxilium
2318 4785 2480 4842 avide
2542 4800 2886 4860 appetentes,
2949 4796 3187 4871 fortique
3245 4806 3433 4863 animo
3467 4780 3616 4879 pra:-

1999 4869 2142 4924 ditos
2192 4888 2338 4939 esse,
2396 4878 2441 4932 si
2479 4879 2644 4937 etiam
2694 4900 2793 4941 nos
2828 4891 2941 4958 pati
2982 4892 3237 4950 voluerit.
3290 4897 3614 4959 Cunsultum

1998 5056 2175 5123 qualis
2214 5076 2531 5135 quantaque
2558 5069 2860 5129 tolerantia:
2918 5092 3133 5134 merces
3177 5081 3250 5136 sit
3306 5084 3613 5156 proposita.

2004 5146 2209 5205 Horum
2272 5155 2464 5225 itaque
2528 5164 2773 5219 omnium
2836 5167 3009 5239 ﬁgura
3066 5181 3236 5244 atque
3301 5146 3613 5250 exemplum

2002 5240 2159 5296 nobis
2214 5244 2390 5303 factus
2461 5261 2545 5307 est
2598 5252 2873 5327 Christus,
2934 5264 3080 5331 quod
3128 5240 3185 5320 et
3238 5240 3481 5326 divinus'
3524 5271 3610 5329 ille

1998 5331 2192 5390 Petrus
2226 5340 2515 5399 conﬁrmat
2540 5346 2728 5405 dicens
2761 5369 2775 5405 :
2814 5371 2833 5405 ι
2870 5352 3003 5420 Quae
3042 5358 3189 5413 enim
3236 5370 3321 5417 est
3374 5363 3515 5431 laus,
3566 5368 3611 5423 si

1997 5438 2289 5517 peccantes
2356 5444 2411 5487 et
2464 5437 2793 5507 colaphizati
2852 5447 3158 5507 sulfertis!
3205 5452 3311 5509 Sed
3364 5456 3412 5511 si
3473 5458 3611 5517 bene

1998 5513 2260 5576 facientes
2290 5527 2563 5592 patienter
2621 5536 2927 5605 sustinetis,
2956 5540 3072 5597 inec
3112 5553 3194 5598 est
3241 5549 3414 5617 gratia
3468 5554 3611 5621 apud

1996 5606 2163 5666 Deum
2200 5633 2213 5667 :
2244 5618 2369 5684 quia
2400 5621 2725 5683 etChristus
2755 5645 2953 5699 passus
2971 5643 3056 5689 est
3082 5651 3181 5705 pro
3227 5606 3402 5703 Vvobis,
3438 5606 3606 5698 relin-

1993 5713 2171 5767 quens
2194 5706 2346 5763 vobis
2368 5715 2679 5785 exemplum
2698 5730 2758 5774 ut
2778 5727 3085 5794 sequamini
3107 5729 3331 5801 vestigia
3345 5731 3464 5801 ejus
3480 5733 3544 5789 ".
3586 5757 3604 5791 ι

3135 5935 3179 5967 ⁸⁸
3198 5935 3344 5993 ΡδέιΙ.
3376 5954 3488 6006 XXI,
3532 5938 3606 6011 ίς

3164 6098 3239 6162 42
