4058 6328
512 453 643 509 13:15
1492 445 1549 497 Ε.
1593 442 1871 498 (.YRILU
1917 441 2384 498 ALBXANDRINI
2424 438 2743 498 ARCHIEP.
3630 431 3776 489 {5M

510 564 759 626 Proinde.
814 581 916 617 non
954 562 1152 617 nudum
1208 572 1261 615 et
1318 560 1703 617 exiuanitionis
1760 574 1952 630 expers
1990 561 2079 616 Dei

2186 559 2457 613 ἀπέθανεν
2488 561 2629 631 ὑπὲρ
2667 556 2842 627 ὑμῶν,
2873 554 2998 625 ὑμῖν
3050 553 3443 626 ὑπολιμπάνων
3479 554 3776 622 ὑπογραμο

512 656 762 716 V'erbuin,
791 651 949 723 755
971 652 1064 705 sed
1108 650 1159 707 in
1186 638 1375 705 diehus
1407 651 1585 705 carnis
1626 665 1736 705 suae
1771 649 1974 705 factum
1998 662 2079 704 est

2186 650 2303 719 μὸν,
2337 654 2423 705 ἵνα
2457 648 2928 719 ἐπακολουθήσητε
2961 648 3075 709 τοῖς
3106 646 3309 717 ἴχνεσιν
3350 645 3537 701 αὑτοῦ,
3565 664 3584 697 ι
3625 646 3778 701 06x-

510 744 663 799 nobis
712 740 1014 811 exemplum
1054 757 1069 808 ;
1105 744 1238 795 adeo
1304 750 1362 794 ut
1423 742 1556 795 citra
1604 742 2080 812 reprehensionem

2186 744 2294 807 οῦν,
2338 745 2397 796 ού
2429 742 2630 814 γυμνὸς
2658 740 2732 794 ὣν
2762 739 2839 792 ἐτι
2877 738 2972 791 καὶ
3003 737 3114 791 τῶν
3145 740 3243 808 τῆς
3278 738 3563 801 κενώσεως
3598 738 3776 808 ἀμέτο

510 839 661 890 Iiceat
700 836 748 889 ei
776 833 1021 888 humanis
1055 832 1298 889 moribus
1340 831 1438 897 uti,
1472 841 1528 887 et
1572 848 1761 897 preces
1783 833 1997 897 offerre,
2028 840 2080 889 et

2186 850 2304 903 οχος
2334 834 2553 903 τρόπων
2575 835 2602 885 6
2628 831 2721 885 τοῦ
2777 829 2913 882 Θεοῦ
2942 828 3133 897 Λόγος,
3164 828 3278 882 ἀλλ’
3304 830 3360 881 ἐν
3384 832 3511 892 ,ταῖς
3532 830 3781 901 ἡμέραις

510 931 773 997 Iacrymas
837 924 1184 996 profundere,
1246 931 1300 979 et
1354 922 1689 981 Salvatorem
1765 935 2086 995 exspectare

506 1029 664 1086 atque
711 1016 1024 1087 implorare.
1077 1025 1132 1071 et
1159 1014 1525 1071 obedientiam
1578 1015 1810 1077 discere,
1868 1012 2081 1068 tametsi

506 1111 574 1162 sit
606 1108 791 1163 Filius.
814 1108 1086 1163 Attonitus
1110 1107 1253 1161 enim
1280 1106 1682 1174 quodammodo
1708 1105 1809 1161 fuit
1838 1106 2079 1177 mysterii

507 1199 876 1269 magnitudine
922 1195 1211 1267 Apostolus
1276 1194 1479 1267 Spiritu
1518 1194 1752 1259 adlatus,
1814 1197 1954 1265 quod
1987 1210 2085 1249 na-

508 1302 621 1342 tura
657 1305 721 1345 ac
750 1303 875 1343 vere
896 1289 1171 1344 exsistens
1189 1288 1383 1354 Filius,
1436 1298 1493 1343 et
1526 1288 1704 1343 divina
1742 1288 1912 1357 gloria
1944 1286 2081 1342 emi-

508 1399 660 1449 nens,
715 1384 948 1454 seipsum
994 1385 1061 1436 ad
1108 1395 1227 1437 eam
1283 1380 1639 1436 humilitatem
1688 1378 1986 1443 demiserit,
2026 1388 2083 1433 nt

506 1480 750 1532 humanm
781 1477 973 1545 inopiae
997 1475 1256 1531 vilitatem
1291 1474 1473 1529 subire
1504 1490 1610 1528 non
1636 1474 1922 1528 recusarit.
1953 1472 2081 1540 Sed,

504 1579 560 1623 ut
592 1568 721 1634 dixi,
774 1568 973 1640 negotii
1027 1568 1189 1637 hujus
1247 1566 1551 1638 exemplum
1606 1566 1671 1621 ad
1725 1580 1822 1621 nos
1892 1580 2084 1643 magno

504 1670 688 1715 nostro
738 1660 1021 1715 commodo
1092 1658 1369 1729 spectabat
1416 1676 1429 1712 :
1482 1665 1541 1711 ut
1590 1657 1915 1711 doceremur
1978 1672 2082 1712 non

506 1754 703 1806 debere
728 1766 825 1805 nos
862 1752 913 1805 in
962 1751 1121 1804 alium
1161 1752 1297 1803 viam
1344 1747 1650 1811 deflectere,
1689 1762 1811 1802 cum
1872 1756 2081 1818 tempus

505 1842 870 1898 fortitudinem
896 1847 1119 1910 poscat;
1144 1842 1285 1908 quod
1324 1839 1402 1892 vel
1441 1839 1565 1893 hinc
1592 1838 1792 1913 optime
1815 1838 2079 1908 quispiam

2179 926 2278 997 τῆς
2320 926 2520 995 σαρκὸς
2561 922 2723 978 αὐτοῦ
2769 922 2991 991 γέγονεν
3039 923 3174 993 ἡμῖν
3235 920 3623 991 ὑπογραμμὺς,
3674 923 3777 975 ﬁt:

2182 1017 2275 1071 καὶ
2299 1017 2717 1086 ἀνεπιπλήκτως
2748 1014 2866 1079 ἐξὸν
2905 1014 3053 1085 αὑτῷ
3082 1016 3191 1077 τοῖς
3222 1017 3320 1085 τῆς
3356 1014 3781 1085 ἀνθρωτοότητος

2183 1108 2417 1179 χρῆσθαι
2452 1108 2693 1179 μέτροις,
2734 1108 2827 1160 καλ⁹
2854 1107 3131 1160 ἀνατεῖναι
3163 1105 3339 1175 λιτὴν,
3372 1108 3462 1165 καὶ
3496 1108 3780 1162 καταστά-

2186 1200 2271 1264 ξαι
2315 1200 2569 1271 δάκρυον,
2615 1200 2709 1252 καὶ
2753 1198 2933 1251 δοκεῖν
2972 1197 3072 1267 ἠδη
3125 1213 3243 1260 πως
3294 1198 3388 1250 καὶ
3433 1197 3640 1252 δεῖσθαι
3679 1194 3781 1251 τοῦ

2187 1288 2469 1354 σώζοντος,
2502 1290 2593 1343 καὶ
2628 1286 2920 1356 μανθάνειν
2972 1287 3070 1356 τὴν
3100 1285 3371 1357 ὑπακοὴν,
3404 1286 3605 1357 καίπερ
3645 1288 3781 1341 ὄντα

2185 1380 2330 1434 Υίόν.
2361 1380 2723 1451 Κατατέθηπε
2765 1380 2874 1451 γὰρ
2902 1378 3092 1448 ὥσπερ
3118 1377 3179 1431 τὺ
3212 1380 3511 1449 μυστήριον
3544 1380 3573 1431 6
3604 1395 3777 1432 πνευ-

2189 1471 2513 1543 ματοιρόρος,
2546 1472 2627 1523 ὅτι
2662 1468 2821 1539 φύσει
2861 1486 2922 1522 τε
2954 1470 3048 1523 καὶ
3078 1468 3293 1541 ἀληθῶς
3327 1469 3587 1539 ὑπάρχων
3624 1469 3779 1533 Υἱὸς,

2186 1561 2280 1614 καὶ
2303 1561 2415 1625 τοῖς
2441 1562 2539 1631 τῆς
2570 1560 2820 1631 θεότητος
2854 1561 2994 1631 αύχὴ
3006 1578 3169 1630 μασιν
3196 1560 3508 1631 ἐμπρεπὴς,
3533 1562 3782 1631 καθῆκεν

2186 1653 2374 1707 ἐαυτὸν
2408 1655 2487 1715 είς
2515 1654 2863 1719 ταπείνωσιν,
2888 1652 2963 1715 ὡς
2994 1653 3095 1722 τῆς
3124 1651 3469 1723 ἀνθρωπίνης
3504 1654 3782 1724 πτωχείας

2186 1744 2437 1797 ὑπελθεῖν
2484 1744 2544 1796 τὸ
2594 1744 3027 1815 σμικροπρεπές.
3064 1743 3203 1796 Ἀλλ’
3244 1738 3313 1815 ἦν
3349 1745 3430 1808 είς
3472 1746 3653 1815 ἡμᾶς,
3700 1744 3782 1807 ὡς

2184 1836 2340 1905 ἔφην,
2370 1838 2397 1889 6
2420 1834 2513 1888 τοῦ
2546 1836 2869 1905 πράγματος
2894 1834 3084 1902 τύπος,
3117 1835 3277 1900 καλὸς
3307 1838 3401 1889 καὶ
3428 1837 3778 1908 ὀνησιφόρος·

506 1930 848 1985 intellexerit.
920 1928 1173 1984 Christus
1218 1930 1364 1983 enim
1420 1926 1545 1983 alibi
1595 1927 1810 1997 quidem
1866 1929 2080 1997 inquit:

2186 1924 2260 1988 ὡς
2292 1926 2353 1977 τό
2388 1942 2467 1978 τοι
2506 1925 2579 1996 μὴ
2610 1926 2805 1995 χρῆναι
2836 1925 3073 1995 διᾴττειν
3103 1927 3251 1997 ἡμᾶς
3295 1927 3374 1990 είς
3409 1927 3605 2000 ἑτέραν
3635 1927 3776 1994 ὁδὸν,

507 2041 524 2075 ι
558 2022 732 2077 Nolite
760 2024 949 2077 timere
976 2036 1071 2076 eos
1100 2022 1190 2091 qui
1224 2021 1560 2075 interficiunt
1582 2036 1805 2089 corpus.
1838 2022 2080 2076 animam

501 2126 679 2170 autem
744 2129 848 2169 non
908 2123 1133 2182 possunt
1188 2112 1436 2168 occidere
1481 2114 1621 2167 :sed
1673 2115 1851 2182 potius
1898 2113 2082 2167 timete

506 2222 623 2261 eum
688 2207 775 2275 qui
827 2214 1001 2276 potest
1031 2214 1084 2259 et
1117 2204 1354 2257 animum
1419 2211 1473 2258 et
1519 2220 1716 2273 corpus
1754 2204 1978 2275 perdere
2024 2205 2075 2258 in

505 2296 803 2367 gehennam
831 2296 894 2347 ".
934 2313 952 2347 ι
985 2295 1123 2347 Alibi
1156 2310 1282 2348 vero
1316 2312 1328 2346 :
1366 2312 1385 2344 ‹
1432 2293 1487 2348 Si
1526 2295 1647 2363 quis
1684 2293 1795 2347 vult
1839 2303 1959 2362 post
1990 2309 2076 2348 me

507 2390 705 2449 venire.
730 2390 959 2458 abneget
992 2391 1365 2453 semetipsum,
1404 2398 1455 2441 et
1504 2387 1655 2440 tollat
1682 2401 1895 2441 crucem
1923 2401 2077 2441 suum

506 2491 554 2535 et
600 2490 857 2545 sequatur
891 2494 974 2532 me
998 2479 1061 2533 ".
1099 2498 1115 2529 ι
1170 2478 1322 2545 Quml
1382 2487 1563 2533 autem
1610 2488 1859 2550 Oporteat
1906 2480 2077 2549 ipsum

504 2574 675 2644 sequi,
718 2573 979 2642 quidnam
1025 2571 1165 2625 aliud
1210 2572 1501 2641 signiﬁcet,
1535 2588 1697 2642 quant
1744 2572 1943 2627 debere
1984 2587 2081 2627 nos

506 2668 716 2721 fortiter
757 2664 1025 2719 obsistere
1091 2664 1500 2727 tentationihus,
1568 2680 1692 2719 cum
1741 2664 2081 2719 invocatione

504 2758 687 2811 :iuxilii
713 2757 899 2820 divini,
928 2772 1033 2809 non
1063 2756 1399 2826 negligenter
1424 2770 1485 2809 ac
1516 2757 1760 2814 remisse.
1791 2758 1883 2810 sed
1906 2758 2082 2825 potius

506 2858 715 2902 utentes
743 2849 995 2918 precibus
1022 2848 1460 2912 ferventissimis,
1494 2851 1609 2917 pias
1630 2850 1784 2902 nobis
1825 2864 1888 2901 ex
1916 2848 2083 2903 oculis

504 2946 767 3011 lncrymas
803 2939 1222 2994 excutientihus.

2188 2015 2282 2067 καὶ
2323 2016 2383 2068 ού
2413 2014 2527 2087 [πα.
2556 2015 2775 2088 καιροῦ]
2802 2016 3093 2079 καλοῦντος
3122 2018 3201 2081 είς
3228 2017 3535 2087 εὐανδρίαν,
3563 2019 3782 2091 ἀναμά-

2186 2108 2269 2161 θοι
2300 2125 2385 2171 τις
2420 2108 2485 2162 ἂν
2520 2107 2795 2175 ἐντεῦθεν,
2837 2109 2930 2163 καὶ
2959 2110 3132 2180 ῥᾷστά
3157 2127 3218 2179 γε
3243 2110 3329 2182 δή.
3362 2112 3471 2165 Καὶ
3504 2112 3636 2181 γοῦν
3673 2115 3778 2186 ἔφη

2182 2202 2436 2272 Χριστὸς,
2481 2203 2610 2254 ποτε
2648 2202 2766 2271 μὲν,
2799 2203 2877 2254 ὅτι
2919 2204 3011 2256 καὶ
3053 2223 3070 2254 ι
3102 2202 3193 2273 Μὴ
3236 2204 3487 2273 φοδεῖσθε
3521 2206 3629 2259 ἀπὸ
3662 2206 3779 2259 τῶν

2184 2293 2621 2346 ἀποκτιννύντων
2655 2293 2715 2345 τὸ
2751 2296 2928 2365 σῶμα,
2984 2296 3081 2366 τὴν
3111 2296 3168 2350 δὲ
3197 2296 3383 2368 ψυχὴν,
3416 2297 3490 2369 μὴ
3536 2297 3778 2368 δυναμέο

2185 2405 2291 2440 νων
2324 2388 2677 2439 ἀποκτεῖναι·
2715 2387 3072 2457 φοὸήθητεδὲ
3110 2388 3311 2457 μᾶλλον
3358 2389 3448 2441 τὺν
3477 2390 3779 2459 δυνάμενον

2187 2480 2277 2532 καὶ
2306 2478 2480 2549 ψυχὴν
2512 2479 2604 2531 καὶ
2637 2478 2793 2549 σῶμα
2839 2480 3104 2532 ἀπολέσαι
3140 2482 3198 2532 ἐν
3236 2480 3460 2554 γεέννῃ·
3489 2500 3508 2531 ›
3547 2482 3675 2535 ποτέ
3719 2482 3778 2536 δέ

2177 2565 2266 2636 αῦ,
2322 2570 2433 2623 «Εἰ
2465 2587 2545 2634 τις
2585 2570 2726 2623 θέλει
2768 2572 2943 2623 ὀπίσω
2976 2589 3075 2640 μου
3123 2571 3316 2635 ἐλθεῖν,
3364 2573 3779 2645 ἀπαρνησάσθω

2179 2664 2391 2728 ἐαυτὸν,
2432 2665 2526 2717 καὶ
2562 2664 2749 2733 ἀράτω
2779 2665 2868 2717 τὸν
2899 2664 3132 2735 σταυρὸν
3164 2664 3381 2728 ἑαυτοῦ,
3417 2666 3509 2717 καὶ
3546 2665 3778 2719 ἀκολου-

2181 2755 2342 2808 θείτω
2378 2773 2485 2825 μοι.
2514 2774 2531 2806 i
2568 2757 2639 2807 Τὸ
2672 2755 2729 2808 δὲ
2757 2756 2864 2808 δεῖν
2891 2756 3100 2809 οἴεσθαι
3139 2756 3557 2809 κατακολουθεῖν
3598 2758 3773 2826 αὐτῷ,

2182 2847 2234 2898 τί
2276 2848 2342 2900 ἂν
2374 2849 2561 2916 ἓτερον
2616 2847 2700 2917 εἴη
2748 2848 2896 2917 παρά
2927 2865 2989 2915 γε
3020 2848 3081 2899 τὸ
3105 2848 3298 2918 χρῆναι
3326 2848 3778 2918 κατανδρίζεσθαι

2186 2940 2525 3010 πειρασμῶν,
2560 2941 2696 3009 μετὰ
2724 2941 2817 2993 τοῦ
2847 2943 2943 3011 τὴν
2972 2940 3178 2993 ἀνωθεν
3216 2943 3537 3013 ἐπικουρίαν
3579 2944 3771 3004 αίτεῖν,

504 3038 602 3091 οὐκ
632 3034 919 3106 ἀτημελῶς
954 3051 1012 3087 τε
1043 3035 1133 3086 καὶ
1167 3033 1532 3103 παρειμένως,
1573 3034 1944 3103 κεχρημένους
1987 3034 2043 3086 δὲ
2087 3034 2288 3103 μᾶλλον
2315 3034 2487 3097 λιταῖς
2551 3038 2667 3097 ταῖς
2731 3035 3167 3099 ἐκτενεστὰταις,
3201 3038 3293 3091 καὶ
3362 3037 3653 3099 καθιέντας
3678 3038 3777 3107 ὁμ-

508 3131 689 3201 μάτων
712 3130 772 3183 τὸ
802 3128 861 3195 ἐξ
891 3127 1177 3190 εὐλαϐείας
1204 3128 1438 3197 δάκρυον
1469 3146 1481 3193 ;

572 3221 631 3283 Β.
662 3221 827 3277 Recte
855 3222 957 3273 ais.
990 3220 1057 3273 At
1083 3219 1129 3275 si
1149 3220 1315 3285 dicat,
1348 3239 1364 3269 ι
1395 3220 1533 3276 Deus
1557 3237 1727 3279 meus.
1748 3224 1886 3277 Deus
1911 3237 2076 3278 meus.

2259 3216 2317 3268 Β.
2357 3212 2427 3269 Εὖ
2470 3217 2634 3288 ἐεης·
2672 3220 2719 3270 εἰ
2760 3219 2817 3271 δὲ
2848 3219 2911 3289 δὴ
2940 3220 3109 3287 λέγοι.
3154 3239 3171 3271 ι
3204 3222 3301 3274 Θεέ
3349 3238 3471 3289 μου,
3510 3223 3611 3276 Θεέ
3650 3244 3774 3294 μου,

503 3328 669 3379 quare
701 3326 787 3365 me
819 3310 1156 3381 dereliquisti
1185 3310 1281 3362 "3
1318 3329 1335 3361 ι
1386 3313 1843 3376 existimaverint,
1896 3322 1952 3366 ut
1990 3328 2079 3365 ar-

505 3396 693 3453 bitror.
748 3396 981 3451 hominis
1034 3395 1295 3465 assumpti
1346 3411 1506 3453 voces
1548 3399 1664 3453 illas
1713 3412 1855 3465 esse,
1900 3396 2080 3452 amicti

505 3489 785 3553 nimirum,
817 3488 1018 3556 quique
1038 3486 1242 3541 diutius
1293 3490 1614 3543 tentstionis
1647 3490 1907 3544 insultnm
1940 3489 2082 3543 ferre

506 3586 760 3648 nequeat,
816 3586 909 3629 aut
960 3576 1159 3647 alioqui
1198 3591 1307 3645 prae
1364 3578 1591 3630 humana
1642 3578 2081 3647 pusillanimitatc

508 3668 817 3723 mmrentis.
868 3666 1147 3735 Siquidem
1197 3678 1250 3714 nt
1304 3667 1579 3736 discipulis
1632 3668 1747 3721 suis
1794 3669 1863 3721 ita
1905 3669 2078 3723 dixit:

511 3779 528 3811 ε
563 3758 758 3813 Tristis
814 3766 895 3813 est
949 3758 1126 3813 anima
1193 3772 1306 3811 mea
1343 3772 1510 3824 usque
1536 3760 1600 3811 ad
1663 3771 1888 3814 mortem
1917 3762 1959 3791 "
1996 3778 2009 3824 ;
2058 3781 2073 3811 ι

504 3852 634 3918 quin
677 3860 729 3904 ei
771 3849 981 3903 Patrem
1015 3864 1169 3902 suum
1228 3850 1298 3901 ita
1349 3836 1729 3917 compellavit:
1768 3868 1784 3901 ι
1826 3850 2003 3914 Pater,
2036 3856 2078 3907 si

504 3941 620 3996 fieri
645 3950 839 4011 potest,
897 3950 1186 3993 transeata
1216 3954 1299 3991 me
1350 3939 1488 3992 calix
1535 3945 1633 3994 iste
1667 3923 2080 3998 z'verumtamcn

504 4048 610 4089 non
638 4032 783 4090 sicut
814 4048 919 4101 ego
960 4034 1101 4093 \OIO,
1139 4033 1230 4086 sed
1261 4032 1401 4085 sicut
1429 4042 1483 4085 tu
1509 4033 1575 4087 τ’.
1612 4051 1631 4083 ι

574 4302 639 4355 Α.
668 4300 832 4369 Atqui
865 4298 965 4353 hoc
1007 4298 1183 4367 ipsum
1238 4296 1369 4351 nihil
1407 4296 1551 4352 aliud
1605 4304 1689 4353 est
1733 4314 1892 4369 quam
1938 4304 2081 4371 quod

505 4395 665 4449 modo
703 4393 939 4447 diximus
974 4408 989 4445 :
1019 4408 1039 4444 s
1068 4390 1170 4456 Qui
1205 4392 1258 4445 in
1295 4392 1485 4447 diebus
1519 4393 1702 4448 carnis
1733 4409 1845 4449 sua:
1892 4410 2082 4465 preces

510 4483 1035 4557 supplicationesque
1061 4482 1127 4537 ad
1154 4496 1275 4537 eum
1302 4483 1391 4554 qui
1424 4485 1595 4553 possit
1647 4486 1819 4555 ipsum
1872 4488 2078 4541 salvum

2188 3309 2271 3360 ἵνα
2303 3309 2354 3361 τί
2390 3327 2456 3379 με
2490 3309 2885 3377 ἐγκατέλιπες;
2922 3330 2939 3361 ι
2975 3311 3003 3363 ὅ
3026 3328 3077 3363 τι
3110 3310 3176 3364 ἂν
3215 3310 3318 3383 ἄρα
3349 3315 3558 3365 συνεῖεν
3583 3315 3774 3383 animi;

2183 3401 2429 3468 Οἰηθεῖεν
2466 3400 2553 3465 ἂν,
2578 3400 2651 3464 ὦς
2675 3418 2737 3469 γε
2766 3398 2921 3471 οἶμαί
2959 3420 3083 3466 που,
3118 3402 3214 3457 τοῦ
3254 3404 3660 3476 ἀναληφθέντος
3681 3407 3775 3461 ἀν-

2185 3491 2406 3560 θρώπου
2454 3492 2551 3557 τὰς
2582 3493 2834 3556 τοιαύτας
2864 3489 3004 3548 εἶναι
3036 3496 3239 3563 φωνὰς,
3283 3496 3618 3568 ἀκηδιῶντος
3646 3501 3776 3573 ἄρα,

2187 3584 2279 3634 και
2312 3584 2513 3652 ἥκιστα
2565 3584 2662 3655 μὲν
2709 3586 2916 3657 οὶστὴν,
2961 3587 3299 3659 δυσφόρῃτον
3344 3589 3400 3642 δὲ
3449 3592 3774 3663 ποιουμένου

2186 3674 2277 3725 τοῦ
2318 3676 2627 3745 πειρασμοῦ
2654 3676 2749 3745 τὴν
2770 3675 2975 3745 ἔφοδον,
2998 3679 3029 3748 ἦ
3056 3697 3171 3741 πως
3202 3680 3477 3747 ἀλύοντος,
3503 3683 3578 3747 ὼς
3604 3686 3771 3750 εἰκὸς,

2187 3765 2245 3829 ἐξ
2296 3766 2647 3837 ἀνθρωπίνης
2702 3770 3084 3840 μικροψυχίας.
3115 3771 3269 3825 Ἐπεὶ
3312 3776 3406 3826 καὶ
3449 3778 3565 3839 τοῖς
3599 3778 3773 3845 ἁγίοις

2187 3860 2391 3928 ἔφασκε
2442 3859 2746 3928 μαθηταῖς·
2802 3882 2818 3911 ι
2862 3864 3166 3929 Περίλυπός
3217 3868 3365 3919 ἐστιν
3409 3870 3441 3937 ἡ
3481 3870 3627 3939 ψυχή
3676 3889 3773 3939 μου

2187 3952 2291 4014 ἕως
2328 3951 2581 4004 θανάτου·
2617 3970 2632 4000 i
2674 3955 3014 4022 προσέπιπτε
3048 3956 3105 4007 δὲ
3147 3958 3241 4008 καὶ
3283 3959 3433 4029 αύτῷ
3469 3961 3547 4031 τῷ
3580 3963 3770 4031 Πατρὶ,

2188 4040 2395 4107 λέγων·
2439 4060 2457 4092 ι
2496 4041 2697 4112 Πάτερ,
2730 4044 2777 4094 εξ
2812 4042 3059 4109 δυνατὸν,
3095 4047 3412 4117 παρελθέτω
3436 4052 3529 4103 ἀπ’
3552 4053 3688 4121 ἐμοῦ
3715 4058 3771 4108 τὸ

2187 4133 2444 4203 ποτήριον
2489 4133 2681 4186 τοῦτο·
2731 4135 2867 4205 πλὴν
2910 4138 3008 4207 οὐχ
3053 4138 3129 4203 ὡς
3174 4138 3285 4208 ἐγὼ
3325 4139 3492 4207 θέλω,
3542 4144 3660 4197 ἀλλ’
3700 4148 3773 4211 ὠς

2189 4239 2275 4276 συ.
2302 4243 2320 4275 ι

2256 4316 2317 4367 Δ.
2362 4316 2469 4370 Καὶ
2504 4316 2612 4387 μὴν
2642 4317 2800 4371 τοῦτὸ
2846 4318 2909 4385 γέ
2944 4320 3090 4371 ἐστιν
3128 4320 3314 4390 ἕτερον
3361 4324 3532 4391 οὐδὲν,
3574 4325 3605 4396 ἢ
3640 4327 3773 4399 ὅπερ

2187 4401 2447 4475 ἐλέγομεν
2486 4406 2706 4477 ἀρτίως⁹
2742 4426 2759 4459 s
2797 4409 2891 4471 Ὃς
2922 4409 2979 4460 ἐν
3015 4412 3135 4473 ταῖς
3176 4412 3411 4482 ἡμέραις
3443 4413 3541 4483 τῆς
3574 4416 3771 4485 σαρκὸς

2187 4497 2373 4561 αὐτοῦ,
2404 4498 2618 4568 δεήσεις
2640 4517 2699 4553 τε
2731 4501 2823 4553 καὶ
2856 4500 3134 4573 ἱκετηρίας
3189 4503 3327 4573 πρὸς
3358 4504 3450 4559 τὸν
3477 4506 3773 4579 δυνάμενον

512 4580 737 4633 faceres
786 4584 960 4629 morte
1021 4589 1143 4629 cum
1200 4573 1439 4629 clamore
1494 4576 1673 4631 valido
1717 4585 1771 4631 et
1825 4576 2080 4650 lacrymis

2187 4587 2381 4652 σώζειν
2409 4591 2571 4644 αὐτὸν
2600 4593 2664 4646 ἐκ
2688 4592 2944 4655 θανάτου,
2975 4594 3114 4664 μετά
3144 4600 3390 4668 κραυγῆς
3423 4573 3654 4673 ίσχυράς
3678 4604 3772 4657 καὶ

507 4666 701 4724 obtulit
730 4666 796 4718 ⁷³.
831 4684 850 4718 ι
901 4664 958 4719 Si
992 4666 1117 4732 quis
1140 4680 1267 4720 vero
1304 4666 1579 4721 existimat
1622 4681 1687 4721 eo
1719 4668 2083 4737 pusillanimi-

511 4758 634 4814 tatis
662 4756 948 4813 devenisse
989 4754 1290 4823 Christum,
1320 4764 1377 4809 ut
1421 4772 1693 4813 summum
1740 4760 1983 4816 dolorem
2017 4776 2082 4817 ex

510 4848 780 4921 passionis
845 4847 1190 4904 intolerantia
1265 4850 1594 4918 conceperit.
1673 4861 1818 4907 metu
1883 4854 2081 4918 vietus,

516 4938 675 5011 756
712 4949 875 5009 atque
894 4938 1265 4995 imbecillitate
1303 4949 1635 5010 superatus;
1670 4942 1882 4998 incusat
1906 4943 2082 5013 ipsum

510 5029 773 5095 profecto,
827 5037 889 5082 ut
931 5042 1038 5083 non
1075 5028 1247 5083 Deum
1282 5046 1294 5082 :
1329 5027 1530 5085 frustra
1568 5045 1722 5098 vero,
1760 5043 1816 5088 ut
1837 5044 2081 5105 apparet,

507 5119 683 5188 ipsum
714 5119 984 5175 censuerit
1015 5118 1321 5191 increpasse
1358 5120 1597 5177 Petrum.

582 5207 644 5263 Β.
672 5210 791 5277 Quo
822 5209 1027 5281 pacto?

582 5303 650 5358 Δ.
679 5300 755 5356 lia
785 5303 929 5357 enim
960 5303 1214 5361 Christus
1241 5304 1307 5359 ad
1346 5305 1564 5363 Petrum
1613 5307 1789 5381 inquit
1822 5330 1835 5366 :
1885 5329 1903 5363 ι
1943 5311 2081 5368 Ecce

515 5393 857 5448 ascendimus
891 5395 942 5448 in
968 5393 1360 5467 Hierosolyma,
1394 5408 1449 5453 et
1490 5399 1659 5455 Filius
1698 5402 1934 5458 hominis
1969 5414 2078 5459 tra-

516 5486 674 5535 detur
724 5483 777 5536 in
826 5498 1017 5539 manus
1067 5497 1436 5555 peccatorum,
1482 5500 1537 5545 et
1581 5491 1806 5548 iiludent
1849 5496 1972 5563 ipsi,
2032 5507 2088 5552 et

518 5574 834 5644 uucillgent
865 5578 1007 5642 eum,
1050 5586 1105 5633 et
1140 5578 1297 5633 tertia
1335 5579 1425 5637 die
1475 5586 1810 5654 resurget".
1844 5586 2085 5645 i-Petrus

580 5774 1043 5848 "__M_alllt.x,38.
1123 5764 1627 5843 unaunam“.
1710 5783 2073 5848 '“i‘sal.xxi,

518 5843 587 5907 9..
612 5845 655 5874 ⁷³
681 5845 839 5901 ilehr.
879 5866 925 5907 ι’,
964 5850 1011 5902 7.

2192 4678 2443 4751 δακρύων
2470 4684 2895 4753 προσενέγκας.»
2930 4686 2993 4739 Εἰ
3016 4687 3073 4739 δὲ
3114 4687 3177 4759 δή
3208 4703 3291 4751 τις
3312 4690 3481 4745 οἴεται
3506 4696 3773 4766 μικροψυ-

2192 4771 2315 4841 χίας
2343 4776 2422 4836 είς
2469 4774 2629 4829 τοῦτο
2658 4777 2979 4832 καθικέσθαι
3033 4780 3289 4851 Χριστὸν,
3334 4781 3670 4855 λελυπῆσθαι
3716 4788 3772 4842 δέ

2192 4863 2285 4915 καὶ
2313 4863 2601 4935 ἀδημονεῖν
2629 4867 2917 4941 ἀφορήτως
2946 4870 3140 4941 ἔχοντα
3166 4871 3302 4944 πρὸς
3334 4871 3395 4927 τὸ
3422 4876 3635 4945 παθεῖν,
3665 4879 3771 4934 δέει

2190 4957 2566 5027 νενικημένον,
2615 4962 2709 5014 καὶ
2738 4961 2993 5035 ἀσθενείᾳ.
3032 4968 3463 5040 κεκρατημένον·
3502 4972 3771 5042 γράφεται

2192 5044 2291 5134 μὲν
2317 5045 2763 5119 ὁμολογουμένως
2794 5052 2957 5106 αὐτὸν
2985 5054 3059 5119 ὡς
3086 5058 3187 5111 οὐκ
3219 5060 3349 5115 ὅντα
3366 5060 3519 5126 Θεὸν,
3549 5064 3670 5134 είκῆ
3695 5064 3762 5133 δέ,

2189 5133 2263 5197 ὡς
2292 5136 2491 5203 ἔοικεν,
2516 5141 2843 5213 ἀποφήνειεν
2870 5145 2935 5199 ἂν
2974 5146 3313 5220 ἐπιτιμῶντα
3342 5152 3421 5223 τῷ
3454 5133 3667 5226 Πέτρῳ,

2262 5229 2321 5282 Β.
2360 5230 2484 5294 Πῶς
2509 5231 2571 5303 δὴ
2602 5236 2736 5307 φής;

2264 5323 2326 5376 Α.
2370 5323 2516 5395 Ἔφη
2553 5326 2650 5393 μὲν
2678 5328 2787 5401 γὰρ
2815 5331 2844 5383 6
2874 5331 3109 5403 Χριστός
3132 5349 3146 5363 ⁸
3183 5352 3203 5387 s
3244 5334 3373 5391 Ἰδοὺ
3410 5330 3772 5413 ἀναϐαίνομε-

2192 5413 2270 5505 είς
2304 5415 2674 5489 Ἰεροσόλυμα,
2705 5422 2799 5476 καὶ
2839 5424 2867 5475 6
2906 5424 3035 5489 Υἱὸς
3070 5426 3164 5479 τοῦ
3211 5429 3500 5501 ἀνθρώπου
3536 5435 3779 5505 παραδο·

2194 5502 2416 5572 θήσεται
2471 5507 2551 5569 είς
2600 5513 2785 5583 χεῖρας
2850 5515 3215 5585 ἁμαρτωλῶν,
3269 5521 3363 5574 καὶ⁵
3416 5502 3763 5592 ἐμπαίξουσι

2194 5593 2362 5661 αύτῷ,
2396 5598 2487 5649 καὶ
2514 5602 2921 5674 σταυρὼαουσιν
2954 5609 3138 5674 αὑτὸν,
3182 5612 3276 5667 καὶ
3305 5617 3372 5685 τῇ
3408 5615 3564 5689 τρίτῃ
3596 5619 3742 5690 ἡμέρ

1090 5786 1167 5883 r"
1199 5786 1384 5834 Matth.
1420 5788 1503 5843 to,
1539 5786 1627 5835 Ἡ.
1710 5786 1753 5813 ὀ
1784 5786 1921 5837 i‘sal.
1958 5800 2073 5848 xxi,
2111 5786 2164 5870 l_;_
2204 5788 2389 5849 Matth.
2438 5810 2603 5864 xxvii,
2635 5802 2723 5854 46.
2804 5802 2844 5833 ⁷¹
2892 5802 3083 5862 Matth.
3122 5822 3244 5864 τινι
3296 5808 3387 5867 58.
3464 5811 3509 5844 "
3552 5812 3683 5871 ibid.
3726 5814 3778 5870 3.

1121 5864 1134 5882 ⁸
1176 5851 1338 5911 Marc.
1377 5868 1481 5913 xiv.
1517 5853 1575 5906 ιι
1606 5870 1619 5913 ;
1648 5852 1776 5912 Luc.
1813 5870 1966 5915 .\t‘ttt.
2001 5856 2189 5916 31-50.
3252 5848 3269 5877 ⁸
