4058 6328
365 429 505 484 13:25

1507 422 1696 492 QUOD
1742 419 1929 478 UNUS
1969 415 2076 472 SIT
2117 415 2492 472 CHRISTUS.

3519 410 3656 467 ηαδ

364 542 746 614 ἐγερθήσεται.
774 559 793 591 ι
841 541 896 595 ’0
930 541 1006 604 δὲ,
1057 543 1263 596 ἐπείτοι
1305 542 1553 612 φιλόθεος
1583 539 1671 614 ἦν,
1720 540 1955 603 «Ἵλεώς

2081 550 2242 593 intem
2298 554 2422 593 cum
2454 535 2502 593 ei
2537 537 2888 589 vehementer
2936 534 3134 589 charus
3168 543 3355 587 esset:
3394 553 3410 583 ι
3484 534 3656 595 Absit,

368 652 470 699 σοι,
509 633 702 704 Κύριε,
747 634 936 701 φησὶν,
969 636 1029 688 οὐ
1074 635 1148 706 μὴ
1183 635 1335 689 ἔσται
1379 653 1461 689 σοι
1495 635 1674 688 τοῦτο.
1702 655 1720 686 ι
1767 635 1874 687 Καὶ
1904 653 1956 687 τι

364 725 503 796 πρὸς
533 724 694 776 αὑτὸν
719 724 747 774 ὁ
772 725 1040 793 Χριστός;
1071 746 1089 777 ι
1117 726 1334 795 ’Ὕπαγε
1361 726 1540 779 ὀπίσω
1569 743 1691 794 μου,
1721 726 1956 784 Σατανᾶ.

361 817 665 871 σκάνδαλόν
704 832 794 886 μοι
825 812 896 881 εἴ,
927 818 1006 870 ὅτι
1038 818 1098 870 οὑ
1143 819 1360 887 φρονεῖς
1390 817 1457 870 τά
1490 816 1584 870 τοῦ
1628 816 1786 880 Θεοῦ,
1822 816 1960 870 ἀλὶά

357 909 428 961 τὰ
463 908 573 960 τῶν
606 907 933 978 ἀνθρώπων.
961 929 978 960 ι
1015 909 1210 964 Καίτοι
1260 909 1381 973 πῶς
1429 911 1710 980 ἡμάρτανε
1745 910 1841 962 τοῦ
1882 910 1959 961 ai-

360 1000 527 1061 κότος
555 1000 585 1052 ό
615 999 886 1070 μαθητὴς,
908 998 1280 1070 ἀποφέρεσθαι
1315 999 1485 1053 θέλων
1519 1000 1612 1054 τοῦ
1639 999 1960 1052 διδασκάλου

359 1093 456 1144 τὸν
505 1092 833 1162 πειρασμὸν,
881 1093 932 1145 εί
972 1091 1249 1156 δύσοιστος
1287 1087 1356 1162 ἦν
1394 1093 1565 1163 αὐτῷ,
1616 1093 1708 1146 καὶ
1757 1092 1960 1162 ἥκιστα

370 1183 473 1255 μὲν
503 1182 760 1254 φορητὸς,
804 1182 1016 1245 καθιεὶς
1061 1181 1117 1235 δὲ
1148 1183 1351 1252 μᾶλλον
1390 1183 1482 1236 επὶ
1529 1183 1590 1236 τὸ
1630 1181 1827 1236 ἀναλκι
1867 1185 1961 1236 καὶ

371 1273 694 1344 συνθραύειν
721 1273 904 1327 ἱκανὸν
955 1273 1046 1326 τὸν
1072 1275 1186 1336 τοῖς
1213 1274 1406 1327 ἑαυτοῦ
1443 1273 1712 1344 μαθηταῖς
1738 1274 1965 1343 ἐπισκήέ

371 1386 598 1434 πτοντα,
645 1366 754 1420 τῶν
787 1365 880 1419 τοῦ
918 1365 1150 1419 θανάτου
1189 1365 1463 1435 δειμάτων
1511 1365 1960 1436 κατευμεγεθεῖν,

372 1461 467 1516 καὶ
503 1463 629 1531 παρ’
654 1459 808 1513 οὐδὲν
839 1457 1092 1529 ἡγεῖσθαι
1125 1457 1185 1509 τὸ
1216 1457 1432 1522 παθεῖν,
1477 1457 1586 1511 ἐστ’
1619 1457 1686 1510 ἂν
1733 1458 1961 1530 ἀνύηται

370 1554 510 1625 πρὸς
546 1554 646 1606 αὐτ
662 1553 739 1604 ὦν
775 1552 835 1604 τὸ
862 1550 983 1620 Θεῷ
1017 1548 1243 1614 δοκοῦν;
1291 1549 1570 1619 Θαυμάξω
1598 1550 1675 1616 δὲ,
1716 1551 1796 1602 ὅτι
1839 1567 1966 1603 συν·

370 1646 542 1717 ἧφθαι
582 1646 830 1712 λέγοντες
878 1643 1041 1697 αὐτὸν
1072 1643 1150 1712 τῷ
1184 1644 1499 1710 Μονογενεῖ,
1534 1647 1628 1696 καὶ
1663 1644 1771 1696 τῶν
1804 1643 1965 1696 θείων

373 1739 702 1808 ἀξιωμάτων
735 1737 1128 1805 ἀποφαίνοντες
1159 1735 1435 1798 κοινωνὸν,
1465 1735 1573 1786 τῶν
1603 1736 1696 1789 τοῦ
1732 1736 1963 1789 θανάτου

371 1830 648 1898 δειμάτων
705 1829 956 1898 ῥίπτουσι
1021 1825 1272 1888 κατόπιν,
1321 1826 1389 1878 ἵν’
1434 1826 1607 1896 ὁρῷτο
1646 1826 1770 1879 καθ’
1815 1828 1965 1898 ἡμᾶς

2062 631 2258 700 inquit,
2294 631 2395 684 hoc
2423 645 2452 682 a
2483 639 2558 694 te,
2591 626 2818 682 Domine
2846 642 2859 690 ;
2915 641 3022 682 non
3071 625 3177 681 erit
3209 625 3304 679 tibi
3338 625 3462 680 hoc.
3503 643 3523 675 ι
3560 626 3656 680 Cui

2062 723 2338 791 respondit
2372 721 2659 777 Christus:
2699 739 2717 769 ι
2750 719 2901 776 Vade
2933 728 3057 787 post
3110 716 3476 782 me,‘Satana,
3527 717 3656 787 quia

2058 815 2376 868 scandalum
2414 813 2543 868 mihi
2579 827 2661 875 es,
2695 821 2749 867 et
2781 825 2886 866 non
2918 808 3065 880 sapis
3108 823 3180 863 -ea
3212 823 3333 879 quae
3367 805 3464 862 Dei
3505 817 3653 868 sunt.

2062 906 2153 961 sed
2180 919 2302 975 qua:
2336 906 2614 962 hominum
2649 904 2720 960 "‘.
2762 923 2780 956 ι
2809 903 3172 973 Atquomodo
3203 905 3448 972 peccavit
3493 902 3659 957 disci-

2061 997 2219 1066 pulus
2241 997 2467 1068 cupiens
2503 1013 2532 1052 a
2560 997 2823 1066 magistro
2850 1011 2950 1051 suo
2973 1011 3258 1051 removere
3277 995 3659 1058 tentationem,

2062 1090 2107 1145 si
2133 1089 2489 1144 intolerabilis
2519 1089 2622 1159 ipsi
2649 1097 2792 1156 erat,
2820 1099 2874 1144 et
2912 1103 2977 1144 eo
3012 1087 3410 1144 imbecillitatis
3440 1086 3658 1156 dejece-

2056 1187 2172 1244 rat,
2234 1194 2356 1249 qua:
2405 1179 2646 1234 animum
2698 1178 2958 1249 frangere
3009 1188 3195 1248 posset
3244 1176 3364 1248 ejus
3407 1177 3499 1248 qui
3547 1176 3663 1232 suis

2065 1270 2345 1340 discipulis
2405 1269 2698 1324 mandabat
2741 1270 2934 1324 mortis
2989 1278 3230 1325 terrores
3291 1284 3574 1339 superare,
3609 1281 3661 1326 et

2065 1377 2163 1431 pro
2198 1361 2367 1416 nihilo
2391 1371 2578 1432 putare
2624 1361 2669 1415 si
2712 1362 2933 1432 quando
2975 1362 3151 1432 ipsum
3203 1364 3313 1432 pati
3369 1374 3663 1418 cernerent

2068 1461 2128 1508 ut
2152 1453 2245 1507 Dei
2281 1452 2532 1508 voluntas
2553 1453 3138 1524 perﬁcereturHliror
3179 1471 3313 1512 vero
3362 1458 3508 1524 quod
3539 1473 3661 1512 cuin

2067 1546 2216 1600 illum
2238 1545 2538 1616 .Unigenito
2592 1546 2942 1615 conjunctum
2986 1547 3157 1605 fuisse
3204 1559 3472 1618 statuant,
3516 1563 3573 1606 et
3610 1553 3664 1606 in

2068 1636 2378 1693 divinarum
2413 1638 2739 1707 dignitatum
2764 1641 2882 1693 sive
2914 1641 3310 1710 proprietatum
3343 1643 3664 1697 societatem

2068 1741 2424 1800 assumptum,
2462 1732 2642 1786 timori
2680 1734 2870 1789 mortis
2914 1733 3234 1804 subjiciam,
3283 1735 3354 1790 ita
3400 1746 3458 1789 ut
3489 1739 3665 1790 nudus

2071 1825 2228 1894 plane
2278 1827 2448 1880 instar
2492 1836 2735 1882 nostrum
2785 1836 3064 1892 cernatur,
3118 1827 3363 1897 nihilque
3416 1845 3481 1884 ex
3528 1831 3664 1885 divi-

372 1923 580 1993 γυμνὸς
609 1897 872 1992 δηλονότι,
906 1919 1002 1972 καὶ
1033 1918 1108 1982 ὡς
1149 1918 1257 1971 ἀπὸ
1284 1918 1391 1971 τῶν
1439 1920 1597 1974 Θείων
1637 1897 1964 1992 ἀξιωμάτων

2081 1930 2263 1969 narum
2296 1915 2620 1985 dignitatum
2664 1918 3160 1975 communicatione
3210 1922 3480 1977 commodi
3512 1937 3667 1978 acce-

372 2034 503 2070 κεκε
513 2014 724 2087 ρδακὼς
754 2014 926 2069 οὐδέν.

446 2109 508 2163 Β.
556 2109 775 2169 Ὀποίος
812 2107 877 2160 ἂν
909 2106 1016 2179 ἄρα
1047 2109 1162 2162 ἐστὶ
1193 2110 1294 2180 τῆς
1327 2106 1385 2159 ἓν
1416 2123 1480 2176 γε
1512 2106 1724 2170 τούτοις
1762 2108 1965 2161 οἰκονο·

377 2200 508 2271 μίας
536 2201 565 2252 ό
597 2198 786 2266 λόγοςς

446 2293 511 2344 Δ.
542 2290 820 2352 Μυστικὸς
857 2292 939 2345 ὅτι
972 2292 1067 2346 καὶ
1111 2290 1316 2360 βαθὺς,
1367 2291 1463 2343 καὶ
1513 2289 1965 2360 τεθαυμασμένος

377 2385 533 2456 παρά
564 2401 627 2452 γε
665 2385 778 2446 τοῖς
817 2383 1016 2437 εἰδόσιν
1046 2383 1223 2454 ὀρθῶς
1255 2383 1315 2436 τὸ
1356 2379 1597 2452 Χριστοῦ
1645 2383 1964 2450 μυστήριον.

379 2478 571 2547 ’Δθρει
617 2476 726 2544 γάρ
759 2493 848 2544 μοι
888 2476 1015 2550 τοὺς
1041 2477 1106 2545 τῇ
1139 2474 1364 2527 κενώσει
1391 2474 1704 2545 πρέποντας
1752 2473 1966 2541 λόγους,

377 2567 471 2621 καὶ
510 2569 620 2629 τοῖς
648 2569 746 2636 τῆς
785 2564 1205 2636 ἀνθρωπὸτητος
1243 2564 1460 2635 μέτροις
1491 2567 1590 2618 οὑκ
1617 2566 1968 2631 ἀπεοικότας,

365 2660 452 2723 ὡς
499 2662 554 2714 ἐν
588 2659 768 2729 καιρῷ
802 2659 893 2712 καὶ
937 2658 1096 2728 χρείᾳ
1134 2658 1569 2728 γεγενημένους,
1609 2660 1696 2712 ἵνα
1732 2660 1970 2729 φανῆται

377 2751 656 2821 πανταχοῦ
689 2751 810 2804 καθ’
833 2752 982 2819 ἡμᾶς
1016 2749 1255 2817 γεγονὼς
1281 2753 1308 2802 ὁ
1343 2750 1484 2820 ὑπὲρ
1515 2754 1696 2805 πᾶσαν
1728 2753 1826 2822 τὴν
1856 2753 1972 2805 κτί-

367 2859 486 2896 σιν.
512 2842 746 2909 "Ederet
771 2839 828 2891 δὲ
866 2840 1043 2910 τούτῳ
1076 2841 1300 2893 κάκεῖνο
1327 2840 1391 2910 δὴ
1423 2838 1512 2895 αὖ.

451 2935 509 2986 Β.
546 2933 619 2985 Τὸ
652 2933 803 2985 ποῖόν
833 2949 884 2984 τι
916 2933 1056 3002 φὴς;

449 3027 512 3077 Δ.
563 3023 786 3093 Ἐπειδὴ
821 3023 931 3094 γὰρ
973 3023 1278 3093 γεγόναμεν
1329 3024 1625 3093 ἐπάρατοί,
1655 3024 1745 3076 διὰ
1771 3024 1871 3094 τὴν
1917 3024 1975 3077 ἐν

394 3117 566 3187 Ἀδὰμ
602 3115 939 3186 παράϐασιν,
985 3115 1357 3187 πεπτώκαμεν
1385 3116 1440 3168 δὲ
1469 3118 1561 3169 καὶ
1610 3117 1714 3169 ὑπὸ
1742 3117 1972 3170 θανάτου

381 3212 589 3279 πάγην,
616 3207 1140 3277 ὲγκαταλειφθέντες
1173 3208 1277 3261 ὑπὸ
1316 3208 1474 3274 Θεοῦ,
1508 3209 1687 3263 πάντα
1715 3210 1772 3263 δὲ
1810 3211 1972 3278 γέγο-

381 3318 470 3354 νεν
499 3303 555 3353 ὲν
582 3300 805 3370 Χριστῷ
831 3300 1016 3363 καινὰ,
1043 3302 1137 3353 καὶ
1163 3300 1518 3370 ἀναφοίτησις
1545 3300 1654 3353 τῶν
1679 3301 1802 3353 καθ’
1823 3302 1977 3373 «ἡμᾶς

381 3395 464 3455 είς
495 3391 568 3443 ’τὸ
607 3393 664 3444 ὲν
701 3393 935 3462 ἁρχαῖς’
991 3392 1159 3462 ἐχρῆν
1208 3393 1529 3460 ἀναγκαίως
1582 3393 1672 3446 τὸν
1725 3393 1978 3462 δεύτερον

395 3485 567 3554 ’Δδάμ
600 3484 690 3537 τὸν
714 3484 773 3550 ἐξ
801 3483 1056 3554 οὐρανοῦ,
1085 3485 1178 3537 τὸν
1221 3483 1442 3555 ἀπάσης
1473 3485 1753 3554 ἁμαρτίας
1792 3485 1978 3555 κρείτ-

380 3593 541 3642 τονα,
599 3576 699 3647 τὴν
752 3577 1032 3644 πάναγνον
1083 3575 1179 3628 καὶ
1232 3574 1505 3646 ἀϐέϐηλον
1567 3577 1826 3647 ἀπαρχὴν
1881 3577 1977 3630 τοῦ

381 3672 577 3740 γένους
611 3670 893 3741 δευτέραν,
930 3667 1176 3721 τουτέστι
1218 3668 1475 3739 Χριστὸν,
1523 3669 1832 3731 ἀπαλλάξαι
1877 3671 1980 3737 τῆς

371 3766 542 3833 -δίκης
574 3763 673 3835 τὴν
720 3761 1013 3833 ἀνθρώπου
1051 3759 1237 3830 φύσιν,
1283 3762 1380 3814 καὶ
1413 3761 1642 3814 καλέσαι
1695 3761 1860 3815 πάλιν
1893 3763 1978 3815 ἐπ’

385 3858 525 3927 αὐτῇ
568 3857 666 3926 τὴν
692 3856 898 3910 ἄνωθεν
927 3854 1025 3910 καὶ
1051 3854 1204 3926 παρά
1227 3855 1440 3927 Πατρὸς
1471 3856 1785 3926 εὐμένειαν,
1819 3856 1980 3910 λῦσαί

383 3967 445 4002 τε
484 3950 581 4022 τὴν
612 3949 1003 4020 ἐγκατάλειψιν
1033 3948 1121 4002 διά
1154 3949 1253 4019 τῆς
1284 3949 1535 4021 ὑπακοῆς
1583 3952 1677 4004 καὶ
1722 3954 1822 4024 τῆς
1866 3954 1979 4004 εἰσ-

387 4045 535 4098 ἁπαν
583 4043 885 4112 ὑποταγῆς.
936 4041 1010 4094 Οὐ
1060 4039 1171 4110 γὰρ
1217 4041 1474 4110 ἐποίησεν
1530 4042 1832 4114 ἁμαρτίαν,
1880 4061 1980 4095 πε-

387 4134 662 4205 πλούτηκε
697 4135 752 4187 δὲ
788 4134 848 4188 τὸ
875 4132 1179 4206 ἀμώμητον
1210 4135 1243 4204 ἡ
1271 4134 1563 4205 ἀνθρώπου
1601 4136 1763 4204 φύσις
1800 4139 1857 4189 ὲν
1891 4137 1982 4192 αὑ-

386 4228 486 4297 τῷ,
526 4227 621 4280 καὶ
659 4226 720 4279 τὸ
755 4226 1126 4296 ἀνεπίληπτον
1157 4227 1459 4292 παντελῶς,
1487 4229 1576 4282 ἵνα
1609 4229 1836 4301 δύνηται
1873 4231 1982 4284 λοι-

387 4317 489 4369 πὸν
515 4319 580 4370 ὲκ
605 4316 920 4387 παρρησίας
945 4317 1204 4388 ἀναϐοᾷνο
1221 4338 1238 4369 ι
1258 4318 1358 4371 Θεέ
1382 4337 1505 4389 μου,
1530 4320 1632 4374 Θεέ
1661 4339 1785 4392 μου,
1817 4323 1902 4376 ἵνα
1928 4323 1981 4375 τί

391 4427 460 4479 με
485 4409 847 4478 ἐγκατέλιπες
868 4427 915 4476 ;»
937 4409 1140 4464 Ἑννόει
1171 4411 1300 4480 γὰρ,
1324 4413 1405 4466 ὅτι
1427 4414 1670 4482 γεγονὼς
1693 4415 1982 4487 ἄνθρωπος

388 4504 416 4552 ό
447 4498 780 4570 Μονογενὴς,
803 4499 878 4562 ὡς
915 4495 997 4565 εἷς
1022 4500 1082 4566 ἐξ
1105 4503 1286 4573 ἡμῶν,
1317 4503 1414 4557 καὶ
1444 4503 1586 4576 ὑπὲρ
1618 4505 1840 4578 ἁπάσης
1881 4507 1982 4577 τῆς

2069 2009 2233 2079 pisse.

2140 2097 2204 2152 Β.
2267 2098 2525 2167 Quaenam
2564 2100 2728 2172 igitur
2777 2112 2858 2156 est
2908 2103 2961 2157 in
3017 2103 3167 2158 hisce
3202 2107 3524 2162 oeconomia:
3580 2125 3667 2162 ra-

2072 2189 2146 2244 tio
2169 2189 2196 2244 ’ἒ

2142 2281 2208 2338 Α.
2267 2283 2493 2355 Mystica
2569 2293 2732 2354 atque
2795 2287 3116 2342 admiranda
3173 2289 3239 2344 iis
3315 2290 3402 2359 qui
3468 2291 3670 2349 Christi

2073 2376 2391 2446 mysterium
2423 2386 2569 2432 recte
2594 2377 2922 2448 intelligunt.
2950 2380 3340 2436 Animadverte
3372 2384 3518 2437 enim
3546 2401 3670 2440 vcr-

2072 2468 2140 2523 ba
2180 2468 2542 2523 exinanitioni
2595 2472 3007 2536 convenientia,
3053 2483 3108 2526 et
3159 2475 3226 2528 ab
3284 2474 3537 2530 humanae
3575 2494 3670 2531 na-

2077 2571 2211 2613 tura:
2257 2560 2567 2616 conditione
2616 2579 2962 2634 nequaquam
3015 2565 3217 2632 aliena,
3271 2581 3372 2622 suo
3429 2576 3673 2638 tempore

2076 2663 2238 2722 atque
2287 2664 2592 2723 Opportune
2647 2657 2853 2719 habita,
2902 2667 2958 2711 nt
3000 2659 3045 2711 is
3095 2661 3182 2728 qui
3239 2676 3398 2729 supra
3453 2680 3670 2718 omnem

2074 2757 2380 2801 creaturam
2421 2757 2525 2810 est,
2587 2751 2757 2803 nostri
2791 2766 3016 2818 prorsus
3081 2752 3279 2807 similis
3337 2754 3513 2810 factus
3552 2774 3674 2812 esse

2075 2852 2347 2895 cernatur.
2403 2839 2781 2911 Consequctur
2828 2853 3012 2899 autem
3051 2845 3117 2899 ad
3156 2847 3282 2910 hoc,
3321 2850 3487 2902 etiam
3521 2850 3673 2908 illud.

2150 2931 2209 2985 Β.
2263 2931 2529 2997 Quidnam
2556 2933 2579 2986 ?

2147 3026 2211 3078 A.
2239 3023 2372 3080 Cum
2398 3025 2542 3079 enim
2576 3024 2705 3081 facti
2761 3042 2951 3081 smnus
3000 3031 3396 3098 exsecrabilcs,
3455 3046 3677 3104 propter

2080 3118 2569 3187 transgressionem
2633 3120 2785 3183 Adae,
2849 3121 3142 3175 incidimus
3203 3139 3329 3178 vero
3380 3127 3432 3180 in
3485 3129 3679 3182 mortis

2005 3244 2047 3300 Ο
2083 3208 2326 3277 laqueos,
2371 3210 2572 3264 deserti
2609 3227 2638 3264 a
2675 3210 2804 3275 Deo,
2854 3212 3034 3265 omnia
3095 3229 3225 3268 vero
3272 3216 3411 3270 facta
3452 3228 3587 3272 sunt
3625 3221 3676 3273 iu

2082 3301 2299 3356 Christo
2335 3318 2468 3356 nova
2494 3303 2562 3365 ⁷⁸,
2594 3312 2649 3356 et
2705 3313 2900 3356 natura
2941 3314 3128 3358 nostra
3175 3307 3415 3375 pristina:
3459 3313 3680 3366 sumiu-

2070 3374 2318 3462 ‘tcyitati
2357 3393 2604 3446 resntuta
2630 3403 2711 3448 est
2744 3410 2759 3459 ;
2799 3397 3169 3450 necessarium
3224 3400 3447 3455 omnino
3495 3404 3681 3460 fuitut

2082 3486 2351 3540 secundus
2379 3487 2550 3539 Adam
2579 3502 2642 3541 ex
2670 3487 2810 3542 caelo
2860 3488 3040 3542 omnis
3103 3494 3311 3558 peccati
3348 3509 3570 3561 expers,
3625 3507 3682 3552 et

2085 3576 2385 3642 purissimae
2417 3575 2634 3644 generis
2663 3576 2834 3630 nostri
2857 3579 3133 3646 prituitim,
3170 3581 3272 3636 hoc
3301 3593 3384 3637 est
3406 3583 3680 3650 Christus,

2085 3666 2374 3720 humanam
2433 3678 2680 3722 naturam
2713 3684 2741 3722 a
2777 3683 2938 3738 pmna
3000 3669 3278 3741 liberaret,
3310 3686 3365 3731 et
3395 3679 3680 3736 roelcstcnt

2084 3755 2263 3812 Patris
2300 3759 2741 3814 benevolentiam
2769 3762 2819 3816 ei
2853 3777 3045 3818 rursus
3097 3767 3416 3823 conciliaret
3456 3787 3469 3835 ;
3503 3772 3680 3826 illam-

2084 3866 2190 3920 que
2216 3852 2388 3905 nostri
2421 3853 2782 3909 desertionem
2836 3856 3100 3925 aboleret,
3154 3875 3250 3929 per
3310 3862 3682 3920 obedientiam

2086 3944 2460 4013 integramque
2488 3947 2908 4015 subiectionem.
2938 3947 3122 4021 Neque
3162 3955 3305 4007 enim
3333 3953 3464 4009 fecit
3486 3973 3686 4026 pecca-

2084 4043 2196 4090 tum
2221 4037 2290 4101 τ’,
2329 4036 2677 4108 humanaque
2705 4050 2900 4095 natura
2926 4041 2979 4097 in
3001 4043 3118 4112 ipso
3145 4044 3420 4116 inculpata
3449 4049 3685 4119 irrcpre-

2085 4129 2480 4202 heusibilisque
2503 4140 2584 4188 est
2618 4130 2809 4189 cﬂ‘ecta
2851 4151 2866 4189 :
2904 4145 2961 4190 ut
3010 4135 3172 4208 757
3222 4140 3393 4207 possit
3429 4142 3687 4210 deinceps

2085 4221 2256 4277 libere
2313 4221 2658 4278 exclamare:
2697 4223 2872 4281 «Deus
2903 4240 3078 4294 meus,
3135 4228 3275 4285 Deus
3303 4246 3479 4298 meus,
3517 4249 3688 4303 quare

2086 4329 2174 4369 me
2220 4315 2560 4386 dereliquisti
2609 4316 2632 4370 ἲ
2668 4334 2688 4369 ι
2720 4318 3113 4376 Animadverte
3151 4323 3320 4389 enim,
3358 4326 3506 4394 quod
3559 4341 3686 4383 cum

2087 4407 2411 4478 Unigenitus
2454 4407 2630 4465 factus
2667 4418 2756 4466 est
2789 4411 2974 4482 homo,
3023 4413 3168 4470 sicut
3212 4430 3354 4470 unus
3397 4430 3465 4472 ex
3506 4419 3688 4486 nobis,

2087 4515 2186 4570 pro
2256 4501 2508 4558 universa
2574 4505 2741 4559 etiam
2806 4514 3003 4561 natura
3087 4507 3329 4565 humana
3417 4511 3684 4581 ejusmodi

389 4589 606 4661 φύσεως
637 4591 734 4656 τάς
758 4591 1017 4656 τοιαύτας
1043 4594 1195 4664 ἠφίει
1225 4596 1430 4665 φωνὰς,
1463 4599 1751 4670 μονονουχὶ
1783 4599 1974 4669 λέγων·

2091 4607 2252 4648 voces
2328 4593 2552 4660 emisit,
2621 4595 2781 4666 quasi
2861 4598 3052 4655 dicens
3109 4600 3432 4658 :Peccavit
3479 4606 3690 4674 primus

390 4682 871 4754 Πεπλημμέληκεν
895 4686 923 4738 ό
949 4685 1166 4756 πρῶτος
1194 4685 1504 4758 ἄνθρωπος,
1531 4689 1876 4761 παρώλισθεν
1906 4695 1986 4756 εἰς

393 4775 702 4847 παρακοὴν,
749 4776 1102 4849 κατημέλησε
1144 4781 1244 4853 τῆς
1282 4780 1534 4852 δοθείσης
1575 4783 1827 4855 ἐντολῆς,
1875 4789 1986 4851 τοῖς

392 4866 488 4921 τοῦ
513 4865 808 4938 δράκοντος
845 4872 1204 4940 φενακισμοῖς
1234 4872 1316 4936 είς
1344 4872 1409 4926 τὸ
1450 4873 1661 4946 ὲξήνιον
1699 4878 1973 4948 συνηρπά-

396 4958 551 5022 ζετο·
577 4957 860 5030 ταύτῃτοι,
903 4963 998 5015 καὶ
1044 4961 1190 5030 μάλα
1228 4963 1475 5029 εἰκότως,
1514 4966 1880 5037 ὑπενήνεκται
1919 4973 1987 5042 τῇ

396 5051 602 5122 φθορᾷ,
649 5051 744 5105 καὶ
772 5051 997 5122 γέγονεν
1035 5053 1143 5108 ὑπὸ
1192 5054 1386 5126 δίκην·
1437 5056 1554 5111 ἀλλ’
1584 5059 1689 5130 ἐμὲ
1729 5060 1990 5133 δευτέραν

391 5143 699 5214 ἐφύτευσας
752 5145 928 5218 ἀρχὴν
974 5150 1088 5212 τοῖς
1143 5146 1240 5202 ἐπὶ
1291 5148 1404 5219 τῆς·
1423 5150 1549 5222 γῆς,
1601 5154 1989 5224 κεχρημάτικα

391 5232 644 5304 δεύτερος
670 5235 863 5306 Ἀδάμ.
891 5236 981 5290 Ἐν
1010 5236 1137 5307 ἐμοὶ
1163 5236 1587 5309 κεκαθαρμένην
1602 5241 1736 5312 ὁρᾷς
1765 5243 1865 5310 τὴν
1893 5244 1984 5297 ἀν-

394 5326 614 5396 θρώπου
638 5325 820 5396 φύσιν,
854 5329 1284 5400 κατορθώσασαν
1307 5329 1367 5384 τὸ
1395 5331 1779 5402 ἀπλημμελὲς,
1817 5335 1887 5404 ἀγ
1898 5336 1982 5390 ίαν

394 5419 490 5472 καὶ
515 5420 813 5488 πάναγνον.
840 5421 994 5475 Δίδου
1025 5422 1211 5476 λοιπὸν
1231 5422 1302 5476 τά
1327 5422 1386 5488 ἐξ
1411 5424 1751 5497 ἡμερότητος
1777 5427 1982 5496 ἀγαθὰ,

392 5507 488 5566 λύε
531 5510 630 5582 τὴν
674 5514 1086 5587 ἐγκατάλειψιν,
1139 5516 1468 5588 ἐπιτίμησον
1499 5499 1575 5589 ’τῇ
1627 5519 1836 5590 φθορᾷ,
1892 5525 1988 5575 καὶ

397 5599 568 5673 πέρας
606 5602 779 5673 ἐχέτω
806 5604 878 5660 τά
911 5603 971 5668 ἐξ
1010 5607 1198 5677 ὀργῆς.
1245 5607 1530 5679 Νενίκηκα
1560 5609 1670 5682 γὰρ
1701 5611 1863 5664 αὑτὸν
1894 5615 1988 5666 τὸν

398 5692 565 5744 πάλαι
595 5692 949 5764 κρατήσαντα
995 5694 1257 5750 Σατανᾶν
1303 5691 1444 5767 Εὗρε
1482 5702 1590 5768 γὰρ
1626 5700 1683 5752 ἐν
1721 5701 1845 5772 ἐμοὶ
1880 5702 1990 5756 τῶν

467 5868 512 5900 ’⁸
543 5867 735 5925 Matth.
765 5885 877 5930 ut.
918 5869 1009 5930 ‘22.
1039 5870 1130 5925 25.
1207 5873 1250 5902 ⁷⁸
1289 5870 1329 5926 ll
1360 5872 1483 5930 Cor.
1519 5892 1572 5936 ν,
1613 5876 1693 5932 l7.

1773 5877 1816 5906 "’
1843 5878 1943 5934 isa.
1972 5896 2096 5938 un.
2133 5882 2195 5938 9.
2223 5882 2244 5937 -Ι
2278 5883 2422 5941 Petr.
2463 5902 2522 5950 tt,
2554 5889 2644 5941 "1‘2.

2093 4687 2278 4752 homo,
2342 4685 2527 4757 lapsus
2590 4687 2645 4742 iu
2689 4687 3116 4746 inobedieutiam
3151 4694 3434 4765 ;neglex'.t
3486 4712 3691 4767 praece—

2089 4786 2238 4847 ptum
2279 4779 2422 4848 quod
2446 4778 2494 4832 ei
2543 4779 2728 4834 datum
2781 4791 2923 4847 erat,
2974 4792 3030 4838 et
3078 4785 3331 4842 draconis
3389 4789 3691 4858 impostura

2090 4873 2157 4927 ad
2206 4872 2632 4930 inobedientiam
2680 4873 2866 4945 raptus
2918 4885 3023 4930 est.
3077 4875 3307 4944 Idcirco,
3358 4889 3415 4935 et
3467 4884 3688 4952 quidem

2091 4964 2306 5030 merito,
2369 4965 2704 5035 corruptioni
2741 4975 2797 5021 et
2839 4981 3016 5036 pinna:
3040 4969 3311 5025 obnoxius
3359 4971 3536 5028 factus
3581 4987 3686 5030 est.

2091 5054 2195 5110 Sea|
2268 5071 2358 5112 me
2414 5058 2740 5114 mortalibus
2785 5062 3088 5116 secundum
3144 5065 3478 5136 principium
3523 5080 3691 5139 atque

2093 5157 2376 5203 auctorem
2434 5152 2787 5219 constituisti,
2846 5164 2900 5207 et
2963 5165 3188 5211 vocatus
3239 5173 3359 5212 sum
3413 5163 3690 5217 secundus

2094 5240 2267 5294 Adam
2299 5240 2365 5294 ⁸⁸⁸.
2402 5241 2466 5296 .lu
2521 5257 2609 5298 me
2656 5244 2973 5299 ntundatam
3032 5246 3186 5302 vides
3243 5248 3536 5305 humanam
3594 5268 3690 5306 na-

2094 5342 2306 5400 turam,
2357 5346 2524 5406 atque
2597 5337 2894 5408 integritati
2947 5341 3258 5397 restitutam
3309 5357 3558 5401 sanctam
3627 5365 3693 5404 ac

2095 5443 2307 5498 puram.
2335 5428 2560 5502 Largire
2606 5431 2680 5487 illi
2706 5433 2964 5506 deinceps
2989 5436 3355 5508 benignitatis
3380 5450 3484 5495 tum
3528 5443 3690 5509 bona,

2096 5521 2481 5578 alienationem
2510 5524 2608 5579 abs
2641 5535 2691 5580 te
2724 5527 2903 5592 aboie,
2937 5528 3220 5585 interitum
3253 5531 3423 5594 solve,
3452 5544 3506 5588 ct
3531 5535 3693 5590 linem

2100 5615 2298 5671 habeat
2324 5626 2413 5672 tua
2449 5620 2551 5674 ira.
2590 5617 2708 5675 Vici
2759 5623 2907 5676 enim
2963 5624 3225 5679 Satanam
3268 5628 3359 5694 qui
3400 5630 3511 5693 jam
3560 5629 3693 5682 olim

2102 5707 2390 5778 imperium
2455 5711 2791 5768 obtinuerat.
2825 5712 2969 5769 Nihil
3024 5717 3169 5771 cnim
3230 5733 3456 5786 prorsus
3513 5722 3564 5773 in
3609 5703 3697 5777 ine

2728 5891 2772 5923 ⁷⁸
2799 5891 2817 5946 l
2847 5894 2970 5952 Cor.
3008 5910 3095 5951 κν.
3128 5896 3214 5950 45.
