4058 6328
354 424 490 482 1529

1484 428 1677 489 QUOD
1718 428 1907 483 UNUS
1944 428 2053 484 SIT
2090 429 2454 489 CHRISTUS.

3512 438 3648 494 1350

353 539 451 609 τῆς
483 539 577 592 τοῦ
613 538 920 601 Ψάλλοντος
955 539 1157 609 φωνῆς·
1194 540 1617 613 «Διεμερίσαντο
1638 541 1708 596 τά
1742 542 1937 614 ἱμάτιά

2056 549 2256 606 nistte:
2303 569 2321 602 ι
2363 550 2676 607 Diviserunt
2715 552 2815 607 sibi
2872 558 3190 608 vestimenta
3223 567 3363 620 mea,
3396 564 3452 609 et
3487 570 3649 621 super

353 645 457 701 μου
479 630 712 692 ἑαυτοῖς,
742 630 833 681 καὶ
860 629 953 681 ἐπὶ
981 629 1071 682 τὸν
1108 630 1406 698 ἱματισμόν
1442 647 1545 700 μου
1590 630 1783 685 ἔϐαλον
1816 632 1949 702 κλῆ-

352 738 465 793 ρον.
480 740 498 774 ι
515 722 625 776 Καὶ
645 720 805 773 πάλιν
824 736 832 745 ·
849 740 865 771 ι
882 720 1086 783 Πάντες
1108 721 1157 773 οἱ
1176 718 1512 790 θεωροῦντες
1538 738 1627 791 με,
1647 722 1948 793 ἐξεμυκτή-

351 814 512 886 ρισάν
535 829 625 884 με,
658 812 926 880 ἐλάλησαν
954 813 1010 863 ὲν
1030 811 1306 881 ’χείλεσιν,
1338 810 1598 881 ἐκίνησαν
1630 813 1892 883 κεφαλήν.
1924 830 1940 863 ι

421 908 481 960 Β.
524 902 733 960 Οὐκοῦν
765 904 867 958 κᾶν
900 908 946 957 εί
977 903 1123 971 λέγοι
1154 904 1338 973 τυχὸν,
1374 924 1392 955 ι
1434 904 1491 957 '0
1526 905 1792 975 ἑωρακὼς
1819 906 1943 975 ἐμὲ,

352 998 563 1069 ἑώρακε
607 996 696 1049 τὸν
727 996 965 1066 Πατέρα·
985 993 1125 1063 Ἐγὼ
1170 996 1262 1048 καὶ
1307 996 1335 1048 ὁ
1366 994 1575 1065 Πατὴρ,
1605 996 1665 1048 ἓν
1697 996 1883 1065 ἐσμεν
1921 1012 1941 1048 ι

353 1086 469 1145 εἶτα
503 1090 639 1162 πρὸς
683 1089 991 1150 Ἰουδαίους,
1028 1107 1044 1138 t
1070 1088 1134 1139 Τί
1162 1105 1227 1157 με
1260 1088 1474 1157 ζητεῖτε
1503 1090 1825 1142 ἀποκτεῖναι
1853 1089 1945 1142 ἄν·

352 1184 587 1254 θρωπον,
620 1183 676 1245 ὃς
701 1181 801 1253 τὴν
832 1181 1091 1250 ἀλήθειαν
1126 1181 1259 1250 ὑμῖν
1291 1180 1589 1249 λελάληκα,
1621 1183 1686 1252 ἢν
1734 1184 1943 1252 ηκουσα

352 1274 500 1346 παρὰ
530 1275 623 1328 τοῦ
653 1273 790 1326 Θεοῦ
817 1291 830 1337 ;
861 1292 879 1323 ι
916 1272 1035 1335 ἑνὸς
1062 1267 1200 1325 εἶναι
1220 1272 1465 1344 δώσομεν
1496 1274 1591 1327 καὶ
1620 1273 1713 1326 τοῦ
1757 1272 1940 1337 αὑτοῦ,

347 1367 552 1429 ταύτας
578 1383 638 1418 τε
670 1364 935 1424 κάκείνας
960 1362 1060 1425 τὰς
1087 1364 1307 1432 φωνάςς

420 1461 482 1512 Λ.
520 1460 665 1513 Πάνυ
694 1459 793 1528 μὲν
825 1453 939 1523 οῦν,
971 1458 1305 1527 μεμέρισται
1336 1457 1446 1526 γὰρ
1469 1456 1723 1529 οὐδαμῶς
1755 1459 1783 1512 6
1810 1458 1943 1529 Χρι-

350 1553 493 1616 στὸς,
518 1547 596 1615 εἷς
622 1551 679 1605 δὲ
709 1551 806 1604 καὶ
837 1552 999 1620 μόνος
1030 1550 1124 1603 καὶ
1157 1549 1406 1620 ἀληθινὸς
1449 1550 1573 1614 Υἱὸς
1607 1551 1743 1622 πρὸς
1776 1551 1943 1603 ἁπάνο

346 1663 458 1700 των
488 1640 628 1699 εἶναι
668 1642 985 1697 πιστεύεται
1021 1643 1129 1697 τῶν
1164 1642 1617 1715 προσκυνούντων
1652 1643 1832 1697 αὐτόν.
1878 1645 1941 1695 Ἡ

348 1739 455 1809 γὰρ
490 1734 654 1790 εἰκὼν
694 1735 790 1789 τοῦ
848 1737 1081 1806 ἀοράτου
1116 1734 1286 1802 Θεοῦ,
1335 1735 1395 1790 τὸ
1443 1735 1790 1805 ἀπαύγασμα
1840 1736 1941 1806 τῆς

345 1829 503 1901 δόξης
538 1830 639 1900 τῆς
689 1828 1045 1893 ὑποστάσεως
1079 1828 1176 1882 τοῦ
1226 1828 1441 1899 Πατρὸς
1470 1866 1485 1892 ,
1538 1831 1567 1882 6
1604 1828 1703 1898 τῆς
1736 1827 1942 1899 ,οὐσίας

346 1899 512 1979 αὑτοῦ
547 1924 857 1993 χαρακτὴρ,
894 1921 1053 1975 ἔλαϐε
1088 1920 1276 1974 δούλου
1311 1921 1547 1993 μορφὴν,
1581 1922 1681 1991 οὐχ
1726 1921 1803 1984 ὡς
1844 1921 1940 1975 ἄν-
1972 1899 2014 1955 Β

347 2016 565 2088 θρωπον
613 2014 789 2085 ἑαυτῷ
840 2014 1119 2084 συνάψας,
1150 2014 1294 2068 καθά
1347 2031 1534 2083 φασιν,
1582 2016 1638 2067 ὲν
1693 2014 1831 2084 αὐτῇ
1883 2013 1939 2066 δὲ

349 2110 551 2180 μᾶλλον
575 2109 739 2173 αὐτὸς
786 2108 1047 2177 γεγονὼς,
1086 2108 1413 2180 μεμενηκὼς
1444 2108 1500 2163 δὲ
1532 2108 1627 2161 καὶ
1680 2107 1853 2171 οῦτως
1882 2108 1941 2161 ὲν

345 2200 606 2273 ὁμοιώσει
640 2205 705 2272 τῇ
743 2202 884 2272 πρὸς
912 2201 1048 2255 Θεὸν
1080 2204 1173 2255 καὶ
1195 2202 1438 2272 Πατέρα.
1471 2203 1725 2273 Γέγραφε
1753 2200 1884 2269 γοῦν
1914 2204 1941 2253 6

348 2296 619 2364 πάνσοφος
652 2294 883 2359 Παῦλος,
915 2295 997 2347 ὅτι
1046 2313 1064 2345 ι
1104 2293 1159 2347 ’0
1188 2294 1341 2360 Θεὸς,
1369 2297 1396 2348 ὁ
1426 2294 1595 2348 εἰπὼν
1621 2298 1683 2348 ὲκ
1716 2295 1940 2358 σκότους

346 2387 462 2456 φῶς
491 2386 728 2457 λάμψαι,
750 2386 812 2449 6;
838 2386 1081 2457 ἔλαμψεν
1113 2389 1168 2439 ἐν
1194 2390 1315 2449 ταῖς
1342 2386 1592 2458 καρδίαις
1622 2386 1781 2456 ἡμῶν
1807 2386 1942 2458 πρὸς

347 2480 628 2550 φωτισμὸν
666 2479 769 2548 τῆς
805 2478 1061 2549 γνώσεως
1109 2481 1205 2549 τῆς
1235 2479 1397 2551 δόξης
1444 2478 1610 2533 αὑτοῦ
1635 2519 1649 2543 ,
1685 2481 1741 2531 ὲν
1775 2494 1940 2548 προσ-

346 2576 481 2645 ώπῳ
514 2571 751 2644 Χριστοῦ
806 2569 1003 2641 Ἰησοῦ.
1030 2590 1049 2623 ι
1095 2571 1288 2641 Ἀθρει
1324 2572 1434 2643 γάρ
1488 2572 1637 2635 ὅπως
1674 2572 1732 2624 ὲν
1767 2587 1938 2642 προσ-

345 2667 483 2737 ώπῳ
514 2663 752 2735 Χριστοῦ
785 2665 884 2734 τῆς
920 2663 1072 2727 θείας
1098 2681 1158 2716 τε
1186 2664 1278 2717 καὶ
1314 2665 1631 2735 ἀπορρήτου
1661 2663 1816 2735 δόξης
1846 2664 1940 2717 τοῦ

346 2758 484 2813 Θεοῦ
516 2759 608 2811 καὶ
654 2756 870 2828 Πατρὸς
915 2758 943 2809 6
985 2757 1266 2827 φωτισμὸς
1304 2756 1646 2827 ἀναλάμπει.
1688 2756 1942 2810 Δείκνυσι

346 2852 457 2923 γάρ
488 2853 545 2904 ἐν
572 2850 721 2922 αὐτῷ
752 2851 851 2922 τὴν
884 2850 978 2904 τοῦ
1011 2851 1225 2921 Πατρὸς
1273 2849 1453 2915 δόξαν,
1486 2851 1666 2903 καίτοι
1702 2850 1942 2918 γεγονὼς

346 2945 629 3014 ἄνθρωπος
662 2946 689 2996 6
743 2944 1081 3013 Μονογενής.
1112 2943 1291 3006 Μόνος
1321 2941 1431 3013 γὰρ
1470 2936 1625 3006 οὗτος
1646 2983 1660 3007 ,
1701 2942 1797 2996 καὶ
1843 2941 1941 3011 οὐχ

346 3037 534 3103 ῑτερος
567 3037 804 3110 Χριστὸς
839 3038 1043 3090 νοεῖται
1078 3036 1173 3088 καὶ
1210 3033 1565 3107 ὀνομάζεται,
1602 3035 1772 3105 ἤγουν
1800 3034 1944 3088 διδα-

351 3130 589 3185 σκόντων
613 3132 763 3201 ἡμᾶς
790 3132 839 3184 oi
863 3129 1187 3193 διεναντίας,
1219 3129 1344 3181 τίνα
1382 3127 1585 3199 τρόπον
1616 3127 1827 3181 κατίδοι
1858 3144 1942 3189 τις

2052 650 2255 696 vestem
2311 657 2484 696 meam
2550 643 2815 697 miserunt
2856 654 3061 699 sortem
3090 642 3157 701 ⁸³.
3195 662 3213 695 ι
3277 643 3343 698 Et
3376 660 3596 699 rursum
3630 664 3643 701 :

2055 751 2073 783 σ
2108 733 2310 788 Omnes
2358 734 2604 789 videntes
2628 749 2712 788 me
2762 734 3074 790 deriserunt
3129 750 3217 791 me
3256 752 3276 803 ;
3334 734 3497 791 locuti
3523 748 3643 792 sunt

2050 822 2228 886 labiis,
2253 834 2306 877 et
2336 834 2621 882 moverunt
2645 836 2807 897 caput
2834 826 2905 881 “.
2943 844 2962 878 ι

2118 917 2180 973 Β.
2210 916 2351 986 Ergo
2381 919 2595 973 etiamsi
2627 918 2773 973 dicat
2805 938 2817 975 :
2858 938 2877 973 ι
2916 918 3017 986 Qui
3076 918 3213 974 vidit
3265 935 3372 984 me,
3428 922 3555 977 vidit
3591 932 3643 974 et

2048 1008 2265 1064 Patrem
2294 1010 2377 1063 "z
2426 1025 2525 1079 ego
2581 1020 2637 1065 et
2682 1011 2845 1066 Pater
2902 1026 3069 1067 unum
3124 1026 3314 1068 sumus
3341 1013 3389 1044 “
3418 1031 3433 1081 ;
3465 1031 3485 1067 ι
3509 1030 3643 1084 ρι’ίεο

2050 1111 2197 1156 terea
2253 1102 2317 1154 ad
2352 1100 2605 1156 Iuda-os:
2639 1122 2656 1155 ι
2693 1104 2831 1170 Quid
2882 1120 2968 1159 me
3016 1104 3259 1175 qumritis
3312 1106 3644 1169 interﬁcere.

2048 1194 2321 1247 hominem
2363 1195 2452 1262 qui
2497 1195 2780 1250 veritatem
2815 1194 3028 1250 locutus
3077 1212 3196 1250 sum
3249 1198 3424 1264 vobis,
3480 1214 3645 1268 quam

2046 1285 2224 1338 audivi
2251 1301 2280 1339 a
2322 1285 2432 1340 Deo
2464 1284 2507 1315 ⁸⁷
2540 1286 2563 1339 ?
2601 1304 2619 1338 ι
2674 1286 2836 1342 unius
2893 1297 3056 1358 atque
3106 1288 3348 1358 ejusdem
3402 1291 3644 1345 dicemus

2045 1391 2168 1432 esse
2196 1380 2296 1432 bas
2325 1393 2487 1433 voces
2508 1387 2565 1433 ct
2594 1378 2755 1433 illas?

2117 1468 2182 1520 A.
2217 1467 2492 1523 Omnino:
2526 1468 2675 1521 nulla
2717 1470 2863 1523 enim
2898 1470 3110 1526 ratione
3145 1471 3350 1527 divisus
3381 1482 3465 1527 est
3487 1470 3642 1525 ωηεν

2044 1568 2160 1615 stus
2192 1559 2261 1614 ⁸⁸.
2313 1558 2467 1615 Unns
2504 1574 2635 1617 vero
2680 1575 2743 1617 ac
2788 1562 2938 1617 solus
2995 1571 3050 1617 et
3108 1578 3270 1618 verus
3310 1563 3481 1619 Filius
3526 1579 3644 1619 esse

2044 1651 2285 1705 creditur
2339 1652 2407 1707 ab
2471 1654 2723 1708 omnibus
2774 1656 2866 1724 qui
2930 1655 3106 1725 ipsum
3162 1656 3412 1712 adorant.
3464 1657 3645 1727 Imago

2044 1744 2187 1797 enim
2240 1744 2529 1801 invisibilis
2578 1746 2695 1811 Dei,
2775 1748 3036 1818 splendor
3088 1750 3273 1819 gloria:
3324 1750 3646 1805 substantiae

2044 1834 2223 1890 Patris
2252 1835 2319 1901 ",
2350 1839 2713 1909 essentimque
2766 1839 2937 1909 ipsius
2977 1841 3282 1903 character.
3337 1843 3478 1897 servi
3535 1841 3646 1896 τοι·-

2049 1945 2190 1984 mam
2226 1931 2436 1999 accepit
2467 1931 2555 1985 "z
2596 1945 2701 1985 non
2737 1942 2797 1986 ut
2839 1931 3115 1987 hominem
3149 1932 3251 1987 sibi
3285 1934 3640 2004 coniungens,

2048 2022 2501 2090 quemadmodum
2541 2023 2629 2079 isti
2670 2024 2884 2089 volunt,
2937 2026 3030 2081 sed
3058 2025 3110 2080 in
3168 2026 3253 2079 illa
3306 2026 3501 2094 potius
3531 2026 3646 2095 ipse

2049 2113 2225 2169 factus
2264 2134 2277 2183 ;
2312 2116 2724 2171 similitudinem
2784 2118 3006 2173 interim
3053 2133 3176 2172 cum
3227 2117 3392 2173 Patre
3450 2119 3646 2173 nihilo—

2048 2208 2230 2263 minus
2259 2209 2519 2264 retinens.
2548 2207 2714 2281 759
2745 2207 2974 2281 Scripsit
3008 2209 3191 2279 itaque
3208 2210 3645 2281 sapientissimus

2051 2301 2270 2368 Paulus,
2350 2302 2608 2372 quoniam
2666 2322 2685 2356 ε
2746 2302 2890 2359 Deus
2955 2301 3047 2372 qui
3101 2302 3237 2357 dixit
3286 2302 3359 2356 de
3408 2301 3647 2356 tenebris

2050 2393 2227 2449 lucem
2257 2394 2663 2465 splendescere,
2702 2390 3020 2465 ipse'illnxit
3052 2395 3105 2447 in
3138 2394 3396 2449 cordibus
3443 2393 3647 2446 nostris

2050 2488 2117 2542 ad
2144 2488 2599 2543 illuminationem
2658 2488 2904 2544 scientiae
2936 2487 3209 2543 claritatis
3259 2486 3350 2541 Dei
3408 2486 3461 2540 in
3511 2485 3649 2539 facie

2050 2578 2250 2655 gibt-isti
2292 2576 2416 2635 Jesu
2457 2580 2525 2634 ⁹¹.
2575 2598 2593 2631 ι
2627 2576 2764 2634 Vide
2789 2578 2955 2645 enim,
2987 2593 3096 2649 quo
3128 2587 3286 2645 pacto
3320 2575 3370 2631 iu
3415 2591 3655 2645 persona,

2049 2670 2253 2727 Christi
2286 2671 2525 2725 divinum
2553 2680 2717 2741 atque
2740 2668 3012 2725 ineffabile
3038 2668 3225 2739 gloriae
3249 2666 3342 2722 Dei
3379 2681 3441 2722 ac
3465 2665 3647 2721 Patris

2052 2763 2231 2816 lumen
2280 2761 2641 2830 resplemleat.
2672 2760 2925 2816 Ostendit
2956 2761 3101 2816 enim
3146 2760 3196 2813 in
3221 2760 3405 2826 seipso
3445 2759 3649 2827 Unigc-

2052 2856 2196 2909 nitns
2227 2853 2405 2909 Patris
2436 2854 2686 2924 gloriam,
2711 2854 2925 2910 tametsi
2963 2852 3151 2907 factus.
3169 2852 3241 2907 sit
3280 2852 3460 2906 homo.
3487 2850 3647 2905 Solus

2054 2964 2288 3015 namque
2316 2948 2425 3014 hic,
2452 2958 2504 3001 et
2532 2963 2635 3001 non
2670 2947 2809 3002 alius
2830 2946 3080 3002 Christus
3119 2954 3375 3000 censetur
3396 2952 3453 2997 et
3487 2959 3646 2996 ιρι-ιι·
3738 2954 3741 2957 ‘

2055 3050 2159 3095 tur.
2221 3040 2330 3095 Aut
2372 3040 2575 3111 alioqui
2610 3041 2843 3095 doceant
2872 3037 3174 3093 adversarii
3206 3033 3479 3106 quomodo
3528 3033 3651 3101 quis

2053 3132 2105 3187 in
2159 3133 2366 3203 vulgari
2436 3134 2619 3202 aliquo
2684 3134 2905 3187 homine
2948 3144 3175 3187 cernere
3232 3129 3404 3199 possit
3454 3128 3649 3181 divina:

351 3224 417 3279 ἂν
446 3224 520 3288 ὡς
559 3224 616 3278 ὲν
656 3223 933 3294 ἀνθρώπῳ
976 3221 1141 3293 κοινῷ
1180 3222 1277 3292 τῆς
1318 3221 1469 3283 θείας
1518 3220 1677 3290 δόξης
1699 3219 1790 3273 τὸν
1829 3237 1942 3289 (pto-

2056 3225 2238 3295 gl0ria:
2276 3225 2478 3287 lumen,
2509 3227 2624 3280 sive
2670 3225 2917 3279 notitiam
2955 3224 2977 3276 ?
3018 3223 3205 3291 Neque
3254 3221 3399 3275 enim
3452 3220 3504 3274 in
3551 3221 3647 3273 bo-

349 3316 562 3386 τισμδν,
594 3317 762 3384 ἤγουν
792 3317 894 3387 τὴν
926 3316 1258 3382 ὲπίγνωσιν;
1295 3314 1370 3367 Οὐ
1407 3313 1518 3384 γὰρ
1562 3314 1618 3367 ὲν
1650 3310 1944 3383 ἀνθρώπου

2056 3318 2214 3372 minis
2246 3317 2417 3372 forma
2453 3318 2620 3373 Deum
2658 3332 2969 3381 cernemus,
3007 3327 3370 3385 prmterqnam
3425 3314 3478 3366 in
3534 3312 3652 3367 solo

356 3409 537 3477 μορφῇ
581 3406 712 3459 Θεὸν
763 3404 1030 3474 ὀψόμεθα,
1064 3404 1205 3476 πλὴν
1247 3404 1305 3456 ὲν
1331 3402 1479 3474 μόνῳ
1530 3402 1609 3475 τῷ
1648 3402 1771 3457 καθ’
1798 3404 1946 3473 ἡμᾶς

352 3502 599 3567 γεγονότι
631 3500 727 3553 καὶ
772 3498 1256 3570 ὲνανθρωπήσαντι
1300 3496 1479 3567 Λόγῳ,
1519 3495 1854 3567 μεμενηκότι
1890 3495 1947 3548 δὲ

354 3593 448 3645 καὶ
488 3590 629 3645 οὕτω
656 3591 901 3659 φύσειτε
951 3591 1046 3643 καὶ
1089 3587 1307 3660 άληθῶς
1353 3587 1488 3659 Υίῷ,
1530 3586 1857 3659 παραδόξως
1878 3580 1949 3656 ἦν

356 3685 449 3737 καὶ
480 3683 638 3738 τοῦτο
669 3684 824 3747 ἰδεῖν,
861 3682 995 3736 καθὸ
1039 3684 1245 3735 νοεῖται
1278 3680 1433 3743 Θεός.
1472 3681 1583 3733 Καὶ
1609 3678 1741 3747 γοῦν
1779 3679 1807 3731 6
1836 3676 1948 3729 τῶν

355 3776 520 3830 αὑτοῦ
555 3776 870 3846 μυστηρίων
900 3775 1126 3844 ταμίας,
1156 3772 1393 3845 Χριστὸν
1431 3769 1639 3842 Ἰησοῦν
1672 3770 1949 3841 ὀνομάσας

357 3866 539 3932 αὐτὸν,
593 3867 669 3930 ὡς
722 3864 846 3918 καθ’
874 3866 1018 3936 ἡμᾶς
1067 3864 1331 3933 γεγονότα
1367 3863 1460 3917 καὶ
1497 3861 1947 3935 σεσαρκωμένον,

356 3950 499 4009 οἶδεν
540 3955 670 4009 ὄντα
713 3954 855 4025 μετὰ
881 3954 976 4007 τοῦ
1032 3954 1193 4024 φύσει
1251 3972 1312 4007 τε
1369 3954 1462 4007 καὶ
1503 3953 1734 4025 ἀληθείᾳ
1773 3952 1946 4007 Θεόνο

359 4048 561 4119 γράφει
593 4049 701 4119 γάρ
736 4047 854 4100 ὠδί’
907 4068 924 4099 ι
968 4047 1389 4119 Τολμηρότερον
1441 4046 1500 4100 δὲ
1544 4046 1762 4118 ἔγραψα
1822 4047 1952 4117 ὑμῖν

362 4140 472 4195 ἀπὸ
503 4141 724 4211 μέρους.
748 4140 824 4201 ὡς
852 4140 1363 4211 ἐπαναμιμνήσκων
1392 4138 1536 4209 ὑμᾶς
1564 4138 1653 4191 διὰ
1672 4138 1770 4209 τὴν
1792 4138 1953 4209 χάριν

361 4232 458 4304 τὴν
482 4232 731 4285 δοθεῖσάν
766 4249 855 4301 μοι
882 4232 990 4285 ὑπὸ
1017 4230 1113 4284 τοῦ
1136 4229 1292 4295 Θεοῦ,
1334 4231 1415 4293 είς
1444 4231 1504 4282 τὸ
1531 4223 1672 4281 εἷναί
1706 4246 1774 4300 με
1836 4229 1951 4281 λει-

362 4327 593 4399 τουργὸν
624 4326 862 4397 Χρισετοῦ
899 4324 1075 4397 Ἰησοῦ
1107 4327 1186 4388 εἰς
1222 4325 1289 4377 τά
1315 4322 1862 4395 ἐθνη,ίερουργοῦντα
1893 4322 1955 4377 τὸ

364 4419 698 4489 Εὑαγγέλιον
720 4416 813 4471 τοῦ
844 4418 1003 4473 Θεοῦ.
1040 4436 1057 4468 ι
1093 4415 1437 4487 Προφητεύει
1462 4416 1520 4469 δὲ
1550 4417 1643 4470 καὶ
1676 4416 1955 4487 Ζαχαρίας

363 4513 440 4584 τῷ
478 4514 666 4584 οἰκείῳ
697 4512 869 4573 παιδὶ,
904 4512 1049 4582 φημὶ
1080 4511 1166 4581 δὴ,
1209 4509 1288 4581 τῷ
1318 4510 1645 4580 Βαπτιστῇο”
1669 4528 1687 4561 t
1726 4511 1837 4564 Kal.
1863 4510 1952 4575 σὺ,

2055 3408 2233 3464 Verbo
2264 3410 2435 3465 nostri
2468 3408 2633 3464 simili
2686 3408 2851 3475 facto,
2912 3417 3079 3478 atque
3132 3407 3417 3460 incantato
3456 3420 3471 3468 ;
3510 3404 3654 3470 quod

2053 3513 2235 3559 tamen
2284 3504 2448 3558 etiam
2512 3498 2615 3557 hoc
2663 3510 2822 3572 pacto
2871 3500 3172 3571 permansit
3218 3500 3544 3553 naturaliter
3587 3514 3654 3553 ac

2051 3610 2179 3650 vere
2213 3592 2405 3660 Filius,
2432 3594 2830 3650 admirabiliter
2871 3594 2923 3647 id
2964 3593 3166 3645 factum
3214 3592 3481 3655 videmus,
3518 3606 3655 3659 quas

2053 3697 2212 3742 tenus
2238 3696 2321 3741 est
2353 3686 2518 3741 Deus.
2540 3684 2746 3740 Idcirco
2772 3694 2829 3740 et
2877 3682 3099 3749 Paulus,
3162 3683 3436 3738 Christum
3465 3677 3653 3733 Jesum

2052 3781 2229 3850 ipsum
2287 3779 2598 3845 nominans,
2666 3786 2727 3832 ut
2769 3780 2940 3832 nostri
2990 3776 3223 3832 similem
3257 3774 3454 3829 factum
3491 3782 3658 3841 atque

2055 3874 2422 3937 incarnatum,
2480 3872 2686 3941 optime
2745 3869 3012 3925 intellexit
3058 3871 3232 3941 ipsum
3314 3864 3475 3922 simul
3533 3878 3658 3919 esse

2054 3965 2378 4023 naturaliter
2407 3979 2472 4019 ac
2524 3978 2653 4019 vere
2682 3962 2871 4018 Deum.
2916 3962 2991 4017 lla
3040 3962 3185 4016 enim
3216 3960 3441 4016 scribit:
3483 3976 3501 4010 ι
3544 3956 3655 4011 Au-

2054 4060 2244 4114 dacius
2304 4067 2483 4111 autem
2540 4055 2735 4125 scripsi
2780 4054 2935 4110 vobis
2976 4069 3041 4109 ex
3096 4063 3269 4121 parte,
3306 4062 3563 4121 tanquam
3599 4051 3656 4103 in

2057 4151 2377 4206 memoriam
2414 4164 2514 4206 vos
2535 4150 2823 4214 reducens,
2853 4159 3077 4220 propter
3103 4146 3335 4218 gratiam
3367 4158 3488 4214 quae
3521 4141 3659 4196 mihi

2056 4243 2180 4298 data
2209 4251 2294 4297 est
2322 4258 2355 4297 a
2398 4241 2550 4297 Deo:
2598 4250 2656 4294 ut
2707 4240 2811 4296 sim
2866 4239 3115 4295 minister
3167 4236 3369 4293 Christi
3411 4233 3538 4290 Jesu
3601 4234 3655 4286 in

2056 4336 2310 4407 gentibus
2344 4352 2359 4401 ;
2412 4333 2762 4389 sanctiﬁcans
2803 4331 3159 4401 Evangelium
3196 4329 3289 4385 Dei
3321 4330 3387 4383 “.
3425 4347 3443 4382 ι
3480 4326 3657 4395 Quin—

2058 4428 2220 4481 etiam
2241 4423 2539 4481 Zacharias
2557 4424 2667 4479 tilio
2683 4439 2785 4478 suo
2807 4422 3117 4493 prophetat,
3138 4421 3393 4492 Baptista:
3412 4418 3655 4489 inquam,

2065 4534 2085 4569 ε
2126 4517 2193 4572 Ει
2227 4526 2282 4571 tu
2309 4532 2464 4588 puer,
2490 4516 2753 4587 propheta
2786 4515 3056 4571 Altissimi
3086 4513 3392 4571 vocaberis.
3430 4510 3659 4565 Prmibis

369 4609 603 4673 παιδίον,
644 4608 932 4677 προφήτης
976 4605 1232 4675 Ὑψίστου
1286 4603 1553 4676 κληθήσῃο
1598 4603 1949 4675 προπορεῦσῃ

2063 4609 2207 4664 enim
2235 4616 2363 4664 ante
2385 4608 2580 4663 faciem
2605 4606 2847 4672 Domini,
2870 4607 2937 4661 ad
2957 4606 3371 4677 praparandum
3398 4603 3659 4675 populum

367 4699 474 4771 γάρ
512 4701 616 4771 πρὸ
639 4697 935 4770 προσώπου
972 4697 1201 4769 Κυρίου,
1246 4696 1533 4768 ἑτοιμάσαι
1557 4696 1685 4749 λαὸν
1720 4696 1893 4767 αὐτῷ.
1932 4714 1951 4747 ι

369 4790 501 4847 Εἶτα
528 4792 619 4846 τὸν
651 4792 917 4860 ’Υψιστόν
939 4807 999 4843 τε
1030 4791 1125 4843 καὶ
1145 4788 1348 4860 Κύριον
1378 4792 1407 4842 6
1428 4790 1715 4852 θεσπέσιος
1748 4789 1958 4842 Βαπτι-

370 4887 499 4959 στὴς
532 4884 849 4939 κατεδείκνυ
896 4885 1089 4952 λέγων·
1124 4902 1142 4935 t
1172 4884 1278 4938 Ἴδε
1305 4887 1333 4938 ὁ
1368 4884 1563 4954 Ἀμνὸς
1602 4883 1695 4936 τοῦ
1734 4882 1893 4943 Θεοῦ,
1934 4882 1961 4935 6

369 4981 538 5051 αἴρων
571 4979 670 5052 τὴν
710 4977 987 5050 ἁμαρτίαν
1002 4976 1096 5030 τοῦ
1129 4976 1357 5047 κόσμου.
1384 4969 1554 5041 Οὗτός
1605 4978 1719 5030 ἐστι
1751 4976 1878 5045 περὶ
1902 4968 1963 5026 οῦ

372 5070 483 5139 ἐγὼ
509 5066 678 5124 εἷπον
718 5058 1062 5139 Ὀπίσωμου
1087 5068 1305 5141 ἔρχεται
1351 5070 1493 5140 ἀνὴρ
1542 5068 1602 5132 ὃς
1650 5065 1961 5139 ἔμπροσθέν

376 5178 477 5231 μου
503 5160 745 5228 γέγονεν,
770 5161 852 5213 ὅτι
878 5157 1096 5231 πρῶτός
1130 5175 1232 5229 μου
1255 5154 1341 5229 ἦν.
1367 5178 1384 5211 ι
1409 5155 1535 5230 τΔρ*
1564 5153 1657 5212 οῦν
1690 5158 1963 5212 ἐνδοιάσαι

375 5253 551 5322 θέμις,
579 5252 653 5316 ὠς
684 5246 765 5315 εἷς
802 5251 897 5306 καὶ
948 5252 1109 5322 μόνος
1148 5251 1241 5304 καὶ
1270 5251 1492 5322 άληθῶς
1536 5252 1664 5313 Υἱὸς
1695 5250 1779 5321 εἴη
1830 5251 1898 5304 ἂν
1926 5250 1964 5317 _6

375 5346 438 5397 ὲκ
465 5342 600 5397 Θεοῦ
664 5343 875 5414 [ἰατρὸς
924 5343 1099 5411 Λόγος
1149 5343 1287 5412 μετὰ
1326 5344 1423 5413 τῆς
1475 5343 1771 5413 ὲνωοείσης
1814 5342 1965 5414 αὐτῷ

378 5437 599 5507 σαρκὸς,
624 5437 719 5489 καὶ
747 5436 847 5489 οὐκ
880 5426 1089 5506 άψῦχου
1116 5433 1317 5507 μᾶλλον
1344 5436 1485 5490 κατά
1508 5453 1678 5500 τινας,
1707 5435 1782 5499 ὼς
1804 5435 1967 5505 ἔφην,

2061 4701 2231 4771 ipsius
2257 4700 2325 4757 ”.
2366 4718 2385 4752 ι
2412 4700 2617 4755 Deinde
2668 4701 2889 4756 divinus
2919 4698 3187 4770 Baptista,
3242 4698 3581 4752 Altissimqu
3607 4704 3664 4750 et

2062 4794 2350 4850 Dominum
2396 4794 2757 4857 demonstrat,
2782 4795 3014 4849 dicens:
3052 4813 3070 4847 ι
3111 4795 3253 4850 Ecce
3303 4794 3490 4863 Agnus
3542 4790 3658 4852 Dei,

2064 4889 2154 4957 qui
2197 4887 2333 4942 tollit
2372 4896 2593 4957 peccata
2628 4884 2836 4941 mundi.
2874 4884 2973 4941 Hic
3018 4885 3192 4939 estde
3222 4899 3331 4953 quo
3355 4881 3470 4937 dixi
3498 4881 3668 4937 :Post

2066 4995 2153 5035 me
2196 4980 2343 5034 venit
2388 4979 2493 5043 vir,
2543 4978 2637 5047 qui
2684 4988 2809 5034 ante
2865 4992 2953 5033 me
2993 4978 3168 5031 factus
3195 4988 3299 5039 est,
3346 4978 3471 5044 quia
3515 4976 3664 5044 prior

2067 5089 2154 5129 me
2184 5082 2304 5127 crat
2332 5073 2398 5126 “.
2433 5091 2450 5124 ι
2476 5072 2654 5128 Fasne
2676 5072 2840 5142 igitur
2872 5071 3033 5126 fuerit
3060 5071 3328 5136 dubitare,
3352 5071 3494 5137 quod
3524 5086 3664 5124 unus

2065 5177 2122 5222 et
2150 5165 2298 5221 solus
2329 5180 2391 5219 ac
2412 5180 2539 5220 vere
2564 5166 2634 5219 sit
2664 5164 2857 5229 Filius,
2922 5163 3161 5219 Verbum
3211 5179 3276 5217 ex
3338 5164 3448 5217 Deo
3503 5161 3665 5216 Patre

2069 5276 2192 5315 cum
2224 5258 2369 5313 unita
2404 5259 2504 5314 sibi
2536 5273 2721 5323 carne,
2752 5266 2857 5314 bon
2907 5259 2997 5312 illa
3038 5258 3331 5312 inanimata
3363 5258 3664 5311 secundum

2073 5354 2381 5418 nonnullos,
2416 5364 2473 5407 ut
2497 5354 2631 5419 dixi,
2679 5355 2772 5408 scd
2812 5354 2994 5408 anima
3054 5354 3389 5424 intelligente
3418 5349 3666 5420 praedita,

2072 5461 2289 5517 unaque
2315 5463 2539 5517 prorsus
2573 5463 2696 5502 cum
2732 5448 2850 5517 ipso
2876 5461 3107 5518 persona
3146 5447 3168 5498 ?

377 5528 735 5599 ὲψυχωμένης
764 5528 821 5582 δὲ
858 5528 1082 5599 νοερῶς,
1116 5526 1210 5582 καὶ
1248 5526 1305 5581 ἓν
1345 5528 1441 5581 σῦν
1484 5527 1623 5597 αὐτῇ
1679 5526 1969 5597 πρόσωπον

382 5619 632 5690 πανταχῆ
660 5638 675 5687 ;

454 5823 499 5851 ’δ’
533 5822 669 5876 Psal.
701 5840 813 5892 su,
843 5825 923 5878 l9.

385 5894 429 5921 ”
470 5893 629 5948 llotbr.
670 5914 704 5956 t.
737 5896 789 5947 3.

1042 5824 1089 5853 "'
1118 5823 1246 5877 ibid.
1276 5826 1326 5878 8.
1425 5824 1467 5854 “'
1502 5822 1655 5877 Joan.
1698 5837 1808 5882 τιν,
1864 5825 1914 5876 ε).

2056 5823 2071 5854 ⁸
2102 5821 2259 5876 Juzin.
2291 5822 2455 5885 MS“.
2569 5820 2792 5875 "Joan.
2830 5837 2945 5878 rm.
3000 5822 3079 5873 in.
3190 5820 3235 5847 “
3265 5818 3427 5874 lCur.
3486 5834 3522 5877 ι.
3591 5820 3675 5873 l3.

868 5898 912 5927 "“
946 5894 1171 5960 l'hilipp.
1208 5907 1267 5954 tt.
1299 5895 1349 5947 7.
1423 5897 1462 5925 "
1496 5894 1532 5949 ll
1564 5894 1688 5950 (Zur.
1722 5908 1793 5961 tv,
1830 5893 1880 5945 ﬁ.
1956 5896 2000 5927 ’⁷
2028 5893 2201 5949 ‘l’lmn.
2239 5912 2325 5957 λι,
2370 5894 2449 5953 lii,
2500 5894 2580 5947 lli.
2663 5894 2706 5923 ’³
2736 5894 2864 5949 Luc.
2903 5913 2937 5958 ι,
2985 5894 3068 5945 “Ib.
3101 5895 3141 5919 "
3179 5892 3330 5947 Joan.
3372 5908 3406 5954 ι,
3470 5891 3560 5953 “19,
3586 5890 3655 5945 att
