4058 6328
334 424 355 480 1
368 425 468 481 337

1462 428 1652 498 QUOD
1693 427 1882 487 UNUS
1907 424 2032 482 SIT
2070 426 2445 490 CHRISTUS.

3485 430 3622 490 £338

329 543 392 596 τὸ
419 542 591 613 δνομά
615 561 706 597 σου
728 546 838 609 τοῖς
870 544 1114 614 ἀδελφοῖς
1149 563 1270 617 μου.
1300 547 1412 601 Καὶ
1434 547 1626 600 πάλιν·
1660 548 1790 602 Ἰδοὺ
1819 545 1928 616 ἐγὼ

2037 557 2186 603 tuum
2227 549 2491 606 fratribus
2534 549 2689 605 meis.
2718 547 2785 603 Et
2827 547 3025 604 iterum
3060 546 3239 605 :Ecce
3267 562 3367 618 ego
3388 558 3439 603 et
3469 549 3620 618 pueri

332 638 427 689 καὶ
468 637 539 690 τὰ
580 637 788 702 παιδία,
828 637 864 690 ἄ.
901 655 990 708 μοι
1027 637 1228 692 ἔδωκεν
1273 641 1300 692 6
1334 639 1660 701 Θεός.Ἐπεί
1707 635 1802 693 οὖν
1856 639 1920 692 τὰ

334 727 519 782 παιδία
554 727 948 798 κεκοινώνηκεν
970 729 1199 799 αἵματος
1231 730 1323 784 καὶ⁷
1362 731 1584 801 σαρκὸς,
1625 731 1720 784 καὶ
1759 731 1919 794 αὐτὸς

333 821 729 892 παραπλησίως
755 821 982 892 μετέσχε
1005 823 1112 876 τῶν
1135 821 1334 887 αὐτῶν,
1355 822 1440 874 ἴνα
1463 821 1549 874 διὰ
1572 822 1662 874 τοῦ
1687 821 1918 874 θανάτου

334 914 659 984 καταργήσῃ
699 913 791 966 τὸν
817 915 878 967 τὸ
904 914 1103 983 κράτος
1133 913 1324 984 ἔχοντα
1351 914 1447 967 τοῦ
1482 913 1738 976 θανάτου,
1765 929 1914 965 τουτ-

332 1006 468 1067 έστι,
496 1005 586 1056 τὸν
614 1005 881 1072 διάϐολον,
910 1008 1004 1060 καὶ¹
1037 1008 1324 1078 ἀπαλλάξῃ
1356 1006 1603 1070 τούτους,
1634 1007 1747 1060 ὅσοι
1771 1005 1922 1076 φόϐῳ

333 1098 564 1152 θανάτου
604 1098 692 1152 διὰ
729 1101 925 1162 παντὸς
969 1099 1061 1152 τοῦ
1103 1099 1207 1172 ζῇν
1252 1100 1428 1171 ἔνοχοι
1464 1096 1606 1171 ἦσαν
1651 1099 1916 1160 δουλείας.

332 1192 406 1244 Οὐ
443 1191 551 1263 γὰρ
585 1191 758 1263 δήπου
797 1193 1046 1261 ἀγγέλων
1084 1193 1538 1263 ἐπιλαμϐάνεται,
1579 1192 1715 1245 ἀλλὰ
1755 1191 1921 1262 σπέρ-

334 1298 505 1353 ματος
537 1283 788 1354 Ἀϐραὰμ
839 1284 1293 1354 ἐπιλαμϐάνεται.
1319 1284 1486 1338 Ὀθεν
1534 1281 1737 1352 ὤφειλε
1782 1281 1922 1335 κατά

333 1374 514 1428 πάντα
555 1378 668 1439 τοῖς
708 1374 956 1444 ἀδελφοῖς
1001 1375 1358 1446 ὁμοιωθῆναι.
1391 1393 1409 1427 ι
1450 1375 1582 1427 Ἰδοὺ
1631 1373 1758 1447 γὰρ,
1789 1372 1918 1438 ἰδοῦ,

331 1467 424 1520 καὶ
451 1467 598 1537 μάλα
635 1468 840 1536 σαφῶς,
868 1467 1211 1538 ἠλαττῶσθαι
1245 1469 1420 1535 λέγων
1443 1467 1606 1521 αὐτὸν
1629 1465 1780 1536 παρά
1799 1467 1923 1529 τοὺς

330 1558 600 1627 ἀγγέλους
639 1557 726 1612 διὰ
766 1559 827 1612 τὸ
869 1559 1101 1631 πάθημα
1139 1560 1232 1613 τοῦ
1271 1559 1526 1623 θανάτου,
1555 1556 1923 1626 κατεστέφθαι

331 1669 396 1720 γε
429 1653 534 1724 μὴν
559 1652 624 1704 δι’
653 1653 784 1706 αὐτὸ
815 1657 948 1725 τιμῇ
971 1670 1029 1707 τε
1053 1653 1149 1707 καὶ
1171 1653 1318 1726 δόξῃ,
1349 1653 1672 1722 καθίστησιν
1705 1651 1921 1720 ἐμφανῆ

330 1744 420 1796 τὸν
469 1745 553 1812 ἐφ’
585 1738 630 1813 ᾧ
680 1748 912 1799 ποιεῖται
969 1745 1096 1809 τοὺς
1138 1745 1353 1814 λόγους,
1385 1745 1545 1816 δῆλον
1595 1744 1653 1796 δὲ
1699 1745 1780 1798 ὅτι
1832 1743 1924 1796 τὸν

329 1837 630 1908 Μονογενῆ.
663 1838 1076 1909 Μετεσχηκέναι
1123 1839 1232 1910 γάρ
1287 1856 1452 1909 φησιν
1501 1837 1665 1891 αὑτὸν
1693 1835 1924 1906 αἵματος

2022 643 2151 704 mei,
2178 657 2313 709 quos
2329 643 2480 698 dedit
2498 641 2631 696 mihi
2659 640 2820 697 Deus.
2836 639 2974 708 Quia
2989 656 3122 710 ergo
3146 641 3296 710 pueri
3320 642 3626 697 communi-

2021 744 2280 788 caverunt
2302 733 2450 788 carni
2475 743 2531 787 et
2548 732 2824 805 sanguini,
2840 742 2896 788 et
2917 733 3031 802 ipse
3053 732 3309 787 similiter
3327 733 3622 803 participa-

2024 825 2099 878 vit
2115 824 2343 888 eisdem,
2363 835 2422 879 ut
2445 839 2542 894 per
2562 836 2792 880 mortem
2811 824 3120 880 destrueret
3136 837 3257 877 eum
3281 824 3370 893 qui
3391 823 3627 879 habebat

2024 915 2218 972 mortis
2245 915 2555 987 imperium,
2592 916 2643 971 id
2669 925 2774 980 est,
2817 915 3112 979 diabolum,
3143 924 3200 970 et
3241 915 3500 969 liberaret
3528 928 3625 970 eos

2021 1007 2113 1077 qui
2147 1007 2341 1063 timore
2387 1009 2582 1064 mortis
2632 1024 2730 1078 per
2765 1018 2935 1065 totam
2989 1009 3155 1063 vitam
3205 1007 3422 1062 obnoxii
3469 1018 3629 1062 erant

2020 1098 2292 1156 servituti.
2341 1098 2622 1156 Nusouam
2669 1101 2817 1155 enim
2849 1101 3072 1171 angelos
3113 1099 3493 1170 apprehendit,
3532 1099 3624 1155 sed

2025 1205 2206 1246 semen
2241 1191 2475 1247 Abrahae
2504 1192 2880 1263 appreuendit.
2918 1192 3075 1248 Unde
3105 1193 3290 1247 debuit
3319 1207 3416 1261 per
3438 1192 3624 1245 omnia

1987 1293 1992 1302 '
2026 1282 2286 1338 fratribus
2310 1285 2600 1340 assimilari
2630 1285 2694 1339 “.
2732 1304 2751 1338 ι
2785 1283 2926 1340 Ecce
2957 1285 3129 1351 enim,
3155 1299 3306 1348 cccc,
3327 1295 3382 1339 et
3407 1285 3626 1354 quidem

2027 1371 2396 1444 apertissime,
2431 1390 2556 1429 eum
2591 1376 2743 1430 illum
2780 1377 2927 1430 dicat
2959 1377 3303 1430 imminutum
3330 1375 3398 1430 ab
3420 1375 3628 1443 angelis

2026 1476 2248 1534 propter
2291 1466 2602 1535 passionem
2640 1467 2852 1530 mortis,
2901 1474 3062 1534 atque
3086 1465 3158 1520 ob
3206 1465 3258 1520 id
3303 1475 3627 1520 coronatum

2025 1573 2147 1614 esse
2177 1561 2350 1626 gloria
2396 1568 2451 1615 et
2497 1559 2727 1626 honore,
2771 1558 3060 1614 manifeste
3098 1558 3244 1612 illum
3292 1557 3533 1612 ostendit
3563 1557 3630 1611 de

2026 1667 2134 1721 quo
2164 1637 2329 1706 verba
2377 1651 2529 1719 facit,
2575 1652 2835 1707 nimirum
2879 1651 3256 1723 Unigenitum.
3302 1649 3630 1718 Participem

2026 1746 2172 1799 enim
2200 1746 2401 1800 factum
2435 1759 2556 1801 esse
2584 1745 2661 1800 ait
2691 1746 2875 1800 carnis
2905 1752 2960 1798 et
2992 1741 3278 1812 sanguinis
3305 1741 3530 1810 perinde
3565 1755 3631 1796 ac

2030 1855 2161 1905 nos;
2223 1850 2278 1894 et
2346 1854 2450 1893 non
2510 1839 2735 1909 angelos
2789 1836 3234 1907 appreltendisse,
3285 1834 3379 1891 sed
3440 1849 3630 1891 semen

327 1929 420 1982 καὶ
486 1900 688 2001 σαρκὸς
739 1900 1146 2003 παραπλησίως’
1183 1900 1480 2003 ημῖν,’καὶ
1524 1933 1622 1986 οὐκ
1675 1900 1923 1997 ἀγγέλων

2035 1900 2280 1986 Abrahae.
2325 1900 2761 1987 Decebatvenim
2805 1900 2973 1985 Deum
3010 1944 3076 1985 ac
3129 1900 3371 1994 Patrem,
3407 1937 3631 1997 propter

325 2021 682 2077 ἐπιλαϐέσθαι
743 2024 984 2094 μᾶλλον,
1045 2024 1183 2079 ἀλλά
1241 2026 1576 2098 ,σπέρματος
1621 2023 1920 2098 ,Ἁϐραάμ

330 2115 578 2184 Ἐπρεπε
627 2115 735 2189 γὰρ
785 2117 862 2189 τῷ
910 2117 1030 2190 Θεῷ
1070 2119 1164 2174 καὶ
1199 2119 1399 2192 Πατρὶ,
1427 2119 1495 2172 δι’
1521 2119 1581 2172 ὃν
1617 2119 1688 2172 τά
1719 2117 1924 2182 πάντα,

324 2205 418 2258 καὶ
451 2206 519 2260 δι’
549 2201 611 2260 οὗ
644 2208 713 2262 τὰ
739 2210 938 2273 πάντα,
977 2211 1313 2282 καθιγμὲνον
1343 2214 1423 2277 εις
1456 2214 1689 2267 κένωσιν
1719 2214 1814 2268 κα¹ι
1843 2218 1928 2266 ὲν·-

322 2297 766 2372 ανθρωπήσαντα
797 2303 886 2356 τὸν
915 2303 1064 2368 Υἱὸν,
1093 2303 1170 2368 ὡς
1200 2305 1298 2377 τὴν
1326 2305 1422 2358 τοῦ
1450 2306 1642 2360 δούλου
1689 2307 1925 2361 λαϐόντα

326 2393 564 2464 μορφὴν,
619 2393 905 2449 τελειῶσαι
956 2396 1046 2449 διὰ
1094 2397 1456 2468 παθημάτων,
1507 2400 1607 2470 τῆς
1664 2401 1925 2454 ἁπάντων

323 2484 470 2555 ζωῆς
498 2485 817 2558 ἀντίλυτρον
849 2489 949 2558 τὴν
987 2489 1125 2542 ἰδίαν
1147 2489 1294 2560 αὑτῷ
1329 2490 1692 2561 καθιεροῦντα
1721 2492 1920 2563 σάρκα.

322 2578 556 2632 Τέθυται
578 2579 684 2650 γὰρ
706 2580 848 2651 ὑπὲρ
868 2580 1028 2649 ἡμῶν
1052 2582 1080 2634 6
1099 2581 1354 2652 Χριστὸς,
1374 2583 1435 2635 τὸ
1455 2584 1688 2654 ἄμωμον
1708 2586 1922 2656 ἱερεῖον,

322 2673 416 2725 καὶ
453 2674 554 2744 μιᾷ
584 2675 874 2746 προσφορᾷ
926 2676 1281 2729 τετελείωκεν
1314 2677 1394 2741 εἰς
1427 2679 1485 2731 τὸ
1517 2679 1766 2748 διηνεκὲς
1797 2682 1925 2744 τοὺς

325 2764 758 2834 ἁγιαζομένους.
815 2769 1150 2837 ἁναμορφῶν
1201 2771 1282 2832 εἰς
1336 2770 1396 2822 τὸ
1468 2771 1526 2822 ὲν
1574 2771 1774 2841 ἀρχαῖς
1823 2772 1924 2842 τὴν

324 2857 607 2928 ἀνθρώπου
642 2859 824 2929 φύσιν.
855 2879 871 2909 ι
903 2861 1088 2913 Πάντα
1117 2860 1226 2931 γὰρ
1262 2864 1320 2914 ἐν
1360 2861 1509 2931 αὐτῷ
1533 2862 1720 2916 καινά.
1769 2863 1920 2916 »Ὅτι

321 2950 430 3021 γὰρ
468 2953 496 3005 6
528 2951 660 3014 Θεὸς
703 2952 799 3004 καὶ
835 2953 1024 3024 Πατὴρ
1049 2953 1283 3006 δέδωκεν
1317 2955 1458 3026 ὑπὲρ
1487 2955 1645 3026 ἡμῶν
1671 2956 1762 3009 τὸν
1795 2956 1925 3009 ἴδιον

322 3043 470 3106 Υἰὸν,
497 3045 648 3097 οὐδὲν
677 3040 837 3118 ἦττον
866 3048 1015 3116 ἡμᾶς
1041 3046 1376 3100 πιστώσεται
1410 3049 1638 3118 γράφων
1670 3050 1697 3094 σε
1726 3048 1935 3128 ῖτᾶνσο.

320 3153 419 3203 φοῖ
461 3135 673 3200 Παῦλος
716 3139 844 3209 περί
885 3139 1072 3191 αὐτοῦ·
1110 3141 1244 3202 ι”Ος
1270 3158 1332 3207 γε
1364 3139 1453 3209 -τς

320 3225 597 3293 ἐφείσατο,
633 3226 747 3279 ἀλλ’
775 3229 916 3299 ὑπὲρ
947 3229 1088 3299 ἡμῖν

1383 3167 1465 3223 ξαν
1505 3169 1638 3223 ἰδίου
1673 3167 1804 3222 Υίοῦ
1831 3168 1932 3220 οὐκ
1967 3213 1988 3242 _.,

2029 2041 2188 2096 quem
2229 2025 2436 2090 omnia,
2485 2035 2540 2080 et
2585 2039 2683 2095 per
2733 2037 2895 2094 quem
2938 2023 3146 2090 omnia,
3191 2022 3386 2078 Filium
3446 2035 3628 2084 suum,

2032 2116 2196 2190 764
2229 2116 2322 2188 qui
2364 2115 2794 2172 exinanitionem
2832 2113 3098 2175 subierat,
3125 2122 3288 2180 atque
3316 2110 3634 2164 incarnatus

2028 2227 2167 2278 erat,
2195 2209 2366 2269 forma
2397 2207 2540 2270 servi
2569 2217 2816 2284 εεεεβιειτ
2854 2217 3240 2260 consummare
3284 2216 3379 2283 Per
3418 2197 3633 2270 Pas-“0"

2030 2326 2150 2374 nes,
2193 2317 2605 2364 consecrantem
2658 2319 2822 2378 atque
2877 2305 3200 2362 oﬂ'erentem
3257 2319 3410 2358 suam
3460 2290 3634 2369 ipsius

2029 2417 2248 2458 carnem
2283 2403 2334 2456 in
2364 2401 2596 2471 pretium
2627 2400 3016 2467 redemptionis
3051 2398 3174 2449 vitae
3216 2395 3482 2448 omnium.
3521 2391 3632 2445 lm-

2029 2497 2260 2549 mutatns
2289 2495 2434 2549 enim
2486 2501 2570 2547 est
2614 2508 2711 2561 pro
2763 2491 2922 2546 nobis
2969 2489 3224 2545 Christus
3277 2484 3633 2541 immaculata

2030 2589 2230 2650 hostia,
2261 2600 2425 2656 atque
2456 2587 2613 2640 unica
2637 2586 2918 2640 oblatione
2948 2583 3349 2638 consummavit
3381 2580 3434 2637 in
3463 2591 3636 2635 mter-

2029 2697 2158 2735 num
2193 2680 2590 2745 sanetiticatos,
2624 2680 2922 2734 humanam
2959 2685 3213 2739 naua-am
3261 2680 3313 2735 in
3350 2677 3638 2747 pristinum

2029 2785 2233 2828 δίειιυῐῐι
2260 2773 2830 2842 τεΐονητθηε-«Οπιιιὶπ
2855 2782 2999 2838 cnim
3024 2781 3076 2835 in
3104 2779 3219 2848 ipso
3233 2785 3359 2831 sunt
3378 2790 3518 2829 nova
3538 2776 3634 2826 η.»

2030 2871 2182 2937 Q"0d
2227 2871 2377 2942 enitr.
2419 2869 2566 2940 Deus
2611 2897 2674 2937 ac
2721 2880 2887 2934 Pater
2921 2875 3130 2931 dederit
3180 2887 3279 2943 pro
3321 2870 3478 2924 uobis
3516 2881 3644 2936 pro-

2031 2963 2212 3056 prium
2239 2997 2393 3036 suum
2426 2976 2649 3039 Filium,
2696 2973 2867 3027 nihilo
2892 2971 3073 3024 secius
3099 2964 3389 3022 conﬁrmat
3422 2959 3641 3018 sapien-

2041 3053 2286 3132 tissimus
2336 3071 2559 3133 Paulus,
2598 3068 2669 3122 ita
2709 3065 2776 3120 de
2826 3066 2941 3134 ipso
2984 3061 3229 3117 scribens
3272 3073 3285 3110 :
3331 3073 3350 3105 ι
3380 3053 3482 3120 ριιι
3519 3067 3646 3120 pro-

2039 3169 2158 3235 prio
2196 3169 2333 3223 Filio
2371 3180 2475 3220 suo
2507 3178 2611 3218 non
2648 3159 2913 3231 pepercit,
2947 3155 3038 3210 sed
3072 3167 3170 3226 pro
3202 3149 3357 3208 nobis
3389 3148 3645 3204 omnibus

1163 3262 1422 3315 ἀπάντων
1462 3260 1780 3332 παρέδωκεν
1827 3259 1922 3311 αὑ-

2039 3261 2263 3318 tradidit
2292 3258 2466 3320 illum,
2501 3254 2778 3324 quomodo
2808 3267 2914 3304 non
2951 3252 3118 3304 etiam
3151 3261 3274 3300 cum
3308 3244 3427 3311 ipso
3459 3239 3645 3293 ouinia

319 3319 430 3381 τδνς
471 3320 586 3382 πῶς
615 3320 731 3373 οὺνκ
791 3357 880 3382 ---ι
918 3319 1012 3382 Α.ίῖ
1045 3355 1190 3382 ...ον-3.
1222 3354 1290 3382 -1.
1325 3355 1498 3382 -2“.--
1706 3351 1836 3382 ,ηαξ

476 3354 584 3382 Μ’*
615 3354 675 3373 W
691 3354 746 3428 λ.
791 3357 886 3412 καὶ
916 3357 1012 3410 σὺν
1043 3355 1194 3427 αὐτῷ
1222 3354 1292 3408 τὰ
1324 3355 1500 3408 πάντα
1532 3355 1667 3424 ἡμῖν
1706 3354 1930 3423 χαρίσε-

341 3469 452 3517 ..ις
485 3469 504 3503 ι
535 3450 698 3504 Ἴδιον
743 3449 798 3502 δὲ
852 3466 1033 3519 φαμεν
1067 3448 1198 3502 Υἱδν
1242 3447 1336 3500 τοῦ
1387 3446 1544 3507 Θεοῦ,
1577 3446 1668 3498 τὸν
1723 3449 1786 3500 ἐκ
1833 3447 1931 3516 τῆς

330 3543 520 3607 ούσίας
541 3542 705 3596 αὑτοῦ
739 3541 1020 3612 πεφηνότα
1041 3539 1218 3608 Λόγον
1239 3556 1251 3570 ο
1285 3538 1532 3592 δεδόσθαι
1561 3556 1623 3606 γε
1658 3541 1766 3609 μὴν
1794 3538 1934 3607 ὑπὲρ

331 3635 510 3706 ἡμῶν,
546 3637 606 3689 οὐ
637 3635 845 3704 γυμνὸν
892 3633 971 3686 ἔτι
1022 3633 1115 3686 καὶ
1158 3632 1421 3701 ἄσαρκόν,
1459 3632 1576 3685 ἀλλ’
1601 3633 1688 3686 ὅτε
1742 3631 1934 3701 γέγονε

336 3729 506 3799 σάρξ·
555 3727 649 3779 καὶ
687 3727 748 3779 τὸ
785 3725 1044 3793 λέγεσθαι
1078 3724 1291 3788 παθεῖν,
1328 3723 1633 3794 ἀμώμητον
1664 3720 1731 3794 ἦν
1764 3724 1932 3793 αὐτῷ.

334 3819 580 3874 Πέπονθε
620 3818 749 3891 γὰρ,
778 3820 839 3872 οὐ
873 3817 1035 3888 φύσει
1073 3817 1349 3888 θεότητος,
1385 3817 1500 3870 ἀλλ’
1533 3817 1639 3887 ἰδία
1673 3817 1855 3888 σαρκί.
1878 3817 1936 3870 ὐ

335 3911 445 3983 γὰρ
489 3913 619 3975 Θεὸς
649 3914 744 3964 καὶ
780 3911 989 3981 Πατὴρ,
1022 3907 1276 3980 καθάπερ
1313 3908 1450 3978 ἔφην
1483 3908 1708 3978 ἀρτίως,
1742 3906 1831 3960 τὸν
1861 3906 1935 3977 μὴ

336 4004 534 4071 γνόντα
587 4001 882 4073 ἁμαρτίαν,
918 4000 1058 4072 ὑπὲρ
1109 4000 1268 4070 ἡμῶν
1322 4000 1600 4069 ἁμαρτίαν
1651 4000 1934 4069 ἐποίησεν,

339 4097 428 4150 ἵνα
455 4097 613 4166 ἡμεῖς
649 4093 937 4163 γενώμεθα
971 4093 1284 4164 δικαιοσύνη
1317 4093 1454 4147 Θεοῦ
1491 4095 1588 4147 σὺν
1623 4089 1937 4165 αὑτῷ.*Αρ’

339 4185 430 4242 οὖν
477 4189 750 4260 ἁμαρτίαν
778 4188 939 4242 αὑτὸν
971 4187 1225 4256 γενέσθαι
1262 4185 1490 4255 νοοῦμεν
1517 4203 1529 4251 ;
1558 4188 1589 4257 ἢ
1619 4187 1699 4240 δτι
1736 4186 1940 4256 μᾶλλον

339 4282 596 4352 ὡμοιώθη
643 4285 754 4346 τοῖς
803 4281 906 4336 ὑπὸ
938 4281 1232 4353 ἁμαρτίαν,
1269 4280 1528 4352 ταύτῃτοι
1569 4280 1665 4332 καὶ
1692 4281 1938 4354 ἀμαρτία

337 4378 592 4446 λέγεταις

412 4471 472 4528 Β.
504 4472 709 4542 Ὀρθῶς
749 4471 904 4543 ἔφης.

414 4565 705 4635 Λ.”Ωσπερ
727 4561 820 4617 οῦν
848 4564 938 4617 τὸν
1069 4565 1264 4632 γνόντα
1295 4565 1593 4635 ἁμαρτίαν,
1621 4563 1761 4635 ὑπὲρ
1784 4566 1940 4636 ἡμῶν

2037 3354 2194 3410 nobis
2223 3350 2483 3420 largietur
2507 3345 2575 3399 "‘f
2606 3364 2623 3396 ι
2656 3342 2943 3411 Proprium
2972 3348 3150 3392 autem
3181 3335 3416 3388 dicimus
3448 3329 3646 3385 Filium

2039 3447 2155 3509 Dei,
2201 3443 2440 3497 Verbum
2491 3455 2553 3493 ex
2611 3436 2784 3507 ipsius
2832 3431 3070 3488 essentia
3126 3428 3366 3499 genitum
3417 3425 3645 3479 :datum

2039 3552 2166 3592 vero
2194 3549 2314 3590 esse
2338 3550 2434 3604 pro
2459 3531 2639 3593 nobis,
2671 3544 2775 3582 non
2801 3527 3002 3579 nudum
3034 3531 3086 3577 et
3114 3520 3297 3574 carnis
3323 3527 3602 3585 expertem
3627 3555 3645 3582 ,

2038 3629 2132 3684 sed
2163 3628 2380 3698 quando
2433 3623 2610 3679 factus
2638 3631 2722 3675 est
2753 3634 2901 3673 caro.
2936 3617 3000 3670 Et
3031 3614 3176 3685 quod
3207 3612 3412 3667 dicitur
3454 3622 3649 3677 passus

2037 3737 2181 3788 esse,
2214 3718 2350 3774 nihil
2383 3715 2694 3772 detrimenti
2743 3711 2843 3780 ipsi
2897 3708 3076 3763 aﬂert.
3124 3707 3323 3761 Passus
3368 3701 3512 3756 enim
3565 3708 3650 3753 est

2041 3831 2148 3869 non
2205 3822 2396 3866 natura
2448 3808 2769 3870 divinitatis,
2825 3804 2919 3857 sed
2974 3799 3193 3870 propria
3253 3809 3440 3850 carne.
3505 3793 3650 3846 Deus

2040 3907 2184 3962 enim
2217 3920 2281 3958 ac
2317 3901 2500 3964 Pater,
2531 3900 2673 3955 sicut
2708 3897 2872 3951 modo
2897 3894 3032 3960 dixi,
3065 3907 3188 3945 eum
3223 3890 3316 3961 qui
3363 3903 3468 3942 non
3498 3887 3650 3941 novit

2043 4009 2349 4071 peccatum,
2376 4011 2475 4065 pro
2499 3992 2654 4048 nobis
2681 3999 2961 4061 peccatum
2997 3985 3148 4051 fecit,
3175 3994 3232 4037 ut
3266 3998 3364 4038 nos
3393 3982 3652 4035 tieremus

2037 4093 2247 4164 justitia
2278 4089 2373 4143 Dei
2405 4102 2527 4142 eum
2554 4087 2671 4154 ipso
2701 4083 2763 4136 “.
2791 4079 2983 4134 Nonne
3008 4092 3135 4132 vero
3164 4076 3326 4130 etiam
3362 4079 3648 4142 peccatqu

2043 4187 2245 4240 factum
2283 4196 2406 4238 esse
2432 4182 2609 4249 ipsum
2645 4172 2919 4229 dicimus?
2961 4181 3057 4224 aut
3085 4169 3209 4239 quia
3247 4168 3428 4238 p0tius
3453 4165 3652 4220 similis

2044 4278 2218 4332 factus
2267 4285 2352 4330 est
2413 4272 2478 4327 iis
2527 4269 2618 4340 qui
2665 4265 2889 4322 obnoxii
2939 4272 3099 4320 erant
3148 4269 3394 4332 peccato,
3447 4258 3652 4314 idcirco

2043 4371 2208 4427 etiam
2235 4376 2524 4436 peccatum
2568 4361 2765 4418 dicitur
2788 4359 2812 4412 7

2114 4462 2175 4516 Β.
2225 4462 2393 4516 [lecte
2421 4458 2524 4515 ais.

2117 4559 2184 4613 A.
2226 4551 2692 4622 Quemadmodum
2730 4547 2898 4618 igitur
2929 4559 3053 4600 eum
3076 4543 3168 4614 qui
3204 4557 3309 4597 non
3346 4539 3498 4595 novit
3525 4553 3651 4611 pec-

343 4658 617 4728 ἀμαρτίαν
652 4658 930 4728 ἐποίησεν,
964 4658 1050 4709 ἵνα
1084 4659 1244 4727 ἡμεῖς
1290 4657 1580 4727 γενώμεθα
1617 4657 1928 4730 δικαιοσύνη

2043 4658 2222 4705 catum
2259 4661 2359 4717 pro
2408 4643 2566 4698 nobis
2617 4649 2901 4710 peccatum
2946 4636 3095 4702 feeit,
3140 4642 3199 4688 ut
3250 4647 3348 4688 nos
3393 4631 3652 4686 tieremus

343 4750 477 4802 Θεοῦ
532 4752 587 4802 ὲν
636 4751 783 4820 αῦτῷ
835 4751 1196 4820 (δεδικαίωται
1238 4751 1348 4822 γὰρ
1446 4749 1736 4822 ἀνθρώπου
1774 4751 1936 4820 φύσις

343 4846 399 4897 ἓν
426 4844 616 4913 α·>τ.ἶ))’
651 4843 794 4896 οῦτω
822 4845 910 4894 τὸν
942 4846 1040 4896 οῦκ
1067 4845 1246 4897 εἰδότα
1271 4845 1501 4898 θάνατον
1529 4845 1663 4916 (ζωὴ
1689 4845 1796 4916 γάρ
1822 4849 1936 4899 ἐστι

345 4940 436 4992 καὶ
467 4937 730 5001 ζωοποιδς
762 4939 788 4990 6
819 4939 1034 5006 Λόγος).
1078 4940 1240 5008 σαρκὶ
1279 4938 1471 4991 παθεῖν
1502 4939 1937 5010 παρεσκεύασεν,

344 5031 447 5095 ἔξω
505 5031 765 5101 μείναντα
810 5031 904 5083 τοῦ
958 5030 1173 5091 παθεῖν,
1221 5032 1356 5084 καθὸ
1411 5034 1612 5084 νοεῖται
1657 5031 1810 5093 Θεῖις,
1853 5033 1938 5084 ἵνα

349 5125 505 5193 ἡμεῖς
553 5124 805 5192 ζήσωμεν
848 5124 914 5175 δι’
948 5123 1112 5176 αὑτοῦ
1155 5141 1211 5176 τε
1257 5125 1349 5175 καὶ
1395 5127 1451 5177 ἐν
1504 5124 1670 5194 αὐτῷ.
1711 5125 1800 5177 Διὸ
1846 5126 1939 5177 καὶ

345 5213 597 5283 ὁμοίωμα
619 5212 851 5266 θανάτου
898 5213 957 5265 τὸ
985 5212 1220 5283 Χριστοῦ
1270 5214 1437 5276 πάθος
1472 5214 1804 5284 ὠνόμασται.
1845 5214 1938 5267 Γέ-

345 5323 589 5377 γραπται
613 5301 724 5358 ούν·
755 5306 844 5357 ιΕἱ
876 5305 984 5375 γὰρ
1018 5305 1288 5374 σύμφυτοι
1313 5307 1615 5375 γεγόναμεν
1642 5306 1935 5375 τῷόμοιώ-

346 5417 474 5468 ματι
518 5398 610 5450 τοῦ
675 5397 906 5450 θανάτου
935 5398 1121 5460 αὑτοῦ,
1152 5399 1285 5451 ἀλλὰ
1321 5400 1413 5451 καὶ
1444 5400 1541 5468 τῆς
1587 5399 1937 5463 ἀναστάσεως

347 5492 601 5561 ἐσόμεθα.
635 5489 811 5557 »Ἔζη
847 5490 954 5560 γὰρ
989 5491 1015 5542 6
1049 5492 1217 5558 Λόγος
1255 5491 1347 5543 καὶ
1377 5492 1679 5562 γενομένης
1706 5491 1936 5545 θανάτου

347 5585 436 5652 τῆς
472 5583 629 5649 ἁγίας
663 5581 826 5635 αὑτοῦ
859 5582 1080 5649 σαρκός,
1116 5583 1179 5633 ἵν’
1209 5582 1532 5652 ἡττηθέντος
1561 5582 1816 5645 θανάτου,
1846 5584 1941 5635 καὶ

353 5677 742 5744 πεπατημὲνης
771 5675 863 5743 τῆς
902 5675 1126 5742 φθορᾶς.
1153 5679 1184 5742 ἡ
1216 5676 1312 5745 τῆς
1337 5676 1687 5739 ἀναστάσεως
1715 5676 1939 5742 δύναμις

350 5769 421 5829 ῐὶς
457 5765 599 5817 itas)
633 5765 858 5834 ἔρχηται
891 5765 948 5816 τὸ
987 5761 1328 5833 ἀνθρώπινον
1372 5766 1544 5832 γένος.
1567 5766 1787 5835 ’Λὶηθές
1813 5767 1938 5836 γὰρ,

419 5951 456 5976 "
506 5946 666 6001 Ιίνιιι.
709 5966 766 6010 ιι,
809 5948 964 6000 9-H.
1050 5947 1085 5973 "
1132 5945 1166 5997 il
1211 5946 1332 5998 tint'.
1372 5945 1538 6007 ιν,17,

1629 5946 1666 5969 ¹¹
1713 5943 1846 5996 lium
1917 5957 2031 5998 \ltl.
2071 5943 2159 5995 32.

2033 4739 2243 4816 justitia
2267 4739 2359 4792 Dei
2386 4737 2438 4790 in
2465 4736 2581 4806 ipso
2600 4731 2912 4804 (justitleata
2945 4728 3090 4784 enim
3115 4736 3198 4781 est
3229 4727 3468 4780 humana
3494 4731 3651 4777 natu-

2041 4855 2099 4893 ra
2124 4839 2177 4891 in
2212 4833 2350 4904 Ipso)
2378 4851 2391 4886 :
2418 4833 2488 4885 ita
2519 4845 2640 4883 eum
2667 4827 2758 4896 qui
2787 4841 2892 4879 non
2920 4823 3072 4876 novit
3097 4831 3327 4876 mortem
3350 4819 3480 4887 (vita
3500 4818 3647 4872 enim

2041 4944 2126 4988 est
2152 4940 2208 4986 et
2233 4927 2512 4982 vivificaris
2546 4919 2822 4987 Verbum)
2859 4931 3028 4971 carne
3063 4915 3172 4984 pati
3215 4911 3480 4984 permisit,
3522 4926 3647 4964 cum

2043 5027 2275 5084 interea,
2309 5028 2582 5090 quatenus
2607 5025 2706 5068 ests
2735 5013 2896 5074 Deus,
2939 5023 2967 5060 a
2999 5007 3254 5078 passione
3296 5004 3431 5057 liber
3463 5014 3647 5068 esset;

2048 5128 2106 5172 ut
2145 5115 2400 5170 nimirum
2442 5125 2540 5162 nos
2573 5109 2819 5159 Vivamus
2854 5118 2949 5173 per
2994 5101 3168 5168 ipsum
3201 5105 3255 5151 et
3303 5097 3355 5149 in
3396 5098 3534 5165 ipso.
3567 5094 3649 5147 Id-

2050 5212 2201 5263 rireo
2230 5219 2282 5260 et
2313 5201 2613 5258 similitudo
2640 5197 2852 5258 mortis,
2883 5193 3088 5249 Christi
3115 5191 3295 5260 passio
3331 5199 3517 5242 vocata
3546 5197 3649 5241 est.

2053 5303 2326 5370 δι-τίριιιιιι
2371 5299 2553 5364 itaque
2583 5303 2664 5346 est
2713 5309 2726 5344 :
2777 5310 2793 5339 ι
2828 5289 2882 5342 Si
2923 5286 3066 5341 enim
3121 5281 3475 5351 complantati
3523 5280 3650 5332 farti

2041 5413 2231 5456 sumus
2262 5388 2606 5447 similitudini
2640 5385 2831 5440 mortis
2858 5383 2998 5451 ejus.
3027 5377 3187 5432 simul
3213 5388 3267 5430 ct
3291 5373 3650 5428 τοειιιϊριτιίιν.

2040 5491 2124 5544 nis
2156 5486 2364 5541 crinitis
2393 5482 2456 5533 ⁸⁵.
2500 5497 2516 5530 ι
2558 5477 2788 5530 Vivebat
2821 5473 2965 5527 enim
3006 5469 3266 5530 Verbum,
3306 5481 3428 5517 eum
3462 5473 3648 5515 sancta

2045 5581 2216 5648 ipsius
2257 5589 2385 5629 caro
2421 5579 2651 5623 mortem
2693 5567 2870 5619 obiret
2901 5607 2913 5626 ,
2960 5572 3038 5625 ut,
3099 5568 3349 5627 superata
3396 5567 3569 5606 morte
3597 5562 3648 5606 et

2045 5670 2363 5742 pruculratn
2401 5663 2646 5722 interitu,
2697 5652 3119 5711 resurrectionis
3161 5651 3242 5704 \is
3285 5665 3349 5701 ac
3397 5647 3568 5699 virtus
3598 5663 3648 5698 ιιι

2046 5738 2360 5819 ttnitcrsum
2394 5774 2565 5829 gentis
2603 5755 2899 5809 humanum
2938 5747 3216 5802 transiret.
3268 5742 3466 5798 Verum
3503 5738 3647 5796 enim

2247 5940 2282 5970 "
2330 5937 2367 5993 ll
2409 5939 2531 5993 (Lor.
2574 5949 2624 5996 ι’,
2656 5933 2741 5987 Ἠ.
2831 5932 2868 5962 ’³
2899 5929 3054 5984 Rom.
3097 5942 3166 5986 ιι,
3209 5924 3261 5978 5.
