4058 6328
479 406 614 463 13ιῦ

1466 411 1524 466 S.
1565 408 1842 467 CYRILLI
1881 410 2353 472 ALEXANDRINI
2395 415 2714 473 ARCHIEP.

3600 397 3740 455 l3“

479 519 569 573 Dei
599 521 858 592 sapientia
886 522 954 577 ".
997 541 1014 572 ι
1068 524 1242 593 Atque
1282 522 1416 578 adeo
1460 523 1576 589 ipse
1612 522 1784 580 Filius
1825 539 1948 580 cum
1986 525 2052 580 ad

2174 545 2180 578 ι
2207 528 2322 583 Νῦν
2351 530 2634 602 ἐδοξάσθη,
2667 526 2854 599 φησὶν,
2886 529 2913 581 6
2957 526 3078 588 Υἱὸς
3116 523 3211 577 τοῦ
3242 519 3554 591 ἀνθρώπου,
3589 516 3685 567 καὶ
3714 513 3746 567 6

482 613 768 666 salutarem
826 615 1131 682 passionem
1175 616 1559 670 conscenderet
1601 631 1614 669 :
1671 635 1690 666 ι
1741 614 1925 684 Nunc,
1975 619 2054 673 in-

479 705 612 774 quit,
645 704 973 762 clariﬁcatns
1005 717 1088 762 est
1133 707 1300 763 Filius
1331 709 1588 773 hominis,
1628 722 1682 764 et
1710 709 1848 766 Deus
1891 711 2055 766 clari-
2094 763 2100 768 .

481 797 674 852 liratns
747 809 828 853 est
884 801 934 854 in
987 815 1051 855 eo
1097 819 1110 854 :
1172 813 1225 855 et
1273 801 1413 858 Deus
1465 803 1786 858 rlariticabit
1831 820 1952 857 eum
2000 805 2052 858 in

478 891 792 960 semetipso,
836 902 889 947 et
920 894 1176 948 continuo
1201 894 1524 949 clarillcabit
1553 912 1674 950 enin
1703 897 1766 949 “.
1805 915 1822 948 ι
1861 895 2035 950 Besnr

2159 620 2293 685 Θεὸς
2323 623 2580 694 ἐδοξάσθη
2616 622 2674 674 ἐν
2704 617 2878 688 αὐτῷ,
2907 618 3002 672 καὶ
3035 619 3064 671 6
3091 616 3222 680 θεὸς
3249 613 3465 680 δοξάσει
3496 606 3661 662 αὑτὸν
3688 611 3747 660 ἐν

2162 717 2358 787 ἐαυτῷ,
2401 717 2495 770 καὶ
2524 716 2682 778 εὐθὺς
2709 713 2922 778 δοξάσει
2949 711 3130 764 αὑτόν.
3167 728 3183 760 ι
3207 705 3435 761 Ἀνεδίω
3461 704 3747 805 ,στὶυο

2163 807 2360 872 λεύσας
2391 810 2482 862 τὸν
2514 809 2668 881 ᾅδην,
2701 805 2972 860 καὶτοῦτο
2995 804 3096 856 οὑκ
3122 803 3199 864 εἰς
3227 798 3464 871 μακρὰν,
3498 794 3612 850 ἀλλ’
3635 794 3748 845 οἷον

2164 900 2326 963 εὐθὺς
2352 901 2444 953 καὶ
2477 900 2617 954 κατὰ
2647 899 2811 962 πόδας
2841 897 2935 950 τοῦ
2965 893 3176 948 παθεῖν.

486 983 620 1035 rexit
679 985 846 1049 enim,
888 985 1114 1054 spoliato
1190 987 1437 1053 inferno,
1507 998 1562 1042 et
1623 988 1840 1058 quidem
1919 988 1971 1042 id
2027 1005 2132 1045 non
2189 991 2357 1046 multo
2429 1001 2590 1058 post,
2637 992 2731 1045 sed
2793 985 3193 1060 quodammodo
3247 982 3431 1038 statim
3503 987 3666 1048 atque
3717 993 3749 1033 ο

483 1076 722 1146 vestigio
768 1087 888 1148 post
938 1079 1266 1148 passionem.

553 1164 614 1219 Β.
657 1169 814 1238 Atqui
877 1172 1049 1242 inquit
1095 1175 1528 1244 sapientissimus
1586 1173 1831 1230 Paulus:
1903 1194 1921 1226 ι
1980 1178 2063 1230 An

483 1260 908 1327 experimentum
967 1264 1209 1332 qumritis
1260 1265 1380 1334 ejus
1431 1269 1520 1337 qui
1586 1268 1638 1321 in
1695 1283 1778 1323 me
1830 1267 2066 1336 loquitur

435 1347 717 1416 -Christi;
785 1355 874 1422 qui
930 1371 1033 1411 non
1086 1357 1416 1423 inﬁrmatur,
1477 1363 1571 1415 sed
1629 1371 1818 1431 potens
1873 1373 1956 1417 est
2012 1363 2064 1417 in

487 1442 681 1497 nobis?
742 1441 878 1497 Nam
924 1446 1023 1500 etsi
1053 1448 1347 1502 crncitlxus
1392 1459 1473 1506 est
1503 1465 1566 1504 ex
1603 1451 1936 1518 inﬁrmitate,
1972 1454 2064 1508 sed

483 1534 616 1586 vixit
661 1549 727 1588 ex
759 1537 957 1593 virtute
1000 1539 1091 1593 Dei
1117 1540 1184 1594 ".
1237 1561 1256 1594 ι
1290 1542 1406 1608 Quo
1440 1551 1598 1610 pacto
1631 1558 1757 1597 vero
1796 1545 2063 1614 quispiam

485 1624 626 1678 dicat
658 1627 984 1682 iullrmatnm
1018 1646 1136 1687 esse
1170 1632 1340 1703 ipsum
1377 1632 1628 1698 Verbum,
1659 1645 1819 1702 atque
1855 1649 1920 1690 ex
1951 1636 2064 1689 vir-

487 1726 598 1772 tute
628 1718 717 1774 Dei
751 1721 975 1775 vivere?

2236 1179 2296 1236 Β.
2339 1181 2532 1237 Καίτοι
2563 1180 2726 1251 φησιν
2759 1180 2787 1231 ό
2825 1177 3100 1244 πάνσοφος
3133 1169 3380 1233 Παῦλος·
3416 1188 3433 1220 ι
3489 1164 3641 1220 Ἐπεὶ
3669 1163 3753 1217 δο-

2165 1275 2333 1346 κιμὴν
2367 1274 2579 1346 ζητεῖτε
2627 1271 2720 1326 τοῦ
2777 1273 2834 1324 ἐν
2884 1271 3008 1338 ἐμοὶ
3054 1265 3341 1328 λαλοῦντος
3394 1257 3654 1329 Χριστοῦ,
3695 1255 3753 1319 ὃς

2162 1369 2262 1421 οὑκ
2295 1367 2532 1427 ἀσθενεῖ,
2563 1364 2696 1419 ἀλλὰ
2729 1362 2943 1416 δυνατεῖ
2981 1359 3038 1412 ἐν
3075 1358 3229 1428 ήμῑι.
3267 1353 3378 1409 Ka‘t
3417 1351 3524 1422 γὰρ
3559 1349 3753 1400 ἐσταυ-

2168 1459 2314 1532 ρώθη
2361 1460 2418 1527 ἐξ
2465 1458 2772 1521 ἀσθενείας,
2809 1455 2944 1510 ἀλλὰ
2990 1454 3054 1524 ζῇ
3106 1453 3171 1504 ἐκ
3208 1448 3490 1517 δυνάμεως
3526 1439 3684 1495 Θεοῦ.
3731 1458 3747 1488 ι

2171 1549 2306 1607 Εἶτα
2341 1553 2458 1616 πῶς
2501 1551 2662 1605 αὑτὸν
2695 1549 2988 1618 ἀσθενῆσαι
3029 1544 3165 1616 φαίη
3197 1558 3280 1605 τις
3315 1540 3380 1594 ἂν
3428 1536 3622 1604 Λόγον.
3662 1533 3755 1585 καὶ

2175 1647 2284 1718 μὴν
2318 1647 2410 1701 καὶ
2439 1647 2502 1698 ἐκ
2530 1643 2811 1714 δυνάμεως
2845 1639 3009 1710 ζῆσαι
3041 1635 3214 1703 Θεοῦς

555 1809 617 1863 Α.
667 1810 927 1867 Nouuein
974 1816 1283 1871 universum
1331 1817 1430 1870 hoc
1481 1815 1788 1885 statuimus,
1834 1819 2064 1876 Verbum

2245 1824 2308 1877 Α.
2351 1822 2424 1875 υὺ
2457 1819 2565 1892 γὰρ
2602 1819 2714 1874 ἄνω
2743 1835 2800 1872 τε
2831 1817 2926 1870 καὶ
2956 1815 3107 1870 κάτω
3161 1813 3250 1867 τὺν
3287 1809 3376 1864 τοῦ
3412 1807 3547 1862 Θεοῦ
3584 1805 3755 1872 Λόγον

483 1915 704 1957 carnem
740 1905 940 1960 factum
971 1923 1115 1976 esse,
1146 1919 1199 1964 et
1245 1910 1535 1964 humanam
1567 1919 1814 1964 naturam
1852 1925 2069 1965 assum-

486 1995 694 2064 psisse?

559 2086 616 2140 Β.
659 2088 916 2146 Omnino.

554 2178 624 2234 Α.
667 2179 899 2238 Proinde
931 2185 974 2238 is
1009 2186 1099 2254 qui
1132 2185 1434 2240 inﬁrmatus
1464 2198 1545 2241 cst
1576 2203 1759 2254 carne,
1794 2199 2066 2259 quatenus

485 2270 790 2327 declaratus
827 2284 909 2328 est
950 2276 1128 2338 homo,
1167 2276 1297 2331 vixit
1332 2277 1419 2332 hic
1449 2277 1591 2332 idem
1623 2294 1685 2333 ex
1721 2282 1920 2335 virtute
1946 2280 2061 2346 Dei,

484 2378 589 2418 non
619 2365 836 2434 quidem
874 2365 1073 2432 aliena,
1103 2368 1197 2422 sed
1229 2383 1347 2439 quae
1383 2369 1482 2440 ipsi
1519 2370 1712 2428 inerat.
1752 2371 1892 2428 Deus
1921 2373 2066 2428 enim

484 2458 676 2512 eratin
703 2472 888 2512 carne.

557 2549 617 2607 Β.
659 2550 820 2626 Atqui
881 2549 1042 2614 Pater
1081 2551 1255 2630 ipsum
1312 2559 1607 2615 snscitassc
1643 2559 1886 2615 dicitur:
1935 2562 2070 2617 scri-

483 2654 634 2732 piiit‘u
670 2665 756 2710 est
793 2655 937 2710 enim
968 2675 980 2710 :
1016 2674 1033 2707 ι
1068 2655 1377 2714 Secundum
1415 2661 1778 2729 operationem
1816 2661 2070 2729 potentia:

487 2748 702 2800 virtutis
736 2748 875 2817 ejus,
921 2764 1078 2818 quam
1110 2760 1364 2819 operatus
1395 2761 1479 2807 est
1525 2752 1577 2806 in
1619 2751 1857 2815 Christo,
1895 2754 2069 2808 susci-

486 2849 606 2894 tans
643 2839 791 2894 illum
828 2856 856 2894 a
903 2843 1164 2909 mortuis,
1196 2853 1251 2898 et
1288 2845 1627 2900 constituens
1674 2848 1740 2901 ad
1786 2846 2066 2902 dexteram

486 2945 638 2985 suam
677 2931 730 2987 in
759 2933 1095 3000 coelestibus,
1134 2951 1297 3005 supra
1335 2953 1551 2992 omnem
1587 2938 1951 3010 principatum
1980 2981 1994 3005 ,
2019 2953 2072 2995 et

487 3034 831 3093 potestatem,
870 3035 923 3081 et
955 3028 1234 3093 virtutem,
1268 3038 1324 3084 et
1352 3029 1803 3098 dominationem,
1829 3041 1884 3087 et
1913 3049 2074 3089 omne

490 3131 682 3171 nomen
715 3119 859 3190 quod
891 3122 1198 3175 nominatur
1221 3124 1289 3175 ".
1319 3141 1338 3174 ι

560 3210 623 3266 Α.
649 3210 917 3266 Caeterum
955 3213 1129 3282 ipsum
1155 3230 1274 3270 esse
1302 3216 1530 3271 dicimus
1559 3219 1926 3276 vivificantem
1964 3223 2071 3277 vir-

491 3314 660 3360 tutem
713 3305 927 3370 Patris,
978 3318 1029 3360 et
1083 3309 1325 3377 paternis
1376 3309 1730 3382 dignitatibus
1787 3316 2068 3382 praeditum

489 3411 630 3462 esse,
663 3399 872 3452 tametsi
900 3397 1075 3453 factus
1104 3401 1178 3452 sit
1211 3416 1358 3465 caro,
1406 3405 1546 3471 quod
1590 3405 1806 3474 quidem
1849 3408 2074 3475 ipsemet

493 3499 722 3544 testatur
756 3491 942 3545 dicens
970 3508 982 3544 :
1020 3510 1038 3541 ι
1078 3493 1541 3558 Quemadmodum
1574 3497 1716 3550 enim
1747 3497 1909 3552 Pater
1937 3515 2072 3567 quos

498 3581 600 3634 vult
644 3582 912 3645 viviﬁrat;
946 3585 1014 3637 ita
1045 3593 1101 3639 et
1128 3583 1296 3637 Filius
1346 3601 1483 3653 quos
1526 3587 1640 3640 vult
1681 3587 1916 3644 \‘iviﬁcat
1937 3591 2005 3643 ”.
2048 3610 2066 3642 ι

497 3675 668 3743 Atque
699 3684 756 3728 ut
786 3674 830 3728 is
857 3675 945 3743 qui
981 3677 1185 3743 absque
1222 3677 1436 3746 negotio
1477 3677 1526 3728 id
1572 3686 1832 3743 praestare
1875 3687 2070 3749 potest,

500 3763 705 3824 Iudaeos
734 3768 804 3820 ita
842 3767 1221 3836 compellavit:
1261 3785 1280 3818 ι
1333 3766 1535 3825 Solvite
1580 3771 1835 3840 templum
1868 3773 1986 3838 hoc,
2018 3783 2073 3828 et

498 3859 550 3913 in
584 3858 756 3914 tribus
796 3860 984 3915 diebus
1021 3861 1447 3916 suscitaboillud
1477 3862 1544 3916 ’⁸.
1588 3882 1604 3916 i
1633 3862 1800 3918 Porro
1822 3882 1944 3920 eum
1989 3883 2073 3922 re-

499 3953 839 4017 surrexisset,
871 3953 1007 4007 sedit
1031 3953 1095 4005 ad
1132 3953 1407 4010 dexteram
1433 3953 1609 4009 Patris
1646 3957 1726 4010 sui
1758 3957 1809 4011 in
1848 3957 2075 4013 emicati-

494 4042 614 4110 bus,
632 4059 791 4113 supra
830 4061 1043 4099 onlnem
1081 4045 1444 4118 Principatum
1467 4058 1520 4102 et
1541 4048 2075 4111 Potestatem,Thro-

497 4149 593 4189 nos
638 4145 691 4189 et
727 4135 1157 4201 Domiuationes,
1184 4148 1239 4193 et
1283 4154 1446 4206 supra
1487 4154 1646 4194 omne
1696 4155 1893 4205 nomen
1929 4141 2073 4208 quod

495 4225 806 4282 nominatur
834 4227 898 4284 ".
923 4228 1089 4300 768
1110 4229 1262 4283 Anne
1286 4239 1538 4298 tauquam
1563 4231 1810 4286 diversus
1839 4248 1869 4285 a
1895 4230 2073 4288 Verbo

495 4319 637 4387 quod
666 4328 745 4372 est
789 4333 852 4373 ex
887 4317 1069 4385 Patre,
1110 4322 1248 4374 unda
1294 4329 1502 4376 tantum
1540 4321 1920 4390 conjunctione
1947 4340 2069 4378 cum

499 4405 587 4461 illo
617 4407 921 4474 decoratus,
960 4419 1013 4464 et
1041 4411 1257 4466 deitatis
1303 4427 1496 4467 nomen
1535 4427 1632 4482 per
1680 4415 1907 4482 gratiam
1936 4431 2067 4471 con-

2170 1915 2347 1988 σάρκα
2374 1932 2432 1969 τε
2465 1911 2714 1982 γενέσθαι
2744 1910 2836 1964 καὶ
2867 1905 3283 1978 ἐνανθρωπῆσαί
3319 1919 3535 1974 φαμεκη

2242 2094 2303 2149 Β.
2344 2093 2450 2147 Ναί
2473 2109 2486 2122 ο
2533 2089 2648 2154 πῶς
2676 2090 2784 2161 γὰρ
2814 2088 2912 2153 οὓς

2239 2191 2308 2242 Α.
2353 2185 2582 2246 Οὐκοῦν,
2613 2187 2640 2237 6
2673 2183 2976 2250 ἀσθενήσας
3011 2179 3194 2249 σαρκὶ,
3233 2175 3366 2229 καθὸ
3392 2174 3629 2244 πέφηνεν
3661 2172 3756 2227 άν-

2171 2279 2408 2350 θρωπος,
2441 2277 2636 2346 ἔζησεν
2681 2270 2836 2337 οὗτος
2887 2276 2950 2326 ἐκ
2990 2272 3273 2340 δυνάμεως
3318 2268 3473 2332 Θεοῦ,
3525 2266 3619 2319 καὶ
3656 2265 3759 2320 οὐκ

2169 2370 2454 2444 ἀλλοτρίας
2484 2367 2706 2440 μᾶλλον,
2740 2365 2877 2420 ἀλλά
2907 2365 3006 2436 τῆς
3039 2365 3266 2432 ἐνούσης
3291 2359 3455 2431 αὐτῷ.
3490 2359 3623 2421 θεὸς
3649 2358 3760 2429 γὰρ

2169 2463 2237 2541 ἦν
2267 2470 2325 2521 ἐν
2362 2465 2544 2538 σαρκί.

2243 2562 2302 2614 Β.
2343 2562 2456 2614 Kal.
2508 2558 2613 2632 μὴν
2664 2559 2692 2614 6
2729 2557 2921 2629 Πατὴρ
2958 2554 3122 2608 αὑτὸν
3160 2549 3464 2619 ἀναστῆσαι
3516 2547 3758 2614 λέγεται’

2172 2657 2483 2729 γέγραπται
2515 2651 2624 2723 γὰρ
2644 2693 2658 2717 ,
2695 2652 2774 2704 ὅτι
2809 2667 2827 2700 ι
2870 2645 3028 2704 Κατὰ
3058 2644 3157 2715 τὴν
3181 2643 3464 2712 ἐνέργειαν
3499 2637 3601 2690 τοῦ
3627 2639 3762 2707 κρά-

2170 2766 2298 2812 τους
2323 2747 2423 2817 τῆς
2458 2744 2640 2817 ἰσχύος
2673 2741 2861 2804 αὑτοῦ,
2891 2741 2958 2810 ἣν
2985 2739 3292 2809 ἐνήργηκεν
3329 2735 3386 2786 ἐν
3410 2731 3491 2802 τῷ
3517 2729 3762 2803 Χριστῷ,

2173 2839 2394 2912 ἐγείρας
2427 2836 2590 2892 αὑτὸν
2630 2836 2695 2888 ἐκ
2723 2831 2957 2904 νεκρῶν,
2988 2829 3082 2883 καὶ
3124 2825 3355 2889 καθίσας
3395 2825 3452 2877 ἐν
3480 2821 3631 2892 δεξιᾷ
3659 2822 3762 2912 ab-

2173 2931 2267 2986 τοῦ
2296 2910 2358 2983 ἐν
2388 2929 2498 2992 τοῖς
2533 2923 2901 2995 ἐπουρανίοις,
2936 2918 3192 2990 ὑπεράνω
3221 2916 3403 2987 πάσης
3442 2913 3635 2985 ἀρχῆς,
3665 2910 3764 2964 καὶ

2176 3024 2447 3092 ἐξουσίας,
2484 3021 2580 3076 καὶ⁵
2617 3017 2959 3088 κυριότητος,
2994 3013 3089 3066 καὶ
3122 3009 3322 3074 παντὸς
3354 3009 3614 3079 ὀνόματος
3642 3007 3762 3060 ὀνο-

2099 3161 2142 3220 c
2180 3117 2507 3220 μαζομὲνρυ.
2535 3133 2554 3167 ι

2247 3214 2311 3265 Α.
2366 3209 2505 3264 Ἀλλ’
2541 3207 2702 3262 αὑτὸν
2733 3201 2874 3260 εἷναί
2902 3220 3083 3274 φαμεν
3106 3202 3207 3272 τὴν
3240 3197 3501 3265 ζωοποιδν
3533 3195 3764 3267 δύναμιν

2173 3303 2266 3358 τοῦ
2298 3303 2532 3374 Πατρὸς,
2579 3301 2671 3354 καὶ
2699 3301 2813 3362 τοῖς
2859 3299 2952 3352 τοῦ
2983 3296 3234 3358 τεκόντος
3267 3291 3572 3363 ἀξιώμασιν
3614 3290 3765 3355 είκδς

2174 3394 2593 3468 ἐναϐρύνεσθαι,
2624 3393 2717 3446 καὶ
2762 3392 2810 3444 εί
2849 3392 3042 3460 γέγονε
3087 3387 3244 3458 σάρξ,
3282 3387 3375 3439 καὶ⁵
3417 3383 3767 3455 αὑτομάρτυς

2176 3490 2336 3554 αὐτὸς
2370 3488 2680 3559 εἰσδήσεται
2705 3485 2882 3554 λέγων
2903 3502 2915 3514 ·
2955 3504 2973 3534 ε
3002 3483 3215 3551 Ὥσπερ
3246 3480 3354 3550 γὰρ
3389 3481 3416 3532 6
3437 3479 3625 3549 Πατὴρ
3672 3475 3766 3540 οὓς

2177 3584 2320 3638 θέλει
2350 3583 2622 3647 ζωοποιεῖ,
2651 3577 2793 3632 οὕτω
2822 3577 2916 3630 καὶ
2947 3578 2974 3629 ὀ
2997 3574 3122 3638 Υἱὸς
3169 3573 3263 3636 οὓς
3287 3572 3430 3625 θέλει
3450 3572 3762 3637 ζωοποιεῖ.»

2175 3677 2286 3730 Καὶ
2305 3675 2463 3729 τοῦτο
2482 3672 2721 3744 ἀμογητὶ
2744 3667 3044 3741 κατορθοῦν
3067 3663 3126 3720 εὖ
3151 3666 3295 3737 μάλα
3311 3665 3630 3734 δυνάμενος,
3655 3665 3766 3726 τοῖς

2186 3768 2453 3823 Ἰουδαίων
2474 3767 2667 3836 δήμοις
2701 3760 3140 3834 προσπεφώνηκε
3162 3759 3358 3827 λέγων·
3386 3775 3402 3806 ι
3432 3755 3643 3810 Λύσατε
3671 3754 3765 3808 τὸν

2175 3865 2301 3918 ναὸν
2349 3859 2570 3923 τοῦτον,
2617 3857 2714 3911 καὶ
2744 3857 2802 3908 ὲν
2830 3855 3009 3926 τρισὶν
3043 3852 3279 3924 ἡμέραις
3315 3848 3490 3920 ἐγερῶ
3523 3847 3706 3902 αὐτόν.
3742 3865 3762 3900 ο

2179 3956 2326 4026 Πλὴν
2365 3950 2661 4014 όὰναστὰς
2718 3947 3012 4002 κεκάθικεν
3074 3947 3132 4000 ἐν
3185 3944 3337 4016 δεξιᾷ
3376 3942 3472 3996 τοῦ
3528 3940 3767 4012 Πατρδς,

2181 4051 2236 4102 ἐν
2296 4049 2405 4110 τοῖς
2458 4042 2839 4114 ἐπουρανίοις,
2894 4038 3152 4113 ὑπεράνω
3201 4039 3384 4109 πάσης
3426 4035 3628 4106 ’Μχῆς
3671 4035 3769 4088 καὶ

2189 4138 2484 4207 Ἐξουσίας,
2524 4136 2727 4208 Θρόνυυ
2778 4152 2836 4188 τε
2883 4135 2977 4188 καὶ
3021 4132 3390 4204 κυριότητος,
3435 4131 3529 4185 καὶ
3567 4130 3769 4193 παντὸς

2173 4235 2439 4306 ὀνόματος
2489 4229 2916 4301 ὀνομαζομένου.
2981 4223 3109 4296 'Ap‘
3165 4221 3259 4280 οὗν
3312 4224 3386 4287 ὡς
3456 4223 3644 4295 ἕτερος
3691 4222 3770 4276 ὦν

2177 4327 2304 4391 Υίὺς
2351 4325 2506 4399 παρὰ
2558 4325 2650 4378 τὸν
2701 4325 2759 4389 ἐξ
2801 4320 2966 4375 αὑτοῦ
3014 4319 3187 4390 φύντα
3236 4318 3433 4387 Λόγον,
3491 4317 3621 4388 ψιλῇ
3649 4333 3770 4370 συν·

2175 4419 2342 4492 αφείᾳ
2392 4415 2778 4488 τετιμημένος,
2830 4413 2925 4466 καὶ
2970 4415 3026 4465 ἐν
3080 4410 3299 4483 χάριτος
3337 4409 3498 4481 μοίρᾳ
3549 4409 3610 4462 τὸ
3668 4413 3771 4481 τῆς

493 4511 750 4555 secutus:
784 4516 848 4554 an
880 4504 1054 4571 potius
1080 4504 1191 4573 ipse
1223 4518 1416 4559 natura
1453 4515 1506 4561 et
1530 4521 1654 4560 vere
1681 4504 1870 4572 Filius,
1911 4509 1962 4562 in
1998 4509 2068 4563 si-

2178 4513 2431 4583 θεότητος
2477 4510 2648 4580 ὄνομα
2710 4507 2911 4577 λαχών;
2969 4504 3002 4573 ἢ
3064 4503 3263 4574 μᾶλλον
3317 4503 3481 4566 αὐτὸς
3523 4505 3552 4556 6
3604 4501 3770 4571 φύσει

496 4591 797 4648 militudine
840 4595 1118 4648 hominum
1163 4595 1360 4664 factus,
1400 4606 1452 4653 et
1503 4599 1689 4654 habitu
1736 4601 1988 4656 iuventus
2019 4613 2068 4657 ut

2174 4623 2232 4658 τε
2262 4605 2358 4659 καὶ
2387 4601 2603 4674 άληθῶς
2641 4601 2902 4670 ὑπάρχων
2941 4596 3088 4660 Υἱὸς,
3125 4597 3183 4649 ἐν
3217 4595 3524 4665 ὁμοιώματι
3557 4593 3770 4666 ἀνθρὼ-

498 4685 659 4740 homo
685 4701 781 4755 per
812 4687 1287 4744 incarnationem?

571 4866 630 4923 Β.
675 4868 920 4924 Dixerint
967 4870 1214 4928 fortassis
1264 4875 1537 4932 hominem
1570 4877 1717 4933 illum
1754 4880 1844 4949 qui
1895 4896 1958 4935 ex
1992 4898 2074 4936 so-

497 4963 643 5019 mine
678 4961 843 5017 David
887 4961 1208 5030 coniunctus
1255 4969 1303 5022 ei
1340 4967 1460 5034 fuit,
1489 4980 1543 5024 ct
1593 4973 1658 5025 ad
1707 4973 2069 5043 aaqualitatem

499 5054 719 5110 honoris
776 5057 1019 5123 ascitus,
1069 5060 1156 5114 cui
1206 5060 1421 5131 quidem
1487 5064 1773 5119 conveniat
1842 5077 2071 5121 mortem

494 5147 667 5204 obire.

565 5243 631 5296 Α.
676 5243 943 5299 Ceterum
990 5244 1270 5315 mqualitas
1312 5246 1531 5302 bonuris
1581 5263 1700 5317 qure
1751 5250 1909 5305 alicui
1957 5250 2073 5318 cyl-

489 5337 600 5391 lata
641 5335 862 5399 dicitur,
919 5353 1023 5392 non
1080 5355 1244 5392 unum
1289 5356 1516 5395 numero
1569 5341 1752 5404 fuerit.
1802 5353 1860 5397 ut
1916 5355 2070 5397 antea

488 5429 632 5493 dixi,
667 5427 760 5483 sed
795 5445 955 5482 unum
999 5445 1119 5486 eum
1158 5444 1284 5488 uno.
1325 5431 1448 5486 llaec
1493 5449 1621 5488 vero
1653 5435 1758 5489 duo
1800 5450 1918 5490 esse
1945 5451 2071 5491 cen-

490 5523 723 5586 suerim,
767 5531 820 5576 et
858 5525 1066 5580 ratione
1116 5533 1322 5578 natura-
1364 5526 1504 5580 inter
1555 5542 1613 5581 se
1655 5527 1960 5596 inaequalia,
1994 5527 2071 5580 si-

491 5617 717 5686 quidem
756 5613 980 5672 inferior
1016 5618 1275 5674 dicendus
1319 5629 1405 5674 est
1441 5619 1535 5689 qui
1581 5620 1785 5676 honore
1819 5619 2070 5679 adicitur,

574 5813 619 5882 ’ξ
661 5815 676 5868 1
718 5816 843 5868 (Lor.
876 5835 911 5872 ι.
945 5818 1127 5872 iii-:15.
1207 5819 1250 5849 ’θ
1291 5818 1444 5870 Joan.
1490 5837 1606 5882 λιιι,
1637 5821 1722 5878 Si.
1754 5821 1837 5876 33:3.

489 5878 554 5965 ,⁸⁸
590 5881 744 5942 Joan.
771 5903 828 5946 tl.
870 5888 950 5943 l9.
1032 5891 1068 5920 ²θ
1114 5889 1306 5951 hidros.
1349 5906 1382 5953 I,
1419 5890 1504 5943 ill.

1942 5823 1984 5855 "
2025 5820 2062 5875 11
2107 5821 2230 5876 (lor.
2267 5835 2383 5875 sm.
2415 5818 2468 5888 5,
2505 5819 2554 5875 4.

2175 4716 2292 4752 πων
2327 4697 2637 4766 γενόμενος,
2672 4692 2768 4746 καὶ
2801 4691 3041 4762 σχήματι
3091 4689 3338 4761 εὑρεθεὶς
3375 4691 3451 4756 ὡς
3479 4691 3768 4762 ἄνθρωπος

2172 4788 2534 4860 οἰκονομικῶς
2555 4805 2570 4852 ;

2246 4879 2303 4933 Β.
2348 4881 2510 4931 Φαῖεν
2549 4876 2615 4931 ἂν
2652 4877 2781 4939 ἴσως
2827 4875 2983 4928 αὑτοὶ
3031 4873 3123 4926 τὸν
3175 4874 3240 4928 ἐκ
3299 4875 3614 4947 σπέρματος
3668 4874 3766 4928 τοῦ

2179 4971 2342 5023 Δαϐὶδ
2393 4968 2732 5038 συναφθέντα
2785 4965 2935 5035 αὑτῷ
2986 4965 3106 5018 κατ’
3144 4966 3418 5036 ἰσοτιμίαν
3454 4965 3766 5038 ἄνθρωπον,

2177 5059 2332 5135 ᾧπερ
2359 5064 2424 5116 ἂν
2459 5064 2655 5133 πρέποι
2685 5063 2780 5117 καὶ
2813 5065 2874 5117 τὸ
2911 5063 3103 5118 παθεῖν
3131 5063 3222 5115 τὸν
3265 5060 3515 5113 θάνατον.

2252 5251 2316 5299 A.
2373 5243 2534 5297 Ἀλλὰ
2580 5245 2640 5296 τὸ
2697 5243 2937 5312 ἱσότιμόν
2996 5259 3100 5295 τινι
3151 5239 3403 5309 γενέσθαι
3451 5239 3764 5309 λεγόμενον,

2181 5337 2265 5409 εἴη
2304 5338 2368 5390 ἂν
2413 5337 2509 5406 οὐχ
2570 5336 2628 5390 ἓν
2683 5335 2884 5404 μᾶλλον
2931 5334 3008 5404 τῷ
3061 5333 3300 5403 ἀριθμῷ,
3363 5331 3615 5403 καθάπερ
3661 5333 3765 5404 ήδη

2181 5433 2463 5500 προεῖπον,
2505 5428 2618 5480 ἀλλ’
2651 5428 2708 5480 ἓν
2742 5428 2859 5499 μεθ’
2889 5427 3026 5490 ἑνός.
3062 5425 3164 5477 Δύο
3197 5424 3254 5477 δὲ
3284 5418 3435 5494 οἶμαι
3470 5425 3648 5489 ταυτὶ,
3673 5423 3770 5478 καὶ

2180 5522 2554 5592 ἀνισομέτρως
2608 5520 2802 5591 ἔχοντα
2845 5518 2990 5572 κατὰ
3042 5515 3225 5587 φύσιν,
3286 5517 3445 5585 εἴπερ
3500 5516 3652 5569 ἐστὶν
3710 5519 3772 5570 ἐν

2184 5613 2408 5685 μειώσει
2455 5611 2548 5666 τοῦ
2589 5611 2877 5683 τιμῶντος,
2928 5610 2990 5663 τὸ
3036 5606 3366 5679 τιμώμενον.
3435 5608 3655 5678 Ἐπειδὴ
3710 5607 3771 5662 δὲ

2660 5821 2701 5850 ἐ
2743 5817 2937 5888 Ephcs.
2979 5833 3014 5884 !,
3058 5814 3242 5871 lii-2|.
3322 5815 3362 5843 ’⁷
3407 5810 3561 5870 Joan.
3597 5810 3768 5879 v.21.
