4058 6328
342 447 367 500 1
378 446 483 501 365

1484 436 1675 505 QUOD
1718 435 1908 494 UNFS
1950 433 2058 490 SIT
2100 430 2471 489 CHRISTUS.

3520 416 3654 476 ιδιο

341 557 424 627 εἷς
478 561 775 618 κεκάθικεν
826 560 977 624 Υιὸς,
1028 559 1391 613 διδασκόντων
1454 558 1633 623 αὐτοὶ,
1686 557 1769 622 τίς
1821 559 1937 620 τοῖς

2052 568 2204 623 quam
2228 551 2318 622 qui
2352 549 2536 604 allicit.
2567 546 2635 601 At
2677 561 2800 602 cum
2840 558 2980 598 unus
3015 538 3279 598 assetlerit
3313 535 3519 602 Filius,
3550 538 3651 592 do-

342 654 603 709 ἀνωτάτω
626 655 914 725 τετίμηται
946 652 1153 717 θάκοις,
1181 653 1271 705 καὶ
1297 650 1607 720 συνεδρεύει
1635 649 1714 721 τῷ
1742 650 1937 720 Πατρὶ,

341 749 390 801 εἰ
420 748 514 801 καὶ
546 748 627 801 ὅτι
665 747 900 816 μάλιστα
948 746 1053 798 τῶν
1090 746 1228 814 ἄγαν
1288 744 1727 815 σφαλερωτάτων
1758 743 1841 813 εἴη
1875 743 1942 796 ἂν

341 839 403 893 τὸ
429 839 781 911 ἀνακομίζειν
815 839 1132 909 ἁποτολμᾷν
1166 839 1245 902 εἰς
1278 836 1554 909 ἰσοτιμίαν
1597 836 1675 907 τῷ
1703 836 1941 907 δεσπότῃ

342 930 403 983 τὸ
449 932 655 995 δοῦλον,
707 930 786 1001 τῷ
827 930 1021 1004 κτίστῃ
1054 931 1115 984 τὸ
1157 932 1400 1003 ποιηθὲν,
1446 930 1523 1001 τῷ
1572 930 1785 1001 βασιλεῖ
1833 929 1941 983 τῶν

343 1030 481 1083 ὅλων
525 1030 586 1082 τὸ
631 1029 735 1082 ὑπὸ
790 1028 974 1096 ζυγὸν,
1031 1028 1107 1099 τῷ
1160 1029 1379 1082 πάντων
1444 1027 1706 1083 ἐπέκεινα
1756 1029 1817 1081 τὸ
1880 1027 1942 1079 ἐν

345 1125 478 1176 πᾶσι
513 1121 727 1175 τελοῦν.

417 1213 473 1263 Β.
518 1213 811 1282 Σαφηνιεῖς
840 1206 934 1266 οὖν
969 1213 1075 1283 ἄρα
1115 1211 1276 1265 τοῦτο
1314 1213 1445 1282 ἡμῖν
1478 1212 1668 1265 εἰσέτι.

415 1303 480 1356 Δ.
525 1300 742 1367 Καίτοι,
775 1302 1028 1372 καθάπερ
1074 1295 1312 1373 ἐγῷμαι,
1344 1301 1522 1372 σαφὴς
1556 1301 1651 1356 καὶ
1678 1300 1943 1371 ἀποχρῶν

342 1395 372 1446 ό
414 1394 503 1446 ἐπ’
553 1394 737 1457 αὐτοῖς
788 1392 851 1464 δὴ
903 1393 1111 1456 τούτοις
1146 1396 1279 1464 ἡμῖν
1332 1393 1711 1463 ἐκπεπόνηται
1758 1392 1938 1461 λόγος,

343 1484 504 1537 δκνου
553 1484 610 1537 δὲ
659 1482 779 1553 δίχα
822 1483 1023 1546 παντὸς
1058 1482 1357 1553 προσθείην
1407 1482 1473 1537 ἂν
1522 1478 1605 1546 οἷς
1651 1482 1791 1552 ἔφην
1846 1483 1940 1535 καὶ

343 1572 530 1644 ἰτερα,
579 1573 673 1625 καὶ
718 1572 818 1625 οὐκ
867 1572 1068 1641 ἀγεννῆ
1107 1573 1502 1642 συναγόρευσιν
1537 1572 1638 1642 τὴν
1687 1573 1831 1642 ὑπέρ
1876 1586 1939 1640 γε

342 1663 453 1717 τῶν
480 1663 641 1735 ἱερῶν
671 1664 957 1734 δογμάτων
992 1662 1248 1735 καθάπερ
1288 1664 1410 1718 τινὰ
1438 1663 1771 1735 παντευχίαν
1803 1664 1940 1718 ἀνα-

343 1755 548 1818 λαϐὼν,
601 1757 995 1827 ἀνταναστήσω
1036 1756 1099 1809 τὸ
1146 1756 1346 1829 ἀληθὲς
1395 1760 1505 1820 τοῖς
1562 1755 1817 1828 φρονοῦσι
1871 1756 1941 1811 τὰ

343 1848 771 1919 διεστραμμένα.
810 1848 931 1901 Ὀτι
966 1849 1073 1919 γάρ
1110 1850 1138 1901 ό
1189 1849 1486 1920 μονογενὴς
1520 1848 1615 1902 τοῦ
1663 1848 1800 1902 Θεοῦ
1833 1850 1939 1902 Λό-

2048 657 2209 699 ceant
2246 644 2352 715 ipsi
2402 642 2655 712 quisnam
2685 640 2737 695 in
2774 651 3091 708 supremum
3131 632 3260 689 illud
3283 631 3478 702 solium
3512 629 3653 685 asci-

2048 748 2131 793 tus
2164 738 2255 797 sit.
2284 735 2544 806 Patrique
2579 733 2835 789 assideat.
2868 729 3150 798 Siquidem
3198 725 3496 782 absurdum
3543 725 3650 779 im-

2043 831 2237 900 primis
2280 828 2443 883 i'uorit
2486 827 2854 898 aequalitatem
2911 822 3137 879 honoris
3194 821 3438 876 tribuere
3492 833 3651 872 servo

2044 938 2166 976 cum
2236 922 2477 985 domino,
2522 929 2789 975 creatura:
2825 931 2951 971 cum
2999 922 3276 977 creatore,
3319 912 3367 966 ei
3416 911 3506 979 qui
3550 910 3656 963 sul)

2038 1015 2169 1084 jugo
2200 1024 2282 1069 est
2320 1028 2443 1068 cum
2494 1012 2661 1066 totius
2710 1008 2951 1066 universi
3004 1006 3275 1070 Domino;
3329 1012 3383 1055 et
3423 999 3649 1070 quodin

2044 1106 2300 1163 omnibus
2324 1112 2479 1176 paret
2506 1102 2759 1173 imperio,
2788 1117 2909 1157 cum
2930 1114 2995 1155 eo
3021 1097 3113 1170 qui
3143 1110 3308 1166 supra
3337 1093 3519 1148 omnia
3540 1102 3646 1148 est.

2116 1198 2179 1253 Β.
2218 1197 2444 1267 Explica
2478 1196 2582 1252 hoc
2613 1195 2772 1250 nobis
2799 1192 3052 1249 ulterius.

2113 1291 2180 1345 Δ.
2222 1290 2412 1361 Atqui,
2439 1298 2499 1344 ut
2539 1288 2802 1354 arbitror,
2844 1282 3137 1340 manifeste
3171 1280 3304 1337 satis
3340 1286 3394 1334 et
3440 1274 3653 1348 prolixe

2043 1384 2203 1439 nobis
2229 1384 2334 1439 hac
2370 1384 2438 1438 de
2471 1397 2531 1439 re
2572 1388 2964 1451 pertractatum
3010 1386 3129 1443 est;
3160 1389 3354 1446 neque
3396 1386 3527 1428 vero
3564 1383 3652 1424 me

2044 1476 2252 1548 pigebit
2276 1477 2342 1531 iis
2364 1490 2483 1544 qua:
2514 1474 2629 1530 dixi
2654 1474 2825 1528 etiam
2863 1470 2967 1526 alia
3005 1468 3254 1541 quasdam
3287 1465 3525 1536 adjicere
3552 1480 3567 1530 ;
3596 1470 3653 1515 et

2045 1587 2151 1626 non
2185 1570 2407 1643 ignobili
2436 1567 2742 1639 patrocinio
2769 1580 2869 1637 pro
2896 1563 3071 1621 sacris
3103 1558 3449 1632 dogmatibus
3483 1553 3649 1610 veluti

2042 1667 2277 1737 quadam
2315 1664 2494 1720 omnis
2541 1661 2760 1735 generis
2809 1667 3087 1714 armatura
3135 1655 3410 1717 indutum,
3450 1650 3652 1705 verita-

2047 1770 2155 1815 tem
2181 1771 2461 1828 opponere
2498 1756 2565 1812 iis
2586 1754 2677 1826 qui
2711 1751 2988 1809 contraria
3017 1746 3282 1805 sentiunt.
3316 1741 3471 1811 Quod
3499 1740 3651 1795 enim

2045 1850 2384 1921 unigenitum
2423 1845 2519 1903 Dei
2555 1844 2800 1901 Verbum
2824 1885 2840 1911 ,
2874 1858 2979 1899 non
3019 1838 3425 1897 interveniente
3460 1834 3527 1889 ad
3564 1834 3651 1887 in-

343 1956 460 2008 γος.
509 1941 568 1991 οὐ
621 1938 1047 2010 μεσολαϐοῦντος
1102 1940 1203 2009 τὴν
1257 1941 1573 2010 οἰκονομίαν
1626 1940 1745 1994 υἱοῦ
1807 1942 1940 2011 παρ’

2052 1911 2421 1998 earnationem
2465 1939 2576 1993 tilio
2634 1938 2725 2009 qui
2760 1953 2791 1992 a
2839 1952 2898 1992 se
2941 1936 3190 1990 diversus
3226 1939 3392 1995 esset,
3434 1937 3489 1984 et
3518 1926 3651 1983 stri-

343 2032 508 2085 αὐτὸν
547 2032 759 2103 ἑτέρου,
786 2032 880 2085 καὶ
908 2032 1273 2101 συναφθέντος
1307 2034 1457 2104 αὑτῷ
1488 2033 1777 2105 σχετικῶς,
1811 2051 1945 2088 κατ-

344 2122 560 2194 ήργηκε
595 2121 688 2175 τοῦ
722 2121 956 2176 θανάτου
983 2122 1043 2175 τὸ
1072 2123 1294 2196 κράτος,
1330 2123 1495 2187 αὐτὸς
1542 2124 1599 2178 δὲ
1645 2123 1849 2194 μᾶλλον
1874 2124 1941 2178 δι’

344 2214 565 2279 ἑαυτοῦ,
601 2215 935 2269 πιστώσεται
969 2216 1162 2284 λέγων·
1202 2236 1221 2269 ‹
1264 2216 1421 2271 Οῦτω
1450 2218 1559 2288 γὰρ
1595 2218 1885 2289 ἠγάπησεν
1915 2219 1944 2270 ό

344 2305 482 2370 Θεὸς
506 2307 595 2360 τὸν
626 2307 852 2376 κόσμον,
884 2306 1025 2361 ὥστε
1053 2307 1145 2361 τὸν
1175 2308 1303 2361 Υίόν
1336 2308 1504 2362 αὑτοῦ
1548 2308 1640 2362 τὸν
1675 2310 1943 2382 μονογενῆ

346 2399 570 2463 ἔδωκεν,
605 2399 690 2454 ἵνα
724 2401 834 2462 πᾶς
873 2402 901 2454 ό
948 2400 1221 2456 πιστεύων
1265 2403 1343 2465 εἰς
1377 2402 1541 2456 αὑτὸν
1600 2403 1676 2475 μὴ
1707 2403 1946 2475 ἀπόλλη-

346 2506 459 2554 ται,
493 2490 611 2544 ἀλλ’
650 2490 748 2563 ἔχη
778 2490 924 2561 ζωὴν
955 2493 1194 2547 αἰώνιον.
1235 2512 1253 2545 ι
1295 2494 1555 2566 Αἶροντος
1584 2495 1641 2549 δὲ
1678 2496 1814 2567 ὑψοῦ
1844 2495 1943 2570 τὴν

348 2584 427 2649 είς
458 2583 548 2637 τὸν
583 2585 787 2654 κόσμον
822 2585 1045 2655 ἀγάπην
1076 2586 1172 2639 τοῦ
1222 2586 1358 2640 Θεοῦ
1400 2589 1494 2641 καὶ
1515 2589 1750 2659 Πατρὸς,
1782 2591 1947 2663 ὑπερ⁴

350 2676 561 2747 μεγέθη
595 2692 654 2728 τε
704 2675 799 2729 καὶ
831 2677 1091 2747 ὑπερφυᾶ
1127 2679 1458 2750 γεγενῆσθαι
1514 2681 1783 2751 λέγοντος,
1818 2682 1948 2737 ἀνθ-

345 2766 471 2821 ὁτου
507 2767 1049 2840 κατασμικρύνουσιν
1086 2768 1479 2840 οἱδιεναντίας,
1512 2773 1571 2827 οὐ
1602 2773 1695 2829 τὸν
1727 2773 1945 2846 ἀληθῶς

348 2860 478 2917 Υιόν
506 2862 647 2933 ὑπὲρ
670 2862 828 2934 ἡμῶν
860 2862 1105 2918 δεδόσθαι
1132 2864 1406 2934 λέγοντες,
1434 2868 1550 2921 ἀλλ’
1580 2868 1675 2923 ἕνα
1690 2869 1799 2923 τῶν
1822 2869 1943 2924 καθ’

347 2955 519 3027 ἡμᾶς,
552 2956 867 3026 εἰσποίητον
897 2955 1092 3027 ἔχοντα
1119 2958 1218 3029 τὴν
1249 2958 1351 3029 τῆς
1382 2959 1633 3031 υἱότητος
1656 2962 1837 3033 χάριν,
1864 2963 1946 3027 εἰς

343 3043 436 3098 τὸν
466 3044 559 3098 τοῦ
590 3045 732 3100 κατά
756 3046 919 3115 φύσιν
944 3046 1077 3101 Υἰοῦ
1110 3048 1274 3102 τόπον
1313 3049 1759 3117 ἀνασιὸἀζοντες,
1790 3052 1946 3117 ὄντος

345 3134 404 3190 δὲ
432 3137 772 3205 Μονογενοῦς
797 3137 893 3192 τοῦ
923 3140 1166 3205 δοθέντος
1198 3142 1339 3215 ὑπὲρ
1367 3142 1526 3214 ἡμῶν
1546 3160 1560 3209 ;
1581 3138 1717 3199 Εἶτα
1740 3162 1947 3217 γεγρα-

346 3229 512 3302 φότος
551 3230 803 3285 Ἰωάννου
835 3232 1023 3303 σαφῶς
1045 3250 1059 3264 ⁸

346 3322 427 3383 εἰς
457 3320 546 3373 τὸν
581 3319 782 3375 κόλπον
825 3321 920 3376 τοῦ
967 3323 1183 3395 Πατρός
1204 3341 1217 3355 ·
1255 3345 1273 3377 ι
1308 3324 1427 3390 πῶς
1452 3327 1553 3382 οὐκ
1579 3326 1645 3382 ἂν
1675 3329 1946 3399 άγάσαιτό

345 3428 434 3475 τις
468 3411 565 3482 τῆς
593 3412 839 3483 ἀμαθίας
868 3414 1088 3479 αὐτοὺς,
1117 3415 1457 3483 ὲξωθοῦντας
1490 3420 1588 3490 μὲν
1612 3422 1712 3493 τῆς
1742 3424 1947 3479 οἰκονο-

350 3500 481 3572 μίας
499 3502 590 3555 τὸν
615 3506 882 3575 μονογενῆ
911 3504 1042 3560 Θεὸν
1064 3506 1260 3575 Λόγον,
1289 3509 1743 3583 ἀντεισφέροντας
1764 3514 1841 3581 δὲ,
1869 3516 1945 3580 ὡς

344 3594 503 3667 ἔφην,
538 3600 661 3661 ταῖς
710 3597 946 3670 θύραθεν
990 3599 1170 3665 δόξαις
1202 3600 1605 3674 ὲξωραῖσθέντα
1654 3604 1796 3672 τινὰ,
1850 3609 1947 3662 καὶ

342 3689 585 3743 ἔπακτὸν
618 3690 811 3761 ἔχοντα
842 3692 904 3745 τὸ
926 3693 1026 3763 τῆς
1067 3693 1322 3766 θεότητος
1368 3696 1542 3767 ὄνομα
1567 3715 1580 3764 ;
1608 3694 1742 3753 Εἶτα
1784 3700 1839 3754 τί
1884 3701 1947 3756 τὸ

348 3780 495 3868 μέγα
523 3780 617 3835 καὶ
661 3781 995 3851 άξιάγαστον
1025 3785 1083 3837 ὲν
1127 3787 1193 3855 τῇ
1242 3784 1336 3839 τοῦ
1368 3787 1586 3860 Πατρὸς
1614 3792 1806 3865 ἀγάπῃ
1840 3810 1945 3861 φα-

345 3868 521 3926 νιτται
554 3871 761 3940 λοιπὸν,
798 3877 847 3928 εὶ
880 3874 1047 3947 μέρος
1076 3876 1127 3929 τί
1161 3877 1392 3949 κόσμου,
1421 3880 1514 3933 καὶ
1547 3881 1708 3936 τοῦτο
1744 3883 1942 3956 βραχὺ,

347 3962 578 4018 δέδωκεν
598 3965 739 4036 ὑπὲρ
763 3967 965 4036 αὐτοῦ;
1007 3969 1077 4023 Ἦ
1108 3969 1251 4040 τάχα
1284 3988 1387 4025 που
1414 3972 1508 4027 καὶ
1537 3974 1946 4047 ἀνεπίπληκτον

346 4055 545 4123 εἰπεῖν,
569 4057 647 4122 ὡς
670 4058 1006 4131 λελύτρωται
1037 4061 1242 4134 κόσμος
1268 4063 1420 4117 οὐδὲν
1440 4065 1579 4137 ἔχων
1608 4069 1761 4139 παρὰ
1785 4068 1945 4138 Θεοῦ,

348 4144 485 4201 ἀλλά
518 4150 633 4212 τοῖς
678 4148 845 4203 αὐτοῦ
885 4151 1077 4222 μέρεσι
1110 4152 1247 4224 πρὸς
1278 4154 1437 4209 τοῦτο
1475 4158 1942 4231 ὑπηρετούμενος.

420 4418 482 4472 Β.
524 4418 780 4472 Δεδόσθαι
812 4421 946 4487 φασὶ
976 4420 1065 4474 τὸν
1098 4423 1391 4494 Μονογενῆ.
1416 4424 1570 4499 παρὰ
1590 4426 1684 4481 τοῦ
1708 4429 1944 4503 Πατρὸς,

350 4504 419 4560 ἶν’
448 4507 785 4579 οἰκονομήσῃ
830 4508 899 4561 τὰ
949 4510 1070 4563 καθ’
1102 4511 1269 4582 ἡμᾶς,
1302 4515 1403 4585 οὐχ
1445 4515 1533 4569 ἵνα
1564 4534 1615 4569 τι
1654 4518 1803 4591 πάθῃ
1835 4520 1946 4575 τῶν

1108 3252 1150 3328 ιΔ
1184 3234 1243 3288 '0
1275 3235 1572 3328 μονογενὴς
1596 3236 1755 3328 -Θεὸς,
1806 3242 1835 3293 ό
1866 3238 1944 3293 ὢν
1972 3269 2016 3328 C

2047 2044 2134 2091 cte
2146 2036 2195 2091 ei
2221 2034 2663 2105 coniungeretur,
2682 2031 2876 2085 mortis
2895 2027 3181 2098 imperium
3202 2022 3534 2088 dissolverit,
3553 2020 3650 2077 sed

2047 2130 2223 2200 ipsum
2256 2126 2435 2197 petitis
2459 2124 2698 2180 Verbum
2727 2121 2820 2177 Dei
2853 2136 2949 2189 per
2978 2134 3060 2184 se,
3099 2116 3374 2188 probabit,
3410 2115 3601 2172 dicetis
3631 2131 3648 2170 :

2053 2242 2071 2277 ι
2108 2224 2185 2278 lta
2216 2222 2362 2278 enim
2414 2220 2606 2276 dilexit
2648 2216 2791 2273 Deus
2830 2215 3114 2279 mundum,
3150 2220 3210 2267 ut
3253 2210 3451 2266 Filium
3491 2222 3650 2264 suum

2048 2316 2387 2387 unigenitum
2426 2312 2669 2376 dederit,
2708 2321 2768 2366 ut
2805 2309 2985 2364 omnis
3035 2306 3128 2379 qui
3161 2304 3335 2361 credi:
3384 2303 3439 2359 ln
3471 2302 3656 2374 ipsum.

2047 2425 2152 2466 non
2196 2416 2402 2481 pereat,
2439 2408 2534 2463 sed
2577 2405 2775 2461 habeat
2825 2403 2993 2457 vitam
3032 2408 3295 2455 aeternam
3319 2397 3389 2453 ⁸⁸.
3430 2414 3451 2451 ι
3510 2394 3651 2452 Cum

2048 2516 2179 2558 vero
2214 2502 2309 2557 Dei
2356 2514 2421 2555 ac
2466 2496 2649 2553 Patris
2694 2494 3046 2551 dilectionem
3090 2505 3221 2561 erga
3270 2486 3532 2543 mundum
3574 2484 3652 2541 ita

2045 2594 2305 2658 extollat,
2357 2601 2413 2649 et
2461 2591 2781 2646 immensam
2830 2597 2994 2657 atque
3048 2578 3655 2639 inexbaustam'l’uisse

2050 2688 2216 2753 dicat,
2251 2701 2349 2742 cur
2377 2682 2624 2740 haeretici
2662 2681 2806 2737 hanc
2835 2678 3054 2735 elevant
3080 2686 3247 2746 atque
3296 2674 3652 2737 imminuent,

2048 2781 2293 2837 dicentes
2331 2793 2436 2833 non
2485 2789 2677 2831 verum
2712 2772 2882 2828 (ilium
2921 2786 3025 2843 pro
3061 2770 3219 2825 nobis
3253 2768 3440 2824 datum
3491 2780 3651 2833 esse,

2048 2873 2145 2928 sed
2187 2871 2478 2942 quemdam
2536 2883 2605 2923 ex
2642 2866 2796 2921 nobis
2837 2879 2933 2935 per
2974 2863 3205 2935 gratiam
3240 2862 3293 2917 iu
3341 2860 3510 2916 lilium
3554 2858 3655 2914 ad-

2049 2973 2320 3035 optatum,
2341 2974 2577 3031 eumque
2604 2959 2658 3015 in
2679 2957 2942 3014 naturalis
2976 2955 3071 3011 lllii
3096 2955 3273 3012 locum
3301 2952 3613 3011 attollentes
3634 2989 3650 3017 ,

2048 3073 2171 3114 cum
2207 3054 2626 3125 sitUnigenitus
2657 3052 2750 3124 qui
2794 3065 2892 3122 pro
2925 3050 3085 3106 nobis
3133 3047 3296 3103 datus
3341 3047 3474 3103 est?
3507 3045 3657 3103 Prte-

2051 3160 2197 3205 terea
2250 3164 2374 3204 cum
2424 3146 2666 3203 Joannes
2712 3151 2901 3215 aperte
2947 3143 3192 3199 scribat:
3254 3160 3273 3193 ι
3330 3139 3656 3212 Unigenitus

2050 3239 2193 3297 Deus
2219 3245 2311 3311 qui
2340 3249 2422 3295 est
2464 3239 2515 3293 in
2548 3238 2668 3292 sinu
2707 3235 2885 3289 Patris
2916 3234 2957 3266 "
2991 3252 3005 3289 :
3047 3253 3065 3287 ι
3105 3232 3380 3302 quomodo
3420 3245 3525 3285 non
3566 3231 3657 3287 ad-

2052 3334 2283 3389 miretur
2316 3331 2589 3403 quispiam
2625 3328 2844 3384 illorttm
2882 3326 3237 3396 imperitiam,
3265 3325 3357 3395 qui
3388 3326 3457 3380 ab
3479 3325 3656 3380 admi-

2053 3426 2378 3483 nistratione
2412 3425 2465 3479 in
2497 3438 2665 3480 carne
2697 3420 3049 3492 Unigenitum
3079 3418 3175 3476 Dei
3208 3417 3448 3475 Verbum
3474 3420 3656 3474 exelu-

2050 3522 2202 3583 dant,
2238 3516 2407 3590 769
2428 3531 2494 3572 ac
2528 3515 2707 3587 potius
2746 3514 2913 3569 alium
2960 3512 3274 3584 quemdam,
3307 3520 3366 3566 ut
3405 3512 3537 3579 dixi,
3574 3513 3656 3565 in-

2052 3613 2361 3678 troducam,
2393 3611 2703 3666 extrinseca
2739 3618 2903 3678 atque
2934 3605 3171 3662 aseititia
3212 3604 3381 3675 gloria
3410 3603 3655 3675 splendi-

2051 3704 2221 3769 dum,
2272 3701 2685 3770 adventitioque
2741 3697 2972 3755 Deitatis
3039 3696 3261 3752 nomine
3312 3693 3657 3765 prmditum?

2052 3791 2257 3847 Deinde
2286 3790 2547 3860 quidnam
2578 3788 2841 3844 eximium
2873 3795 2967 3841 aut
3002 3801 3335 3860 magnopere
3376 3787 3655 3845 admiran-

2052 3886 2178 3940 dum
2213 3884 2267 3937 in
2301 3882 2594 3938 dilectione
2632 3880 2813 3936 Patris
2845 3894 2969 3935 esse
3003 3889 3332 3945 censeatur,
3363 3881 3407 3935 si
3440 3890 3653 3949 partem

2052 3977 2340 4046 quamdam
2371 3974 2579 4042 mundi,
2618 3982 2782 4044 atque
2817 3970 2964 4027 illam
2989 3973 3210 4044 quidem
3243 3973 3518 4041 exiguam,
3556 3987 3656 4044 pro

2051 4068 2169 4139 ipso
2227 4067 2412 4147 dedit?
2444 4066 2752 4133 Quinetiam
2794 4066 2897 4120 hoc
2934 4064 3171 4122 fortasse
3216 4076 3363 4122 recte
3411 4066 3516 4123 dici
3560 4083 3655 4137 po-

2053 4160 2203 4228 terit,
2249 4149 2589 4227 redemptum
2634 4173 2760 4214 esse
2800 4157 3064 4213 mundum
3109 4157 3245 4212 nihil
3291 4159 3588 4215 habentem
3623 4177 3653 4215 a

2052 4254 2201 4321 Deo,
2262 4252 2356 4310 sed
2423 4267 2549 4308 suas
2614 4252 2786 4324 ipsius
2840 4262 3028 4324 partes
3078 4252 3445 4322 redethptioni
3509 4254 3655 4311 inse-

2054 4348 2245 4405 ruisse.

2122 4438 2182 4495 Β.
2220 4439 2388 4495 Aiunt
2421 4439 2639 4511 quidem
2667 4436 2855 4494 datum
2881 4452 3005 4495 esse
3034 4455 3063 4492 a
3092 4438 3256 4494 Patre
3302 4437 3653 4511 Unigenitum

2053 4545 2113 4590 ut
2150 4550 2239 4590 res
2273 4542 2491 4589 nostras
2521 4532 2889 4597 administret,
2926 4547 3032 4587 non
3070 4542 3253 4588 autem
3303 4532 3359 4587 in
3409 4548 3505 4588 sua
3560 4548 3655 4588 na-

348 4598 708 4672 ἀνθρωπίνων
743 4600 907 4665 αὐτὸς
954 4604 1033 4665 είς
1063 4603 1202 4658 ἰδίαν
1241 4604 1405 4675 φύσιν
1428 4625 1442 4638 ⁸
1474 4608 1758 4681 ἀμήχανον
1808 4613 1941 4684 γάρ.

2053 4636 2172 4682 tura
2204 4625 2501 4682 humanum
2532 4624 2737 4696 aliquid
2768 4625 3043 4697 patiatur;
3074 4641 3197 4680 nam
3244 4625 3348 4683 hoc
3383 4625 3501 4682 ﬁeri
3546 4641 3655 4683 non

418 4782 484 4834 Α.
528 4780 697 4834 Πάθοι
732 4781 834 4851 μὲν
868 4781 935 4836 ἂν
962 4784 1125 4848 αὐτὸς
1155 4786 1234 4849 εἰς
1267 4786 1403 4842 ίδὲαν
1435 4789 1597 4857 φύσιν
1628 4790 1690 4844 τὸ
1721 4793 1946 4865 σύμπαν

350 4874 519 4929 οὐδέν.
568 4874 886 4945 Ἀσώματος
930 4875 1039 4947 γὰρ
1089 4878 1354 4949 ὑπάρχων
1387 4881 1462 4944 ὡς
1511 4882 1663 4948 Θεὸς,
1705 4884 1810 4953 ἔξω
1840 4903 1947 4942 που

349 4966 568 5031 πάντως
596 4966 840 5021 κείσεται
867 4967 962 5022 τοῦ
992 4968 1186 5025 παθεῖν
1206 4985 1220 5001 ·
1246 4971 1372 5026 ἐπεὶ
1398 4974 1455 5027 δὲ
1482 4975 1621 5031 κατά
1654 4978 1755 5049 τὴν
1776 4980 1944 5034 αὐτοῦ

349 5058 556 5131 φωνὴν,
588 5059 687 5131 τὴν
713 5060 803 5115 διά
831 5077 918 5129 γε,
962 5063 1127 5133 φημὶ,
1157 5064 1257 5135 τῆς
1285 5066 1380 5119 τοῦ
1414 5067 1725 5148 Ψάλλοντος
1748 5072 1940 5146 λύρας,

350 5151 513 5222 σῶμα
528 5150 678 5222 αὐτῷ
697 5153 1055 5224 κατήρτισται
1088 5158 1239 5226 παρά
1269 5157 1362 5211 τοῦ
1392 5159 1627 5232 Πατρὸς,
1659 5164 1942 5236 παρῆλθεν

348 5244 687 5315 ἔνσώματος,
722 5245 817 5299 τοῦ
854 5246 1080 5318 ποιῆσαι
1115 5249 1173 5301 τὸ
1208 5248 1420 5323 θέλημα
1449 5253 1637 5311 αὐτοῦ.
1676 5257 1847 5312 Τοῦτο
1882 5258 1941 5313 δὲ

346 5331 415 5407 ἦν
454 5338 485 5406 ἡ
518 5336 607 5391 διὰ
644 5338 739 5391 τοῦ
777 5338 960 5410 τιμίου
1011 5341 1248 5413 σταυροῦ
1295 5343 1566 5417 λύτρωσις
1604 5350 1700 5404 καὶ
1739 5352 1940 5406 ἀνακε-

346 5428 652 5498 φαλαίωσις
683 5430 792 5483 τῶν
834 5431 992 5498 ὅλων,
1029 5432 1095 5485 δι’
1123 5434 1289 5488 αὑτοῦ
1319 5453 1380 5489 τε
1424 5438 1517 5492 καὶ
1548 5442 1628 5504 εἰς
1673 5442 1837 5497 αὐτὸν
1876 5439 1937 5499 ιῦ

350 5522 495 5592 μάλα
536 5522 968 5594 κατορθουμένη.
1018 5526 1357 5599 Συλλήψεται
1386 5531 1444 5585 δὲ
1471 5528 1553 5598 οἷς
1597 5534 1733 5608 ἔφην
1787 5540 1879 5593 καὶ
1913 5542 1942 5594 ὁ

350 5616 683 5685 πανάριστος
703 5617 934 5681 Παῦλος,
958 5618 1388 5692 ὠδὶγεγραφώς·
1433 5646 1453 5679 ‹
1486 5627 1657 5683 Τοῦτο
1691 5636 1938 5702 φρονεῖτε

349 5708 574 5771 insto;
610 5711 665 5762 ἐν
701 5710 828 5781 ὑμῖν
858 5711 1062 5777 αὐτοῖς,
1093 5713 1119 5766 ὃ
1151 5717 1244 5769 καὶ
1288 5718 1345 5768 ὲν
1378 5718 1597 5794 Χριστῷ
1641 5722 1841 5795 Ἰησοῦ,
1883 5727 1940 5794 ὃς

420 5888 464 5920 ⁸⁸
500 5886 659 5946 Joau.
699 5904 781 5956 ιη,
822 5890 906 5947 16.
986 5892 1027 5926 ⁸³
1069 5890 1222 5949 Joau.
1270 5910 1306 5963 t,
1348 5896 1427 5950 18.

2052 4728 2255 4791 potest.

2122 4811 2186 4865 A.
2231 4810 2351 4880 lpse
2387 4819 2536 4867 certe
2566 4811 2624 4866 in
2650 4826 2745 4867 sua
2780 4818 2975 4866 natura
3002 4810 3135 4867 nihil
3162 4812 3384 4869 omnino
3416 4813 3649 4884 patitur.

2045 4905 2183 4961 Cum
2216 4906 2361 4960 enim
2394 4906 2466 4962 sit
2508 4895 2887 4976 incorporeus,
2918 4915 2977 4960 ut
3022 4905 3194 4972 Deus,
3230 4908 3501 4976 passionis
3534 4924 3655 4964 om-

2045 4999 2134 5054 nis
2160 5013 2363 5067 expers
2385 5007 2487 5054 est.
2512 4999 2648 5054 Cum
2682 5014 2815 5055 vero
2854 4998 3007 5069 juxta
3036 4999 3206 5070 ipsius
3246 5015 3457 5068 vocem,
3492 5002 3651 5072 iuxta

2050 5090 2294 5157 Davidis,
2334 5093 2582 5164 inquam,
2618 5091 2819 5164 lyram,
2852 5108 3051 5162 corpus
3082 5093 3131 5149 ei
3164 5109 3193 5149 a
3226 5092 3389 5151 Patre
3422 5108 3647 5168 coapta-

2050 5196 2162 5239 tum
2196 5193 2300 5251 est,
2326 5200 2619 5255 corporeus
2645 5186 2867 5241 advenit
2896 5196 2953 5242 ut
2978 5199 3377 5258 exsequeretur
3400 5191 3650 5248 volunta-

2052 5286 2161 5331 tem
2193 5276 2390 5331 Patris.
2422 5275 2547 5332 Hme
2573 5292 2738 5347 porro
2764 5288 2884 5336 erat
2914 5278 3218 5351 redemptio
3250 5297 3346 5351 per
3373 5298 3647 5343 veneran-

2049 5370 2172 5425 dam
2206 5384 2270 5425 ac
2315 5370 2609 5441 pretiosam
2658 5386 2899 5439 crucem,
2944 5383 3111 5445 atque
3155 5374 3486 5434 instauratio
3525 5381 3649 5436 uui-

2050 5476 2332 5517 versorum
2378 5476 2473 5533 per
2530 5461 2707 5533 ipsum
2756 5474 2811 5520 et
2863 5466 2916 5519 in
2967 5466 3085 5536 ipso
3141 5469 3347 5538 optime
3401 5485 3646 5541 peracta.

2047 5549 2331 5607 Conseulit
2361 5568 2490 5609 vero
2520 5554 2589 5610 iis
2616 5570 2737 5627 qua:
2777 5557 2915 5612 dixit
2945 5558 3111 5613 etiam
3143 5560 3384 5630 optimus
3418 5560 3645 5632 Paulus,

2050 5636 2123 5691 ita
2158 5638 2405 5696 scribens
2442 5660 2454 5696 :
2487 5660 2505 5694 ι
2542 5642 2653 5699 lloc
2676 5646 2820 5707 enim
2870 5648 3069 5703 sentite
3111 5649 3164 5703 in
3212 5651 3388 5715 vobis,
3421 5655 3563 5723 quod
3595 5667 3650 5711 et

2049 5731 2103 5786 in
2131 5732 2353 5805 Christo
2388 5732 2539 5803 Jesu,
2567 5739 2656 5808 qui
2686 5755 2809 5795 cum
2838 5741 2906 5814 iu
2945 5741 3120 5799 forma
3171 5741 3264 5799 Dei
3316 5754 3482 5802 esset.
3531 5761 3642 5803 non
