4058 6328
320 415 464 477 1349

1461 405 1654 475 QUOD
1697 403 1883 461 UNUS
1925 401 2034 460 SIT
2074 401 2446 460 CHRISTUS.

3501 399 3646 458 {in0

322 540 384 593 ιν
421 529 750 590 ταπεινώσει
796 531 856 585 τὸ
895 531 1118 601 ὑψηλὸν,
1165 532 1258 583 καὶ
1303 530 1362 582 τὸ
1413 528 1572 598 φύσει
1626 525 1829 596 προσὸν
1857 522 1931 586 ῶς

2070 538 2186 592 rem,
2218 533 2274 580 et
2303 523 2353 579 id
2392 518 2541 594 quod
2584 532 2781 577 natura
2818 520 2919 591 ipsi
2966 520 3110 576 inest
3156 515 3314 590 quasi
3359 528 3647 591 acet-ptum

321 630 472 685 δοτδν
503 628 588 684 διὰ
630 627 693 681 τὺ
723 624 1068 695 ἀνθρώπινον
1099 621 1527 694 προσκυνεῖσθαι
1567 619 1708 690 πρὸς
1754 613 1928 670 ἁπάν-

323 741 452 776 των.
495 720 759 790 Κάμπτει
807 716 918 786 γὰρ
957 714 1107 784 αὐτῷ
1145 717 1253 768 πᾶν
1303 714 1433 784 γόνυ
1479 711 1589 765 τῶν
1634 727 1694 764 τε
1743 711 1800 762 ἐν
1836 705 1926 757 οὐ·

324 816 531 886 ρανοῖς,
566 812 662 865 καὶ
700 809 793 863 ἐπὶ
828 809 952 877 γῆς,
987 809 1082 860 καὶ
1132 807 1240 860 πᾶν
1274 805 1464 875 τάγμα
1491 803 1786 870 δοξολογεῐ.
1813 801 1930 855 Κύ-

326 921 442 975 ριος
473 905 584 972 γὰρ
614 897 754 955 εἶναι
787 899 1109 953 πιστεύεται
1150 898 1389 970 Χριστὸς
1431 894 1641 966 Ἰησοῦς
1669 895 1751 960 εἱς
1773 893 1932 959 δόξαν

324 997 461 1052 Θεοῦ
491 994 730 1067 Πατρός.
776 995 887 1050 Καὶ
913 993 1044 1062 γοῦν
1091 992 1196 1064 ἔφη
1228 993 1365 1064 πρὸς
1388 991 1479 1045 τὸν
1505 991 1564 1044 ὲν
1603 991 1717 1054 τοῖς
1763 988 1933 1060 οὐρα-

326 1094 438 1156 νοῖς
470 1089 694 1162 Πατέρα
722 1088 816 1143 καὶ
854 1087 1008 1143 Θεόν·
1049 1106 1067 1139 ι
1105 1087 1311 1156 Πάτερ,
1360 1083 1585 1149 δόξασόν
1616 1100 1684 1154 με
1709 1085 1776 1154 τῇ
1801 1080 1931 1152 δόξῃ

327 1179 363 1265 ᾗ
393 1181 564 1258 εἶχον.
593 1183 702 1254 πρὸ
724 1181 819 1236 τοῦ
853 1181 946 1235 τὸν
972 1180 1178 1251 κόσμον
1212 1175 1373 1244 εἷναι,
1410 1177 1563 1249 παρὰ
1599 1177 1701 1230 σοι.
1741 1194 1759 1226 ι
1803 1171 1933 1247 'Ap’

325 1275 443 1344 οὖν,
489 1277 610 1333 εἰπέ
642 1294 757 1348 μοι,
789 1273 1130 1346 προκόσμιος
1163 1267 1230 1342 ἦν
1276 1273 1304 1324 6
1336 1269 1649 1340 ἅνθρωπος,
1682 1267 1742 1320 δν
1786 1266 1937 1320 ἀνει-

327 1371 536 1442 λῆφθαι
574 1386 712 1440 φασι
743 1364 895 1438 παρὰ
939 1363 1034 1418 τοῦ
1066 1361 1408 1432 Μονογενοῦς
1443 1360 1588 1414 κατὰ
1635 1359 1932 1430 συνάφειαι·

330 1466 592 1538 σχετικὴν
611 1482 629 1525 ς

405 1559 468 1613 Β.
505 1556 795 1629 Οὐδαμῶς.

401 1655 469 1707 Δ.
511 1653 610 1717 Τίς
638 1647 731 1706 οὖν
775 1651 886 1722 ἄρα
917 1650 1066 1704 ἐστὶν
1113 1649 1141 1701 6
1189 1646 1346 1711 δόξαν
1377 1643 1565 1705 αἰτῶν,
1598 1643 1666 1715 ἢν
1695 1643 1790 1696 καὶ
1829 1643 1935 1714 πρὸ

331 1745 503 1814 αὐτῆς
546 1744 644 1813 τῆς
671 1741 766 1797 τοῦ
796 1743 1006 1812 κόσμου
1050 1739 1359 1810 καταϐολῆς
1393 1737 1724 1806 ἐνυπάρχειν
1755 1734 1936 1805 ἑαυτῷ

2037 617 2326 673 habentem
2347 625 2571 687 propter
2595 615 3019 680 humanitatem,
3042 613 3110 669 ab
3125 609 3381 669 omnibus
3403 611 3651 667 adorari.

2036 708 2290 764 Flectunt
2318 710 2463 764 enim
2493 708 2543 764 ei
2567 724 2708 783 genu
2731 707 2915 764 omnia
2946 705 3218 774 ctnlestia,
3247 716 3304 763 et
3340 705 3658 769 terrestria.

2035 811 2091 856 et
2118 803 2300 858 omnis
2327 803 2462 857 ordo
2483 801 2776 857 clariﬁcat.
2816 801 3078 856 Dominus
3115 800 3260 856 enim
3298 814 3424 854 esse
3466 797 3652 852 credi-

2039 901 2132 950 tur
2162 894 2420 949 Christus
2465 892 2622 949 Jesus
2661 894 2714 949 in
2763 893 2994 966 gloriam
3029 891 3122 948 Dei
3158 891 3380 948 Patris:
3423 890 3556 964 quin
3598 899 3648 942 et

2039 985 2153 1055 ipse
2185 985 2252 1040 ad
2286 983 2502 1041 Patrem
2531 999 2599 1047 ac
2627 983 2801 1040 Deum
2834 984 3114 1042 ccelestem
3141 984 3215 1040 ita
3249 984 3466 1053 inquit:
3500 999 3523 1037 ι
3547 980 3650 1038 Pa-

2042 1086 2144 1142 ter,
2170 1076 2413 1148 gloriﬂca
2457 1090 2545 1133 me
2589 1091 2653 1132 ea
2685 1076 2862 1148 gloria
2899 1091 3067 1145 quam
3113 1075 3306 1144 habui,
3351 1083 3646 1147 antequam

2040 1156 2274 1226 mundus
2303 1179 2475 1232 esset,
2529 1171 2671 1241 apud
2708 1179 2762 1226 te
2797 1168 2864 1224 “.
2899 1187 2920 1221 ι
2959 1167 3058 1225 Die
3100 1183 3230 1225 vero
3273 1167 3404 1224 tnihi
3440 1187 3455 1225 :
3488 1169 3654 1224 homo

2039 1261 2129 1318 ille
2159 1277 2323 1332 quem
2349 1263 2418 1318 ab
2454 1261 2748 1334 Unigenito
2791 1261 3002 1317 ratione
3040 1271 3208 1316 arcta:
3247 1260 3656 1332 coniunctionis

2040 1366 2380 1426 assumptum
2429 1369 2553 1411 esse
2597 1354 2815 1422 dicunt,
2853 1356 3136 1411 exstitltne
3195 1365 3323 1411 ante
3382 1355 3654 1413 constitu-

2044 1448 2245 1502 tionem
2274 1447 2500 1503 mundi?

2115 1539 2178 1594 Β.
2253 1538 2636 1612 Nequaquam.

2116 1635 2184 1689 Δ.
2227 1634 2493 1703 Quisnam
2521 1637 2686 1709 igitur
2707 1648 2790 1694 est
2823 1637 2915 1707 qui
2945 1637 3080 1708 petit
3113 1650 3233 1692 eam
3258 1635 3514 1714 gloriam,
3538 1650 3646 1714 qua

2045 1743 2103 1784 se
2152 1739 2281 1785 ante
2337 1729 2617 1785 conditum
2679 1730 2945 1786 mundum
3003 1729 3294 1800 praeditum
3344 1728 3521 1785 fuisse
3552 1730 3656 1802 ait,

333 1853 524 1908 φησιν,
559 1835 646 1888 ἀεὶ
693 1834 790 1886 καὶ
839 1832 928 1885 διὰ
975 1830 1178 1894 παντὸς
1209 1828 1326 1881 ὄντι
1367 1827 1521 1898 παρὰ
1548 1825 1705 1897 Scip;
1753 1827 1867 1896 Οὐχ
1911 1828 1939 1880 6

2070 1821 2206 1890 171
2244 1835 2586 1891 semperque
2629 1829 2684 1877 et
2726 1821 2796 1876 ab
2834 1831 3043 1876 aeterno
3095 1821 3236 1892 apud
3279 1821 3448 1877 Deum
3487 1821 3663 1876 exsti-

334 1889 609 1990 d'u.va16to;
651 1925 731 1997 τῷ
793 1923 973 1996 Πατρὶ
1017 1889 1368 1990 ΘεὸςνΛόγος
1393 1961 1409 1986 ,
1449 1889 1488 1974 .6
1535 1889 1933 1991 σύνθρονὸςητε

2070 1889 2218 1969 isse?
2257 1889 2451 1969 Nonne
2492 1889 2837 1970 coaeternum
2873 1912 3022 1969 Patri
3074 1889 3352 1982 verbum,
3388 1929 3495 1970 una
3531 1928 3657 1969 cum

333 2022 432 2078 καὶ
479 2016 904 2090 συνυφεστηκὼς
950 2015 1122 2088 αὐτῷ,
1156 2018 1285 2087 περὶ
1320 2010 1380 2070 οὖ
1409 2031 1573 2085 φησιν
1601 2015 1630 2068 6
1660 2012 1938 2083 πάνσοφος

335 2111 732 2184 εύαγγελιστὴς
766 2111 1039 2182 Ἰωάννης·
1070 2129 1088 2163 ι
1109 2111 1172 2164 '0
1195 2108 1367 2177 Λόγος
1396 2103 1465 2180 ἦν
1502 2106 1639 2178 πρὸς
1667 2105 1758 2159 τὸν
1779 2104 1936 2170 Θεὸν,

335 2206 431 2260 καὶ
460 2205 593 2268 Θεὸς
617 2201 685 2276 ἦν
710 2208 739 2258 6
770 2205 981 2273 Λόγος;
1019 2223 1038 2255 ι

408 2298 470 2350 Β.
509 2297 635 2358 Πῶς
667 2297 776 2369 γὰρ
805 2296 898 2360 οῦς

409 2389 475 2442 Α.
509 2389 722 2460 ’Ὠσπερ
751 2383 843 2442 οὖν
873 2387 973 2457 τῆς
1017 2385 1179 2457 δόξης
1216 2385 1423 2457 Κύριος
1455 2384 1551 2448 ὣν,
1585 2379 1703 2436 εἶτα
1750 2381 1940 2444 καθεὶς

339 2482 535 2535 ἑαυτὸν
564 2481 650 2534 διὰ
688 2480 856 2550 μέσου
893 2480 1029 2550 πρὸς
1053 2480 1115 2532 τὸ
1149 2477 1409 2540 δυσκλεὲς
1449 2478 1546 2547 τῆς
1578 2475 1766 2528 δούλου
1809 2491 1943 2546 μορ-

339 2575 474 2646 φῆς,
517 2575 617 2645 τῆς
672 2573 901 2643 ὲνούσης
942 2573 1032 2625 ἀεὶ
1075 2572 1236 2640 δόξης
1292 2569 1472 2640 ἑαυτῷ
1518 2571 1618 2638 τὴν
1672 2569 1942 2638 ἀνάληψιν

341 2670 503 2731 αἰτεῖ,
525 2668 619 2721 καὶ
647 2666 809 2718 τοῦτο
833 2664 974 2736 δρῶν
991 2664 1087 2718 ἀνθ
1099 2662 1501 2736 ρωποπρεπῶςο
1533 2661 1678 2714 οὓτω
1700 2663 1793 2713 καὶ
1811 2661 1944 2725 Θεὸς

343 2759 609 2830 ὑπάρχων
641 2759 748 2823 ἀεὶ,
785 2757 921 2829 πρὸς
950 2757 1049 2827 τὴν
1076 2757 1174 2826 τῆς
1209 2756 1345 2817 ἰδίας
1385 2754 1638 2825 θεότητος
1667 2755 1945 2826 ὑπεροχήν

344 2867 404 2902 τε
439 2848 722 2913 καὶδόξαν
772 2851 835 2900 ὲκ
882 2845 990 2899 τῶν
1025 2844 1148 2898 καθ’
1196 2846 1344 2916 ἡμᾶς
1387 2844 1604 2914 μέτρων
1658 2844 1943 2914 ἁναφοιτᾷ,

347 2941 416 2994 ἶν’
432 2941 506 3005 ὼς
528 2942 608 2994 ἐνὶ
638 2939 823 2994 λοιπὸν
845 2939 959 3009 Υἱῴ
987 2937 1064 3008 τῷ
1092 2937 1234 2990 κατὰ
1259 2936 1526 3005 φύσινκαὶ
1550 2935 1810 3006 ἀληθινῷ,
1828 2936 1950 2990 καί·

345 3051 431 3088 τοι
467 3033 589 3093 καθ’
628 3034 778 3104 ἡμᾶς
811 3031 1059 3100 γεγονότι
1104 3031 1198 3082 καὶ
1250 3029 1682 3100 σεσαρκωμένῳ,
1718 3028 1951 3100 κάμπτῃ

348 3131 462 3186 πᾶν
491 3128 640 3195 γόνυ,
680 3125 935 3195 καθάπερ
976 3123 1113 3195 ἔφην
1157 3125 1382 3194 ἀρτίως.
1418 3124 1590 3175 Ταυτὶ
1619 3123 1749 3194 γάρ,
1771 3110 1947 3192 οἶμαι,

351 3219 678 3292 φρονοῦντες
708 3217 894 3275 ὠδέ.τε
922 3214 1297 3278 πιστεύοντες,
1341 3213 1705 3284 ἐγκλημάτων
1738 3214 1953 3286 ἀνθρω-⁹

351 3311 676 3382 ⁴ιτολατρίας,
711 3309 942 3380 οὐρανόν
968 3325 1028 3360 τε
1054 3310 1146 3362 καὶ
1170 3308 1275 3376 γῆν
1302 3306 1712 3377 ἀπαλλάξομεν.
1747 3307 1960 3377 Γέγρα-

354 3420 488 3460 πται
519 3402 649 3472 γὰρ,
684 3403 766 3454 ὅτι
809 3419 828 3454 ι
866 3399 1072 3470 Κύριον
1104 3399 1195 3452 τὸν
1225 3398 1358 3451 Θεόν
1411 3416 1500 3452 σου
1533 3399 1958 3470 προσκυνήσεις,

355 3496 452 3550 καὶ
489 3493 637 3564 αύτῷ
671 3493 819 3565 μόνῳ
844 3491 1190 3555 λατρεύσεις.
1238 3511 1255 3541 ι

437 3673 496 3728 Β.
528 3671 806 3729 Πλείστων
853 3671 922 3726 ἂν
955 3671 1128 3724 δέοιτο
1175 3671 1282 3724 τῶν
1323 3673 1787 3744 ὲπικουρημάτων
1817 3675 1844 3726 ὁ
1870 3674 1963 3727 ἐπὶ

355 3766 496 3837 τῷδε
527 3765 710 3833 λόγος.
757 3765 862 3818 Ἴθι
903 3764 970 3836 δὴ
994 3762 1087 3818 οὖν
1116 3765 1209 3818 καὶ
1237 3764 1305 3817 δι’
1350 3765 1553 3836 ἑτέρων
1585 3768 1716 3836 ἡμῖν
1742 3767 1963 3820 ἐννοιῶν

355 3859 612 3929 διασάφει
639 3860 700 3912 τὸ
727 3859 1053 3930 μυστήριον.

432 3952 496 4005 Α.
535 3949 745 4007 Οὐκοῦν
774 3944 893 4019 εἷμὶ
936 3966 1040 4014 τοι,
1079 3950 1175 4004 καὶ
1217 3949 1363 4019 μάλα
1419 3947 1719 4020 προθύμως
1744 3967 1757 3979 ·
1795 3950 1964 4021 φαίην

357 4045 406 4100 δ’
431 4046 518 4108 ἂν,
543 4047 626 4099 ὅτι
655 4043 1016 4116 ἡμαρτήκασι
1042 4042 1334 4114 τάληθοῦς,
1366 4043 1440 4106 ὡς
1471 4043 1658 4114 ἕτερον
1691 4045 1824 4114 ἡμῖν
1846 4043 1964 4095 υἱὸν

359 4137 456 4192 τὸν
490 4140 555 4191 ὲκ
595 4139 913 4209 σπέρματος
945 4136 1040 4190 τοῦ
1067 4136 1235 4189 Δαὸὶδ
1261 4134 1744 4208 παραζευγνύντες
1769 4134 1848 4206 τῷ
1871 4135 1966 4204 φύ-

365 4248 451 4284 σει
485 4233 580 4285 καὶ
612 4229 850 4301 άληθῶς,
904 4229 1064 4300 δῆλον
1093 4230 1150 4283 δὲ
1198 4232 1278 4283 ὅτι
1326 4228 1404 4300 τῷ
1436 4229 1754 4297 Μονογενεί,
1787 4229 1964 4283 καίτοι

364 4324 600 4396 βοῶντος
637 4322 825 4392 σαφῶς
869 4323 1015 4394 ἱεροῦ
1061 4323 1413 4394 Γράμματος’
1455 4341 1473 4374 ι
1522 4322 1580 4375 ’0
1626 4321 1842 4391 πρῶτος
1873 4321 1964 4375 ἄν·

365 4418 585 4490 θρωπος
607 4418 674 4470 ὲκ
701 4419 804 4487 γῆς
822 4416 1028 4488 χοῖκὸς,
1057 4418 1083 4469 6
1122 4414 1375 4486 δεύτερος
1407 4414 1467 4480 ἐξ
1514 4414 1748 4486 ούρανοῦ
1768 4429 1781 4442 ·
1814 4435 1833 4466 ι
1869 4417 1967 4469 καὶ

371 4507 482 4580 μὴν
508 4507 604 4562 καὶ
626 4506 790 4561 αὑτοῦ
821 4507 918 4561 τοῦ
955 4507 1109 4573 Υἱοῦ,
1137 4508 1218 4561 δτι
1240 4525 1258 4558 ι
1279 4506 1656 4577 Καταδέϐηκα
1681 4508 1747 4562 ἐκ
1762 4507 1858 4561 τοῦ
1877 4507 1967 4561 οὑ-

370 4599 560 4676 ρανοῦ,
589 4601 688 4672 οὐχ
710 4601 798 4655 ἵνα
828 4599 970 4654 ποιῶ
997 4601 1058 4654 τὸ
1079 4600 1293 4671 θέλημα
1307 4600 1368 4654 τὸ
1393 4600 1548 4670 ἐμὸν,
1569 4599 1706 4653 ἀλλὰ
1727 4600 1789 4654 τὸ
1806 4599 1965 4671 θέλη-

369 4692 562 4766 ματοῦ
596 4692 914 4764 πέμψαντός
946 4710 1034 4763 με.
1063 4692 1236 4746 Τοῦτο
1272 4691 1331 4746 δέ
1379 4693 1496 4745 ἐστι
1531 4691 1593 4745 τὸ
1625 4690 1840 4762 θέλημα
1869 4691 1963 4745 τοῦ

368 4784 686 4858 πιμψαντός
723 4802 814 4856 με,
846 4785 936 4840 ἵνα
963 4785 1070 4838 πᾶν
1099 4784 1128 4837 ὃ
1150 4784 1352 4844 δέδωκέ
1383 4801 1473 4855 μοι
1509 4784 1584 4855 μὴ
1617 4784 1870 4838 ἀπολέσω
1909 4784 1967 4850 ἐξ

370 4878 560 4945 αὐτοῦ,
591 4877 728 4932 ἀλλὰ
749 4879 1043 4950 ἀναστήσω
1069 4878 1201 4931 αὐτὸ
1225 4881 1294 4949 τῇ
1318 4878 1524 4948 ἐσχάτῃ
1549 4877 1752 4950 ἡμέρᾳ.
1787 4897 1806 4928 ι
1836 4877 1970 4930 Τίνα

371 4973 438 5048 δὴ
469 4970 564 5030 οὖν
593 4975 702 5046 ἄρα
728 4974 866 5043 φασὶ
886 4973 980 5026 τὸν
1008 4973 1069 5038 ἐξ
1100 4971 1330 5045 οὐρανοῦ
1369 4971 1702 5042 καθιγμένον
1726 4989 1741 5040 ;
1771 4971 1969 5040 Γεγὲνο

359 5085 532 5136 ,νηται
561 5066 670 5138 γάρ
704 5067 766 5121 τὸ
795 5066 958 5138 σῶμα
982 5069 1046 5120 ὲκ
1079 5066 1360 5136 γυναικός.

445 5160 507 5213 Β.
527 5160 632 5213 Τὸν
657 5160 724 5212 ἑκ
743 5158 881 5213 Θεοῦ
914 5160 1130 5232 Πατρὸς
1156 5159 1400 5231 δηλονότι
1423 5158 1757 5231 γεννηθέντα
1780 5158 1968 5228 Λόγον.

376 5247 546 5324 Οἶμαι
585 5237 696 5324 γάρ
720 5252 821 5324 οὐχ
847 5253 1035 5324 ἕτερὸν
1057 5271 1108 5307 τι
1149 5256 1369 5327 φρονεῖν
1392 5255 1608 5309 ἑλέσθαι
1639 5254 1792 5326 παρὰ
1814 5255 1974 5311 τοῦτο

377 5342 597 5406 αὐτούς.

450 5442 516 5493 Δ.
564 5439 791 5513 Ὀρθῶς,
825 5433 872 5494 ὦ
894 5443 1096 5515 ἑταῖρε.
1130 5441 1382 5513 Γέγραφε
1415 5443 1472 5496 δέ
1500 5461 1604 5496 που
1649 5443 1744 5498 καὶ
1769 5446 1797 5498 6
1830 5443 1966 5498 πάν-

384 5547 544 5600 σοφος
592 5533 849 5605 Ἰωάννης
879 5551 892 5564 ·
956 5555 974 5588 ι
1040 5537 1098 5590 '0
1144 5535 1351 5591 ἄνωθεν
1410 5537 1725 5608 ἐρχόμενος,
1786 5537 1974 5592 ἐπάνω

393 5629 601 5676 ταντων
657 5625 826 5680 ἐστίν.
867 5646 886 5678 ι
926 5622 1060 5681 Εἶτα
1110 5627 1225 5692 πῶς
1276 5628 1551 5693 ἐθέλοντος
1605 5629 1700 5682 τοῦ
1757 5630 1974 5701 Πατρδς

455 5821 694 5898 "iam.
745 5844 874 5898 xvn,
908 5829 957 5884 ὃ.

1039 5831 1082 5860 ³⁸
1124 5830 1284 5886 Deut.
1329 5845 1397 5899 νι,
1434 5831 1531 5900 15;
1566 5830 1761 5889 Matth.
1803 5849 1876 5902 tv,
1911 5835 1993 5890 10.

387 5909 472 5963 ιιι,
504 5894 594 5952 δι.

2045 2005 2163 2076 ipso
2188 2005 2488 2074 exsistens,
2526 2006 2688 2076 eique
2729 2007 3012 2071 assidens,
3064 2007 3131 2061 de
3172 2021 3282 2076 quo
3319 2005 3659 2077 evangelista

2045 2100 2285 2156 Joannes
2316 2099 2536 2172 inquit:
2570 2118 2589 2152 ι
2623 2098 2865 2156 Verbum
2909 2107 3028 2156 erat
3047 2099 3190 2170 apud
3208 2098 3404 2164 Deum,
3433 2108 3488 2156 et
3515 2096 3662 2153 Deus

2048 2204 2168 2249 erat
2195 2192 2481 2249 Verbum?
2523 2212 2542 2245 ι

2119 2286 2199 2342 Β.⁶
2221 2283 2358 2352 Quis
2388 2285 2600 2340 dubitet
2630 2285 2654 2340 ‘.’

2123 2381 2190 2435 A.
2221 2379 2695 2446 Quemadmodum
2747 2378 2917 2449 igitur
2967 2378 3160 2447 gloria:
3198 2377 3464 2434 Dominus
3512 2378 3663 2435 exsi-
3697 2417 3705 2426 -

2051 2485 2221 2541 stens,
2260 2488 2386 2528 cum
2422 2486 2482 2526 se
2508 2471 2731 2528 demisit
2763 2481 2952 2543 postea
2983 2473 3051 2527 ad
3098 2472 3314 2529 servilis
3339 2471 3527 2529 forma:
3565 2474 3668 2528 hu-

2053 2556 2364 2634 militat’em,
2386 2567 2614 2637 gloriam
2640 2583 2745 2639 qua
2771 2569 2838 2622 ab
2865 2578 3072 2622 aeterno
3099 2564 3364 2640 prteditus
3393 2548 3664 2624 est'redtli

2053 2662 2154 2717 sibi
2189 2661 2362 2731 poscit
2389 2671 2444 2715 et
2477 2660 2696 2728 quidem
2739 2660 2844 2714 hoe
2873 2667 3241 2733 congruenter
3273 2660 3526 2716 humana
3563 2676 3664 2731 ua-

2057 2765 2192 2810 turaa
2228 2754 2359 2809 facit
2395 2771 2407 2806 :
2446 2755 2521 2810 ita
2553 2755 2718 2809 etiam
2765 2753 2908 2808 Deus
2961 2769 3179 2824 semper
3226 2755 3501 2810 exsistens
3529 2794 3544 2819 ,
3599 2753 3667 2807 ad

2057 2848 2290 2917 propria:
2324 2862 2436 2902 suas
2495 2847 2714 2901 deitatis
2768 2847 3298 2916 superemiueutiam
3340 2857 3397 2901 et
3436 2847 3666 2918 gloriam

2058 2948 2090 2989 e
2123 2947 2314 2989 noetra
2349 2934 2667 2990 conditione
2693 2950 2909 2988 rursum
2938 2938 3281 3002 conscendit,
3313 2946 3373 2991 ut
3405 2949 3666 3011 tanquam

2059 3028 2151 3082 uni
2216 3028 2474 3097 deinceps
2525 3027 2760 3081 naturali
2811 3045 2873 3081 ac
2919 3043 3050 3082 vero
3099 3027 3272 3094 Filio,
3308 3032 3528 3086 tametsi
3577 3047 3669 3086 no-

2062 3122 2160 3176 stri
2219 3121 2381 3176 simili
2445 3120 2595 3175 laeto
2652 3129 2816 3189 atque
2847 3121 3135 3175 incantato
3186 3137 3350 3177 omne
3384 3139 3525 3192 genu
3577 3121 3674 3178 lle-

2065 3224 2277 3279 etatur,
2329 3213 2472 3269 sicut
2514 3213 2676 3267 modo
2712 3213 2844 3266 dixi.
2898 3212 2974 3267 ιω
2993 3215 3136 3268 enim
3162 3215 3466 3271 sentientes
3510 3227 3678 3285 atque

2068 3308 2377 3374 credentes,
2414 3308 2614 3362 caelum
2652 3306 2858 3376 pariter
2896 3316 2953 3361 et
2980 3317 3183 3362 terram
3227 3307 3295 3361 ab
3331 3323 3397 3364 eo
3439 3308 3674 3363 crimine

2064 3402 2209 3473 quod
2239 3401 2515 3457 hominem
2535 3401 2726 3455 adoret
2748 3400 3067 3453 liberamus.
3086 3398 3362 3470 Scriptum
3382 3409 3466 3454 est
3489 3399 3635 3454 enim
3659 3419 3672 3455 :

2067 3495 2194 3565 quia
2233 3513 2251 3546 ι
2296 3493 2589 3561 Dominum
2619 3493 2786 3547 Deum
2841 3501 2994 3545 tuum
3038 3490 3314 3557 adorabis,
3361 3499 3416 3562 et
3457 3491 3531 3546 illi
3575 3493 3675 3547 soli

2066 3589 2277 3644 servies
2298 3586 2364 3640 ⁸⁵.
2390 3604 2409 3638 ι

2141 3679 2203 3734 Β.
2244 3679 2427 3735 Multis
2460 3676 2813 3734 adminiculis
2849 3691 3033 3732 sermo
3077 3676 3181 3732 hac
3217 3676 3284 3732 de
3317 3691 3375 3733 re
3409 3676 3674 3748 indigeat.

2067 3772 2240 3842 Perge
2277 3772 2494 3839 itaque,
2532 3778 2588 3822 et
2629 3767 2752 3822 aliis
2795 3767 2962 3821 etiam
3010 3766 3322 3828 rationibus
3351 3768 3510 3824 nobis
3563 3783 3676 3841 my-

2069 3868 2298 3922 sterium
2328 3865 2565 3933 explica.
3519 3916 3531 3928 δ

2141 3957 2206 4013 Α.
2242 3960 2501 4027 Pergam,
2529 3965 2585 4011 et
2619 3953 2840 4024 quidem
2874 3953 3234 4025 perlibenter.
3271 3955 3516 4012 Dixerim
3541 3972 3678 4014 vero

2070 4065 2164 4108 eos
2195 4067 2224 4105 a
2249 4066 2382 4106 vero
2404 4050 2694 4114 aberrare,
2715 4048 2859 4118 quod
2889 4047 3058 4102 alium
3091 4049 3256 4104 nobis
3292 4049 3574 4122 filiumqui
3609 4054 3686 4110 sit

2071 4160 2138 4199 ex
2167 4143 2378 4199 semine
2406 4142 2580 4197 David
2611 4141 2954 4212 conjungunt
2991 4156 3116 4196 cum
3175 4143 3412 4197 naturali
3446 4158 3512 4199 ac
3554 4159 3685 4202 vere

2072 4234 2267 4302 Filio,
2330 4234 2593 4290 nimirum
2668 4232 3006 4301 Unigenito,
3089 4247 3212 4288 cum
3259 4234 3464 4305 alioqui
3522 4250 3681 4293 sacra

2073 4330 2359 4400 Scriptura
2391 4338 2580 4398 aperte
2615 4326 2859 4382 clamet:
2904 4344 2924 4377 ‹
2971 4325 3376 4382 Pritnusltomo
3425 4344 3491 4386 ex
3539 4339 3685 4386 terra

2073 4432 2347 4486 terrenus,
2399 4418 2673 4475 secundus
2726 4433 2793 4473 ex
2841 4417 2984 4472 CtPJO
3042 4417 3280 4474 caelestis
3317 4418 3363 4452 ³⁸
3405 4438 3419 4475 :
3481 4440 3500 4473 ι
3553 4421 3685 4496 quin

2070 4523 2125 4570 et
2148 4513 2290 4569 Filio
2314 4513 2435 4582 ipso
2469 4510 2687 4565 dicente
2708 4550 2723 4575 ,
2780 4510 2908 4579 quia
2938 4528 2958 4561 ι
2994 4510 3263 4565 Descendi
3286 4525 3352 4567 ex
3385 4511 3547 4580 cmlo,
3579 4532 3685 4568 non

2001 4635 2043 4689 [ι
2075 4619 2132 4664 ιιι
2169 4607 2368 4663 faciant
2405 4605 2745 4662 voluntatem
2795 4619 3008 4669 meam,
3050 4604 3146 4672 sed
3188 4604 3523 4661 voluntatem
3570 4607 3695 4677 ejus,

2075 4703 2166 4774 qui
2196 4700 2346 4756 misit
2384 4714 2494 4755 me.
2529 4697 2657 4753 llaec
2682 4705 2768 4753 est
2797 4705 2984 4752 autem
3014 4696 3266 4753 voluntas
3307 4696 3424 4774 ejus
3451 4699 3544 4769 qui
3581 4701 3689 4754 mi-

2077 4795 2148 4850 sit
2172 4808 2280 4859 me,
2313 4799 2374 4846 ut
2401 4803 2568 4846 omne
2621 4789 2770 4860 quod
2805 4789 2959 4844 dedit
3000 4789 3139 4843 mihi
3177 4804 3287 4844 non
3337 4790 3585 4858 amittam
3617 4807 3689 4848 ex

2077 4903 2164 4952 eo,
2194 4886 2293 4954 sed,
2324 4883 2646 4941 resuscitem
2669 4882 2886 4938 illud’in
2911 4883 3213 4940 novissimo
3239 4883 3328 4939 die
3355 4884 3455 4939 ⁸⁷.»
3475 4886 3685 4953 Quent-

2078 4998 2205 5036 nam
2230 4980 2398 5051 igitur
2424 4991 2552 5033 esse
2577 4975 2768 5032 dicunt
2793 4990 2918 5031 eum
2953 4975 3046 5046 qui
3079 4990 3112 5030 e
3158 4975 3304 5032 caelo
3346 4976 3633 5046 descendit
3665 4977 3692 5035 ι

2077 5084 2263 5129 natum
2296 5071 2442 5127 enim
2467 5077 2553 5126 est
2581 5083 2784 5141 corpus
2817 5082 2884 5123 ex
2912 5067 3169 5140 muliere.

2151 5165 2215 5221 B.
2250 5163 2490 5220 Verbum
2519 5160 2780 5235 profecto
2817 5175 2886 5217 ex
2916 5160 3031 5216 Deo
3068 5160 3236 5217 Patre
3265 5162 3535 5234 genitum.
3583 5162 3692 5220 Ar-

2081 5256 2258 5310 bitror
2337 5255 2486 5310 enim
2573 5253 2724 5325 ipsos
2798 5267 2909 5308 non
2981 5251 3137 5309 aliud
3218 5252 3515 5328 quidquam
3587 5257 3695 5326 hoc

2079 5348 2237 5405 velle.

2150 5444 2225 5522 _A.
2257 5440 2427 5497 Recte
2458 5439 2560 5503 ais,
2587 5454 2620 5496 o
2657 5439 2854 5494 amice.
2886 5437 3128 5513 Scripsit
3151 5453 3282 5494 vero
3302 5437 3501 5495 alicubi
3526 5439 3694 5496 etiam

2087 5535 2529 5604 sapientissimus
2558 5531 2855 5612 Joannes:
2898 5551 2917 5584 ε
2975 5532 3079 5599 Qui
3125 5547 3156 5588 e
3195 5533 3450 5602 supernis
3508 5534 3694 5600 venit,

2088 5646 2249 5700 super
2278 5643 2471 5685 omnes
2487 5634 2572 5683 est
2591 5627 2656 5684 ³⁸.
2684 5626 2875 5698 »Αιῳιί
2909 5614 3186 5696 quoinodo
3216 5641 3339 5682 cum
3370 5624 3539 5681 Pater
3567 5626 3700 5683 velit

2116 5836 2166 5874 "1
2200 5833 2218 5889 l
2259 5834 2386 5892 Cor.
2432 5848 2521 5900 xv,
2558 5834 2644 5889 l7.
2759 5833 2800 5866 3'
2842 5831 3105 5898 luam-vt,
3145 5830 3238 5902 '53,
3268 5834 3356 5890 '59.
3449 5834 3493 5868 κ
3531 5833 3692 5892 Joan.
