4058 6328
476 441 618 496 4355
1501 433 1558 486 S.
1601 427 1873 486 CYiiILLl
1913 425 2384 483 ALEXANDlilNl
2425 427 2745 485 ARCHIEP.
3603 426 3740 485 i356

477 562 800 615 delineatum
829 556 996 611 fuisse
1030 554 1301 607 veteribus
1348 551 1673 620 comperias.
1724 549 1855 606 Ovis
1880 547 2046 604 ‘cnim

2168 549 2244 602 ιαὶ
2274 548 2481 619 φθορᾶς
2511 550 2544 619 ἡ
2569 548 2664 602 τοῦ
2699 547 2973 619 προϐάτου
3036 546 3216 617 σφαγὴ
3247 545 3372 607 τοὺς
3400 545 3458 611 ἐξ
3504 547 3740 617 Ἰσραῆ,

481 652 732 707 mactatio
761 648 1034 704 lsraclitas
1055 662 1083 698 a
1109 654 1284 699 morte
1306 654 1467 713 atque
1485 643 1705 697 interitu
1729 651 2008 696 exemerat
2032 679 2050 705 ,

2168 643 2248 695 καὶ
2299 641 2647 712 δεδυσὼπηκε
2680 643 2771 694 τὸν
2820 639 3170 710 ὀλοθρευτήν.
3211 640 3393 701 Τύπος
3447 640 3503 692 δὲ
3538 635 3605 710 ἦν
3636 640 3744 709 ἀμ

480 754 535 799 et
563 742 966 798 interfectorem
1028 737 1284 806 placavit.
1340 734 1503 805 Atqui
1560 747 1647 789 res
1700 733 1812 787 haec
1855 731 2053 787 Christi

2168 735 2218 787 rb
2249 737 2438 804 χρῆμα
2467 731 2721 804 Χριστοῦ.
2753 732 2824 786 Ἰὸ
2849 731 2957 801 γὰρ
2985 732 3177 801 Πάσχα
3213 730 3368 802 ἡμῶν
3395 731 3539 800 ὑπὲρ
3586 729 3742 800 ἡμῶν

481 847 639 908 typus
669 850 731 889 ac
753 835 918 904 iigura
951 840 1088 886 erat.
1119 829 1328 885 Pascha
1352 828 1498 884 enim
1540 836 1786 880 nostrum
1814 840 1909 892 pro
1961 840 2056 877 no-

2168 826 2322 897 ὶτύθη
2345 826 2598 897 Χριστὸς,
2629 825 2716 878 ἵνα
2743 825 2804 878 τὸ
2829 824 3052 894 ἀμειδὲς
3080 824 3172 876 τοῦ
3207 825 3436 877 θανάτου
3465 822 3742 894 καταλύσῃ

481 927 564 982 bis
593 925 902 981 immolatus
937 937 1018 978 est
1050 921 1321 984 Christus,
1379 929 1438 972 ut
1461 917 1836 978 tristissimum
1870 915 2056 970 mortis

2168 917 2380 987 κράτος,
2400 915 2595 986 αἵματί
2624 931 2683 968 τε
2704 915 2781 986 τῷ
2815 915 2931 984 ἰδίῳ
2963 917 3381 988 κατακτήσηται
3412 917 3512 986 τὴν
3535 916 3627 968 ὑπ’
3661 915 3744 968 οὐ·

484 1021 770 1088 imperium
813 1013 1236 1080 dissolveret",
1281 1021 1342 1068 et
1385 1013 1610 1082 proprio
1657 1025 1756 1064 suo
1796 1008 2058 1076 sanguine

2168 1011 2342 1080 ρανόν.
2391 1006 2772 1079 Ἠγοράσμεθα
2809 1006 2918 1080 γάρ
2951 1008 3136 1078 τιμῆς.
3165 1008 3258 1060 καὶ
3303 1008 3402 1061 οὐκ
3429 1007 3594 1077 ἐσμὲν
3619 1007 3740 1059 ἐαυ-

481 1114 792 1165 uuivcrsum
829 1121 1094 1164 terrarum
1117 1106 1302 1162 orbem
1326 1103 1428 1158 sibi
1451 1102 1760 1172 acquircrct
1784 1100 1852 1154 “.
1880 1099 2054 1168 Empti

2168 1101 2286 1153 τῶν.
2343 1094 2438 1163 Εἷς
2487 1099 2597 1170 γὰρ
2642 1099 2782 1170 ὑπὲρ
2823 1099 3042 1153 πάντων
3095 1097 3388 1164 ἀπέθανεν,
3441 1102 3469 1152 ό
3526 1099 3744 1152 πάντων

469 1206 623 1258 cnim
664 1216 851 1256 sumus
903 1200 1076 1269 pretio
1107 1198 1193 1261 ⁸⁸,
1248 1204 1303 1250 et
1352 1211 1460 1250 non
1508 1210 1717 1251 sumus.
1753 1194 1928 1248 nostri
1985 1193 2054 1247 “.

2168 1191 2472 1264 ἀξιώτερος,
2503 1193 2570 1246 ἵν’
2598 1194 2649 1246 οἱ
2682 1190 2884 1255 ζῶντες
2918 1190 3114 1261 μηκέτι
3149 1189 3365 1253 ἑαυτοῖς
3395 1188 3584 1252 ζῶσιν,
3611 1187 3748 1242 ἀλλά

483 1294 632 1350 linus
663 1293 807 1348 enim
849 1305 951 1360 pro
1001 1289 1253 1344 onmibus
1286 1295 1531 1340 mortuus
1580 1293 1686 1350 est,
1741 1284 1832 1355 qui
1884 1283 2060 1353 pretio

2168 1285 2237 1357 τῷ
2275 1284 2416 1355 ὑπὲρ
2449 1284 2630 1338 αὐτῶν
2660 1282 2988 1339 ἀποθανόντι
3027 1283 3120 1339 καὶ
3141 1281 3444 1353 ἐγερθέντι.
3479 1281 3752 1352 Συλλήψιο

471 1401 670 1440 τοιιιηθε
709 1382 1022 1453 superabat,
1075 1388 1134 1433 ut
1187 1379 1434 1432 viventes
1488 1391 1594 1431 non
1655 1375 1891 1446 amplius
1952 1374 2056 1429 sibi

2168 1397 2250 1433 ται
2283 1380 2339 1432 δὲ
2382 1380 2476 1433 καὶ
2501 1379 2529 1431 ὁ
2553 1378 2787 1442 Παῦλος,
2824 1377 3022 1446 λέγων,
3064 1395 3082 1428 ι
3139 1375 3284 1446 Ἐγὼ
3318 1377 3429 1446 γὰρ
3463 1375 3554 1430 διά
3576 1375 3748 1447 νόμου

483 1479 613 1547 ipsis
660 1478 859 1537 vivant,
906 1472 998 1528 seri
1038 1471 1093 1525 ei
1147 1470 1236 1540 qui
1285 1485 1384 1539 pro
1419 1468 1555 1538 ipsis
1604 1476 1850 1523 mortuus
1889 1474 2060 1520 estet

2168 1474 2310 1541 νόμῳ
2348 1471 2638 1536 ἀπέθανον,
2671 1470 2759 1524 ἴνα
2780 1468 2899 1541 Θεῷ
2927 1469 3096 1541 ζήσω,
3125 1469 3348 1540 Χριστῷ
3375 1469 3431 1523 δέ
3463 1465 3749 1522 συνεσταύι

484 1569 782 1626 resurrexit
839 1568 906 1621 ιτ.
960 1564 1248 1620 Consentit
1298 1577 1429 1616 vero
1474 1560 1559 1615 his
1609 1560 1771 1614 etiam
1817 1557 2056 1621 Paulus,

2168 1582 2369 1636 ρωμαι,
2396 1563 2475 1628 ζῶ
2505 1563 2563 1616 δὲ
2610 1563 2718 1617 οὐκ·
2743 1563 2823 1616 ἔτι
2860 1561 2991 1631 ἐγὼ,
3033 1561 3101 1634 ζῇ
3135 1561 3192 1616 δὲ
3222 1564 3282 1616 ἐν
3327 1563 3451 1634 ἐμοὶ
3489 1558 3744 1634 Χριστός.

483 1666 667 1717 iiii-ens
697 1680 709 1715 :
740 1681 770 1713 -ι
809 1661 920 1730 Ego
967 1660 1110 1713 enim
1145 1672 1239 1727 per
1279 1655 1448 1724 legem
1484 1653 1587 1725 legi
1628 1664 1875 1707 mortuus
1907 1665 2051 1713 sum,

2168 1659 2232 1711 Ὃ
2278 1659 2334 1711 δὲ
2363 1658 2456 1711 νῦν
2488 1657 2565 1722 ζῶ
2613 1660 2672 1710 ἐν
2707 1657 2893 1729 σαρκὶ,
2925 1657 2984 1711 ἐν
3031 1657 3211 1710 πίστει
3241 1655 3336 1721 ζῶ,
3366 1659 3431 1727 τῇ
3472 1654 3568 1709 τοῦ
3614 1651 3750 1708 Υίοῦ

483 1767 541 1809 ιιι
589 1754 696 1808 Deo
738 1753 913 1806 vivam
948 1767 962 1802 :
997 1750 1219 1804 Christo
1269 1745 1514 1802 conﬁxus
1553 1759 1673 1800 sum
1703 1745 1876 1799 cruci.
1922 1740 2058 1795 Vivo

2168 1751 2254 1804 τοῦ
2283 1750 2439 1817 Θεοῦ,
2469 1751 2563 1804 τοῦ
2594 1751 2978 1822 ἀγαπήσαντός
3012 1766 3102 1821 με,
3134 1749 3230 1803 καὶ
3252 1751 3591 1822 παραδόντος
3617 1750 3748 1802 ἐαυ-

482 1859 683 1908 autem,
723 1846 831 1912 jam
862 1857 966 1895 non
1010 1855 1148 1908 ego,
1190 1837 1321 1891 vivit
1379 1851 1509 1890 vero
1553 1837 1606 1889 in
1659 1850 1746 1888 inc
1781 1833 2055 1888 Christus.

2168 1838 2250 1890 τὸν
2267 1838 2408 1909 ὑπὲρ
2437 1838 2590 1908 ἐμοῦ.
2633 1859 2650 1889 ι
2677 1832 2914 1912 Χριστοῦ
2945 1838 3234 1910 τοιγαροῦν
3263 1841 3312 1892 οῖ
3329 1840 3532 1903 πάντες
3554 1839 3747 1908 ἐσμὲν,

473 1940 634 2005 Quod
665 1946 840 1990 autem
884 1949 1026 1987 nunc
1059 1933 1183 1986 vivo
1225 1931 1278 1984 in
1319 1943 1507 1993 carne,
1550 1927 1602 1980 in
1635 1926 1738 1980 iide
1773 1926 1896 1979 vivo
1937 1923 2056 1978 Filii

2168 1930 2256 1983 καὶ
2294 1900 2554 1984 δι’-αὐτοῦ
2583 1900 3009 2001 κατηλλάἦιεθα
3028 1900 3332 2004 τῷΙΠατρὶ,
3361 1900 3525 2004 capiti.
3557 1900 3752 1985 παθόνζ

473 2028 596 2093 Dei,
641 2030 730 2097 qui
784 2027 972 2081 dilexit
1011 2038 1117 2089 me,
1175 2033 1233 2076 et
1287 2022 1509 2076 tradidit
1561 2020 1912 2086 semetipsum
1961 2033 2060 2086 pro

2168 2037 2254 2084 τος
2285 2021 2426 2091 ὑπὲρ
2459 2021 2637 2092 ἡμῶν,
2681 2023 2747 2075 ἵν’
2783 2024 2928 2095 ἡμᾶς
2975 2025 3229 2096 ἀποφήνῃ
3279 2024 3747 2095 κεκαθαρμένους.

472 2138 569 2176 ἰιιθ
601 2119 668 2174 ⁸⁸.
708 2139 726 2171 ι
759 2116 962 2174 Christi
1019 2129 1149 2186 ergo
1185 2128 1376 2168 omnes
1423 2127 1613 2167 sumus
1651 2121 1706 2165 et
1751 2124 1847 2180 per
1883 2109 2059 2180 ipsum

2168 2114 2475 2184 Γέγραπται
2519 2114 2629 2186 γάρ
2653 2156 2668 2181 ,
2701 2116 2784 2170 ὅτι
2818 2135 2836 2168 ι
2877 2116 2969 2170 Διὸ
3012 2117 3109 2171 καὶ
3142 2117 3372 2186 Ἰησοῦς,
3414 2118 3503 2172 ῖνα
3543 2119 3753 2192 ἁγιάσῃ

469 2213 754 2268 conciliati
788 2210 957 2274 Patri,
989 2209 1078 2279 qui
1117 2222 1288 2262 carne
1322 2219 1512 2274 passus
1539 2213 1622 2258 est
1656 2217 1757 2272 pro
1798 2201 1973 2268 nobis,
2003 2210 2060 2255 ut

2168 2206 2250 2260 5ιά
2280 2207 2373 2262 τοῦ
2409 2207 2542 2261 ἰδίου
2574 2209 2809 2279 αἵματος
2837 2210 2928 2264 τὸν
2961 2210 3109 2275 λαὸν,
3140 2209 3246 2279 ἔξω
3273 2211 3371 2282 τῆς
3403 2210 3578 2282 πύλης
3610 2211 3749 2265 επα-

474 2305 711 2361 inundos
745 2302 1002 2356 ellicerct.
1044 2299 1320 2367 Scriptum
1360 2303 1446 2349 est
1489 2295 1636 2346 enim
1690 2308 1704 2343 :
1756 2309 1775 2343 ι
1832 2289 2060 2360 Propter

2168 2297 2276 2354 θεν.
2315 2317 2333 2350 ι
2363 2299 2472 2353 Καὶ
2521 2299 2684 2354 πάλιν
2707 2317 2722 2331 ·
2753 2319 2772 2351 r
2809 2301 2922 2355 Καὶ
2957 2302 3109 2373 ἡμᾶς
3153 2318 3284 2356 ποτε
3317 2301 3478 2366 δντας
3507 2292 3749 2373 ἀπηλλο-

469 2399 702 2469 quodet
734 2395 911 2458 Jesus,
938 2402 999 2447 ut
1021 2390 1394 2446 sanetiticaret
1420 2401 1518 2456 per
1549 2400 1705 2438 suum
1739 2386 2057 2453 sanguinem

2168 2391 2496 2462 τριωμένους
2531 2391 2626 2445 καὶ
2673 2391 2904 2464 ἐχθροὺς
2939 2395 3006 2464 τῇ
3054 2392 3263 2465 διανοξα
3303 2394 3361 2448 ἐν
3405 2397 3517 2458 τοῖς
3568 2394 3753 2467 ἔργοις

2095 1082 2140 1106 \

479 2489 758 2564 populum,
787 2495 941 2541 extra
975 2494 1182 2554 portam
1218 2495 1410 2551 passus
1449 2489 1534 2532 est
1561 2478 1632 2533 ⁸⁸.
1689 2495 1707 2528 ι
1747 2475 1811 2529 Et
1843 2493 1858 2530 :
1889 2493 1908 2527 ι
1951 2473 2058 2530 Nos

480 2599 603 2638 cuin
645 2595 893 2638 essemus
935 2577 1224 2647 aliquando
1276 2573 1497 2628 alienati
1542 2581 1599 2626 et
1646 2571 1858 2625 inimici
1892 2584 2058 2625 sensu

484 2675 535 2726 in
586 2670 843 2740 operibus
885 2665 1045 2720 malis
1097 2676 1293 2716 :nunc
1341 2669 1521 2714 autem
1577 2657 1948 2712 reconciliavit
2006 2655 2060 2711 in

481 2775 709 2832 corpore
735 2759 916 2815 carnis
944 2757 1062 2824 eius
1093 2770 1190 2825 per
1220 2762 1471 2817 mortem,
1506 2749 1767 2805 exhibere
1796 2764 1894 2805 vos
1933 2764 2059 2803 san-

480 2867 597 2911 ctos
645 2865 701 2908 et
759 2850 1172 2911 immaculatos,
1218 2856 1274 2901 et
1315 2842 1824 2914 irreprehensibiles
1876 2857 2058 2896 coram

479 2947 600 3014 ipso
637 2944 703 2997 ⁶⁹.
739 2961 758 2994 ι
786 2939 1046 3009 lnteliigis
1076 2940 1255 3007 itaque
1282 2950 1390 3005 quo
1422 2943 1582 3001 pacto
1603 2935 1882 3003 proprium
1921 2947 2061 3013 san-

479 3038 695 3108 guinem
727 3043 782 3088 et
813 3032 1088 3102 prOpriam
1117 3042 1335 3107 carnem
1363 3027 1531 3097 ipsius
1564 3035 1759 3092 vocet,
1791 3039 1910 3080 eam
1938 3038 2060 3094 qua:

475 3125 762 3198 pronobis
809 3126 933 3178 data
979 3131 1100 3188 est;
1145 3133 1318 3190 neque
1359 3119 1582 3172 alterius
1631 3116 1915 3184 cujusdam
1965 3115 2060 3171 lilii

478 3219 680 3277 diversi
718 3219 784 3273 ab
808 3219 922 3285 ipso
951 3230 1070 3270 esse
1103 3215 1370 3277 dicamus,
1399 3212 1490 3280 qui
1523 3210 1820 3264 distinctus
1843 3209 1911 3263 ab
1939 3208 2057 3278 ipso

481 3313 572 3375 sit,
623 3322 678 3367 et
722 3309 835 3364 sola
888 3307 1269 3376 conjunctione
1323 3318 1446 3357 cum
1481 3303 1598 3370 ipso
1629 3302 1960 3365 decoratus,
2004 3310 2059 3355 ct

481 3402 712 3458 ascititia
744 3399 912 3469 gloria
952 3397 1210 3466 praeditus
1240 3396 1334 3460 sit,
1361 3393 1640 3450 essentiali
1667 3393 1935 3462 dignitate
1970 3399 2060 3445 at-

481 3509 586 3562 que
614 3489 908 3547 eminentia
959 3475 1198 3548 carens;
1229 3488 1349 3550 sed,
1399 3485 1576 3537 instar
1599 3483 1767 3536 vestis
1803 3493 1858 3536 et
1898 3481 2058 3535 larva

477 3583 809 3652 cujusdam,
861 3578 982 3632 Filii
1018 3593 1081 3630 ac
1135 3575 1230 3629 Dei
1290 3576 1532 3628 omnium
1577 3573 1819 3642 supremi
1864 3588 2059 3629 nomen

476 3687 650 3748 gerat.
687 3673 818 3726 Nam
848 3674 893 3726 si
916 3671 989 3724 ita
1019 3684 1080 3724 se
1123 3667 1444 3722 naturaliter
1481 3665 1700 3728 habeat,
1758 3674 1823 3718 ut
1864 3667 2063 3720 adver-

481 3770 612 3823 sarii
657 3767 921 3828 sentiunt,
975 3764 1118 3818 nulla
1167 3763 1375 3815 ratione
1407 3761 1481 3813 illi
1519 3759 1808 3814 comeniat
1837 3759 2015 3813 dicere
2047 3777 2059 3812 :

485 3879 506 3911 ι
550 3857 660 3928 Ego
678 3873 793 3912 sum
831 3855 1029 3915 veritas
1063 3855 1128 3906 “.
1165 3872 1182 3904 ι
1224 3852 1508 3917 Quomodo
1559 3853 1703 3905 enim
1749 3865 1936 3903 verum
1991 3850 2065 3902 sit

478 3953 624 4019 quod
654 3965 758 4001 non
789 3949 858 3999 ita
894 3961 954 3999 se
990 3947 1151 3998 habet
1182 3959 1245 3997 ac
1277 3943 1434 4006 dicit,
1466 3941 1558 3995 sed
1591 3942 1832 4010 spurium
1864 3953 1918 3994 et
1945 3940 2061 3994 falsi

483 4040 763 4095 nominis?
816 4040 886 4091 At
919 4051 1052 4090 vero
1101 4035 1353 4088 Christus
1404 4035 1610 4087 veritas
1665 4043 1767 4094 est,
1813 4042 1867 4086 et
1903 4047 2064 4100 super

483 4148 693 4194 omnes,
722 4142 778 4183 ut
814 4131 975 4184 Deus.
1005 4127 1201 4182 Mansit
1234 4126 1380 4179 enim
1405 4123 1641 4178 Verbum
1678 4125 1725 4177 id
1754 4126 1896 4193 quod
1923 4133 2059 4186 erat,

485 4226 695 4278 tametsi
733 4222 929 4275 factum
957 4223 1028 4275 sit
1073 4228 1223 4281 card,
1291 4225 1349 4271 ut
1383 4216 1473 4288 qui
1527 4231 1689 4284 supra
1723 4230 1914 4269 omnes
1952 4224 2061 4280 est,

2160 2482 2273 2542 τοῖς
2311 2482 2568 2552 πονηροῖς
2588 2495 2601 2508 ·
2628 2482 2746 2534 νυνὶ
2776 2481 2833 2536 δὲ
2865 2482 3313 2554 ἀποκατήλλαξεν
3340 2486 3398 2536 ἐν
3427 2485 3506 2555 τῷ
3536 2484 3752 2555 σώματι

2159 2572 2259 2644 τῆς
2284 2573 2486 2644 σαρκὸς
2510 2573 2676 2628 αὐτοῦ
2706 2573 2794 2628 διὰ
2817 2574 2910 2628 τοῦ
2941 2574 3196 2642 θανάτου,
3227 2578 3580 2648 παραστῆσαι
3603 2578 3750 2649 ὑμᾶς

2165 2663 2353 2731 ἁγίους
2378 2663 2471 2717 καὶ
2495 2663 2762 2735 ἀμώμους
2793 2666 3136 2721 κατενώπιον
3165 2667 3352 2722 αὐτοῦ.
3396 2688 3415 2720 ι
3460 2669 3626 2735 Σύνες
3653 2664 3751 2722 οὖν

2163 2756 2310 2819 ὅπως
2345 2754 2476 2809 ῖδιον
2506 2750 2644 2826 αἷμα
2676 2757 2773 2811 καὶ
2813 2757 2952 2813 ἰδίαν
3000 2759 3179 2830 σάρκα
3213 2762 3378 2830 φησὶν
3425 2757 3615 2827 αὑτοῦ,
3649 2762 3751 2832 τὴν

2165 2845 2416 2900 δοθεῖσαν
2444 2845 2586 2918 ὑπὲρ
2609 2847 2790 2919 ἡμῶν,
2815 2849 2903 2902 ῖνα
2936 2848 3011 2921 μὴ
3049 2849 3239 2921 ἑτέρου
3281 2848 3412 2920 παρ’
3446 2849 3606 2902 αὐτὸν
3630 2849 3751 2902 υίοῦ

2162 2938 2415 3010 λέγωμεν
2460 2939 2652 3011 αὐτὴν,
2697 2939 2990 3011 νοουμένου
3039 2957 3098 2993 τε
3145 2942 3440 3012 ἀναμέρος,
3476 2942 3571 2994 καὶ
3619 2941 3750 3014 ψιλῇ

2165 3031 2432 3102 συναφείᾳ
2479 3032 2870 3103 τετιμημένου,
2901 3035 2997 3086 καὶ
3038 3033 3280 3106 ἐπακτὴν
3321 3035 3537 3105 ἔχοντος
3568 3034 3750 3101 δόξαν,

2155 3125 2258 3178 καὶ
2314 3125 2414 3178 οὐκ
2447 3124 2681 3197 οὐσιὼδη
2737 3125 2838 3198 τὴν
2885 3125 3178 3198 ὑπεροχὴν,
3223 3127 3502 3199 ἐπίϐλημα
3548 3129 3608 3181 δὲ
3657 3130 3754 3183 καὶ

2162 3217 2352 3290 ὥσπερ
2380 3237 2432 3272 τι
2473 3222 2817 3290 προσωπεῖον
2839 3221 3248 3293 ἐπερῤιμμένον
3277 3223 3448 3293 αὐτῷ,
3481 3223 3542 3276 τό
3561 3235 3619 3275 τε
3654 3223 3754 3293 τῆς

2172 3309 2420 3379 υίότητος
2462 3311 2679 3381 καὶτῆς
2708 3313 2849 3383 ὑπὲρ
2892 3315 3070 3368 πάντα
3099 3313 3351 3386 θεότητος
3373 3315 3565 3385 ὄνομα.
3595 3313 3754 3368 Οὕτω

2167 3397 2275 3468 γὰρ
2306 3398 2481 3468 ἔχοντι
2511 3400 2652 3453 κατά
2693 3400 2877 3469 φύσιν,
2910 3402 3053 3457 καθά
3099 3408 3314 3474 φρονεῖν
3358 3407 3662 3473 ἐγνώκασιν
3701 3406 3752 3459 οῖ

2167 3491 2237 3545 δι’
2271 3491 2550 3558 ἐναντίας,
2581 3494 2874 3564 ἀρμόσειεν
2910 3494 2977 3549 ἀν
3013 3497 3162 3568 αὐτῷ
3188 3499 3307 3552 κατ’
3334 3499 3525 3551 οὐδένα
3551 3498 3756 3569 τρόπον

2169 3582 2230 3635 τὸ
2267 3583 2462 3654 χρῆναι
2492 3584 2694 3653 λέγειν,
2724 3607 2740 3636 ι
2766 3588 2908 3655 Ἐγώ
2939 3591 3054 3660 ειμι
3081 3591 3112 3659 ἡ
3153 3589 3403 3659 ἀλήθεια.
3431 3609 3447 3640 ι
3487 3591 3611 3655 Πῶς
3645 3593 3757 3663 γάρ

2166 3675 2398 3746 ἀληθὲς,
2416 3679 2476 3730 τὸ
2495 3679 2593 3749 οὐχ
2628 3678 2772 3734 οὕτω
2811 3682 2955 3752 ἔχον,
2986 3683 3062 3746 ὼς
3101 3683 3341 3750 λέγεται,
3383 3684 3536 3738 νόθον
3562 3686 3619 3738 δὲ
3648 3685 3756 3739 ὦσ-

2165 3784 2272 3838 περ
2297 3786 2349 3822 τι
2401 3771 2496 3823 καὶ
2525 3771 2927 3846 ψευδώνυμονς
2979 3775 3137 3830 Ἀλλά
3190 3778 3298 3848 μὴν
3331 3778 3576 3851 ἀλήθεια,
3621 3781 3755 3850 Χρι-

2169 3859 2313 3921 στὸς,
2368 3862 2460 3914 καὶ
2501 3864 2686 3916 ἐπάνω
2736 3865 2956 3918 πάντων
2989 3865 3064 3929 ὡς
3105 3867 3271 3931 Θεός·
3317 3872 3593 3940 μεμένηκε
3644 3873 3789 3942 γὰρ-

2168 3950 2302 4022 ὅπερ
2332 3947 2397 4022 ἦν
2431 3953 2458 4003 ὁ
2503 3956 2694 4024 Λόγος,
2729 3959 2778 4010 εί
2817 3959 2909 4011 καὶ
2948 3958 3139 4028 γέγονε
3181 3963 3336 4033 σάρξ·
3369 3964 3433 4015 ἶν’
3464 3967 3492 4018 ὁ
3538 3966 3756 4018 πάντων

2170 4043 2426 4097 ἐπέκεινα
2451 4047 2543 4099 καὶ
2573 4048 2631 4101 ἐν
2659 4051 2772 4110 τοῖς
2799 4051 2934 4103 πᾶσι
2973 4052 3234 4120 γεγονὼς,
3267 4053 3356 4107 διὰ
3392 4055 3451 4106 τὸ
3478 4055 3754 4126 ἀνθρώπι-

2170 4149 2258 4184 νον
2285 4135 2617 4204 σωζόμενον,
2668 4139 2781 4208 ἔχοι
2811 4140 2870 4193 τὸ
2910 4137 3051 4194 εἶναι
3075 4145 3219 4214 πέρα
3251 4130 3472 4213 παντὸς,
3511 4148 3600 4200 καὶ
3643 4148 3753 4201 τῶν

2168 4222 2268 4292 τῆς
2298 4225 2528 4290 κτίσεως
2559 4228 2813 4284 ἐπέκεινα
2843 4234 3077 4303 μέτρων.

483 4329 536 4369 ut
572 4319 624 4370 in
667 4315 916 4368 outnibus
967 4314 1163 4375 iactus,
1206 4320 1426 4381 pmpter
1472 4310 1763 4363 humanam
1809 4319 2058 4364 naturam
2098 4314 2360 4372 salvatam
2425 4321 2496 4374 sit
2529 4337 2693 4391 supra
2722 4341 2933 4390 onmes,
2966 4337 3022 4382 et
3087 4341 3353 4386 creatura:
3383 4333 3751 4387 conditionem

480 4411 731 4464 \‘Xi'Cdﬂi.

475 4523 487 4564 ι
561 4505 617 4556 il.
655 4505 719 4556 At
753 4503 1013 4563 inuretur,
1044 4498 1206 4569 775
1235 4499 1509 4566 inquiunt,
1535 4498 1643 4552 Deo
1664 4497 1842 4552 Verbo
1871 4512 2060 4568 magna

2239 4499 2299 4552 Β.
2355 4501 2495 4553 Ἀλλ’
2529 4504 2950 4576 ἐναπομὰξεται,
2984 4510 3135 4582 φησὶ,
3174 4511 3252 4582 τῷ
3271 4513 3391 4585 Θεῷ
3421 4517 3578 4587 Λόγῳ
3619 4520 3750 4573 πολύ

485 4595 803 4661 ignominia,
839 4595 880 4645 si
923 4595 1135 4645 dicatur
1171 4607 1363 4660 passus
1396 4604 1559 4655 esse;
1597 4600 1653 4644 et
1690 4591 2061 4644 venerandum

481 4697 726 4740 nostrum
763 4685 1080 4752 mysterium
1112 4683 1313 4737 infame
1341 4680 1613 4737 reddetur.

554 4862 617 4912 Α.
661 4859 785 4922 Sed,
815 4867 1121 4926 contempta
1155 4859 1468 4928 ignominia,
1497 4859 1606 4928 pati
1641 4874 1806 4912 carne
1836 4873 1934 4929 pro
1967 4874 2063 4912 no-

483 4955 568 5006 bis
611 4952 808 5012 νυιιιὶι,
855 4952 1148 5005 secundum
1195 4950 1510 5020 Scripturas
1532 4950 1598 5002 δ’,
1645 4950 1753 5019 Ego
1797 4965 1925 5005 vero
1969 4948 2065 5005 Ju-

483 5045 620 5097 daici
656 5045 851 5113 ingenii
885 5045 1154 5106 morbum,
1185 5055 1239 5098 et
1270 5043 1488 5112 gentilis
1522 5043 1842 5112 ignorantire
1871 5044 2061 5096 vitium

485 5150 604 5187 esse
647 5137 948 5188 censuerim
998 5134 1198 5197 dicere,
1246 5134 1550 5202 passionem
1593 5134 1769 5186 crucis
1813 5135 2062 5188 dedecori

485 5239 626 5278 ease.
666 5221 865 5277 Scribit
907 5237 1036 5291 ergo
1077 5224 1146 5275 ita
1190 5225 1403 5276 divinus
1445 5221 1641 5276 Paulus
1678 5240 1693 5276 ι
1739 5243 1754 5274 ι
1796 5224 2062 5289 Quoniam

485 5324 538 5368 et
581 5315 751 5368 Judaei
791 5317 941 5383 signa
989 5325 1199 5382 petunt,
1235 5326 1289 5368 ct
1332 5316 1508 5370 Graeci
1552 5316 1873 5386 sapientiam
1917 5331 2064 5384 qum-

489 5416 611 5458 ruut
645 5426 655 5458 :
689 5422 786 5461 nos
814 5417 999 5459 autem
1037 5407 1394 5472 prtedicautus
1417 5407 1687 5461 Christum
1723 5409 2062 5473 cruciﬁxum,

487 5495 682 5551 inlinis
723 5497 940 5564 quidem
987 5497 1327 5560 scandalum,
1375 5497 1625 5567 gentibus
1665 5509 1843 5553 autem
1887 5500 2068 5553 stulti-

487 5591 614 5641 lium
663 5607 676 5641 :
723 5591 852 5657 ipsis
903 5599 1078 5642 autem
1126 5591 1332 5644 vocatis
1376 5589 1578 5645 Iudaeis
1629 5600 1788 5661 atque
1839 5591 2062 5656 Graecis,

2171 4609 2220 4644 τι
2253 4593 2312 4645 τὸ
2333 4592 2606 4659 δυσκλεὲς,
2637 4598 2697 4650 τὸ
2728 4595 2982 4667 λέγεσθαι
3014 4602 3225 4657 παθεῖν’
3255 4605 3668 4679 διαϐεϐλήσεται
3695 4612 3751 4666 δὲ

2173 4683 2308 4754 πρὸς
2356 4684 2530 4756 τούτῳ
2582 4689 2675 4741 καὶ⁵
2719 4691 2853 4744 αὐτό
2913 4710 3016 4745 που
3060 4697 3202 4766 τάχα
3246 4698 3309 4750 τὸ
3352 4703 3550 4754 σεπτὸν
3595 4703 3753 4772 ἡμῶν

2173 4779 2488 4847 μυστήριον.

2239 4868 2304 4921 Α.
2356 4869 2494 4921 Ἀλλ’
2524 4871 2788 4944 αἰσχύνης
2843 4879 3264 4950 καταφρονήσας
3331 4883 3508 4936 εἵλετο
3561 4885 3752 4939 παθεῖν

2175 4959 2335 5026 σαρκὶ
2361 4957 2426 5009 δι’
2461 4961 2631 5028 ἡμᾶς,
2681 4963 2821 5017 κατὰ
2865 4963 2962 5028 τὰς
3006 4967 3245 5036 Γραφάς.
3285 4971 3651 5042 Ἀῤῥώστημα
3693 4974 3750 5026 δὲ

2173 5049 2366 5119 φρενὸς
2431 5051 2757 5121 Ἰουδαϊκῆς,
2806 5056 2900 5107 καὶ
2946 5057 3046 5125 τῆς
3102 5059 3368 5130 Ἑλλήνων
3425 5063 3752 5135 ἁϐελτηρίας

2172 5140 2426 5211 ἔγκλημα
2479 5143 2647 5196 δεινὸν
2695 5148 3149 5218 καταλογίσαιμεν
3186 5154 3273 5212 ἂν,
3309 5152 3367 5206 τὸ
3402 5155 3752 5226 αἰσχύνεσθαι

2169 5229 2346 5282 δοκεῖν
2379 5231 2437 5283 τὸ
2463 5233 2554 5282 ἐπὶ
2582 5233 2660 5303 τῷ
2701 5239 2919 5307 σταυρῷ
2965 5240 3156 5302 πάθος.
3195 5243 3397 5312 Γράφει
3426 5247 3556 5314 γοῦν
3596 5250 3622 5299 ὁ
3672 5250 3756 5302 οε-

2174 5319 2395 5381 σπέσιος
2424 5320 2669 5386 Παῦλος,
2711 5343 2728 5374 ι
2773 5325 2990 5397 Ἐπειδὴ
3026 5331 3119 5382 καὶ
3161 5331 3400 5386 Ἰουδαῖοι
3438 5340 3635 5407 σημεῖα
3662 5344 3752 5394 αξ-

2171 5409 2344 5476 τοῦσι,
2393 5413 2486 5466 καὶ
2517 5413 2780 5482 ’Έλληνες
2817 5420 3005 5486 σοφίαν
3049 5420 3303 5491 ζητοῦσιν
3326 5468 3338 5489 ,
3373 5430 3534 5497 misi;
3567 5430 3622 5484 δὲ
3653 5451 3752 5504 κη-

2177 5501 2446 5571 ρύσσομεν
2497 5504 2728 5574 Χριστὸν
2782 5509 3232 5581 ἐσταυρωμένον,
3303 5517 3577 5581 Ἰουδαίοις
3656 5501 3759 5592 μέν

2178 5595 2489 5661 σκάνδαλον,
2524 5596 2700 5650 ἔθνεσι
2731 5598 2786 5651 δὲ
2821 5602 3060 5672 μωρίαν,
3093 5605 3269 5670 αὐτοῖς
3302 5608 3355 5660 δὲ
3397 5615 3506 5672 τοῖς
3538 5617 3763 5683 adq-tui;

555 5787 601 5816 ⁸³
643 5787 826 5872 [μοι’.-
853 5803 902 5853 v,
941 5786 1001 5854 7;
1036 5787 1365 5872 lit-binum!
1385 5789 1446 5872 ί...
1489 5789 1554 5872 ,⁸³
1594 5789 1714 5842 Act.
1755 5804 1842 5872 χιχ,
1877 5790 1983 5872 23;-
2030 5789 2060 5872 If

2191 5759 2316 5845 Cn}.
2348 5793 2579 5872 gnua}.
2644 5796 2770 5872 Δινδ-ι
2809 5797 2934 5852 Cor.
2971 5816 3042 5860 γι,
3081 5804 3161 5858 i9.
3243 5806 3283 5834 ατ
3329 5803 3366 5858 ιι
3409 5808 3531 5862 Cur.
3573 5824 3622 5864 ν.
3656 5809 3750 5872 lii,

489 5856 572 5913 16.
650 5858 693 5888 ³⁸
734 5859 902 5909 Calai.
944 5873 1000 5924 ιι,
1043 5858 1242 5925 19,Ξ).υ.
1307 5860 1365 5889 "’
1408 5858 1568 5916 Hebr.
1623 5875 1738 5924 aut,
1776 5861 1860 5915 l2.
1940 5861 1984 5891 ⁸ο
2024 5859 2060 5913 C

2168 5878 2233 5919 ss.
2270 5879 2307 5928 ι,
2346 5856 2558 5930 εἰμὲΐ.
2640 5868 2678 5896 ⁶¹
2721 5867 2876 5923 Joan.
2917 5856 3039 5939 xw,
3073 5856 3122 5925 6.

3239 5877 3280 5906 “
3349 5876 3510 5932 lichi'.
3551 5893 3646 5944 ιιι,
3691 5884 3753 5935 :2.
