4058 6328
236 424 239 427 ’
351 451 475 505 tam

1485 444 1675 512 QUOD
1717 443 1904 500 UNUS
1946 445 2055 500 SIT
2095 443 2469 501 CHRISTUS.

3503 437 3637 493 {36?

347 565 501 627 ῦλαις
531 561 800 632 ὁμιλῆσαν
822 560 882 612 τὸ
910 558 1042 629 πῦρ,
1076 559 1253 615 καίτοι
1280 558 1488 629 θερμὰς
1510 559 1612 610 οὐκ
1637 557 1805 621 οὔσας
1834 556 1918 609 αὑ-

2040 573 2145 614 ηοη
2183 568 2285 613 est.
2322 558 2454 613 Nam
2492 558 2539 614 si
2576 573 2761 613 verum
2800 566 2883 612 est
2921 554 3065 626 quod
3108 552 3248 625 ignis
3281 553 3425 608 circa
3468 564 3639 607 mate-

346 656 443 718 τὰς
474 655 592 708 κατ’
627 654 762 707 ἰδίαν
790 652 974 721 φύσιν,
1005 652 1297 721 ἀποφαίνει
1327 649 1539 720 θερμάς
1559 666 1573 680 ·
1610 650 1791 719 ἐνίησι
1823 649 1932 721 γὰρ

346 748 440 800 καὶ
484 735 664 817 μάλα’
684 744 957 807 πλουσίως
988 744 1181 807 αὑταῖς
1209 742 1310 812 τῆς
1334 740 1563 811 ἐνούσης
1592 740 1741 812 αὐτῷ
1768 741 1931 795 δυνά-

345 856 492 908 μεως
524 826 622 908 τὴν
647 836 930 907 ἐνέργειαν
952 854 963 865 ·
992 836 1109 900 πῶς
1135 837 1197 890 ού
1248 835 1451 906 μᾶλλον
1480 835 1657 905 ὲνίησι
1693 834 1826 899 Θεὸς
1857 832 1933 888 ὢν

342 932 372 983 ό
401 930 573 997 Λόγος
599 933 666 1000 τῇ
696 928 807 1000 ίδίςι⁸
844 930 1033 1000 σαρκὶ,
1058 927 1157 999 τὴν
1188 927 1454 992 ζωοποιδν
1481 926 1678 980 ἑαυτοῦ
1700 926 1933 997 δύναμιν

345 1022 439 1077 καὶ
490 1022 810 1092 ἐνέργειαν,
876 1020 1170 1074 ἑνωθεῖσαν
1221 1021 1360 1091 αὐτῇ
1411 1020 1509 1073 καὶ
1572 1019 1706 1073 ίδίαν
1759 1018 1932 1088 αὐτὴν

339 1115 649 1187 ἀποφήνας,
694 1114 1039 1186 ἀσυγχύτως,
1072 1112 1378 1185 ἀτρέπτως,
1417 1113 1511 1167 καὶ
1550 1113 1674 1167 καθ’
1715 1112 1774 1166 ὃν
1822 1110 1931 1167 οἵδε

339 1208 539 1278 τρόπον
569 1208 731 1269 αὑτός
751 1224 765 1266 :

410 1382 471 1435 Β.
526 1382 846 1452 Ἀναγκαῐον
906 1377 1001 1437 οῦν
1052 1382 1161 1455 ἄρα
1232 1382 1647 1452 συνομολογεῖν,
1710 1381 1928 1445 οὐδενὸς

335 1473 528 1545 ἑτέρου
564 1475 1014 1546 μεσολαϐοῦντοῖ,
1063 1475 1346 1538 παντελῶς
1398 1476 1529 1528 ἴδιον
1575 1474 1829 1540 γενέσθαι
1867 1473 1928 1526 τὸ

337 1566 502 1636 σῶμα
544 1566 639 1621 τοῦ
674 1569 737 1620 ἐκ
776 1567 869 1621 τοῦ
902 1568 1113 1639 [ἰατρὸς
1138 1568 1291 1631 ὄντος
1322 1567 1523 1636 Λόγου,
1570 1566 1673 1619 κᾶν
1709 1564 1926 1635 ὲψυχω-

335 1658 498 1728 μένον
527 1660 699 1713 νοοῖτο
726 1661 873 1731 ψυχῇ
901 1662 1083 1731 νοερᾷ.

406 1753 468 1803 Α.
500 1750 647 1805 Πάνυ
678 1751 778 1822 μὲν
803 1750 919 1817 οὖν,
948 1755 996 1806 εί
1016 1753 1108 1805 τὸν
1135 1751 1351 1821 ἀπλανῆ
1379 1754 1479 1823 τῆς
1508 1751 1745 1815 πίστεως
1774 1749 1928 1820 ὀρθο-

329 1841 605 1912 τομοῦμεν
654 1843 830 1911 λόγον,
871 1845 966 1897 καὶ
1012 1844 1121 1897 τῶν
1169 1844 1270 1913 τῆς
1318 1843 1577 1915 ἀληθείας
1628 1842 1921 1913 δογμάτων

2037 652 2173 705 riam
2206 650 2446 720 aliquam
2479 666 2733 716 versans,
2769 664 2891 704 eam
2923 662 3045 719 qua:
3077 645 3280 715 alioqui
3311 660 3377 699 ex
3410 660 3507 699 sua
3542 661 3639 700 na-

2034 754 2154 798 tura
2190 744 2367 799 calida
2403 758 2509 799 non
2545 752 2627 799 est
2650 783 2664 807 ,
2701 742 2935 797 calidam
2972 738 3138 795 elﬁcit
3174 737 3458 808 (immittit
3492 738 3637 793 enim

2033 834 2083 890 ei
2123 833 2339 889 abunde
2381 832 2657 889 facultatis
2697 847 2803 902 qua
2846 829 3107 901 praeditus
3145 835 3229 881 est
3266 825 3633 893 emcaciam).

2032 942 2139 997 quo
2165 935 2324 996 pacto
2352 941 2456 981 non
2486 925 2669 994 potius
2696 921 2946 978 immittit
2974 919 3117 974 Deus
3136 915 3376 972 Verbum
3403 913 3638 985 propria:

2032 1019 2186 1075 carni
2224 1018 2591 1073 vivificantem
2629 1030 2783 1071 suam
2819 1014 3077 1068 virtutem
3126 1018 3292 1081 atque
3348 1006 3633 1077 operatio-

2030 1127 2180 1176 nem,
2209 1127 2331 1167 cum
2364 1111 2509 1166 illam
2540 1108 2641 1165 sibi
2674 1108 2884 1163 unitam
2913 1116 2967 1162 et
2984 1104 3287 1175 propriam,
3323 1101 3460 1155 citra
3494 1113 3627 1153 con—

2029 1204 2298 1259 fusionem
2337 1212 2431 1259 aut
2465 1202 2825 1258 mulationem
2860 1208 2915 1257 et
2953 1212 3062 1269 quo
3098 1195 3215 1267 ipse
3251 1194 3402 1249 novit
3440 1192 3625 1255 modo.

2028 1294 2363 1352 declaravit?

2102 1391 2160 1445 Β.
2208 1388 2585 1445 Necessarium
2618 1388 2799 1458 itaque
2825 1394 2910 1442 est
2940 1384 3130 1449 fateri,
3165 1381 3381 1439 nemine
3411 1378 3518 1433 alio
3547 1378 3633 1433 iu-

2028 1484 2395 1550 tervenieute,
2434 1483 2677 1553 perfecte
2712 1481 2995 1551 proprium
3035 1478 3238 1533 factum
3275 1487 3399 1531 esse
3432 1487 3631 1542 corpus

2028 1577 2208 1633 Verbo
2241 1591 2304 1631 ex
2344 1576 2527 1642 Patre,
2564 1575 2784 1630 tametsi
2820 1573 3003 1629 anima
3047 1568 3383 1641 intelligente
3415 1566 3627 1621 anima-

2026 1681 2138 1727 tum
2171 1671 2499 1727 censeatur?

2094 1762 2160 1817 Α.
2202 1759 2460 1826 Omnino,
2496 1760 2542 1817 si
2587 1768 2793 1816 rectum
2838 1766 2893 1815 et
2931 1757 3205 1813 sincerum
3249 1751 3371 1807 lldei
3415 1764 3629 1805 sermo-

2023 1868 2147 1910 nem
2184 1864 2372 1909 tenere
2402 1852 2665 1919 velimus,
2699 1862 2757 1907 et
2787 1850 2957 1923 7³18
2991 1848 3303 1918 dogmatum
3336 1842 3625 1897 veritatem

328 1930 499 1999 ἔσμεν
546 1932 777 2004 ἐρασταὶ
800 1975 814 1999 ,
862 1934 958 1988 καὶ
987 1936 1099 1988 τῶν
1138 1936 1309 2003 ἁγίων
1340 1936 1601 2005 Πατέρων
1649 1936 1750 1989 οὐκ
1788 1937 1918 1989 ἀπο-

2031 1960 2309 2010 amamus,
2340 1954 2505 2015 atque
2535 1960 2563 1997 a
2596 1943 2803 1999 sanctis
2835 1940 3093 1998 Patribus
3118 1954 3223 1994 non
3253 1934 3624 2009 deﬂectimus,

330 2024 625 2095 φερόμενοι
673 2026 775 2098 τῆς
834 2026 1085 2091 εὐθείας,
1139 2027 1263 2081 οὔτε
1322 2027 1431 2099 μὴν
1482 2028 1583 2100 τὴν
1635 2027 1923 2100 βασιλικὴν

326 2117 565 2184 ὰψέντες
611 2118 821 2190 τρίϐον,
872 2120 969 2173 καὶ
1017 2122 1138 2185 ταῖς
1190 2138 1352 2175 τινων
1398 2120 1805 2191 είκαιομυθίαις
1842 2123 1925 2185 είς

327 2207 582 2280 κίϐδηλον
614 2209 738 2265 νοῦν
769 2213 1235 2285 ἀποκομιζόμενοι
1256 2255 1271 2279 ,
1307 2213 1825 2285 ἐποικοδομούμενοι
1863 2213 1921 2268 δὲ

330 2302 534 2379 μᾶλλον
580 2305 669 2358 ἐπ’
714 2306 867 2377 αὐτῷ
914 2306 991 2377 τῷ
1035 2306 1312 2378 θεμελίῳ,
1372 2306 1621 2361 τουτέστι
1674 2304 1918 2378 Χριστῷ.

332 2415 352 2447 ε
389 2396 653 2466 Θεμέλιον
679 2398 790 2471 γὰρ
814 2400 973 2453 ἄλλον
994 2400 1169 2464 οὐδεὶς
1194 2398 1422 2454 δύναται
1448 2401 1622 2453 θεῖναι
1651 2398 1803 2472 παρὰ
1825 2398 1919 2453 τὸν

326 2489 598 2559 κείμενον,
640 2510 659 2543 ι
700 2491 842 2545 καθὰ
890 2492 1173 2562 γέγραφεν
1197 2492 1413 2563 ἀληθῶς
1462 2495 1491 2547 ό
1538 2491 1703 2562 σοφὸς
1760 2493 1921 2563 ἀρχι-

322 2580 549 2647 τέκτων,
578 2584 671 2637 καὶ
699 2583 809 2637 τῶν
837 2584 1003 2638 αὐτοῦ
1043 2585 1360 2656 μυστηρίων
1417 2584 1723 2657 ίερουργός.
1778 2585 1917 2638 Ἕνα

322 2674 615 2747 τοιγαροῦν
654 2677 746 2730 τὸν
792 2677 923 2730 Υἰὸν
967 2675 1063 2730 τοῦ
1096 2676 1234 2731 Θεοῦ
1281 2677 1377 2731 καὶ
1406 2676 1623 2747 Πατρὸς
1651 2671 1793 2731 εἶναι
1834 2692 1918 2729 πι-

323 2764 611 2836 στεύομεν,
640 2769 734 2821 καὶ
765 2769 824 2821 ὲν
846 2768 927 2822 ἑνὶ
956 2768 1234 2841 προσώπῳ
1261 2769 1554 2839 νοούμενον
1584 2767 1677 2822 τὸν
1706 2767 1915 2839 Κύριον

320 2858 480 2927 ἡμῶν
516 2858 723 2929 Ἰησοῦν
759 2862 1016 2932 Χριστὸν,
1054 2861 1385 2933 γεννηθέντα
1426 2862 1526 2933 μὲν
1556 2864 1622 2915 έκ
1648 2859 1743 2913 τοῦ
1770 2858 1908 2913 Θεοῦ

321 2950 419 3003 καὶ
447 2951 681 3023 Πατρὸς,
728 2951 927 3018 θεῖκῶς
950 2994 966 3019 ,
1010 2953 1087 3016 ὡς
1110 2955 1304 3021 Λόγον,
1339 2953 1446 3024 πρὸ
1478 2954 1680 3017 παντὸς
1713 2951 1912 3016 αίῶνος

321 3041 419 3094 καὶ
444 3044 639 3113 χρόνου
666 3060 679 3074 ·
718 3047 776 3099 ὲν
805 3045 1059 3117 ἐσχάτοις
1090 3044 1145 3099 δὲ
1176 3044 1272 3099 τοῦ
1300 3044 1500 3110 αίῶνος
1543 3047 1779 3117 καιροῖς,
1819 3043 1911 3097 τὸν

320 3135 485 3188 αὑτὸν
513 3137 779 3204 γεγονότα
812 3137 955 3191 κατὰ
1001 3138 1182 3210 σάρκα
1227 3138 1292 3191 ὲκ
1323 3138 1585 3206 γυναικὸς
1607 3175 1624 3202 ,
1660 3134 1812 3207 αῦτῷ
1849 3154 1910 3190 τε

320 3214 743 3297 προσνεμοῦμεν
790 3230 860 3282 τά
900 3245 960 3281 τε
994 3228 1275 3300 θεοπρεπῆ
1312 3228 1408 3282 καὶ
1452 3229 1521 3282 τὰ
1562 3228 1903 3299 ἀνθρώπινα,

2027 2051 2212 2107 neque
2237 2038 2453 2093 deserta
2483 2038 2567 2091 via
2602 2036 2782 2109 regia,
2813 2035 3045 2091 aliorum
3074 2046 3216 2088 vana
3248 2040 3410 2101 atque
3438 2029 3622 2083 inania

2025 2139 2335 2184 commenta
2364 2138 2662 2194 sectamur,
2692 2128 2745 2182 in
2775 2127 3066 2198 reprobam
3094 2132 3333 2181 mentem
3358 2120 3575 2176 abducti
3605 2136 3620 2173 :

2024 2217 2122 2274 sed
2170 2220 2351 2289 potius
2402 2234 2567 2289 super
2640 2219 2817 2287 ipsum
2870 2215 3319 2278 fundamentum,
3388 2212 3491 2267 hoc
3539 2219 3625 2265 est

2022 2308 2323 2375 Christum,
2358 2309 2718 2367 aedificamus.
2760 2326 2778 2360 ι
2817 2306 3257 2362 Fundamentum
3294 2305 3439 2359 enim
3476 2302 3623 2356 aliud

2021 2416 2183 2458 nemo
2206 2410 2385 2473 potest
2408 2415 2630 2472 ponere,
2658 2408 2856 2470 praeter
2880 2399 2933 2455 id
2956 2398 3099 2470 quod
3125 2396 3365 2469 positum
3390 2394 3564 2455 est";
3596 2412 3618 2447 ι

2020 2504 2081 2551 ut
2106 2510 2235 2551 vere
2267 2494 2489 2565 scripsit
2515 2497 2737 2565 sapiens
2766 2492 2855 2548 ille
2882 2488 3307 2556 architectus",
3335 2497 3391 2544 et
3421 2499 3621 2559 myste-

2018 2588 2228 2644 riorum
2271 2588 2369 2644 Dei
2413 2586 2834 2643 administrator
2855 2587 2925 2642 "'.
2973 2585 3152 2642 Unum
3198 2585 3381 2654 itaque
3418 2580 3619 2636 Filium

2016 2679 2113 2735 Dei
2151 2695 2216 2735 ac
2250 2679 2431 2735 Patris
2463 2694 2585 2735 esse
2620 2679 2922 2746 credimus,
2950 2685 3004 2732 et
3034 2677 3090 2731 in
3122 2691 3231 2731 una
3264 2689 3496 2746 persona
3535 2674 3618 2726 in-

2016 2771 2294 2827 tellectum
2326 2772 2615 2826 Dominum
2648 2780 2895 2826 nostrum
2925 2768 3110 2826 Iesum
3140 2767 3443 2830 Christum,
3470 2767 3620 2837 geni-

2014 2873 2131 2919 tum
2160 2864 2379 2933 quidem
2411 2878 2475 2919 ex
2510 2862 2623 2918 Deo
2650 2873 2705 2917 et
2735 2862 2900 2917 Patre
2929 2863 3222 2926 divinitus,
3258 2869 3315 2915 ut
3339 2859 3577 2915 Verbum
3601 2901 3617 2924 ,

2013 2967 2141 3011 ante
2184 2955 2367 3011 omnia
2408 2954 2604 3011 saecula
2647 2962 2703 3009 et
2750 2962 3026 3025 tempora,
3070 2952 3384 3008 novissimis
3429 2960 3615 3006 autem

2011 3046 2199 3102 smculi
2238 3047 2573 3117 temporibus
2608 3045 2861 3100 eumdem
2895 3044 3097 3100 factum
3130 3058 3355 3099 carnem
3393 3057 3459 3097 ex
3499 3059 3621 3095 nill-

2010 3138 2168 3204 liere,
2198 3140 2412 3210 ipsique
2449 3138 2739 3194 tribuimus
2761 3151 2817 3192 et
2853 3137 3066 3193 divinas
3097 3147 3153 3192 et
3188 3140 3457 3191 humanas
3493 3150 3617 3204 pro-

2014 3234 2281 3303 prietates
2315 3252 2327 3287 :
2361 3242 2416 3290 et
2448 3232 2592 3287 illius
2630 3233 2829 3287 factam
2860 3245 2985 3287 esse
3011 3230 3244 3286 dicimus
3276 3231 3617 3285 nativitatem

321 3319 417 3371 καὶ
440 3318 602 3372 αὑτοῦ
631 3319 887 3388 γενέσθαι
916 3320 1099 3391 φαμὲν
1121 3297 1220 3391 τὴν
1243 3297 1386 3375 κατὰ
1418 3320 1599 3391 σάρκα
1628 3297 1907 3391 γέννησιν,

2027 3326 2313 3379 secundum
2341 3318 2603 3389 'carnem,
2640 3333 2696 3377 et
2732 3322 3045 3392 passionem
3085 3321 3141 3376 in
3181 3336 3379 3386 cruce,
3416 3322 3614 3392 quippe

316 3414 416 3465 καὶ
456 3410 517 3464 τὸ
556 3412 650 3464 ἐπὶ
690 3412 799 3465 τοῦ
830 3411 1067 3485 σταυροῦ
1118 3412 1290 3479 πάθος
1317 3455 1332 3481 ,
1380 3411 1755 3483 οίκειουμένου
1808 3412 1909 3483 μὲν

316 3501 537 3556 ἅπαντα
580 3504 649 3557 τὰ
694 3504 794 3575 τῆς
835 3504 974 3569 ἰδίας
1009 3506 1211 3578 σαρκὸς
1236 3548 1249 3572 ,
1290 3505 1668 3577 μεμενηκότος
1705 3520 1769 3573 γε
1803 3503 1910 3575 μὴν

318 3594 567 3660 ἀπαθοῦς
604 3596 703 3667 τῆς
753 3596 1008 3668 θεότητος
1056 3597 1236 3667 φύσει.
1279 3598 1540 3669 Κάμπτει
1586 3600 1695 3667 γάρ
1732 3592 1908 3659 οὕτως

319 3687 473 3757 αύτῷ
516 3689 624 3740 πᾶν
656 3689 820 3756 γόνυ,
869 3691 961 3743 καὶ
1004 3692 1154 3743 πᾶσα
1200 3690 1425 3758 γλῶσσα
1465 3688 1902 3759 ὲξομολογεῖται,

315 3780 404 3831 ὅτι
445 3779 647 3847 Κύριος
691 3781 899 3853 Ἰησοῦς
953 3784 1187 3855 Χριστὸς
1230 3784 1309 3849 εἰς
1350 3781 1507 3849 δόξαν
1538 3781 1631 3836 τοῦ
1664 3780 1901 3851 Πατρός.

333 3872 526 3944 ’Ἀμήν-

2016 3415 2109 3484 qui
2148 3415 2331 3469 omnia
2374 3412 2476 3468 sibi
2517 3411 2789 3481 adaptarit
2824 3425 2945 3483 quae
2983 3411 3134 3466 carni
3175 3425 3289 3466 sua:
3324 3420 3452 3465 sunt
3491 3424 3618 3480 pro-

2018 3507 2168 3577 pria;
2200 3516 2453 3561 manente
2488 3506 2705 3560 inierint
2744 3514 2938 3559 natura
2987 3503 3205 3561 deitatis
3236 3513 3459 3574 experte
3493 3520 3614 3573 pas-

2016 3598 2212 3656 sionis.
2244 3596 2357 3652 Hac
2386 3595 2532 3651 enim
2567 3596 2779 3651 ratione
2810 3594 2883 3650 illi
2916 3592 3151 3650 ﬂectitur
3178 3610 3339 3650 omne
3366 3609 3529 3665 genu,
3562 3607 3616 3647 «ιι

2014 3690 2194 3749 omnis
2220 3689 2400 3759 lingua
2426 3690 2718 3745 coniltetur
2741 3689 2866 3760 quia
2893 3688 3153 3746 Dominus
3175 3687 3333 3746 Jesus
3361 3688 3613 3745 Chrisuts

2014 3784 2068 3841 in
2098 3784 2265 3857 gloria
2298 3782 2474 3840 Patris
2497 3782 2563 3838 ".
2596 3784 2788 3839 Amen.
3242 3810 3299 3827 υ

393 4053 438 4085 ⁷³
474 4051 494 4106 l
530 4051 657 4109 Cor.
686 4066 772 4117 ιιι,
809 4051 896 4108 Η.
972 4051 1018 4085 ⁷⁵
1061 4052 1194 4110 Ibid.
1234 4052 1319 4108 10.
1400 4054 1445 4087 ⁷⁸
1488 4052 1503 4105 1
1544 4051 1671 4111 Cor.
1721 4069 1794 4123 Iv,
1833 4056 1880 4109 Ι.

2052 4054 2286 4126 Philipp.
2328 4068 2387 4122 tt,
2426 4052 2514 4123 10,
2554 4055 2641 4111 ll.
