4058 6328
511 438 650 493 15ῧῖ
1534 445 1589 499 S.
1634 445 1909 501 CYRILLI
1951 447 2415 504 ALEXARDRINI
2455 451 2773 509 ARCHIEP.
3638 452 3769 511 1368

516 590 3752 638 W

1479 801 2047 934 SANCTI
2142 807 2797 935 CYRILLI

1713 1057 2184 1116 ALEXANDRINI
2223 1060 2545 1121 ARCHIEP.

871 1254 1378 1349 SCHOLIA
1468 1261 1620 1361 DE
1703 1261 2612 1354 INCARNATIONE
2691 1263 3389 1356 UNIGENITI.

560 1472 652 1534 (lix
688 1475 807 1523 edit.
841 1473 895 1524 Ρ.
927 1476 1170 1537 Garnerii,
1202 1478 1327 1541 Opp.
1358 1478 1495 1531 Marii
1521 1480 1827 1539 llercatoris,
1858 1480 2352 1604 additragruaggleptis
2380 1480 2566 1543 Graecis
2588 1495 2699 1546 qua
2728 1483 2944 1533 Joannes
2962 1481 3241 1533 Autbertus
3272 1492 3334 1529 ex
3360 1474 3529 1526 codice
3555 1476 3720 1539 Regio

1750 1858 2510 1964 ADMONITIO.

582 2238 869 2296 Tractattrs
901 2241 1021 2304 iste,
1060 2256 1163 2295 non
1196 2242 1539 2311 praestantior
1566 2256 1730 2311 quam
1760 2241 1968 2305 utilior,
1997 2242 2314 2297 inscribitur
2362 2242 2581 2298 Scholia
2611 2244 2675 2297 de
2704 2243 3071 2296 incarnatione
3107 2242 3379 2313 Unigeniti
3410 2259 3427 2295 :
3480 2253 3773 2313 propterea

501 2334 641 2400 quod
672 2333 913 2388 continet
941 2349 1045 2388 non
1084 2343 1293 2387 tantum
1321 2333 1739 2402 explicationem
1783 2332 1945 2387 trium
1992 2347 2188 2388 vocum
2223 2332 2520 2389 dilllcilium
2567 2332 2869 2399 intellectu,
2906 2332 3175 2399 Christus,
3223 2332 3560 2399 Emmanuel,
3590 2332 3772 2396 Jews,

500 2440 730 2491 quarum
766 2426 1098 2495 pramatione
1133 2441 1269 2496 opus
1303 2435 1386 2481 est
1418 2427 1483 2481 ad
1517 2425 1833 2495 mysterium
1878 2426 2272 2482 incarnationis
2322 2428 2617 2484 Dominica‘.
2668 2429 3043 2493 tractandum;
3096 2428 3189 2482 sed
3226 2426 3395 2481 etiam
3446 2426 3773 2483 solutionem

503 2519 791 2586 implicatrc
826 2523 1161 2590 quaestionis,
1207 2524 1479 2592 quomodo
1525 2524 1644 2577 duae
1695 2534 1931 2589 naturae,
1969 2522 2089 2577 sine
2128 2525 2446 2580 confusione
2492 2534 2549 2578 et
2582 2524 2961 2589 conversione,
3004 2526 3358 2579 convenerint
3404 2524 3458 2579 in
3506 2525 3773 2579 unitatem

503 2631 746 2681 persona:
790 2618 1005 2685 divinae,
1041 2633 1269 2688 eamque
1311 2637 1420 2677 non
1474 2622 1734 2691 σχετικὴν
1790 2626 1847 2672 et
1895 2617 2105 2673 morale:

2173 2658 2185 2686 ,
2233 2620 2329 2675 sed
2379 2618 2616 2690 φυσικὴν
2666 2627 2720 2676 et
2762 2620 3152 2675 substatttivam
3203 2638 3215 2672 :
3259 2621 3351 2690 qui
3391 2619 3562 2675 cardo
3611 2619 3775 2675 totius

502 2712 816 2778 qumstionis
854 2722 999 2767 tanta
1034 2714 1398 2768 commotione
1429 2714 1593 2769 totius
1620 2714 1768 2769 orbis
1799 2716 2037 2783 agitata.

572 2806 689 2871 Quo
713 2816 934 2862 auctore
958 2807 1194 2875 scriptus
1225 2809 1320 2873 sit,
1339 2808 1589 2861 dubitare
1626 2822 1732 2860 non
1762 2806 1909 2873 licet,
1938 2823 2060 2862 cum
2090 2803 2469 2859 Theodoretus
2497 2804 2549 2858 in
2574 2804 2816 2860 secundo
2841 2804 3055 2874 dialogo
3078 2804 3170 2873 qui
3199 2805 3403 2859 dicitur
3430 2803 3774 2873 Inconftmts,

502 2897 613 2955 Leo
636 2899 860 2970 Magnus
885 2900 1111 2970 epistola
1141 2899 1234 2964 97,
1258 2899 1547 2953 concilium
1574 2897 2021 2955 Chalcedonense
2048 2898 2263 2952 actione
2286 2896 2322 2951 ἓ
2348 2896 2401 2951 in
2434 2895 2564 2961 tlne,
2594 2895 2882 2950 Facundos
2912 2896 3318 2953 llermianensis
3341 2897 3497 2953 libris
3514 2912 3585 2951 vn
3616 2905 3671 2951 et
3694 2912 3774 2962 xt,

504 2993 769 3047 Leontius
803 2992 1161 3047 scholasticus
1184 2992 1357 3046 librat
1383 3002 1569 3046 contra
1594 2991 1951 3047 Nestorianos
1971 3000 2023 3047 et
2050 2990 2437 3060 Eutycbianos,
2464 2989 2683 3058 aliique,
2719 3006 2823 3043 non
2850 2998 3059 3045 tantum
3091 2990 3255 3059 hujus
3284 2990 3490 3061 operis,
3517 2998 3773 3059 tanquam

504 3108 534 3141 a
572 3088 772 3157 Cyrilio
801 3088 951 3154 editi,
988 3089 1368 3155 meminerint,
1406 3088 1501 3145 sed
1539 3104 1603 3143 ex
1643 3102 1708 3142 eo
1739 3099 1957 3157 quoque
1993 3085 2058 3139 ad
2097 3084 2527 3140 conﬁrmandam
2569 3084 2725 3138 iidem
2768 3084 3080 3139 testimonia
3122 3084 3580 3155 deprompserint.
3620 3082 3773 3137 Adde

503 3182 647 3246 quod
690 3182 741 3233 in
783 3179 1108 3235 bibliotheca
1164 3180 1327 3251 Regia
1381 3181 1603 3234 Parisiis
1647 3194 1751 3233 non
1801 3178 2013 3233 modica
2054 3192 2182 3246 pars
2230 3175 2419 3231 Graece
2471 3176 2719 3241 habetur,
2766 3176 2957 3248 Cyrilli
3000 3176 3223 3232 nomine
3276 3176 3561 3246 inscripta,
3612 3190 3773 3246 quam

500 3274 740 3327 .lmmnes
768 3274 1061 3327 Autbertus
1093 3273 1366 3326 transtulit
1395 3273 1444 3326 iu
1479 3288 1629 3327 suam
1659 3270 1893 3339 Operum
1916 3269 2102 3339 Cyrilli
2134 3267 2607 3324 Greco-Latinam
2635 3268 2950 3334 editionem,
2979 3278 3124 3323 tonio
3154 3266 3221 3332 γ,
3264 3278 3421 3338 parte
3452 3284 3490 3323 t.

576 3373 693 3436 Quo
751 3382 993 3439 tempore
1048 3370 1380 3437 compositus
1437 3368 1621 3432 fuerit,
1668 3366 1937 3435 conjicere
1982 3380 2049 3419 ex
2089 3379 2154 3419 eo
2203 3364 2351 3429 licet,
2406 3366 2550 3433 quod
2608 3363 2711 3418 etsi
2763 3373 2954 3418 contra
3015 3364 3329 3419 Nestorium
3379 3373 3603 3418 sanctus
3648 3361 3771 3416 ﬁdei

507 3466 757 3517 defensor
806 3466 1067 3533 disputet,
1105 3479 1227 3517 eum
1263 3471 1444 3516 tamen
1487 3464 1703 3517 nomine
1735 3478 1839 3515 non
1888 3459 2149 3530 appellet,
2193 3458 2388 3514 solitus
2428 3458 2629 3528 alioqui
2672 3474 2779 3514 non
2821 3468 3039 3526 tacere,
3077 3468 3200 3528 post
3234 3458 3773 3526 condemnationem,

508 3560 617 3611 imo
646 3570 696 3613 et
732 3573 858 3614 ante
890 3559 1420 3629 condemnationem,
1466 3558 1650 3611 statim
1692 3567 1854 3625 atque
1901 3556 1969 3609 iis
2016 3554 2175 3624 quasi
2217 3555 2486 3609 intentata
2520 3563 2644 3619 est,
2687 3561 3033 3622 coeptumque
3077 3552 3159 3622 agi
3206 3551 3360 3618 jure,
3406 3551 3457 3605 id
3495 3559 3613 3617 est,
3653 3564 3775 3620 post

508 3658 729 3709 missam
777 3669 899 3709 cum
952 3653 1148 3707 summi
1193 3652 1463 3720 pontiﬁcis
1537 3651 1729 3704 litteris
1775 3650 2130 3718 depositionis
2171 3649 2499 3703 sententiam
2537 3647 2947 3701 continentibus
2994 3647 3309 3716 synodicam
3348 3661 3416 3700 ex
3450 3644 3773 3715 Aigyptiaca

510 3753 715 3826 synodo
744 3749 1055 3817 epistolam,
1086 3748 1372 3817 capitaque
1413 3745 1719 3810 duodecim,
1752 3747 1844 3815 qui
1896 3743 2341 3799 anathematisml
2375 3743 2656 3799 dicuntur.
2702 3741 3047 3813 Compositus
3093 3743 3258 3812 igitur
3300 3742 3407 3797 dici
3452 3742 3613 3798 debet
3650 3749 3776 3797 ante

509 3842 798 3896 concilium
827 3840 1179 3910 Ephesinum.

582 3940 687 3994 Sed
723 3955 828 4007 quo
867 3940 918 3992 in
966 3938 1106 4005 loco,
1140 3951 1313 4005 quove
1353 3936 1659 3991 distinctius
1699 3934 1981 4004 tempore?
2021 3933 2241 4002 Ephesi,
2290 3932 2602 4003 opinabitur
2642 3932 2781 3987 forte
2819 3931 3123 4000 quispiam,
3166 3940 3292 3986 tunc
3339 3947 3462 3986 cum
3506 3931 3771 4002 Cyrillus,

510 4040 639 4109 ipsis
678 4037 1017 4105 exigentibus
1068 4034 1387 4099 catholicis,
1433 4048 1707 4103 exponere
1760 4041 1984 4087 coaetus
2034 4040 2117 4085 est
2161 4032 2443 4096 nonnulla,
2495 4046 2617 4101 quae
2661 4029 2824 4100 paulo
2881 4029 2965 4082 vel
3021 4027 3279 4093 duriora,
3331 4028 3413 4082 vel
3458 4029 3771 4083 obscuriora

511 4135 831 4185 videbantur
880 4132 931 4183 in
978 4129 1478 4193 anathematismis,
1518 4126 1815 4197 praesertim
1857 4138 1914 4179 ut
1952 4124 2290 4195 propulsaret
2334 4125 2589 4179 invidiam
2627 4124 2728 4179 sibi
2772 4124 2837 4176 ab
2887 4121 3218 4175 adversariis
3256 4120 3577 4186 conﬂatam,
3617 4124 3772 4189 quasi

512 4240 633 4279 eum
662 4224 1062 4294 Apollinaristis
1093 4224 1342 4289 sentiret,
1374 4223 1584 4276 unicam
1616 4236 1734 4275 esse
1772 4220 1825 4273 in
1859 4219 2079 4273 Christo
2115 4229 2388 4283 naturam,
2424 4232 2748 4286 versumque
2776 4217 2825 4270 in
2854 4231 3071 4271 carnem
3108 4213 3339 4269 Verbum
3366 4216 3626 4269 divinum.

578 4319 687 4389 Ego
721 4334 849 4372 vero
884 4316 1227 4370 Alexandria:
1255 4316 1515 4383 scriptum
1545 4323 1693 4383 puto,
1722 4314 1876 4382 longe
1902 4320 2059 4365 antea
2089 4328 2101 4363 :
2139 4312 2372 4381 Cyrillus
2423 4325 2656 4381 namque
2691 4320 2979 4377 antequam
3019 4310 3390 4377 responderet,
3427 4310 3509 4365 vel
3545 4310 3775 4365 Androm

512 4418 904 4479 Samosateuo,
961 4414 1044 4468 vel
1085 4412 1456 4476 Theodoreto,
1508 4410 1998 4465 anathematismos
2045 4408 2607 4479 reprehendentibus,
2666 4408 2717 4460 id
2769 4406 2951 4475 operis
2998 4406 3263 4473 suscepit,
3322 4422 3429 4476 quo
3482 4406 3774 4461 instrueret

513 4511 885 4577 disputaturos
917 4522 1013 4575 pro
1045 4504 1172 4568 tide,
1200 4503 1266 4559 de
1294 4502 1483 4573 primis
1514 4502 1666 4572 quasi
1699 4501 2014 4556 notionibus
2043 4515 2269 4566 vocum,
2302 4508 2465 4567 atque
2501 4498 2619 4552 aliis
2650 4497 2942 4559 nonnullis,
2975 4497 3171 4564 quibus
3206 4496 3346 4551 inter
3388 4498 3770 4565 diSputattdum

512 4620 641 4657 usus
672 4603 829 4655 foret.
861 4598 1122 4654 Instruxit
1155 4611 1303 4659 vero,
1342 4593 1445 4649 nisi
1490 4608 1573 4647 me
1614 4593 1752 4647 fallit
1786 4592 2002 4663 Opinio,
2039 4607 2160 4647 cum
2196 4591 2429 4661 primum
2473 4589 2710 4645 ferveret
2756 4589 2982 4659 quaestio
3017 4587 3154 4655 apud
3203 4589 3632 4652 Alexandrinos,
3670 4607 3773 4646 nec

512 4700 646 4755 satis
669 4698 843 4750 adhuc
876 4695 1038 4749 animi
1079 4692 1466 4748 exercitatione
1498 4690 1694 4744 eruditi
1723 4698 1935 4753 essent;
1970 4704 2204 4757 eumque
2250 4688 2363 4757 ipse
2401 4688 2566 4741 etiam
2607 4685 2839 4753 primum
2874 4684 3108 4753 Cyrillus
3153 4700 3251 4753 pro
3290 4684 3511 4739 Christo
3540 4700 3771 4755 pugnam

511 4810 633 4847 ('tllll
664 4790 915 4845 Nestorio
952 4789 1133 4850 iniret,
1173 4785 1312 4839 datis
1349 4784 1626 4854 prioribus
1664 4782 1857 4836 litteris
1889 4781 2047 4835 ollicii
2086 4780 2479 4835 monitricibus.
2526 4778 2771 4846 Scriptus
2805 4788 2886 4830 est
2926 4776 3089 4845 igitur
3132 4784 3397 4831 tractatus
3439 4777 3540 4831 iste
3581 4778 3767 4832 eodem

513 4888 628 4942 fere
662 4898 899 4956 tempore
932 4895 1039 4951 quo
1063 4878 1289 4950 epistola
1339 4880 1405 4932 ad
1450 4878 1744 4932 monachos
1790 4873 2031 4946 Egypti,
2097 4874 2146 4927 id
2188 4885 2293 4939 est,
2338 4876 2436 4927 sub
2482 4871 2716 4926 medium
2760 4880 2849 4924 aut
2895 4872 3085 4924 saltem
3128 4869 3228 4924 sub
3277 4871 3437 4925 tinem
3474 4887 3601 4925 ann.
3643 4871 3768 4926 429.

512 4984 658 5039 Idem
687 4984 829 5037 enim
851 4990 933 5035 est
960 4970 1242 5047 utriusque
1269 4986 1671 5047 argumentum,
1697 4991 1795 5030 nec
1822 4977 1967 5030 aliud
1993 4976 2203 5030 videtur
2233 4978 2527 5030 discrimen
2558 4988 2720 5042 quam
2749 4973 3011 5037 methodi,
3042 4988 3162 5042 quae
3190 4972 3243 5026 in
3270 4970 3497 5040 epistola
3532 4970 3770 5027 oratoria

515 5079 686 5147 magis
716 5086 817 5140 est,
856 5076 907 5129 in
943 5072 1176 5127 Scholiis
1212 5071 1325 5125 fere
1361 5070 1701 5125 scholastica.

589 5172 642 5225 In
666 5186 786 5224 eam
817 5184 902 5223 me
932 5168 1255 5222 sententiam
1286 5165 1564 5236 impellunt
1600 5166 1721 5219 tria.
1756 5166 2018 5233 Primum,
2045 5168 2186 5236 quod
2212 5165 2431 5221 Scholia
2470 5176 2597 5221 ante
2631 5165 2920 5221 concilium
2958 5164 3288 5235 Ephesinum
3319 5163 3521 5233 scripta
3552 5163 3683 5226 sint,
3711 5170 3771 5214 ut

511 5277 667 5318 antea
702 5263 1004 5318 conlectum
1030 5269 1152 5315 est:
1195 5274 1292 5313 nec
1324 5273 1488 5327 parvo
1526 5269 1703 5313 tamen
1739 5270 1999 5327 tempore,
2036 5277 2157 5314 eum
2202 5261 2447 5315 Andreas
2491 5259 2882 5315 Samosatenus
2930 5260 3068 5327 apud
3110 5259 3461 5313 Anastasium
3504 5254 3767 5309 Sintiitatn

516 5357 739 5423 hujusce
780 5354 958 5423 operis
1004 5364 1257 5421 tanquam
1300 5352 1595 5421 pervulgati
1646 5353 1973 5407 meminerit.
2029 5352 2293 5420 Alterum,
2336 5354 2477 5423 quod
2527 5355 2772 5409 videatur
2806 5352 3154 5409 elementaria
3196 5351 3442 5414 quaadam
3488 5348 3766 5409 doctrina.

516 5450 736 5507 rudibus
796 5449 1183 5506 controversiae
1246 5447 1472 5515 ingeniis
1525 5449 1772 5502 tradita:
1828 5450 2135 5503 continetur
2190 5450 2335 5505 enim
2397 5452 2737 5521 expositione
2817 5466 3044 5515 vocum,
3097 5448 3646 5515 distinctionibusque
3701 5448 3767 5501 ad

516 5548 841 5611 rbjectiones
874 5542 1157 5597 solvendas
1192 5542 1538 5605 necessariis,
1566 5552 1619 5596 et
1659 5543 1922 5610 exemplis
1955 5544 2020 5597 ad
2067 5560 2179 5600 rem
2212 5545 2585 5613 explicandam
2635 5544 2811 5599 factis.
2865 5544 3129 5606 Tertium,
3163 5541 3304 5611 quod
3348 5541 3401 5594 in
3444 5553 3607 5609 Opere
3657 5547 3767 5594 toto

514 5640 652 5692 nulla
682 5653 774 5705 per
803 5651 861 5690 se
889 5635 979 5688 ﬂat
1008 5635 1211 5687 mentio
1242 5632 1330 5685 Dei
1361 5633 1665 5700 pontilicis;
1710 5637 1803 5689 sed
1848 5652 2034 5690 eorum
2085 5646 2116 5691 ιε

2166 5647 2294 5691 itum
2333 5654 2451 5707 quae
2489 5638 2537 5689 in
2569 5638 2743 5704 primo
2777 5636 3005 5690 Nestorii
3048 5648 3297 5689 sermone
3332 5631 3678 5701 secundoque
3715 5643 3768 5686 et

510 5734 671 5785 tertio
702 5742 887 5783 contra
932 5727 1052 5781 lidei
1093 5724 1331 5794 regulam
1367 5725 1634 5793 leguntur,
1669 5744 1788 5779 eum
1821 5738 1998 5783 tamen
2037 5731 2197 5799 digna
2241 5729 2377 5784 foret
2420 5731 2517 5784 ista
2550 5732 2803 5796 quaestio,
2841 5744 2959 5797 qua
2996 5734 3324 5781 tractaretur
3361 5733 3580 5794 propter
3613 5738 3766 5777 suam

514 5825 625 5879 sive
654 5820 1025 5881 subtilitatem,
1063 5818 1173 5870 sive
1204 5817 1597 5871 necessitatem.
1636 5818 1762 5870 Orta
1808 5837 1933 5875 vero
1962 5832 2043 5876 est
2080 5839 2145 5874 ex
2184 5822 2398 5874 humilia
2445 5820 2617 5873 Procli
2661 5836 2688 5872 a
2727 5820 2971 5877 Nestorio
3018 5817 3266 5877 acerbius
3315 5817 3667 5889 reprehensa,
3705 5816 3773 5873 de

514 5934 618 5989 qua
645 5916 775 5971 nihil
814 5914 988 5968 atl'crri
1025 5912 1194 5980 potuit
1221 5910 1389 5964 nuntii
1424 5910 1803 5967 Alexandtiam
1845 5928 1965 5971 aute
1996 5917 2278 5971 doliuitum
2313 5916 2573 5969 hactenus
2603 5924 2831 5983 tempu».
