4058 6328
386 435 527 493 1365
1319 430 1613 489 SCHOLIA
1655 430 1739 485 DE
1784 425 1988 483 INCAR

2098 425 2304 483 TlONE
2346 421 2725 484 UNIGENITI.
3562 410 3700 467 i366

451 552 529 609 De
558 554 854 625 interprete
884 554 1045 623 paulo
1072 549 1343 607 dilﬁcilior
1372 560 1456 605 est
1480 550 1733 619 quzestiu.
1773 547 2035 618 Quisquis
2076 547 2169 602 ille
2208 545 2395 610 fuerit,
2424 546 2604 614 ipsum
2643 547 2863 609 oportet
2897 536 3091 607 quinto
3140 530 3345 588 saeculo
3381 528 3694 596 scripsisse,

385 647 497 703 imo
528 622 860 719 temporibus
890 649 1077 721 Cyrilli
1112 667 1125 704 :
1174 647 1439 717 siquidem
1474 662 1541 701 ex
1580 647 1681 701 bac
1714 646 1830 713 ipsa
1872 646 2143 708 versione,
2186 658 2308 712 qua:
2358 656 2502 695 nunc
2544 639 2802 699 habetur,
2836 643 2893 690 et
2923 632 3033 687 Leo
3069 628 3296 700 Magnus
3320 622 3516 721 statim
3574 630 3697 721 post

383 740 592 796 obitum
618 742 803 814 Cyrilli
835 752 1091 812 tanquam
1122 758 1189 795 es
1222 740 1461 808 vulgata,
1490 748 1543 794 et
1571 738 1860 793 concilium
1894 736 2365 799 Cbalcedouensc,
2410 743 2466 788 et
2509 731 2798 786 Facundus
2829 721 3240 781 Ilermianensis
3302 714 3699 814 decerpserint.

384 847 509 901 Quae
534 834 670 890 locis
694 845 853 891 antea
877 836 1062 890 citatis
1082 834 1343 890 referunt.
1362 832 1671 888 Crediderit
1693 847 1798 887 non
1826 831 2100 886 immerito
2124 829 2419 898 quispiam,
2436 822 2786 880 tribuendum
2811 820 2914 874 hoc
2937 831 3073 887 opus
3091 814 3185 868 uni
3210 825 3275 865 ex
3309 803 3699 901 alexandriltis

386 919 500 980 illis
530 941 761 995 quorum
791 926 1143 981 Latinitatem
1169 927 1309 995 apud
1337 934 1588 980 sanctum
1620 922 1979 978 Calestinum
2002 919 2239 990 Cyrillus
2266 917 2591 979 excusabat,
2618 929 2744 967 cum
2773 912 2997 966 chartas
3022 904 3270 995 mitteret
3291 898 3361 953 ab
3383 898 3452 995 iis
3480 908 3696 995 versas.

387 1011 593 1071 Verum
625 1019 956 1088 epinabilius
990 1021 1225 1084 videtur,
1265 1020 1617 1089 interpretem
1661 1018 1847 1073 dicere
1895 1014 2128 1069 Marium
2170 1014 2575 1076 Mercatorem,
2618 1008 2796 1061 virum
2842 1000 3052 1070 alioqui
3100 994 3346 1050 melioris
3384 987 3702 1045 Latinitatis

384 1106 652 1163 scientem
681 1129 694 1163 :
728 1127 851 1164 nam
886 1121 943 1164 et
972 1110 1112 1163 inter
1131 1108 1251 1177 ejus
1278 1124 1441 1179 opera
1472 1108 1745 1178 reperitur
1787 1107 1839 1161 in
1874 1115 2109 1174 utroque
2141 1100 2515 1169 manuscripto
2553 1095 2764 1157 codice.
2801 1107 2913 1163 qno
2958 1089 3041 1144 usi
3082 1099 3311 1148 sumus;
3346 1088 3402 1134 ει
3438 1096 3499 1134 8³
3540 1089 3703 1179 male

385 1200 543 1265 vixit,
571 1217 676 1270 qua
710 1204 1074 1267 scribebatur,
1099 1171 1383 1259 et'ardo-re
1413 1171 1819 1256 ﬁdei-incensus
1844 1171 2037 1252 Latina
2079 1196 2208 1250 fecit
2270 1209 2393 1265 quas
2435 1190 2615 1245 Graeci
2645 1190 2967 1243 defensores
3000 1179 3127 1235 lidei
3173 1177 3517 1270 scriberent}
3562 1179 3614 1224 et

385 1292 707 1360 prml'atione
753 1295 820 1349 ad
874 1311 1154 1352 sermones
1201 1295 1439 1351 Nestorii
1478 1302 1817 1349 contestatus
1866 1302 1979 1357 est,
2034 1306 2095 1345 se
2148 1262 2460 1343 Latinitatis
2510 1285 2656 1354 leges
2710 1278 2987 1351 sprevisse
3030 1275 3083 1327 in
3137 1268 3401 1339 operibus
3460 1262 3701 1360 Nestorii

383 1386 682 1457 Cyrillique
708 1390 1003 1444 vertendis.
1038 1389 1105 1442 In
1141 1389 1350 1459 quibus,
1389 1388 1583 1456 inquit,
1628 1386 1840 1439 verbum
1893 1354 1974 1437 det
2000 1383 2173 1447 verbo,
2209 1383 2261 1434 in
2305 1390 2563 1449 quantum
2593 1376 2710 1444 ﬁeri
2755 1371 2931 1441 potuit
2970 1372 3201 1420 conatus
3245 1376 3363 1414 sum
3405 1354 3702 1459 translator

383 1480 697 1548 exprimere,
731 1497 793 1534 ne
822 1482 971 1550 prius
998 1481 1255 1549 falsarins
1291 1482 1459 1551 magis
1505 1496 1666 1549 quam
1699 1497 1848 1533 verus
1884 1489 2067 1547 postea
2108 1475 2364 1544 probarer
2408 1475 2692 1537 interpres.
2735 1466 2817 1520 Da
2865 1464 3035 1533 igitur
3066 1459 3307 1519 veniam,
3339 1454 3421 1523 ple
3448 1451 3632 1512 Ιεειοτ,
3656 1447 3702 1501 δέ

384 1584 477 1628 aut
511 1575 686 1628 minus
717 1576 886 1630 oratio
944 1577 1234 1640 luculenta,
1275 1585 1367 1629 aut
1404 1579 1679 1630 verborum
1719 1576 2018 1644 ubicunque
2052 1582 2498 1643 prmumptorunt
2545 1567 2748 1621 novitas
2793 1576 2976 1615 aurem
3016 1557 3156 1627 forte
3202 1550 3507 1644 perculerit.
3550 1545 3702 1644 b.7695

386 1666 803 1720 obtrectatorum
863 1668 1059 1738 linguis
1111 1672 1281 1739 magis
1319 1669 1537 1737 exponi,
1585 1687 1743 1739 quam
1799 1687 1831 1723 a
1884 1670 2104 1725 veritate
2148 1681 2397 1721 sensuum
2432 1659 2807 1731 exprimenda,
2868 1655 2955 1709 ubi
3014 1665 3167 1704 omne
3214 1656 3291 1702 est
3345 1644 3409 1697 de
3471 1638 3703 1705 falsitate

386 1760 701 1827 periculum,
728 1761 935 1831 longius
969 1766 1236 1817 aberrare.

464 1850 581 1906 Non
623 1855 757 1910 levis
791 1827 957 1925 opera
990 1860 1239 1928 ponenda
1284 1859 1440 1913 nobis
1471 1857 1570 1913 fuit
1611 1858 1664 1912 in
1696 1856 2035 1912 emendanda
2062 1853 2317 1908 versione
2357 1855 2467 1901 tam
2500 1844 2750 1913 antiqua,
2775 1840 3010 1908 ideoque“
3034 1836 3100 1890 ah
3130 1827 3705 1928 exscribentibusput

389 1945 471 2010 ίίί,
502 1959 758 2018 corrupta
787 1968 799 2004 :
832 1950 1090 2018 juverunt
1126 1952 1345 2021 quidem
1373 1952 1726 2021 manuscripti
1760 1951 1977 2005 codices
2002 1955 2057 2003 et
2090 1945 2213 2000 libri
2242 1942 2383 2015 typis
2409 1938 2621 1996 excusi.
2653 1939 2724 1992 At
2760 1948 2884 1988 cum
2926 1946 3032 1985 una
3081 1928 3155 1984 sit
3195 1922 3442 1980 omnium
3492 1917 3701 1976 vet-sio.

385 2055 560 2111 eaque
606 2061 710 2100 non
761 2048 939 2102 minus
974 2065 1001 2103 a
1046 2050 1275 2106 notariis
1309 2050 1624 2120 depravata,
1656 2066 1817 2120 quam
1874 2049 1941 2102 ab
1998 2047 2296 2113 interprete
2349 2038 2615 2109 neglecta,
2660 2032 2880 2104 quoties
2921 2045 3028 2084 non
3081 2018 3705 2097 praeluxeruntGrazca,

386 2139 758 2208 praeluxerant
791 2160 918 2198 vero
952 2160 1057 2199 non
1104 2160 1268 2215 saepe,
1310 2146 1662 2200 divinandqu
1709 2145 1832 2208 fuit,
1874 2153 1931 2198 ut
1972 2158 2110 2212 quas
2160 2138 2505 2193 adhibuisset
2546 2147 2708 2189 voces
2756 2131 3065 2195 interpres,
3126 2120 3551 2215 restituet-elidis
3604 2126 3704 2183 1)Γο

386 2235 528 2289 virili
558 2251 570 2287 :
613 2238 855 2308 religioni
878 2239 1021 2291 enim
1050 2238 1152 2293 fuit
1187 2239 1325 2292 ullas
1360 2249 1595 2302 mutare,
1635 2254 1733 2293 nec
1769 2238 1813 2292 si
1843 2236 2067 2291 aliunde
2098 2232 2367 2295 licuisset,
2397 2228 2770 2299 potuissemus
2808 2232 3011 2283 tamen,
3042 2228 3167 2270 cum
3214 2209 3437 2265 deﬁciat
3476 2208 3706 2263 Graecus

391 2340 569 2385 textus
628 2334 681 2386 in
737 2333 1015 2402 pluribus;
1060 2348 1223 2405 quem
1271 2335 1415 2389 enim
1474 2335 1772 2403 habemus,
1818 2334 1903 2389 vel
1952 2349 2019 2389 ex
2073 2330 2442 2391 Theodoreto,
2476 2326 2562 2380 vel
2610 2339 2674 2377 ex
2705 2310 3141 2376 Chalcedonensi
3203 2308 3438 2378 synodo,
3500 2305 3583 2358 vel
3636 2318 3707 2357 ex

386 2418 717 2475 bibliotheca
748 2420 913 2491 Regia
948 2432 1205 2490 acceptus
1234 2432 1339 2477 est.

460 2512 647 2569 Prodit
677 2530 809 2570 vero
836 2489 1095 2571 eximium
1126 2532 1285 2586 opus,
1318 2526 1372 2572 et
1413 2532 1444 2571 a
1485 2513 1692 2569 sanctis
1724 2511 1980 2565 Patribus
2016 2506 2246 2563 summis
2288 2505 2541 2561 laudibus
2584 2512 2837 2557 ornatum
2858 2541 2873 2566 ,
2904 2515 3012 2553 non
3058 2504 3269 2551 tantum
3325 2489 3707 2552 emendatius,

386 2606 532 2674 quod
561 2613 706 2661 certe
730 2606 850 2661 leve
883 2623 989 2662 non
1018 2618 1102 2663 est
1126 2626 1141 2674 ;
1165 2584 1259 2663 sed
1285 2618 1480 2678 quarta
1508 2607 1622 2661 fere
1660 2613 1811 2674 parte
1852 2601 2086 2666 auctius,
2121 2614 2285 2670 quam
2327 2598 2559 2667 legatur,
2599 2595 2681 2650 vel
2729 2595 2870 2665 apud
2918 2589 3108 2661 Cyrilli
3155 2601 3386 2657 operum
3419 2584 3663 2639 editores
3690 2622 3703 2646 ,

390 2696 475 2751 vel
507 2700 647 2768 apud
675 2701 1033 2755 conciliorum
1057 2702 1403 2758 collectores.
1439 2699 1581 2765 Quid
1610 2708 1791 2754 autem
1819 2697 1956 2751 desit
1986 2695 2039 2750 in
2074 2693 2305 2764 vulgatis
2336 2692 2492 2746 libris
2527 2689 2915 2752 indicabimus,
2951 2685 3040 2739 ubi
3070 2682 3178 2738 erit
3205 2694 3367 2749 opus.

469 2792 684 2864 Vulgati
723 2798 939 2853 codices
980 2798 1145 2851 totius
1176 2798 1359 2867 operis
1397 2794 1802 2862 liabentcapita
1845 2792 2035 2861 Viginti
2076 2801 2133 2845 et
2170 2799 2330 2855 octo;
2369 2786 2773 2855 manuscriptus
2814 2782 3093 2836 Marianus
3141 2775 3364 2847 triginta
3417 2772 3704 2842 quinque;

392 2885 619 2943 Phatius
659 2905 761 2944 non
790 2891 942 2959 plura
977 2874 1346 2945 novemdecim
1384 2898 1657 2952 numerat,
1685 2888 1919 2943 redactis
1958 2884 2167 2941 scilicet
2195 2884 2263 2937 ad
2308 2884 2453 2937 hunc
2486 2892 2775 2935 numerum
2817 2873 3052 2937 cunctis,
3079 2885 3201 2943 qua:
3239 2868 3379 2937 apud
3426 2866 3562 2920 alios
3600 2878 3707 2917 non

392 2982 595 3050 optima
624 2998 755 3039 sane
783 2984 851 3039 de
888 3000 1051 3039 causa
1082 2996 1425 3054 separantur.
1458 2985 1652 3053 Operae
1681 2985 1915 3053 pretium
1950 2992 2037 3038 est
2077 2980 2254 3035 Photii
2283 2980 2445 3032 verba
2482 2974 2839 3032 exscribere:
2876 2969 3068 3025 Lectus
3116 2977 3195 3022 est
3228 2968 3354 3019 item
3392 2964 3531 3016 alter
3578 2960 3712 3013 liber

391 3076 472 3130 sic
518 3077 849 3147 inscriptus:
892 3076 1163 3135 Scuouon
1213 3094 1279 3132 as
1335 3077 1619 3135 UNIGENITI
1663 3090 1993 3131 ISCARNA'I‘IO

2135 3071 2254 3137 Quo
2290 3070 2402 3123 lucc
2441 3067 2552 3135 fere
2589 3074 2949 3135 exponuntur,
2998 3058 3128 3129 quid
3169 3067 3246 3112 est
3294 3054 3572 3115 Christus;
3606 3065 3711 3119 qna

395 3170 599 3224 ratione
627 3171 997 3241 intelligendus
1036 3170 1391 3236 Emmanuel;
1426 3170 1555 3241 quid
1583 3180 1657 3224 est
1690 3168 1851 3223 Iesus
1888 3168 2131 3222 Christus
2146 3160 2177 3232 ;‘
2196 3166 2359 3235 juxta
2396 3163 2525 3233 quid
2566 3160 2662 3215 Dei
2710 3157 2940 3213 Verbum
2980 3156 3181 3208 dictant
3222 3162 3300 3205 est
3340 3151 3529 3209 homo;
3548 3146 3713 3215 juxta

394 3263 523 3334 quid
572 3274 881 3317 evacuatum
921 3280 1032 3317 esse
1076 3262 1174 3317 Dei
1235 3261 1464 3317 Verbum
1505 3263 1743 3327 dicitur;
1802 3259 2068 3331 quomodo
2104 3259 2230 3313 item
2274 3256 2521 3311 Christus
2567 3268 2705 3307 unus
2747 3260 2856 3314 est;
2908 3245 3176 3317 quomodo
3231 3242 3394 3298 etiam
3451 3255 3587 3293 unus
3637 3246 3713 3291 est

398 3358 1059 3429 Emmanuel;quamuam
1087 3362 1313 3415 dicimus
1338 3377 1449 3416 esse
1475 3359 1930 3415 exinanitionem?
1959 3356 2097 3411 Item
2134 3358 2199 3412 de
2237 3356 2408 3427 ignita
2443 3353 2674 3406 carbone
2713 3350 2825 3403 viso
2873 3348 2937 3400 ab
2973 3345 3149 3409 Isaia,
3189 3341 3407 3411 aliaque
3428 3345 3714 3408 praterea,

398 3449 480 3507 his
514 3461 688 3507 tamen
712 3453 913 3522 afﬁnia,
944 3455 1118 3520 capita
1145 3456 1343 3506 det-em.
1376 3452 1734 3524 Permagnam
1760 3468 1879 3507 vero
1906 3450 2198 3521 legentibus
2227 3446 2680 3502 utilitatem-liber
2707 3444 2792 3497 hic
2820 3442 3016 3511 afferre
3037 3448 3230 3507 potest.

474 3545 650 3599 Aliam
689 3544 857 3600 videri
892 3556 1070 3615 potest
1110 3544 1396 3599 Facundus
1435 3543 1846 3599 Hermianensis
1879 3544 1931 3597 in
1959 3543 2147 3598 codice
2186 3556 2295 3612 quo
2321 3554 2455 3595 usus
2494 3546 2582 3593 est
2621 3535 2971 3605 partitionem
3028 3530 3349 3586 invenisse:
3404 3542 3530 3583 nam
3566 3524 3715 3598 quod

402 3640 633 3697 Photius
667 3650 920 3695 octavum
952 3653 1116 3715 caput
1140 3656 1262 3697 esse
1290 3642 1519 3706 indicat,
1544 3640 1834 3710 septimum
1872 3641 1985 3709 ipse
2018 3648 2211 3703 vocat;
2246 3637 2519 3692 decimum
2550 3647 2700 3691 vero.
2728 3630 2874 3704 quod
2904 3627 3046 3697 apud
3076 3624 3337 3680 Photium
3362 3622 3712 3676 undecimum

403 3734 645 3803 ponitur.
680 3732 770 3789 Sic
797 3734 943 3789 enim
971 3714 1204 3789 scribit:
1236 3732 1469 3803 Cyrillus
1499 3734 1555 3787 in
1586 3734 1719 3787 libro
1758 3750 1910 3803 quem
1953 3731 2172 3787 Scholia
2222 3728 2570 3796 nuncupavit,
2624 3724 2780 3778 titulo
2822 3724 3078 3791 septimo,
3115 3732 3281 3788 quam
3314 3730 3435 3770 esse
3472 3714 3715 3768 dicimus

403 3826 813 3891 attunationem,
843 3827 1047 3892 anima,
1081 3826 1275 3896 inquit,
1312 3828 1490 3880 omnia
1529 3843 1648 3894 qua:
1672 3835 1796 3881 sunt
1823 3827 2080 3895 corporis,
2112 3834 2217 3880 etc.
2254 3824 2395 3896 (Lib.
2435 3838 2509 3884 xx.
2548 3836 2598 3877 c.
2627 3820 2710 3888 7.)
2741 3819 2803 3873 Et
2829 3824 3017 3886 postea
3045 3829 3057 3864 :
3089 3811 3297 3866 Rursus
3322 3819 3497 3863 autem
3530 3810 3714 3863 eodem

406 3925 567 3980 libro.
594 3923 751 3977 titulo
778 3923 999 3987 decimo,
1026 3924 1152 3992 quid
1191 3924 1409 3985 dixerit,
1434 3922 1513 3976 vel
1545 3925 1673 3993 quid
1720 3924 1895 3991 prima
1929 3922 2103 3991 fronte
2139 3924 2283 3976 solus
2320 3924 2429 3989 ipse
2475 3917 2662 3973 titulus
2703 3913 2993 3984 prteferat,
3033 3911 3409 3972 advertamns;
3452 3924 3575 3961 nam
3618 3908 3716 3960 hoc

404 4018 461 4071 in
492 4014 588 4070 illo
614 4032 669 4071 se
696 4025 1027 4071 ostensurum
1055 4033 1164 4071 esse
1193 4017 1435 4086 promisit
1472 4017 1653 4070 dicens
1683 4014 1896 4087 (Ibid),
1945 4016 2089 4085 quod
2122 4026 2178 4072 et
2206 4016 2445 4070 adunato
2480 4011 2590 4065 Deo
2632 4008 2809 4063 Verbo
2854 4020 2979 4059 vere
3022 4000 3375 4065 humanitati,
3413 4000 3717 4055 incoafusae

408 4124 589 4168 tamen
612 4110 930 4166 substantia:
960 4110 1383 4179 permanserint.
1421 4109 1594 4181 thue
1638 4111 1734 4165 hoc
1762 4115 2009 4182 probaret
2045 4112 2263 4182 subjecit
2293 4110 2398 4164 ista
2428 4125 2445 4161 :
2472 4107 2729 4163 Erectum
2763 4112 2845 4159 est
2900 4098 3202 4156 secundum
3246 4094 3338 4149 Dei
3376 4093 3713 4149 voluntatem

408 4207 663 4260 sanctum
694 4199 1108 4255 tabernaculum
1144 4214 1242 4269 per
1273 4203 1575 4265 desertum,
1602 4211 1710 4255 etc.

480 4296 805 4365 Quanquam
842 4296 895 4349 in
934 4305 1221 4365 utrumque
1263 4296 1440 4350 locum
1479 4296 1638 4351 facile
1669 4296 1845 4367 potuit
1878 4297 2130 4350 mendum
2179 4295 2441 4363 irrepere,
2489 4290 2532 4344 si
2571 4288 2730 4343 modo
2782 4284 3003 4340 litteris
3032 4283 3322 4347 Romanis,
3352 4292 3412 4337 ut
3454 4282 3718 4339 credibile

406 4398 515 4452 est,
543 4402 639 4454 vn,
670 4402 750 4452 si,
781 4401 1042 4442 numerus
1070 4388 1311 4457 scriptus
1338 4386 1407 4441 sit
1436 4401 1451 4439 :
1485 4388 1663 4457 potuit
1694 4388 1838 4443 enim
1872 4387 2030 4441 facile
2067 4385 2281 4439 detrahi
2320 4384 2373 4439 in
2421 4396 2530 4435 uno
2570 4380 2712 4444 loco,
2744 4386 2797 4432 et
2841 4377 2894 4430 in
2938 4375 3112 4429 altero
3147 4373 3270 4427 addi
3302 4374 3371 4427 ab
3420 4373 3718 4428 incuriosis

412 4482 650 4537 iihrariis
686 4480 845 4535 tertia
881 4480 1106 4537 vocalis.
1140 4484 1322 4548 Quare
1347 4482 1591 4538 Facundi
1627 4483 1788 4539 lectio
1825 4481 2150 4553 corrigenda
2184 4480 2316 4534 mihi
2349 4478 2586 4543 videtur,
2619 4472 2909 4531 retinenda
2943 4468 3147 4534 Photii,
3185 4468 3489 4523 contractis
3524 4478 3711 4523 tamen

414 4581 467 4637 in
516 4592 681 4633 unum
718 4576 989 4648 capitibus
1038 4576 1250 4633 duobus
1300 4579 1367 4635 de
1411 4583 1650 4636 carbone
1700 4581 1785 4635 vel
1834 4579 1990 4635 lilio:
2026 4594 2150 4649 qua:
2208 4575 2458 4645 exempla
2504 4574 2573 4628 ad
2621 4573 2695 4637 id,
2726 4569 2871 4640 quod
2918 4568 2978 4621 in
3030 4563 3190 4622 titulo
3226 4564 3564 4634 propositum
3612 4574 3716 4627 est,

415 4674 752 4743 probandum
782 4671 986 4741 pariter
1019 4673 1353 4727 conducunt.

490 4765 554 4818 Et
579 4778 707 4818 vero
738 4778 834 4832 par
856 4773 941 4818 est
970 4766 1213 4831 credere,
1246 4782 1403 4820 suum
1433 4766 1664 4835 singulis
1695 4765 1970 4835 capitibus
2001 4764 2328 4833 inscriptum
2359 4762 2527 4817 luisse
2556 4766 2948 4829 argumentum
2978 4755 3121 4825 quod
3160 4752 3505 4809 tractandum
3536 4751 3715 4819 foret;

421 4877 527 4914 non
575 4861 704 4915 item
740 4860 791 4915 id
840 4860 1158 4930 contigisse,
1203 4858 1348 4930 quod
1400 4859 1451 4913 in
1492 4857 1649 4913 libris
1693 4859 1855 4913 editis
1910 4860 2124 4929 legitur,
2174 4869 2236 4913 ut
2283 4857 2504 4926 singula
2545 4854 2725 4921 capita
2777 4852 3030 4922 singulis,
3058 4851 3172 4905 sive
3208 4850 3562 4912 testimoniis,
3601 4848 3718 4903 sive

414 4955 682 5022 exemplis
714 4954 1038 5010 inconcinne
1061 4964 1119 5009 et
1148 4952 1431 5024 ἀμεθόδως
1468 4953 1857 5007 tribuerentur.
1896 4952 2215 5008 Mercatoris
2251 4964 2415 5017 porro
2442 4950 2614 5003 codex
2645 4945 2785 5031 pihil
2828 4943 3125 5015 adiumenti
3169 4939 3423 4997 conferre
3450 4940 3621 4994 valuit
3649 4936 3721 4993 ad

417 5044 743 5099 alterutram
779 5044 1094 5114 opinionem
1125 5044 1575 5109 conﬁrmandam,
1610 5046 1875 5115 siquidem
1920 5044 2101 5099 titulos
2126 5044 2292 5099 habet
2326 5044 2447 5097 sine
2478 5041 2603 5096 ullis
2633 5040 2896 5094 numeris.

501 5136 669 5205 Igitur
705 5138 917 5191 tametsi
948 5137 1262 5191 distributio
1288 5138 1549 5206 capitum,
1576 5154 1697 5207 qua:
1741 5154 1839 5193 usu
1872 5148 2088 5204 recepta
2125 5148 2230 5203 est,
2267 5134 2518 5206 religiose
2544 5133 2811 5189 servanda
2843 5133 2937 5199 sit,
2969 5132 3144 5187 visum
3190 5140 3276 5186 est
3314 5141 3495 5186 tamen
3540 5146 3721 5201 operas

424 5228 661 5297 pretium
696 5228 835 5292 fore,
868 5228 913 5283 si
940 5229 1169 5299 singulis
1200 5230 1473 5299 capitibus
1506 5230 1849 5285 Scholiorum
1885 5230 2062 5285 Photii
2091 5230 2302 5285 numeri
2328 5245 2452 5284 cum
2480 5226 2712 5298 vulgatis
2739 5232 3174 5296 apponerentur,
3200 5234 3258 5280 et
3293 5224 3402 5294 hic,
3429 5226 3725 5297 prepositis

422 5321 762 5393 singulorum
793 5322 1032 5391 capitum
1062 5338 1126 5378 ex
1174 5320 1478 5379 Mercatore
1512 5324 1702 5390 titulis,
1741 5340 1838 5393 per
1869 5325 2146 5394 syllepsim
2183 5333 2357 5379 totum
2398 5336 2537 5392 opus
2568 5320 2945 5374 exhiberetur.

1239 5465 1426 5535 Cyrilli
1456 5467 1685 5535 episcom'
1723 5467 2062 5523 Alexandria
2098 5468 2160 5521 de
2202 5464 2568 5521 incarnatione
2598 5460 2885 5533 Unigeniti.

496 5606 681 5664 CAPUT
717 5604 757 5659 1.
790 5604 927 5671 Quid
950 5612 1034 5660 cst
1064 5602 1327 5659 Christus.

496 5704 627 5771 Car.
672 5698 731 5755 ll.
776 5699 1015 5767 Qualiter
1043 5697 1264 5767 intelligi
1300 5700 1496 5755 debeat
1530 5696 1866 5751 Emmanuel.

503 5796 634 5851 Car.
678 5790 763 5844 lll.
796 5788 933 5858 Quid
964 5799 1045 5844 est
1079 5787 1255 5843 Iesus.

510 5889 637 5944 Car.
684 5885 773 5941 ιγ.
816 5884 988 5951 Quum
1015 5882 1082 5937 ob
1113 5897 1328 5938 causam
1364 5882 1523 5935 buntu
1558 5880 1758 5935 dictum
1789 5878 1855 5934 sit
1888 5878 1983 5934 Dci
2014 5874 2273 5933 Verbum.
