4058 6328
479 399 614 457 tae-1
1466 405 1525 457 s.
1567 402 1839 459 CVRILLI
1878 402 2346 459 ALEXANDRIM
2383 412 2723 472 Amat-uss.

542 518 679 573 Car.
720 517 784 574 ν.
820 519 988 589 Quam
1020 520 1089 574 oh
1110 534 1329 576 causam
1356 521 1691 575 exinanitum
1722 520 1938 577 dicatur
1968 519 2058 576 Dei
2098 521 2353 577 Verbum.

545 609 674 666 Car.
721 610 803 665 Vl.
846 612 1125 679 Quomodo
1162 629 1302 669 unus
1345 612 1617 668 Christus.

543 701 672 757 Car.
716 702 820 760 VII.
854 705 1134 771 Quomodo
1156 721 1296 760 unus
1333 705 1668 761 Emmanuel.

546 793 676 848 Car.
713 794 846 851 Vlll.
878 802 1048 864 Quam
1083 813 1203 853 esse
1228 798 1458 854 dicimus
1487 797 1889 853 adunatiouem.

544 883 674 942 Car.
718 884 808 941 IX.
844 888 996 956 Quod
1044 891 1401 959 incorporalis
1434 889 1737 943 divinitatis
1780 898 1978 954 corpus
2011 880 2149 934 facta
2180 878 2341 933 fuerit
2370 879 2485 947 ipsa
2525 888 2652 930 caro
2696 873 2903 929 habens
2948 868 3182 926 animam
3220 871 3591 931 rationabilem
3620 894 3632 941 ;
3666 888 3719 932 ct

474 977 619 1045 quod
668 977 714 1032 sl
750 993 812 1033 ea
864 996 892 1033 a
944 997 1003 1036 se
1054 984 1292 1036 dividere
1345 980 1691 1042 voluerimus,
1750 976 1931 1044 procul
1976 974 2143 1029 dubio
2193 970 2636 1026 labefactabitnus
2680 964 3178 1039 dispensationem,
3233 978 3355 1035 qua
3402 969 3451 1022 iu
3502 973 3720 1027 Christo

475 1068 815 1139 intelligitur.

545 1160 675 1215 Car.
717 1161 783 1216 Χ.
825 1162 975 1229 Quod
1004 1162 1241 1217 adunan
1274 1162 1382 1217 Deo
1412 1161 1587 1218 Verbo
1622 1176 1743 1217 vere
1778 1156 2124 1221 humanitati,
2155 1154 2451 1211 iuconlusa:
2494 1166 2670 1210 tamen
2702 1152 3020 1210 substantia
3046 1159 3463 1223 permanserint.

545 1255 675 1309 Car.
715 1253 810 1311 XI.
847 1256 1020 1322 Quod,
1053 1270 1175 1311 cum
1205 1267 1351 1312 esset
1394 1256 1534 1311 Deus
1587 1247 1843 1315 Verbum,
1882 1251 2054 1307 lactus
2098 1252 2167 1306 sit
2204 1252 2381 1314 homo,
2433 1265 2533 1304 nec
2585 1250 2742 1303 homo
2786 1246 3126 1316 simpliciter,
3167 1249 3306 1304 nuda
3340 1250 3718 1321 coniunctione

478 1348 791 1413 honoratus,
823 1360 1047 1404 vocatus
1074 1352 1144 1405 sit
1172 1353 1238 1405 ad
1271 1366 1449 1419 parem
1477 1351 1793 1421 dignitatem
1824 1348 1912 1401 Dei
1949 1345 2130 1409 Verbi,
2165 1346 2277 1399 sive
2311 1344 2712 1406 auctoritatem,
2749 1343 2889 1399 sicut
2920 1338 3241 1409 quibusdam
3274 1342 3503 1396 videtur.

543 1442 671 1496 Car.
716 1442 831 1497 XII.
864 1445 1017 1511 Quod
1043 1446 1292 1501 Christus
1325 1445 1483 1502 Jesus
1506 1455 1724 1499 vocetur
1749 1445 1909 1498 homo
1941 1442 2115 1497 lactus
2145 1442 2286 1495 Deus
2323 1439 2583 1495 Verbum.

540 1532 669 1588 Car.
712 1534 851 1591 XIII.
888 1536 1039 1603 Quod
1066 1537 1315 1593 Christus
1339 1553 1442 1592 non
1483 1538 1554 1593 sit
1578 1539 1739 1592 homo
1764 1535 2065 1604 Θεοφόρος,
2103 1549 2201 1586 nec
2233 1534 2550 1601 simpliciter
2589 1533 2641 1586 in
2692 1531 2909 1586 homine
2954 1528 3272 1585 inhabitarit
3308 1528 3401 1584 Dei
3450 1526 3709 1593 Verbum;

475 1625 569 1677 sed
593 1628 761 1696 magis
791 1643 919 1683 caro
948 1631 1019 1683 sit
1043 1630 1270 1696 factum,
1299 1630 1413 1683 sive
1440 1630 1601 1683 homo
1633 1629 1920 1697 perfectus,
1947 1626 2244 1681 secundum
2280 1624 2615 1693 Srripturas.

541 1716 673 1773 Car.
717 1715 850 1771 XIV.
891 1719 1038 1772 Dicta
1073 1720 1387 1789 apostolica,
1414 1719 1466 1772 in
1503 1718 1701 1788 quibus
1737 1716 1875 1770 Deus
1908 1716 2215 1769 nominatus
2246 1714 2315 1767 sit
2352 1713 2620 1768 Christus.

541 1809 670 1862 Car.
714 1808 829 1863 XV.
863 1810 1143 1875 Quomodo
1173 1821 1422 1879 oporteat
1452 1810 1787 1882 intelligere:
1826 1806 2045 1861 Verbum
2086 1823 2209 1861 caro
2259 1806 2457 1874 factum
2503 1816 2599 1871 est,
2639 1815 2687 1859 et
2721 1807 2969 1860 habitat-it
3012 1807 3065 1861 is
3113 1807 3259 1861 nobis
3290 1821 3311 1860 :
3355 1814 3409 1859 et
3450 1803 3712 1873 quomodo

471 1899 703 1955 mittitur
736 1899 969 1956 Verbum
1000 1904 1143 1970 quod
1174 1904 1314 1958 Deus
1347 1912 1431 1958 est
1456 1922 1469 1969 ;
1499 1902 1765 1973 quomodo
1802 1906 2075 1970 proprium
2113 1899 2278 1966 ipsius
2318 1898 2514 1952 dicitur
2546 1912 2763 1968 corpus.

538 1991 670 2045 Car.
714 1992 853 2047 XVI.
889 1994 1174 2061 Quomodo
1211 1994 1543 2064 intelligatur
1575 1995 1834 2057 Θεοτόκος
1871 1994 2030 2063 Virgo
2064 2002 2269 2046 sancta.

539 2086 667 2139 (In.
711 2084 874 2140 XVII.
914 2088 1065 2152 Quod
1096 2089 1233 2141 Deus
1264 2088 1573 2141 nominetur
1596 2098 1649 2141 et
1686 2090 1865 2149 homo,
1906 2100 2175 2154 apparens
2208 2081 2549 2153 Unigenitus.

539 2176 668 2233 Car.
712 2178 898 2233 XVIII.
940 2179 1012 2233 De
1046 2179 1245 2237 Christi
1277 2180 1547 2247 passione,
1582 2178 1725 2248 quod
1754 2179 1881 2233 utile
1916 2179 2004 2232 sit.
2045 2178 2195 2245 Quod
2237 2178 2532 2235 secundum
2569 2174 2711 2230 aliud
2750 2183 2803 2229 et
2836 2174 2981 2228 aliud
3031 2173 3099 2228 de
3142 2187 3248 2228 uno
3282 2174 3468 2229 eodem
3498 2172 3709 2242 dicitur,

471 2286 568 2325 nec
597 2272 885 2327 dividimus
922 2274 971 2326 itt
1003 2272 1128 2331 duo.

537 2363 667 2418 Car.
709 2362 852 2420 XIX.
896 2365 1166 2422 Adversus
1201 2364 1323 2422 illos
1353 2368 1447 2437 qui
1485 2365 1658 2427 aiunt,
1690 2364 1830 2433 quod
1871 2363 1981 2418 sola
2016 2362 2275 2418 relatione
2310 2360 2475 2415 Deum
2502 2360 2737 2418 Verbum
2762 2360 2989 2415 deceant
3023 2359 3278 2415 humana.

539 2458 649 2512 Etsi
684 2472 844 2527 porro
874 2458 1111 2527 quinque
1149 2460 1349 2527 capita,
1388 2473 1557 2528 eaque
1601 2458 1829 2528 prolixa,
1857 2471 1975 2527 qua:
2010 2454 2167 2525 vulgo
2209 2454 2484 2518 deliciunt,
2525 2450 2797 2506 alarianus
2840 2451 3009 2505 codex
3055 2452 3377 2521 suppeditet.
3410 2454 3491 2505 vix
3542 2456 3709 2509 ausim

472 2559 648 2606 tamen
671 2552 954 2621 spondere,
980 2553 1278 2606 etiamnum
1304 2554 1574 2621 integrum
1597 2568 1733 2623 opus
1760 2552 1867 2618 edi,
1895 2553 1939 2607 si
1969 2568 2073 2621 qua
2101 2552 2232 2606 lldes
2258 2550 2544 2604 Anastasio
2582 2548 2805 2603 Siuaitae
2838 2563 2853 2600 :
2886 2548 3018 2601 citat
3042 2547 3185 2600 enim
3220 2544 3397 2600 locum
3422 2549 3489 2601 de
3517 2558 3712 2601 statere

470 2657 683 2714 reperto
735 2648 787 2701 in
838 2662 935 2703 ore
978 2650 1166 2717 piscis,
1194 2650 1283 2720 qui
1327 2666 1432 2705 non
1481 2639 1751 2720 reperitur
1796 2652 1849 2706 in
1910 2648 2167 2715 Scholiis,
2212 2648 2509 2715 cuiusmodi
2558 2660 2700 2700 nunc
2753 2646 3039 2700 habentur;
3109 2643 3214 2699 Sed
3250 2642 3407 2700 valde
3446 2645 3708 2714 suspicor,

468 2740 812 2795 Anastasium
841 2744 1101 2797 memoria
1129 2743 1337 2813 lapsum
1372 2759 1470 2814 pro
1493 2746 1599 2798 alio
1627 2760 1790 2816 opere
1839 2744 2055 2799 Scholia
2103 2744 2388 2813 posuisse:
2435 2756 2607 2810 eoque
2657 2739 2989 2809 probabilior
3037 2738 3272 2807 suspicio
3304 2739 3539 2801 videtur,
3570 2739 3709 2808 quod

469 2828 660 2885 librum
687 2831 883 2902 ὁδηγοῦ
917 2834 1291 2890 recordatione
1319 2835 1499 2904 potius
1527 2852 1689 2906 quam
1716 2836 1946 2891 lectione
1974 2844 2255 2891 auctorum
2292 2849 2351 2889 se
2379 2832 2749 2902 composuisse
2781 2840 3008 2887 testatus
3033 2830 3126 2892 sit,
3158 2840 3482 2900 moneatque
3514 2830 3712 2885 idcirco

468 2922 725 2979 lectorem
752 2930 819 2981 de
842 2930 1295 2999 recognoscendis
1325 2930 1407 2984 vel
1442 2932 1606 2985 etiam
1640 2930 1991 2985 restituendis
2025 2929 2369 2985 testimoniis.

537 3012 835 3073 Occasione
884 3035 1044 3090 porro
1077 3021 1441 3087 Scholiorum,
1477 3038 1543 3077 ex
1599 3022 1791 3090 quibus
1845 3024 1942 3075 tria
2004 3023 2311 3077 testimonia
2355 3021 2732 3077 Theodoretus
2776 3018 2998 3075 adduxit
3049 3034 3102 3073 tn
3152 3017 3393 3072 secundo
3456 3015 3712 3071 Eranistas.

467 3104 698 3175 dialogo,
726 3108 1136 3177 praetermittere
1166 3124 1271 3163 non
1300 3123 1547 3179 possum,
1585 3109 1711 3179 quid
1754 3110 2077 3177 coniecerim
2112 3110 2179 3164 de
2230 3111 2552 3165 testimoniis
2586 3110 2720 3176 illis,
2747 3124 2865 3179 qua:
2908 3108 2959 3162 in
3001 3106 3232 3163 concilio
3283 3105 3708 3163 Chalcedonensi

464 3198 636 3251 sancti
673 3196 869 3253 Leonis
893 3200 1132 3269 epistolae
1157 3201 1440 3270 subiuncta
1477 3208 1604 3255 sunt
1632 3217 1647 3254 :
1681 3215 1744 3255 ea
1771 3216 1965 3270 nempe
1986 3217 2015 3255 a
2052 3201 2395 3257 Theodoreto
2434 3201 2687 3270 adjuncta
2723 3216 2879 3265 esse;
2918 3215 3043 3255 nam
3072 3200 3255 3255 omnia
3289 3200 3507 3254 totidem
3535 3201 3711 3253 verbis

466 3285 520 3340 in
542 3286 755 3355 dialogo
777 3303 935 3358 quem
959 3287 1095 3354 dixi,
1128 3289 1400 3358 leguntur,
1432 3288 1684 3359 nullaque
1707 3293 1766 3343 ιιι
1796 3291 1847 3343 in
1876 3300 1983 3344 tota
2010 3290 2238 3359 epistola
2263 3291 2378 3345 sive
2404 3295 2627 3356 mentio,
2657 3291 2773 3345 sive
2798 3290 3088 3360 promissio
3119 3288 3538 3343 aﬂ'erendorum.
3565 3290 3710 3343 Adde

464 3378 609 3447 quod
640 3378 1012 3436 Theodoretus
1040 3396 1069 3435 a
1098 3380 1354 3442 Facundo
1386 3380 1589 3443 dicitur
1618 3381 1919 3442 asseruissc
1944 3385 2205 3437 adversus
2239 3381 2555 3436 Pala-stinos
2597 3392 2651 3436 et
2680 3381 3015 3453 Illyricianos
3044 3379 3401 3440 reclamantes
3430 3379 3708 3449 epistolam

464 3472 683 3539 Leonis,
709 3474 943 3530 adducto
971 3475 1199 3541 scilicet,
1241 3484 1299 3529 ut
1321 3476 1522 3533 habent
1544 3485 1664 3549 acta
1691 3476 1908 3530 concilii
1936 3476 2398 3531 Chalcedonensis
2421 3514 2436 3541 ,
2464 3476 2806 3541 testimonio,
2842 3475 2982 3544 quod
3015 3475 3159 3529 inter
3183 3474 3468 3544 subiuncta
3499 3474 3705 3546 legitur.

462 3564 581 3619 Non
613 3566 801 3620 luisset
824 3582 951 3621 vero
976 3568 1210 3623 adducto
1240 3582 1396 3637 opus,
1421 3568 1467 3622 si
1493 3566 1606 3638 iam
1627 3568 1868 3638 epistola:
1893 3568 2236 3634 subiunctum
2262 3577 2405 3622 esset
2438 3583 2454 3620 :
2484 3568 2673 3622 ruisset
2702 3568 2846 3622 enim
2887 3566 3073 3637 procul
3097 3568 3260 3622 dubio
3300 3567 3464 3622 simul
3494 3567 3708 3635 lectum,

461 3658 677 3730 aliaque
720 3661 960 3729 pariter,
1011 3662 1056 3715 si
1099 3662 1261 3716 modo
1314 3662 1493 3730 aliqua
1522 3672 1705 3717 essent
1754 3671 1881 3715 tunc
1931 3663 2206 3731 temporis.
2260 3662 2397 3728 Quid
2441 3663 2581 3731 quod
2633 3678 2662 3714 a
2712 3660 3056 3716 Theodoreto
3104 3670 3198 3714 aut
3228 3670 3377 3715 certe
3416 3660 3485 3715 ab
3521 3660 3586 3716 iis
3621 3660 3707 3730 qui

462 3750 787 3807 Theodoreti
842 3753 1080 3822 partibus
1132 3752 1451 3818 studebant,
1504 3767 1713 3807 versam
1771 3752 1823 3806 in
1881 3766 2185 3806 sermonem
2254 3751 2501 3807 Graecum
2572 3752 2854 3821 epistolam
2913 3752 3184 3821 proditum
3239 3760 3367 3816 est,
3417 3752 3527 3807 imo
3579 3761 3634 3807 et
3677 3765 3708 3807 a

463 3845 794 3901 vertentibus
827 3847 1093 3912 vitiatam,
1123 3849 1264 3916 quod
1296 3858 1629 3918 postremum
1664 3846 1773 3902 Leo
1803 3848 1917 3917 ipse
1950 3849 2196 3915 queritur
2236 3848 2375 3917 apttd
2406 3847 2739 3903 Marcianum
2786 3849 3192 3917 imperatorem.
3227 3849 3465 3904 Accedat
3504 3850 3665 3905 etiam
3689 3890 3705 3917 ,

462 3937 603 4009 quod
640 3938 690 3996 in
723 3937 945 4006 epistola
978 3939 1218 4007 pontifex
1251 3938 1402 4007 plura
1437 3938 1556 3993 lidei
1591 3934 1789 4005 capita,
1824 3950 1931 3990 non
1970 3945 2175 3991 tantum
2208 3938 2469 3992 adversus
2504 3935 2824 4008 Eutycbem,
2854 3938 2946 3992 sed
2975 3938 3137 3993 etiam
3170 3949 3357 3994 contra
3401 3938 3708 3996 Nestorium

462 4044 736 4104 exponat;
770 4047 866 4087 nec
891 4031 995 4086 alia
1028 4042 1203 4086 tamen
1238 4033 1540 4088 testimonia
1565 4034 1889 4099 subdantur,
1913 4050 2073 4105 quam
2101 4050 2221 4102 quae
2254 4035 2320 4087 ad
2352 4033 2755 4087 distinctionem
2787 4041 3100 4087 naturarum
3128 4036 3480 4090 asserendam
3510 4036 3706 4101 valent,

464 4138 693 4192 quaeque
716 4124 769 4177 itt
795 4124 1006 4193 dialogo
1039 4124 1129 4192 qui
1165 4124 1362 4178 dicitur
1387 4123 1730 4195 Iuconfusus,
1763 4126 2005 4181 adhibita
2036 4127 2245 4182 fuerant
2288 4125 2354 4179 ad
2390 4138 2506 4191 eos,
2534 4124 2624 4195 qui
2672 4123 3013 4179 Theodoreto
3055 4126 3460 4193 Apollinarismi
3497 4130 3710 4184 nomine

466 4216 701 4285 suspecti
736 4227 912 4282 erant,
954 4216 1347 4281 conlutandos;
1386 4231 1493 4272 non
1525 4216 1821 4272 adorantur
1848 4234 1967 4289 qua:
1995 4235 2061 4273 ex
2099 4219 2248 4275 libris
2279 4229 2465 4274 contra
2496 4217 2801 4272 Nestorium
2845 4215 3085 4286 scriptis,
3124 4218 3175 4271 in
3214 4217 3329 4288 ipso
3354 4220 3516 4274 etiam
3546 4220 3708 4276 citato

466 4307 678 4376 dialogo
706 4308 973 4379 leguntur.

536 4398 733 4465 Quanti
769 4414 896 4454 vero
926 4399 1083 4467 pretii
1118 4399 1190 4454 sit
1212 4397 1524 4468 opusculum
1558 4399 1721 4466 istud,
1749 4401 2021 4456 aestimare
2058 4399 2182 4455 licet
2215 4400 2295 4454 vel
2328 4402 2452 4456 inde
2477 4403 2733 4468 maxime,
2756 4400 2899 4471 quod
2928 4415 3085 4455 nemo
3126 4399 3239 4455 lere
3264 4400 3705 4472 consequentium

464 4500 839 4559 tractatornm,
869 4497 959 4565 qui
991 4495 1310 4550 auctoritate
1340 4496 1524 4567 Cyrilli
1559 4498 1613 4550 in
1652 4498 1908 4567 mysterio
1937 4496 2325 4551 lncarnatiouis
2349 4496 2670 4565 exponendo
2701 4495 2777 4550 uti
2816 4495 3065 4559 voluerit,
3088 4495 3453 4550 testimonium
3486 4495 3701 4565 aliquod

462 4599 528 4639 ex
554 4585 785 4650 Scholiis
810 4601 913 4643 nou
937 4587 1247 4656 sumpserit.
1279 4586 1430 4649 Adde
1458 4588 1599 4656 quod
1635 4586 1871 4658 Cyrillus
1894 4588 2011 4657 ipse
2035 4587 2199 4640 videri
2227 4588 2395 4653 possit
2428 4588 2568 4641 hanc
2590 4601 2743 4641 suam
2766 4586 3231 4642 elucubrationem
3275 4588 3703 4647 commendasse.

462 4691 586 4731 cum
618 4679 880 4734 scriberet
912 4680 1132 4749 Eulogio
1161 4697 1173 4731 :
1201 4678 1596 4748 Complectitur,
1617 4680 1812 4750 inquit,
1842 4680 1975 4732 idem
2003 4679 2134 4733 liber
2161 4678 2255 4733 sub
2292 4678 2452 4747 ﬁnem
2494 4678 2666 4731 breves
2694 4680 2948 4747 quasdam
2984 4678 3048 4732 de
3084 4677 3282 4733 Christi
3325 4679 3703 4748 dispensatione

463 4772 834 4840 expositiones,
854 4788 1044 4843 easque
1066 4771 1309 4837 pulchras
1331 4773 1614 4827 admodum
1637 4782 1683 4826 et
1709 4771 1882 4824 utiles.
1913 4770 2138 4839 Oportet
2172 4771 2314 4823 enim
2357 4769 2726 4837 expositiones
2756 4784 2890 4839 quas
2926 4776 3215 4835 memorat,
3260 4769 3343 4825 vel
3387 4785 3415 4824 a
3450 4769 3705 4835 Scholiis,

467 4862 548 4928 vel
580 4877 609 4916 a
644 4874 1012 4933 consequente
1048 4871 1283 4919 tractatu
1306 4865 1381 4933 de
1411 4864 1787 4921 lncarnatione
1820 4861 2115 4928 Verbi,vel
2148 4879 2175 4917 a
2211 4862 2422 4933 dialogo
2453 4861 2738 4930 subinncto
2770 4878 2877 4917 non
2910 4862 3128 4919 dillerre
3154 4880 3169 4916 :
3195 4877 3372 4933 neque
3394 4863 3538 4920 enim
3562 4863 3705 4919 aliud

466 4955 737 5023 quidpiam
769 4956 1007 5022 scripsit,
1040 4957 1106 5012 de
1134 4972 1241 5026 quo
1276 4956 1495 5011 dubium
1524 4970 1645 5011 esse
1677 4956 1867 5023 possit.
1900 4954 1970 5009 At
2014 4953 2191 5009 dill‘ert
2219 4954 2459 5024 profecto
2490 4968 2518 5005 a
2550 4963 2916 5023 consequente
2950 4962 3181 5009 tractatu
3221 4955 3313 5024 qui
3357 4968 3541 5011 revera
3570 4968 3707 5009 unus

468 5051 682 5117 quidam
729 5066 909 5105 sermo
940 5061 1058 5116 est;
1109 5052 1289 5111 diﬂcrt
1323 5052 1483 5112 etiam
1531 5065 1561 5103 a
1607 5050 1815 5118 dialogo
1857 5065 1978 5102 mox
2018 5050 2200 5103 dicto:
2243 5050 2364 5118 quis
2407 5049 2551 5103 enim
2595 5049 2860 5121 dialogum
2913 5048 3180 5113 ἐκθέσεως
3228 5050 3447 5107 nomine
3491 5048 3704 5121 proprio

468 5142 739 5210 appellet?
761 5141 1082 5210 Quanquam
1120 5143 1291 5211 potuit
1319 5144 1565 5211 dialogus
1599 5141 1847 5209 subiungi
1882 5140 2133 5204 Scholiis,
2156 5151 2213 5194 ut
2242 5142 2477 5211 epitotne
2515 5141 2760 5209 quaedam
2789 5152 2842 5196 et
2872 5140 3017 5195 velut
3040 5140 3363 5210 ὑπόμνημα.

540 5237 711 5303 Quam
772 5248 1021 5291 accurata
1072 5236 1323 5291 tnethodo
1387 5236 1458 5301 sit
1504 5237 1911 5303 conscriptum,
1968 5251 2031 5289 ex
2087 5236 2229 5289 serie
2284 5244 2530 5303 apertum
2594 5244 2695 5292 est.
2759 5236 2991 5307 Cyrillus
3047 5250 3074 5288 a
3129 5236 3456 5306 simplicium
3515 5250 3703 5291 vocum

470 5332 920 5399 interpretatione
954 5346 1180 5386 exorsus
1213 5332 1469 5401 exponit,
1502 5332 1630 5401 quid
1671 5332 1741 5385 sit
1782 5332 2030 5390 Christus
2052 5372 2066 5396 ,
2103 5334 2230 5401 quid
2282 5332 2611 5397 Ειιιιιιειιιιιει,
2653 5334 2778 5401 quid
2810 5332 2997 5398 .Iesus,
3027 5332 3155 5402 quid
3192 5347 3351 5401 unus,
3394 5333 3524 5404 quid
3554 5333 3700 5389 unio.

469 5422 592 5479 llos
629 5427 696 5479 ad
730 5424 1147 5492 propositiones,
1180 5440 1297 5493 qua:
1341 5425 1391 5479 in
1427 5426 1526 5481 hac
1561 5425 1784 5479 materia
1831 5425 2080 5493 usurpari
2116 5427 2310 5486 solent,
2360 5425 2656 5479 Orationem
2711 5425 3005 5479 deﬂectens
3057 5425 3330 5489 edisserit,
3360 5441 3467 5495 qua
3503 5426 3705 5481 ratione

466 5516 716 5571 Christus
752 5514 820 5568 sit
870 5529 1029 5580 unus,
1084 5530 1221 5569 unus
1260 5515 1598 5578 Emmanuel,
1643 5530 1782 5570 unus
1814 5514 1994 5580 Jesus,
2046 5518 2095 5570 id
2151 5526 2257 5579 est,
2296 5533 2432 5571 unus
2490 5517 2767 5582 Dominus,
2815 5528 2918 5571 etc.
2967 5517 3101 5572 Tum
3154 5522 3428 5588 quomodo
3474 5521 3703 5578 Verbum

471 5610 680 5661 dicatur
700 5604 1059 5668 exinanitum,
1094 5604 1241 5658 carni
1276 5606 1507 5671 unitum,
1542 5606 1741 5660 factum
1774 5607 1970 5672 homo,
2010 5623 2107 5662 nec
2144 5610 2264 5663 ideo
2303 5618 2477 5661 tamen
2513 5621 2813 5674 mutatum,
2851 5620 2943 5663 aut
2976 5611 3255 5666 divinitate
3284 5623 3531 5669 exutum.
3570 5612 3706 5671 Hinc

469 5714 574 5761 quo
602 5708 757 5766 pacto
789 5696 1037 5751 Christus
1073 5714 1175 5751 non
1211 5699 1277 5750 sit
1306 5701 1466 5753 homo
1500 5700 1779 5770 θεοφόρος,
1810 5711 1902 5753 aut
1938 5702 2157 5756 nnmiue
2187 5701 2419 5765 adlatus,
2452 5704 2545 5757 sed
2576 5719 2699 5757 vere
2735 5705 2894 5756 homo
2929 5704 3086 5767 Deus,
3124 5706 3318 5760 deinde
3364 5723 3469 5777 qua
3500 5709 3707 5765 ratione

474 5788 706 5865 Vctbum
738 5789 1083 5860 perhibeatur
1115 5791 1165 5845 in
1214 5792 1365 5847 uobis
1394 5791 1657 5859 habitare,
1689 5798 1755 5851 ad
1797 5809 1894 5850 nos
1937 5794 2095 5862 mitti,
2125 5813 2323 5863 corpus
2362 5798 2561 5851 habere
2613 5796 2905 5864 proprium,
2957 5812 3008 5852 ct
3055 5798 3325 5868 quomodo
3379 5799 3705 5868 intelligatur
