  <div class='ocr_page' id='page_1' title='image "/cluster/home/n/w/nwhite01/storage/ocr_20150623/75/pst.000005712748/722.png"; bbox 0 0 4058 6328; ppageno 0'>
   <div class='ocr_carea' id='block_1_1' title="bbox 314 441 1944 505">
    <p class='ocr_par' dir='ltr' id='par_1_1' title="bbox 314 441 1944 504">
     <span class='ocr_line' id='line_1_1' title="bbox 314 441 1944 504; baseline -0.001 -2"><span class='ocrx_word' id='word_1_1' title='bbox 314 446 468 504; x_wconf 69' lang='grc'><strong>1389</strong></span> <span class='ocrx_word' id='word_1_2' title='bbox 1253 441 1545 501; x_wconf 66' lang='grc' dir='ltr'><strong>εειιοιιιι</strong></span> <span class='ocrx_word' id='word_1_3' title='bbox 1585 442 1673 498; x_wconf 86' lang='lat' dir='ltr'><strong>DE</strong></span> <span class='ocrx_word' id='word_1_4' title='bbox 1713 442 1944 500; x_wconf 73' lang='lat' dir='ltr'><strong>INCARI</strong></span> 
     </span>
    </p>
   </div>
   <div class='ocr_carea' id='block_1_2' title="bbox 2058 441 3622 505">
    <p class='ocr_par' dir='ltr' id='par_1_2' title="bbox 2058 442 3622 505">
     <span class='ocr_line' id='line_1_2' title="bbox 2058 442 3622 505; baseline 0.003 -8"><span class='ocrx_word' id='word_1_5' title='bbox 2058 443 2239 503; x_wconf 80' lang='grc' dir='ltr'><strong>ΊΟΝΕ</strong></span> <span class='ocrx_word' id='word_1_6' title='bbox 2277 444 2653 505; x_wconf 74' lang='grc' dir='ltr'><strong>υΝΙῦΕΝΙτΙ.</strong></span> <span class='ocrx_word' id='word_1_7' title='bbox 3483 442 3622 501; x_wconf 71' lang='grc' dir='ltr'><strong>ιδτο</strong></span> 
     </span>
    </p>
   </div>
   <div class='ocr_carea' id='block_1_3' title="bbox 309 555 3615 633">
    <p class='ocr_par' dir='ltr' id='par_1_3' title="bbox 309 555 3615 633">
     <span class='ocr_line' id='line_1_3' title="bbox 309 555 3615 633; baseline -0.002 -16"><span class='ocrx_word' id='word_1_8' title='bbox 309 563 592 627; x_wconf 50' lang='lat' dir='ltr'><strong>eam»;</strong></span> <span class='ocrx_word' id='word_1_9' title='bbox 620 561 780 633; x_wconf 71' lang='lat' dir='ltr'><strong>Virgo</strong></span> <span class='ocrx_word' id='word_1_10' title='bbox 810 566 1019 616; x_wconf 82' lang='lat' dir='ltr'><strong>sancta.</strong></span> <span class='ocrx_word' id='word_1_11' title='bbox 1066 557 1309 614; x_wconf 77' lang='lat' dir='ltr'><strong>Tandem</strong></span> <span class='ocrx_word' id='word_1_12' title='bbox 1355 557 1500 629; x_wconf 87' lang='lat' dir='ltr'><strong>quod</strong></span> <span class='ocrx_word' id='word_1_13' title='bbox 1546 555 1869 631; x_wconf 85' lang='lat' dir='ltr'><strong>Unigenitus</strong></span> <span class='ocrx_word' id='word_1_14' title='bbox 1903 559 1957 614; x_wconf 90' lang='lat' dir='ltr'><strong>in</strong></span> <span class='ocrx_word' id='word_1_15' title='bbox 1998 575 2169 617; x_wconf 88' lang='lat' dir='ltr'><strong>carne</strong></span> <span class='ocrx_word' id='word_1_16' title='bbox 2214 560 2413 617; x_wconf 77' lang='lat' dir='ltr'><strong>risibili</strong></span> <span class='ocrx_word' id='word_1_17' title='bbox 2448 574 2721 630; x_wconf 91' lang='lat' dir='ltr'><strong>apparens</strong></span> <span class='ocrx_word' id='word_1_18' title='bbox 2769 556 3081 614; x_wconf 72' lang='lat' dir='ltr'><strong>nominetur</strong></span> <span class='ocrx_word' id='word_1_19' title='bbox 3118 556 3259 613; x_wconf 89' lang='lat' dir='ltr'><strong>Deus</strong></span> <span class='ocrx_word' id='word_1_20' title='bbox 3300 563 3357 613; x_wconf 93' lang='lat' dir='ltr'><strong>et</strong></span> <span class='ocrx_word' id='word_1_21' title='bbox 3411 556 3615 618; x_wconf 85' lang='lat' dir='ltr'><strong>homo:</strong></span> 
     </span>
    </p>
   </div>
   <div class='ocr_carea' id='block_1_4' title="bbox 311 651 3611 728">
    <p class='ocr_par' dir='ltr' id='par_1_4' title="bbox 311 651 3611 728">
     <span class='ocr_line' id='line_1_4' title="bbox 311 651 3611 728; baseline -0.003 -16"><span class='ocrx_word' id='word_1_22' title='bbox 311 658 602 727; x_wconf 81' lang='lat' dir='ltr'><strong>quomodo</strong></span> <span class='ocrx_word' id='word_1_23' title='bbox 641 672 854 728; x_wconf 85' lang='lat' dir='ltr'><strong>passus.</strong></span> <span class='ocrx_word' id='word_1_24' title='bbox 882 664 937 709; x_wconf 91' lang='lat' dir='ltr'><strong>et</strong></span> <span class='ocrx_word' id='word_1_25' title='bbox 966 655 1020 710; x_wconf 88' lang='lat' dir='ltr'><strong>in</strong></span> <span class='ocrx_word' id='word_1_26' title='bbox 1044 669 1152 725; x_wconf 85' lang='lat' dir='ltr'><strong>quo</strong></span> <span class='ocrx_word' id='word_1_27' title='bbox 1182 662 1458 723; x_wconf 84' lang='lat' dir='ltr'><strong>postremo</strong></span> <span class='ocrx_word' id='word_1_28' title='bbox 1486 651 1681 708; x_wconf 83' lang='lat' dir='ltr'><strong>refellit</strong></span> <span class='ocrx_word' id='word_1_29' title='bbox 1709 669 1805 710; x_wconf 87' lang='lat' dir='ltr'><strong>eos</strong></span> <span class='ocrx_word' id='word_1_30' title='bbox 1835 654 1928 722; x_wconf 85' lang='lat' dir='ltr'><strong>qui</strong></span> <span class='ocrx_word' id='word_1_31' title='bbox 1960 655 2194 710; x_wconf 89' lang='lat' dir='ltr'><strong>humana</strong></span> <span class='ocrx_word' id='word_1_32' title='bbox 2220 671 2330 711; x_wconf 91' lang='lat' dir='ltr'><strong>non</strong></span> <span class='ocrx_word' id='word_1_33' title='bbox 2378 654 2483 709; x_wconf 84' lang='lat' dir='ltr'><strong>alia</strong></span> <span class='ocrx_word' id='word_1_34' title='bbox 2519 653 2730 709; x_wconf 87' lang='lat' dir='ltr'><strong>ratione</strong></span> <span class='ocrx_word' id='word_1_35' title='bbox 2773 652 2938 708; x_wconf 90' lang='lat' dir='ltr'><strong>Deum</strong></span> <span class='ocrx_word' id='word_1_36' title='bbox 2973 652 3168 706; x_wconf 83' lang='lat' dir='ltr'><strong>decere</strong></span> <span class='ocrx_word' id='word_1_37' title='bbox 3195 656 3407 720; x_wconf 86' lang='lat' dir='ltr'><strong>putant,</strong></span> <span class='ocrx_word' id='word_1_38' title='bbox 3446 663 3611 719; x_wconf 84' lang='lat' dir='ltr'><strong>quam</strong></span> 
     </span>
    </p>
   </div>
   <div class='ocr_carea' id='block_1_5' title="bbox 318 745 3623 820">
    <p class='ocr_par' dir='ltr' id='par_1_5' title="bbox 318 745 3623 820">
     <span class='ocr_line' id='line_1_5' title="bbox 318 745 3623 820; baseline -0.002 -14"><span class='ocrx_word' id='word_1_39' title='bbox 318 751 596 809; x_wconf 82' lang='lat' dir='ltr'><strong>relatione</strong></span> <span class='ocrx_word' id='word_1_40' title='bbox 626 753 760 807; x_wconf 85' lang='lat' dir='ltr'><strong>sola.</strong></span> <span class='ocrx_word' id='word_1_41' title='bbox 804 750 1095 816; x_wconf 73' lang='lat' dir='ltr'><strong>Caeterum,</strong></span> <span class='ocrx_word' id='word_1_42' title='bbox 1134 750 1277 820; x_wconf 89' lang='lat' dir='ltr'><strong>quod</strong></span> <span class='ocrx_word' id='word_1_43' title='bbox 1321 748 1435 817; x_wconf 88' lang='lat' dir='ltr'><strong>iam</strong></span> <span class='ocrx_word' id='word_1_44' title='bbox 1481 749 1691 815; x_wconf 86' lang='lat' dir='ltr'><strong>monui,</strong></span> <span class='ocrx_word' id='word_1_45' title='bbox 1737 749 2179 808; x_wconf 88' lang='lat' dir='ltr'><strong>distinctionibus</strong></span> <span class='ocrx_word' id='word_1_46' title='bbox 2230 752 2299 806; x_wconf 92' lang='lat' dir='ltr'><strong>ad</strong></span> <span class='ocrx_word' id='word_1_47' title='bbox 2361 750 2714 807; x_wconf 85' lang='lat' dir='ltr'><strong>declinandas</strong></span> <span class='ocrx_word' id='word_1_48' title='bbox 2774 748 3233 805; x_wconf 75' lang='lat' dir='ltr'><strong>belerodoxorum</strong></span> <span class='ocrx_word' id='word_1_49' title='bbox 3285 745 3623 815; x_wconf 77' lang='lat' dir='ltr'><strong>obiectiones</strong></span> 
     </span>
    </p>
   </div>
   <div class='ocr_carea' id='block_1_6' title="bbox 318 837 1529 912">
    <p class='ocr_par' dir='ltr' id='par_1_6' title="bbox 318 837 1529 912">
     <span class='ocr_line' id='line_1_6' title="bbox 318 837 1529 912; baseline -0.003 -14"><span class='ocrx_word' id='word_1_50' title='bbox 318 842 555 901; x_wconf 80' lang='lat' dir='ltr'><strong>utilibus</strong></span> <span class='ocrx_word' id='word_1_51' title='bbox 583 839 794 912; x_wconf 84' lang='lat' dir='ltr'><strong>singula</strong></span> <span class='ocrx_word' id='word_1_52' title='bbox 827 837 942 895; x_wconf 78' lang='lat' dir='ltr'><strong>fere</strong></span> <span class='ocrx_word' id='word_1_53' title='bbox 973 840 1149 911; x_wconf 78' lang='lat' dir='ltr'><strong>capita</strong></span> <span class='ocrx_word' id='word_1_54' title='bbox 1180 838 1340 910; x_wconf 89' lang='lat' dir='ltr'><strong>plena</strong></span> <span class='ocrx_word' id='word_1_55' title='bbox 1374 844 1529 894; x_wconf 87' lang='lat' dir='ltr'><strong>sunt.</strong></span> 
     </span>
    </p>
   </div>
   <div class='ocr_carea' id='block_1_7' title="bbox 1118 1211 2812 1343">
    <p class='ocr_par' dir='ltr' id='par_1_7' title="bbox 1118 1211 2812 1343">
     <span class='ocr_line' id='line_1_7' title="bbox 1118 1211 2812 1343; baseline -0.006 0"><span class='ocrx_word' id='word_1_56' title='bbox 1118 1225 1421 1343; x_wconf 90' lang='grc' dir='ltr'><strong>ΤΟΥ</strong></span> <span class='ocrx_word' id='word_1_57' title='bbox 1496 1220 1960 1338; x_wconf 91' lang='grc' dir='ltr'><strong>ΑΓΙΟΥ</strong></span> <span class='ocrx_word' id='word_1_58' title='bbox 2034 1211 2812 1336; x_wconf 89' lang='grc' dir='ltr'><strong>ΚΥΡΙΛΛΟΥ</strong></span> 
     </span>
    </p>
   </div>
   <div class='ocr_carea' id='block_1_8' title="bbox 1902 1461 2063 1518">
    <p class='ocr_par' dir='ltr' id='par_1_8' title="bbox 1902 1461 2063 1518">
     <span class='ocr_line' id='line_1_8' title="bbox 1902 1461 2063 1518; baseline 0.006 -1"><span class='ocrx_word' id='word_1_59' title='bbox 1902 1461 2063 1518; x_wconf 76' lang='grc' dir='ltr'><strong>ΠΕΡΙ</strong></span> 
     </span>
    </p>
   </div>
   <div class='ocr_carea' id='block_1_9' title="bbox 545 1651 3416 1749">
    <p class='ocr_par' dir='ltr' id='par_1_9' title="bbox 545 1651 3416 1749">
     <span class='ocr_line' id='line_1_9' title="bbox 545 1651 3416 1749; baseline -0.003 -2"><span class='ocrx_word' id='word_1_60' title='bbox 545 1662 788 1747; x_wconf 83' lang='grc' dir='ltr'><strong>ΤΗΣ</strong></span> <span class='ocrx_word' id='word_1_61' title='bbox 864 1654 2050 1749; x_wconf 83' lang='grc' dir='ltr'><strong>ΕΝΛΝΘΡΩΠΗΣΕΩΣ</strong></span> <span class='ocrx_word' id='word_1_62' title='bbox 2123 1655 2388 1742; x_wconf 90' lang='grc' dir='ltr'><strong>ΤΟΥ</strong></span> <span class='ocrx_word' id='word_1_63' title='bbox 2464 1651 3416 1742; x_wconf 75' lang='grc' dir='ltr'><strong>ΜΟΝΟΓΕΝΟΥΣ.</strong></span> 
     </span>
    </p>
   </div>
   <div class='ocr_carea' id='block_1_10' title="bbox 1311 2013 2662 2148">
    <p class='ocr_par' dir='ltr' id='par_1_10' title="bbox 1311 2013 2662 2148">
     <span class='ocr_line' id='line_1_10' title="bbox 1311 2013 2662 2148; baseline -0.01 0"><span class='ocrx_word' id='word_1_64' title='bbox 1311 2015 1883 2148; x_wconf 86' lang='lat' dir='ltr'><strong>SANCTI</strong></span> <span class='ocrx_word' id='word_1_65' title='bbox 2007 2013 2662 2143; x_wconf 79' lang='lat' dir='ltr'><strong>CYRILLI</strong></span> 
     </span>
    </p>
   </div>
   <div class='ocr_carea' id='block_1_11' title="bbox 719 2264 3233 2369">
    <p class='ocr_par' dir='ltr' id='par_1_11' title="bbox 719 2264 3233 2369">
     <span class='ocr_line' id='line_1_11' title="bbox 719 2264 3233 2369; baseline -0.004 -4"><span class='ocrx_word' id='word_1_66' title='bbox 719 2271 1227 2369; x_wconf 82' lang='lat' dir='ltr'><strong>SCHOLIA</strong></span> <span class='ocrx_word' id='word_1_67' title='bbox 1303 2269 1451 2361; x_wconf 86' lang='lat' dir='ltr'><strong>DE</strong></span> <span class='ocrx_word' id='word_1_68' title='bbox 1529 2264 2449 2363; x_wconf 84' lang='lat' dir='ltr'><strong>INCARNATIONE</strong></span> <span class='ocrx_word' id='word_1_69' title='bbox 2534 2267 3233 2357; x_wconf 77' lang='lat' dir='ltr'><strong>UNIGENITI.</strong></span> 
     </span>
    </p>
   </div>
   <div class='ocr_carea' id='block_1_12' title="bbox 945 2628 1944 2691">
    <p class='ocr_par' dir='ltr' id='par_1_12' title="bbox 945 2631 1317 2686">
     <span class='ocr_line' id='line_1_12' title="bbox 945 2631 1317 2686; baseline -0.008 0"><span class='ocrx_word' id='word_1_70' title='bbox 945 2631 1197 2686; x_wconf 63' lang='grc' dir='ltr'><strong>ΚΕΦΔΛ.</strong></span> <span class='ocrx_word' id='word_1_71' title='bbox 1239 2631 1317 2684; x_wconf 84' lang='grc' dir='ltr'><strong>Δ’.</strong></span> 
     </span>
    </p>
   </div>
   <div class='ocr_carea' id='block_1_13' title="bbox 2058 2628 2942 2691">
    <p class='ocr_par' dir='ltr' id='par_1_13' title="bbox 2352 2628 2942 2687">
     <span class='ocr_line' id='line_1_13' title="bbox 2352 2628 2942 2687; baseline 0.008 -5"><span class='ocrx_word' id='word_1_72' title='bbox 2352 2654 2358 2661; x_wconf 90' lang='grc'><strong>·</strong></span> <span class='ocrx_word' id='word_1_73' title='bbox 2701 2628 2861 2687; x_wconf 76' lang='lat' dir='ltr'><strong>CAP.</strong></span> <span class='ocrx_word' id='word_1_74' title='bbox 2902 2631 2942 2687; x_wconf 89' lang='grc'><strong>1.</strong></span> 
     </span>
    </p>
   </div>
   <div class='ocr_carea' id='block_1_14' title="bbox 810 2746 1468 2816">
    <p class='ocr_par' dir='ltr' id='par_1_14' title="bbox 810 2746 1468 2816">
     <span class='ocr_line' id='line_1_14' title="bbox 810 2746 1468 2816; baseline 0 -16"><span class='ocrx_word' id='word_1_75' title='bbox 810 2748 870 2801; x_wconf 81' lang='grc' dir='ltr'><strong>Τί</strong></span> <span class='ocrx_word' id='word_1_76' title='bbox 904 2746 1079 2800; x_wconf 81' lang='grc' dir='ltr'><strong>ἐστιν</strong></span> <span class='ocrx_word' id='word_1_77' title='bbox 1120 2748 1153 2800; x_wconf 86' lang='grc' dir='ltr'><em>ό</em></span> <span class='ocrx_word' id='word_1_78' title='bbox 1191 2748 1468 2816; x_wconf 64' lang='grc' dir='ltr'><strong>Χριστόςέ</strong></span> 
     </span>
    </p>
   </div>
   <div class='ocr_carea' id='block_1_15' title="bbox 417 2858 1933 2933">
    <p class='ocr_par' dir='ltr' id='par_1_15' title="bbox 417 2858 1933 2933">
     <span class='ocr_line' id='line_1_15' title="bbox 417 2858 1933 2933; baseline -0.003 -16"><span class='ocrx_word' id='word_1_79' title='bbox 417 2862 492 2917; x_wconf 77' lang='grc' dir='ltr'>Τδ</span> <span class='ocrx_word' id='word_1_80' title='bbox 525 2860 758 2933; x_wconf 79' lang='grc' dir='ltr'><strong>Χριστὸς</strong></span> <span class='ocrx_word' id='word_1_81' title='bbox 798 2860 972 2929; x_wconf 74' lang='grc' dir='ltr'><strong>ὄνομα</strong></span> <span class='ocrx_word' id='word_1_82' title='bbox 1006 2858 1132 2913; x_wconf 73' lang='grc' dir='ltr'><strong>οὒτε</strong></span> <span class='ocrx_word' id='word_1_83' title='bbox 1170 2860 1300 2931; x_wconf 81' lang='grc' dir='ltr'><strong>ὅρου</strong></span> <span class='ocrx_word' id='word_1_84' title='bbox 1351 2858 1583 2930; x_wconf 85' lang='grc' dir='ltr'><strong>δύναμιν</strong></span> <span class='ocrx_word' id='word_1_85' title='bbox 1612 2858 1759 2931; x_wconf 75' lang='grc' dir='ltr'><strong>ἔχει,</strong></span> <span class='ocrx_word' id='word_1_86' title='bbox 1807 2858 1933 2913; x_wconf 72' lang='grc' dir='ltr'><strong>οὔτε</strong></span> 
     </span>
    </p>
   </div>
   <div class='ocr_carea' id='block_1_16' title="bbox 347 2949 1933 3025">
    <p class='ocr_par' dir='ltr' id='par_1_16' title="bbox 347 2949 1933 3025">
     <span class='ocr_line' id='line_1_16' title="bbox 347 2949 1933 3025; baseline -0.003 -18"><span class='ocrx_word' id='word_1_87' title='bbox 347 2955 453 3025; x_wconf 82' lang='grc' dir='ltr'><strong>μὴν</strong></span> <span class='ocrx_word' id='word_1_88' title='bbox 491 2956 588 3022; x_wconf 80' lang='grc' dir='ltr'><strong>τήν</strong></span> <span class='ocrx_word' id='word_1_89' title='bbox 615 2969 759 3017; x_wconf 86' lang='grc' dir='ltr'><strong>τινος</strong></span> <span class='ocrx_word' id='word_1_90' title='bbox 790 2950 996 3015; x_wconf 80' lang='grc' dir='ltr'><strong>ούσίαν,</strong></span> <span class='ocrx_word' id='word_1_91' title='bbox 1032 2951 1061 3004; x_wconf 82' lang='grc' dir='ltr'>ὅ</span> <span class='ocrx_word' id='word_1_92' title='bbox 1098 2951 1149 3003; x_wconf 79' lang='grc' dir='ltr'><strong>τί</strong></span> <span class='ocrx_word' id='word_1_93' title='bbox 1170 2950 1298 3004; x_wconf 80' lang='grc' dir='ltr'><strong>ποτέ</strong></span> <span class='ocrx_word' id='word_1_94' title='bbox 1323 2951 1438 3003; x_wconf 74' lang='grc' dir='ltr'><strong>ἰστι</strong></span> <span class='ocrx_word' id='word_1_95' title='bbox 1472 2950 1761 3020; x_wconf 83' lang='grc' dir='ltr'><strong>σημαίνιι·</strong></span> <span class='ocrx_word' id='word_1_96' title='bbox 1796 2949 1933 3003; x_wconf 78' lang='grc' dir='ltr'><strong>καθ·-</strong></span> 
     </span>
    </p>
   </div>
   <div class='ocr_carea' id='block_1_17' title="bbox 350 3041 1931 3118">
    <p class='ocr_par' dir='ltr' id='par_1_17' title="bbox 350 3041 1931 3118">
     <span class='ocr_line' id='line_1_17' title="bbox 350 3041 1931 3118; baseline -0.003 -17"><span class='ocrx_word' id='word_1_97' title='bbox 350 3050 495 3118; x_wconf 72' lang='grc' dir='ltr'><strong>άττίρ</strong></span> <span class='ocrx_word' id='word_1_98' title='bbox 535 3045 728 3116; x_wconf 77' lang='grc' dir='ltr'><strong>ἀμέλει</strong></span> <span class='ocrx_word' id='word_1_99' title='bbox 778 3044 871 3097; x_wconf 71' lang='grc' dir='ltr'><strong>καὶ</strong></span> <span class='ocrx_word' id='word_1_100' title='bbox 922 3044 983 3096; x_wconf 82' lang='grc' dir='ltr'><strong>τὸ</strong></span> <span class='ocrx_word' id='word_1_101' title='bbox 1029 3041 1352 3114; x_wconf 79' lang='grc' dir='ltr'><strong>ἄνθρωπος,</strong></span> <span class='ocrx_word' id='word_1_102' title='bbox 1388 3041 1421 3112; x_wconf 81' lang='grc' dir='ltr'>ἢ</span> <span class='ocrx_word' id='word_1_103' title='bbox 1471 3042 1675 3106; x_wconf 81' lang='grc' dir='ltr'><strong>ἵππος,</strong></span> <span class='ocrx_word' id='word_1_104' title='bbox 1710 3041 1743 3114; x_wconf 78' lang='grc' dir='ltr'>ἢ</span> <span class='ocrx_word' id='word_1_105' title='bbox 1782 3041 1931 3112; x_wconf 81' lang='grc' dir='ltr'>βοῦς.</span> 
     </span>
    </p>
   </div>
   <div class='ocr_carea' id='block_1_18' title="bbox 347 3134 1937 3209">
    <p class='ocr_par' dir='ltr' id='par_1_18' title="bbox 347 3134 1937 3209">
     <span class='ocr_line' id='line_1_18' title="bbox 347 3134 1937 3209; baseline -0.003 -17"><span class='ocrx_word' id='word_1_106' title='bbox 347 3140 679 3209; x_wconf 79' lang='grc' dir='ltr'><strong>ηρὰγματος</strong></span> <span class='ocrx_word' id='word_1_107' title='bbox 706 3136 763 3190; x_wconf 71' lang='grc' dir='ltr'><strong>δὲ</strong></span> <span class='ocrx_word' id='word_1_108' title='bbox 801 3135 1003 3206; x_wconf 79' lang='grc' dir='ltr'><strong>μᾶλλον</strong></span> <span class='ocrx_word' id='word_1_109' title='bbox 1031 3134 1426 3205; x_wconf 78' lang='grc' dir='ltr'><strong>ὲνεργουμένου</strong></span> <span class='ocrx_word' id='word_1_110' title='bbox 1451 3134 1580 3206; x_wconf 78' lang='grc' dir='ltr'>περί</span> <span class='ocrx_word' id='word_1_111' title='bbox 1617 3151 1739 3187; x_wconf 91' lang='grc' dir='ltr'><strong>τινα</strong></span> <span class='ocrx_word' id='word_1_112' title='bbox 1767 3137 1937 3187; x_wconf 85' lang='grc' dir='ltr'><strong>ποιεῖ-</strong></span> 
     </span>
    </p>
   </div>
   <div class='ocr_carea' id='block_1_19' title="bbox 343 3226 1935 3302">
    <p class='ocr_par' dir='ltr' id='par_1_19' title="bbox 343 3226 1935 3302">
     <span class='ocr_line' id='line_1_19' title="bbox 343 3226 1935 3302; baseline -0.003 -19"><span class='ocrx_word' id='word_1_113' title='bbox 343 3247 435 3285; x_wconf 91' lang='grc' dir='ltr'><strong>ται</strong></span> <span class='ocrx_word' id='word_1_114' title='bbox 480 3231 731 3302; x_wconf 72' lang='grc' dir='ltr'><strong>δήλωσιν.</strong></span> <span class='ocrx_word' id='word_1_115' title='bbox 771 3227 968 3299; x_wconf 83' lang='grc' dir='ltr'><strong>Ἐλαίῳ</strong></span> <span class='ocrx_word' id='word_1_116' title='bbox 1001 3227 1101 3298; x_wconf 68' lang='grc' dir='ltr'><strong>μὲν</strong></span> <span class='ocrx_word' id='word_1_117' title='bbox 1136 3228 1382 3297; x_wconf 65' lang='grc' dir='ltr'><strong>ἔχρεοντο</strong></span> <span class='ocrx_word' id='word_1_118' title='bbox 1418 3227 1529 3280; x_wconf 84' lang='grc' dir='ltr'><strong>τῶν</strong></span> <span class='ocrx_word' id='word_1_119' title='bbox 1564 3226 1935 3298; x_wconf 82' lang='grc' dir='ltr'><strong>ἀρχαιοτέρων</strong></span> 
     </span>
    </p>
   </div>
   <div class='ocr_carea' id='block_1_20' title="bbox 342 3319 1936 3392">
    <p class='ocr_par' dir='ltr' id='par_1_20' title="bbox 342 3319 1936 3392">
     <span class='ocr_line' id='line_1_20' title="bbox 342 3319 1936 3392; baseline -0.004 -14"><span class='ocrx_word' id='word_1_120' title='bbox 342 3324 508 3389; x_wconf 73' lang='grc' dir='ltr'><strong>τινὲς,</strong></span> <span class='ocrx_word' id='word_1_121' title='bbox 544 3321 687 3377; x_wconf 75' lang='grc' dir='ltr'><strong>κατά</strong></span> <span class='ocrx_word' id='word_1_122' title='bbox 716 3338 781 3391; x_wconf 74' lang='grc' dir='ltr'><strong>γε</strong></span> <span class='ocrx_word' id='word_1_123' title='bbox 816 3321 896 3392; x_wconf 82' lang='grc' dir='ltr'><strong>τῷ</strong></span> <span class='ocrx_word' id='word_1_124' title='bbox 921 3319 1042 3389; x_wconf 81' lang='grc' dir='ltr'><strong>Θιῷ</strong></span> <span class='ocrx_word' id='word_1_125' title='bbox 1063 3320 1125 3373; x_wconf 82' lang='grc' dir='ltr'><strong>τὸ</strong></span> <span class='ocrx_word' id='word_1_126' title='bbox 1154 3319 1408 3390; x_wconf 78' lang='grc' dir='ltr'><strong>τηνικάδε</strong></span> <span class='ocrx_word' id='word_1_127' title='bbox 1430 3319 1644 3373; x_wconf 79' lang='grc' dir='ltr'>δοκοῦν.</span> <span class='ocrx_word' id='word_1_128' title='bbox 1679 3319 1789 3374; x_wconf 74' lang='grc' dir='ltr'><strong>Καὶ</strong></span> <span class='ocrx_word' id='word_1_129' title='bbox 1812 3319 1936 3373; x_wconf 82' lang='grc' dir='ltr'><strong>σύν-</strong></span> 
     </span>
    </p>
   </div>
   <div class='ocr_carea' id='block_1_21' title="bbox 344 3410 1938 3489">
    <p class='ocr_par' dir='ltr' id='par_1_21' title="bbox 344 3410 1938 3489">
     <span class='ocr_line' id='line_1_21' title="bbox 344 3410 1938 3489; baseline -0.005 -16"><span class='ocrx_word' id='word_1_130' title='bbox 344 3418 502 3489; x_wconf 80' lang='grc' dir='ltr'><strong>θημα</strong></span> <span class='ocrx_word' id='word_1_131' title='bbox 530 3415 804 3487; x_wconf 76' lang='grc' dir='ltr'><strong>βασιλείας</strong></span> <span class='ocrx_word' id='word_1_132' title='bbox 831 3410 899 3486; x_wconf 76' lang='grc' dir='ltr'><strong>ἦν</strong></span> <span class='ocrx_word' id='word_1_133' title='bbox 926 3416 959 3485; x_wconf 78' lang='grc' dir='ltr'>ἡ</span> <span class='ocrx_word' id='word_1_134' title='bbox 984 3414 1166 3485; x_wconf 80' lang='grc' dir='ltr'><strong>χρίσις</strong></span> <span class='ocrx_word' id='word_1_135' title='bbox 1202 3412 1406 3476; x_wconf 80' lang='grc' dir='ltr'><strong>αὐτοῖς.</strong></span> <span class='ocrx_word' id='word_1_136' title='bbox 1440 3412 1719 3484; x_wconf 83' lang='grc' dir='ltr'><strong>Ἐχρίοντο</strong></span> <span class='ocrx_word' id='word_1_137' title='bbox 1756 3412 1813 3466; x_wconf 77' lang='grc' dir='ltr'><strong>δὲ</strong></span> <span class='ocrx_word' id='word_1_138' title='bbox 1842 3412 1938 3467; x_wconf 69' lang='grc' dir='ltr'><strong>καὶ</strong></span> 
     </span>
    </p>
   </div>
   <div class='ocr_carea' id='block_1_22' title="bbox 343 3503 1939 3581">
    <p class='ocr_par' dir='ltr' id='par_1_22' title="bbox 343 3503 1939 3581">
     <span class='ocr_line' id='line_1_22' title="bbox 343 3503 1939 3581; baseline -0.005 -16"><span class='ocrx_word' id='word_1_139' title='bbox 343 3514 393 3565; x_wconf 89' lang='grc' dir='ltr'><strong>οἱ</strong></span> <span class='ocrx_word' id='word_1_140' title='bbox 442 3508 719 3581; x_wconf 79' lang='grc' dir='ltr'><strong>προφῆται</strong></span> <span class='ocrx_word' id='word_1_141' title='bbox 778 3505 985 3577; x_wconf 82' lang='grc' dir='ltr'><strong>νοητῶς</strong></span> <span class='ocrx_word' id='word_1_142' title='bbox 1027 3505 1107 3577; x_wconf 84' lang='grc' dir='ltr'><strong>τῷ</strong></span> <span class='ocrx_word' id='word_1_143' title='bbox 1146 3506 1289 3575; x_wconf 80' lang='grc' dir='ltr'><strong>ἁγίῳ</strong></span> <span class='ocrx_word' id='word_1_144' title='bbox 1314 3503 1620 3575; x_wconf 82' lang='grc' dir='ltr'><strong>Πνεύματι,</strong></span> <span class='ocrx_word' id='word_1_145' title='bbox 1653 3503 1795 3558; x_wconf 82' lang='grc' dir='ltr'><strong>ὥστε</strong></span> <span class='ocrx_word' id='word_1_146' title='bbox 1843 3505 1939 3558; x_wconf 74' lang='grc' dir='ltr'><strong>καὶ</strong></span> 
     </span>
    </p>
   </div>
   <div class='ocr_carea' id='block_1_23' title="bbox 343 3595 1938 3669">
    <p class='ocr_par' dir='ltr' id='par_1_23' title="bbox 343 3595 1938 3669">
     <span class='ocr_line' id='line_1_23' title="bbox 343 3595 1938 3669; baseline -0.003 -14"><span class='ocrx_word' id='word_1_147' title='bbox 343 3599 595 3655; x_wconf 73' lang='grc' dir='ltr'><strong>ιντεῦθιν</strong></span> <span class='ocrx_word' id='word_1_148' title='bbox 634 3597 996 3669; x_wconf 76' lang='grc' dir='ltr'><strong>ὀνομάζεσθαι</strong></span> <span class='ocrx_word' id='word_1_149' title='bbox 1036 3596 1311 3668; x_wconf 86' lang='grc' dir='ltr'><strong>χριστούς.</strong></span> <span class='ocrx_word' id='word_1_150' title='bbox 1340 3595 1547 3650; x_wconf 76' lang='grc' dir='ltr'><strong>Ψὰλλει</strong></span> <span class='ocrx_word' id='word_1_151' title='bbox 1587 3595 1718 3665; x_wconf 75' lang='grc' dir='ltr'><strong>γοῦν</strong></span> <span class='ocrx_word' id='word_1_152' title='bbox 1758 3598 1785 3650; x_wconf 84' lang='grc' dir='ltr'>ὀ</span> <span class='ocrx_word' id='word_1_153' title='bbox 1830 3613 1938 3666; x_wconf 87' lang='grc' dir='ltr'><strong>μα-</strong></span> 
     </span>
    </p>
   </div>
   <div class='ocr_carea' id='block_1_24' title="bbox 346 3686 1939 3763">
    <p class='ocr_par' dir='ltr' id='par_1_24' title="bbox 346 3686 1939 3763">
     <span class='ocr_line' id='line_1_24' title="bbox 346 3686 1939 3763; baseline -0.004 -15"><span class='ocrx_word' id='word_1_154' title='bbox 346 3693 539 3763; x_wconf 76' lang='grc' dir='ltr'><strong>κάριος</strong></span> <span class='ocrx_word' id='word_1_155' title='bbox 574 3690 737 3745; x_wconf 71' lang='grc' dir='ltr'><strong>Δασιδ</strong></span> <span class='ocrx_word' id='word_1_156' title='bbox 762 3691 826 3743; x_wconf 78' lang='grc' dir='ltr'><strong>ὲκ</strong></span> <span class='ocrx_word' id='word_1_157' title='bbox 854 3687 1150 3759; x_wconf 75' lang='grc' dir='ltr'><strong>προσώπου</strong></span> <span class='ocrx_word' id='word_1_158' title='bbox 1174 3686 1268 3741; x_wconf 82' lang='grc' dir='ltr'><strong>τοῦ</strong></span> <span class='ocrx_word' id='word_1_159' title='bbox 1290 3686 1450 3750; x_wconf 78' lang='grc' dir='ltr'><strong>Θεοῦ,</strong></span> <span class='ocrx_word' id='word_1_160' title='bbox 1473 3687 1564 3742; x_wconf 84' lang='grc' dir='ltr'><strong>καί</strong></span> <span class='ocrx_word' id='word_1_161' title='bbox 1593 3704 1724 3758; x_wconf 83' lang='grc' dir='ltr'><strong>φησι</strong></span> <span class='ocrx_word' id='word_1_162' title='bbox 1749 3704 1762 3717; x_wconf 78' lang='grc' dir='ltr'><strong>ο</strong></span> <span class='ocrx_word' id='word_1_163' title='bbox 1798 3705 1816 3738; x_wconf 82' lang='grc' dir='ltr'><strong>ι</strong></span> <span class='ocrx_word' id='word_1_164' title='bbox 1847 3686 1939 3757; x_wconf 80' lang='grc' dir='ltr'><strong>Μὴ</strong></span> 
     </span>
    </p>
   </div>
   <div class='ocr_carea' id='block_1_25' title="bbox 346 3778 1941 3852">
    <p class='ocr_par' dir='ltr' id='par_1_25' title="bbox 346 3778 1941 3852">
     <span class='ocr_line' id='line_1_25' title="bbox 346 3778 1941 3852; baseline -0.004 -14"><span class='ocrx_word' id='word_1_165' title='bbox 346 3784 587 3847; x_wconf 76' lang='grc' dir='ltr'><strong>ᾇπτεσοε</strong></span> <span class='ocrx_word' id='word_1_166' title='bbox 618 3782 729 3835; x_wconf 85' lang='grc' dir='ltr'><strong>τῶν</strong></span> <span class='ocrx_word' id='word_1_167' title='bbox 758 3780 995 3852; x_wconf 75' lang='grc' dir='ltr'><strong>χριστῶν</strong></span> <span class='ocrx_word' id='word_1_168' title='bbox 1027 3798 1151 3848; x_wconf 83' lang='grc' dir='ltr'><strong>μου,</strong></span> <span class='ocrx_word' id='word_1_169' title='bbox 1172 3780 1268 3833; x_wconf 78' lang='grc' dir='ltr'><strong>καὶ</strong></span> <span class='ocrx_word' id='word_1_170' title='bbox 1298 3782 1355 3833; x_wconf 83' lang='grc' dir='ltr'><strong>ὲν</strong></span> <span class='ocrx_word' id='word_1_171' title='bbox 1378 3781 1492 3843; x_wconf 83' lang='grc' dir='ltr'><strong>τοῖς</strong></span> <span class='ocrx_word' id='word_1_172' title='bbox 1523 3780 1827 3851; x_wconf 77' lang='grc' dir='ltr'><strong>προφήταις</strong></span> <span class='ocrx_word' id='word_1_173' title='bbox 1864 3778 1941 3849; x_wconf 81' lang='grc' dir='ltr'><strong>μὴ</strong></span> 
     </span>
    </p>
   </div>
   <div class='ocr_carea' id='block_1_26' title="bbox 348 3873 1939 3948">
    <p class='ocr_par' dir='ltr' id='par_1_26' title="bbox 348 3873 1939 3948">
     <span class='ocr_line' id='line_1_26' title="bbox 348 3873 1939 3948; baseline -0.003 -16"><span class='ocrx_word' id='word_1_174' title='bbox 348 3876 738 3948; x_wconf 75' lang='grc' dir='ltr'><strong>πονηρεύεσθε.</strong></span> <span class='ocrx_word' id='word_1_175' title='bbox 770 3894 788 3927; x_wconf 77' lang='grc' dir='ltr'><strong>ι</strong></span> <span class='ocrx_word' id='word_1_176' title='bbox 820 3874 957 3945; x_wconf 69' lang='grc' dir='ltr'><strong>Φησὶ</strong></span> <span class='ocrx_word' id='word_1_177' title='bbox 988 3874 1049 3932; x_wconf 75' lang='grc' dir='ltr'><strong>δὲ.</strong></span> <span class='ocrx_word' id='word_1_178' title='bbox 1069 3873 1160 3927; x_wconf 76' lang='grc' dir='ltr'><strong>καὶ</strong></span> <span class='ocrx_word' id='word_1_179' title='bbox 1191 3876 1219 3927; x_wconf 84' lang='grc' dir='ltr'>ὁ</span> <span class='ocrx_word' id='word_1_180' title='bbox 1257 3876 1547 3945; x_wconf 75' lang='grc' dir='ltr'><strong>προφήτης</strong></span> <span class='ocrx_word' id='word_1_181' title='bbox 1590 3873 1939 3945; x_wconf 73' lang='grc' dir='ltr'><strong>Ἀὄϐακούμο</strong></span> 
     </span>
    </p>
   </div>
   <div class='ocr_carea' id='block_1_27' title="bbox 2564 2745 3106 2813">
    <p class='ocr_par' dir='ltr' id='par_1_27' title="bbox 2564 2745 3106 2813">
     <span class='ocr_line' id='line_1_27' title="bbox 2564 2745 3106 2813; baseline 0.007 -12"><span class='ocrx_word' id='word_1_182' title='bbox 2564 2746 2706 2813; x_wconf 75' lang='lat' dir='ltr'><strong>Quid</strong></span> <span class='ocrx_word' id='word_1_183' title='bbox 2733 2757 2810 2803; x_wconf 76' lang='lat' dir='ltr'><strong>est</strong></span> <span class='ocrx_word' id='word_1_184' title='bbox 2839 2745 3106 2805; x_wconf 76' lang='lat' dir='ltr'><strong>Christus.</strong></span> 
     </span>
    </p>
   </div>
   <div class='ocr_carea' id='block_1_28' title="bbox 2110 2858 3635 2936">
    <p class='ocr_par' dir='ltr' id='par_1_28' title="bbox 2110 2858 3635 2936">
     <span class='ocr_line' id='line_1_28' title="bbox 2110 2858 3635 2936; baseline 0.003 -19"><span class='ocrx_word' id='word_1_185' title='bbox 2110 2858 2277 2931; x_wconf 77' lang='lat'><strong>779</strong></span> <span class='ocrx_word' id='word_1_186' title='bbox 2297 2860 2502 2916; x_wconf 74' lang='lat' dir='ltr'><strong>Christi</strong></span> <span class='ocrx_word' id='word_1_187' title='bbox 2535 2876 2732 2917; x_wconf 85' lang='lat' dir='ltr'><strong>nomen</strong></span> <span class='ocrx_word' id='word_1_188' title='bbox 2762 2877 2861 2917; x_wconf 90' lang='lat' dir='ltr'><strong>nec</strong></span> <span class='ocrx_word' id='word_1_189' title='bbox 2876 2861 3209 2919; x_wconf 76' lang='lat' dir='ltr'><strong>definitionis</strong></span> <span class='ocrx_word' id='word_1_190' title='bbox 3245 2864 3353 2921; x_wconf 80' lang='lat' dir='ltr'><strong>vim</strong></span> <span class='ocrx_word' id='word_1_191' title='bbox 3392 2867 3635 2936; x_wconf 84' lang='lat' dir='ltr'><strong>obtinet,</strong></span> 
     </span>
    </p>
   </div>
   <div class='ocr_carea' id='block_1_29' title="bbox 2037 2952 3638 3029">
    <p class='ocr_par' dir='ltr' id='par_1_29' title="bbox 2037 2952 3638 3029">
     <span class='ocr_line' id='line_1_29' title="bbox 2037 2952 3638 3029; baseline 0.004 -23"><span class='ocrx_word' id='word_1_192' title='bbox 2037 2967 2139 3008; x_wconf 85' lang='lat' dir='ltr'><strong>nec</strong></span> <span class='ocrx_word' id='word_1_193' title='bbox 2166 2952 2471 3024; x_wconf 82' lang='lat' dir='ltr'><strong>cuiuspiam</strong></span> <span class='ocrx_word' id='word_1_194' title='bbox 2514 2954 2904 3023; x_wconf 78' lang='lat' dir='ltr'><strong>substantiam,</strong></span> <span class='ocrx_word' id='word_1_195' title='bbox 2956 2956 3133 3025; x_wconf 80' lang='lat' dir='ltr'><strong>qualis</strong></span> <span class='ocrx_word' id='word_1_196' title='bbox 3173 2958 3285 3024; x_wconf 85' lang='lat' dir='ltr'><strong>sit,</strong></span> <span class='ocrx_word' id='word_1_197' title='bbox 3328 2958 3638 3029; x_wconf 76' lang='lat' dir='ltr'><strong>signiﬁcat.</strong></span> 
     </span>
    </p>
   </div>
   <div class='ocr_carea' id='block_1_30' title="bbox 2037 3042 3641 3120">
    <p class='ocr_par' dir='ltr' id='par_1_30' title="bbox 2037 3042 3641 3120">
     <span class='ocr_line' id='line_1_30' title="bbox 2037 3042 3641 3120; baseline 0.004 -23"><span class='ocrx_word' id='word_1_198' title='bbox 2037 3042 2181 3098; x_wconf 80' lang='lat' dir='ltr'><strong>sicut</strong></span> <span class='ocrx_word' id='word_1_199' title='bbox 2214 3043 2355 3098; x_wconf 81' lang='lat' dir='ltr'><strong>forte</strong></span> <span class='ocrx_word' id='word_1_200' title='bbox 2386 3044 2567 3108; x_wconf 82' lang='lat' dir='ltr'><strong>homo,</strong></span> <span class='ocrx_word' id='word_1_201' title='bbox 2594 3056 2689 3098; x_wconf 87' lang='lat' dir='ltr'><strong>aut</strong></span> <span class='ocrx_word' id='word_1_202' title='bbox 2721 3061 2917 3115; x_wconf 86' lang='lat' dir='ltr'><strong>equus,</strong></span> <span class='ocrx_word' id='word_1_203' title='bbox 2944 3055 3039 3100; x_wconf 88' lang='lat' dir='ltr'><strong>aut</strong></span> <span class='ocrx_word' id='word_1_204' title='bbox 3067 3048 3163 3102; x_wconf 71' lang='lat' dir='ltr'><strong>llos</strong></span> <span class='ocrx_word' id='word_1_205' title='bbox 3189 3064 3204 3113; x_wconf 88' lang='lat'><strong>;</strong></span> <span class='ocrx_word' id='word_1_206' title='bbox 3230 3048 3325 3104; x_wconf 82' lang='lat' dir='ltr'><strong>sed</strong></span> <span class='ocrx_word' id='word_1_207' title='bbox 3365 3050 3440 3105; x_wconf 91' lang='lat' dir='ltr'><strong>rei</strong></span> <span class='ocrx_word' id='word_1_208' title='bbox 3468 3050 3641 3120; x_wconf 76' lang='lat' dir='ltr'><strong>magis</strong></span> 
     </span>
    </p>
   </div>
   <div class='ocr_carea' id='block_1_31' title="bbox 2038 3132 3642 3207">
    <p class='ocr_par' dir='ltr' id='par_1_31' title="bbox 2038 3132 3642 3207">
     <span class='ocr_line' id='line_1_31' title="bbox 2038 3132 3642 3207; baseline 0.006 -21"><span class='ocrx_word' id='word_1_209' title='bbox 2038 3146 2160 3202; x_wconf 65' lang='lat' dir='ltr'><strong>qua:</strong></span> <span class='ocrx_word' id='word_1_210' title='bbox 2190 3132 2243 3187; x_wconf 90' lang='lat' dir='ltr'><strong>in</strong></span> <span class='ocrx_word' id='word_1_211' title='bbox 2283 3134 2468 3203; x_wconf 89' lang='lat' dir='ltr'><strong>aliquo</strong></span> <span class='ocrx_word' id='word_1_212' title='bbox 2500 3142 2719 3204; x_wconf 86' lang='lat' dir='ltr'><strong>agatur,</strong></span> <span class='ocrx_word' id='word_1_213' title='bbox 2767 3134 2933 3190; x_wconf 83' lang='lat' dir='ltr'><strong>habet</strong></span> <span class='ocrx_word' id='word_1_214' title='bbox 2967 3137 3424 3207; x_wconf 79' lang='lat' dir='ltr'><strong>signiﬁcationem</strong></span> <span class='ocrx_word' id='word_1_215' title='bbox 3454 3158 3467 3192; x_wconf 88' lang='lat'><strong>:</strong></span> <span class='ocrx_word' id='word_1_216' title='bbox 3520 3141 3642 3196; x_wconf 89' lang='lat' dir='ltr'><strong>oleo</strong></span> 
     </span>
    </p>
   </div>
   <div class='ocr_carea' id='block_1_32' title="bbox 2040 3225 3639 3302">
    <p class='ocr_par' dir='ltr' id='par_1_32' title="bbox 2040 3225 3639 3302">
     <span class='ocr_line' id='line_1_32' title="bbox 2040 3225 3639 3302; baseline 0.004 -22"><span class='ocrx_word' id='word_1_217' title='bbox 2040 3240 2279 3295; x_wconf 81' lang='lat' dir='ltr'><strong>namque</strong></span> <span class='ocrx_word' id='word_1_218' title='bbox 2305 3225 2646 3296; x_wconf 82' lang='lat' dir='ltr'><strong>ungebantur</strong></span> <span class='ocrx_word' id='word_1_219' title='bbox 2666 3226 2887 3296; x_wconf 86' lang='lat' dir='ltr'><strong>quidam</strong></span> <span class='ocrx_word' id='word_1_220' title='bbox 2913 3228 3285 3296; x_wconf 80' lang='lat' dir='ltr'><strong>superiorum,</strong></span> <span class='ocrx_word' id='word_1_221' title='bbox 3313 3231 3468 3299; x_wconf 80' lang='lat' dir='ltr'><strong>juxta</strong></span> <span class='ocrx_word' id='word_1_222' title='bbox 3492 3235 3639 3302; x_wconf 89' lang='lat' dir='ltr'><strong>quod</strong></span> 
     </span>
    </p>
   </div>
   <div class='ocr_carea' id='block_1_33' title="bbox 2040 3317 3643 3392">
    <p class='ocr_par' dir='ltr' id='par_1_33' title="bbox 2040 3317 3643 3392">
     <span class='ocr_line' id='line_1_33' title="bbox 2040 3317 3643 3392; baseline 0.002 -18"><span class='ocrx_word' id='word_1_223' title='bbox 2040 3317 2152 3374; x_wconf 91' lang='lat' dir='ltr'><strong>Deo</strong></span> <span class='ocrx_word' id='word_1_224' title='bbox 2196 3327 2325 3375; x_wconf 90' lang='lat' dir='ltr'><strong>tunc</strong></span> <span class='ocrx_word' id='word_1_225' title='bbox 2368 3318 2631 3387; x_wconf 91' lang='lat' dir='ltr'><strong>temporis</strong></span> <span class='ocrx_word' id='word_1_226' title='bbox 2664 3317 2936 3389; x_wconf 83' lang='lat' dir='ltr'><strong>placebat,</strong></span> <span class='ocrx_word' id='word_1_227' title='bbox 2983 3329 3037 3374; x_wconf 91' lang='lat' dir='ltr'><strong>et</strong></span> <span class='ocrx_word' id='word_1_228' title='bbox 3084 3321 3297 3391; x_wconf 84' lang='lat' dir='ltr'><strong>signum</strong></span> <span class='ocrx_word' id='word_1_229' title='bbox 3336 3323 3488 3392; x_wconf 74' lang='lat' dir='ltr'><strong>regni</strong></span> <span class='ocrx_word' id='word_1_230' title='bbox 3537 3322 3643 3379; x_wconf 77' lang='lat' dir='ltr'><strong>illis</strong></span> 
     </span>
    </p>
   </div>
   <div class='ocr_carea' id='block_1_34' title="bbox 2040 3406 3643 3483">
    <p class='ocr_par' dir='ltr' id='par_1_34' title="bbox 2040 3406 3643 3483">
     <span class='ocr_line' id='line_1_34' title="bbox 2040 3406 3643 3483; baseline 0.004 -20"><span class='ocrx_word' id='word_1_231' title='bbox 2040 3417 2161 3463; x_wconf 89' lang='lat' dir='ltr'><strong>erat</strong></span> <span class='ocrx_word' id='word_1_232' title='bbox 2187 3409 2396 3463; x_wconf 89' lang='lat' dir='ltr'><strong>unctio.</strong></span> <span class='ocrx_word' id='word_1_233' title='bbox 2442 3406 2805 3478; x_wconf 89' lang='lat' dir='ltr'><strong>Ungebantur</strong></span> <span class='ocrx_word' id='word_1_234' title='bbox 2844 3423 3025 3464; x_wconf 86' lang='lat' dir='ltr'><strong>autem</strong></span> <span class='ocrx_word' id='word_1_235' title='bbox 3067 3421 3119 3465; x_wconf 88' lang='lat' dir='ltr'><strong>et</strong></span> <span class='ocrx_word' id='word_1_236' title='bbox 3149 3414 3427 3483; x_wconf 67' lang='lat' dir='ltr'><strong>propheta!</strong></span> <span class='ocrx_word' id='word_1_237' title='bbox 3463 3415 3643 3469; x_wconf 84' lang='lat' dir='ltr'><strong>sensi-</strong></span> 
     </span>
    </p>
   </div>
   <div class='ocr_carea' id='block_1_35' title="bbox 2041 3500 3647 3573">
    <p class='ocr_par' dir='ltr' id='par_1_35' title="bbox 2041 3500 3647 3573">
     <span class='ocr_line' id='line_1_35' title="bbox 2041 3500 3647 3573; baseline 0.002 -15"><span class='ocrx_word' id='word_1_238' title='bbox 2041 3502 2223 3558; x_wconf 86' lang='lat' dir='ltr'><strong>biliter</strong></span> <span class='ocrx_word' id='word_1_239' title='bbox 2256 3500 2462 3571; x_wconf 87' lang='lat' dir='ltr'><strong>Spiritu</strong></span> <span class='ocrx_word' id='word_1_240' title='bbox 2499 3511 2716 3567; x_wconf 89' lang='lat' dir='ltr'><strong>sancto,</strong></span> <span class='ocrx_word' id='word_1_241' title='bbox 2750 3513 2811 3556; x_wconf 89' lang='lat' dir='ltr'><strong>ut</strong></span> <span class='ocrx_word' id='word_1_242' title='bbox 2838 3502 2963 3558; x_wconf 82' lang='lat' dir='ltr'><strong>inde</strong></span> <span class='ocrx_word' id='word_1_243' title='bbox 2984 3518 3201 3573; x_wconf 88' lang='lat' dir='ltr'><strong>quoque</strong></span> <span class='ocrx_word' id='word_1_244' title='bbox 3230 3504 3647 3562; x_wconf 86' lang='lat' dir='ltr'><strong>nominarentur</strong></span> 
     </span>
    </p>
   </div>
   <div class='ocr_carea' id='block_1_36' title="bbox 2043 3592 3642 3665">
    <p class='ocr_par' dir='ltr' id='par_1_36' title="bbox 2043 3592 3642 3665">
     <span class='ocr_line' id='line_1_36' title="bbox 2043 3592 3642 3665; baseline 0.002 -16"><span class='ocrx_word' id='word_1_245' title='bbox 2043 3593 2259 3649; x_wconf 85' lang='lat' dir='ltr'><strong>cbristi.</strong></span> <span class='ocrx_word' id='word_1_246' title='bbox 2310 3594 2552 3664; x_wconf 87' lang='lat' dir='ltr'><strong>Denique</strong></span> <span class='ocrx_word' id='word_1_247' title='bbox 2597 3592 2791 3649; x_wconf 84' lang='lat' dir='ltr'><strong>beatus</strong></span> <span class='ocrx_word' id='word_1_248' title='bbox 2840 3593 3006 3647; x_wconf 75' lang='lat' dir='ltr'><strong>David</strong></span> <span class='ocrx_word' id='word_1_249' title='bbox 3056 3594 3239 3663; x_wconf 80' lang='lat' dir='ltr'><strong>psallit</strong></span> <span class='ocrx_word' id='word_1_250' title='bbox 3287 3611 3352 3650; x_wconf 83' lang='lat' dir='ltr'><strong>ex</strong></span> <span class='ocrx_word' id='word_1_251' title='bbox 3410 3612 3642 3665; x_wconf 79' lang='lat' dir='ltr'><strong>persona</strong></span> 
     </span>
    </p>
   </div>
   <div class='ocr_carea' id='block_1_37' title="bbox 2047 3690 3642 3762">
    <p class='ocr_par' dir='ltr' id='par_1_37' title="bbox 2047 3690 3642 3762">
     <span class='ocr_line' id='line_1_37' title="bbox 2047 3690 3642 3762; baseline -0.001 -14"><span class='ocrx_word' id='word_1_252' title='bbox 2047 3694 2162 3759; x_wconf 85' lang='lat' dir='ltr'><strong>Dei,</strong></span> <span class='ocrx_word' id='word_1_253' title='bbox 2192 3703 2244 3749; x_wconf 90' lang='lat' dir='ltr'><strong>et</strong></span> <span class='ocrx_word' id='word_1_254' title='bbox 2278 3694 2353 3747; x_wconf 87' lang='lat' dir='ltr'><strong>ait</strong></span> <span class='ocrx_word' id='word_1_255' title='bbox 2388 3709 2401 3744; x_wconf 93' lang='lat'>:</span> <span class='ocrx_word' id='word_1_256' title='bbox 2446 3690 2678 3748; x_wconf 67' lang='lat' dir='ltr'><strong>«Nolite</strong></span> <span class='ocrx_word' id='word_1_257' title='bbox 2714 3702 2939 3762; x_wconf 83' lang='lat' dir='ltr'><strong>tangere</strong></span> <span class='ocrx_word' id='word_1_258' title='bbox 2981 3694 3218 3749; x_wconf 78' lang='lat' dir='ltr'><strong>cllristos</strong></span> <span class='ocrx_word' id='word_1_259' title='bbox 3269 3709 3455 3757; x_wconf 86' lang='lat' dir='ltr'><strong>meos,</strong></span> <span class='ocrx_word' id='word_1_260' title='bbox 3492 3704 3545 3748; x_wconf 90' lang='lat' dir='ltr'><strong>et</strong></span> <span class='ocrx_word' id='word_1_261' title='bbox 3590 3695 3642 3747; x_wconf 92' lang='lat' dir='ltr'><strong>in</strong></span> 
     </span>
    </p>
   </div>
   <div class='ocr_carea' id='block_1_38' title="bbox 2045 3783 3649 3855">
    <p class='ocr_par' dir='ltr' id='par_1_38' title="bbox 2045 3783 3649 3855">
     <span class='ocr_line' id='line_1_38' title="bbox 2045 3783 3649 3855; baseline 0.003 -18"><span class='ocrx_word' id='word_1_262' title='bbox 2045 3785 2325 3855; x_wconf 80' lang='lat' dir='ltr'><strong>praphetis</strong></span> <span class='ocrx_word' id='word_1_263' title='bbox 2372 3784 2507 3839; x_wconf 88' lang='lat' dir='ltr'><strong>meis</strong></span> <span class='ocrx_word' id='word_1_264' title='bbox 2553 3783 2717 3840; x_wconf 93' lang='lat' dir='ltr'><strong>nolite</strong></span> <span class='ocrx_word' id='word_1_265' title='bbox 2764 3784 3049 3855; x_wconf 86' lang='lat' dir='ltr'><strong>malignari</strong></span> <span class='ocrx_word' id='word_1_266' title='bbox 3081 3784 3119 3841; x_wconf 85' lang='grc'><strong>¹.</strong></span> <span class='ocrx_word' id='word_1_267' title='bbox 3172 3803 3191 3837; x_wconf 71' lang='grc' dir='ltr'><strong>ι</strong></span> <span class='ocrx_word' id='word_1_268' title='bbox 3239 3785 3329 3840; x_wconf 83' lang='lat' dir='ltr'><strong>Ait</strong></span> <span class='ocrx_word' id='word_1_269' title='bbox 3370 3795 3551 3841; x_wconf 82' lang='lat' dir='ltr'><strong>antem</strong></span> <span class='ocrx_word' id='word_1_270' title='bbox 3590 3795 3649 3842; x_wconf 91' lang='lat' dir='ltr'><strong>et</strong></span> 
     </span>
    </p>
   </div>
   <div class='ocr_carea' id='block_1_39' title="bbox 2046 3875 3646 3948">
    <p class='ocr_par' dir='ltr' id='par_1_39' title="bbox 2046 3875 3646 3948">
     <span class='ocr_line' id='line_1_39' title="bbox 2046 3875 3646 3948; baseline 0.003 -18"><span class='ocrx_word' id='word_1_271' title='bbox 2046 3878 2309 3946; x_wconf 82' lang='lat' dir='ltr'><strong>prapbeta</strong></span> <span class='ocrx_word' id='word_1_272' title='bbox 2342 3875 2595 3931; x_wconf 82' lang='lat' dir='ltr'><strong>Habacuc</strong></span> <span class='ocrx_word' id='word_1_273' title='bbox 2632 3893 2646 3931; x_wconf 92' lang='lat'><strong>:</strong></span> <span class='ocrx_word' id='word_1_274' title='bbox 2689 3893 2709 3928; x_wconf 84' lang='grc' dir='ltr'><strong>ι</strong></span> <span class='ocrx_word' id='word_1_275' title='bbox 2751 3875 2922 3931; x_wconf 83' lang='lat' dir='ltr'><strong>Existi</strong></span> <span class='ocrx_word' id='word_1_276' title='bbox 2951 3876 3019 3931; x_wconf 91' lang='lat' dir='ltr'><strong>ad</strong></span> <span class='ocrx_word' id='word_1_277' title='bbox 3054 3876 3285 3933; x_wconf 86' lang='lat' dir='ltr'><strong>salutem</strong></span> <span class='ocrx_word' id='word_1_278' title='bbox 3316 3877 3502 3948; x_wconf 84' lang='lat' dir='ltr'><strong>populi</strong></span> <span class='ocrx_word' id='word_1_279' title='bbox 3536 3878 3646 3943; x_wconf 78' lang='lat' dir='ltr'><strong>tui,</strong></span> 
     </span>
    </p>
   </div>
   <div class='ocr_carea' id='block_1_40' title="bbox 354 3964 1944 4049">
    <p class='ocr_par' dir='ltr' id='par_1_40' title="bbox 354 3966 1943 4041">
     <span class='ocr_line' id='line_1_40' title="bbox 354 3966 1943 4041; baseline -0.001 -17"><span class='ocrx_word' id='word_1_280' title='bbox 354 3990 375 4024; x_wconf 85' lang='grc' dir='ltr'><strong>ι</strong></span> <span class='ocrx_word' id='word_1_281' title='bbox 407 3970 660 4041; x_wconf 77' lang='grc' dir='ltr'><strong>Ἐξῆλθες</strong></span> <span class='ocrx_word' id='word_1_282' title='bbox 708 3971 788 4033; x_wconf 75' lang='grc' dir='ltr'><strong>εἰς</strong></span> <span class='ocrx_word' id='word_1_283' title='bbox 832 3968 1105 4039; x_wconf 81' lang='grc' dir='ltr'><strong>σωτηρίαν</strong></span> <span class='ocrx_word' id='word_1_284' title='bbox 1148 3967 1281 4022; x_wconf 80' lang='grc' dir='ltr'><strong>λαοῦ</strong></span> <span class='ocrx_word' id='word_1_285' title='bbox 1326 3983 1443 4031; x_wconf 82' lang='grc' dir='ltr'><strong>σου,</strong></span> <span class='ocrx_word' id='word_1_286' title='bbox 1475 3966 1569 4021; x_wconf 80' lang='grc' dir='ltr'><strong>τοῦ</strong></span> <span class='ocrx_word' id='word_1_287' title='bbox 1618 3966 1788 4021; x_wconf 84' lang='grc' dir='ltr'><strong>σῶσαι</strong></span> <span class='ocrx_word' id='word_1_288' title='bbox 1816 3969 1943 4032; x_wconf 82' lang='grc' dir='ltr'><strong>τοὺς</strong></span> 
     </span>
    </p>
   </div>
   <div class='ocr_carea' id='block_1_41' title="bbox 2058 3964 2907 4049">
    <p class='ocr_par' dir='ltr' id='par_1_41' title="bbox 2058 3964 2907 4027">
     <span class='ocr_line' id='line_1_41' title="bbox 2058 3964 2907 4027; baseline -0.002 -3"><span class='ocrx_word' id='word_1_289' title='bbox 2058 3981 2106 4025; x_wconf 79' lang='grc' dir='ltr'><strong>ιιι</strong></span> <span class='ocrx_word' id='word_1_290' title='bbox 2132 3970 2376 4026; x_wconf 84' lang='lat' dir='ltr'><strong>salvares</strong></span> <span class='ocrx_word' id='word_1_291' title='bbox 2408 3964 2647 4027; x_wconf 80' lang='lat' dir='ltr'><strong>christos</strong></span> <span class='ocrx_word' id='word_1_292' title='bbox 2670 3977 2793 4026; x_wconf 88' lang='lat' dir='ltr'><strong>tuos</strong></span> <span class='ocrx_word' id='word_1_293' title='bbox 2817 3969 2859 4023; x_wconf 84' lang='lat'><strong>&#39;.</strong></span> <span class='ocrx_word' id='word_1_294' title='bbox 2888 3988 2907 4022; x_wconf 71' lang='grc' dir='ltr'><strong><em>ο</em></strong></span> 
     </span>
    </p>
   </div>
   <div class='ocr_carea' id='block_1_42' title="bbox 349 4061 817 4133">
    <p class='ocr_par' dir='ltr' id='par_1_42' title="bbox 349 4061 817 4133">
     <span class='ocr_line' id='line_1_42' title="bbox 349 4061 817 4133; baseline -0.004 -19"><span class='ocrx_word' id='word_1_295' title='bbox 349 4061 607 4133; x_wconf 79' lang='grc' dir='ltr'><strong>χριστούς</strong></span> <span class='ocrx_word' id='word_1_296' title='bbox 648 4078 764 4115; x_wconf 84' lang='grc' dir='ltr'><strong>σου.</strong></span> <span class='ocrx_word' id='word_1_297' title='bbox 798 4078 817 4112; x_wconf 75' lang='grc' dir='ltr'><strong>ι</strong></span> 
     </span>
    </p>
   </div>
   <div class='ocr_carea' id='block_1_43' title="bbox 434 4148 1941 4230">
    <p class='ocr_par' dir='ltr' id='par_1_43' title="bbox 434 4148 1941 4230">
     <span class='ocr_line' id='line_1_43' title="bbox 434 4148 1941 4230; baseline -0.001 -24"><span class='ocrx_word' id='word_1_298' title='bbox 434 4152 560 4207; x_wconf 76' lang='grc' dir='ltr'><strong>Ἐπὶ</strong></span> <span class='ocrx_word' id='word_1_299' title='bbox 596 4152 653 4205; x_wconf 75' lang='grc' dir='ltr'><strong>δέ</strong></span> <span class='ocrx_word' id='word_1_300' title='bbox 685 4168 746 4221; x_wconf 81' lang='grc' dir='ltr'>γε</span> <span class='ocrx_word' id='word_1_301' title='bbox 791 4150 886 4205; x_wconf 79' lang='grc' dir='ltr'><strong>τοῦ</strong></span> <span class='ocrx_word' id='word_1_302' title='bbox 928 4150 1145 4205; x_wconf 79' lang='grc' dir='ltr'><strong>πάντων</strong></span> <span class='ocrx_word' id='word_1_303' title='bbox 1178 4148 1336 4222; x_wconf 77' lang='grc' dir='ltr'><strong>ἡμῶν</strong></span> <span class='ocrx_word' id='word_1_304' title='bbox 1372 4150 1628 4223; x_wconf 80' lang='grc' dir='ltr'><strong>Σωτῆρος</strong></span> <span class='ocrx_word' id='word_1_305' title='bbox 1671 4150 1913 4222; x_wconf 78' lang='grc' dir='ltr'><strong>Χριστοῦ</strong></span> <span class='ocrx_word' id='word_1_306' title='bbox 1918 4195 1941 4230; x_wconf 52' lang='grc' dir='ltr'><em>θ</em></span> 
     </span>
    </p>
   </div>
   <div class='ocr_carea' id='block_1_44' title="bbox 350 4243 1946 4319">
    <p class='ocr_par' dir='ltr' id='par_1_44' title="bbox 350 4243 1946 4319">
     <span class='ocr_line' id='line_1_44' title="bbox 350 4243 1946 4319; baseline 0 -20"><span class='ocrx_word' id='word_1_307' title='bbox 350 4246 533 4319; x_wconf 68' lang='grc' dir='ltr'><strong>κρίσιν</strong></span> <span class='ocrx_word' id='word_1_308' title='bbox 576 4246 674 4317; x_wconf 72' lang='grc' dir='ltr'><strong>μὲν</strong></span> <span class='ocrx_word' id='word_1_309' title='bbox 706 4244 961 4313; x_wconf 82' lang='grc' dir='ltr'><strong>γενέσθαι</strong></span> <span class='ocrx_word' id='word_1_310' title='bbox 991 4247 1192 4314; x_wconf 72' lang='grc' dir='ltr'><strong>φαμέν.</strong></span> <span class='ocrx_word' id='word_1_311' title='bbox 1240 4243 1386 4315; x_wconf 80' lang='grc' dir='ltr'><strong>Πλὴν</strong></span> <span class='ocrx_word' id='word_1_312' title='bbox 1419 4243 1544 4297; x_wconf 75' lang='grc' dir='ltr'><strong>οὗτε</strong></span> <span class='ocrx_word' id='word_1_313' title='bbox 1589 4244 1946 4316; x_wconf 68' lang='grc' dir='ltr'><strong>συμϐολικὴν,</strong></span> 
     </span>
    </p>
   </div>
   <div class='ocr_carea' id='block_1_45' title="bbox 351 4336 1948 4411">
    <p class='ocr_par' dir='ltr' id='par_1_45' title="bbox 351 4336 1948 4411">
     <span class='ocr_line' id='line_1_45' title="bbox 351 4336 1948 4411; baseline 0.001 -20"><span class='ocrx_word' id='word_1_314' title='bbox 351 4339 430 4403; x_wconf 81' lang='grc' dir='ltr'><strong>ὡς</strong></span> <span class='ocrx_word' id='word_1_315' title='bbox 463 4338 649 4409; x_wconf 74' lang='grc' dir='ltr'><strong>ἐλαίῳ,</strong></span> <span class='ocrx_word' id='word_1_316' title='bbox 673 4337 982 4409; x_wconf 69' lang='grc' dir='ltr'><strong>ὁρωμένην,</strong></span> <span class='ocrx_word' id='word_1_317' title='bbox 1010 4336 1134 4390; x_wconf 74' lang='grc' dir='ltr'><strong>οὔτε</strong></span> <span class='ocrx_word' id='word_1_318' title='bbox 1160 4336 1265 4408; x_wconf 75' lang='grc' dir='ltr'><strong>μὴν</strong></span> <span class='ocrx_word' id='word_1_319' title='bbox 1313 4336 1412 4408; x_wconf 80' lang='grc' dir='ltr'><strong>τὴν</strong></span> <span class='ocrx_word' id='word_1_320' title='bbox 1441 4337 1517 4401; x_wconf 84' lang='grc' dir='ltr'><strong>ὼς</strong></span> <span class='ocrx_word' id='word_1_321' title='bbox 1552 4338 1610 4389; x_wconf 79' lang='grc' dir='ltr'><strong>ἐν</strong></span> <span class='ocrx_word' id='word_1_322' title='bbox 1663 4338 1849 4410; x_wconf 85' lang='grc' dir='ltr'><strong>χάριτι</strong></span> <span class='ocrx_word' id='word_1_323' title='bbox 1881 4342 1948 4411; x_wconf 75' lang='grc' dir='ltr'><strong>τῇ</strong></span> 
     </span>
    </p>
   </div>
   <div class='ocr_carea' id='block_1_46' title="bbox 354 4428 1947 4504">
    <p class='ocr_par' dir='ltr' id='par_1_46' title="bbox 354 4428 1947 4504">
     <span class='ocr_line' id='line_1_46' title="bbox 354 4428 1947 4504; baseline 0 -18"><span class='ocrx_word' id='word_1_324' title='bbox 354 4432 669 4503; x_wconf 73' lang='grc' dir='ltr'><strong>προφητικῇ</strong></span> <span class='ocrx_word' id='word_1_325' title='bbox 689 4446 702 4460; x_wconf 78' lang='grc'><strong><em>⁸</em></strong></span> <span class='ocrx_word' id='word_1_326' title='bbox 730 4428 844 4485; x_wconf 78' lang='grc' dir='ltr'><strong>ἀλλ’</strong></span> <span class='ocrx_word' id='word_1_327' title='bbox 872 4429 993 4483; x_wconf 68' lang='grc' dir='ltr'><strong>οὐδὲ</strong></span> <span class='ocrx_word' id='word_1_328' title='bbox 1016 4430 1255 4502; x_wconf 68' lang='grc' dir='ltr'><strong>ἐκείνην,</strong></span> <span class='ocrx_word' id='word_1_329' title='bbox 1273 4430 1372 4502; x_wconf 78' lang='grc' dir='ltr'><strong>τὴν</strong></span> <span class='ocrx_word' id='word_1_330' title='bbox 1404 4430 1480 4495; x_wconf 82' lang='grc' dir='ltr'><strong>ὡς</strong></span> <span class='ocrx_word' id='word_1_331' title='bbox 1516 4430 1577 4484; x_wconf 71' lang='grc' dir='ltr'><strong>ἐν</strong></span> <span class='ocrx_word' id='word_1_332' title='bbox 1603 4449 1667 4501; x_wconf 75' lang='grc' dir='ltr'><strong>γε</strong></span> <span class='ocrx_word' id='word_1_333' title='bbox 1707 4432 1785 4503; x_wconf 88' lang='grc' dir='ltr'><strong>τῷ</strong></span> <span class='ocrx_word' id='word_1_334' title='bbox 1813 4450 1947 4504; x_wconf 84' lang='grc' dir='ltr'><strong>προ-</strong></span> 
     </span>
    </p>
   </div>
   <div class='ocr_carea' id='block_1_47' title="bbox 354 4521 1949 4595">
    <p class='ocr_par' dir='ltr' id='par_1_47' title="bbox 354 4521 1949 4595">
     <span class='ocr_line' id='line_1_47' title="bbox 354 4521 1949 4595; baseline 0.001 -18"><span class='ocrx_word' id='word_1_335' title='bbox 354 4521 697 4595; x_wconf 65' lang='grc' dir='ltr'><strong>χαρίζεσθαι</strong></span> <span class='ocrx_word' id='word_1_336' title='bbox 730 4521 1028 4594; x_wconf 72' lang='grc' dir='ltr'><strong>νοουμένην</strong></span> <span class='ocrx_word' id='word_1_337' title='bbox 1055 4523 1191 4595; x_wconf 81' lang='grc' dir='ltr'><strong>πρὸς</strong></span> <span class='ocrx_word' id='word_1_338' title='bbox 1224 4522 1565 4595; x_wconf 82' lang='grc' dir='ltr'><strong>κατόρθωσιν</strong></span> <span class='ocrx_word' id='word_1_339' title='bbox 1590 4523 1686 4579; x_wconf 81' lang='grc' dir='ltr'><strong>τοῦ</strong></span> <span class='ocrx_word' id='word_1_340' title='bbox 1708 4524 1949 4580; x_wconf 79' lang='grc' dir='ltr'><strong>τοιούτου</strong></span> 
     </span>
    </p>
   </div>
   <div class='ocr_carea' id='block_1_48' title="bbox 353 4614 1953 4688">
    <p class='ocr_par' dir='ltr' id='par_1_48' title="bbox 353 4614 1953 4688">
     <span class='ocr_line' id='line_1_48' title="bbox 353 4614 1953 4688; baseline 0 -19"><span class='ocrx_word' id='word_1_341' title='bbox 353 4617 445 4671; x_wconf 78' lang='grc' dir='ltr'><strong>διά</strong></span> <span class='ocrx_word' id='word_1_342' title='bbox 464 4632 606 4680; x_wconf 88' lang='grc' dir='ltr'><strong>τινος</strong></span> <span class='ocrx_word' id='word_1_343' title='bbox 643 4614 999 4687; x_wconf 78' lang='grc' dir='ltr'><strong>πράγματος·</strong></span> <span class='ocrx_word' id='word_1_344' title='bbox 1030 4616 1213 4669; x_wconf 77' lang='grc' dir='ltr'>ὁποῖόν</span> <span class='ocrx_word' id='word_1_345' title='bbox 1239 4632 1291 4667; x_wconf 89' lang='grc' dir='ltr'><strong>τι</strong></span> <span class='ocrx_word' id='word_1_346' title='bbox 1336 4615 1592 4684; x_wconf 74' lang='grc' dir='ltr'><strong>γενέσθαι</strong></span> <span class='ocrx_word' id='word_1_347' title='bbox 1622 4617 1824 4688; x_wconf 79' lang='grc' dir='ltr'><strong>φαμὲν,</strong></span> <span class='ocrx_word' id='word_1_348' title='bbox 1856 4617 1953 4672; x_wconf 72' lang='grc' dir='ltr'><strong>καὶ</strong></span> 
     </span>
    </p>
   </div>
   <div class='ocr_carea' id='block_1_49' title="bbox 356 4706 1951 4780">
    <p class='ocr_par' dir='ltr' id='par_1_49' title="bbox 356 4706 1951 4780">
     <span class='ocr_line' id='line_1_49' title="bbox 356 4706 1951 4780; baseline 0.001 -19"><span class='ocrx_word' id='word_1_349' title='bbox 356 4708 452 4761; x_wconf 76' lang='grc' dir='ltr'><strong>ἰπὶ</strong></span> <span class='ocrx_word' id='word_1_350' title='bbox 476 4706 659 4779; x_wconf 79' lang='grc' dir='ltr'><strong>Κύρου</strong></span> <span class='ocrx_word' id='word_1_351' title='bbox 684 4707 777 4761; x_wconf 80' lang='grc' dir='ltr'><strong>τοῦ</strong></span> <span class='ocrx_word' id='word_1_352' title='bbox 798 4706 1026 4778; x_wconf 83' lang='grc' dir='ltr'><strong>Περσῶν</strong></span> <span class='ocrx_word' id='word_1_353' title='bbox 1051 4724 1108 4761; x_wconf 87' lang='grc' dir='ltr'><strong>τε</strong></span> <span class='ocrx_word' id='word_1_354' title='bbox 1142 4708 1236 4761; x_wconf 71' lang='grc' dir='ltr'><strong>καὶ</strong></span> <span class='ocrx_word' id='word_1_355' title='bbox 1267 4708 1464 4780; x_wconf 77' lang='grc' dir='ltr'><strong>Μήδων</strong></span> <span class='ocrx_word' id='word_1_356' title='bbox 1484 4707 1951 4779; x_wconf 65' lang='grc' dir='ltr'><strong>βεϐασιλευκότος,</strong></span> 
     </span>
    </p>
   </div>
   <div class='ocr_carea' id='block_1_50' title="bbox 356 4799 1953 4874">
    <p class='ocr_par' dir='ltr' id='par_1_50' title="bbox 356 4799 1953 4874">
     <span class='ocr_line' id='line_1_50' title="bbox 356 4799 1953 4874; baseline 0.001 -21"><span class='ocrx_word' id='word_1_357' title='bbox 356 4800 417 4865; x_wconf 71' lang='grc' dir='ltr'><strong>ὃς</strong></span> <span class='ocrx_word' id='word_1_358' title='bbox 473 4799 914 4872; x_wconf 76' lang='grc' dir='ltr'><strong>κατιστράτευσε</strong></span> <span class='ocrx_word' id='word_1_359' title='bbox 958 4802 1056 4871; x_wconf 73' lang='grc' dir='ltr'><strong>τῆς</strong></span> <span class='ocrx_word' id='word_1_360' title='bbox 1099 4799 1481 4867; x_wconf 76' lang='grc' dir='ltr'><strong>Βαϐυλωνίων,</strong></span> <span class='ocrx_word' id='word_1_361' title='bbox 1540 4801 1953 4874; x_wconf 78' lang='grc' dir='ltr'><strong>παραθήγοντος</strong></span> 
     </span>
    </p>
   </div>
   <div class='ocr_carea' id='block_1_51' title="bbox 357 4892 1955 4967">
    <p class='ocr_par' dir='ltr' id='par_1_51' title="bbox 357 4892 1955 4967">
     <span class='ocr_line' id='line_1_51' title="bbox 357 4892 1955 4967; baseline 0.001 -21"><span class='ocrx_word' id='word_1_362' title='bbox 357 4895 439 4957; x_wconf 64' lang='grc' dir='ltr'><strong>εἰς</strong></span> <span class='ocrx_word' id='word_1_363' title='bbox 461 4892 621 4947; x_wconf 80' lang='grc' dir='ltr'><strong>τοῦτο</strong></span> <span class='ocrx_word' id='word_1_364' title='bbox 652 4892 816 4947; x_wconf 76' lang='grc' dir='ltr'><strong>αὐτὸν</strong></span> <span class='ocrx_word' id='word_1_365' title='bbox 867 4892 964 4946; x_wconf 81' lang='grc' dir='ltr'><strong>τοῦ</strong></span> <span class='ocrx_word' id='word_1_366' title='bbox 1010 4893 1189 4946; x_wconf 77' lang='grc' dir='ltr'><strong>πάντα</strong></span> <span class='ocrx_word' id='word_1_367' title='bbox 1230 4894 1505 4965; x_wconf 77' lang='grc' dir='ltr'><strong>ἰσχύοντος</strong></span> <span class='ocrx_word' id='word_1_368' title='bbox 1531 4894 1688 4949; x_wconf 77' lang='grc' dir='ltr'><strong>Θεοῦ.</strong></span> <span class='ocrx_word' id='word_1_369' title='bbox 1725 4894 1955 4967; x_wconf 85' lang='grc' dir='ltr'><strong>Εἴρηται</strong></span> 
     </span>
    </p>
   </div>
   <div class='ocr_carea' id='block_1_52' title="bbox 359 4984 1952 5061">
    <p class='ocr_par' dir='ltr' id='par_1_52' title="bbox 359 4984 1952 5061">
     <span class='ocr_line' id='line_1_52' title="bbox 359 4984 1952 5061; baseline 0.002 -22"><span class='ocrx_word' id='word_1_370' title='bbox 359 4986 491 5057; x_wconf 71' lang='grc' dir='ltr'><strong>γὰρ,</strong></span> <span class='ocrx_word' id='word_1_371' title='bbox 529 5004 548 5037; x_wconf 83' lang='grc' dir='ltr'><strong>ι</strong></span> <span class='ocrx_word' id='word_1_372' title='bbox 596 4984 754 5040; x_wconf 74' lang='grc' dir='ltr'><strong>Οὕτω</strong></span> <span class='ocrx_word' id='word_1_373' title='bbox 791 4986 939 5055; x_wconf 72' lang='grc' dir='ltr'>λέγει</span> <span class='ocrx_word' id='word_1_374' title='bbox 988 4986 1196 5057; x_wconf 75' lang='grc' dir='ltr'><strong>Κύριος</strong></span> <span class='ocrx_word' id='word_1_375' title='bbox 1226 4986 1304 5056; x_wconf 83' lang='grc' dir='ltr'><strong>τῷ</strong></span> <span class='ocrx_word' id='word_1_376' title='bbox 1340 4988 1548 5060; x_wconf 84' lang='grc' dir='ltr'><strong>χριστῷ</strong></span> <span class='ocrx_word' id='word_1_377' title='bbox 1604 5006 1707 5058; x_wconf 85' lang='grc' dir='ltr'><strong>μου</strong></span> <span class='ocrx_word' id='word_1_378' title='bbox 1750 4989 1952 5061; x_wconf 80' lang='grc' dir='ltr'><strong>Κύρῳ,</strong></span> 
     </span>
    </p>
   </div>
   <div class='ocr_carea' id='block_1_53' title="bbox 359 5072 1955 5152">
    <p class='ocr_par' dir='ltr' id='par_1_53' title="bbox 359 5072 1955 5152">
     <span class='ocr_line' id='line_1_53' title="bbox 359 5072 1955 5152; baseline 0.004 -23"><span class='ocrx_word' id='word_1_379' title='bbox 359 5072 421 5131; x_wconf 73' lang='grc' dir='ltr'><strong>οὗ</strong></span> <span class='ocrx_word' id='word_1_380' title='bbox 458 5076 737 5146; x_wconf 67' lang='grc' dir='ltr'><strong>ἐκράτησα</strong></span> <span class='ocrx_word' id='word_1_381' title='bbox 773 5076 873 5146; x_wconf 81' lang='grc' dir='ltr'><strong>τῆς</strong></span> <span class='ocrx_word' id='word_1_382' title='bbox 918 5076 1119 5142; x_wconf 79' lang='grc' dir='ltr'><strong>δεξιᾶς.</strong></span> <span class='ocrx_word' id='word_1_383' title='bbox 1156 5095 1173 5128; x_wconf 78' lang='grc' dir='ltr'><strong>ι</strong></span> <span class='ocrx_word' id='word_1_384' title='bbox 1218 5078 1412 5131; x_wconf 75' lang='grc' dir='ltr'><strong>Καίτοι</strong></span> <span class='ocrx_word' id='word_1_385' title='bbox 1451 5095 1515 5147; x_wconf 87' lang='grc' dir='ltr'><strong>γε</strong></span> <span class='ocrx_word' id='word_1_386' title='bbox 1565 5079 1955 5152; x_wconf 79' lang='grc' dir='ltr'><strong>εἰδωλολάτρης</strong></span> 
     </span>
    </p>
   </div>
   <div class='ocr_carea' id='block_1_54' title="bbox 364 5167 1946 5241">
    <p class='ocr_par' dir='ltr' id='par_1_54' title="bbox 364 5167 1946 5241">
     <span class='ocr_line' id='line_1_54' title="bbox 364 5167 1946 5241; baseline 0.001 -18"><span class='ocrx_word' id='word_1_387' title='bbox 364 5169 627 5241; x_wconf 76' lang='grc' dir='ltr'><strong>ὑπάρχων</strong></span> <span class='ocrx_word' id='word_1_388' title='bbox 648 5168 809 5239; x_wconf 72' lang='grc' dir='ltr'>ἀνὴρ,</span> <span class='ocrx_word' id='word_1_389' title='bbox 844 5167 1158 5238; x_wconf 76' lang='grc' dir='ltr'><strong>ὠνόμασται</strong></span> <span class='ocrx_word' id='word_1_390' title='bbox 1195 5169 1436 5239; x_wconf 77' lang='grc' dir='ltr'><strong>χριστὸς,</strong></span> <span class='ocrx_word' id='word_1_391' title='bbox 1472 5170 1559 5224; x_wconf 74' lang='grc' dir='ltr'><strong>διὰ</strong></span> <span class='ocrx_word' id='word_1_392' title='bbox 1583 5171 1641 5224; x_wconf 73' lang='grc' dir='ltr'><strong>τὸ</strong></span> <span class='ocrx_word' id='word_1_393' title='bbox 1665 5172 1828 5225; x_wconf 78' lang='grc' dir='ltr'><strong>οἱονεὶ</strong></span> <span class='ocrx_word' id='word_1_394' title='bbox 1861 5189 1946 5224; x_wconf 86' lang='grc' dir='ltr'><strong>κε-</strong></span> 
     </span>
    </p>
   </div>
   <div class='ocr_carea' id='block_1_55' title="bbox 364 5258 1954 5334">
    <p class='ocr_par' dir='ltr' id='par_1_55' title="bbox 364 5258 1954 5334">
     <span class='ocr_line' id='line_1_55' title="bbox 364 5258 1954 5334; baseline 0.003 -21"><span class='ocrx_word' id='word_1_395' title='bbox 364 5259 587 5330; x_wconf 74' lang='grc' dir='ltr'><strong>χρῐσθαι</strong></span> <span class='ocrx_word' id='word_1_396' title='bbox 648 5259 783 5331; x_wconf 71' lang='grc' dir='ltr'><strong>πρὸς</strong></span> <span class='ocrx_word' id='word_1_397' title='bbox 828 5258 1052 5329; x_wconf 75' lang='grc' dir='ltr'><strong>βασιλέα</strong></span> <span class='ocrx_word' id='word_1_398' title='bbox 1078 5262 1143 5330; x_wconf 77' lang='grc' dir='ltr'><strong>τῇ</strong></span> <span class='ocrx_word' id='word_1_399' title='bbox 1181 5260 1388 5315; x_wconf 78' lang='grc' dir='ltr'>ἄνωθεν</span> <span class='ocrx_word' id='word_1_400' title='bbox 1430 5260 1627 5333; x_wconf 70' lang='grc' dir='ltr'>ψήφῳ·</span> <span class='ocrx_word' id='word_1_401' title='bbox 1663 5264 1954 5334; x_wconf 85' lang='grc' dir='ltr'><strong>προκεχεί-</strong></span> 
     </span>
    </p>
   </div>
   <div class='ocr_carea' id='block_1_56' title="bbox 2120 4152 3648 4211">
    <p class='ocr_par' dir='ltr' id='par_1_56' title="bbox 2120 4152 3648 4211">
     <span class='ocr_line' id='line_1_56' title="bbox 2120 4152 3648 4211; baseline -0.001 -2"><span class='ocrx_word' id='word_1_402' title='bbox 2120 4153 2177 4210; x_wconf 91' lang='lat' dir='ltr'><strong>In</strong></span> <span class='ocrx_word' id='word_1_403' title='bbox 2212 4154 2432 4211; x_wconf 85' lang='lat' dir='ltr'><strong>Christo</strong></span> <span class='ocrx_word' id='word_1_404' title='bbox 2462 4162 2647 4210; x_wconf 88' lang='lat' dir='ltr'><strong>autem</strong></span> <span class='ocrx_word' id='word_1_405' title='bbox 2698 4152 2945 4208; x_wconf 88' lang='lat' dir='ltr'><strong>omnium</strong></span> <span class='ocrx_word' id='word_1_406' title='bbox 2998 4152 3283 4209; x_wconf 81' lang='lat' dir='ltr'><strong>Salvatore</strong></span> <span class='ocrx_word' id='word_1_407' title='bbox 3333 4152 3648 4208; x_wconf 87' lang='lat' dir='ltr'><strong>unctionem</strong></span> 
     </span>
    </p>
   </div>
   <div class='ocr_carea' id='block_1_57' title="bbox 2050 4244 3654 4318">
    <p class='ocr_par' dir='ltr' id='par_1_57' title="bbox 2050 4244 3654 4318">
     <span class='ocr_line' id='line_1_57' title="bbox 2050 4244 3654 4318; baseline -0.004 -17"><span class='ocrx_word' id='word_1_408' title='bbox 2050 4245 2270 4318; x_wconf 89' lang='lat' dir='ltr'><strong>quidem</strong></span> <span class='ocrx_word' id='word_1_409' title='bbox 2299 4246 2497 4301; x_wconf 76' lang='lat' dir='ltr'><strong>factam</strong></span> <span class='ocrx_word' id='word_1_410' title='bbox 2529 4259 2651 4300; x_wconf 84' lang='lat' dir='ltr'><strong>esse</strong></span> <span class='ocrx_word' id='word_1_411' title='bbox 2680 4244 2953 4299; x_wconf 84' lang='lat' dir='ltr'><strong>dicimus:</strong></span> <span class='ocrx_word' id='word_1_412' title='bbox 2988 4252 3246 4300; x_wconf 69' lang='lat' dir='ltr'><strong>caeterum</strong></span> <span class='ocrx_word' id='word_1_413' title='bbox 3291 4258 3469 4316; x_wconf 85' lang='lat' dir='ltr'><strong>neque</strong></span> <span class='ocrx_word' id='word_1_414' title='bbox 3500 4258 3654 4315; x_wconf 74' lang='lat' dir='ltr'><strong>sym-</strong></span> 
     </span>
    </p>
   </div>
   <div class='ocr_carea' id='block_1_58' title="bbox 2052 4335 3654 4409">
    <p class='ocr_par' dir='ltr' id='par_1_58' title="bbox 2052 4335 3654 4409">
     <span class='ocr_line' id='line_1_58' title="bbox 2052 4335 3654 4409; baseline -0.002 -14"><span class='ocrx_word' id='word_1_415' title='bbox 2052 4340 2309 4405; x_wconf 83' lang='lat' dir='ltr'><strong>bolicam,</strong></span> <span class='ocrx_word' id='word_1_416' title='bbox 2333 4338 2488 4409; x_wconf 85' lang='lat' dir='ltr'><strong>quasi</strong></span> <span class='ocrx_word' id='word_1_417' title='bbox 2504 4338 2633 4393; x_wconf 82' lang='lat' dir='ltr'><strong>‘oleo</strong></span> <span class='ocrx_word' id='word_1_418' title='bbox 2664 4337 2890 4403; x_wconf 80' lang='lat' dir='ltr'><strong>factam,</strong></span> <span class='ocrx_word' id='word_1_419' title='bbox 2919 4352 3021 4393; x_wconf 88' lang='lat' dir='ltr'><strong>nec</strong></span> <span class='ocrx_word' id='word_1_420' title='bbox 3048 4337 3219 4409; x_wconf 56' lang='lat' dir='ltr'><strong>quasi»</strong></span> <span class='ocrx_word' id='word_1_421' title='bbox 3240 4335 3295 4392; x_wconf 91' lang='lat' dir='ltr'><strong>in</strong></span> <span class='ocrx_word' id='word_1_422' title='bbox 3324 4337 3497 4407; x_wconf 82' lang='lat' dir='ltr'><strong>gratia</strong></span> <span class='ocrx_word' id='word_1_423' title='bbox 3530 4351 3654 4405; x_wconf 77' lang='lat' dir='ltr'><strong>pro-</strong></span> 
     </span>
    </p>
   </div>
   <div class='ocr_carea' id='block_1_59' title="bbox 2051 4430 3652 4504">
    <p class='ocr_par' dir='ltr' id='par_1_59' title="bbox 2051 4430 3652 4504">
     <span class='ocr_line' id='line_1_59' title="bbox 2051 4430 3652 4504; baseline -0.003 -15"><span class='ocrx_word' id='word_1_424' title='bbox 2051 4434 2307 4504; x_wconf 85' lang='lat' dir='ltr'><strong>phetica;</strong></span> <span class='ocrx_word' id='word_1_425' title='bbox 2335 4434 2429 4488; x_wconf 90' lang='lat' dir='ltr'><strong>sed</strong></span> <span class='ocrx_word' id='word_1_426' title='bbox 2466 4446 2566 4487; x_wconf 91' lang='lat' dir='ltr'><strong>nec</strong></span> <span class='ocrx_word' id='word_1_427' title='bbox 2598 4430 2771 4497; x_wconf 90' lang='lat' dir='ltr'><strong>illam,</strong></span> <span class='ocrx_word' id='word_1_428' title='bbox 2800 4445 2921 4501; x_wconf 66' lang='lat' dir='ltr'><strong>quae</strong></span> <span class='ocrx_word' id='word_1_429' title='bbox 2944 4430 3268 4503; x_wconf 74' lang='lat' dir='ltr'><strong>intelligitur</strong></span> <span class='ocrx_word' id='word_1_430' title='bbox 3292 4430 3411 4487; x_wconf 87' lang='lat' dir='ltr'><strong>licri</strong></span> <span class='ocrx_word' id='word_1_431' title='bbox 3436 4432 3503 4485; x_wconf 87' lang='lat' dir='ltr'><strong>ad</strong></span> <span class='ocrx_word' id='word_1_432' title='bbox 3530 4446 3652 4500; x_wconf 78' lang='lat' dir='ltr'><strong>per-</strong></span> 
     </span>
    </p>
   </div>
   <div class='ocr_carea' id='block_1_60' title="bbox 2056 4524 3653 4597">
    <p class='ocr_par' dir='ltr' id='par_1_60' title="bbox 2056 4524 3653 4597">
     <span class='ocr_line' id='line_1_60' title="bbox 2056 4524 3653 4597; baseline -0.003 -16"><span class='ocrx_word' id='word_1_433' title='bbox 2056 4527 2344 4583; x_wconf 80' lang='lat' dir='ltr'><strong>fectionem</strong></span> <span class='ocrx_word' id='word_1_434' title='bbox 2380 4524 2611 4596; x_wconf 86' lang='lat' dir='ltr'><strong>alicujus</strong></span> <span class='ocrx_word' id='word_1_435' title='bbox 2644 4524 2955 4595; x_wconf 85' lang='lat' dir='ltr'><strong>huiusmodi</strong></span> <span class='ocrx_word' id='word_1_436' title='bbox 3004 4525 3240 4597; x_wconf 75' lang='lat' dir='ltr'><strong>negotii,</strong></span> <span class='ocrx_word' id='word_1_437' title='bbox 3300 4526 3515 4597; x_wconf 87' lang='lat' dir='ltr'><strong>qualem</strong></span> <span class='ocrx_word' id='word_1_438' title='bbox 3569 4524 3653 4578; x_wconf 79' lang='lat' dir='ltr'><strong>fa-</strong></span> 
     </span>
    </p>
   </div>
   <div class='ocr_carea' id='block_1_61' title="bbox 2055 4616 3654 4691">
    <p class='ocr_par' dir='ltr' id='par_1_61' title="bbox 2055 4616 3654 4691">
     <span class='ocr_line' id='line_1_61' title="bbox 2055 4616 3654 4691; baseline -0.004 -13"><span class='ocrx_word' id='word_1_439' title='bbox 2055 4633 2205 4678; x_wconf 88' lang='lat' dir='ltr'><strong>ctam</strong></span> <span class='ocrx_word' id='word_1_440' title='bbox 2241 4634 2363 4677; x_wconf 85' lang='lat' dir='ltr'><strong>esse</strong></span> <span class='ocrx_word' id='word_1_441' title='bbox 2384 4620 2618 4676; x_wconf 86' lang='lat' dir='ltr'><strong>dicimus</strong></span> <span class='ocrx_word' id='word_1_442' title='bbox 2657 4620 2713 4675; x_wconf 93' lang='lat' dir='ltr'><strong>in</strong></span> <span class='ocrx_word' id='word_1_443' title='bbox 2760 4618 2903 4691; x_wconf 82' lang='lat' dir='ltr'><strong>Cyro</strong></span> <span class='ocrx_word' id='word_1_444' title='bbox 2935 4618 3227 4675; x_wconf 82' lang='lat' dir='ltr'><strong>Persarum</strong></span> <span class='ocrx_word' id='word_1_445' title='bbox 3278 4626 3335 4675; x_wconf 91' lang='lat' dir='ltr'><strong>et</strong></span> <span class='ocrx_word' id='word_1_446' title='bbox 3376 4616 3654 4673; x_wconf 71' lang='lat' dir='ltr'><strong>Medorum</strong></span> 
     </span>
    </p>
   </div>
   <div class='ocr_carea' id='block_1_62' title="bbox 2056 4709 3657 4783">
    <p class='ocr_par' dir='ltr' id='par_1_62' title="bbox 2056 4709 3657 4783">
     <span class='ocr_line' id='line_1_62' title="bbox 2056 4709 3657 4783; baseline -0.004 -16"><span class='ocrx_word' id='word_1_447' title='bbox 2056 4727 2203 4783; x_wconf 87' lang='lat' dir='ltr'><strong>rege.</strong></span> <span class='ocrx_word' id='word_1_448' title='bbox 2233 4712 2437 4768; x_wconf 80' lang='lat' dir='ltr'><strong>Contra</strong></span> <span class='ocrx_word' id='word_1_449' title='bbox 2470 4710 2804 4781; x_wconf 78' lang='lat' dir='ltr'><strong>Babylonios</strong></span> <span class='ocrx_word' id='word_1_450' title='bbox 2833 4711 2981 4765; x_wconf 89' lang='lat' dir='ltr'><strong>enim</strong></span> <span class='ocrx_word' id='word_1_451' title='bbox 3018 4709 3109 4765; x_wconf 89' lang='lat' dir='ltr'><strong>ille</strong></span> <span class='ocrx_word' id='word_1_452' title='bbox 3148 4710 3303 4766; x_wconf 79' lang='lat' dir='ltr'><strong>duxit</strong></span> <span class='ocrx_word' id='word_1_453' title='bbox 3328 4709 3657 4771; x_wconf 78' lang='lat' dir='ltr'><strong>exercitum.</strong></span> 
     </span>
    </p>
   </div>
   <div class='ocr_carea' id='block_1_63' title="bbox 2056 4800 3662 4875">
    <p class='ocr_par' dir='ltr' id='par_1_63' title="bbox 2056 4800 3662 4875">
     <span class='ocr_line' id='line_1_63' title="bbox 2056 4800 3662 4875; baseline -0.002 -16"><span class='ocrx_word' id='word_1_454' title='bbox 2056 4804 2353 4875; x_wconf 72' lang='lat' dir='ltr'><strong>instigante</strong></span> <span class='ocrx_word' id='word_1_455' title='bbox 2378 4804 2559 4873; x_wconf 85' lang='lat' dir='ltr'><strong>ipsum</strong></span> <span class='ocrx_word' id='word_1_456' title='bbox 2584 4802 2637 4857; x_wconf 89' lang='lat' dir='ltr'><strong>in</strong></span> <span class='ocrx_word' id='word_1_457' title='bbox 2666 4800 2717 4857; x_wconf 90' lang='lat' dir='ltr'><strong>id</strong></span> <span class='ocrx_word' id='word_1_458' title='bbox 2747 4801 2857 4858; x_wconf 85' lang='lat' dir='ltr'><strong>Deo</strong></span> <span class='ocrx_word' id='word_1_459' title='bbox 2883 4803 3283 4873; x_wconf 87' lang='lat' dir='ltr'><strong>omnipotente.</strong></span> <span class='ocrx_word' id='word_1_460' title='bbox 3325 4800 3536 4856; x_wconf 88' lang='lat' dir='ltr'><strong>Dictum</strong></span> <span class='ocrx_word' id='word_1_461' title='bbox 3574 4811 3662 4855; x_wconf 82' lang='lat' dir='ltr'><strong>est</strong></span> 
     </span>
    </p>
   </div>
   <div class='ocr_carea' id='block_1_64' title="bbox 2057 4892 3657 4964">
    <p class='ocr_par' dir='ltr' id='par_1_64' title="bbox 2057 4892 3657 4964">
     <span class='ocr_line' id='line_1_64' title="bbox 2057 4892 3657 4964; baseline -0.004 -11"><span class='ocrx_word' id='word_1_462' title='bbox 2057 4896 2246 4953; x_wconf 87' lang='lat' dir='ltr'><strong>enim:</strong></span> <span class='ocrx_word' id='word_1_463' title='bbox 2302 4913 2320 4947; x_wconf 80' lang='grc' dir='ltr'><strong>ι</strong></span> <span class='ocrx_word' id='word_1_464' title='bbox 2361 4894 2490 4950; x_wconf 76' lang='lat' dir='ltr'><strong>llaec</strong></span> <span class='ocrx_word' id='word_1_465' title='bbox 2540 4894 2676 4950; x_wconf 91' lang='lat' dir='ltr'><strong>dicit</strong></span> <span class='ocrx_word' id='word_1_466' title='bbox 2727 4893 2992 4949; x_wconf 89' lang='lat' dir='ltr'><strong>Dominus</strong></span> <span class='ocrx_word' id='word_1_467' title='bbox 3041 4893 3253 4949; x_wconf 84' lang='lat' dir='ltr'><strong>cbristo</strong></span> <span class='ocrx_word' id='word_1_468' title='bbox 3307 4908 3427 4947; x_wconf 88' lang='lat' dir='ltr'><strong>meo</strong></span> <span class='ocrx_word' id='word_1_469' title='bbox 3477 4892 3657 4964; x_wconf 83' lang='lat' dir='ltr'><strong>Cyro.</strong></span> 
     </span>
    </p>
   </div>
   <div class='ocr_carea' id='block_1_65' title="bbox 2060 4987 3658 5058">
    <p class='ocr_par' dir='ltr' id='par_1_65' title="bbox 2060 4987 3658 5058">
     <span class='ocr_line' id='line_1_65' title="bbox 2060 4987 3658 5058; baseline -0.001 -15"><span class='ocrx_word' id='word_1_470' title='bbox 2060 4987 2219 5058; x_wconf 87' lang='lat' dir='ltr'><strong>cuius</strong></span> <span class='ocrx_word' id='word_1_471' title='bbox 2244 4988 2576 5058; x_wconf 81' lang='lat' dir='ltr'><strong>apprehendi</strong></span> <span class='ocrx_word' id='word_1_472' title='bbox 2604 4988 2885 5043; x_wconf 81' lang='lat' dir='ltr'><strong>dexteram</strong></span> <span class='ocrx_word' id='word_1_473' title='bbox 2911 4988 2953 5043; x_wconf 87' lang='grc'><strong>³.</strong></span> <span class='ocrx_word' id='word_1_474' title='bbox 2996 5007 3015 5039; x_wconf 75' lang='grc' dir='ltr'><strong>ι</strong></span> <span class='ocrx_word' id='word_1_475' title='bbox 3060 4987 3228 5058; x_wconf 81' lang='lat' dir='ltr'><strong>Atqui</strong></span> <span class='ocrx_word' id='word_1_476' title='bbox 3268 4987 3358 5042; x_wconf 90' lang='lat' dir='ltr'><strong>ille</strong></span> <span class='ocrx_word' id='word_1_477' title='bbox 3397 4989 3499 5050; x_wconf 76' lang='lat' dir='ltr'><strong>vir,</strong></span> <span class='ocrx_word' id='word_1_478' title='bbox 3533 5004 3658 5042; x_wconf 82' lang='lat' dir='ltr'><strong>cum</strong></span> 
     </span>
    </p>
   </div>
   <div class='ocr_carea' id='block_1_66' title="bbox 2060 5080 3661 5146">
    <p class='ocr_par' dir='ltr' id='par_1_66' title="bbox 2060 5080 3661 5146">
     <span class='ocr_line' id='line_1_66' title="bbox 2060 5080 3661 5146; baseline -0.002 -8"><span class='ocrx_word' id='word_1_479' title='bbox 2060 5089 2209 5138; x_wconf 86' lang='lat' dir='ltr'><strong>esset</strong></span> <span class='ocrx_word' id='word_1_480' title='bbox 2244 5081 2511 5137; x_wconf 88' lang='lat' dir='ltr'><strong>idolorqu</strong></span> <span class='ocrx_word' id='word_1_481' title='bbox 2546 5081 2745 5145; x_wconf 87' lang='lat' dir='ltr'><strong>cultor,</strong></span> <span class='ocrx_word' id='word_1_482' title='bbox 2774 5080 3093 5137; x_wconf 88' lang='lat' dir='ltr'><strong>nominatus</strong></span> <span class='ocrx_word' id='word_1_483' title='bbox 3121 5091 3206 5135; x_wconf 87' lang='lat' dir='ltr'><strong>est</strong></span> <span class='ocrx_word' id='word_1_484' title='bbox 3240 5081 3505 5146; x_wconf 86' lang='lat' dir='ltr'><strong>cbristus,</strong></span> <span class='ocrx_word' id='word_1_485' title='bbox 3540 5081 3661 5136; x_wconf 59' lang='lat' dir='ltr'><strong>ideo</strong></span> 
     </span>
    </p>
   </div>
   <div class='ocr_carea' id='block_1_67' title="bbox 2061 5174 3659 5244">
    <p class='ocr_par' dir='ltr' id='par_1_67' title="bbox 2061 5174 3659 5244">
     <span class='ocr_line' id='line_1_67' title="bbox 2061 5174 3659 5244; baseline -0.003 -16"><span class='ocrx_word' id='word_1_486' title='bbox 2061 5176 2204 5244; x_wconf 91' lang='lat' dir='ltr'><strong>quod</strong></span> <span class='ocrx_word' id='word_1_487' title='bbox 2242 5175 2398 5244; x_wconf 85' lang='lat' dir='ltr'><strong>quasi</strong></span> <span class='ocrx_word' id='word_1_488' title='bbox 2436 5185 2636 5231; x_wconf 89' lang='lat' dir='ltr'><strong>unctus</strong></span> <span class='ocrx_word' id='word_1_489' title='bbox 2664 5183 2753 5231; x_wconf 85' lang='lat' dir='ltr'><strong>est</strong></span> <span class='ocrx_word' id='word_1_490' title='bbox 2778 5174 2831 5229; x_wconf 89' lang='lat' dir='ltr'><strong>in</strong></span> <span class='ocrx_word' id='word_1_491' title='bbox 2858 5189 3105 5244; x_wconf 87' lang='lat' dir='ltr'><strong>regnum,</strong></span> <span class='ocrx_word' id='word_1_492' title='bbox 3136 5174 3349 5229; x_wconf 75' lang='lat' dir='ltr'><strong>coelein</strong></span> <span class='ocrx_word' id='word_1_493' title='bbox 3380 5174 3659 5243; x_wconf 65' lang='grc' dir='ltr'><strong>διατιθείη,</strong></span> 
     </span>
    </p>
   </div>
   <div class='ocr_carea' id='block_1_68' title="bbox 2064 5266 3663 5325">
    <p class='ocr_par' dir='ltr' id='par_1_68' title="bbox 2064 5266 3663 5325">
     <span class='ocr_line' id='line_1_68' title="bbox 2064 5266 3663 5325; baseline -0.001 -3"><span class='ocrx_word' id='word_1_494' title='bbox 2064 5279 2119 5322; x_wconf 86' lang='lat' dir='ltr'><strong>et</strong></span> <span class='ocrx_word' id='word_1_495' title='bbox 2156 5268 2441 5323; x_wconf 85' lang='lat' dir='ltr'><strong>ordinatus</strong></span> <span class='ocrx_word' id='word_1_496' title='bbox 2487 5279 2569 5325; x_wconf 87' lang='lat' dir='ltr'><strong>est</strong></span> <span class='ocrx_word' id='word_1_497' title='bbox 2606 5282 2637 5323; x_wconf 86' lang='lat' dir='ltr'><strong>a</strong></span> <span class='ocrx_word' id='word_1_498' title='bbox 2685 5266 2795 5324; x_wconf 84' lang='lat' dir='ltr'><strong>Deo</strong></span> <span class='ocrx_word' id='word_1_499' title='bbox 2834 5275 2892 5322; x_wconf 92' lang='lat' dir='ltr'><strong>ut</strong></span> <span class='ocrx_word' id='word_1_500' title='bbox 2933 5266 3263 5323; x_wconf 83' lang='lat' dir='ltr'><strong>Babvlouem</strong></span> <span class='ocrx_word' id='word_1_501' title='bbox 3313 5268 3663 5323; x_wconf 81' lang='lat' dir='ltr'><strong>vehementer</strong></span> 
     </span>
    </p>
   </div>
   <div class='ocr_carea' id='block_1_69' title="bbox 365 5344 1944 5432">
    <p class='ocr_par' dir='ltr' id='par_1_69' title="bbox 365 5352 1944 5427">
     <span class='ocr_line' id='line_1_69' title="bbox 365 5352 1944 5427; baseline 0.003 -22"><span class='ocrx_word' id='word_1_502' title='bbox 365 5354 545 5425; x_wconf 76' lang='grc' dir='ltr'><strong>ρισταί</strong></span> <span class='ocrx_word' id='word_1_503' title='bbox 574 5370 633 5407; x_wconf 77' lang='grc' dir='ltr'><strong>τε</strong></span> <span class='ocrx_word' id='word_1_504' title='bbox 665 5353 815 5423; x_wconf 78' lang='grc' dir='ltr'><strong>παρὰ</strong></span> <span class='ocrx_word' id='word_1_505' title='bbox 834 5352 969 5407; x_wconf 85' lang='grc' dir='ltr'><strong>Θεοῦ</strong></span> <span class='ocrx_word' id='word_1_506' title='bbox 996 5353 1135 5407; x_wconf 85' lang='grc' dir='ltr'>κατά</span> <span class='ocrx_word' id='word_1_507' title='bbox 1166 5353 1364 5426; x_wconf 76' lang='grc' dir='ltr'><strong>κράτος</strong></span> <span class='ocrx_word' id='word_1_508' title='bbox 1400 5356 1625 5426; x_wconf 81' lang='grc' dir='ltr'><strong>αἱρῆσαι</strong></span> <span class='ocrx_word' id='word_1_509' title='bbox 1650 5354 1749 5427; x_wconf 74' lang='grc' dir='ltr'><strong>τὴν</strong></span> <span class='ocrx_word' id='word_1_510' title='bbox 1782 5356 1944 5411; x_wconf 76' lang='grc' dir='ltr'><strong>Βαϐυ·</strong></span> 
     </span>
    </p>
   </div>
   <div class='ocr_carea' id='block_1_70' title="bbox 2058 5344 2426 5432">
    <p class='ocr_par' dir='ltr' id='par_1_70' title="bbox 2065 5371 2426 5432">
     <span class='ocr_line' id='line_1_70' title="bbox 2065 5371 2426 5432; baseline -0.006 -15"><span class='ocrx_word' id='word_1_511' title='bbox 2065 5376 2129 5417; x_wconf 73' lang='lat' dir='ltr'><strong>ex</strong></span> <span class='ocrx_word' id='word_1_512' title='bbox 2139 5371 2426 5432; x_wconf 87' lang='lat' dir='ltr'><strong>pugnaret.</strong></span> 
     </span>
    </p>
   </div>
   <div class='ocr_carea' id='block_1_71' title="bbox 366 5462 595 5499">
    <p class='ocr_par' dir='ltr' id='par_1_71' title="bbox 366 5462 595 5499">
     <span class='ocr_line' id='line_1_71' title="bbox 366 5462 595 5499; baseline 0.013 -3"><span class='ocrx_word' id='word_1_513' title='bbox 366 5462 595 5499; x_wconf 72' lang='grc' dir='ltr'><strong>Αωνιων.</strong></span> 
     </span>
    </p>
   </div>
   <div class='ocr_carea' id='block_1_72' title="bbox 442 5534 1951 5611">
    <p class='ocr_par' dir='ltr' id='par_1_72' title="bbox 442 5534 1951 5611">
     <span class='ocr_line' id='line_1_72' title="bbox 442 5534 1951 5611; baseline 0.003 -23"><span class='ocrx_word' id='word_1_514' title='bbox 442 5536 657 5589; x_wconf 75' lang='grc' dir='ltr'><strong>Ἐκεῖνο</strong></span> <span class='ocrx_word' id='word_1_515' title='bbox 706 5534 763 5587; x_wconf 72' lang='grc' dir='ltr'><strong>δὲ</strong></span> <span class='ocrx_word' id='word_1_516' title='bbox 827 5535 1085 5603; x_wconf 71' lang='grc' dir='ltr'><strong>μᾶλλον..</strong></span> <span class='ocrx_word' id='word_1_517' title='bbox 1116 5576 1128 5589; x_wconf 93' lang='grc'><strong>.</strong></span> <span class='ocrx_word' id='word_1_518' title='bbox 1176 5536 1393 5607; x_wconf 54' lang='grc' dir='ltr'><strong>Ἐπειδὴ</strong></span> <span class='ocrx_word' id='word_1_519' title='bbox 1444 5536 1581 5607; x_wconf 69' lang='grc' dir='ltr'>γὰρ.</span> <span class='ocrx_word' id='word_1_520' title='bbox 1621 5538 1708 5594; x_wconf 73' lang='grc' dir='ltr'><strong>διὰ</strong></span> <span class='ocrx_word' id='word_1_521' title='bbox 1764 5541 1858 5611; x_wconf 71' lang='grc' dir='ltr'><strong>τὴν</strong></span> <span class='ocrx_word' id='word_1_522' title='bbox 1895 5543 1951 5593; x_wconf 82' lang='grc' dir='ltr'><strong>ὲν</strong></span> 
     </span>
    </p>
   </div>
   <div class='ocr_carea' id='block_1_73' title="bbox 380 5622 1952 5703">
    <p class='ocr_par' dir='ltr' id='par_1_73' title="bbox 380 5622 1952 5703">
     <span class='ocr_line' id='line_1_73' title="bbox 380 5622 1952 5703; baseline 0.004 -25"><span class='ocrx_word' id='word_1_523' title='bbox 380 5626 555 5695; x_wconf 81' lang='grc' dir='ltr'><strong>Ἀδὰμ.</strong></span> <span class='ocrx_word' id='word_1_524' title='bbox 601 5622 954 5698; x_wconf 73' lang='grc' dir='ltr'><strong>παράϐασιν,</strong></span> <span class='ocrx_word' id='word_1_525' title='bbox 1034 5628 1392 5697; x_wconf 69' lang='grc' dir='ltr'><strong>βεϐασίλευκε</strong></span> <span class='ocrx_word' id='word_1_526' title='bbox 1453 5631 1593 5684; x_wconf 68' lang='grc' dir='ltr'><strong>κατὰ</strong></span> <span class='ocrx_word' id='word_1_527' title='bbox 1660 5632 1874 5687; x_wconf 77' lang='grc' dir='ltr'><strong>πάντων</strong></span> <span class='ocrx_word' id='word_1_528' title='bbox 1920 5637 1952 5703; x_wconf 73' lang='grc' dir='ltr'>ἡ</span> 
     </span>
    </p>
   </div>
   <div class='ocr_carea' id='block_1_74' title="bbox 367 5719 1953 5795">
    <p class='ocr_par' dir='ltr' id='par_1_74' title="bbox 367 5719 1953 5795">
     <span class='ocr_line' id='line_1_74' title="bbox 367 5719 1953 5795; baseline 0.004 -23"><span class='ocrx_word' id='word_1_529' title='bbox 367 5719 635 5789; x_wconf 62' lang='grc' dir='ltr'><strong>ἁμαρτία,</strong></span> <span class='ocrx_word' id='word_1_530' title='bbox 670 5719 890 5790; x_wconf 76' lang='grc' dir='ltr'><strong>ἁπέιττη</strong></span> <span class='ocrx_word' id='word_1_531' title='bbox 920 5720 975 5773; x_wconf 78' lang='grc' dir='ltr'><strong>δὲ</strong></span> <span class='ocrx_word' id='word_1_532' title='bbox 996 5720 1052 5773; x_wconf 67' lang='grc' dir='ltr'><strong>τὸ</strong></span> <span class='ocrx_word' id='word_1_533' title='bbox 1076 5720 1297 5791; x_wconf 74' lang='grc' dir='ltr'><strong>Πνεῦμα</strong></span> <span class='ocrx_word' id='word_1_534' title='bbox 1332 5722 1392 5775; x_wconf 85' lang='grc' dir='ltr'><strong>τὸ</strong></span> <span class='ocrx_word' id='word_1_535' title='bbox 1425 5724 1604 5791; x_wconf 66' lang='grc' dir='ltr'><strong>ἅγιον·</strong></span> <span class='ocrx_word' id='word_1_536' title='bbox 1636 5727 1727 5779; x_wconf 65' lang='grc' dir='ltr'>καὶ</span> <span class='ocrx_word' id='word_1_537' title='bbox 1763 5728 1953 5795; x_wconf 74' lang='grc' dir='ltr'><strong>γέγονε</strong></span> 
     </span>
    </p>
   </div>
   <div class='ocr_carea' id='block_1_75' title="bbox 444 5897 1770 5975">
    <p class='ocr_par' dir='ltr' id='par_1_75' title="bbox 444 5897 1770 5975">
     <span class='ocr_line' id='line_1_75' title="bbox 444 5897 1770 5975; baseline 0.006 -28"><span class='ocrx_word' id='word_1_538' title='bbox 444 5897 607 5952; x_wconf 69' lang='grc' dir='ltr'><strong>ιιιολι</strong></span> <span class='ocrx_word' id='word_1_539' title='bbox 653 5914 757 5965; x_wconf 66' lang='lat' dir='ltr'><strong>CIV,</strong></span> <span class='ocrx_word' id='word_1_540' title='bbox 790 5899 871 5955; x_wconf 64' lang='lat' dir='ltr'><strong>ll).</strong></span> <span class='ocrx_word' id='word_1_541' title='bbox 951 5902 967 5933; x_wconf 83' lang='lat'><strong>’</strong></span> <span class='ocrx_word' id='word_1_542' title='bbox 999 5899 1195 5956; x_wconf 72' lang='lat' dir='ltr'><strong>llabar.</strong></span> <span class='ocrx_word' id='word_1_543' title='bbox 1227 5916 1310 5970; x_wconf 87' lang='grc' dir='ltr'><strong>ιιι,</strong></span> <span class='ocrx_word' id='word_1_544' title='bbox 1339 5903 1585 5975; x_wconf 64' lang='lat' dir='ltr'><strong>l5,iust.l</strong></span> <span class='ocrx_word' id='word_1_545' title='bbox 1612 5904 1770 5958; x_wconf 73' lang='lat' dir='ltr'><strong>L\X.</strong></span> 
     </span>
    </p>
   </div>
   <div class='ocr_carea' id='block_1_76' title="bbox 1857 5902 2231 5969">
    <p class='ocr_par' dir='ltr' id='par_1_76' title="bbox 1857 5902 2231 5969">
     <span class='ocr_line' id='line_1_76' title="bbox 1857 5902 2231 5969; baseline -0.005 -9"><span class='ocrx_word' id='word_1_546' title='bbox 1857 5904 1869 5925; x_wconf 75' lang='grc'><strong><em>³</em></strong></span> <span class='ocrx_word' id='word_1_547' title='bbox 1897 5902 1997 5963; x_wconf 65' lang='lat' dir='ltr'><strong>last.</strong></span> <span class='ocrx_word' id='word_1_548' title='bbox 2036 5921 2155 5969; x_wconf 72' lang='grc' dir='ltr'><strong>ΠΝ,</strong></span> <span class='ocrx_word' id='word_1_549' title='bbox 2188 5906 2231 5959; x_wconf 86' lang='grc' dir='ltr'><strong>Ι.</strong></span> 
     </span>
    </p>
   </div>
   <div class='ocr_carea' id='block_1_77' title="bbox 2137 5538 3665 5610">
    <p class='ocr_par' dir='ltr' id='par_1_77' title="bbox 2137 5538 3665 5610">
     <span class='ocr_line' id='line_1_77' title="bbox 2137 5538 3665 5610; baseline 0.004 -17"><span class='ocrx_word' id='word_1_550' title='bbox 2137 5538 2274 5595; x_wconf 89' lang='lat' dir='ltr'><strong>Illud</strong></span> <span class='ocrx_word' id='word_1_551' title='bbox 2298 5548 2478 5595; x_wconf 89' lang='lat' dir='ltr'><strong>autem</strong></span> <span class='ocrx_word' id='word_1_552' title='bbox 2504 5540 2678 5610; x_wconf 87' lang='lat' dir='ltr'><strong>magis</strong></span> <span class='ocrx_word' id='word_1_553' title='bbox 2711 5539 2779 5595; x_wconf 88' lang='lat' dir='ltr'><strong>de</strong></span> <span class='ocrx_word' id='word_1_554' title='bbox 2805 5538 3048 5595; x_wconf 85' lang='lat' dir='ltr'><strong>Cbristo.</strong></span> <span class='ocrx_word' id='word_1_555' title='bbox 3082 5541 3347 5608; x_wconf 79' lang='lat' dir='ltr'><strong>Quoniam</strong></span> <span class='ocrx_word' id='word_1_556' title='bbox 3369 5542 3515 5597; x_wconf 89' lang='lat' dir='ltr'><strong>enim</strong></span> <span class='ocrx_word' id='word_1_557' title='bbox 3543 5557 3665 5610; x_wconf 84' lang='lat' dir='ltr'><strong>pro-</strong></span> 
     </span>
    </p>
   </div>
   <div class='ocr_carea' id='block_1_78' title="bbox 2066 5632 3660 5705">
    <p class='ocr_par' dir='ltr' id='par_1_78' title="bbox 2066 5632 3660 5705">
     <span class='ocr_line' id='line_1_78' title="bbox 2066 5632 3660 5705; baseline 0.002 -18"><span class='ocrx_word' id='word_1_558' title='bbox 2066 5644 2187 5701; x_wconf 82' lang='lat' dir='ltr'><strong>pter</strong></span> <span class='ocrx_word' id='word_1_559' title='bbox 2217 5633 2349 5688; x_wconf 59' lang='lat' dir='ltr'><strong>Ade</strong></span> <span class='ocrx_word' id='word_1_560' title='bbox 2385 5632 2893 5702; x_wconf 66' lang='lat' dir='ltr'><strong>praevaricationem</strong></span> <span class='ocrx_word' id='word_1_561' title='bbox 2924 5634 2945 5665; x_wconf 72' lang='grc'>⁸</span> <span class='ocrx_word' id='word_1_562' title='bbox 2979 5642 3309 5705; x_wconf 77' lang='lat' dir='ltr'><strong>regnaverat</strong></span> <span class='ocrx_word' id='word_1_563' title='bbox 3342 5649 3505 5705; x_wconf 89' lang='lat' dir='ltr'><strong>supra</strong></span> <span class='ocrx_word' id='word_1_564' title='bbox 3538 5650 3660 5690; x_wconf 88' lang='lat' dir='ltr'><strong>om-</strong></span> 
     </span>
    </p>
   </div>
   <div class='ocr_carea' id='block_1_79' title="bbox 2066 5722 3661 5796">
    <p class='ocr_par' dir='ltr' id='par_1_79' title="bbox 2066 5722 3661 5796">
     <span class='ocr_line' id='line_1_79' title="bbox 2066 5722 3661 5796; baseline 0.003 -17"><span class='ocrx_word' id='word_1_565' title='bbox 2066 5741 2162 5781; x_wconf 89' lang='lat' dir='ltr'><strong>nes</strong></span> <span class='ocrx_word' id='word_1_566' title='bbox 2200 5734 2511 5795; x_wconf 83' lang='lat' dir='ltr'><strong>peccatum,</strong></span> <span class='ocrx_word' id='word_1_567' title='bbox 2543 5731 2599 5780; x_wconf 87' lang='lat' dir='ltr'><strong>et</strong></span> <span class='ocrx_word' id='word_1_568' title='bbox 2624 5722 2865 5796; x_wconf 82' lang='lat' dir='ltr'><strong>Spiritus</strong></span> <span class='ocrx_word' id='word_1_569' title='bbox 2900 5726 2966 5782; x_wconf 88' lang='lat' dir='ltr'><strong>ab</strong></span> <span class='ocrx_word' id='word_1_570' title='bbox 3012 5726 3346 5784; x_wconf 76' lang='lat' dir='ltr'><strong>humanitate</strong></span> <span class='ocrx_word' id='word_1_571' title='bbox 3390 5726 3661 5785; x_wconf 80' lang='lat' dir='ltr'><strong>discesse-</strong></span> 
     </span>
    </p>
   </div>
   <div class='ocr_carea' id='block_1_80' title="bbox 2314 5901 2719 5974">
    <p class='ocr_par' dir='ltr' id='par_1_80' title="bbox 2314 5901 2719 5974">
     <span class='ocr_line' id='line_1_80' title="bbox 2314 5901 2719 5974; baseline 0.007 -15"><span class='ocrx_word' id='word_1_572' title='bbox 2314 5906 2327 5933; x_wconf 72' lang='lat'>&quot;</span> <span class='ocrx_word' id='word_1_573' title='bbox 2366 5901 2521 5961; x_wconf 78' lang='lat' dir='ltr'><strong>Rom.</strong></span> <span class='ocrx_word' id='word_1_574' title='bbox 2552 5920 2604 5974; x_wconf 77' lang='grc' dir='ltr'><strong>ι’,</strong></span> <span class='ocrx_word' id='word_1_575' title='bbox 2636 5904 2719 5962; x_wconf 76' lang='grc' dir='ltr'><strong>Η.</strong></span> 
     </span>
    </p>
   </div>
  </div>
