4058 6328
510 419 642 477 I37!

1476 421 1537 480 S.
1573 420 1841 477 CYBILLI
1879 415 2346 475 ALEXANDRIM
2383 414 2699 472 ARCHIEP.

3623 412 3761 470 {572

512 548 597 593 rat
620 538 663 598 ι,
697 537 769 592 ob
814 550 1041 606 canaque
1088 550 1311 592 causam
1370 539 1423 593 in
1476 540 1634 595 malls
1686 539 1942 595 omnibus
1990 515 2064 591 sit:

2183 534 2387 605 ταύτης
2414 534 2577 587 [vexa
2595 532 2696 603 τῆς
2723 530 2902 593 αίτίας
2920 528 2978 584 ιν
2998 529 3158 585 παντὶ
3181 529 3357 601 κακοῖν
3380 529 3486 583 ἔδει
3513 529 3569 583 δι
3604 531 3763 585 πάλιν

512 630 863 693 versabatur;
908 642 1044 696 opus
1081 638 1262 683 autem
1295 638 1413 685 erat
1463 641 1522 684 ut
1564 646 1803 695 rursum,
1844 646 1938 700 per
1983 630 2077 685 Dei

511 718 943 773 misericordiam
975 720 1026 771 in
1051 718 1337 787 pristinum
1368 730 1636 785 revocata,
1668 720 1928 791 Spiritum
1964 736 2078 775 me-

513 820 721 862 reretur
748 827 760 863 :
789 809 950 862 homo
974 808 1174 862 factum
1210 818 1292 865 est
1319 812 1648 878 unigenitum
1698 812 1791 867 Dei
1819 813 2078 881 Verbum,

510 911 563 953 et
612 915 732 951 cum
785 911 1002 954 terreno
1052 914 1280 969 corpore
1339 905 1568 959 terrenis
1619 906 1888 973 apparuit.
1958 906 2079 961 Fuit

508 992 670 1043 etiam
709 991 935 1045 liberum
981 1006 1012 1045 a
1052 1005 1294 1061 peccato,
1332 1003 1392 1047 ut
1427 1004 1483 1049 et
1532 994 1586 1048 in
1631 996 1769 1063 ipso,
1821 1006 1874 1051 et
1920 998 1973 1051 in
2014 1013 2079 1053 eo

508 1081 645 1145 solo,
680 1082 999 1136 innocentia
1024 1082 1268 1138 laudibus
1310 1093 1501 1139 natura
1530 1084 1761 1141 hominis
1787 1098 2075 1156 coronata,

510 1172 713 1239 Spiritu
766 1184 951 1228 sancto
999 1174 1295 1243 ditaretur,
1337 1190 1403 1232 ac
1454 1178 1534 1231 sic
1590 1174 1980 1235 rel‘ormaretur
2010 1180 2077 1235 ad

509 1258 676 1313 Deum
728 1276 823 1328 per
882 1264 1384 1319 sanctiﬁcationem.
1448 1267 1613 1337 780
1660 1267 1877 1325 Transit
1933 1271 2077 1325 enim

505 1353 571 1405 ad
616 1370 711 1407 nos
746 1369 958 1424 quoque
993 1357 1163 1423 gratia
1218 1369 1393 1427 erepta
1429 1376 1458 1413 a
1506 1361 1740 1427 Christo,
1776 1364 1865 1432 qui
1901 1374 1985 1419 est
2025 1365 2075 1417 in

506 1446 659 1496 nobis
699 1445 1119 1513 primogenitus;
1170 1449 1331 1518 idque
1378 1466 1475 1505 nos
1506 1452 1704 1508 docens
1743 1453 1933 1509 beatus
1976 1454 2080 1509 Da-

502 1534 589 1586 vid
621 1536 794 1601 psallit
843 1538 907 1590 ad
937 1536 1130 1591 Filium
1163 1556 1175 1591 :
1216 1556 1234 1590 ι
1270 1540 1510 1595 Dilexisti
1534 1540 1797 1608 justitiam
1837 1553 1889 1598 et
1915 1544 2076 1600 odisti

502 1626 865 1695 ittiquilatcttt,
905 1628 1021 1683 ideo
1069 1632 1222 1685 unxit
1258 1641 1309 1687 te
1330 1632 1486 1687 'Deus
1513 1633 1655 1688 Deus
1684 1643 1804 1688 tuas
1832 1633 1950 1691 oleo
1981 1634 2075 1690 lte-

504 1718 636 1771 tiliae
666 1720 703 1771 ⁸.
748 1738 763 1768 ι

575 1808 777 1865 Unctns
799 1820 883 1865 est
906 1813 1069 1881 igitur
1086 1814 1331 1883 exemplo
1354 1826 1539 1871 nostro
1561 1816 1729 1873 Filius
1754 1819 2073 1875 innocentia:

499 1898 766 1965 ιειιιειίιιιιε,
807 1912 880 1965 et,
916 1913 975 1957 ut
1011 1914 1136 1959 ante
1180 1904 1312 1969 dixi,
1361 1906 1413 1959 in
1450 1906 1564 1974 ipso
1604 1916 1796 1964 natura
1839 1910 2073 1969 hominis

497 1988 783 2055 illustrata,
809 2002 861 2047 et
904 1993 1059 2062 digna
1084 1995 1198 2063 jam
1242 1997 1426 2051 sortiri
1469 1996 1735 2067 Spiritum
1782 2011 2027 2056 sanctum
2054 2042 2073 2071 ,

493 2079 603 2148 jam
638 2096 742 2133 non
784 2082 1174 2149 discessurum,
1216 2087 1356 2141 sicut
1400 2098 1581 2155 antea,
1624 2092 1717 2144 sed
1754 2107 2071 2149 mansurum

498 2172 669 2240 magis
696 2172 745 2224 in
774 2173 904 2241 ipsa.
933 2175 1169 2246 Ideoque
1187 2178 1451 2248 scriptum
1480 2190 1581 2245 est,
1615 2182 1759 2250 quod
1792 2200 1812 2233 ι
1846 2184 2073 2239 descen-

495 2267 580 2315 dir
616 2264 665 2315 in
707 2280 827 2317 eum
886 2264 1155 2334 Spiritus,
1192 2278 1245 2323 et
1300 2271 1500 2325 mansit
1553 2286 1716 2341 super
1760 2274 1931 2344 ipsum
1965 2277 2008 2332 ⁷.
2043 2294 2063 2330 ι

494 2350 705 2407 Dicitur
755 2370 885 2426 ergo
937 2355 1186 2414 Christus
1232 2359 1327 2415 Dei
1386 2360 1643 2428 Verbum,
1673 2368 1815 2434 quod
1848 2378 2069 2438 propter

489 2458 591 2499 nos
626 2454 677 2499 et
708 2447 876 2501 nostri
920 2448 1114 2504 similis
1162 2450 1323 2506 homo
1350 2460 1434 2507 est
1470 2454 1699 2520 factum,
1736 2465 1791 2511 et
1821 2458 1875 2513 in
1918 2462 2063 2515 servi

490 2531 665 2587 forma
698 2552 711 2586 :
745 2545 797 2588 et
832 2536 1048 2605 ungitur
1078 2539 1298 2607 quidem
1328 2540 1583 2607 humane,
1619 2542 1912 2597 secundum
1943 2561 2067 2599 car-

490 2636 653 2687 nem;
684 2626 833 2696 ungit
876 2637 1055 2683 autem
1102 2629 1281 2686 divine
1331 2646 1430 2687 suo
1487 2631 1693 2705 Spiritu
1737 2650 1832 2692 eos
1868 2638 1962 2707 qui
2008 2639 2063 2695 in

488 2713 666 2783 ipsum
698 2718 949 2774 credunt.

1144 2902 1300 2959 CAP.
1340 2903 1407 2959 ll.

733 3031 973 3099 Qualiter
999 3035 1223 3106 intelligi
1255 3036 1437 3091 debeat
1472 3037 1807 3097 Emmanuel.

556 3165 868 3222 Emmanuel
890 3171 1201 3225 nominatur
1225 3170 1364 3227 Deus
1386 3172 1642 3239 Verbum,
1705 3176 1847 3245 quod
1882 3177 2055 3234 Abra-

484 3261 565 3314 bre
598 3276 783 3313 semen
820 3263 1196 3331 apprehendit,
1230 3272 1284 3318 et
1315 3264 1564 3320 similiter
1602 3282 1667 3321 ac
1698 3282 1797 3323 nos
1824 3271 2050 3339 partici-

480 3353 626 3418 pavit
650 3353 799 3407 carni
826 3363 879 3408 et
902 3355 1148 3425 sanguini
1175 3356 1217 3409 ⁸.
1270 3354 1662 3426 interpretatur
1725 3370 1905 3418 autem
1934 3365 2059 3420 Em-

480 3443 716 3508 manuel,
755 3444 1019 3497 no“scsm
1062 3444 1219 3500 Deus.
1262 3447 1598 3502 Conlltemur
1640 3460 1819 3506 autem
1871 3456 2058 3510 nobis-

478 3550 601 3587 cum
638 3534 802 3590 fuisse
838 3538 945 3591 Dei.
964 3536 1215 3602 Verbum,
1273 3553 1377 3592 non
1406 3540 1685 3596 localiter:
1714 3543 1765 3597 in
1791 3560 1897 3616 quo
1916 3547 2061 3603 enim

478 3626 597 3680 loco
645 3644 749 3681 non
786 3638 871 3683 est
915 3628 1086 3693 Deus,
1130 3630 1219 3697 qui
1277 3630 1463 3700 implet
1499 3634 1718 3687 omnia?
1764 3634 1873 3690 Nec
1920 3640 2062 3707 quod

476 3718 668 3772 adesse
693 3719 849 3773 nobis
870 3720 1208 3788 conspicitur
1239 3721 1424 3774 auxilii
1468 3724 1712 3790 ratione;
1748 3726 1949 3782 dictum
1978 3738 2061 3786 est

477 3808 621 3860 enim
653 3808 756 3861 hoc
793 3807 951 3862 modo
980 3810 1052 3862 ad
1079 3806 1260 3863 Jesum
1308 3808 1476 3865 lilium
1516 3810 1699 3868 Nave:
1748 3834 1766 3866 ι
1820 3816 1886 3871 Et
1920 3819 2061 3876 sicut

476 3914 625 3951 erant
669 3914 787 3953 cum
839 3898 1042 3971 Moyse,
1090 3902 1161 3955 ita
1206 3917 1301 3957 aro
1342 3913 1397 3957 et
1431 3914 1609 3959 tecum
1634 3906 1674 3958 '.
1714 3924 1733 3958 ι
1783 3907 1887 3962 Sed
1918 3913 2061 3979 quod

476 3989 679 4044 factum
709 4004 793 4047 est
834 3994 885 4046 in
937 3995 1160 4058 nostris,
1202 3994 1254 4049 id
1288 4004 1395 4059 est,
1446 3998 1499 4049 in
1556 3998 1916 4067 humanitate,
1953 4018 2057 4057 non

476 4082 733 4137 derelicta
769 4099 863 4138 sua
896 4094 1089 4139 natura
1122 4099 1138 4138 :
1190 4086 1604 4145 inconvertibile
1650 4100 1734 4145 est
1776 4094 1921 4147 enim
1959 4111 2058 4149 na-

478 4185 598 4229 tura
632 4174 723 4229 Dei
760 4176 1015 4231 Verbum.

549 4266 819 4321 Caeterum
857 4285 1019 4337 quam
1050 4271 1119 4326 ob
1144 4285 1383 4335 causam,
1420 4286 1543 4327 cum
1571 4273 1729 4344 plane
1754 4275 1967 4329 dicatur
1992 4276 2058 4331 ad

472 4354 657 4409 .lesum
699 4356 865 4417 lilium
896 4358 1067 4423 Nave,
1096 4363 1239 4429 quod
1269 4376 1291 4412 ε
1323 4362 1465 4417 sicut
1492 4378 1641 4417 eram
1684 4358 1805 4418 ctfm
1846 4365 2046 4437 Moyse,

476 4448 557 4501 sic
583 4462 676 4501 ero
702 4457 909 4513 tecum,
946 4468 965 4501 ι
997 4466 1110 4506 non
1154 4460 1237 4507 est
1279 4462 1455 4509 tamen
1493 4455 1801 4511 nominatus
1843 4456 2058 4513 Emma-

473 4540 637 4594 nuel?
671 4540 786 4609 ipsa
823 4551 1003 4596 autem
1041 4544 1182 4598 ratio
1208 4554 1287 4600 est
1319 4560 1333 4598 :
1378 4546 1481 4601 etsi
1521 4548 1665 4601 enim
1704 4564 1827 4601 mm
1875 4550 2056 4619 aliquo

474 4639 784 4686 sanctorum
816 4632 980 4689 fuisse
1007 4634 1250 4700 dicatur;
1287 4652 1394 4691 non
1438 4648 1619 4693 tamen
1657 4640 1937 4698 nobiscum
1974 4640 2053 4695 la-

472 4733 619 4776 etum
650 4739 770 4780 esse
800 4725 1029 4781 dicimus
1066 4726 1235 4782 Deum
1274 4726 1531 4791 Verbum,
1566 4729 1669 4785 nisi
1699 4745 1763 4784 eo
1813 4740 2056 4800 tempore

472 4829 581 4882 quo
609 4813 761 4883 juxta
803 4818 943 4882 quod
974 4816 1103 4871 dicit
1148 4817 1355 4871 Baruch
1379 4859 1392 4884 ,
1433 4836 1450 4869 ι
1491 4819 1542 4871 in
1587 4828 1730 4874 terra
1762 4820 1907 4874 visus
1937 4831 2050 4885 est,

470 4911 527 4954 et
560 4903 696 4956 inter
727 4904 974 4959 homines
1026 4917 1381 4961 conversatus
1424 4916 1527 4971 est,
1554 4917 1611 4962 et-
1647 4924 1863 4964 omnem
1909 4912 2050 4964 viam

473 4993 754 5049 inveniens
778 4996 1099 5067 disciplina,
1132 5006 1187 5052 et
1218 4998 1351 5053 dans
1375 5014 1493 5053 eam
1522 4997 1687 5055 Jacob
1722 5015 1887 5068 puero
1925 5017 2048 5066 suo,

471 5096 525 5139 et
549 5084 711 5141 Israel
734 5088 931 5143 dilecto
955 5105 983 5142 a
1025 5104 1083 5143 se
1115 5105 1130 5141 :
1166 5090 1278 5159 ipse
1306 5098 1389 5145 est
1414 5090 1559 5144 enim
1596 5091 1736 5147 Deus
1764 5102 1966 5158 noster,
1997 5101 2053 5147 et

470 5191 578 5230 non
608 5180 1005 5247 comparabitur
1026 5182 1165 5235 alius
1188 5184 1256 5237 ad
1274 5197 1396 5237 eum
1426 5184 1490 5237 ιο.
1531 5203 1550 5235 ι

542 5269 810 5333 Quantum
849 5273 991 5325 cnim
1034 5274 1099 5328 ad
1130 5274 1220 5327 Dei
1371 5275 1532 5328 Ὅσον
1566 5277 1665 5344 μὲν
1694 5278 1800 5347 γὰρ
1824 5270 1955 5347 ἧκεν
1971 5278 2051 5342 εἰς

471 5370 714 5413 naturam
766 5363 1021 5431 pertinet,
1088 5381 1222 5419 non-
1296 5368 1356 5420 τὸ
1384 5365 1521 5422 εῖναι
1542 5371 1675 5434 Θεὸς
1696 5372 1837 5425 κατὰ
1868 5372 2049 5442 φύσιν,

470 5454 593 5505 dum
620 5462 737 5507 erat
754 5455 1063 5523 uobiscum;
1090 5459 1223 5511 mul-
1295 5461 1395 5513 οὐκ
1435 5458 1503 5531 ἦν
1534 5464 1650 5534 μεθ’
1677 5465 1857 5536 ἡμῶν·
1888 5465 2051 5534 ἀσύγ-

2182 626 2318 697 ὲλίῳ
2340 625 2500 691 Θεοῦ,
2520 625 2655 697 πρὸς
2677 625 2811 678 τὺίν
2832 624 3027 695 ἀρχαῖς
3046 624 3442 678 ἀναϐαίνουσαν
3463 623 3761 694 ἀξιωθῆναι

2180 718 2278 772 τοῦ
2304 718 2622 789 Πνεῦματος
2639 737 2652 750 ·
2683 716 3111 789 ίνηνθρώπησεν
3135 720 3163 771 ὁ
3186 717 3478 787 μονογενὴς
3506 716 3601 770 τοῦ
3623 716 3755 769 Θεοῦ

2181 810 2369 877 Λόγος.
2401 811 2578 881 Ὠφθη
2611 827 2670 863 τε
2699 812 2811 873 τοῖς
2840 809 2937 862 ἰπὶ
2964 808 3067 879 γῆς
3089 810 3227 879 μετὰ
3255 810 3446 886 γηϊνου
3484 809 3752 878 σώματος,

2182 896 2299 955 εἶτα
2326 902 2552 971 γέγονεν
2577 901 2852 974 ἁμαρτίας
2880 899 3186 973 ιλεύθερος,
3208 902 3294 955 ἶνα
3322 902 3380 954 ὲν
3405 899 3552 970 αὒτῷ
3579 918 3637 953 τε
3662 902 3754 954 καὶ

2182 995 2328 1065 μόνῳ
2344 998 2453 1058 τοίς
2472 996 2568 1065 τῆς
2586 994 2933 1065 ἁμαρτησίας
2953 994 3254 1063 αὐχήμασι,
3283 996 3316 1063 ἡ
3342 992 3630 1062 ἀνθρώπου
3653 993 3753 1060 φύ-

2181 1102 2264 1150 σις
2297 1088 2706 1158 στεφανουμένη
2723 1085 3145 1156 καταπλουτήσῃ
3167 1085 3226 1138 τὸ
3246 1084 3471 1155 Πνεῦμα
3498 1084 3556 1137 τὸ
3580 1085 3749 1153 αγιονο

2179 1178 2603 1251 ἀναμορφωθιίη
2639 1196 2699 1232 τι
2728 1177 2870 1233 οὕτω
2899 1177 3037 1249 πρὸς
3056 1178 3189 1231 Θεὸν
3220 1178 3285 1230 δι’
3318 1176 3611 1247 ἁγιασμοῦ.
3635 1180 3756 1229 Δια·

2179 1270 2351 1323 σαίνει
2382 1270 2438 1322 ὁὶ
2468 1270 2611 1323 οὕτω
2642 1271 2736 1324 καὶ
2766 1272 2847 1335 είς
2873 1270 3021 1341 ἡμᾶς
3045 1270 3079 1338 ἡ
3104 1269 3287 1339 χάρις,
3314 1268 3488 1340 ἀρχὴν
3518 1267 3754 1320 λαϐοῦσα

2179 1361 2413 1431 Χριστὸν
2443 1362 2534 1413 τὸν
2568 1362 2627 1413 ιν
2654 1364 2787 1431 ἡμῖν
2829 1361 3197 1432 πρωτότοκον.
3226 1360 3336 1420 Καὶ
3381 1358 3469 1411 διὰ
3498 1358 3654 1412 τοῦτο
3680 1358 3756 1410 δι-

2176 1450 2388 1505 δάσκων
2406 1453 2552 1522 ἡμᾶς
2575 1454 2603 1505 ὀ
2632 1452 2902 1522 μακάριος
2921 1451 3116 1520 ψάλλει
3147 1449 3312 1502 Δαϐὶδ
3334 1450 3469 1519 πρὸς
3490 1451 3579 1502 τὸν
3606 1450 3751 1501 Υίόν·

2184 1562 2202 1595 ι
2239 1544 2562 1615 Ἦγάπησας
2584 1542 2955 1611 δικαιοσύνην,
2986 1542 3083 1595 καὶ
3116 1542 3385 1611 ἐμίσησας
3410 1540 3644 1602 ἀδικίαν,
3666 1541 3753 1593 διὰ

2176 1636 2337 1688 τοῦτο
2382 1635 2568 1707 ἔχρισε
2600 1651 2660 1687 σε
2705 1636 2733 1688 ὁ
2767 1633 2900 1698 Θεὸς
2928 1635 2957 1687 ὁ
2989 1631 3121 1696 Θεός
3160 1649 3254 1685 σου
3284 1632 3462 1685 ἔλαιον
3492 1632 3750 1699 ἀγαλλιά·

2328 1765 2338 1777 .
2377 1745 2395 1777 ι
2587 1744 2594 1749 ·

2178 1744 2547 1886 σεέἒχρισται
2588 1816 2773 1868 τοίνυν
2814 1815 2939 1869 καθ’
2968 1816 3117 1885 ἡμᾶς
3162 1815 3521 1885 ἀνθρωπίνως
3555 1817 3582 1868 ὁ
3629 1814 3751 1877 Υἱὸς

2102 1887 2147 1941 Β
2172 1913 2285 1972 τοῖς
2316 1912 2416 1981 τῆς
2445 1909 2863 1979 ἀναμαρτησίας
2904 1907 3174 1971 ἐπαίνοις,
3200 1906 3277 1970 ὠς
3314 1906 3557 1976 ἔφημεν·
3602 1908 3753 1959 ἐκλε-

2176 2000 2623 2073 λαμπρυμμίνης
2652 2002 2712 2053 ἑν
2757 1999 2907 2071 αὐτῷ
2938 1999 3039 2070 τῆς
3062 1999 3157 2052 τοῦ
3198 1998 3485 2070 ἀνθρώπου
3518 1998 3750 2068 φύσεως,

2172 2095 2329 2159 ἀξίας
2367 2111 2426 2146 τε
2457 2093 2557 2164 ήδη
2593 2092 2899 2163 γενομένης
2923 2092 3017 2144 τοῦ
3065 2091 3267 2163 χρῆναι
3310 2094 3603 2162 μετασχεῖν
3656 2092 3752 2145 τοῦ

2171 2188 2329 2256 ἁγίου
2383 2185 2701 2256 Πνεύματος
2722 2201 2736 2215 ⁸
2771 2185 2873 2238 οὐκ
2918 2185 3329 2254 ἀποφοιτιῖητος
3361 2185 3441 2238 Et:
3473 2185 3617 2239 καθὰ
3662 2186 3755 2239 καὶ

2168 2279 2227 2331 ἐν
2261 2278 2479 2350 ἀρχαῖς,
2530 2276 3038 2349 ἐμφιλοχωροῦντος
3068 2279 3124 2331 δὲ
3172 2278 3373 2348 μᾶλλον
3416 2280 3576 2350 αὐτῇ.
3610 2279 3754 2332 Ταύ-

2166 2383 2317 2441 τῃτοι
2342 2368 2438 2421 καὶ
2467 2368 2800 2438 γέγραπται,
2834 2367 2917 2419 ὅτι
2942 2383 2961 2416 t
2993 2366 3259 2436 Κατέπτη
3294 2366 3392 2435 μὲν
3421 2366 3512 2418 ἐπὶ
3534 2367 3753 2437 Χριστῷ

2166 2461 2226 2513 τὸ
2256 2458 2504 2529 Πνεῦμα,
2541 2459 2819 2529 μεμένηκε
2844 2456 2902 2509 δὲ
2926 2458 3013 2510 ἐπ’
3038 2458 3220 2511 αὐτόν.
3257 2476 3275 2509 ι
3306 2458 3539 2525 Λέγεται
3573 2458 3755 2511 τοίνυν

2165 2552 2399 2623 Χριστὸς
2434 2552 2463 2604 ὁ
2490 2549 2582 2603 τοῦ
2619 2548 2758 2603 Θεοῦ
2791 2550 2964 2617 Λόγος
2992 2550 3021 2601 ὁ
3053 2549 3121 2602 δι’
3153 2550 3302 2620 ἡμᾶς
3333 2551 3427 2603 καὶ
3458 2550 3578 2604 καθ’
3604 2552 3755 2620 ἡμᾶς

2164 2635 2471 2706 ἄνθρωπος,
2502 2635 2596 2689 καὶ
2632 2637 2688 2689 ὲν
2732 2638 2798 2705 τῇ
2841 2636 2936 2689 τοῦ
2973 2636 3167 2691 δούλου
3205 2642 3388 2709 μορφῇ
3411 2654 3424 2666 ·
3466 2639 3561 2691 καὶ
3602 2640 3755 2709 χριό-

2166 2744 2327 2797 μενος
2354 2728 2453 2797 μὲν
2482 2726 2843 2797 ανθρωπίνως
2868 2727 3011 2781 κατὰ
3030 2728 3131 2799 τὴν
3150 2731 3348 2801 σάρκα,
3370 2731 3545 2800 χρίων
3563 2730 3619 2784 δὲ
3643 2730 3754 2783 θεῖ-

2164 2816 2275 2881 κῶς
2302 2816 2378 2888 τῷ
2412 2816 2527 2889 ιδίῳ
2561 2816 2840 2888 Πνεύματι
2869 2818 2996 2883 τοὺς
3018 2821 3097 2884 εἰς
3136 2821 3299 2873 αὑτὸν
3337 2822 3713 2886 πιστεύοντας.

2162 3011 2350 3065 κριτον
2414 2990 2525 3065 γὰρ
2587 2992 2649 3047 τὸ
2716 2992 2921 3063 μεταξὺ
2996 3004 3107 3050 tum
3156 2998 3297 3052 enim
3343 2998 3566 3054 interest
3610 3000 3753 3054 inter

2162 3089 2415 3161 θεότητος
2489 3089 2585 3143 καὶ
2638 3088 2922 3159 ἀνθρωπό-
2994 3087 3746 3159 deitatemethumauitatem;

2158 3200 2351 3255 τητος’
2422 3184 2518 3238 καὶ
2593 3181 2760 3254 πολλή
2834 3200 2921 3247 τις
2992 3188 3046 3234 et
3076 3180 3264 3250 ingens
3295 3192 3381 3237 est
3411 3183 3572 3238 nimis
3595 3182 3750 3239 ὀίσσ-

2160 3277 2299 3345 ἁγαν
2323 3276 2433 3331 τῶν
2461 3275 2677 3347 φύσιὼν
2707 3277 2856 3329 ἔστιν
2883 3278 2917 3348 ή
2993 3275 3164 3329 rentia
3193 3286 3528 3331 naturarum.

2159 3366 2412 3439 διαφορά.
2978 3430 2985 3436 ε

2235 3459 2466 3530 Ideoque
2512 3459 2725 3515 divinus
2768 3458 2939 3513 David
2991 3459 3055 3512 ad
3110 3457 3511 3527 proximitatem
3564 3461 3751 3530 mysti-

2163 3567 2279 3607 cam
2332 3552 2441 3624 [al.
2498 3554 2751 3608 unionem
2800 3548 3223 3623 arctissimam],
3272 3551 3438 3606 Deum
3493 3550 3746 3618 Verbum,

2162 3645 2303 3713 quod
2354 3645 2592 3699 nondum
2628 3645 2695 3698 ad
2748 3659 2847 3699 nos
2882 3653 3124 3708 venerat,
3174 3643 3423 3710 vocabat,
3473 3646 3657 3700 dicens
3689 3646 3746 3701 in

2162 3735 2391 3805 spiritu:
2428 3754 2445 3788 ι
2475 3734 2555 3791 Ob
2584 3735 2735 3806 quid,
2766 3736 3027 3801 Domine,
3075 3735 3369 3791 discessisti
3406 3736 3561 3805 longe
3594 3736 3680 3791 “2
3718 3755 3742 3790 ι

2232 3828 2309 3896 (ι)
2344 3826 2481 3897 Ergo
2521 3824 2633 3895 jam
2666 3841 2773 3880 non
2821 3826 3090 3891 discessit,
3136 3824 3229 3880 sed
3280 3828 3559 3880 nobiscum
3616 3826 3741 3892 luit,

2160 3916 2250 3985 qui
2284 3931 2406 3969 cum
2439 3915 2723 3970 mansisset
2754 3916 2805 3969 id
2853 3916 2995 3983 quod
3018 3924 3158 3979 erat,
3199 3915 3553 3985 apprehendit
3580 3918 3744 3972 Abra-

2162 4007 2244 4063 hae
2268 4022 2473 4071 semen,
2502 4016 2561 4061 ut
2587 4008 2695 4061 dixi
2723 4025 2737 4073 ;
2766 4007 2976 4075 accepit
3021 4016 3199 4060 autem
3250 4000 3586 4063 etiam'servi
3629 4008 3745 4062 ior-

2162 4114 2330 4162 mam,
2356 4108 2412 4153 et
2439 4106 2761 4165 conspectus
2796 4097 2959 4150 homo
2984 4094 3036 4148 in
3069 4104 3212 4150 terra
3246 4105 3351 4149 est.

2232 4190 2485 4247 Christus
2510 4204 2640 4243 vero
2670 4196 2725 4243 et
2756 4188 3071 4241 Emmanuel
3100 4186 3346 4241 eumdem
3384 4187 3542 4242 nobis
3571 4187 3738 4242 lilium

2162 4284 2462 4354 designant,
2494 4282 2686 4353 partim
2718 4284 2841 4349 quia
2872 4290 3065 4334 unctus
3106 4288 3187 4334 est
3217 4294 3367 4332 more
3396 4290 3611 4344 nostro,
3642 4281 3741 4333 Int-

2161 4392 2335 4433 mana:
2363 4376 2595 4431 hominis
2627 4386 2837 4429 natura:
2873 4373 3122 4443 spiritum
3159 4373 3455 4442 accipiens,
3494 4385 3549 4425 ut
3584 4372 3635 4425 in
3680 4385 3740 4427 se

2160 4470 2275 4539 ipso
2310 4479 2364 4524 et
2412 4470 2584 4539 primo
2628 4466 2723 4537 [aL
2772 4468 3007 4520 humana
3066 4476 3254 4518 natura
3299 4465 3546 4532 spiritum
3596 4464 3738 4518 acci-

2160 4564 2341 4633 piente
2377 4561 2429 4614 in
2463 4561 2599 4629 ipso,
2642 4568 2700 4615 ut
2736 4556 2955 4629 primo].
2985 4556 3199 4612 Positus
3222 4565 3306 4611 est
3330 4557 3472 4611 enim
3502 4558 3738 4624 primor-

2162 4656 2305 4709 diutn
2340 4653 2576 4723 generis.
2609 4667 2793 4705 rursus
2831 4651 2945 4719 ipse
2987 4665 3212 4720 nngeus,
3237 4658 3295 4703 ut
3334 4648 3499 4711 Deus,
3532 4647 3737 4714 Spiritu

2160 4754 2346 4801 sancto
2372 4759 2467 4798 eos
2493 4743 2581 4810 qui
2628 4743 2679 4795 in
2718 4758 2775 4797 se
2803 4742 3029 4796 credunt
3054 4760 3069 4797 :
3110 4742 3328 4810 partim,
3352 4741 3476 4810 quia
3505 4740 3602 4794 fuit
3641 4756 3738 4793 no-

2158 4838 2363 4892 biscum
2394 4836 2691 4890 secundum
2715 4850 2850 4904 quas
2880 4834 3037 4888 modo
3068 4834 3271 4888 reddidi
3305 4836 3559 4895 rationes,
3588 4842 3641 4887 et
3671 4835 3739 4888 de

2158 4945 2224 4984 eo
2257 4946 2352 4984 nos
2382 4928 2509 4982 facit
2549 4938 2726 4981 certos
2757 4928 2923 4982 Isaias
2961 4927 3221 4997 propheta
3268 4926 3495 4979 dicens:
3540 4945 3557 4975 ι
3598 4926 3735 4980 Ecce

2158 5025 2308 5093 virgo
2341 5021 2394 5074 in
2440 5029 2593 5075 utero
2626 5021 2878 5089 accipiet,
2910 5030 2964 5073 et
2995 5019 3167 5087 pariet
3202 5018 3390 5083 tilium,
3432 5028 3484 5072 et
3516 5020 3731 5073 vocabi-

2158 5122 2245 5167 tur
2278 5128 2471 5167 nomen
2515 5112 2629 5181 ejus
2663 5110 2981 5165 Emmanuel
3014 5112 3076 5163 ".
3116 5130 3133 5161 ι
3178 5110 3313 5164 Cum
3360 5110 3502 5164 enim
3548 5121 3732 5163 Sancta

2160 5204 2345 5275 Virgo,
2371 5220 2435 5258 ex
2464 5203 2664 5273 Spiritu
2687 5204 2905 5272 quidem
2932 5212 3123 5256 sancto
3148 5216 3431 5271 praegnans
3452 5212 3535 5255 est
3568 5201 3730 5264 facta,

2158 5301 2365 5369 peperit
2388 5308 2565 5351 autem
2602 5296 2897 5352 secundum
2924 5310 3141 5349 carnem
3174 5294 3377 5359 lilium;
3417 5304 3541 5346 tunc
3570 5295 3733 5346 etiam

2161 5389 2479 5445 Emmanuel
2518 5390 2694 5444 dictus
2745 5400 2867 5444 est:
2927 5389 3025 5443 fuit
3072 5390 3215 5441 enim
3275 5389 3574 5450 nobiscum,
3635 5404 3735 5453 per

2158 5484 2431 5539 carnalem
2479 5483 2879 5551 generationem
2931 5480 3321 5551 incorporalis;
3368 5491 3423 5534 et
3478 5481 3526 5532 id
3575 5492 3732 5546 erat,

592 5638 724 5717 lien:
756 5653 826 5717 vi.
852 5638 903 5691 3.
982 5640 1003 5669 ⁸
1025 5638 1172 5717 ΔίξειιΙ.
1203 5660 1343 5711 thv,
1368 5650 1419 5703 8.
1495 5648 1688 5704 'Joan.
1720 5664 1755 5714 t,
1782 5650 1869 5705 5'2.
1946 5652 1967 5683 ⁸
1988 5650 2064 5707 He

2181 5669 2235 5717 ιι,
2271 5652 2351 5706 Η.
2430 5650 2698 5713 ’Josuet,
2730 5663 2779 5701 v.
2862 5648 2903 5677 ¹⁶
2926 5647 3135 5702 Baruch
3191 5663 3271 5711 ιιι,
3324 5646 3414 5700 38.
3495 5646 3532 5675 ¹¹
3574 5643 3729 5701 Psai.

467 5726 523 5776 κ,
562 5708 605 5759 l.
685 5709 724 5739 "
762 5708 858 5763 lsa.
892 5725 984 5771 vn,
1017 5711 1101 5765 Η.

538 5869 612 5942 (l)
646 5870 867 5937 Baluz.:
905 5870 1177 5940 Discessit,
1213 5876 1302 5931 sed
1362 5874 1627 5931 nobiscum
1684 5873 1820 5943 fuit;
1849 5876 1959 5946 qui,
2018 5884 2120 5932 etc.
2177 5874 2335 5931 Enn.
