4058 6328
404 453 546 512 1573

1330 432 1629 493 SCHOUA
1664 430 1754 490 DE
1794 427 2311 486 INCARNATIONE
2349 425 2728 486 UNIGENITI.

3563 412 3704 469 1376

401 568 549 639 quod
574 579 668 638 per
698 577 888 619 vocem
923 559 1090 616 David
1119 555 1565 629 signiﬁcabatur:
1606 572 1624 603 ι
1655 552 1796 608 Deus
1823 549 1997 605 mani-
2027 553 2072 612 Α
2102 550 2351 605 omnium
2386 548 2671 613 Dominus,
2712 554 2902 617 utpote
2930 542 3022 615 qui
3055 548 3253 596 natura
3287 546 3343 594 et
3380 534 3609 591 veritate
3634 546 3704 588 ex

406 662 544 714 teste
590 656 806 717 veniet,
859 654 1004 709 Deus
1060 663 1267 714 noster,
1319 654 1375 701 et
1419 661 1524 700 nou
1562 644 1744 699 silebit
1777 643 1860 705 ¹³;
1894 659 1913 693 i
1943 648 1998 693 et

406 751 537 803 illud
570 748 764 817 opinor
789 763 803 800 :
833 766 851 799 ι
890 746 1008 816 Ipse
1038 745 1130 815 qui
1164 744 1377 798 loeutus
1401 754 1545 803 sum,
1567 745 1765 807 praesto
1790 749 1934 789 sum.
1973 752 1991 784 ι

408 843 645 897 Locutus
672 841 816 895 enim
862 854 958 909 per
986 838 1304 908 prophetas,
1337 842 1395 886 ut
1438 828 1779 901 incorporale
1823 828 2001 883 adhuc

410 935 671 1001 Verbum,
708 931 929 989 advenit
962 932 1127 986 etiam
1155 924 1531 997 corporaliter.

1054 1037 1210 1094 CAP.
1258 1034 1352 1093 Ill.

963 1153 1106 1220 Quid
1140 1161 1219 1209 est
1253 1149 1435 1207 Jesus.

480 1276 543 1330 Vi
592 1274 809 1345 quidem
862 1270 1262 1332 lntentionum,
1316 1281 1421 1336 qua
1474 1260 1723 1336 oporteat
1764 1277 1798 1319 a
1845 1259 2001 1317 nobis

406 1383 575 1421 llllllm
608 1365 714 1421 diei
750 1362 947 1417 Filium
981 1361 1098 1425 Dei,
1136 1357 1470 1414 tantumdem
1506 1364 1609 1422 est,
1644 1364 1699 1411 et
1725 1352 1999 1416 Christus,

405 1461 460 1505 et
488 1450 825 1512 Emmanuel,
853 1461 907 1503 et
944 1447 1137 1513 Jesus;
1164 1457 1220 1501 et
1267 1446 1322 1500 id
1365 1445 1582 1515 quidem
1628 1443 1783 1513 (ιιιηεὶ
1827 1458 1893 1496 ex
1946 1456 2005 1496 re

408 1559 605 1597 nomen
654 1553 735 1596 est
786 1540 1030 1595 factum:
1088 1558 1105 1590 ι
1141 1538 1259 1606 Ipse
1311 1536 1480 1600 enim,
1528 1534 1723 1603 inquit,
1774 1532 2005 1587 salvabit

407 1634 669 1704 populum
702 1648 857 1686 stium
885 1646 914 1685 a
946 1632 1185 1701 peccatis
1218 1632 1333 1685 suls
1363 1627 1429 1681 “.
1471 1645 1490 1681 ι
1535 1625 2003 1692 Quemadmodum

406 1728 552 1780 enim
586 1724 905 1778 Emmanuel
943 1721 1309 1791 signiﬁcabat,
1352 1734 1447 1788 per
1479 1718 1887 1790 generationem
1935 1731 2003 1770 ex

416 1818 647 1871 muliere
705 1816 990 1871 nobiscum
1040 1813 1244 1868 factum
1302 1811 1467 1865 fuisse
1509 1810 1601 1863 Dei
1640 1807 1911 1871 Verbum;
1950 1818 2006 1862 et

2105 645 2214 698 Deo
2255 654 2413 698 natus
2444 650 2529 698 est
2558 642 2744 696 Patre.
2782 638 2850 694 Et
2879 638 2932 693 id
2968 636 3127 691 nobis
3162 629 3577 690 evidentissime
3615 642 3707 679 sa—

2102 736 2479 806 pientissiums
2525 731 2722 786 Paulus
2769 728 3054 786 ostendit:
3091 745 3109 779 ι
3141 724 3360 780 Primus
3402 720 3575 783 enim,
3624 718 3708 771 in-

2100 828 2243 899 quit,
2276 826 2439 881 homo
2464 840 2530 881 ex
2555 835 2701 879 terra
2727 823 2794 877 de
2826 822 2990 884 limo;
3034 816 3311 874 secundus
3347 830 3380 869 ο
3415 812 3556 868 caelo
3580 808 3649 862 ”.
3682 826 3701 858 ι

2175 918 2338 989 Atqui
2376 916 2538 989 Virgo
2568 926 2757 973 sancta
2794 911 3010 983 peperit
3045 904 3306 981 templum
3359 905 3542 961 Verbo
3581 901 3706 955 nui-

2103 1022 2253 1078 tum;
2294 1012 2388 1067 sed
2418 1024 2451 1067 e
2479 1010 2621 1066 caelo
2662 1007 2883 1073 dicitur,
2918 1014 2973 1061 et
3027 1013 3177 1059 recte
3218 1002 3437 1071 quidem
3484 994 3709 1051 Emma-

2103 1104 2229 1160 nuel
2262 1105 2538 1174 :desuper
2575 1102 2719 1157 enim
2759 1109 2814 1156 et
2852 1115 2919 1155 ex
2962 1094 3271 1153 substantia
3314 1091 3407 1147 Dei
3450 1100 3506 1143 et
3530 1085 3707 1143 Patris

2102 1206 2290 1251 natum
2330 1205 2417 1251 est
2464 1194 2701 1249 Verbum
2745 1192 2915 1263 ipsius
2945 1208 2959 1245 :
2984 1186 3267 1244 descendit
3307 1200 3440 1240 vero
3471 1182 3539 1237 ad
3583 1194 3709 1243 nos,

2104 1297 2236 1342 tunc
2268 1303 2394 1342 cum
2425 1286 2628 1341 factum
2657 1292 2743 1339 est
2782 1283 2984 1346 homo;
3017 1289 3199 1335 tamen
3240 1277 3320 1332 sic
3357 1287 3579 1345 quoque
3608 1270 3709 1325 de-

2104 1398 2269 1453 super
2295 1390 2399 1436 est.
2428 1379 2688 1435 Testatus
2725 1385 2809 1432 est
2838 1384 3022 1430 autem
3059 1372 3222 1443 781
3256 1368 3500 1425 Joannes
3539 1368 3606 1421 de
3642 1379 3711 1420 eo

2105 1476 2292 1531 dicens
2339 1492 2351 1528 :
2405 1491 2423 1523 ι
2488 1472 2590 1538 Qui
2659 1470 2946 1525 desursum
3004 1466 3193 1530 venit,
3283 1476 3449 1531 supra
3518 1474 3712 1514 omnes

2105 1580 2188 1624 est
2210 1570 2277 1622 “.
2316 1587 2334 1618 ι
2377 1567 2444 1621 Et
2492 1567 2608 1636 ipse
2650 1564 2902 1620 Christus
2951 1561 3029 1615 ait
3074 1560 3142 1614 ad
3194 1556 3451 1629 populum
3496 1552 3711 1609 Judzeo-

2108 1677 2228 1716 rum
2255 1680 2269 1715 :
2302 1679 2320 1713 t
2353 1659 2460 1715 Vos
2501 1660 2756 1716 deorsum
2808 1655 2943 1710 estis
2965 1693 2981 1718 ,
3023 1667 3129 1723 ego
3165 1651 3404 1719 desuper
3447 1662 3566 1701 sum
3589 1645 3657 1696 ".
3688 1661 3707 1694 ι

2107 1754 2176 1809 Et
2214 1767 2403 1809 rursus
2431 1771 2443 1805 :
2479 1770 2497 1804 ‹
2533 1752 2645 1822 Ego
2671 1765 2778 1805 non
2805 1762 2931 1803 sum
2968 1761 3036 1801 ex
3078 1748 3180 1799 hoc
3212 1740 3413 1796 ntuudo
3435 1739 3506 1801 “,
3536 1756 3555 1790 ι
3587 1736 3714 1789 licet

2108 1862 2239 1917 pars
2260 1845 2445 1901 mundi
2471 1845 2613 1901 sicut
2638 1845 2804 1899 homo
2828 1848 3169 1909 nuncupatus
3195 1836 3291 1901 sit;
3318 1833 3413 1887 sed
3445 1840 3564 1885 erat
3590 1843 3711 1882 cum

407 1910 683 2006 Chriéms’
738 1907 863 1977 quia
891 1906 1077 2006 iam“?
1125 1905 1290 2006 limi")
1311 1946 1326 1968 ’
1372 1900 2004 2006 “news.diciwr.juna
2037 1922 2080 1978 Β
2111 1900 2232 1993 hoc
2252 1950 2472 2006 quoque
2519 1950 2686 2005 supra
2738 1900 3026 1986 mundum'
3054 1938 3112 1981 ut
3152 1925 3315 1979 Deus.
3366 1920 3716 1975 Meminimus

411 2016 512 2055 nos
559 1999 833 2053 humane:
888 1997 963 2051 ita
999 1997 1165 2051 etiam
1212 1994 1390 2060 Jesus,
1448 1995 1592 2063 quod
1635 1993 1867 2046 salvavit
1906 2007 2005 2047 nos

409 2107 569 2145 somn
600 2090 878 2161 populum,
901 2090 1046 2160 quod
1079 2089 1315 2143 maxime
1338 2102 1461 2143 eum
1485 2087 1829 2141 demonstrat
1878 2098 2008 2140 vere

408 2192 465 2235 et
501 2192 696 2235 natura
725 2183 969 2235 omnium
1010 2181 1319 2236 Dominum.
1352 2179 1540 2248 Neque
1584 2180 1728 2234 enim
1769 2177 2006 2233 hominis

411 2276 717 2329 communis
746 2284 997 2331 creatura
1028 2288 1151 2331 esse
1183 2275 1431 2340 dicatur;
1465 2275 1654 2329 deceat
1684 2281 1863 2326 autem
1892 2285 2009 2325 ma-

412 2368 496 2437 gis
540 2368 722 2423 omnia
795 2370 973 2424 dicere
1044 2383 1164 2425 esse
1212 2366 1523 2437 Unigeniti,
1563 2365 1665 2420 etsi
1717 2363 1894 2419 factus
1939 2363 2011 2418 sit

414 2460 600 2513 homo.

476 2542 643 2605 Dicet
678 2549 816 2605 forte
845 2550 1040 2620 aliquis
1069 2569 1082 2604 :
1116 2551 1277 2619 Atqui
1308 2548 1506 2621 llloysis
1531 2548 1708 2602 dictus
1733 2556 1816 2602 est
1844 2561 2009 2617 popu-

413 2642 499 2697 lus
532 2642 716 2697 lsrael.
756 2642 835 2696 Ad
876 2642 976 2697 hoc
1006 2643 1271 2703 dicemus,
1294 2642 1439 2710 quod
1468 2640 1562 2694 Dei
1589 2639 1813 2708 quidem
1842 2654 2013 2709 popu-

414 2734 500 2787 lus
539 2734 849 2789 nominatus
877 2735 968 2800 sit,
1012 2742 1065 2789 et
1108 2734 1160 2785 id
1202 2744 1323 2786 erat
1366 2748 1576 2787 verum.
1626 2729 1829 2785 Verum
1878 2745 2015 2799 quo-

418 2825 566 2879 niam
596 2825 662 2878 ad
700 2824 1057 2877 defectionem
1092 2822 1360 2876 deductus
1382 2832 1489 2886 e5t,
1532 2831 1586 2873 et
1621 2820 1848 2873 vitulum
1886 2815 2015 2871 fecit

417 2932 515 2985 per
544 2917 837 2981 desertum,
871 2915 1226 2969 inhonoratos
1252 2923 1335 2969 est
1358 2929 1383 2965 a
1418 2912 1565 2966 Deo:
1594 2927 1698 2965 non
1731 2911 1874 2963 enim
1900 2908 2012 2979 jam

418 3025 577 3063 smun
607 3008 889 3061 nominare
930 3006 1184 3075 populum
1232 3004 1579 3076 dignabatur,
1612 3002 1704 3057 sed
1739 3018 1862 3057 eum
1902 3001 2014 3071 jam

423 3100 628 3155 homini
657 3100 974 3154 destinavit.
1018 3098 1089 3152 At
1138 3113 1235 3151 nos
1288 3112 1393 3150 non
1450 3096 1567 3150 ita:
1621 3094 1825 3164 preprii
1869 3092 2013 3147 enim

422 3208 613 3246 sumus
647 3191 760 3255 lilii,
791 3206 856 3245 eo
884 3190 1028 3259 quod
1055 3199 1109 3242 et
1152 3189 1293 3253 Deus
1319 3188 1407 3252 sit,
1439 3197 1493 3241 et
1514 3202 1607 3256 per
1634 3187 1807 3253 ipsum
1832 3192 2014 3239 creata

2108 2032 2253 2086 enim
2281 2030 2439 2099 plane
2462 2028 2699 2083 dicentis
2729 2043 2744 2079 :
2779 2043 2797 2077 ι
2831 2023 2900 2077 Ει
2924 2036 3086 2076 nemo
3120 2016 3375 2073 ascendit
3403 2014 3456 2079 in
3488 2011 3713 2074 cadum,

2112 2123 2216 2179 nisi
2256 2123 2346 2192 qui
2386 2120 2669 2177 descendit
2710 2118 2776 2172 de
2809 2115 2951 2170 caslo
2982 2112 3152 2167 Filius
3188 2107 3426 2162 hominis
3450 2106 3518 2159 “.
3555 2124 3571 2154 ι
3611 2101 3717 2156 De—

2112 2215 2396 2271 scendisse
2442 2220 2626 2267 autem
2663 2208 2899 2264 dicimus
2926 2207 2993 2259 de
3044 2202 3185 2257 caelo
3224 2200 3422 2254 Filium
3455 2194 3716 2258 hominis,

2113 2322 2210 2376 per
2240 2306 2501 2359 unitatem
2537 2299 3024 2372 dispensatoriam,
3068 2294 3249 2350 Verbo
3290 2292 3567 2345 tribuente
3592 2302 3719 2356 pro-

2114 2401 2245 2471 prire
2280 2397 2432 2454 carni
2476 2395 2664 2467 gloriae
2689 2408 2802 2450 sua:
2842 2400 2898 2448 et
2931 2391 3127 2445 divinas
3169 2382 3474 2457 majestalis
3498 2378 3722 2436 claritu-

2116 2495 2322 2549 dinem.

2788 2599 2941 2656 CAP.
2981 2596 3050 2652 V.

2120 2722 2293 2789 Quam
2336 2720 2399 2775 ob
2438 2733 2658 2773 causam
2711 2715 3045 2795 exinanitum
3091 2712 3291 2767 dicitur
3324 2708 3421 2766 Dei
3472 2707 3724 2763 Verbum.

2190 2835 2416 2893 Plenum
2464 2836 2762 2892 secundum
2819 2843 3112 2896 naturam,
3166 2839 3220 2884 et
3266 2843 3336 2883 ex
3374 2826 3520 2882 omni
3569 2833 3728 2895 parte

2116 2927 2423 3001 perfectum
2471 2925 2643 2982 Deum
2696 2926 2959 2988 Verbum,
3004 2934 3058 2976 et
3111 2921 3445 2976 distribuens
3503 2932 3571 2971 ex
3625 2930 3724 2970 sua

2118 3018 2460 3090 plenitudine
2496 3015 2637 3071 bona
2681 3031 2779 3070 sua
2821 3024 3113 3079 creaturae,
3157 3027 3223 3067 eo
3250 3009 3394 3079 quod
3427 3008 3501 3061 ait
3533 3024 3547 3059 :
3580 3024 3598 3057 ι
3631 3004 3728 3059 Ef-

2120 3111 2343 3165 fundam
2390 3110 2456 3163 de
2488 3107 2696 3177 Spiritu
2744 3122 2866 3161 meo
2892 3120 3056 3176 super
3096 3118 3316 3160 omnem
3351 3114 3574 3156 carnem
3602 3099 3667 3151 ²³.
3707 3118 3725 3150 ι

2125 3204 2475 3258 Exinanitum
2511 3201 2784 3265 dicimus;
2822 3199 2958 3253 nihil
2991 3201 3045 3253 in
3080 3208 3273 3252 natura
3312 3194 3532 3266 propria
3560 3193 3733 3247 viola-

424 3286 536 3337 sint
567 3284 772 3338 omnia.
826 3282 902 3336 lla
937 3283 1084 3336 euint
1133 3283 1209 3334 ait
1258 3279 1466 3333 David:
1512 3297 1529 3329 ι
1592 3278 1859 3343 Quoniam
1904 3276 2020 3344 ipse
2047 3275 2089 3333 C
2127 3306 2266 3360 mm,
2310 3309 2432 3359 nec,
2467 3302 2526 3348 ιη
2567 3293 2727 3348 aliter
2775 3308 2834 3348 se
2881 3292 3129 3357 habere“
3161 3298 3580 3349 commulamm’
3631 3302 3735 3342 nec

428 3378 556 3432 lecit
588 3394 706 3444 nos,
734 3385 788 3431 et
811 3392 917 3430 non
955 3375 1058 3444 ipsi
1092 3390 1228 3440 nos;
1282 3388 1378 3426 nos
1411 3382 1592 3426 autem
1650 3370 1879 3439 populus
1918 3383 2017 3438 pa-

428 3484 573 3525 scua:
616 3469 755 3537 ejus,
789 3476 844 3522 et
876 3482 1006 3521 oves
1034 3480 1225 3519 manus
1262 3464 1378 3534 ejus
1407 3464 1470 3516 ¹⁵.
1504 3483 1521 3514 ι
1566 3461 1807 3530 Denique
1853 3461 2019 3516 etiam

430 3562 544 3629 ipse
584 3560 649 3615 de
688 3559 843 3613 nobis
868 3559 1006 3612 dixit
1033 3574 1048 3613 :
1079 3574 1098 3609 ι
1132 3555 1274 3611 Oves
1317 3569 1450 3608 mea:
1484 3568 1670 3606 vocem
1716 3566 1891 3605 meam
1920 3565 2022 3603 au—

429 3655 581 3709 diunt
618 3662 673 3707 et
700 3661 1000 3722 sequuntur
1022 3666 1107 3704 me
1133 3650 1196 3701 η.
1244 3668 1261 3701 ι
1294 3648 1364 3702 Ει
1407 3662 1629 3701 rursus:
1658 3663 1677 3695 ι
1720 3644 1872 3699 Alias
1894 3659 2025 3699 oves

431 3747 626 3809 habeo,
663 3762 780 3813 qua:
811 3760 914 3797 non
954 3751 1082 3796 sunt
1114 3758 1181 3795 ex
1214 3743 1316 3795 hoc
1358 3740 1507 3803 ovili,
1546 3747 1600 3792 et
1649 3738 1768 3791 illas
1811 3745 2027 3806 Oportet

432 3856 519 3893 me
542 3852 898 3908 congregare,
925 3846 976 3890 et
1007 3837 1094 3888 lict
1121 3850 1259 3887 unus
1281 3848 1433 3903 grex,
1460 3842 1513 3885 et
1537 3846 1677 3884 unus
1700 3840 1887 3900 pastor
1906 3830 1970 3882 ”.
2002 3848 2021 3880 ι

434 3933 724 3986 Mandabat
763 3940 942 3983 autem
969 3928 1137 3982 etiam
1170 3927 1327 3980 beato
1356 3924 1514 3978 Petro
1544 3938 1555 3971 :
1591 3942 1610 3975 ι
1646 3923 1833 3976 Simon
1863 3921 2029 3976 Jonn-

435 4026 556 4091 nis,
608 4038 759 4077 amas
812 4021 934 4076 me?
991 4020 1159 4075 Pasce
1210 4031 1376 4088 agnos
1436 4032 1587 4073 mcos
1620 4050 1638 4081 ,
1678 4030 1844 4085 pasce
1900 4029 2031 4070 oves

436 4131 583 4171 meas
614 4115 677 4169 ⁸⁸.
721 4133 739 4166 ι

1080 4224 1236 4280 CAP.
1282 4222 1371 4278 ιν.

502 4344 675 4410 Quam
712 4343 772 4395 ob
801 4356 1015 4395 causam
1047 4339 1143 4393 Dei
1187 4337 1407 4391 Verbum
1448 4337 1644 4389 dictum
1684 4336 1752 4389 sit
1785 4337 1957 4390 homo.

508 4457 678 4509 llotno
715 4453 1051 4508 nominatum
1089 4460 1193 4515 est,
1345 4448 1665 4519 Ἀνθρωπος
1695 4448 2032 4517 ὠνόμασται,

439 4564 560 4601 cum
591 4548 663 4600 sit
700 4556 887 4600 natura
922 4546 1080 4607 Deus,
1107 4544 1197 4598 Dei

441 4638 617 4693 l‘atris
640 4637 875 4691 Verbum
904 4653 917 4689 :
942 4638 1196 4704 quoniam

439 4735 689 4788 similiter
761 4747 825 4785 ac
885 4747 983 4785 nos
1074 4745 1199 4784 sau-

440 4826 586 4895 guini
663 4822 1083 4878 emuntuuicavit
1145 4830 1199 4874 et

440 4918 591 4972 carni
658 4916 722 4968 ".
784 4914 873 4968 Sic
912 4916 1054 4968 enim
1095 4922 1199 4967 ter-

442 5011 588 5065 renis
610 5009 879 5077 apparuit,
906 5023 1010 5061 tton
1043 5007 1201 5060 amit-

445 5113 564 5156 tens
620 5103 671 5155 id
715 5102 857 5171 quod
908 5110 1061 5164 erat,
1108 5101 1202 5154 sed

442 5210 729 5249 assumens
846 5192 1204 5247 humanitatis

446 5298 695 5341 naturam
760 5286 811 5340 in
846 5300 939 5341 sua
996 5286 1206 5340 ratione

444 5381 763 5449 perlectam.

1273 4537 1452 4589 καίτοι
1496 4536 1639 4590 κατὰ
1664 4537 1826 4606 φύσιν
1863 4538 2040 4607 ὑπάρο

1273 4650 1381 4701 χων
1407 4630 1563 4695 Θεὸς,
1592 4633 1620 4683 ὁ
1659 4633 1724 4684 ὲκ
1760 4631 1896 4684 Θεοῦ
1930 4634 2041 4685 Πα-

1272 4722 1400 4791 τρὸς
1433 4723 1625 4790 Λόγος,
1664 4723 1740 4787 ὡς
1781 4741 2042 4795 peream-

1278 4814 1389 4876 κὼς
1421 4815 1674 4886 αἵματος,
1712 4818 1803 4869 καὶ
1837 4817 2039 4882 σαρκὸς

1282 4909 1679 4979 παραπλησίως
1696 4911 1848 4978 ἡμῖν.
1862 4910 2040 4981 "Quen

1276 5002 1385 5073 γὰρ
1440 5002 1583 5056 οὕτω
1627 5007 1737 5068 τοῖς
1786 5007 1878 5057 ἐπὶ
1912 5006 2037 5074 γῆς,

1277 5099 1369 5149 καὶ
1426 5098 1486 5149 οὐ
1536 5098 1720 5169 μεθεὶς
1765 5098 1901 5167 ὅπερ
1950 5093 2041 5167 ἦν,

1278 5190 1391 5243 ἀλλ’
1428 5192 1485 5242 ὲν
1531 5191 1834 5263 προσλήψει
1880 5208 2041 5259 γεγο-

1277 5282 1383 5347 νὼς
1429 5284 1527 5354 τῆς
1581 5284 1701 5336 καθ’
1744 5287 1890 5355 ἡμᾶς
1949 5287 2043 5339 ἀν-

1281 5378 1309 5429 θ
1323 5378 1878 5447 ρωπότητος,τελείως
1896 5380 2022 5448 ἐχού
2034 5407 2049 5418 -

1282 5490 1383 5542 σης
1410 5474 1551 5526 κατὰ
1581 5474 1672 5527 τὸν
1704 5475 1833 5528 ἴδιον
1862 5475 2040 5542 λόγον.

522 5561 913 5618 Verumtamen
962 5574 1016 5619 et
1064 5565 1113 5617 in
1166 5565 1503 5620 humanitate
1546 5567 1685 5621 Deus
1724 5571 1944 5633 mansit,
1989 5581 2045 5624 ct

521 5744 561 5773 ¹³
599 5743 739 5796 i'sal.
768 5758 910 5810 xmx,
939 5744 991 5795 5.

451 5814 490 5844 "
532 5814 693 5866 llelit‘.
724 5829 781 5875 tt,
816 5816 895 5867 li.

454 5884 492 5914 τ’
526 5885 626 5938 lsa.
661 5901 802 5949 xm,
834 5886 883 5937 .3.

1104 5745 1143 5773 ¹’⁶
1181 5745 1366 5798 Matth.
1400 5762 1432 5799 t.
1462 5746 1553 5798 “ll.

976 5816 1019 5844 ²⁰
1056 5814 1069 5865 Ι
1102 5817 1223 5868 (λη’.
1259 5833 1343 5877 Μ’,
1388 5816 1461 5868 ίὸ.

961 5888 1004 5915 ’⁸
1037 5888 1051 5937 I
1085 5888 1206 5941 (Lor.
1242 5904 1351 5954 uti,
1375 5885 1423 5955 ὅ,
1458 5889 1509 5942 ti.

1544 5820 1581 5846 "
1619 5817 1775 5874 .loan.
1808 5835 1881 5881 Ill,
1916 5820 2000 5873 51.

1664 5747 1703 5777 ’δ
1743 5746 1881 5800 Psal.
1915 5764 2056 5813 λαις,
2086 5749 2136 5800 fi.
2262 5752 2301 5779 ¹⁶
2338 5750 2490 5805 Juno.
2522 5770 2572 5807 χ.
2599 5750 2687 5805 ‘27.

2100 5822 2142 5851 ’³
2178 5819 2332 5877 Joan.
2370 5838 2484 5883 \ttt,
2512 5823 2600 5877 ‘25.

2088 3408 2091 3409 ν
2130 3385 2359 3441 inferius
2392 3400 2458 3439 ex
2490 3384 2595 3438 ulla
2620 3393 2775 3454 parte
2796 3382 3001 3435 factum
3028 3379 3482 3435 :inconvertibile
3509 3377 3656 3435 enim
3681 3387 3738 3433 et

2130 3472 2470 3531 immutabile
2509 3482 2593 3530 est
2638 3476 2814 3543 ipsum
2851 3488 3102 3543 quoque,
3152 3471 3296 3525 sicut
3338 3479 3395 3523 et
3446 3478 3739 3539 generator

2131 3569 2327 3637 ipsius,
2381 3574 2436 3621 et
2513 3580 2788 3634 nunquam
2844 3563 2944 3618 fuit
3000 3561 3274 3632 passionis
3326 3562 3490 3615 ullius
3542 3576 3738 3631 capax.

2132 3660 2361 3727 Quando
2392 3672 2521 3712 vero
2556 3657 2763 3712 factum
2797 3656 2898 3709 l'uit
2924 3670 3076 3723 caro,
3114 3655 3164 3708 id
3196 3663 3281 3709 est
3329 3654 3515 3715 homo,
3551 3655 3741 3705 buma-

2134 3753 2326 3806 nitatis
2363 3760 2741 3819 paupertatem
2792 3749 3068 3817 propriam
3126 3746 3229 3800 sibi
3282 3745 3427 3799 fecit.
3473 3743 3743 3812 Primum,

2134 3847 2277 3917 quod
2310 3844 2479 3898 semel
2520 3844 2683 3897 homo
2710 3842 2783 3897 sit
2814 3842 3013 3905 factus,
3055 3841 3159 3894 etsi
3196 3838 3523 3893 remanserit
3554 3836 3698 3890 Deus
3729 3859 3741 3893 ;

2137 3938 2337 3993 deinde
2364 3936 2507 4007 quod
2542 3936 2682 3990 servi
2717 3936 2949 3989 formam
2986 3932 3288 4001 acceperit,
3316 3929 3407 3998 qui
3445 3930 3743 3983 secundum

2138 4046 2293 4084 suam
2345 4039 2594 4083 naturam
2652 4028 2791 4081 liber
2836 4035 2942 4091 est,
2990 4035 3178 4093 utpote
3223 4023 3417 4079 Filius.
3456 4023 3635 4093 Atque
3669 4022 3744 4075 ita

2140 4135 2261 4173 cum
2295 4118 2367 4173 sit
2409 4121 2522 4186 ipse
2558 4118 2743 4187 gloria:
2773 4115 3054 4179 Dominus,
3086 4116 3314 4185 gloriam
3360 4116 3561 4169 dicitur
3591 4114 3746 4168 acci-

2141 4225 2307 4279 pere;
2346 4226 2468 4264 cum
2503 4210 2573 4263 sit
2617 4209 2731 4279 ipse
2768 4210 2899 4273 vita,
2934 4207 3195 4261 viviticari
3234 4206 3571 4276 perhibetur.
3609 4216 3663 4260 et
3694 4206 3746 4260 in

2142 4317 2333 4357 omnes
2358 4303 2558 4371 accipit
2584 4310 2934 4371 potestatem,
2960 4316 3081 4354 cum
3114 4300 3181 4353 sit
3209 4302 3323 4368 ipse
3348 4314 3438 4352 rex
3468 4298 3746 4365 oumium;

2144 4411 2378 4464 eumque
2408 4395 2519 4450 Deo
2542 4397 2612 4450 sit
2638 4395 2869 4464 :equalis
2901 4393 3073 4459 Patri,
3104 4393 3363 4448 obedieus
3391 4391 3494 4445 fuit
3526 4407 3747 4446 erucem

2147 4503 2359 4559 passus,
2399 4498 2452 4540 et
2492 4498 2709 4539 caetera.
2742 4485 2945 4539 Verum
2981 4500 3104 4539 cum
3153 4486 3267 4538 iure
3302 4482 3518 4553 quidem
3552 4482 3749 4535 huma-

2150 4581 2335 4634 nitatis
2375 4594 2647 4633 mensura:
2702 4579 3033 4632 conveniant
3062 4617 3075 4640 ,
3114 4594 3175 4631 ea
3230 4586 3410 4629 tamen
3455 4572 3747 4629 {attuli-aria

2073 4644 2117 4700 θ
2149 4673 2299 4727 ducit
2349 4689 2470 4727 esse
2517 4687 2639 4725 cum
2695 4686 2889 4736 carne,
2932 4680 2986 4723 et
3022 4670 3211 4739 implet
3258 4669 3747 4739 dispensationem,

2150 4782 2378 4820 mancus
2406 4766 2547 4836 quod
2580 4772 2719 4819 erat.

2804 4878 2956 4935 CAP.
3003 4877 3094 4932 Vl.

2512 4992 2789 5058 Quomodo
2826 5010 2963 5045 unus
3002 5002 3077 5045 est
3117 4990 3383 5045 Christus.

2222 5105 2450 5160 Divinos
2488 5103 2691 5160 Paulus
2733 5106 2925 5161 scribit
2959 5124 2968 5157 :
3013 5124 3030 5156 ι
3078 5105 3190 5159 Etsi
3233 5113 3357 5158 sunt
3397 5106 3471 5158 dii
3508 5104 3659 5159 multi
3697 5114 3752 5158 et

2152 5200 2354 5253 domini
2396 5199 2547 5252 multi
2597 5200 2649 5252 in
2683 5200 2845 5265 caelo,
2876 5209 2930 5251 et
2964 5198 3016 5251 in
3052 5210 3233 5265 terra;
3283 5199 3375 5252 sed
3423 5198 3579 5251 nobis
3612 5214 3751 5251 unus

2150 5293 2292 5347 Deus
2324 5293 2504 5352 Pater.
2552 5308 2618 5347 ex
2652 5309 2758 5360 quo
2799 5294 3003 5353 omnia,
3045 5302 3097 5344 et
3148 5280 3339 5345 nos'ex
3389 5307 3489 5353 eo;
3520 5300 3573 5344 et
3611 5306 3752 5344 unus

2150 5385 2413 5438 Dominus
2456 5383 2617 5439 Jesus
2654 5384 2932 5448 Christus,
2982 5400 3078 5452 per
3114 5400 3273 5451 quem
3312 5385 3520 5446 oumia,
3556 5392 3609 5434 ct
3654 5397 3753 5436 nos

2143 5494 2240 5545 per
2261 5493 2384 5531 eum
2410 5478 2474 5531 “.
2512 5496 2528 5529 ›
2561 5478 2629 5530 At
2653 5494 2782 5533 vero
2808 5477 3247 5545 sapientissiums
3274 5474 3514 5529 Joannes
3538 5478 3604 5529 de
3640 5474 3751 5529 Deo

2148 5571 2322 5626 Verbo
2349 5572 2505 5637 dixit,
2543 5574 2685 5641 quod
2726 5591 2743 5621 ‹
2779 5572 2957 5623 orrmia
2989 5586 3083 5639 per
3115 5571 3289 5639 ipsum
3330 5570 3468 5623 facta
3510 5579 3657 5633 sunt,
3691 5579 3747 5623 et

2796 5752 2837 5780 ”
2881 5750 3011 5805 Ibid.
3049 5748 3130 5802 l6.

2716 5823 2757 5853 ³³
2788 5822 2943 5878 Joan.
2976 5838 3084 5887 λιν,
3121 5821 3200 5873 l0.

3246 5748 3288 5777 ”
3324 5744 3482 5800 .loau.
3513 5745 3742 5810 xx1,l7.

3282 5820 3323 5849 ’³
3357 5817 3513 5874 δυιιιι.
3542 5833 3627 5883 tu,
3658 5816 3747 5873 l3.
