4058 6328
448 404 589 457 ιοιδ

442 616 555 661 tem
595 608 785 663 beatus
817 608 1039 665 Gabriel
1080 617 1284 666 sanctae
1319 610 1523 689 Virgini
1566 612 1755 669 dicens
1784 631 1799 668 :
1836 633 1855 666 ι
1881 614 2023 671 Ecce

443 700 719 769 ooncipies
752 701 805 754 in
835 709 1013 767 utero,
1046 710 1100 759 et
1131 703 1312 772 paries
1340 704 1562 772 Filium,
1592 714 1648 760 et
1680 705 1902 763 vocabis
1928 722 2023 763 no-

442 805 566 846 men
603 793 721 861 ejus
761 790 944 847 Jesunt
968 792 1035 847 ".
1066 813 1083 846 ι
1114 792 1249 849 Cutn
1296 794 1457 865 igitur
1491 811 1589 866 per
1617 795 1895 854 Christum
1934 796 2023 855 Je-

442 900 561 938 sum
589 884 770 939 omnia
801 884 1021 942 divinus
1049 885 1249 942 Paulus
1277 886 1420 943 facta
1435 902 1559 945 esse
1590 898 2017 959 commemoret;

444 975 731 1031 conllrmet
757 985 937 1032 autem
966 978 1072 1031 vim
1098 978 1404 1044 sententia,
1431 986 1487 1035 et
1506 978 1756 1050 opiﬁcem
1776 980 2021 1036 omnium

442 1066 615 1123 fuisse
653 1068 821 1123 Deum
849 1068 1209 1139 evangelizet,
1244 1084 1362 1126 rem
1394 1084 1579 1127 veram
1626 1070 1817 1128 dicens
1845 1087 2016 1128 evan-

440 1159 635 1229 gelista
681 1160 931 1229 divinus;
965 1161 1210 1234 designet
1241 1172 1422 1219 autem
1468 1164 1632 1219 etiam
1681 1164 1859 1233 angeli
1890 1179 2015 1230 vos,

440 1264 571 1305 vere
593 1266 658 1306 es
685 1260 871 1306 sancta
900 1249 1119 1321 Virgine
1145 1262 1330 1308 natum
1360 1267 1482 1309 esse
1511 1253 1694 1309 Jesum
1718 1254 2018 1320 Christum,

443 1355 547 1395 nec
580 1341 788 1410 absque
814 1340 1155 1398 humanitate
1183 1343 1535 1415 intelligimus
1558 1343 1725 1400 Deum
1746 1344 2020 1413 Verbum;

440 1432 535 1487 sed
571 1448 738 1488 unum
770 1432 999 1489 dicimus
1027 1450 1095 1491 es
1135 1436 1401 1493 ambobus
1443 1435 1720 1504 eﬂectum,
1768 1447 1824 1493 et
1854 1439 2018 1495 Deum

441 1526 716 1581 hominem
761 1524 987 1593 factum,
1032 1527 1283 1592 eumdem
1318 1543 1385 1585 es
1434 1527 1617 1595 Patre,
1661 1538 1720 1585 ut
1762 1529 2020 1598 Verbum,

441 1626 633 1671 natum
664 1616 872 1683 divine,
900 1626 957 1673 et
976 1632 1043 1673 ex
1073 1618 1302 1675 muliere
1328 1619 1589 1687 humane,
1615 1629 1673 1675 ut
1694 1621 1972 1678 hominem
2002 1642 2017 1679 :

440 1720 548 1762 non
595 1716 849 1777 tanquam
896 1717 954 1764 ut
988 1709 1285 1765 secundum
1312 1710 1637 1767 substantia:
1674 1711 1885 1766 initium
1922 1727 2018 1769 vo-

441 1808 626 1853 catum
660 1808 787 1854 tunc
821 1814 945 1855 cum
991 1804 1286 1857 secundum
1322 1815 1543 1857 carnem
1584 1802 1783 1859 dicitur
1819 1814 2012 1871 natus;

1474 401 1532 459 S.
1573 400 1845 460 CYRILLI
1886 401 2358 459 ALEXANDRINI
2399 400 2715 459 ARCHIEP.

444 518 649 585 absque
688 532 755 572 eo
797 516 1000 572 factum
1031 524 1117 572 est
1148 517 1281 575 nihil
1311 518 1377 573 ι’.
1410 537 1430 572 ι
1466 518 1889 591 Evangelisabat
1928 537 2025 577 au-
2052 526 2101 584 Α

3582 396 3606 450 l
3615 395 3731 453 376‘

2764 515 2923 575 CAP.
2960 515 3072 573 VII.

2447 613 2724 681 Quomodo
2769 626 2905 666 unus
2939 620 3015 664 est
3058 605 3390 663 Emmanuel.

2184 703 2503 761 Novissimis
2552 702 2768 760 mulis
2825 700 2968 757 Deus
3018 699 3253 755 Verbum
3306 701 3470 757 homo
3515 700 3718 756 dicitur

2122 795 2327 861 factus,
2376 802 2450 863 et,
2501 796 2644 851 sicut
2687 796 2763 850 ait
2799 791 3018 849 divinus
3058 791 3280 855 Paulus,
3310 808 3339 843 τ
3370 807 3469 863 per
3504 790 3718 847 sacriﬁ-

2123 889 2265 945 cium
2316 901 2473 943 suum
2509 886 2892 943 mauil‘estatus
2936 881 3109 938 est“.
3143 900 3162 932 ι
3204 881 3269 937 Ει
3313 884 3586 952 quodnam
3632 890 3717 936 est

2123 976 2504 1034 sacriﬁcium?
2538 996 2557 1030 ι
2591 975 2763 1031 Suum
2795 974 2939 1029 enim
2963 987 3166 1042 corpus
3189 970 3389 1027 obtulit
3427 988 3527 1043 pro
3558 971 3717 1026 nobis

2124 1066 2179 1123 in
2213 1069 2436 1124 odorem
2481 1064 2773 1121 suavitatis
2817 1063 2928 1120 Deo
2977 1071 3032 1119 et
3071 1060 3245 1126 Patri,
3292 1070 3347 1117 et
3380 1061 3609 1117 intravit
3658 1062 3717 1116 in

2123 1167 2311 1215 sancta
2362 1156 2553 1224 semel,
2604 1172 2711 1212 non
2762 1170 2859 1226 per
2908 1156 3228 1226 sanguinem
3278 1154 3578 1221 hircorum,
3622 1163 3720 1208 aut

2123 1259 2424 1317 taurorum,
2456 1250 2553 1306 sed
2588 1263 2685 1319 per
2715 1264 2874 1304 suum
2917 1248 3264 1318 sanguinem.
3295 1246 3388 1301 Sic
3414 1244 3562 1301 enim
3591 1259 3716 1300 cre-

2125 1342 2376 1399 dentibus
2411 1343 2464 1397 in
2508 1357 2568 1398 se
2613 1340 2990 1397 remissionem
3034 1344 3087 1395 in
3132 1350 3399 1394 aeternum
3438 1351 3719 1406 compara-

2127 1434 2204 1488 vit
2229 1433 2293 1486 ⁸¹.
2332 1450 2351 1484 ι
2403 1432 2551 1504 Ergo
2593 1431 2813 1503 plurimi
2851 1432 3071 1504 quidem
3128 1441 3256 1487 ante
3309 1430 3486 1502 ipsum
3535 1432 3715 1486 sancti

2123 1527 2314 1593 fuere;
2362 1527 2457 1582 sed
2495 1538 2658 1581 nemo
2684 1537 2871 1580 eorum
2903 1522 3226 1579 Emmanuel
3270 1522 3580 1578 nominatus
3607 1531 3711 1577 est.

2123 1618 2298 1687 Quam
2343 1618 2414 1673 ob
2458 1616 2729 1674 causam?
2764 1614 3016 1673 Nondum
3059 1616 3205 1672 enim
3237 1623 3462 1671 venerat
3506 1625 3718 1685 tempus

2121 1724 2230 1780 quo
2258 1710 2479 1766 deberet
2509 1723 2633 1764 esse
2675 1707 2981 1774 nobiscum,
3032 1708 3084 1763 id
3112 1718 3217 1773 est,
3249 1707 3303 1762 in
3347 1715 3589 1764 nostram
3622 1721 3719 1762 ve.

2122 1803 2243 1858 nire
2269 1813 2523 1858 naturam
2552 1814 2650 1872 per
2682 1815 2933 1866 carnem,
2963 1800 3011 1856 is
3048 1800 3140 1870 qui
3168 1809 3253 1855 est
3282 1800 3430 1854 omni
3463 1800 3719 1869 superior

442 1888 537 1944 sed
570 1898 755 1945 uatum
788 1892 1004 1961 quidem
1041 1900 1168 1949 ante
1190 1893 1373 1949 omnia
1405 1894 1625 1960 saecula,
1668 1895 1906 1952 instante
1935 1904 2021 1952 ta-
2053 1879 2095 1935 Β
2126 1901 2398 1949 creatura.
2450 1890 2601 1948 Unus
2634 1890 2797 1962 igitur
2840 1890 3185 1957 Emmanuel,
3233 1890 3402 1947 semel
3442 1891 3590 1946 enim
3637 1890 3721 1944 fa-

440 1994 563 2035 men
610 1988 879 2051 tempore,
921 1997 1031 2053 quo
1072 1982 1337 2039 debuerat
1384 1985 1613 2057 implere
1659 1986 2023 2057 dispensatio—

441 2085 588 2136 nem,
624 2080 809 2127 natum
857 2074 1023 2129 etiam
1061 2088 1127 2129 es
1169 2074 1399 2132 muliere
1434 2076 1733 2133 secundum
1776 2094 2020 2137 carnem.

444 2158 633 2233 [Ergo,
656 2161 763 2217 etsi
797 2161 889 2217 alii
920 2162 1084 2218 simili
1118 2164 1483 2235 appellatione
1526 2169 1700 2222 vocati
1730 2179 1855 2224 sunt
1883 2171 2027 2227 chri-

440 2253 533 2316 ιιι,
563 2265 703 2307 unus
735 2260 916 2307 tamen
965 2262 1051 2308 est
1089 2267 1187 2325 per
1215 2269 1377 2326 quem
1425 2258 1632 2323 omnia,
1659 2257 1824 2315 Jcsus
1854 2260 2020 2316 Chri-

436 2351 593 2408 stus;
644 2348 749 2397 ndn
784 2344 928 2413 quod
969 2346 1135 2401 homo
1167 2345 1242 2401 sit
1289 2345 1465 2403 factus
1508 2349 1689 2419 cpifes
1729 2351 2020 2425 omnium]

436 2433 530 2488 scd
578 2436 723 2505 quod
756 2434 901 2492 Deus
942 2435 1219 2493 Verbum:
1258 2458 1277 2492 ι
1308 2439 1410 2495 Per
1443 2457 1602 2511 quem
1650 2444 1832 2499 omnia
1876 2443 2019 2501 facta

435 2535 586 2589 sunt,
640 2525 891 2581 similiter
939 2540 1005 2581 ac
1055 2542 1157 2583 nos
1204 2529 1548 2601 participarit
1596 2535 1746 2589 carni
1793 2544 1848 2590 et
1896 2551 2024 2591 sano

436 2617 585 2687 guini
608 2619 675 2683 ”,
710 2635 728 2668 ι
760 2628 816 2674 et
843 2630 1184 2689 nuncupatus
1210 2623 1283 2678 sit
1316 2624 1501 2690 homo,
1546 2642 1650 2681 non
1684 2637 1865 2683 tamen
1896 2644 2023 2699 per-

436 2704 638 2788 diderit
663 2721 807 2773 esse,
841 2710 983 2778 quod
1009 2720 1130 2765 erat
1162 2728 1175 2764 :
1210 2713 1285 2768 ita
1312 2715 1459 2769 enim
1493 2726 1547 2770 et
1579 2717 1629 2771 in
1658 2731 1825 2774 carne
1849 2717 2024 2775 factus

442 2796 764 2872 intelligitur
820 2804 1017 2861 merito
1048 2806 1231 2878 opifex
1260 2788 1525 2864 omnium.

958 3139 1122 3213 ἰω
1152 3139 1305 3196 CAP.
1350 3140 1488 3197 vm.

719 3252 894 3321 Quom
928 3270 1041 3310 esse
1078 3257 1304 3311 dicimus
1334 3256 1734 3311 adunatioueut.

512 3387 591 3457 (l)
628 3387 899 3444 Adunatio
922 3390 1105 3445 multis
1122 3390 1298 3447 modis
1318 3389 1572 3461 impletur
1594 3390 1855 3460 :sejuncti
1876 3390 2020 3445 enim

439 3480 684 3535 nonnulli
718 3480 915 3537 aﬂectu
955 3482 1040 3537 vel
1069 3482 1367 3547 voluntate,
1394 3492 1449 3537 et
1482 3484 1856 3538 discordantes
1883 3484 2025 3538 inter

438 3587 520 3635 se.
560 3573 789 3628 adunari
834 3573 1114 3641 dicuntur,
1153 3589 1255 3643 per
1307 3574 1804 3631 reconciliationem
1847 3576 2024 3633 socia.

437 3662 575 3729 lem,
609 3666 855 3734 deposita
890 3665 1189 3721 simultate.
1242 3666 1483 3721 Adunari
1522 3667 1649 3722 item
1698 3667 1930 3723 dicimus
1958 3684 2020 3723 ea

438 3768 561 3823 qua:
593 3753 698 3809 sibi
734 3753 1201 3825 conglutinantur,
1229 3754 1346 3811 sive
1373 3754 1550 3811 modis
1580 3755 1702 3811 aliis
1728 3756 2020 3812 conferuu-

440 3854 554 3911 tur,
582 3854 676 3899 aut
705 3860 803 3915 per
823 3847 1303 3916 compositionem,
1328 3856 1421 3901 aut
1445 3860 1540 3917 per
1568 3848 1899 3916 mistionem,
1928 3858 2023 3905 aut

438 3953 539 4007 per
570 3937 1036 4008 temperationem.
1066 3936 1298 4007 aQuoties
1337 3949 1517 3993 autem
1561 3939 1860 3995 adunatum
1900 3954 2024 3997 esse

440 4038 640 4086 nostra:
670 4039 875 4085 natura:
908 4028 1002 4086 Dei
1034 4030 1272 4087 Verbum
1305 4030 1555 4095 dicimus,
1584 4032 1736 4087 omni
1776 4031 2019 4088 humana

438 4122 767 4193 cogitatione
788 4123 1135 4179 adunationis
1161 4120 1280 4192 ejus
1313 4122 1504 4179 modus
1529 4122 1749 4179 videtur
1768 4136 1895 4181 esse
1925 4140 2021 4179 su-

438 4214 642 4284 perior.
678 4212 866 4285 Neque
896 4215 1041 4270 enim
1076 4230 1173 4286 per
1198 4230 1361 4285 supra
1389 4214 1630 4285 scriptos
1665 4215 1857 4273 modos
1878 4214 2019 4273 tacta

438 4310 525 4357 est
565 4316 767 4357 arcana
816 4301 927 4369 illa,
966 4311 1023 4358 et
1065 4303 1198 4358 nulli
1235 4301 1453 4372 penitus
1495 4312 1647 4370 uota,
1695 4304 1799 4361 nisi
1846 4307 1895 4360 ei
1933 4306 2020 4362 cui

436 4392 621 4448 omnia
650 4402 774 4449 nota
802 4401 952 4461 sunt,
982 4392 1135 4449 uuio.

2126 1991 2248 2038 ctus
2279 1992 2364 2039 est
2406 1984 2569 2039 homo
2618 1981 2966 2055 Unigenitus,
3010 1992 3140 2038 tunc
3168 1997 3293 2039 cum
3326 1998 3425 2053 per
3468 1993 3716 2039 sanctam

2127 2073 2409 2145 Virginem
2469 2074 2879 2145 generationem
2933 2074 3209 2130 carnalem
3274 2091 3567 2146 perpessus
3611 2088 3717 2132 est.

2127 2165 2345 2222 Dictum
2371 2175 2455 2222 est
2484 2165 2631 2222 enim
2668 2176 2724 2221 et
2772 2166 2839 2219 ad
2870 2164 3053 2221 Jesum
3085 2165 3255 2222 lilium
3282 2166 3434 2232 Nave
3460 2185 3474 2221 :
3510 2187 3529 2219 ι
3563 2167 3719 2235 Quod

2124 2271 2223 2313 ero
2271 2265 2450 2313 tecum
2473 2257 2537 2311 υ.
2575 2274 2594 2309 ι
2629 2257 2700 2310 At
2741 2272 2847 2311 non
2892 2268 3015 2312 erat
3064 2257 3154 2313 ille
3202 2257 3546 2314 Emmanuel.
3595 2258 3725 2313 Fuit

2126 2349 2293 2405 etiam
2325 2364 2449 2404 cum
2481 2348 2705 2421 Moyse;
2737 2351 2832 2404 sed
2864 2365 2965 2406 nec
3002 2348 3090 2405 ille
3120 2349 3441 2404 Emmanuel
3470 2350 3722 2405 nomina-

2127 2452 2214 2498 tus
2244 2450 2350 2498 est.
2387 2441 2559 2514 lgitur
2592 2441 2808 2512 quoties
2837 2442 3090 2497 audimus
3120 2455 3319 2497 nomen
3362 2439 3501 2495 Filio
3528 2441 3718 2496 datum

2126 2549 2271 2604 esse,
2329 2553 2349 2587 ι
2382 2536 2669 2590 uobiscum
2720 2534 2884 2600 Deus,
2916 2553 2935 2587 ι
2991 2533 3271 2604 sapienter
3322 2532 3717 2603 intelligamus.

2127 2641 2235 2682 nou
2277 2625 2350 2681 ita
2392 2626 2566 2695 ipsum
2595 2625 2767 2681 fuisse
2796 2626 3081 2682 nobiscum
3116 2626 3433 2681 novissimis
3460 2626 3723 2695 tempori-

2127 2717 2253 2786 bus,
2286 2719 2430 2773 sicut
2458 2718 2658 2772 dicitur
2684 2718 2979 2787 aliquando
3002 2716 3172 2773 fuisse
3193 2726 3317 2773 cum
3347 2718 3583 2774 sanctis:
3612 2718 3722 2775 illis

2127 2809 2272 2864 enim
2323 2819 2443 2864 erat
2488 2817 2698 2863 tantum
2742 2808 2995 2879 adjutor;
3038 2808 3321 2865 nobiscum
3372 2819 3554 2863 autem
3596 2807 3718 2872 fuit,

2127 2899 2183 2956 id
2209 2910 2313 2967 cst,
2343 2900 2520 2957 lactus
2539 2907 2625 2956 est
2654 2898 2853 2955 similis
2884 2901 3082 2965 nostri,
3115 2915 3237 2956 cum
3262 2916 3416 2957 suam
3452 2916 3556 2954 non
3584 2899 3722 2954 auti-

2129 2993 2291 3049 sisset
2330 3002 2576 3048 naturam
2605 3004 2621 3045 :
2650 3002 2733 3047 est
2767 2994 2913 3047 enim
2960 2992 3416 3059 inconvertibilis,
3463 3002 3523 3048 ut
3553 2992 3718 3048 Deus.

2732 3128 2986 3181 ΚΕΦΑΛ.
3028 3128 3110 3183 H'.

2288 3241 2446 3306 Τίνα,
2481 3241 2657 3311 φησι,
2680 3242 2939 3314 λέγομεν
2967 3238 3121 3298 εἶναι
3153 3242 3269 3312 τὴν
3301 3243 3545 3298 ἕνωσιν.

2195 3377 2270 3432 Τὸ
2305 3378 2405 3449 τῆς
2450 3378 2698 3442 ἑνώσεως
2728 3379 2921 3451 χρῆμα
2954 3379 3098 3434 κατὰ
3127 3379 3357 3444 πολλοὺς
3388 3379 3722 3434 ἐπιτελεῖται

2124 3467 2388 3539 τρόπους·
2434 3467 2755 3541 διῃρημένοι
2799 3470 2910 3543 γᾶρ
2950 3488 3099 3535 τινες
3139 3471 3283 3524 κατὰ
3326 3470 3561 3527 διάθεσιν
3625 3474 3723 3527 καὶ

2126 3558 2373 3632 γνώμην,
2409 3560 2505 3615 καὶ
2536 3561 2901 3631 διχονοοῦντες
2956 3563 3093 3635 πρὸς
3127 3563 3426 3634 ἀλλήλους,
3468 3562 3721 3618 ὲνοῦσθαι

2126 3651 2373 3721 λέγονται
2401 3652 2545 3708 κατὰ
2574 3652 2849 3723 σύμϐασιν
2870 3653 3113 3725 φιλικὴν,
3146 3655 3211 3708 ἑκ
3240 3654 3412 3726 μέσου
3437 3654 3723 3718 ποιοῦντες

2122 3744 2223 3809 τὰς
2260 3744 2557 3817 διαφοράς
2605 3743 2860 3798 ὲνοῦσθαι
2909 3745 2969 3798 δέ
3013 3762 3194 3816 φαμεν
3227 3748 3323 3801 καὶ
3367 3746 3436 3801 τὰ
3466 3746 3721 3817 ἀλλήλοις

2124 3837 2464 3910 κολλώμενα,
2497 3837 2668 3908 ἧγουν
2734 3836 3113 3907 συνηνεγμένα
3165 3837 3288 3893 καθ’
3340 3837 3562 3909 ἑτέρους
3594 3838 3722 3907 τρό-

2125 3944 2284 3993 πους,
2328 3927 2363 3999 ἢ
2409 3926 2553 3980 κατὰ
2589 3923 2915 3996 παράθεσιν,
2948 3925 2983 3995 ἢ
3024 3923 3191 3995 μίξιν,
3224 3926 3258 3996 ἢ
3304 3926 3504 3997 κρᾶσιν
3528 3941 3542 3956 ο
3587 3924 3721 3978 ὅταν

2125 4014 2221 4072 οὖν
2250 4016 2507 4072 ἑνοῦσθαι
2543 4015 2779 4087 λέγομεν
2810 4018 2878 4086 τῇ
2924 4014 3044 4069 καθ’
3091 4017 3241 4088 ἡμᾶς
3289 4016 3452 4086 φύσει
3492 4014 3586 4069 τὸν
3618 4013 3720 4070 τοῦ

2125 4108 2264 4164 Θωῦ
2288 4109 2485 4178 Λόγον,
2513 4107 2781 4179 κρείττων
2806 4107 3004 4178 ὁρᾶται
3033 4107 3135 4177 τῆς
3154 4106 3444 4179 ἀνθρώπου
3475 4107 3718 4171 διανοίας

2122 4201 2153 4253 ό
2174 4203 2274 4273 τῆς
2297 4198 2542 4264 ἑνώσεως
2566 4198 2763 4270 τρόπος
2788 4213 2801 4227 ·
2831 4197 2893 4250 οὐ
2922 4199 3031 4271 γάρ
3056 4217 3139 4253 τοι
3160 4200 3283 4254 καθ’
3310 4199 3406 4254 ἕνα
3432 4199 3544 4254 τῶν
3572 4202 3717 4271 είρηο

2126 4292 2305 4365 μένων
2360 4293 2543 4347 ἐστίν’
2594 4292 2911 4363 ἀπόρρητος
2942 4290 3000 4345 δὲ
3047 4293 3348 4361 παντελῶς,
3396 4294 3491 4348 καὶ
3534 4293 3716 4348 οὐδενὶ

2123 4387 2267 4459 τάχα
2293 4386 2404 4440 τῶν
2461 4386 2633 4441 ὄντων
2674 4384 3109 4456 διεγνωσμένος,
3141 4386 3280 4460 πλὴν
3320 4388 3403 4441 ὅτι
3435 4386 3582 4459 μόνῳ
3633 4387 3717 4457 τῷ

2125 4478 2303 4533 πάντα
2340 4477 2506 4533 εἰδότι
2532 4476 2671 4548 Θεῷ.

542 4568 612 4624 Et
659 4569 794 4626 nihil
856 4570 1085 4637 mirum,
1123 4569 1169 4627 si
1213 4569 1267 4625 in
1330 4569 1640 4640 huiusmodi
1692 4570 2022 4643 cogitatione

2199 4568 2309 4622 Kal.
2344 4567 2656 4639 θαυμαστὸν
2706 4570 2891 4635 οὐδὲν,
2929 4571 2979 4623 εί
3017 4568 3127 4623 τῶν
3185 4568 3442 4622 τοιούτων
3495 4567 3717 4621 ἐννοιῶν

436 4662 745 4729 vincantur,
792 4677 913 4717 cum
950 4676 1038 4718 res
1070 4673 1312 4730 nostras,
1357 4666 1630 4737 quomodo
1673 4680 1733 4722 se
1762 4665 2015 4731 habeant,

437 4752 803 4823 inquirentes,
847 4753 987 4809 ultra
1023 4758 1242 4811 modum
1273 4764 1474 4812 nostra
1520 4756 1717 4811 mentis
1752 4755 2015 4813 inventio-

2127 4658 2445 4733 ὴττώμεθασ
2481 4661 2573 4715 ὅτε
2604 4662 2673 4717 τὰ
2706 4662 2829 4717 καθ’
2866 4664 3015 4735 ἡμᾶς
3047 4661 3243 4725 αὐτοὺς
3297 4662 3447 4725 ὅπως
3488 4659 3556 4714 ἂν
3598 4660 3715 4731 ἔχοι

2126 4753 2567 4825 διερευνώμενοι,
2596 4757 2695 4826 τῆς
2746 4755 2979 4826 ἐνούσης
3020 4756 3153 4825 ἡμῖν
3183 4752 3421 4816 διανοίας
3452 4752 3716 4806 ἐπέκεινα

436 4861 561 4901 nem
604 4860 725 4901 esse
765 4847 1162 4915 conllteamur;
1195 4859 1548 4918 quonamque
1592 4847 1753 4903 modo
1778 4848 2017 4904 animam

2128 4845 2225 4916 τὴν
2256 4844 2563 4915 κατάληψιν
2587 4846 2962 4919 ὁμολογοῦμεν
2989 4843 3427 4919 ύπάρχειν.Τίνα
3452 4842 3560 4914 γὰρ
3590 4844 3712 4915 τρό-

437 4937 677 4994 ltominis
719 4953 818 4994 suo
850 4939 1068 5009 corpori
1104 4941 1395 4995 adunatam
1422 4953 1545 4996 esse
1574 4940 1863 5010 putemus?
1885 4940 2018 5007 Quis

2130 4953 2229 4990 πον
2260 4936 2504 5009 ἡνῶσθαι
2544 4937 2776 5009 νωῦμεν
2821 4938 2919 5010 τὴν
2952 4937 3048 4994 τοῦ
3097 4938 3389 5013 ἀνθρώπου
3428 4936 3608 5009 ψυχὴν
3635 4938 3715 5008 τῷ

434 5038 523 5085 est
554 5030 645 5099 qui
678 5028 730 5084 id
754 5030 926 5097 possit
954 5028 1304 5098 exprimere?
1326 5029 1431 5086 Sed
1466 5030 1509 5084 si
1541 5040 1755 5099 oportet
1784 5046 1897 5100 eos,
1924 5032 2013 5101 qui

2130 5028 2246 5100 ἰδίῳ
2272 5031 2521 5101 σώματι;
2556 5030 2652 5095 Τίς
2702 5032 2730 5085 ὁ
2768 5032 2975 5103 φράσαι
3019 5031 3351 5102 δυνάμενοςς
3378 5030 3441 5083 El
3476 5029 3534 5082 δὲ
3583 5030 3713 5101 χρὴ,

435 5135 600 5192 parva
634 5134 698 5175 ea
747 5120 835 5175 vix
887 5121 1191 5191 intelligere
1242 5123 1485 5189 soleant;
1535 5124 1643 5178 imo
1689 5135 1743 5179 et
1791 5140 1885 5181 eos
1923 5126 2014 5195 qui

2128 5123 2301 5196 μικρὰ
2336 5123 2431 5176 κού⁵
2451 5122 2603 5194 μόλις
2633 5125 2836 5179 ὲννοεῖν
2875 5125 3155 5189 εἰωθότας.
3181 5124 3277 5179 καὶ
3292 5122 3476 5177 λαλεῖν
3506 5122 3717 5191 ἰσχύον-

437 5212 648 5268 valeant
683 5212 1007 5283 intelligere,
1054 5223 1162 5269 tam
1194 5215 1421 5271 subtiles
1456 5231 1541 5271 res
1578 5227 1632 5271 et
1660 5231 1874 5272 omnem
1924 5233 2014 5273 ra-

2128 5233 2251 5284 τας,
2286 5216 2395 5271 τῶν
2429 5215 2602 5280 οὕτως
2656 5218 2852 5288 ἰσχνῶν
2877 5260 2891 5284 ,
2931 5218 3025 5271 καὶ
3072 5216 3213 5288 ὑπὲρ
3264 5214 3391 5269 νοῦν
3427 5214 3523 5267 καὶ
3557 5212 3717 5281 λόγον

436 5308 640 5361 tionem
688 5306 1141 5364 transcendentcs
1190 5307 1499 5377 conjectare
1539 5330 1550 5365 :
1585 5312 1818 5367 dicimus
1870 5313 2012 5382 quod

2128 5310 2469 5381 πραγμάτων
2491 5311 3038 5385 κατατεκμήρασθαι,
3066 5308 3270 5379 φαμὲν,
3296 5310 3375 5361 ὅτι
3411 5306 3611 5378 πρέποι
3646 5304 3717 5359 ἂν

437 5397 627 5454 deceat
660 5398 904 5468 cogitare
933 5399 1209 5470 (quamvis
1255 5403 1433 5473 minor
1465 5402 1535 5457 sit
1563 5403 1738 5458 oratio
1768 5401 1835 5457 ad
1872 5403 2010 5457 veri-

2128 5406 2350 5460 ἱννοετν·
2384 5402 2553 5477 μείων
2571 5407 2629 5463 δὲ
2662 5406 2882 5470 πάντως
2907 5405 3007 5475 τῆς
3038 5403 3296 5475 ἀληθείας
3320 5404 3349 5457 ό
3376 5402 3531 5471 λόγος
3551 5416 3564 5430 ·
3596 5415 3716 5453 τοι-

506 5628 549 5659 ⁸⁷
582 5626 733 5685 Joan.
783 5646 820 5697 ι,
875 5630 929 5685 3.
1024 5632 1067 5664 ”
1100 5629 1229 5688 Luc.
1284 5648 1321 5697 ι,
1347 5633 1435 5687 51.
1540 5634 1584 5664 ¹⁹
1620 5634 1780 5690 llclu'.
1837 5650 1893 5701 tt.
1952 5634 2022 5689 ll,

2140 5633 2184 5665 ³ο
2220 5632 2383 5691 Hebr.
2416 5650 2491 5699 ix,
2526 5635 2609 5691 l2.
2727 5635 2763 5663 "'
2801 5634 2934 5690 Ibid.
3019 5636 3061 5668 δ’
3093 5634 3256 5691 Josue
3282 5650 3317 5701 t.
3347 5650 3401 5689 ν.

506 5835 578 5901 (l)
643 5838 937 5897 Autbcrtus
988 5839 1289 5898 versionem
1356 5840 1670 5899 Met‘catoris
1729 5842 2018 5901 emendare
2058 5841 2226 5899 voluit
2268 5859 2332 5902 ex
2361 5842 2570 5899 Gneco.
