4058 6328
394 455 532 514 157‘!

1318 440 1613 499 SCHOLIA
1659 438 1745 495 DE
1786 430 2307 491 INCARNATIONE
2351 428 2735 487 UNIGENITI.

3565 430 3701 489 £378

396 570 568 640 αὐτην
597 563 737 622 εἶναι
767 566 864 638 τὴν
894 566 1092 619 ἕνωσιν
1128 559 1224 614 τοῦ
1282 555 1656 629 Ἐμμανουὴλ,
1699 553 1991 619 όποίανπεε

2110 546 2299 615 tatem)
2337 544 2499 599 talem
2532 558 2654 599 esse
2699 541 3091 598 adunationem
3143 540 3316 611 Ipsius
3348 538 3703 604 Emmanuel,

394 663 463 715 ἂν
496 660 775 729 λογίσαιτό
807 674 891 720 τις
923 657 1018 708 καὶ
1042 654 1142 723 τὴν
1170 653 1294 724 [ῑσ.
1327 652 1429 720 τῆς
1453 648 1549 702 τοῦ
1578 648 1737 717 ἀνθρ·
1768 640 1987 715 ψυχῆς]

394 752 488 807 τοῦ
513 753 808 823 ἀνθρώπου
840 750 1017 819 ψυχὴν
1049 747 1185 818 πρὸς
1206 747 1267 798 τὸ
1291 745 1425 797 ῖδιον
1459 742 1641 812 σῶμα.
1678 736 1990 793 Οίκειοῦται

393 846 504 916 γὰρ
528 846 563 916 ἡ
588 843 737 915 ψυχὴ
756 841 825 895 τὰ
854 840 947 893 τοῦ
983 840 1255 909 σώματος,
1284 832 1462 889 καίτοι
1495 832 1637 887 κατά
1666 832 1829 901 φύσιν
1855 828 1990 882 ἰδίαν

392 938 662 1009 ἀμέτοχος
687 930 826 987 οὖσα
864 930 973 985 τῶν
1008 928 1175 983 αὐτοῦ
1209 926 1403 981 παθῶν
1449 922 1700 993 φυσικῶν
1746 938 1805 974 τε
1847 919 1988 989 ἅμα,

392 1030 488 1082 καὶ
520 1028 630 1080 τῶν
658 1024 861 1091 ἔξωθεν
901 1020 1286 1091 ἐπαγομένων,
1319 1018 1570 1071 Κινεῖται
1624 1014 1723 1085 μὲν
1767 1012 1878 1084 γὰρ
1909 1013 1989 1075 εἰς

390 1116 602 1187 ὀρέξεις
630 1115 693 1167 τὸ
729 1113 889 1183 σῶμα
924 1109 1183 1181 φυσικὰς,
1208 1108 1303 1161 καὶ
1326 1104 1748 1160 συναισθάνεται
1778 1102 1866 1156 διὰ
1889 1101 1989 1172 τὴν

389 1208 585 1259 ἕνωσιν
616 1205 651 1277 ἡ
694 1203 890 1259 ἐνοῦσα
924 1202 1101 1273 ψυχή·
1135 1197 1503 1270 συμμιτίσχει
1539 1195 1598 1249 δὲ
1641 1196 1764 1249 κατ’
1798 1192 1991 1247 οὐδένα

383 1298 590 1370 τρόπον
610 1314 624 1328 ο
655 1294 826 1349 οἴεταί
857 1311 921 1363 γε
956 1294 1063 1363 μὴν
1098 1291 1236 1345 ἰδίαν
1284 1287 1589 1343 ἀπόλαυσιν
1621 1279 1763 1338 εἰναι
1799 1284 1861 1337 τὸ
1889 1282 1990 1352 τῆς

384 1391 619 1461 ὀρέξεως
652 1389 1025 1458 ἀποτέλεσμαο
1057 1384 1162 1438 κᾶν
1192 1385 1241 1436 εἰ
1282 1380 1670 1445 καταξαίνοιτο
1716 1376 1881 1447 τυχὸν
1926 1373 1989 1427 τὸ

388 1483 575 1552 σῶμα,
624 1482 718 1534 καὶ
758 1479 965 1549 σιδήρῳ
1022 1474 1410 1541 καταξαίνοιτο
1441 1470 1700 1539 συναλγεῖ
1751 1469 1872 1540 μὲν,
1912 1467 1990 1531 ὡς

390 1574 523 1627 ἰδίου
549 1574 851 1643 πάσχοντος
882 1570 1166 1641 σώματος·
1204 1567 1343 1637 αὐτή
1374 1583 1439 1634 γε
1471 1566 1578 1636 μὴν
1613 1566 1695 1627 εἰς
1726 1560 1862 1616 ἰδίαν
1887 1560 1989 1631 φύ-

387 1684 472 1720 σιν
506 1666 606 1720 οὺκ
637 1666 703 1720 ἄν
728 1682 783 1717 τι
819 1662 983 1718 πάθοι
1010 1663 1120 1715 τῶν
1150 1658 1629 1731 ἐπενηνεγμένων.

459 1757 609 1829 Πλὴν
633 1758 745 1819 καὶ,
768 1757 909 1827 ὑπὲρ
941 1754 1100 1808 τοῦτό
1143 1768 1327 1823 φαμεν
1361 1751 1456 1805 ἐπὶ
1484 1749 1583 1803 τοῦ
1632 1744 1990 1820 Ἐμμανονὴλ

383 1850 484 1921 τὴν
516 1844 859 1904 ἓνωσιν.Ἦν
891 1848 988 1917 μὲν
1026 1848 1132 1916 γὰρ
1166 1846 1489 1913 ἀναγκαῖον,
1520 1843 1599 1913 τῷ
1625 1843 1738 1913 ἰδίῳ
1770 1842 1987 1911 σώματι

2100 641 2316 711 qualem
2367 641 2490 709 quis
2542 636 2808 708 intelligat
2849 640 3091 691 animam
3142 634 3381 691 hominis
3425 634 3492 688 ad
3542 648 3703 689 suum

2097 747 2299 802 corpus
2337 731 2560 787 habere.
2597 730 2705 802 [(l)
2750 729 2947 783 Anima
2988 728 3134 782 enim
3176 726 3362 781 omnia
3410 741 3533 797 qua:
3574 732 3706 780 sunt

2098 824 2369 894 corporis,
2401 836 2524 878 esse
2567 831 2782 891 reputat
2816 836 2938 885 sua,
2979 819 3109 875 licet
3139 834 3237 890 per
3270 828 3527 874 naturam
3571 832 3702 889 pro-

2099 917 2275 988 priam
2305 930 2504 985 expers
2535 915 2605 969 sit
2639 912 2720 985 (Ξ)
2752 912 3101 982 passionibus
3142 911 3417 982 corporis,
3445 920 3501 966 et
3538 919 3702 965 uatu-

2100 1009 2330 1073 ralibus,
2359 1016 2415 1063 et
2433 1021 2557 1077 quae
2584 1008 2929 1061 extrinsecus
2956 1004 3256 1059 accedunt:
3276 1013 3529 1059 movetur
3549 1003 3701 1059 enim

2100 1116 2298 1172 corpus
2346 1100 2399 1154 in
2448 1097 2930 1167 coneupiscentias
2971 1096 3273 1162 naturales,
3312 1103 3371 1151 et
3418 1095 3698 1152 consentit

2099 1196 2301 1260 anima,
2350 1203 2405 1247 et
2457 1192 2610 1247 nullo
2655 1190 2781 1245 licet
2828 1188 2991 1243 modo
3034 1189 3391 1259 participans,
3431 1187 3700 1259 concupi-

2098 1284 2322 1337 scentiae
2358 1291 2543 1335 tamen
2588 1280 2797 1335 exitum
2833 1278 3256 1334 delectationem
3287 1281 3564 1349 propriam
3599 1278 3706 1334 dtu-

2099 1375 2194 1429 cit.
2236 1374 2303 1428 Et
2335 1375 2381 1429 si
2434 1372 2576 1429 forte
2605 1370 2753 1427 ferro
2797 1385 2999 1441 corpus
3040 1370 3406 1441 percutiatur,
3443 1379 3539 1425 aut
3587 1380 3705 1426 tor-

2096 1478 2354 1538 queatur,
2398 1464 2653 1521 coudolet
2694 1463 2785 1519 illa
2818 1462 3066 1534 quidem,
3099 1463 3246 1532 quod
3294 1477 3452 1517 suum
3501 1476 3704 1532 corpus

2096 1564 2388 1632 patiatur:
2419 1560 2535 1630 ipsa
2585 1572 2715 1613 vero
2748 1556 2802 1612 in
2852 1569 2952 1611 sua
3003 1565 3199 1610 natura
3250 1555 3461 1609 nullum
3495 1553 3703 1623 patitur

2096 1654 2320 1710 omnino
2350 1660 2707 1707 tormentum.

2169 1745 2380 1801 Tamen
2425 1760 2592 1815 super
2641 1744 2746 1799 lloc
2795 1754 3018 1813 quoque
3056 1738 3289 1796 dicimus
3338 1754 3461 1796 esse
3494 1743 3702 1796 aduna-

2098 1840 2326 1905 tionem,
2380 1852 2501 1908 qua
2552 1847 2637 1892 est
2669 1836 2722 1891 in
2777 1833 3137 1890 Emmanucle
3166 1833 3309 1888 facta
3341 1852 3353 1886 :
3386 1844 3507 1889 erat
3554 1834 3703 1889 enim

388 1942 677 2010 συναλγεῖν
705 1943 804 2011 τὴν
840 1940 1138 1991 ἑνωθεῖσαν
1186 1937 1402 2006 ψυχήν·
1443 1935 1530 1987 ἵνα
1566 1934 1847 2003 φεύγουσα
1885 1930 1987 1995 τὰς

2102 1943 2325 1983 necesse
2369 1944 2492 1983 cum
2526 1942 2627 1983 suo
2656 1940 2890 1996 corpore
2917 1926 3214 1981 adunatam
3247 1924 3296 1979 ei
3331 1924 3572 1979 animam
3603 1926 3702 1979 do-

387 2034 594 2095 αἰκίας,
635 2035 846 2103 εὐήνιον
894 2032 1159 2101 ὑποφέροι
1209 2030 1288 2100 τῷ
1328 2028 1449 2099 Θεῷ
1470 2028 1563 2080 τὸν
1594 2025 1819 2095 αὐχένα.
1858 2024 1987 2078 Ἐπὶ

387 2126 446 2180 δέ
480 2143 543 2193 γε
576 2125 670 2177 τοῦ
689 2124 825 2177 Θεοῦ
862 2124 1041 2191 Λόγου
1076 2124 1133 2175 τὸ
1170 2120 1629 2176 συναισθάνεσθαι
1659 2119 1767 2173 τῶν
1794 2117 1989 2172 αἰκιῶν

386 2218 590 2273 ἄτοπον
618 2218 794 2270 εἰπεῖν
820 2235 831 2246 ’
868 2217 1083 2279 ἀπαθὲς
1109 2216 1217 2287 γάρ
1246 2216 1307 2269 τὸ
1353 2213 1531 2276 Θεῖον,
1576 2212 1669 2266 καί⁷
1695 2212 1796 2266 οὐχ
1826 2211 1885 2264 ἐν
1923 2228 1989 2279 γε

390 2314 502 2373 τοῖς
525 2310 643 2363 καθ’
676 2311 825 2380 ἡμᾶς
847 2325 859 2335 ·
886 2308 1000 2361 ἀλλ’
1029 2309 1209 2379 ῆνωτο
1239 2308 1338 2379 μὲν
1367 2306 1557 2378 σαρκὶ,
1582 2304 1760 2376 ψυχὴν
1785 2304 1991 2378 ἐχούσῃ

387 2402 488 2471 τὴν
516 2402 739 2471 λογικήν
761 2416 773 2428 ·
810 2399 1128 2470 πασχούσης
1154 2399 1212 2454 δὲ
1243 2400 1435 2469 αὐτῆς,
1468 2396 1698 2461 ἀπαθῶς
1722 2393 1791 2469 ἦν
1822 2398 1881 2451 ὲν
1909 2399 1989 2450 εἰ·

386 2495 542 2564 δὴτει
577 2496 686 2546 τῶν
719 2496 799 2554 εἰς
830 2494 1001 2561 αὐτὴν
1026 2492 1331 2562 γινομένων
1357 2508 1369 2522 ·
1401 2496 1495 2544 καὶ
1519 2490 1750 2559 ἠφάνιζε
1786 2490 1885 2561 μὲν
1913 2488 1991 2553 ὡς

386 2588 520 2649 θεὸς
566 2587 663 2650 τὰς
705 2588 802 2655 τῆς
838 2586 1041 2654 σαρκὸς
1088 2584 1411 2647 ἀσθενείας,
1464 2582 1729 2654 ᾠκειοῦτό
1771 2598 1834 2650 γε
1882 2581 1990 2652 μὴν

386 2680 557 2742 αὐτὰς
595 2679 669 2741 ὡς
699 2679 829 2730 ἰδίου
862 2678 1118 2746 σώματος
1141 2693 1154 2707 ⁸
1184 2676 1329 2729 οὕτω
1363 2678 1455 2729 καὶ
1484 2675 1741 2747 πεινῆσαι
1771 2675 1990 2743 λέγεται

388 2772 482 2827 καί
517 2775 738 2842 καμεῖν,
777 2772 871 2826 καὶ
910 2771 1103 2826 παθεῖν
1141 2771 1282 2841 ὑπὲρ
1309 2769 1495 2840 ἡμῶν.

461 3037 678 3091 Οὐκοῦν
702 3036 1095 3109 παρεικάζοιτο
1130 3036 1196 3089 ἂν
1223 3037 1255 3105 ἡ
1289 3036 1483 3099 Ξνωσις
1520 3033 1616 3087 τοῦ
1648 3034 1824 3101 Λόγου
1854 3034 1989 3103 πρὸς

386 3134 448 3183 τὸ
470 3130 812 3201 ἀνθρώπινον
842 3131 944 3183 οὐκ
971 3130 1080 3184 ἀπὸ
1118 3126 1324 3181 σκοποῦ
1355 3131 1470 3192 τοῖς
1503 3126 1627 3181 καθ’
1663 3129 1832 3197 ἡμᾶς.
1860 3126 1991 3179 Ὠσ-

387 3241 455 3278 πε
466 3242 497 3296 ρ
520 3224 629 3294 γὰρ
661 3226 747 3276 ὲτε
759 3222 957 3293 ροφυὲς
992 3223 1093 3293 μὲν
1118 3222 1178 3276 τὸ
1210 3222 1371 3291 σῶμα
1398 3221 1535 3293 πρὸς
1555 3220 1655 3291 τὴν
1682 3219 1882 3290 ψυχὴν,
1909 3212 1990 3282 εἷς

389 3334 454 3387 γε
489 3316 596 3386 μὴν
639 3314 698 3379 ἐξ
732 3315 939 3384 ἀμφοῖν
980 3312 1273 3384 ἄνθρωπος
1299 3310 1649 3365 ἀποτελεῖται
1687 3311 1783 3365 καὶ
1832 3310 1989 3379 λέγε-

387 3424 515 3461 ται·
548 3405 693 3459 οὕτω
725 3405 820 3457 καί⁸
843 3404 1155 3466 ἔχ’τελείας
1186 3402 1543 3465 ὑποστάσεως
1591 3399 1686 3453 τοῦ
1720 3399 1857 3454 Θεοῦ
1887 3400 1991 3454 Λό-

389 3516 512 3568 γου,
547 3497 643 3551 καὶ
680 3496 787 3567 μὴν
828 3496 926 3551 καὶ
957 3496 1017 3560 ἑξ
1044 3495 1470 3566 ἀνθρωπότητος
1502 3491 1725 3555 τελείως
1755 3492 1993 3564 ἐχούσης

390 3590 534 3646 κατά
556 3589 648 3643 τὸν
678 3591 810 3643 ἴδιον
831 3588 1013 3657 λόγον,
1043 3582 1125 3651 εἷς
1152 3589 1180 3641 ὁ
1209 3586 1469 3658 Χριστος,
1488 3589 1515 3640 ὁ
1540 3587 1703 3649 αὐτὸς
1728 3586 1992 3657 ὑπάρχων

392 3688 450 3739 ιν
469 3681 653 3752 ταυτῷ
681 3682 813 3744 Θεὸς
839 3697 897 3733 τε
923 3679 1061 3752 ὁμοῦ
1095 3682 1189 3733 καὶ
1218 3678 1529 3751 ἄνθρωπος.
1558 3678 1668 3731 Καὶ
1694 3678 1992 3732 οἰκειοῦται

396 3779 497 3849 μὲν
524 3778 552 3829 ὁ
580 3773 775 3843 Λόγος,
809 3773 886 3836 ὡς
916 3772 1076 3845 ἔφην,
1116 3772 1187 3825 τά
1215 3763 1325 3843 τῆς
1355 3771 1491 3834 ἰδίας
1524 3771 1749 3842 σαρκὸς,
1782 3770 1863 3823 ὅτι
1902 3771 1993 3824 καὶ

393 3871 561 3925 αὐτοῦ
591 3870 651 3924 τὸ
684 3869 863 3939 σῶμα.
920 3868 1016 3921 καὶ
1060 3866 1159 3935 οὐχ
1213 3864 1438 3935 ἑτέρου·
1495 3866 1885 3917 χοινοποιεῖται
1935 3864 1993 3917 δὲ

393 3966 583 4036 ὥσπερ
621 3966 686 4035 τῇ
728 3962 834 4033 ἰδίᾳ
869 3960 1036 4032 σαρκί
1064 3960 1163 4029 τῆς
1202 3958 1430 4028 ἐνούσης
1469 3955 1621 4027 αὐτῷ
1654 3957 1993 4029 θεοπρεποῦς

394 4054 676 4124 δυνάμεως
717 4052 817 4123 τὴν
869 4051 1185 4121 ἐνέργειαν·
1232 4048 1373 4102 ὥστε
1421 4047 1682 4101 δύνασθαι
1713 4050 1808 4101 καὶ
1859 4049 1997 4112 ζωο-

397 4149 571 4201 ποιεῖν
613 4146 742 4209 τοὺς
804 4143 1068 4214 νεκροὺς,
1128 4142 1221 4194 καὶ
1272 4140 1455 4195 ἰᾶσθαι
1513 4141 1641 4205 τοὺς
1694 4141 1751 4194 ὲν
1803 4141 1989 4214 appu-

397 4236 598 4301 στίαις.

1007 4368 1262 4422 ΚΕΦΑΛ.
1303 4367 1380 4420 Θν.

880 4483 1019 4549 Περὶ
1050 4481 1159 4535 τοῦ
1200 4481 1520 4551 ἄνθρακος.

2097 2019 2233 2085 lere,
2269 2018 2350 2090 (3)
2383 2028 2441 2072 ut
2486 2019 2615 2073 dum
2650 2017 2876 2073 timebat
2912 2018 3223 2088 passiones,
3270 2016 3549 2073 subditam
3578 2030 3704 2073 cer-

2094 2112 2270 2165 vicem
2300 2110 2412 2166 Deo
2435 2110 2833 2184 submitteret].
2871 2108 2947 2166 De
2978 2108 3093 2165 Deo
3129 2118 3313 2164 autem
3342 2108 3518 2165 Verbo
3572 2125 3707 2165 cou-

2095 2203 2282 2259 dOIere
2311 2205 2661 2274 passiouibus
2690 2203 2844 2260 nefas
2871 2214 2955 2260 est
2980 2203 3171 2259 dicere
3198 2220 3212 2255 :
3244 2201 3415 2273 783
3450 2203 3706 2273 impassi-

2096 2298 2221 2353 bilis
2245 2299 2391 2353 enim
2424 2297 2567 2353 Deus
2595 2310 2700 2364 est,
2737 2308 2792 2353 et
2823 2309 3139 2353 nostrarum
3170 2313 3351 2352 rerum
3398 2296 3557 2366 longe
3587 2296 3706 2374 dis-

2094 2391 2328 2458 similis;
2384 2392 2480 2446 sed
2523 2393 2795 2446 adunatus
2831 2392 3050 2459 quidem
3098 2400 3221 2445 erat
3268 2390 3422 2443 carni
3471 2390 3704 2444 habenti

2096 2486 2335 2538 animam
2380 2483 2781 2547 rationabilem,
2812 2498 2919 2553 qua
2948 2484 3195 2552 patiente
3227 2482 3345 2553 ipse
3390 2481 3707 2551 itupassibi-

2097 2576 2184 2641 Iis,
2227 2592 2293 2629 ea
2329 2592 2449 2644 qua:
2496 2576 2692 2630 auium:
2738 2576 3149 2645 contingerent,
3198 2573 3596 2644 cognoscebat,
3652 2582 3708 2629 et

2094 2668 2464 2724 contundebat
2508 2668 2753 2738 quidem,
2785 2678 2841 2721 ut
2883 2667 3048 2732 Deus,
3087 2670 3274 2723 carnis
3318 2666 3703 2734 inﬁrmitates;

2094 2774 2225 2815 suas
2261 2769 2444 2814 tamen
2485 2774 2600 2823 eas,
2636 2768 2895 2827 tauquam
2939 2758 3020 2812 sui
3061 2758 3335 2826 corporis,
3367 2770 3491 2811 esse
3532 2754 3704 2810 duce-

2096 2856 2211 2910 bat.
2246 2852 2434 2922 itaque
2460 2854 2723 2909 esuriisse
2760 2852 2981 2919 dicitur,
3022 2851 3286 2924 fatigatus
3319 2867 3465 2921 esse,
3504 2866 3705 2922 passus

2098 2946 2269 3001 fuisse
2300 2963 2399 3015 pro
2442 2947 2618 3001 uuhis.

2170 3036 2316 3106 Ergo
2364 3035 2531 3092 Verbi
2581 3036 2865 3101 adnuatio,
2899 3052 3020 3105 quae
3065 3044 3151 3092 est
3186 3053 3309 3092 cum
3363 3037 3707 3093 immanitate

2098 3128 2269 3193 facta,
2317 3144 2425 3184 non
2472 3129 2929 3184 irrationabiliter
2964 3131 3126 3184 rebus
3171 3130 3376 3186 nostris
3414 3145 3706 3202 compare-

2098 3231 2208 3278 tur.
2248 3220 2381 3275 Nam
2419 3222 2564 3277 sicut
2595 3236 2796 3291 corpus
2840 3223 3072 3277 alterius
3115 3232 3201 3277 est
3254 3231 3466 3277 naturae
3505 3233 3709 3294 prater

2102 3316 2371 3381 animam,
2404 3325 2460 3371 et
2489 3330 2631 3370 unus
2665 3322 2848 3369 tamen
2879 3328 2947 3368 ex
3000 3323 3234 3384 utroque
3280 3316 3443 3370 homo
3474 3313 3709 3371 edicitur

2099 3416 2157 3464 et
2188 3418 2454 3471 vocatur;
2486 3407 2563 3462 ita
2606 3406 2774 3463 etiam
2805 3419 2873 3461 ex
2911 3405 3155 3475 perfecta
3185 3405 3281 3462 Dei
3319 3406 3482 3461 Verbi
3529 3408 3707 3461 subsi-

2095 3498 2294 3555 stentia
2337 3508 2393 3553 et
2439 3512 2508 3554 ex
2558 3496 2906 3553 humanitate
2936 3493 3181 3565 perfecta
3240 3511 3382 3551 unus
3432 3505 3514 3551 est
3546 3495 3708 3553 Chri-

2096 3603 2236 3658 stus,
2276 3592 2422 3647 idem
2454 3592 2507 3646 in
2554 3590 2745 3646 eodem
2784 3590 2929 3645 Deus
2958 3591 3123 3645 simul
3168 3598 3226 3645 et
3267 3590 3469 3655 homo;
3502 3600 3558 3644 et
3606 3605 3704 3645 sua

2095 3686 2316 3757 quidem
2365 3683 2517 3739 ducit
2550 3683 2696 3739 Deus
2735 3682 3003 3747 Verbum,
3052 3692 3113 3737 ut
3145 3694 3276 3737 ante
3311 3683 3447 3749 dixi,
3490 3697 3555 3737 ea
3586 3699 3708 3753 quae

2097 3788 2226 3833 sunt
2282 3778 2470 3833 carnis
2505 3778 2750 3847 propria,
2792 3776 2920 3845 quia
2975 3776 3149 3845 ipsius
3195 3785 3281 3831 est
3328 3791 3549 3847 corpus,
3599 3794 3709 3832 una

2097 3868 2349 3924 alterius.
2387 3866 2722 3924 Communes
2756 3876 2941 3936 autem
2984 3866 3121 3923 facit
3152 3876 3417 3938 tanquam
3454 3884 3579 3924 cum
3606 3884 3708 3923 sua

2097 3976 2269 4017 carne
2302 3961 2502 4016 divinae
2530 3973 2645 4015 sua
2702 3960 3013 4031 majestatis
3054 3964 3433 4032 operationes,
3487 3968 3548 4017 ut
3580 3976 3713 4031 μοι.

2097 4065 2182 4110 set
2215 4054 2382 4111 etiam
2416 4052 2697 4111 vivificare
2727 4064 2996 4123 mortuos,
3023 4064 3079 4112 et
3109 4069 3307 4112 sanare
3338 4054 3607 4112 infirmos.

2764 4364 2922 4422 CAP.
2960 4364 3053 4423 IX.

2718 4476 2795 4531 De
2832 4479 3080 4533 carbone.

469 4596 533 4649 Εἰ
563 4595 621 4649 δὲ
670 4593 797 4665 χρὴ,
843 4594 939 4648 καὶ
978 4597 1088 4659 τοῖς
1129 4596 1193 4647 ὲκ
1226 4595 1324 4665 τῆς
1358 4595 1722 4651 θεοπνεύστου
1768 4599 1991 4671 Γραφῆς

2177 4590 2256 4663 (4)
2296 4593 2369 4647 At
2418 4592 2461 4647 si
2500 4594 2759 4649 convenit
2802 4594 3075 4665 exemplis
3118 4594 3285 4650 etiam
3320 4594 3519 4652 divinae
3556 4596 3708 4655 Scri-

400 4685 812 4758 παραδείγμασι
846 4686 1245 4756 κεχρημένους,
1272 4686 1528 4758 καθάπερ
1565 4689 1623 4741 ἐν
1657 4688 1849 4754 τύποις
1904 4692 1991 4746 τὸν

2105 4696 2315 4755 ptum,
2360 4686 2514 4755 quasi
2574 4699 2674 4755 per
2720 4684 2950 4758 ﬁguram
2977 4728 2991 4753 ,
3038 4685 3438 4744 adunationem
3485 4690 3709 4747 demon-

398 4780 495 4850 τῆς
528 4778 773 4840 ἐνώσεως
808 4778 1125 4841 καταδεῖξαι
1170 4779 1391 4849 τρόπον,
1430 4782 1561 4852 φέρε
1612 4781 1887 4853 λέγωμεν.
1937 4786 1995 4838 '0

404 4872 673 4941 μακάριος
702 4870 947 4935 Ἡσαΐας,
995 4870 1351 4943 Ἀπεστάλη,ι
1384 4875 1538 4944 φησὶ,
1560 4874 1694 4946 πρός
1719 4894 1785 4945 με
1803 4876 1861 4929 ἒν
1880 4875 1994 4929 τῶν

405 4963 659 5034 Σεραφίμ
683 4977 696 4989 ·
729 4962 822 5015 καί
856 4964 912 5015 ὲν
936 4966 1003 5034 τῇ
1047 4965 1195 5035 χειρὶ
1223 4959 1367 5035 εῖχεν
1411 4964 1679 5037 ἄνθρακα,
1705 4967 1764 5020 ὂν
1806 4971 1874 5041 τῇ
1900 4968 1992 5022 λα-

400 5054 509 5107 δίδι
539 5054 731 5107 ἔλασεν
753 5054 862 5107 ἀπὸ
892 5054 989 5107 τοῦ
1014 5055 1409 5127 θυσιαστηρίου
1431 5074 1444 5087 ο
1467 5058 1561 5109 καὶ
1581 5052 1713 5129 ἦλθε
1739 5060 1875 5127 πρός
1906 5076 1997 5131 με,

402 5149 495 5199 καὶ
520 5148 699 5217 ἥψατο
724 5146 834 5199 τῶν
866 5148 1092 5217 χειλέων
1134 5165 1261 5218 μου,
1303 5150 1400 5203 καὶ
1432 5144 1613 5203 εἷπεν·
1651 5150 1791 5205 Ἰδοὺ
1820 5152 2002 5222 ἥψατο

402 5239 560 5292 τοῦτο
594 5239 705 5291 τῶν
735 5240 961 5308 χειλέων
987 5257 1105 5305 σου,
1140 5243 1236 5295 καὶ
1272 5242 1467 5311 ἀφελεῖ
1490 5243 1590 5306 τὰς
1615 5244 1848 5315 ἀνομίας
1878 5261 1998 5310 σου,

403 5334 500 5384 καὶ
537 5332 635 5395 τὶς
661 5332 940 5402 ἁμαρτίας
971 5349 1063 5386 σου
1096 5334 1505 5406 περικαθαριεῖ.
1532 5354 1551 5389 ι
1586 5336 1771 5406 Φαμὲν
1812 5336 1870 5389 δὲ
1900 5337 1993 5390 τὸν

479 5510 523 5541 ³⁷
560 5508 660 5565 lsa.
690 5525 763 5574 Vl,
788 5512 841 5577 6,
867 5511 923 5564 7.

487 5690 563 5755 (ι)
606 5689 720 5745 lloc
766 5690 1130 5761 fragmentum
1164 5692 1354 5749 iisdem
1402 5694 1572 5749 ferme
1601 5694 1783 5750 verbis
1827 5693 1994 5750 refert

408 5758 695 5816 Facuudus
728 5761 823 5817 lib.
856 5758 939 5829 it,
968 5778 1086 5831 cap.
1122 5764 1170 5816 7.

481 5831 555 5902 (2)
598 5832 900 5897 Facuttdus,
947 5836 1251 5900 passionum
1302 5836 1535 5905 corporis
1576 5845 1623 5889 et
1666 5838 1989 5892 naturalium

409 5911 454 5955 et
482 5920 597 5969 qua:
622 5905 945 5959 extrinsecus
984 5907 1270 5967 accidunt;
1307 5908 1449 5977 quod
1486 5908 1681 5961 melius
1713 5920 1815 5962 est.

2104 4792 2284 4834 strare
2305 4817 2322 4842 ,
2362 4792 2484 4847 age,
2513 4778 2780 4845 dicamus,
2827 4789 2885 4834 ut
2918 4794 3233 4849 possumus.
3268 4779 3467 4837 Beatus
3499 4782 3709 4839 Isaias:

2112 4890 2128 4922 ι
2161 4868 2358 4926 Missus
2387 4879 2490 4938 est,
2526 4870 2725 4941 inquit,
2762 4872 2830 4924 ad
2878 4886 2964 4925 me
3010 4886 3151 4927 unus
3196 4886 3263 4928 ex
3295 4871 3609 4943 Seraphim,
3658 4889 3708 4930 et

2108 4966 2161 5019 in
2199 4979 2364 5019 manu
2410 4963 2650 5020 habebat
2696 4964 3015 5031 carbonem,
3050 4981 3214 5037 quem
3250 4966 3458 5038 forcipe
3503 4971 3710 5040 accepit

2108 5059 2176 5112 ab
2216 5057 2401 5121 altari,
2432 5069 2490 5113 et
2534 5058 2687 5113 venit
2726 5058 2795 5113 ad
2839 5074 2949 5123 me,
2982 5070 3039 5115 et
3078 5062 3255 5131 tetigit
3293 5062 3437 5116 labia
3485 5078 3626 5129 mea,
3657 5073 3711 5118 et

2106 5150 2246 5203 dixit
2285 5149 2352 5203 ad
2392 5164 2521 5205 me:
2560 5149 2698 5205 Ecce
2732 5150 2911 5221 tetigit
2962 5152 3065 5208 hoc
3096 5152 3239 5207 labia
3287 5164 3400 5220 tua,
3425 5165 3480 5210 et
3510 5156 3709 5212 adimet

2104 5245 2422 5315 iniquitates
2480 5251 2641 5312 tuas,
2690 5255 2747 5300 et
2817 5254 3041 5315 peccata
3098 5256 3188 5301 tua
3243 5248 3654 5319 repurgabit".
3688 5268 3706 5301 ι

2103 5336 2411 5394 Carbonem
2445 5348 2629 5395 autem
2663 5337 2905 5394 dicimus
2945 5337 3176 5409 figuram
3209 5348 3263 5394 et
3293 5340 3585 5411 imaginem
3619 5357 3709 5395 no-

2174 5700 2258 5839 ?)
2299 5700 2617 5767 Facundus,
2656 5716 2714 5758 stt
2755 5706 3011 5761 timendo.

2200 5772 2253 5837 4)
2298 5771 2396 5827 llic
2430 5776 2629 5828 iterum
2659 5778 3010 5839 interpolavit

2200 5772 2253 5846 4)
2298 5771 2396 5827 llic
2430 5776 2629 5828 iterum
2659 5778 3010 5846 interpolavit
3042 5780 3351 5831 Autbertus
3377 5774 3706 5831 Mereatoris

2103 5842 2433 5918 [et-sionem,
2461 5854 2548 5918 _ut_
2586 5855 2641 5900 ct
2689 5848 2740 5901 iu
2789 5842 3171 5918 sequentibus,
3218 5863 3450 5917 quorum
3494 5858 3707 5903 textum

2101 5911 2349 5968 Gra'cutn
2389 5914 2600 5972 habuit.
