4058 6328
439 435 580 488 lb'lb

434 647 547 693 tem
586 638 777 694 beatus
808 638 1031 695 Gabriel
1072 648 1275 696 sanetae
1311 640 1515 719 Virgini
1559 643 1747 699 dicens
1776 661 1791 698 :
1829 663 1847 696 ι
1874 644 2015 700 Ecce

434 732 711 799 coneipies
744 732 797 785 in
827 740 1004 798 utero,
1037 741 1092 789 et
1123 734 1304 802 paries
1332 734 1553 802 Filium,
1584 744 1640 790 et
1672 736 1895 792 vocabis
1920 751 2015 793 no-

434 836 558 877 men
594 824 713 892 ejus
753 820 935 878 Jesum
959 823 1027 878 ".
1057 843 1075 876 ι
1106 822 1241 879 Cum
1288 825 1449 896 igitur
1483 841 1581 897 per
1609 825 1887 884 Christum
1926 826 2015 885 Je-

434 931 553 969 sum
581 915 761 970 omnia
793 915 1013 972 divinus
1040 916 1241 973 Paulus
1269 916 1551 975 factaesse
1582 928 2010 989 commemoret;

437 1005 723 1062 conﬁrmet
750 1016 929 1063 autem
958 1008 1064 1063 vim
1090 1008 1397 1074 sententia,
1424 1016 1480 1065 et
1498 1008 1749 1080 opiﬁcem
1768 1010 2013 1067 omnium

434 1097 606 1154 fuisse
645 1099 813 1154 Deum
841 1098 1201 1170 evangelizet,
1237 1114 1354 1157 rem
1387 1115 1572 1157 veram
1619 1100 1809 1158 dicens
1838 1117 2009 1158 evan-

432 1190 627 1259 gelista
673 1190 924 1259 divinus;
957 1192 1203 1265 designet
1233 1202 1414 1249 autem
1460 1194 1624 1250 etiam
1674 1194 1851 1263 angeli
1883 1209 2007 1260 vox,

432 1295 564 1336 vere
586 1297 651 1337 ex
677 1290 863 1337 sancta
892 1280 1111 1352 Virgine
1137 1293 1322 1337 natum
1352 1298 1474 1339 esse
1504 1284 1686 1340 Jesum
1711 1285 2010 1351 Christum,

436 1386 539 1425 nec
573 1372 780 1441 absque
807 1371 1148 1428 humanitate
1175 1373 1527 1445 intelligimus
1550 1374 1717 1431 Deum
1738 1375 2013 1443 Verbum;

433 1462 528 1517 sed
564 1478 731 1518 unum
763 1464 991 1520 dicimus
1020 1481 1087 1521 ex
1128 1467 1394 1524 ambobus
1436 1465 1712 1533 electum,
1761 1477 1817 1524 et
1846 1469 2011 1525 Deum

434 1556 708 1611 hominem
754 1556 979 1624 factum,
1025 1558 1276 1622 eumdem
1311 1574 1377 1615 ex
1426 1558 1609 1626 Patre,
1653 1569 1713 1616 ut
1754 1560 2012 1628 Verbum,

434 1656 626 1702 natum
657 1647 865 1714 divine,
892 1656 950 1704 et
968 1663 1036 1704 ex
1065 1648 1295 1705 muliere
1321 1650 1581 1717 humane,
1608 1659 1666 1706 ut
1686 1652 1964 1708 hominem
1995 1672 2009 1709 :

434 1752 541 1792 non
588 1747 842 1807 tanquam
888 1747 947 1794 ut
981 1740 1277 1795 secundum
1306 1740 1629 1797 substantia:
1667 1740 1878 1797 initium
1915 1757 2011 1799 vo-

434 1839 619 1883 catum
653 1838 780 1885 tunc
814 1845 937 1885 cum
984 1834 1279 1887 secundum
1316 1846 1536 1887 carnem
1577 1832 1775 1889 dicitur
1812 1844 2004 1901 natus;

435 1918 530 1975 sed
564 1929 748 1975 natum
782 1922 997 1991 quidem
1034 1930 1161 1979 ante
1182 1923 1367 1979 omnia
1398 1924 1618 1990 saecula,
1661 1926 1899 1981 instante
1928 1934 2013 1981 ta-
2046 1908 2087 1965 ³

433 2024 556 2066 men
603 2019 872 2082 tempore,
915 2028 1024 2083 quo
1066 2012 1330 2069 debuerat
1377 2016 1605 2087 implere
1652 2016 2015 2087 dispensatio-

434 2116 581 2167 nem,
617 2110 802 2157 natum
850 2104 1017 2159 etiam
1054 2119 1121 2159 ex
1162 2104 1393 2162 muliere
1428 2106 1726 2163 secundum
1769 2124 2013 2167 carnem.

436 2189 626 2263 ωηο,
650 2192 755 2248 etsi
791 2192 882 2247 alii
913 2193 1077 2248 simili
1112 2195 1475 2266 appellatione
1518 2198 1693 2252 vocati
1723 2208 1849 2254 sunt
1876 2201 2019 2256 chri-

432 2284 527 2347 sti,
556 2296 695 2337 unus
728 2290 909 2337 tamen
958 2292 1043 2339 est
1082 2298 1180 2355 per
1208 2299 1371 2355 quem
1418 2287 1625 2353 omnia,
1652 2287 1817 2345 Jesus
1848 2289 2012 2345 Chri-

430 2380 587 2439 stus;
637 2378 743 2428 non
777 2374 921 2443 quod
962 2376 1128 2431 homo
1160 2375 1235 2431 sit
1282 2375 1459 2433 lactus
1501 2379 1683 2449 apifex
1722 2381 2013 2455 omnium,]

429 2463 523 2519 sed
571 2466 716 2536 quod
750 2464 894 2522 Deus
936 2465 1212 2523 Verbum:
1252 2487 1271 2522 ι
1300 2469 1403 2524 Per
1436 2486 1596 2541 quem
1643 2474 1825 2529 omnia
1869 2473 2013 2531 facta

429 2565 579 2619 sunt,
633 2555 884 2611 similiter
933 2570 997 2611 ac
1049 2572 1150 2614 nos
1197 2558 1541 2631 participarit
1590 2565 1740 2619 carni
1786 2574 1841 2619 et
1890 2581 2016 2621 san-

430 2647 578 2717 guini
602 2649 669 2713 ”,
703 2665 721 2698 ι
754 2658 809 2703 et
836 2660 1178 2720 nuncupatus
1202 2653 1277 2708 sit
1310 2654 1495 2719 homo,
1539 2671 1643 2710 non
1678 2666 1859 2713 tamen
1890 2674 2016 2728 per—

429 2735 631 2818 diderit
656 2750 800 2803 esse,
834 2740 977 2808 quod
1003 2750 1123 2795 erat
1155 2758 1169 2794 :
1204 2743 1278 2797 ita
1306 2744 1453 2799 enim
1487 2756 1541 2801 et
1572 2746 1623 2801 in
1652 2761 1819 2803 carne
1842 2747 2017 2805 factus

436 2827 757 2902 intelligitur
813 2834 1010 2891 merito
1042 2836 1224 2908 opifex
1253 2818 1518 2895 omnium.

951 3170 1116 3243 τοι
1146 3169 1299 3227 CAP.
1342 3170 1482 3228 vm.

713 3283 887 3352 Quam
922 3301 1035 3341 esse
1072 3287 1298 3341 dicimus
1328 3286 1728 3342 adunatiouem.

506 3418 585 3488 (l)
622 3418 892 3475 Adunatio
916 3420 1099 3475 multis
1116 3420 1292 3477 modis
1312 3419 1566 3491 impletur
1588 3420 1849 3491 :sejuncti
1870 3420 2014 3474 enim

433 3511 678 3566 nonnulli
712 3511 909 3567 aﬂectu
949 3513 1034 3568 vel
1063 3512 1361 3577 voluntate,
1387 3522 1443 3568 et
1476 3514 1850 3568 discordantes
1877 3513 2019 3568 inter

432 3618 514 3666 se.
554 3604 783 3658 adunari
829 3604 1107 3671 dicuntur,
1147 3620 1248 3673 per
1302 3604 1798 3661 reconciliationem
1841 3606 2018 3662 socia.

432 3693 569 3759 lem,
603 3697 849 3765 deposita
884 3696 1183 3751 simultate.
1236 3696 1477 3750 Adunari
1516 3696 1643 3752 item
1692 3697 1924 3753 dicimus
1952 3713 2015 3753 ea

432 3798 555 3854 quae
588 3784 691 3839 sibi
728 3784 1195 3856 conglutinantur,
1223 3784 1339 3841 sive
1367 3783 1544 3841 modis
1574 3785 1697 3841 aliis
1723 3786 2015 3842 conferun-

434 3885 547 3941 tur,
575 3885 669 3931 aut
700 3890 797 3946 per
818 3877 1297 3947 compositionem,
1322 3886 1415 3931 aut
1439 3890 1534 3947 per
1562 3877 1893 3945 mistionem,
1923 3888 2017 3933 aut

432 3984 533 4038 per
565 3969 1031 4039 temperationem.
1060 3967 1292 4037 aQuoties
1330 3978 1511 4023 autem
1555 3969 1854 4025 adunatum
1894 3983 2018 4026 esse

434 4069 635 4116 nostrai
664 4070 869 4115 natura:
902 4058 995 4115 Dei
1028 4061 1266 4117 Verbum
1299 4060 1550 4126 dicimus,
1578 4062 1729 4117 omni
1771 4061 2014 4117 humana

433 4152 761 4224 cogitatione
782 4153 1129 4209 adunationis
1155 4150 1274 4222 ejus
1307 4152 1499 4209 modus
1523 4152 1743 4209 videtur
1763 4166 1890 4210 esse
1919 4170 2016 4209 su-

432 4245 636 4315 perior.
672 4243 859 4316 Neque
890 4245 1035 4301 enim
1070 4260 1167 4316 per
1192 4260 1355 4315 supra
1383 4244 1624 4315 scriptos
1659 4244 1851 4302 modos
1873 4244 2013 4301 laeta

432 4341 519 4388 est
560 4347 761 4388 arcana
811 4332 921 4399 illa,
960 4341 1017 4389 et
1058 4333 1192 4388 nulli
1229 4331 1446 4402 penitus
1489 4342 1641 4400 nota,
1690 4334 1793 4390 nisi
1840 4337 1890 4389 ei
1927 4335 2015 4391 cui

431 4422 615 4479 omnia
644 4432 768 4479 nota
796 4432 945 4490 sunt,
976 4423 1129 4479 unio.

1465 431 1523 489 S.
1564 430 1837 490 CYRILLI
1878 430 2350 488 ALEXANDBINI
2391 430 2708 489 ARCHIEP.

436 549 641 615 absque
680 562 747 603 eo
788 546 992 602 factum
1023 554 1109 603 est
1139 547 1273 605 nihil
1302 548 1369 603 ".
1402 566 1422 601 ι
1458 548 1882 621 Evangelisabat
1920 567 2017 607 au-
2045 556 2093 613 Α

3573 424 3716 482 1376

2757 545 2915 603 CAP.
2952 544 3065 602 Vll.

2439 642 2716 710 Quomodo
2761 656 2897 695 unus
2932 649 3007 694 est
3050 634 3381 692 Emmanuel.

2176 733 2496 792 Novissimis
2545 732 2761 790 sarculis
2817 730 2960 787 Deus
3010 728 3245 784 Verbum
3298 730 3462 785 homo
3506 728 3705 784 dicitur

2114 825 2319 890 factus,
2368 832 2443 893 et,
2493 825 2636 881 sicut
2679 825 2755 879 ait
2791 821 3010 878 divinus
3050 820 3272 885 Paulus,
3303 837 3331 873 τ
3363 836 3461 892 per
3496 820 3704 877 sacrit]-

2115 919 2258 975 cium
2308 932 2465 973 suum
2502 916 2884 971 manifestatus
2928 910 3102 967 est“.
3135 929 3154 962 ι
3196 910 3262 967 Et
3305 914 3579 981 quodnam
3624 919 3703 965 est

2115 1006 2497 1064 sacriﬁcium?
2530 1025 2549 1059 ι
2584 1005 2756 1061 Suum
2787 1004 2931 1059 enim
2956 1016 3158 1071 corpus
3181 1000 3381 1056 obtulit
3420 1017 3520 1072 pro
3551 1000 3703 1055 nobis

2117 1095 2172 1152 in
2206 1098 2429 1153 odorem
2473 1094 2766 1151 suavitatis
2810 1092 2921 1149 Deo
2970 1100 3025 1148 et
3064 1090 3237 1155 Patri,
3284 1100 3339 1146 et
3373 1091 3602 1145 intravit
3651 1091 3703 1145 in

2115 1196 2303 1245 sancta
2354 1185 2546 1254 semel,
2596 1200 2703 1241 non
2754 1199 2852 1256 per
2900 1184 3221 1255 sanguinem
3270 1182 3571 1249 hircorum,
3614 1191 3706 1236 aut

2116 1290 2417 1347 taurorum,
2449 1280 2546 1336 sed
2581 1293 2677 1349 per
2707 1292 2867 1333 suum
2909 1276 3257 1347 sanguinem.
3287 1275 3380 1330 Sic
3407 1273 3555 1329 enim
3584 1288 3704 1329 cre-

2118 1371 2369 1429 dentibus
2404 1372 2456 1427 iu
2501 1386 2561 1427 se
2606 1370 2983 1427 remissionem
3026 1373 3079 1425 in
3124 1378 3392 1424 aeternum
3432 1380 3706 1435 compara-

2119 1464 2197 1518 vit
2222 1462 2286 1516 ".
2324 1480 2343 1514 ι
2396 1462 2543 1533 Ergo
2586 1460 2805 1533 plurimi
2844 1462 3063 1533 quidem
3121 1470 3248 1516 ante
3301 1459 3479 1531 ipsum
3527 1460 3704 1515 sancti

2116 1557 2307 1622 luere;
2355 1556 2449 1612 sed
2488 1568 2650 1611 nemo
2676 1566 2864 1609 eorum
2896 1552 3219 1608 Emmanuel
3262 1550 3573 1606 nominatus
3600 1559 3701 1606 est.

2116 1648 2290 1717 Quam
2336 1648 2407 1703 ob
2451 1645 2722 1704 causam?
2757 1643 3009 1702 Nondum
3052 1645 3199 1701 enim
3230 1652 3455 1700 venerat
3500 1653 3707 1714 tempus

2114 1754 2223 1810 quo
2252 1739 2472 1795 deberet
2502 1752 2627 1793 esse
2668 1736 2974 1803 nobiscum,
3024 1736 3076 1792 id
3105 1746 3209 1802 est,
3242 1736 3295 1790 in
3339 1744 3583 1792 nostram
3615 1750 3707 1790 veo

2115 1832 2235 1887 nire
2262 1843 2516 1887 naturam
2545 1844 2643 1901 per
2676 1844 2926 1894 carnem,
2956 1829 3003 1885 is
3040 1828 3132 1898 qui
3161 1837 3246 1883 est
3276 1828 3424 1882 omni
3456 1827 3710 1898 superior

2119 1930 2390 1979 creatura.
2443 1919 2594 1977 Unus
2628 1919 2791 1991 igitur
2833 1918 3178 1985 Emmanuel,
3226 1918 3395 1975 semel
3436 1919 3582 1975 enim
3631 1918 3712 1973 fa.-

2119 2021 2241 2068 ctus
2272 2022 2357 2068 est
2400 2013 2562 2068 homo
2610 2010 2959 2083 Unigenitus,
3003 2020 3133 2066 tunc
3161 2026 3286 2067 cum
3319 2026 3418 2081 per
3461 2022 3707 2067 sanctam

2120 2102 2402 2174 Virginem
2462 2103 2871 2174 generationem
2926 2103 3203 2159 carnalem
3267 2120 3560 2175 perpessus
3604 2116 3707 2161 est.

2119 2194 2337 2251 Dictum
2364 2205 2447 2251 est
2478 2194 2624 2251 enim
2662 2206 2717 2250 et
2765 2195 2832 2249 ad
2863 2193 3047 2251 Jesum
3078 2194 3248 2251 lilium
3276 2195 3427 2261 Nave
3454 2214 3468 2250 :
3504 2215 3522 2247 ι
3557 2196 3710 2263 Quod

2118 2301 2216 2343 ero
2264 2295 2443 2342 tecum
2466 2286 2531 2340 “.
2568 2303 2587 2337 ι
2623 2286 2693 2339 At
2734 2302 2839 2341 non
2885 2297 3009 2341 erat
3057 2286 3147 2342 ille
3196 2286 3539 2343 Emmanuel.
3588 2286 3715 2342 Fuit

2119 2379 2286 2435 etiam
2318 2394 2442 2433 cum
2474 2378 2698 2451 Moyse;
2730 2379 2825 2433 sed
2857 2394 2959 2435 nec
2996 2378 3083 2435 ille
3113 2378 3435 2433 Emmanuel
3464 2379 3713 2433 nomina-

2120 2481 2207 2528 tus
2237 2479 2343 2528 est.
2381 2470 2551 2543 Igitur
2584 2470 2801 2541 quoties
2830 2472 3084 2527 audimus
3114 2484 3312 2526 nomen
3355 2468 3495 2525 Filio
3522 2470 3709 2525 datum

2120 2578 2265 2634 esse,
2322 2583 2342 2617 ι
2376 2564 2662 2620 nobiscum
2713 2564 2877 2629 Deus,
2909 2581 2929 2616 ι
2984 2563 3265 2633 sapienter
3315 2562 3707 2632 intelligamus,

2120 2670 2228 2712 non
2270 2655 2343 2710 ita
2385 2656 2559 2725 ipsum
2588 2655 2760 2710 fuisse
2789 2655 3075 2711 nobiscum
3109 2654 3427 2710 novissimis
3454 2654 3713 2724 tempori-

2120 2747 2247 2815 bus,
2279 2748 2423 2803 sicut
2451 2747 2651 2801 dicitur
2678 2747 2974 2816 aliquando
2996 2746 3165 2802 fuisse
3187 2756 3310 2802 eum
3341 2747 3577 2802 sanctis:
3605 2747 3713 2804 illis

2120 2838 2265 2894 enim
2316 2848 2436 2894 erat
2481 2847 2691 2892 tantum
2735 2838 2988 2908 adiutor;
3032 2836 3315 2894 nobiscum
3365 2848 3548 2892 autem
3590 2835 3708 2900 fuit,

2122 2929 2177 2985 id
2203 2939 2307 2996 cst,
2336 2929 2513 2986 lactus
2532 2936 2618 2985 est
2647 2928 2847 2985 similis
2877 2930 3076 2995 nostri,
3108 2944 3230 2985 cum
3256 2944 3409 2985 suam
3445 2944 3551 2983 non
3578 2928 3712 2983 anti-

2123 3022 2285 3079 sisset
2323 3032 2570 3078 naturam
2599 3034 2615 3074 :
2644 3031 2727 3077 est
2761 3023 2907 3077 enim
2954 3021 3409 3087 inconvertibilis,
3457 3030 3517 3077 ut
3548 3021 3707 3077 Deus.

2726 3157 2979 3211 ΚΕΦᾹΛ.
3022 3158 3103 3213 H'.

2282 3271 2439 3336 Τίνα,
2475 3271 2651 3341 φησι,
2674 3272 2933 3344 λέγομεν
2961 3268 3114 3327 εἶναι
3147 3271 3262 3340 τὴν
3294 3272 3540 3327 ἕνωσιν.

2189 3407 2264 3462 Τὸ
2299 3408 2400 3478 τῆς
2444 3408 2692 3472 ἀνώσεως
2722 3408 2914 3480 χρῆμα
2948 3408 3091 3463 κατὰ
3122 3408 3351 3473 πολλοὺς
3382 3408 3711 3463 ἐπιτελεῖται

2118 3496 2382 3568 τρόπους·
2428 3497 2749 3571 διῃρημένοι
2793 3500 2904 3571 γᾶρ
2944 3516 3093 3565 τινες
3133 3499 3277 3553 κατὰ
3320 3499 3556 3555 διάθεσιν
3618 3502 3711 3555 καὶ

2120 3588 2368 3662 γνώμην,
2403 3591 2499 3645 καὶ
2530 3590 2895 3661 διχονοοῦντες
2949 3592 3087 3663 πρὸς
3120 3592 3419 3663 ἀλλήλους,
3461 3592 3709 3647 ἑνοῦσθαι

2120 3681 2367 3750 λέγονται
2396 3682 2539 3737 κατὰ
2568 3682 2843 3753 σύμϐασιν
2864 3683 3107 3754 φιλικὴν,
3140 3684 3205 3737 ὲκ
3234 3684 3405 3755 μέσου
3431 3683 3711 3746 ποιοῦντες

2116 3774 2218 3839 τὰς
2254 3773 2552 3846 διαφοράς·
2600 3772 2854 3827 ἑνοῦσθαι
2903 3773 2963 3828 δέ
3006 3791 3188 3845 φαμεν
3220 3777 3317 3830 καὶ
3361 3775 3430 3829 τὰ
3460 3775 3710 3846 ἀλλήλοις

2119 3866 2459 3938 κολλώμενα,
2491 3866 2662 3937 ἤγουν
2728 3865 3107 3937 συνηνεγμένα
3159 3866 3282 3922 καθ’
3334 3866 3557 3938 ἑτέρους
3590 3866 3710 3935 τρό-

2120 3973 2278 4022 ⁶κους,
2322 3956 2357 4028 ἢ
2404 3954 2548 4009 κατὰ
2584 3952 2909 4026 παράθεσιν,
2942 3954 2976 4024 ἢ
3017 3952 3251 4024 μίξιν,ἢ
3298 3954 3498 4026 κρᾶσιν
3524 3970 3537 3985 υ
3582 3953 3711 4006 ὅταν

2120 4043 2217 4102 οὖν
2245 4046 2501 4101 ἑνοῦσθαι
2538 4045 2773 4116 λέγομεν
2805 4048 2873 4115 τῇ
2918 4042 3038 4098 καθ’
3086 4046 3235 4117 ἡμᾶς
3283 4045 3446 4114 φύσει
3487 4043 3580 4098 τὸν
3613 4041 3709 4098 τοῦ

2120 4138 2259 4193 Θεοῦ
2283 4139 2479 4207 Λόγον,
2508 4136 2775 4208 κρείττων
2801 4136 2999 4207 δρᾶται
3026 4135 3129 4207 τῆς
3148 4134 3439 4207 ἀνθρώπου
3469 4135 3708 4200 διανοίας

2117 4230 2148 4283 δ
2168 4231 2269 4301 τῆς
2292 4228 2536 4293 ενὼσεως
2560 4227 2757 4299 τρόπος
2783 4242 2796 4257 ⁸
2826 4227 2887 4280 οὗ
2916 4228 3025 4300 γάρ
3050 4245 3133 4282 τοι
3154 4229 3277 4283 καθ’
3304 4229 3400 4283 ἕνα
3427 4228 3539 4283 τῶν
3566 4231 3707 4301 είρη-

2122 4322 2300 4394 μένων
2356 4322 2537 4376 ἐστίν’
2588 4321 2905 4391 ἀπόρρητος
2937 4320 2994 4373 δὲ
3041 4322 3343 4390 παντελῶς,
3391 4322 3486 4377 καὶ
3529 4322 3707 4377 οὐδενὶ

2118 4416 2263 4487 τάχα
2288 4415 2399 4470 τῶν
2456 4416 2627 4471 ὅντων
2669 4414 3105 4485 διεγνωσμένος,
3136 4415 3275 4489 πλὴν
3315 4417 3397 4470 ὅτι
3430 4415 3577 4488 μόνῳ
3628 4416 3707 4487 τῷ

2120 4508 2299 4563 πάντα
2336 4507 2501 4562 εἰδότι
2526 4505 2665 4577 Θεῷ.

538 4598 608 4655 Et
654 4599 787 4656 nihil
850 4600 1080 4668 mirum,
1117 4600 1163 4657 si
1208 4600 1262 4656 in
1325 4598 1634 4670 huiusmodi
1686 4600 2017 4673 cogitatione

2194 4598 2303 4652 Καὶ
2339 4596 2651 4668 θαυμαστὸν
2701 4599 2886 4664 οὐδὲν,
2924 4601 2973 4652 εί
3012 4597 3121 4651 τῶν
3180 4596 3437 4650 τοιούτων
3490 4596 3708 4649 ἰννοιῶν

430 4692 739 4759 vincamur,
786 4707 907 4747 cum
944 4707 1032 4749 res
1064 4704 1306 4760 nostras,
1352 4696 1625 4767 quomodo
1668 4709 1727 4752 se
1757 4695 2009 4761 habeant,

432 4783 797 4854 inquirentes,
842 4784 981 4839 ultra
1017 4788 1236 4841 modum
1268 4795 1469 4842 nostra:
1514 4786 1711 4841 mentis
1746 4785 2010 4842 inventio-

2122 4688 2440 4761 ἡττώμεθα·
2477 4690 2567 4744 ὅτε
2598 4692 2668 4746 τὰ
2701 4691 2824 4746 καθ’
2862 4693 3011 4763 ἡμᾶς
3042 4690 3239 4753 αὐτοὺς
3292 4690 3442 4753 ὅπως
3484 4688 3551 4742 ἂν
3594 4689 3707 4759 ἔχοι

2121 4782 2562 4855 διερευνώμενοι,
2591 4786 2689 4854 τῆς
2741 4784 2974 4855 ἐνούσης
3015 4784 3147 4854 ἡμῖν
3178 4781 3415 4845 διανοίας
3447 4781 3709 4835 ἐπέκεινα

431 4891 555 4931 nem
599 4890 719 4931 esse
760 4877 1156 4945 conllteamur;
1189 4889 1543 4948 quonamque
1587 4878 1747 4933 modo
1773 4878 2012 4934 animam

2121 4874 2221 4945 τὴν
2252 4874 2558 4945 κατάληψιν
2582 4875 2957 4948 ὁμολογοῦμεν
2984 4872 3423 4947 ὑπάρχειν.Τίνα
3448 4872 3555 4943 γὰρ
3585 4872 3704 4944 τρό-

431 4967 671 5024 Ιιοωίιιίε
713 4983 812 5024 suo
845 4970 1062 5038 corpori
1098 4971 1389 5025 adunatam
1416 4983 1540 5026 esse
1570 4970 1857 5040 putemus?
1880 4970 2012 5037 Quis

2124 4983 2224 5020 πον
2256 4966 2499 5038 ἡνῶσθαι
2539 4966 2771 5038 νοοῦμεν
2815 4968 2915 5040 τὴν
2948 4966 3043 5023 τοῦ
3092 4967 3384 5041 ἀνθρώπου
3425 4966 3603 5038 ψυχὴν
3630 4966 3709 5037 τῷ

429 5068 517 5115 est
548 5060 640 5129 qui
673 5058 725 5113 id
749 5060 921 5127 possit
948 5059 1298 5128 exprimere?
1322 5060 1426 5116 Sed
1461 5060 1504 5114 si
1536 5070 1749 5129 oportet
1779 5076 1892 5129 eos,
1918 5062 2007 5130 qui

2125 5058 2241 5129 ἰδίῳ
2268 5061 2516 5131 σώματι;
2551 5060 2647 5124 Τίς
2697 5062 2725 5114 ό
2763 5062 2970 5131 φράσαι
3014 5060 3345 5131 δυνάμενος;
3374 5060 3437 5111 Ei
3472 5058 3529 5111 δὲ
3579 5059 3707 5129 χρὴ,

430 5166 595 5222 parva
628 5164 693 5205 ea
742 5150 830 5205 vix
882 5151 1186 5221 intelligere
1236 5153 1479 5219 soleant;
1530 5155 1637 5207 imo
1684 5164 1739 5209 et
1786 5170 1880 5211 eos
1918 5155 2009 5224 qui

2122 5153 2296 5225 μικρὰ
2332 5153 2426 5206 καὶ
2446 5152 2598 5223 μόλις
2629 5154 2831 5208 ἐννοεῖν
2871 5154 3151 5219 εἰωθότας,
3177 5154 3272 5208 καὶ
3288 5152 3471 5206 λαλεῖν
3501 5151 3711 5221 ἰσχύον-

431 5243 643 5298 valeant
678 5242 1001 5313 intelligere,
1048 5254 1157 5299 tam
1189 5245 1416 5301 subtiles
1451 5261 1535 5301 res
1572 5256 1626 5301 et
1655 5260 1869 5301 omnem
1919 5263 2008 5301 ra-

2121 5263 2247 5313 τας,
2282 5245 2390 5300 τῶν
2425 5244 2597 5308 οὕτως
2651 5247 2847 5316 ίσχνῶν
2873 5289 2886 5314 ,
2926 5248 3021 5301 καὶ
3069 5245 3208 5317 ὑπὲρ
3260 5244 3387 5298 νοῦν
3423 5244 3518 5297 καὶ
3552 5242 3713 5309 λόγον

431 5338 635 5391 tionem
683 5336 1136 5393 transcendentcs
1185 5338 1494 5407 conjeCtare
1533 5360 1545 5395 :
1580 5341 1813 5396 dicimus
1865 5342 2007 5411 quod

2121 5339 2464 5409 πραγμάτων
2486 5340 3033 5413 κατατεκμήρασθαι,
3062 5338 3265 5407 φαμὲν,
3291 5338 3371 5390 ὅτι
3406 5335 3607 5407 πρέποι
3641 5333 3714 5387 ἂν

432 5427 622 5483 deceat
655 5428 899 5497 cogitare
929 5429 1203 5500 (quamvis
1250 5433 1428 5503 minor
1460 5432 1529 5487 sit
1558 5432 1733 5488 oratio
1764 5430 1830 5487 ad
1867 5432 2005 5487 veri-

2121 5435 2345 5489 twosi‘v'
2380 5432 2548 5505 μείων
2567 5436 2625 5492 δὲ
2657 5435 2878 5500 πάντως
2903 5434 3003 5504 τῆς
3033 5432 3292 5505 ἀληθείας
3316 5432 3345 5485 ὁ
3372 5431 3559 5500 λόγος’
3591 5443 3714 5481 τοι-

500 5656 729 5715 "Joan.
778 5677 815 5726 ι,
870 5661 924 5715 5.
1019 5660 1223 5718 "Luc.
1278 5662 1429 5727 t,5l.
1536 5665 1579 5695 "
1615 5664 1775 5720 llcln'.
1832 5680 1888 5722 ll.
1946 5664 2017 5718 li

2135 5663 2179 5695 ‘°
2215 5662 2379 5720 llebr.
2412 5680 2487 5728 ιχ,
2520 5664 2605 5721 ιι.
2723 5665 2759 5694 ³⁸
2798 5663 2929 5719 Ibid.
3014 5664 3056 5697 "
3088 5662 3251 5720 Josne
3278 5679 3312 5729 ι,
3343 5679 3397 5717 v.

501 5865 573 5931 (ί)
637 5867 932 5927 Authcrtus
984 5870 1285 5928 versionem
1351 5871 1665 5929 Mercato'is
1724 5872 2013 5931 emendare
2054 5871 2221 5930 voluit
2263 5888 2327 5931 ex
2357 5871 2566 5929 Graeco.
