4058 6328
368 450 507 509 1-5Π

1294 435 1588 493 SCilOLIA
1635 433 1721 489 DE
1762 424 2283 486 INCARNA'I'IONE
2326 422 2710 481 UNIGENITI.

3540 424 3677 483 £373

370 564 542 635 αύτην
572 558 713 616 εἶναι
742 562 839 633 τὴν
869 561 1068 613 ἕνωσιν
1104 553 1199 608 τοῦ
1258 550 1631 623 Ἐμμανουὴλ,
1675 548 1969 615 όποίανπερ

2086 541 2274 609 tatem)
2312 538 2475 593 talem
2507 552 2629 593 esse
2674 534 3067 592 adunationem
3119 533 3292 605 ipsius
3324 531 3679 597 Emmanuel,

369 658 439 710 ἂν
472 654 750 723 λογίσαιτό
783 669 866 715 τις
899 652 995 703 καὶ
1018 649 1118 718 τὴν
1146 647 1270 719 [fon
1303 646 1405 714 τῆς
1429 642 1525 697 τοῦ
1554 643 1713 711 άνθρ.
1744 635 1962 709 ψυχῆς]

368 747 465 802 τοῦ
488 748 783 817 ἀνθρώπου
816 744 993 813 ψυχὴν
1025 742 1161 813 πρὸς
1182 741 1243 792 τὸ
1267 739 1401 792 ῖδιον
1435 736 1617 807 σῶμα.
1654 731 1965 787 υἰκειοῦται

367 840 479 911 γάρ
503 841 538 911 ἡ
563 838 712 909 ψυχὴ
732 836 801 889 τά
830 834 924 888 τοῦ
959 834 1232 904 σώματος,
1260 827 1438 883 καίτοι
1471 827 1613 882 κατά
1642 826 1805 895 φύσιν
1832 822 1966 876 ἰδίαν

366 933 637 1003 ἀμέτοχος
663 925 802 982 οὖσα
840 926 949 979 τῶν
985 922 1151 978 αὐτοῦ
1185 920 1379 976 παθῶν
1425 917 1675 988 φυσικῶν
1721 932 1781 968 τε
1823 914 1964 983 ἅμα,

367 1025 464 1076 καὶ
496 1021 605 1075 τῶν
634 1019 837 1085 ἔξωθεν
878 1015 1261 1085 ἐπαγομένων.
1296 1012 1546 1066 Κινεῖται
1600 1008 1698 1079 μὲν
1743 1006 1854 1078 γὰρ
1886 1007 1965 1069 εἰς

367 1111 577 1182 ὀρέξεις
606 1110 668 1162 τὸ
705 1108 865 1177 σῶμα
900 1104 1159 1176 φυσικάς,
1183 1102 1279 1156 καὶ
1302 1099 1723 1155 συναισθάνεται
1754 1096 1843 1150 διά
1865 1095 1965 1166 τὴν

365 1203 561 1254 ἕνωσιν
592 1200 627 1271 ἡ
669 1198 866 1253 ὲνοῦσα
901 1197 1077 1267 ψυχή·
1112 1192 1478 1264 συμμετίσχει
1514 1189 1574 1243 δὲ
1617 1190 1739 1242 κατ’
1774 1186 1967 1241 οὐδένα

359 1293 566 1365 τρόπον
586 1309 599 1323 ο
631 1289 803 1344 οῐεταί
834 1306 897 1357 γε
932 1288 1039 1358 μὴν
1074 1286 1212 1339 ἰδίαν
1261 1282 1565 1337 ἀπόλαυσιν
1598 1274 1738 1332 εῖναι
1775 1278 1837 1331 τὸ
1866 1276 1965 1346 τῆς

360 1386 594 1456 ὀρέξεως
627 1384 1001 1453 ἀποτέλεσμα·
1034 1379 1138 1432 κᾶν
1169 1379 1217 1430 εἰ
1259 1374 1645 1439 καταξαίνοιτο
1692 1370 1857 1441 τυχὸν
1902 1368 1965 1421 τὸ

364 1477 551 1547 σῶμα,
600 1477 693 1529 καὶ
734 1474 941 1543 σιδήρῳ
999 1468 1385 1535 καταξαίνοιτο
1417 1466 1676 1533 συναλγεῖ
1727 1464 1848 1534 μὲν,
1888 1461 1966 1525 ὡς

366 1568 499 1621 ἰδίου
525 1568 827 1638 πάσχοντος
858 1564 1142 1635 σώματος’
1181 1561 1319 1631 αὐτή
1350 1577 1414 1628 γε
1447 1560 1554 1629 μὴν
1589 1560 1671 1621 εἰς
1702 1554 1838 1610 ἰδίαν
1864 1553 1965 1625 φύ-

363 1678 449 1715 σιν
482 1660 582 1715 οὐκ
613 1661 679 1715 ἄν
704 1676 759 1711 τι
795 1657 959 1712 πάθοι
986 1657 1096 1709 τῶν
1127 1653 1605 1724 ἐπενηνεγμένων.

436 1752 585 1824 Πλὴν
610 1752 721 1811 καὶ
744 1751 886 1821 ὑπὲρ
916 1748 1076 1802 τοῦτό
1120 1763 1303 1817 φαμεν
1338 1746 1432 1799 ἐπὶ
1461 1743 1559 1797 τοῦ
1608 1740 1967 1814 Ἑμμανουὴλ

2075 634 2291 705 qualem
2342 635 2465 703 quis
2517 630 2783 702 intelligat
2824 634 3066 685 animam
3118 628 3356 685 hominis
3401 628 3468 681 ad
3518 642 3679 682 suum

2074 741 2275 796 c0rpus
2313 726 2535 781 habere.
2573 724 2680 796 [(1)
2725 723 2923 777 Anima
2964 722 3109 776 enim
3152 719 3337 775 omnia
3386 734 3509 789 qua:
3550 725 3682 774 sunt

2074 819 2345 888 corporis,
2376 830 2499 871 esse
2542 825 2757 885 reputat
2792 828 2913 879 sua,
2955 814 3084 868 licet
3114 828 3212 883 per
3246 822 3503 867 naturam
3547 825 3677 882 pro-

2075 911 2250 982 priam
2281 924 2479 979 expers
2511 909 2581 963 sit
2615 906 2695 978 (2)
2728 906 3077 976 passionibus
3118 904 3394 976 corporis,
3421 913 3477 959 et
3514 912 3679 959 natu-

2077 1004 2306 1067 ralibus,
2335 1010 2390 1056 et
2408 1016 2533 1071 qua:
2559 1002 2904 1055 extrinsecus
2932 998 3232 1053 accedunt:
3252 1005 3507 1052 movetur
3526 997 3677 1052 enim

2076 1110 2274 1166 corpus
2322 1094 2375 1149 in
2424 1091 2905 1162 concupiscenti-as
2947 1090 3249 1155 naturales,
3288 1097 3347 1145 et
3394 1088 3675 1145 consentit

2075 1190 2277 1254 anima,
2326 1197 2381 1242 et
2433 1186 2585 1241 nullo
2630 1184 2756 1240 licet
2804 1182 2966 1237 modo
3010 1183 3367 1253 participans,
3407 1181 3676 1252 concupi-

2074 1278 2297 1331 scentia:
2334 1285 2519 1329 tamen
2564 1274 2773 1329 exitum
2808 1271 3231 1327 delectationem
3263 1274 3540 1343 propriam
3575 1272 3682 1327 du-

2075 1369 2170 1423 cit.
2212 1368 2278 1422 Et
2311 1370 2357 1423 si
2410 1365 2551 1423 forte
2581 1365 2729 1421 ferro
2772 1379 2975 1435 corpus
3015 1364 3382 1434 percutiatur,
3419 1372 3515 1418 aut
3563 1373 3681 1419 tor-

2073 1472 2330 1531 queatur,
2374 1458 2628 1515 condolet
2669 1457 2760 1512 illa
2794 1456 3041 1527 quidem,
3075 1456 3222 1525 quod
3270 1470 3428 1509 suum
3477 1468 3680 1525 corpus

2072 1558 2319 1626 patiatur
2349 1570 2364 1610 :
2394 1554 2510 1623 ipsa
2560 1566 2690 1606 vero
2723 1550 2777 1606 in
2828 1564 2928 1605 sua
2978 1559 3174 1603 natura
3226 1548 3437 1603 nullum
3471 1546 3679 1617 patitur

2072 1648 2297 1704 omnino
2326 1653 2683 1701 tormentum.

2145 1739 2356 1795 Tamen
2401 1754 2567 1809 super
2617 1737 2721 1792 lloc
2770 1748 2994 1807 quoque
3031 1732 3265 1789 dicimus
3314 1748 3437 1790 esse
3470 1736 3679 1789 aduna-

359 1845 460 1916 τὴν
492 1839 835 1898 ἓνωσιν.Ἦν
867 1842 964 1912 μὲν
1002 1842 1108 1911 γὰρ
1142 1841 1465 1907 ἀναγκαῖον,
1496 1838 1575 1907 τῷ
1602 1837 1714 1907 ἰδίῳ
1746 1836 1964 1906 σώματι

2079 1833 2302 1899 tionem,
2356 1846 2476 1902 quae
2528 1840 2613 1886 est.
2644 1830 2698 1885 in
2752 1828 3113 1883 Emmanucle
3142 1826 3285 1882 facta
3317 1845 3329 1880 :
3362 1836 3484 1883 erat
3530 1827 3679 1882 enim

364 1937 653 2005 συναλγεῖν
681 1937 780 2005 τὴν
817 1933 1114 1986 ἑνωθεῖσαν
1162 1932 1344 2000 ψυχήν
1368 1948 1379 1957 ·
1419 1929 1506 1982 ἵνα
1543 1928 1823 1997 φεύγουσα
1861 1925 1964 1989 τάς

2079 1936 2301 1978 necesse
2345 1938 2468 1977 cum
2502 1936 2603 1976 suo
2631 1934 2865 1989 corpore
2894 1920 3189 1975 adunalam
3224 1918 3272 1972 ei
3307 1917 3548 1972 animam
3579 1918 3679 1971 do-

363 2028 570 2089 αἰκίας,
611 2029 823 2097 εὐήνιον
870 2026 1136 2096 ὑποφέροι
1185 2025 1264 2094 τῷ
1304 2022 1424 2093 Θεῷ
1446 2022 1539 2075 τὸν
1570 2020 1796 2090 αὐχένα.
1835 2019 1963 2072 Ἐπὶ

363 2121 422 2175 δέ
457 2137 519 2188 γε
552 2120 646 2171 τοῦ
665 2118 801 2171 Θεοῦ
838 2118 1017 2185 Λόγου
1052 2118 1109 2169 τὸ
1146 2114 1606 2170 συναισθάνεσθαι
1636 2113 1744 2166 τῶν
1770 2112 1966 2166 αἰκιῶν

362 2213 566 2267 ἄτοπον
595 2213 770 2264 εἰπεῖν
796 2229 807 2240 ·
845 2212 1059 2273 ἀπαθὲς
1086 2211 1194 2281 γὰρ
1223 2210 1283 2264 τὸ
1329 2208 1507 2269 Θεῖον,
1553 2207 1645 2260 καὶ
1672 2207 1772 2259 οὐκ
1803 2205 1861 2259 έν
1900 2221 1965 2273 γε

367 2308 478 2367 τοῖς
501 2305 619 2357 καθ’
653 2306 802 2375 ἡμᾶς
824 2320 835 2330 ·
863 2303 977 2355 ἀλλ’
1005 2304 1186 2373 ἥνωτο
1216 2302 1315 2373 μὲν
1344 2300 1534 2372 σαρκὶ,
1558 2298 1736 2370 ψυχὴν
1762 2298 1967 2371 ἐχούσῃ

364 2396 465 2465 τὴν
491 2397 715 2466 λογικήν
738 2410 749 2423 ·
786 2394 1105 2464 πασχούσης
1131 2393 1189 2448 δὲ
1219 2394 1411 2463 αὐτῆς,
1444 2390 1675 2455 ἀπαθῶς
1700 2387 1767 2462 ἦν
1798 2392 1857 2444 ὲν
1885 2394 1966 2444 εἰ·

363 2490 518 2559 δήτει
554 2490 662 2540 τῶν
696 2490 775 2549 εἰς
806 2488 977 2555 αὐτὴν
1002 2486 1308 2556 γινομένων
1333 2502 1346 2515 ⁸
1378 2490 1471 2538 καὶ
1495 2484 1727 2553 ἠφάνιζε
1762 2484 1861 2554 μὲν
1890 2482 1967 2546 ὼς

364 2583 496 2643 θεὸς
543 2582 639 2644 τὰς
681 2582 779 2649 τῆς
815 2581 1018 2648 σαρκὸς
1065 2579 1387 2641 ἀσθενείας,
1441 2576 1706 2648 ᾠκειοῦτο
1748 2593 1810 2643 γε
1858 2574 1966 2646 μὴν

363 2675 534 2736 αὐτὲις
572 2674 646 2736 ὡς
675 2674 806 2725 ἰδίου
840 2672 1095 2741 σώματος
1118 2687 1131 2701 υ
1161 2670 1306 2724 οὕτω
1340 2672 1431 2723 καὶ
1461 2669 1718 2741 πεινῆσαι
1748 2668 1966 2737 λέγεται

366 2768 459 2821 καὶ
494 2770 714 2837 καμεῖν,
754 2767 847 2820 καὶ
887 2765 1079 2820 παθεῖν
1118 2765 1259 2835 ὑπὲρ
1286 2762 1471 2834 ἡμῶν.

437 3031 654 3085 Οὐκοῦν
679 3030 1071 3103 παρεικάξοιτο
1107 3030 1173 3083 ἂν
1200 3031 1231 3099 ἡ
1266 3029 1460 3093 ἓνωσις
1498 3026 1593 3080 τοῦ
1624 3028 1801 3095 Λόγου
1832 3028 1965 3097 πρὸς

364 3128 425 3177 τὸ
446 3124 790 3195 ἀνθρώπινον
820 3125 920 3177 οὐκ
948 3124 1057 3178 ἀπὸ
1095 3120 1301 3175 σκοποῦ
1332 3124 1447 3186 τοῖς
1480 3120 1604 3175 καθ’
1641 3123 1809 3191 ἡμᾶς.
1837 3120 1967 3173 Ὠσ-

364 3234 474 3289 περ
497 3219 607 3289 γάρ
638 3216 935 3287 έτεροφυὲς
970 3217 1069 3287 μὲν
1094 3216 1154 3269 τὸ
1187 3216 1348 3285 σῶμα
1375 3215 1512 3287 πρὸς
1532 3214 1632 3285 τὴν
1660 3213 1858 3284 ψυχὴν,
1885 3207 1967 3276 εἷς

366 3271 589 3380 γεΙιιλιν⁸
616 3308 675 3373 ἐξ
708 3271 930 3378 dilapsi;
958 3271 1249 3378 άνθρωπος
1273 3271 1626 3358 άποτελεῖτάι
1664 3271 1769 3359 καῖ
1795 3271 1967 3372 ’λέγεξ
1994 3271 2038 3330 C

364 3418 458 3455 ται
479 3418 492 3431 ο
526 3399 670 3453 οῦτω
702 3399 797 3451 καὶ
820 3398 1131 3460 ὲκ’τελείας
1163 3396 1520 3459 ὑποστάσεως
1568 3393 1663 3447 τοῦ
1696 3393 1833 3447 Θεοῦ
1864 3394 1968 3448 Λό-

366 3510 489 3563 γου,
524 3491 621 3545 καὶ
657 3490 765 3561 μὴν
806 3490 903 3545 καὶ
934 3490 995 3553 ἐξ
1022 3489 1447 3559 ἁνθρωπότητος
1478 3486 1702 3549 τελείως
1732 3485 1969 3557 ἐχούσης

367 3584 511 3641 κατὰ
533 3583 625 3638 τὸν
654 3585 788 3637 ἴδιον
809 3582 991 3651 λόγον,
1020 3576 1102 3646 εἷς
1128 3583 1157 3635 ὁ
1187 3580 1445 3652 Χριστὸς,
1465 3582 1492 3633 ὁ
1516 3580 1680 3643 αὐτὸς
1705 3580 1969 3650 ὑπάρχων

368 3682 427 3733 δν
446 3676 629 3746 ταυτῷ
658 3675 791 3738 Θεὸς
816 3691 875 3727 τε
900 3674 1038 3745 ὁμοῦ
1072 3676 1166 3727 καὶ
1196 3672 1506 3745 ἄνθρωπος.
1534 3672 1645 3725 Καὶ
1671 3672 1969 3725 οἰκειοῦται

372 3774 473 3843 μὲν
501 3772 529 3824 ό
558 3768 752 3837 Λόγος,
787 3767 863 3831 ὡς
893 3766 1053 3839 ἔφην,
1094 3766 1164 3819 τά
1192 3758 1301 3837 τῆς
1332 3765 1468 3828 ἰδίας
1502 3765 1727 3835 σαρκὸς,
1759 3764 1840 3817 ὅτι
1879 3764 1971 3818 καὶ

370 3865 538 3920 αὑτοῦ
568 3865 628 3919 τὸ
660 3864 841 3933 σῶμα.
898 3862 993 3914 κα)⁵
1037 3861 1135 3929 οὐχ
1190 3858 1414 3929 ἑτέρου·
1472 3859 1862 3911 κοινοποιεῖται
1912 3858 1971 3911 δι

370 3961 560 4030 ὥσπερ
597 3960 663 4029 τῇ
705 3957 811 4027 ἰδίᾳ
846 3954 1013 4027 σαρκὶ
1041 3953 1140 4023 τῆς
1179 3952 1407 4023 ἐνούσης
1446 3950 1598 4021 αὑτῷ
1631 3951 1971 4023 θεοπρεποῦς

370 4049 653 4119 δυνάμεως
694 4046 795 4118 τὴν
846 4045 1162 4116 ἐνέργειαν
1208 4042 1350 4095 ὥστε
1399 4040 1659 4095 δύνασθαι
1690 4044 1785 4095 καὶ
1836 4043 1973 4105 ζωο-

374 4144 549 4195 ποιεῖν
590 4140 720 4203 τοῦς
781 4137 1045 4208 νεκροὺς,
1105 4136 1197 4188 καὶ
1249 4134 1432 4189 ἰᾶσθαι
1490 4134 1618 4199 τοὺς
1671 4136 1728 4187 ὲν
1780 4136 1967 4208 άρῤω-

374 4230 575 4295 στίαις.

985 4362 1239 4416 ΚΕΦΑΔ.
1280 4361 1356 4415 8'.

857 4478 996 4543 Περὶ
1027 4476 1135 4530 τοῦ
1178 4476 1498 4545 ἄνθρακος.

2073 2013 2209 2079 lere,
2245 2012 2325 2084 (3)
2360 2022 2417 2065 ut
2462 2012 2591 2067 dum
2625 2011 2852 2067 timebat
2888 2012 3199 2082 passiones,
3246 2010 3525 2066 subditam
3554 2023 3681 2065 cer-

2071 2106 2246 2159 vicem
2276 2104 2388 2160 Deo
2411 2104 2809 2178 submitteret].
2848 2102 2924 2160 De
2954 2102 3069 2159 Deo
3105 2112 3289 2157 autem
3317 2102 3494 2159 Verbo
3548 2118 3682 2158 cou-

2072 2197 2258 2253 d0lere
2287 2199 2637 2268 passioaibus
2666 2198 2821 2253 nefas
2848 2208 2930 2254 est
2957 2196 3147 2252 dicere
3175 2214 3188 2249 :
3220 2195 3391 2267 783
3426 2196 3681 2265 impassi-

2072 2291 2197 2347 bilis
2221 2294 2368 2347 enim
2400 2292 2543 2347 Deus
2571 2303 2676 2358 est,
2713 2303 2769 2347 et
2799 2302 3115 2347 nostrarum
3146 2306 3328 2346 rerum
3374 2290 3533 2360 longe
3562 2289 3682 2343 dis-

2070 2385 2304 2451 similis;
2360 2386 2456 2440 sed
2499 2386 2772 2439 adunatus
2807 2385 3027 2453 quidem
3075 2392 3197 2439 erat
3244 2383 3398 2437 carni
3447 2382 3680 2437 habenti

2072 2479 2311 2532 animam
2356 2477 2757 2540 rationabilem,
2789 2492 2895 2547 qua
2925 2477 3172 2546 patiente
3204 2476 3321 2545 ipse
3365 2475 3683 2544 impassibi-

2073 2570 2161 2634 lis,
2203 2585 2269 2623 ca
2305 2585 2425 2638 qua:
2473 2570 2669 2623 animus
2714 2570 3125 2638 contingerent,
3174 2566 3572 2637 cognoscebat,
3627 2575 3684 2622 et

2070 2662 2440 2717 coutuiidebat
2485 2662 2729 2731 quidem,
2761 2671 2817 2715 ut
2859 2660 3025 2725 Deus,
3063 2663 3251 2716 carnis
3294 2659 3679 2727 infirmitates;

2071 2769 2201 2809 suas
2238 2762 2420 2807 tamen
2461 2768 2576 2816 eas,
2612 2761 2872 2821 tanquam
2916 2751 2997 2805 sui
3037 2751 3311 2820 corporis,
3342 2764 3467 2804 esse
3508 2747 3680 2803 duce-

2072 2850 2188 2903 bat.
2222 2846 2410 2915 Itaque
2435 2848 2699 2902 esuriisse
2737 2846 2957 2913 dicitur,
2998 2844 3262 2917 fatigatus
3295 2860 3441 2914 esse,
3480 2859 3681 2915 passus

2074 2940 2245 2994 fuisse
2277 2956 2376 3009 pro
2418 2940 2594 2994 nobis.

2146 3029 2292 3099 Ergo
2340 3029 2507 3085 Verbi
2557 3029 2842 3094 adunatio,
2875 3046 2997 3099 qua:
3042 3038 3127 3085 est
3162 3046 3285 3085 cum
3340 3030 3683 3086 humanitate

2074 3122 2246 3187 facta,
2294 3138 2402 3177 non
2448 3123 2905 3178 irrationabiliter
2941 3125 3103 3178 rebus
3147 3123 3352 3179 nostris
3390 3138 3683 3195 compare-

2075 3225 2185 3272 tur.
2224 3213 2358 3269 Nam
2396 3216 2541 3270 sicut
2572 3230 2772 3285 corpus
2817 3216 3048 3270 alterius
3092 3225 3177 3271 est
3230 3225 3442 3271 natura:
3482 3226 3686 3287 praeter

2079 3310 2348 3375 animam,
2381 3319 2437 3365 et
2466 3324 2608 3364 unus
2642 3316 2824 3362 tamen
2855 3322 2923 3362 ex
2976 3316 3210 3377 utroque
3256 3310 3420 3363 homo
3451 3306 3686 3363 elllcitur

2076 3410 2134 3458 et
2165 3412 2431 3465 vocatur;
2463 3401 2539 3455 ita
2583 3399 2751 3457 etiam
2782 3413 2851 3454 ex
2888 3398 3131 3469 perfecta
3161 3398 3257 3455 Dei
3294 3400 3458 3455 Verbi
3505 3401 3684 3455 subsi-

2072 3492 2270 3549 stentia
2314 3502 2370 3547 et
2416 3506 2485 3547 ex
2534 3490 2882 3546 humanitate
2912 3487 3157 3559 perfecta
3216 3504 3358 3544 unus
3409 3498 3491 3544 est
3523 3488 3685 3546 Chri-

2073 3597 2213 3651 stus,
2252 3586 2399 3641 idem
2431 3586 2485 3639 in
2531 3584 2722 3639 eodem
2761 3584 2905 3639 Deus
2934 3584 3099 3639 simul
3144 3592 3202 3638 et
3244 3584 3445 3648 homo;
3478 3593 3534 3637 et
3583 3598 3681 3639 sua

2073 3680 2292 3750 quidem
2342 3677 2494 3733 ducit
2527 3677 2673 3733 Deus
2712 3675 2979 3740 Verbum,
3028 3684 3089 3730 ut
3122 3686 3252 3730 ante
3288 3676 3424 3741 dixi,
3466 3690 3531 3730 ea
3564 3692 3685 3746 qua:

2074 3782 2203 3826 sunt
2259 3772 2446 3826 carnis
2482 3772 2727 3840 propria,
2768 3770 2896 3839 quia
2952 3769 3125 3838 ipsius
3171 3778 3257 3824 est
3305 3784 3525 3840 corpus,
3576 3787 3686 3825 unn

2075 3862 2326 3918 alterius.
2364 3860 2699 3917 Communes
2732 3870 2918 3915 autem
2960 3859 3097 3916 facit
3129 3870 3395 3931 tanquam
3430 3877 3556 3918 cum
3584 3877 3685 3916 sua

2075 3970 2246 4010 carne
2280 3954 2478 4009 divinae
2508 3967 2622 4009 suae
2679 3953 2989 4025 majestatis
3030 3957 3410 4025 operationes,
3464 3961 3525 4010 ut
3558 3969 3689 4025 pos-

2074 4058 2159 4104 set
2192 4048 2359 4104 etiam
2394 4046 2673 4104 viviﬁcare
2704 4058 2971 4116 mortuos,
2999 4058 3055 4105 et
3085 4063 3284 4106 sanare
3314 4048 3585 4105 inﬁrmos.

2741 4357 2899 4415 CAP.
2936 4358 3029 4416 IX.

2695 4469 2773 4524 De
2808 4472 3057 4526 rarbone.

448 4590 510 4643 Εἰ
540 4589 598 4643 δὲ
646 4587 774 4659 χρὴ,
820 4588 916 4642 καὶ
955 4592 1066 4653 τοῖς
1107 4590 1170 4642 ὲκ
1204 4590 1301 4659 τῆς
1336 4589 1700 4645 θεοπνεύστου
1746 4593 1969 4665 Γραφῆς

2155 4585 2233 4657 (4)
2273 4586 2346 4640 At
2394 4586 2438 4641 si
2477 4587 2736 4642 convenit
2780 4588 3052 4658 exemplis
3094 4588 3262 4643 etiam
3297 4588 3496 4645 divinae
3534 4590 3685 4649 Scri-

377 4679 790 4752 παραδείγμασι
824 4680 1222 4750 κεχρημένους,
1250 4680 1505 4752 καθάπερ
1542 4683 1600 4735 ἑν
1635 4683 1827 4748 τύποις
1882 4686 1969 4739 τὸν

2083 4690 2293 4749 plura,
2338 4680 2492 4749 quasi
2552 4693 2651 4749 per
2697 4678 2968 4751 figuram,
3016 4678 3415 4738 adunationem
3462 4683 3685 4739 demon-

376 4775 472 4844 τῆς
506 4772 751 4835 ένὼσεως
785 4771 1103 4835 καταδεῖξαι
1147 4774 1368 4843 τρόπον,
1407 4776 1539 4846 φέρε
1589 4775 1864 4847 λέγωμεν.
1915 4781 1973 4832 '0

382 4866 651 4935 μακάριος
679 4864 925 4928 Ἡσαΐας,
972 4864 1329 4936 Ἀπεστάλη,ι
1362 4869 1516 4938 φησὶ,
1538 4869 1672 4939 πρός
1697 4888 1762 4939 με
1782 4870 1839 4923 ἓν
1858 4870 1971 4923 τῶν

384 4957 637 5029 Σεραφίμ
661 4971 673 4983 ·
706 4957 800 5010 καὶ
833 4958 890 5009 ὲν
914 4959 981 5028 τῇ
1025 4959 1173 5028 χειρὶ⁵
1201 4954 1345 5028 εἶχεν
1389 4958 1657 5031 ἄνθρακα,
1682 4961 1742 5015 δν
1878 4962 1970 5015 λα-

378 5048 487 5101 6ίδι
517 5048 708 5101 ἔλασεν
732 5049 839 5101 άπὸ
870 5048 967 5101 τοῦ
992 5049 1387 5120 θυσιαστηρίου
1409 5068 1421 5081 ·
1444 5052 1538 5103 καὶ
1560 5046 1691 5123 ἦλθε
1717 5053 1853 5121 πρός
1883 5070 1974 5125 με,

380 5144 473 5193 καὶ
498 5142 676 5211 ἥψατο
701 5140 812 5193 τῶν
844 5142 1070 5211 χειλέων
1112 5160 1238 5213 μου,
1281 5145 1378 5196 καὶ⁸
1410 5138 1591 5197 εἶπενο
1630 5145 1768 5200 Ἰδοὺ
1798 5146 1979 5217 ἥψατο

380 5233 538 5286 τοῦτο
572 5233 683 5285 τῶν
713 5234 939 5303 χειλέων
965 5250 1083 5299 σου,
1118 5237 1214 5289 καὶ
1250 5236 1445 5305 ἀφελεῖ
1468 5236 1567 5301 τάς
1593 5237 1826 5309 ἀνομίας
1856 5255 1976 5303 σου,

382 5328 478 5378 καὶ
515 5326 613 5389 τὰς
639 5326 919 5397 ἁμαρτίας
949 5343 1041 5380 σου
1075 5328 1482 5400 περικαθαριεῖ.
1510 5348 1529 5383 r
1564 5330 1750 5401 Φαμὲν
1790 5329 1848 5382 δὲ
1877 5330 1971 5383 τὸν

457 5504 501 5535 ’⁷
538 5502 639 5559 lsa.
667 5519 741 5568 rt,
766 5506 819 5573 6,
845 5505 901 5558 7.

465 5684 542 5749 (ι)
585 5683 699 5739 lloc
744 5684 1108 5755 fragmentum
1142 5685 1331 5742 iisdem
1380 5687 1549 5743 ferme
1579 5688 1761 5743 verbis
1805 5686 1972 5743 refert

387 5752 673 5809 Facuitdus
706 5755 801 5811 lib.
834 5752 917 5823 it,
946 5772 1063 5824 cap.
1100 5757 1148 5809 7.

459 5825 533 5895 (2)
578 5825 879 5890 Facuudus,
925 5830 1229 5893 passionum
1280 5830 1513 5898 corporis
1554 5840 1601 5883 et
1644 5830 1967 5884 naturalium

388 5905 431 5949 et
460 5913 576 5963 (μιιι⁹
602 5899 923 5952 extrinsecus
962 5900 1248 5961 arriittmt;
1285 5901 1427 5970 quod
1464 5901 1658 5955 melius
1691 5914 1794 5955 cst.

2082 4787 2300 4836 strare,
2339 4787 2461 4841 age,
2490 4772 2757 4838 dicamus,
2804 4782 2862 4827 ut
2895 4788 3210 4843 possumus.
3245 4773 3443 4829 Beatus
3476 4776 3687 4832 Isaias:

2090 4884 2106 4916 ι
2138 4862 2336 4919 Missus
2365 4873 2467 4931 est,
2503 4863 2702 4934 inquit,
2740 4865 2807 4917 ad
2855 4880 2941 4919 me
2987 4880 3129 4921 unus
3172 4880 3240 4922 ex
3272 4864 3586 4937 Seraphim,
3636 4882 3685 4923 et

2086 4959 2138 5013 in
2177 4973 2341 5012 manu
2388 4956 2627 5013 habebat
2674 4957 2993 5024 carbonem,
3027 4974 3191 5030 quem
3228 4959 3435 5031 forcipe
3480 4964 3688 5033 accepit

2086 5052 2154 5105 ab
2193 5050 2378 5115 altari,
2410 5062 2467 5106 et
2512 5050 2664 5106 venit
2704 5052 2772 5106 ad
2816 5067 2927 5116 me,
2960 5063 3016 5107 et
3056 5055 3232 5124 tetigit
3270 5055 3413 5109 labia
3462 5071 3603 5121 mea,
3634 5066 3688 5111 et

2083 5143 2223 5197 dixit
2263 5143 2329 5197 ad
2369 5158 2499 5198 me:
2538 5142 2675 5199 Ecce
2710 5143 2888 5215 tetigit
2939 5145 3043 5201 hoc
3074 5146 3217 5201 labia
3264 5157 3377 5212 tua,
3402 5157 3457 5202 et
3487 5149 3686 5204 adimet

2082 5239 2399 5307 iniquitates
2458 5245 2619 5305 tuas,
2668 5248 2725 5293 et
2794 5246 3018 5309 petcata
3075 5249 3165 5294 tua
3220 5241 3631 5311 repurgabit".
3666 5261 3683 5293 ι

2081 5330 2389 5387 Carbonem
2423 5341 2606 5387 autem
2640 5330 2883 5387 dicimus
2922 5330 3153 5402 figuram
3186 5341 3241 5387 et
3270 5332 3563 5403 imaginem
3596 5350 3686 5388 no-

2152 5693 2236 5833 ἕὸ)
2277 5692 2595 5760 Facundus,
2634 5709 2691 5751 ut
2733 5697 2989 5753 (intendo.

2178 5765 2231 5831 4)
2276 5764 2373 5819 llic
2408 5769 2606 5821 iterum
2638 5770 2988 5833 interpolavit

2178 5765 2231 5839 4)
2276 5764 2373 5819 llic
2408 5769 2606 5821 iterum
2638 5770 2988 5839 interpolavit
3020 5772 3328 5824 Autbertns
3355 5766 3683 5824 Mercatoris

2081 5836 2411 5911 Eersiouem,
2440 5846 2527 5911 _ut
2564 5848 2619 5892 et
2667 5840 2718 5894 iu
2767 5836 3149 5911 sequentibus,
3196 5856 3427 5909 quorum
3471 5851 3685 5895 textum

2079 5903 2327 5961 Gra’cum
2367 5906 2578 5965 habuit.
