4058 6328
342 453 478 513 1581

1268 443 1563 500 SCHOLIA
1608 441 1694 495 Dia”
1733 438 2249 493 INCMHVA'I'IUNE
2292 434 2671 494 UNIGENlTI.

3500 434 3523 486 1
3534 432 3639 489 3Βῖ

337 575 407 630 tu
446 570 617 637 ξύλων
647 566 930 640 ἀσήπτων,
954 564 1047 619 δύο
1082 564 1306 635 πήχεων
1341 562 1435 615 καὶ
1462 560 1700 630 ἡμίσους
1740 558 1802 610 τὸ
1836 554 1940 626 μῆ-

2052 557 2213 610 monii
2246 572 2311 611 ex
2349 556 2510 627 lignis
2545 554 2999 627 imputribilibus,
3023 550 3188 624 785
3225 552 3454 606 duorum
3489 553 3640 607 cubi-

339 682 438 727 κος
466 680 477 691 ·
506 662 599 715 καὶ
623 662 824 731 πήχεος
853 658 945 711 καὶ
979 656 1210 728 ἡμίσους
1244 655 1305 707 τὸ
1329 653 1528 715 πλάτος
1550 668 1563 682 ο
1594 650 1690 704 καὶ
1723 650 1925 720 πήχεος

336 756 439 811 καὶ
498 751 728 825 ἡμίσους
784 750 845 803 τδ
901 749 1065 819 ὕψος·
1121 748 1217 802 καὶ
1268 744 1719 816 καταχρυσώσας
1755 742 1925 811 αὐτὴν

339 846 553 919 χρυσίῳ
578 840 825 913 καθαρῷ,
854 841 1055 908 ἔξωθεν
1111 838 1209 892 καὶ
1241 836 1446 907 ἔσωθεν
1486 832 1793 906 χρυσώσεις
1824 832 1925 883 αύο

334 937 462 1008 τήν.
507 934 666 989 ’Δλλὰ
695 934 756 985 τὸ
784 926 885 1001 μὲν
916 932 1161 1002 ἄσηπτον
1197 926 1355 994 ξύλον
1388 925 1472 996 εἰη
1514 924 1583 979 ἄν
1629 924 1708 987 εἰς
1759 922 1929 975 τύπον

338 1029 436 1084 τοῦ
460 1028 739 1097 ἀφθάρτου
773 1024 1028 1095 σώματος
1052 1038 1064 1050 '
1099 1021 1344 1090 ἄσηπτος
1384 1018 1494 1091 γὰρ
1536 1020 1569 1087 ὴ
1602 1016 1822 1088 κέδρος’
1867 1016 1930 1068 τὸ

227 1096 231 1099 γ
332 1121 398 1175 δὲ
429 1096 675 1191 χρύσιον,
728 1117 802 1181 ὡς
844 1116 947 1187 ὕλη
994 1113 1103 1166 τῶν
1156 1112 1333 1166 ἄλλων
1388 1109 1784 1183 ὑπερηρμένη,
1830 1110 1932 1179 τῆς

335 1211 493 1274 θείας
522 1213 654 1283 ἡμῖν
676 1210 862 1273 οὐσίας
889 1206 1337 1278 κατασημήνιιεν
1368 1203 1436 1257 ἂν
1469 1204 1569 1274 τὴν
1597 1201 1891 1272 ὑπεροχήν.

415 1301 608 1373 ’Δθριι
634 1302 712 1368 δὲ,
737 1302 884 1364 ὅπως
910 1301 944 1369 ἡ
977 1297 1207 1361 κιϐωτὸς
1234 1297 1332 1369 ὅλη
1361 1296 1680 1367 κεχρύσωτο
1722 1292 1934 1365 χρυσίῳ

335 1394 569 1469 καθαρῷ
640 1393 841 1449 ἔσωθεν
892 1392 987 1446 καὶ
1032 1390 1250 1457 ἔξωθεν.
1299 1388 1516 1442 Ἤνωτο
1567 1388 1666 1459 μὲν
1706 1387 1814 1457 γὰρ
1864 1387 1931 1457 τῇ

338 1489 475 1559 ἁγίᾳ
502 1489 665 1560 σαρκὶ
690 1485 823 1549 Θεὸς
852 1485 927 1539 ὢν
955 1488 983 1539 ὁ
1014 1484 1187 1553 Λόγος
1208 1499 1221 1513 ·
1264 1484 1359 1537 καὶ
1384 1481 1565 1545 τοῦτο,
1600 1476 1778 1551 οἶμαι,
1816 1479 1936 1532 ἐστὶ

338 1583 402 1636 τὸ
444 1579 641 1647 ἔξωθεν
685 1575 1067 1650 κεχρυσῶσθαι
1089 1575 1185 1648 τὴν
1208 1574 1463 1629 κιὸωτόν.
1490 1575 1613 1627 Ὀτι
1634 1573 1691 1625 δὲ
1724 1571 1817 1624 καὶ
1838 1570 1936 1641 τὴν

339 1672 570 1729 ἐνοῦσαν
590 1670 666 1742 τῷ
700 1674 914 1742 σώματι
944 1668 1124 1741 ψυχὴν
1155 1666 1380 1739 λογικὴν
1423 1668 1563 1722 ἰδίαν
1610 1669 1933 1738 ἐποιήσατο,

341 1766 707 1832 καταδείξειεν
730 1766 796 1820 ἂν
827 1765 887 1817 τὸ
908 1763 1005 1819 καὶ
1020 1762 1223 1817 ἔσωθεν
1252 1762 1425 1834 αὐτὴν
1455 1759 1937 1832 καταχρυσοῦσθαι

337 1858 453 1912 δεῖν
499 1854 771 1921 ἐπιτάξαι.
807 1854 933 1908 Ὀτι
966 1854 1058 1906 καὶ
1105 1853 1404 1923 ἀσύγχυτοι
1454 1854 1834 1922 μεμενήκασιν
1880 1851 1936 1903 αἱ

2039 658 2213 703 torum
2242 661 2295 705 et
2319 651 2528 705 dimidii
2558 650 2927 719 longitudine;
2960 659 3011 701 et
3050 645 3331 701 inauraliis
3353 661 3474 698 eam
3506 659 3642 698 auro

2037 759 2191 812 puro,
2228 751 2381 797 extra
2410 750 2465 798 et
2505 742 2648 796 intra
2687 741 2968 796 inaurabis
2998 755 3118 793 eam
3135 740 3203 792 ’⁸.
3236 756 3255 788 ι
3292 738 3399 792 Sed
3435 739 3639 808 ligiium

2036 834 2278 904 quidem,
2314 849 2439 887 cum
2472 832 2805 903 iniputribile
2839 832 2931 896 sit,
2957 840 3041 885 est
3068 832 3240 897 ﬁgura
3280 828 3528 897 corporis
3558 828 3641 880 in-

2038 926 2279 993 corrupti
2316 942 2329 978 ε
2361 923 2714 993 imputribilis
2761 923 2908 979 enim
2959 924 3190 987 cedrus;
3256 933 3454 975 aurum
3487 936 3642 985 vero,

2037 1018 2193 1088 quasi
2233 1017 2489 1072 materies
2521 1016 2649 1072 aliis
2671 1018 2988 1086 pretiosior,
3013 1016 3211 1072 divinae
3244 1014 3402 1070 nobis
3430 1014 3641 1069 indicat

2038 1108 2367 1166 substantia:
2404 1107 2772 1178 maiestatem.

2109 1289 2393 1346 Attendite
2442 1288 2607 1359 igitur
2651 1286 2911 1359 quoniam
2948 1301 3076 1342 arca
3124 1295 3235 1341 tota
3287 1287 3536 1341 inaurata
3569 1287 3645 1344 sit

2041 1395 2176 1441 auro
2204 1396 2343 1452 puro
2384 1389 2540 1436 extra
2577 1389 2633 1434 et
2679 1380 2845 1434 intra.
2882 1379 3168 1434 Adunatus
3205 1379 3426 1447 quidem
3460 1376 3644 1433 fuerat

2042 1482 2243 1529 sanctae
2288 1471 2439 1525 carni
2492 1469 2635 1525 Deus
2665 1466 2926 1530 Verbum,
2960 1478 3016 1523 et
3067 1467 3120 1521 id
3166 1475 3271 1529 est,
3318 1474 3378 1518 ut
3426 1465 3643 1534 opinor,

2044 1577 2228 1618 arcam
2252 1562 2423 1617 fuisse
2452 1568 2605 1617 extra
2634 1560 2965 1616 inauratam.
2986 1557 3141 1625 Quod
3167 1572 3298 1613 vero
3318 1564 3373 1612 et
3400 1557 3641 1611 animam

2044 1653 2446 1719 rationabilem,
2475 1669 2598 1727 qua
2629 1653 2851 1723 corpori
2880 1653 3078 1714 inerat,
3111 1650 3385 1721 propriam
3425 1648 3643 1714 l'ecerit,

2044 1762 2113 1803 ex
2147 1748 2251 1803 boc
2277 1756 2520 1818 apparet,
2552 1745 2695 1817 quod
2724 1754 2783 1801 et
2809 1746 2949 1801 intra
2981 1760 3165 1800 arcam
3203 1741 3523 1811 praiceperit
3555 1741 3641 1795 in-

2047 1838 2251 1894 aurari.
2282 1836 2307 1911 Ι
2316 1838 2468 1907 Quod
2501 1848 2680 1893 autem
2717 1848 2927 1893 natura:
2955 1837 3071 1891 sive
3098 1834 3419 1891 substantiae
3452 1832 3644 1890 incon-

340 1950 555 2020 φύσεις,
605 1949 774 2020 {now
825 1946 1173 2012 ὑποστάσεις,
1218 1944 1471 1998 ἐντεῦθεν
1531 1943 1809 2014 εἰσόμεθα.
1864 1943 1939 1996 Τὸ

2052 1931 2178 1987 l'usaa
2234 1931 2557 1997 manserint,
2588 1932 2714 1989 hinc
2760 1932 3014 1986 scimus:
3045 1944 3238 1983 aurum
3271 1926 3415 1981 enim
3452 1938 3645 1995 snper-

340 2041 454 2113 γάρ
478 2059 558 2095 τοι
584 2040 805 2113 χρυσίον
833 2038 1307 2110 ὲπαληλειμμὲνον
1332 2036 1412 2108 τῷ
1434 2035 1596 2106 ξύλῳ,
1629 2036 1939 2108 μεμένηκεν

340 2136 482 2206 ὅπερ
507 2131 577 2207 ἦν
595 2152 610 2165 ·
660 2134 757 2188 καὶ
783 2132 1139 2187 κατεπλούτει
1174 2130 1273 2202 μὲν
1306 2131 1367 2185 τὸ
1396 2130 1551 2196 ξύλον
1577 2129 1671 2186 τοῦ
1714 2129 1938 2201 χρυσίου

340 2226 443 2296 τὴν
466 2226 624 2293 δόξαν
642 2242 655 2257 ο
689 2226 831 2298 πλὴν
856 2227 958 2281 οὐκ
986 2227 1200 2299 ἀπέστη
1225 2225 1318 2280 τοῦ
1344 2216 1485 2282 εἶναι
1514 2223 1692 2291 ξύλον.
1728 2225 1851 2279 Ὀτι
1880 2224 1940 2280 δι

342 2318 378 2387 ἡ
414 2317 646 2380 κιϐωτὸς
689 2317 770 2380 εἰς
798 2316 970 2370 τύπον
1014 2314 1514 2389 παραλαμϐάνεται
1555 2315 1651 2370 τοῦ
1676 2313 1938 2386 Χριστοῦ,

338 2407 431 2461 διὰ
462 2407 671 2461 πολλῶν
700 2408 766 2463 ἄν
793 2424 879 2471 τις
899 2408 1235 2464 πιστώσεται
1259 2408 1460 2477 λόγωνο
1477 2406 1804 2479 πρόεϐἁδιζε
1831 2407 1941 2479 γὰρ

340 2498 451 2553 τῶν
479 2497 541 2565 ἒξ
573 2499 810 2571 Ἰσραὴλ,
844 2499 1088 2573 ζητοῦσα
1112 2500 1299 2563 αὐτοῖς
1325 2500 1658 2557 ἀνάπαυσιν.
1698 2500 1844 2570 Ἔφη
1882 2496 1940 2550 δέ

344 2609 450 2645 που
468 2593 563 2645 καὶ
581 2595 610 2647 ὁ
636 2594 891 2665 Χριστός·
924 2612 942 2643 ι
965 2591 1340 2664 Πορεύσομαι,
1360 2592 1457 2647 καὶ
1479 2591 1758 2662 ἑτοιμάσω
1776 2590 1942 2646 τόπον

342 2684 498 2755 ὑμῖν.
524 2704 545 2738 ι
1058 2684 1061 2685 ⁷

978 2798 1135 2874 CAP.
1175 2816 1295 2872 xu.

345 2925 501 2994 Quod
530 2944 647 2981 cum
669 2938 799 2982 esset
840 2928 983 2982 Deus
1023 2926 1269 2994 Verbum,
1303 2928 1479 2997 factus
1517 2928 1587 2981 sit
1630 2927 1808 2994 homo,
1848 2945 1943 2985 nec

420 2999 575 3050 homo
621 2998 933 3066 simpliciter
960 3042 972 3056 .
1023 3004 1167 3051 nuda
1208 2997 1582 3067 conjunctione
1628 3001 1939 3067 honoratus,

420 3078 633 3121 voratus
656 3069 721 3121 sit
746 3069 814 3120 ad
842 3084 1019 3129 parem
1043 3070 1353 3136 dignitatem
1383 3066 1477 3121 Dei
1516 3066 1694 3134 Verbi,
1717 3070 1823 3124 sive
1846 3066 1942 3124 au?-

418 3138 741 3199 ctoritatem,
781 3138 919 3191 sicut
960 3139 1275 3206 quibusdam
1315 3137 1544 3192 videtur.

420 3248 648 3303 Divinus
686 3248 886 3304 Paulus
909 3250 950 3280 “
995 3265 1249 3321 maguum
1280 3250 1505 3320 quidem
1526 3252 1605 3305 ait
1660 3267 1780 3307 esse
1829 3268 1944 3323 my-
1970 3277 2015 3336 ο

345 3341 577 3395 sterinm
626 3341 863 3410 pietatis.
914 3341 980 3394 Et
1007 3355 1132 3395 vere
1164 3342 1235 3395 ita
1294 3355 1356 3395 se
1401 3357 1489 3397 res
1539 3344 1942 3402 habetnnani—

350 3431 576 3486 !estatus
606 3441 690 3486 est
711 3432 857 3485 enim
894 3434 946 3485 in
980 3446 1163 3498 carne,
1212 3447 1333 3485 cum
1365 3433 1436 3485 sit
1468 3433 1609 3488 Deus
1662 3432 1938 3506 Verbum;

344 3523 674 3592 jnstiﬁcatns
698 3533 779 3579 est
808 3536 987 3577 autem
1028 3523 1079 3575 in
1114 3522 1339 3591 Spiritu.
1382 3520 1540 3576 Nullo
1583 3524 1726 3575 enim
1783 3523 1944 3580 modo

350 3617 553 3669 nostris
584 3615 794 3669 videtur
828 3616 1235 3667 inﬁrmitatibus
1281 3614 1575 3679 contineri,
1612 3614 1741 3667 licet
1784 3612 1943 3681 juxta

351 3721 452 3760 nos
497 3707 660 3760 homo
699 3706 773 3759 sit
818 3704 1038 3759 factus:
1080 3718 1185 3756 non
1234 3704 1379 3757 enim
1428 3703 1560 3757 fecit
1612 3715 1893 3773 peccatum
1929 3725 1943 3763 :

349 3797 607 3865 apparuit
641 3804 822 3848 autem
879 3804 935 3860 et
993 3794 1222 3863 angelis.
1278 3792 1468 3858 Neque
1527 3794 1669 3846 enim
1720 3809 1947 3862 genera-

354 3884 555 3935 tionem
571 3882 742 3951 ipsins
762 3884 1058 3935 secundum
1080 3896 1300 3934 carnem
1361 3882 1751 3948 ignoraverunt
1771 3901 1784 3935 :
1808 3898 1946 3952 pra:-

349 3974 566 4028 tlicatus
617 3984 795 4027 autem
849 3984 904 4026 et
953 3974 1233 4043 gentibus,
1286 3973 1440 4040 quasi
1505 3974 1646 4028 Deus
1678 3973 1840 4027 homo
1867 3973 1947 4027 fa-

349 4076 506 4129 ctus;
556 4065 630 4118 ita
674 4047 1148 4118 autem'creditns
1200 4075 1283 4117 est
1366 4065 1418 4115 in
1476 4065 1695 4117 mundo.
1742 4053 1945 4120 Proba-

352 4158 430 4208 vit
483 4164 662 4209 autem
698 4156 918 4209 divinus
952 4154 1153 4209 Paulus
1202 4157 1275 4209 ita
1331 4156 1579 4209 scribens
1610 4173 1622 4209 :
1662 4173 1680 4206 ι
1717 4154 1946 4227 Propter

352 4246 498 4314 quod
530 4259 797 4299 memores
826 4253 1022 4308 estote,
1052 4246 1195 4313 quod
1226 4245 1522 4314 aliquando
1553 4260 1645 4299 vos
1678 4258 1866 4315 gentes
1891 4249 1944 4303 in

352 4353 542 4402 carne,
564 4339 653 4405 qui
709 4337 950 4392 dicimini
1000 4337 1345 4406 przeputium,
1374 4338 1441 4390 ab
1492 4352 1552 4391 ea
1597 4352 1718 4406 qua:
1748 4338 1946 4395 dicitur

354 4429 699 4483 circumcisio
752 4428 805 4481 in
860 4442 1026 4481 carne
1074 4425 1385 4480 manul‘acta
1420 4444 1435 4479 :
1469 4427 1594 4495 quia
1648 4429 1817 4484 eratis
1851 4429 1943 4483 illo

356 4531 599 4589 tempore
627 4523 747 4575 sine
762 4518 983 4574 Cbristo
1010 4519 1230 4572 alienati
1266 4535 1294 4571 a
1321 4520 1739 4576 conversatione
1755 4518 1944 4589 Israel,

2041 2024 2279 2097 positum
2328 2024 2475 2094 ligno
2530 2023 2733 2079 mansit
2787 2022 2841 2077 id
2885 2024 3031 2093 quod
3079 2032 3231 2083 erat,
3256 2027 3312 2075 et
3343 2019 3646 2073 ornabatur

2040 2118 2258 2187 quidem
2285 2116 2489 2187 lignum
2520 2117 2638 2169 auri
2664 2117 2901 2181 decore;
2936 2127 3121 2169 tamen
3153 2116 3358 2185 lignum
3386 2127 3511 2167 esse
3535 2125 3640 2166 non

2041 2208 2219 2265 desiit.
2247 2206 2401 2275 Quod
2436 2222 2566 2262 vero
2596 2222 2722 2261 arca
2762 2207 2815 2261 in
2849 2206 3049 2261 Christi
3102 2204 3404 2275 accipiatur
3447 2203 3644 2272 imagio

2042 2316 2189 2368 nem,
2221 2301 2468 2371 pluribus
2513 2309 2693 2371 potest
2730 2298 3152 2370 probationibus
3200 2294 3465 2351 declarari
3497 2290 3643 2367 (1).]

2042 2393 2477 2449 Prteambulabat
2504 2393 2651 2447 enim
2683 2393 2766 2448 bis
2799 2392 2891 2459 qui
2923 2400 3052 2449 sunt
3077 2406 3143 2445 ex
3169 2388 3356 2454 Israel,
3386 2400 3645 2457 quaerens

2042 2487 2179 2560 ipsis
2230 2485 2500 2554 requiem.
2538 2484 2630 2539 Ait
2680 2482 2880 2538 alicubi
2932 2490 2988 2537 et
3031 2480 3330 2537 Christus:
3377 2495 3398 2531 ι
3430 2477 3546 2543 Ibo,
3591 2485 3649 2532 et

2042 2579 2249 2650 parabo
2280 2578 2435 2635 vobis
2464 2577 2642 2635 locum
2659 2576 2729 2632 “.
2763 2595 2782 2630 ι

2114 2758 2403 2816 Credimus
2432 2757 2621 2831 igitur,
2646 2772 2751 2813 non
2784 2756 2838 2810 in
2868 2770 3037 2809 unum
3070 2754 3245 2809 nostri
3279 2751 3513 2809 similem
3539 2750 3651 2807 dci-

2046 2860 2157 2907 tate
2183 2866 2280 2923 per
2305 2851 2539 2923 gratiam
2572 2850 2924 2912 honoratum,
2959 2862 3028 2901 ne
3058 2846 3300 2901 cultores
3326 2859 3450 2900 esse
3476 2844 3651 2900 liomi-

2045 2945 2134 3000 nis
2160 2944 2512 3014 detegamur;
2544 2940 2641 2998 sed
2665 2943 2719 2996 in
2751 2940 3039 2996 Dominum
3061 2937 3256 3009 magis,
3277 2936 3443 3006 quiin
3462 2934 3649 2991 servili

2044 3035 2225 3091 forma
2262 3033 2589 3104 comparuit,
2621 3043 2678 3090 et
2710 3032 2802 3104 qui
2835 3030 2938 3085 fuit
2971 3046 3098 3085 vere
3138 3030 3310 3086 nostri
3345 3027 3564 3091 similis,
3594 3036 3651 3081 et

2047 3127 2101 3181 in
2134 3126 2476 3180 humanitate
2503 3134 2683 3179 tamen
2718 3124 2861 3187 Deus
2895 3123 3097 3185 mansit
3126 3142 3139 3178 :
3167 3122 3312 3179 Deus
3340 3124 3486 3176 enim
3519 3118 3652 3176 Ver-

2047 3216 2199 3285 bum,
2229 3234 2393 3274 carne
2419 3228 2718 3289 assumpta,
2756 3232 2861 3272 non
2900 3216 3151 3287 deposuit
3194 3215 3343 3286 quod
3364 3226 3523 3283 erat;
3560 3216 3650 3271 in-

2050 3311 2313 3383 telligitur
2338 3321 2521 3365 tamen
2552 3311 2694 3365 idem
2727 3309 2873 3365 Deus
2903 3310 3068 3364 simul
3097 3316 3152 3363 et
3179 3309 3365 3365 homo.

2120 3406 2186 3460 Et
2227 3405 2350 3460 ﬁdei
2398 3406 2617 3474 quidem
2664 3404 2805 3459 ratio
2840 3405 2914 3458 ita
2950 3418 3010 3458 se
3039 3401 3223 3467 habet,
3259 3411 3315 3455 et
3346 3411 3491 3456 recte
3528 3403 3653 3472 qui-

2048 3500 2191 3555 dem.
2222 3497 2329 3553 Sed
2376 3500 2419 3552 si
2466 3497 2607 3552 t'orte
2654 3495 2854 3565 aliquis
2900 3496 3070 3560 dicat,
3107 3493 3254 3561 Quid
3292 3493 3418 3547 mali
3466 3501 3571 3558 est,
3602 3494 3650 3547 si

2050 3587 2385 3655 intelligatur
2432 3586 2597 3639 homo
2647 3584 2844 3638 similis
2883 3584 3057 3637 nostri
3092 3584 3502 3654 apprehendere
3534 3583 3653 3636 dci-

2050 3687 2241 3741 tatem,
2277 3693 2341 3730 ac
2380 3693 2485 3729 non
2514 3676 2690 3747 magis
2718 3674 2862 3730 Deus
2895 3678 3058 3729 homo
3092 3674 3247 3729 ﬁeri?
3297 3676 3654 3747 respondebi-

2050 3785 2172 3822 mus
2227 3769 2375 3821 mille
2425 3784 2547 3823 esse
2591 3783 2712 3837 quae
2742 3768 3022 3824 contrario
3063 3777 3294 3835 possunt
3344 3769 3569 3836 opponi,
3596 3779 3651 3821 et

2049 3877 2185 3932 pene
2219 3862 2383 3915 etiam
2437 3871 2568 3914 nutu
2618 3859 3005 3933 signiﬁcantia,
3035 3874 3135 3915 nos
3178 3870 3436 3930 oportere
3486 3860 3651 3916 reniti

2048 3962 2384 4018 constanter,
2418 3966 2519 4007 nec
2550 3953 2777 4007 credere
2808 3953 2881 4005 ita
2912 3966 3056 4007 esse.

2122 4046 2235 4116 Age
2266 4047 2435 4111 enim,
2457 4056 2581 4099 ante
2602 4044 2707 4098 alia
2736 4045 3186 4113 dispensationis,
3203 4061 3324 4115 quae
3342 4061 3463 4100 cum
3484 4062 3655 4103 carne

2050 4138 2192 4193 facta
2242 4148 2347 4201 εει,
2385 4136 2603 4191 modum
2658 4150 2977 4201 cernamus,
3015 4146 3070 4190 et
3118 4148 3429 4191 nostrarum
3468 4154 3651 4193 rerum

2048 4242 2299 4286 naturam
2325 4231 2581 4284 subtilius
2614 4238 3020 4299 perscrutemur
3048 4247 3061 4281 :
3098 4230 3402 4298 periclitata
3435 4241 3519 4285 est
3549 4232 3653 4286 bo-

2049 4321 2211 4382 minis
2244 4336 2463 4389 natura,
2491 4333 2547 4380 et
2579 4325 2837 4394 depressa
2869 4331 2953 4378 est
2981 4322 3141 4377 malis
3166 4325 3449 4393 extremis,
3485 4326 3653 4380 male-

2047 4419 2285 4473 dictione
2317 4428 2372 4471 et
2402 4427 2575 4471 morte
2605 4417 2883 4479 damnata,
2916 4424 2968 4471 et
3004 4416 3215 4486 peccati
3262 4417 3470 4485 laqueis
3511 4418 3654 4472 irrc-

2047 4511 2168 4573 tita,
2204 4512 2444 4573 errabat,
2479 4520 2535 4564 et
2572 4518 2689 4564 erat
2724 4508 2896 4581 786
2944 4508 2995 4563 in
3050 4511 3321 4574 tenebris;
3357 4510 3523 4565 Deum
3559 4528 3655 4566 ne-

353 4622 409 4667 et
446 4612 689 4682 hospites
731 4619 1204 4671 testamentorum,
1241 4612 1619 4680 promissionis
1652 4627 1802 4682 spem
1832 4629 1940 4670 non

2052 4603 2258 4659 sciebat
2304 4618 2451 4667 eum,
2486 4603 2577 4671 qni
2627 4612 2713 4657 est
2759 4612 2951 4656 natura
2999 4610 3054 4656 et
3102 4603 3366 4668 veritate;
3414 4619 3513 4674 pro
3544 4605 3654 4659 Deo

353 4702 631 4763 habentes,
653 4711 707 4756 et
723 4702 838 4756 sine
856 4701 965 4755 Deo
984 4702 1033 4754 in
1070 4702 1170 4754 hoc
1197 4700 1395 4755 mundo
1413 4700 1551 4755 ηδ’.
1578 4720 1596 4753 ι
1628 4700 1797 4756 Erant
1823 4718 1954 4775 ergo
2054 4695 2223 4751 coluit
2245 4693 2640 4749 creaturam".
2665 4694 2947 4762 Quomodo
2970 4694 3134 4764 igitur
3162 4694 3469 4763 huiusmodi
3496 4696 3653 4752 malis

352 4802 544 4862 gentes
568 4791 621 4845 in
655 4793 855 4847 mundo
897 4792 1018 4845 sine
1052 4791 1185 4855 Deo,
1218 4807 1339 4845 cum
1376 4792 1582 4862 absque
1610 4790 1830 4847 Christo
1860 4809 1947 4851 es-

352 4894 495 4940 sent.
534 4882 735 4937 Verum
774 4885 1031 4953 quoniam
1085 4899 1208 4938 eum
1254 4898 1382 4937 vere
1435 4894 1489 4937 et
1537 4894 1729 4939 natura
1777 4886 1947 4942 Deum

352 4992 476 5030 csse
523 4986 882 5047 agnoverunt,
927 4978 1054 5044 ipsa:
1088 4991 1304 5047 quoque
1348 4979 1413 5031 ab
1450 4993 1515 5033 eo
1550 4979 1746 5047 agnita:
1791 4989 1941 5047 sunt,

356 5068 516 5121 ﬁdem
541 5068 883 5131 conﬁtentes,
905 5080 959 5122 et
986 5069 1098 5135 ipse
1136 5079 1445 5137 assumptus
1494 5081 1577 5125 est
1631 5072 1683 5126 in
1749 5073 1941 5142 gloria,

352 5174 501 5218 certe
534 5164 738 5218 divina.
779 5165 963 5219 Psallit
993 5165 1135 5216 enim
1171 5165 1362 5218 beatus
1392 5164 1558 5219 David
1586 5183 1600 5218 :
1642 5184 1660 5216 ι
1688 5168 1945 5222 Ascendit

355 5256 499 5311 Deus
543 5258 595 5311 in
639 5257 898 5327 iubilo".
928 5277 947 5309 ›
985 5258 1247 5312 Ascendit
1296 5259 1441 5311 enim
1477 5267 1625 5313 certe
1655 5273 1780 5313 cum
1822 5274 1945 5314 cor-

355 5364 506 5416 pore,
531 5363 630 5402 nec
658 5350 710 5403 in
743 5352 887 5405 nuda
918 5351 1119 5405 deitate
1146 5366 1160 5403 :
1196 5348 1335 5403 Deus
1367 5350 1513 5404 enim
1547 5360 1664 5405 erat
1691 5351 1943 5407 incarna-

357 5450 462 5493 tus.

426 5595 471 5627 "
534 5594 703 5649 Exod.
728 5598 975 5662 xxv,10.

1080 5598 1127 5629 δ’
1168 5598 1323 5654 Joan.
1348 5614 1459 5665 xw,
1486 5599 1542 5653 5.

355 5677 399 5709 η
438 5668 591 5720 llorn.
621 5683 657 5724 ι.
686 5666 775 5721 25.

1646 5597 1689 5629 ’ί
1725 5596 1742 5650 l
1773 5597 1911 5651 Tim.
1964 5614 2043 5661 tu,
2104 5600 2185 5652 l6.

2051 4796 2266 4860 poterat
2309 4787 2571 4842 liberari?
2617 4788 2699 4841 An
2746 4785 2877 4841 illud
2922 4786 3191 4851 dicemus,
3225 4790 3368 4858 quod
3409 4786 3492 4843 fas
3533 4798 3654 4844 erat

2053 4881 2669 4939 humanitati-divinam
2731 4892 2983 4934 naturam
3033 4881 3487 4948 apprehendere,
3532 4898 3653 4951 qme

2055 4978 2291 5033 nesciret
2320 4976 2567 5039 omnino,
2608 4974 2787 5043 qualis
2815 4982 2964 5028 esset
2992 4974 3225 5043 dignitas
3255 4985 3376 5026 nati'
3418 4990 3461 5028 ω
3487 4976 3655 5029 cmin-

2053 5070 2189 5130 Stis,
2236 5082 2360 5121 cum
2410 5076 2557 5121 esset
2601 5066 2926 5135 ignorantia
2975 5067 3214 5121 tenebris
3260 5078 3559 5135 occupata,
3600 5080 3656 5124 et

2055 5162 2262 5230 peccati
2296 5161 2551 5215 sordibus
2581 5160 2910 5229 inquinata?
2949 5158 3235 5226 Quomodo
3268 5172 3477 5229 poterat
3533 5162 3650 5215 ﬁeri

2052 5265 2107 5308 nt
2156 5253 2588 5324 apprelienderet
2638 5264 2883 5308 sanctam
2930 5262 3227 5316 naturam,
3278 5262 3333 5305 et
3379 5252 3652 5321 aeciperct

2052 5349 2301 5416 gloriam,
2328 5361 2489 5416 quam
2538 5360 2699 5399 nemo
2735 5344 2997 5409 inveniat,
3026 5346 3128 5399 nisi
3169 5345 3475 5413 acceperit?
3503 5344 3651 5400 Con-

2052 5442 2312 5496 cedamus
2353 5440 2501 5494 enim
2555 5440 2701 5507 quod
2741 5441 3058 5509 cognoverit
3091 5437 3345 5501 fortasse,
3379 5448 3433 5491 et
3464 5438 3652 5492 scierit

2293 5597 2413 5631 ³¹·³³
2449 5596 2646 5667 Epltes.
2679 5612 2737 5660 tt,
2796 5596 2883 5664 Η,
2938 5598 3025 5654 12.
3147 5599 3189 5629 ³⁸
3223 5596 3366 5653 PS-li-
3417 5612 3560 5659 XL":
3592 5596 3649 5651 6·

424 5807 499 5876 (1)
526 5806 692 5881 ilnnc
728 5819 940 5881 quoque
978 5803 1265 5881 locnm_ex
1304 5802 1494 5881 eadem
1528 5802 1779 5858 versione
1806 5803 1935 5858 citat
1980 5804 2269 5863 Facundos
2327 5808 2549 5865 ibidem.
2613 5809 2754 5865 (litat
2784 5810 2947 5867 etiam
2986 5808 3242 5867 Leontius
3266 5808 3561 5881 Byzantius
3594 5802 3650 5859 in

352 5875 456 5934 suo
502 5880 621 5931 libri
662 5878 821 5946 pritni
862 5877 1125 5931 adversus
1169 5875 1559 5944 Eutycliianos.
