4058 6328
486 418 509 469 i
521 417 624 470 585

1469 409 1529 465 8.
1567 405 1835 466 εῖιὶιιιι
1876 403 2350 463 ΑιειΑΝοιιιΝι
2388 404 2714 463 ARCBIEP.

3610 402 3747 460 1384

485 530 888 600 apprehendere
935 528 1099 585 Deum
1148 525 1273 600 [pro
1304 526 1605 600 deitatem].
1644 527 1778 596 Quis
1831 538 1917 582 est
1964 526 2056 597 qui
2087 533 2130 590 Α
2162 527 2412 581 deitatis?
2450 524 2544 582 Vel
2583 523 2856 597 quomodo
2880 537 2988 580 non
3013 522 3085 579 sit
3109 521 3285 579 lactus
3308 520 3629 588 altissimus,
3657 522 3745 590 qui

486 621 767 676 docuerit?
814 618 1141 687 «Quomodn
1198 618 1343 673 enim
1400 617 1665 680 credent,
1718 618 1819 671 nisi
1873 617 2064 672 audie-

488 710 689 767 rint“?
715 729 734 763 ι
768 708 1035 766 Ceterum
1076 722 1183 763 non
1237 708 1289 763 id
1334 716 1417 761 est
1451 706 1860 776 apprehendere
1889 704 2065 761 deita-

488 814 617 863 tem.
647 813 699 855 et
726 800 1137 858 convenientem
1177 800 1226 855 ei
1256 799 1483 869 gloriant
1516 813 1732 865 capere.

559 893 701 963 Ergo
735 891 1019 948 decentius
1060 891 1151 955 sit,
1179 898 1236 943 et
1275 897 1424 941 recte
1449 886 1689 956 quidem,
1722 887 1793 940 ita
1838 884 2064 951 sentire,

487 988 628 1055 quod
658 998 876 1039 servare
900 982 1087 1037 volens
1112 981 1163 1035 id
1187 980 1330 1048 quod
1356 980 1613 1047 perierat,
1640 977 1974 1033 descendens
1999 978 2066 1032 ad

488 1094 585 1133 nos
631 1078 770 1131 Deus
808 1075 1063 1138 Verbum,
1114 1087 1210 1141 per
1246 1072 1393 1143 quod
1439 1070 1644 1134 omnia,
1683 1077 1739 1123 et
1785 1069 1838 1122 in
1887 1068 1939 1122 id
1982 1082 2065 1132 se,

486 1170 630 1237 quod
675 1184 781 1223 non
825 1173 965 1237 erat,
1007 1163 1251 1229 immisit,
1285 1172 1343 1217 ut
1384 1172 1440 1217 et
1487 1161 1723 1216 hominis
1770 1170 1983 1224 natura,
2014 1159 2067 1215 id

486 1259 628 1329 quod
673 1272 777 1313 non
799 1266 936 1324 erat,
970 1254 1155 1323 ﬁeret;
1186 1263 1242 1310 et
1280 1251 1477 1307 divina
1508 1252 1809 1323 maiestatis
1836 1251 2068 1321 dignita-

487 1352 630 1406 tibus
660 1364 756 1420 per
780 1347 1159 1403 adunationem
1194 1355 1501 1417 patescens,
1532 1358 1653 1413 qua
1682 1341 1961 1399 sublevata
1986 1350 2072 1397 est

487 1442 660 1511 magis
702 1440 840 1493 ultra
884 1448 1156 1503 naturam,
1198 1452 1362 1508 quam
1404 1434 1591 1505 dejicit
1632 1433 1769 1489 inira
1819 1441 2067 1490 naturam

489 1534 849 1589 iuver-tihilem
880 1531 1073 1586 Deum.
1106 1528 1450 1585 Conveniens
1481 1537 1620 1592 erat,
1654 1536 1712 1580 ut
1740 1524 2070 1595 incorrupti-

489 1625 613 1680 bilis
645 1634 838 1678 natura
872 1619 1304 1693 apprehenderet
1335 1616 1761 1687 corruptibilem,
1794 1623 1853 1670 ut
1887 1628 2007 1670 eam
2036 1628 2069 1669 a

489 1715 838 1785 corruptione
890 1713 1167 1768 liberaret.
1217 1708 1557 1767 Conveniens
1610 1717 1927 1789 erat‘eum,
1976 1705 2069 1776 qui

490 1822 714 1878 peccare
745 1821 850 1861 non
886 1812 1132 1871 noverat,
1151 1812 1274 1858 cum
1307 1801 1682 1871 peccatoribus
1709 1799 2065 1867 conformari,

2166 619 2221 673 in
2250 618 2477 689 gloriam
2504 631 2794 689 supernam
2821 616 3167 672 ascenderit?

2238 708 2403 780 igitur
2433 708 2662 764 dicimus
2691 722 2796 762 non
2830 706 3106 761 hominem
3155 705 3323 761 Deum
3370 717 3495 760 esse
3524 702 3745 768 factum,

2166 801 2260 857 sed
2291 801 2470 871 potius
2498 800 2698 857 iactum
2719 813 2838 856 esse
2861 798 2915 854 in
2938 798 3293 864 exinanitate,
3311 788 3531 869 propter
3557 796 3748 850 buma-

2168 893 2413 959 nitatem,
2437 890 2605 948 Deum
2627 891 2884 960 Verbum,
2908 891 3002 963 qui
3028 891 3225 946 eratin
3245 889 3552 961 mqualitate
3575 889 3750 946 Patris

2166 993 2220 1041 et
2250 984 2424 1039 forma
2462 1004 2475 1039 :
2521 984 2833 1040 esinanitns
2863 993 2948 1041 est
2990 985 3137 1039 enim
3169 982 3275 1038 hoc
3317 981 3501 1049 modo,
3533 990 3751 1053 propter

2168 1075 2579 1131 similitudinem
2622 1084 2888 1141 nostram,
2914 1090 3042 1131 cum
3074 1082 3221 1130 esset
3246 1072 3457 1144 plenus,
3491 1084 3551 1127 ut
3590 1075 3748 1128 Deus.

2169 1166 2492 1223 Humiliatus
2517 1174 2601 1223 est
2628 1176 2852 1238 propter
2881 1179 3129 1233 carnem,
3157 1166 3233 1221 ita
3268 1172 3379 1220 uta
3414 1166 3609 1221 divina
3639 1179 3748 1219 ma-

2164 1258 2379 1331 iestatis
2427 1259 2647 1330 fastigio
2692 1274 2798 1315 non
2842 1258 3173 1325 descendat;
3205 1261 3391 1315 εούοω
3416 1258 3559 1312 enirn
3593 1259 3756 1313 habet

2169 1350 2511 1408 altissimam.
2556 1350 2757 1408 Factus
2808 1359 2894 1407 est
2944 1350 2999 1405 in
3045 1348 3404 1406 similitudine
3452 1348 3753 1414 hominum,

2168 1456 2293 1497 eum
2325 1442 2401 1497 sit
2425 1442 2667 1513 ejusdem
2699 1441 2888 1498 forma
2913 1456 3039 1498 cum
3065 1440 3249 1504 Patre,
3272 1448 3461 1510 utpote
3490 1434 3643 1510 cujus
3671 1437 3758 1494 est

2172 1532 2343 1603 ﬁgura
2371 1534 2716 1589 substantia.
2742 1533 2943 1590 Verum
2978 1533 3236 1603 quoniam
3262 1532 3431 1588 semel
3467 1532 3642 1587 factus
3673 1541 3759 1586 est

2163 1624 2317 1694 juxta
2355 1640 2476 1691 nos,
2505 1624 2820 1681 ascendisse
2864 1625 3064 1681 dicitur
3094 1640 3218 1681 cum
3251 1636 3419 1680 carne
3448 1624 3500 1676 in
3531 1621 3758 1692 gloriam

2170 1716 2409 1782 deitatis,
2440 1731 2601 1786 quam
2635 1724 2911 1786 patentem
2940 1715 3160 1786 quidem
3208 1712 3373 1770 habet
3422 1712 3576 1782 quasi
3630 1727 3758 1779 pro-

2170 1809 2367 1879 priam,
2406 1808 2512 1863 alio
2544 1817 2723 1863 tamen
2751 1817 2912 1878 pacto
2936 1809 2989 1863 in
3016 1822 3081 1863 ea
3109 1806 3232 1873 fuit,
3259 1814 3482 1877 propter
3512 1805 3760 1859 humani-

490 1874 547 1953 ut
583 1906 802 1967 peccata
843 1902 1234 1965 compesceret.
1262 1892 1728 1963 Quemadmodum
1760 1889 1904 1947 enim
1944 1889 2067 1945 ubi-

2174 1874 2379 1958 tatem:
2411 1900 2669 1957 Dominus
2693 1874 2840 1957 enim
2873 1899 3118 1957 omnium
3306 1874 3567 1964 creditur,
3595 1898 3759 1951 etiam

494 2004 711 2059 cunque
748 1990 835 2042 lus
891 1987 1083 2053 luerit,
1122 1984 1297 2058 caligo
1342 1985 1529 2041 interit
1568 1982 1949 2050 tenebrarum;
1997 1982 2071 2037 ita

490 2084 653 2137 etiam
713 2080 1123 2136 immortalitate
1172 2088 1441 2149 prasente
1465 2118 1483 2145 ,
1513 2076 1691 2134 omnis
1724 2084 1873 2131 certe
1906 2076 2073 2144 pestis

492 2175 711 2245 fugitiva
744 2173 1015 2238 discedet;
1048 2182 1103 2227 et
1132 2180 1401 2241 prasente
1425 2182 1491 2225 eo
1540 2170 1629 2239 qui
1659 2178 1939 2239 peccatum
1966 2181 2070 2222 non

492 2264 637 2320 novit
676 2263 994 2333 (quietiam
1027 2260 1309 2330 proprium
1343 2258 1450 2315 sibi
1474 2272 1671 2328 corpus
1699 2256 1899 2322 eﬁ‘ecit,
1927 2257 2071 2328 quod

488 2366 575 2412 est
602 2356 721 2410 sine
750 2354 825 2425 (l)
854 2350 1118 2424 peccato),
1145 2352 1301 2407 cedet
1330 2365 1492 2405 omne
1523 2360 1822 2420 peccatum.

559 2448 712 2516 Quod
762 2461 891 2502 vero
930 2442 1183 2509 Verbum,
1212 2458 1334 2497 cum
1386 2451 1531 2498 esset
1562 2440 1724 2507 Deus,
1764 2440 1967 2497 factum
2001 2442 2075 2497 sit

491 2539 676 2601 homo,
705 2548 760 2591 et
792 2550 896 2590 non
927 2534 1104 2604 magis
1130 2534 1292 2588 homo
1320 2531 1773 2603 τιθεοποιημένος
1803 2531 2072 2603 intelliga-

493 2642 579 2687 tur
606 2629 871 2694 Christus,
900 2628 1065 2683 etiarn
1108 2641 1175 2682 ex
1210 2627 1382 2680 sacris
1428 2624 1649 2679 Litteris
1676 2625 1856 2681 enitar
1884 2635 2072 2679 osten-

491 2727 639 2780 dere.
686 2723 773 2778 Ait
806 2723 970 2793 igitur
997 2722 1186 2775 beatus
1216 2718 1415 2772 Paulus
1445 2718 1511 2773 de
1547 2716 1839 2788 Unigenito
1871 2738 1885 2772 :
1920 2736 1939 2767 ι
1968 2716 2071 2785 Qui

489 2832 611 2872 cum
660 2814 714 2869 in
760 2813 933 2869 forma
982 2810 1075 2868 Del
1119 2820 1287 2877 esset,
1328 2825 1433 2865 non
1487 2810 1731 2879 rapinam
1778 2808 2072 2865 arbitratus

488 2923 595 2977 est,
622 2918 680 2963 ut
709 2916 853 2962 esset
882 2904 1107 2975 aqualis
1129 2905 1270 2970 Deo;
1295 2902 1390 2958 sed
1415 2902 1713 2957 exinanivit
1738 2917 1819 2966 se,
1844 2902 2073 2957 formam

490 3000 633 3055 servi
683 2997 978 3068 accipiens,
1014 2997 1069 3051 in
1115 2994 1523 3049 similitudinem
1569 2992 1848 3048 hominum
1877 2991 2071 3057 iactus,

490 3102 549 3147 et
581 3090 764 3147 habitu
800 3089 1052 3144 inventus
1082 3096 1141 3141 ut
1176 3087 1358 3142 homo.
1394 3084 1706 3140 Humiliavit
1734 3098 1854 3141 sese
1899 3082 2073 3141 factus

2174 2008 2297 2049 cum
2339 2008 2400 2049 ca
2409 2008 2524 2048 ΙἸΙΘ.

2247 2083 2511 2141 Flectitur
2536 2093 2717 2140 autem
2750 2083 2850 2155 ipsi
2880 2096 3043 2139 omne
3072 2096 3238 2152 genu,
3267 2084 3322 2136 et
3355 2080 3408 2136 id
3441 2098 3544 2137 non
3573 2082 3639 2135 ad
3665 2081 3764 2135 do-

2174 2176 2345 2232 lorem
2367 2185 2422 2232 et
2447 2174 2830 2233 contumeliam
2853 2174 3054 2239 Patris,
3080 2171 3176 2229 sed
3202 2173 3376 2245 magis
3399 2174 3465 2227 ad
3490 2172 3716 2243 gloriam
3746 2190 3760 2225 :

2172 2268 2374 2340 gaudet
2414 2268 2584 2336 enim,
2608 2277 2663 2324 et
2682 2266 3041 2339 gloriﬁcatur,
3062 2266 3187 2321 dum
3233 2265 3303 2319 ab
3331 2264 3643 2320 hominibus
3672 2262 3765 2320 Fi-

2175 2360 2277 2417 lius
2300 2360 2581 2425 adoratur,
2601 2359 2730 2414 licet
2762 2357 2938 2413 factus
2961 2358 3032 2413 sit
3053 2355 3245 2413 similis
3269 2356 3461 2411 nostri.
3489 2354 3764 2426 Scriptum

2173 2467 2304 2509 vero
2336 2462 2419 2508 est
2450 2467 2643 2508 rursus
2672 2469 2685 2506 :
2723 2468 2741 2503 ι
2771 2448 2889 2506 Non
2921 2450 3069 2506 enim
3116 2447 3339 2520 angelos
3382 2445 3763 2518 apprehendit,

2175 2544 2269 2600 sed
2292 2558 2478 2601 semen
2504 2543 2772 2609 Abrahae;
2798 2542 2943 2598 unde
2966 2540 3153 2597 debuit
3175 2556 3272 2609 per
3295 2540 3476 2595 omnia
3508 2539 3767 2594 fratribus

2178 2635 2557 2692 assimilari".
2599 2653 2618 2686 ι
2682 2634 2823 2691 Ecce
2877 2648 3062 2690 semen
3118 2632 3352 2688 Abrahae
3407 2630 3769 2702 apprehendit

2176 2728 2412 2785 Verbum
2445 2727 2612 2797 Deus,
2642 2737 2699 2783 et
2737 2742 2845 2782 non
2889 2727 3074 2792 homo,
3121 2726 3306 2781 nescio
3337 2724 3460 2795 quis
3491 2723 3660 2778 nostri
3686 2724 3769 2777 si-

2174 2822 2320 2879 milis
2350 2821 2607 2878 deitatem
2635 2820 3014 2891 apprehendit,
3042 2827 3097 2875 et
3142 2819 3257 2890 ipse
3304 2816 3461 2872 nobis
3496 2815 3769 2871 assimila-

2177 2922 2283 2979 tur,
2328 2922 2383 2968 et
2430 2919 2771 2982 nuncupatur
2820 2909 2990 2965 frater
3039 2919 3252 2977 noster,
3298 2918 3357 2963 ut
3401 2910 3605 2973 homo,
3659 2922 3768 2962 non

2175 3013 2440 3075 quantum
2466 3012 2551 3060 est
2583 3004 2649 3059 ad
2682 3003 2899 3059 deitatis
2936 3011 3211 3058 naturam.
3258 3021 3277 3055 ι
3311 3001 3577 3068 Quoniam
3614 3002 3767 3069 pueri

2174 3096 2719 3152 communicaverunt
2743 3094 2900 3151 carni
2931 3102 2986 3149 et
3006 3094 3282 3164 sanguini,
3300 3101 3355 3147 et
3378 3094 3493 3162 ipse
3515 3092 3769 3148 similiter

488 3181 751 3238 ohediens
780 3193 951 3249 usque
978 3178 1045 3232 ad
1079 3186 1332 3242 mortem,
1364 3185 1597 3230 mortem
1644 3185 1825 3231 autem
1864 3174 2067 3231 crucis.

2175 3188 2522 3259 participavit
2555 3186 2656 3253 eis,
2686 3196 2747 3243 ut
2774 3201 2872 3258 per
2905 3196 3135 3242 mortem
3169 3185 3480 3241 destrueret
3517 3198 3641 3239 eum
3672 3182 3769 3253 qui

492 3278 787 3345 Propterea
812 3282 868 3327 et
898 3271 1041 3326 Deus
1086 3270 1263 3341 ipsum
1293 3266 1745 3339 superexaltavit,
1774 3277 1829 3324 et
1853 3268 2076 3324 donavit

492 3365 569 3419 illi
593 3378 785 3418 nomen
811 3360 953 3431 quod
974 3368 1060 3415 est
1089 3374 1251 3431 super
1276 3373 1441 3413 omne
1471 3368 1764 3426 nomen,nt
1782 3359 1837 3413 in
1859 3358 2077 3416 nomine

491 3455 619 3512 Jcau
648 3453 849 3509 Christi
879 3468 1041 3509 omne
1069 3468 1209 3523 genu
1248 3451 1499 3505 ﬁectatur
1526 3451 1854 3513 cmlestium,
1882 3460 1938 3505 et
1967 3458 2079 3506 ter-

496 3562 773 3610 renorum,
802 3556 858 3601 et
885 3545 1245 3609 inferuerunt,
1269 3552 1325 3596 et
1348 3541 1528 3597 omnis
1551 3542 1730 3613 lingua
1754 3542 2078 3597 conﬁteatur

491 3641 636 3712 quod
670 3640 929 3696 Dominus
954 3634 1114 3692 Iesus
1146 3634 1400 3691 Christus
1432 3633 1485 3690 in
1513 3635 1684 3703 gloria
1723 3643 1807 3691 est
1852 3634 1941 3690 Dei
1969 3633 2073 3689 Pa-

495 3733 593 3788 tria
608 3731 651 3764 ³⁷

566 3823 736 3889 Quem
786 3820 950 3891 igitur
997 3817 1269 3893 dicemus,
1298 3817 1355 3871 in
1404 3814 1579 3870 forma
1628 3814 1723 3869 Dei
1765 3827 1907 3880 esse,
1939 3822 1992 3868 et
2022 3813 2075 3867 in

492 3912 800 3983 aequalitate
834 3910 1033 3973 Patris,
1064 3917 1119 3962 et
1149 3908 1263 3963 hac
1291 3922 1394 3962 non
1426 3906 1672 3976 rapinam
1708 3902 2030 3959 arbitratum
2057 3920 2074 3971 ;

495 4005 589 4059 sed
619 4001 967 4057 descendisse
991 4000 1161 4071 magis
1183 3998 1235 4052 in
1260 3998 1671 4061 exinanitatem,
1695 4007 1751 4051 et
1770 3996 1823 4050 in
1846 3994 2076 4051 formam

493 4096 661 4160 servi,
680 4105 730 4149 et
752 4110 809 4149 se
829 4092 1231 4155 humiliantem,
1250 4102 1303 4144 et
1326 4091 1377 4144 in
1403 4089 1810 4146 similitudinem
1836 4097 2075 4144 nostram

493 4189 657 4243 fuisse
686 4185 919 4240 factum?
970 4182 1027 4239 Si
1078 4184 1353 4239 hominem
1384 4182 1583 4236 factum
1618 4197 1686 4236 ex
1720 4182 1950 4236 muliere
1978 4196 2077 4235 nu-

494 4280 620 4333 dum
663 4288 718 4333 et
752 4276 926 4331 solum
960 4294 973 4329 :
1005 4275 1277 4344 quomodo
1308 4272 1542 4327 habebat
1572 4271 1987 4342 plenitudinem,
2019 4280 2079 4325 ut

495 4367 826 4438 intelligatur
873 4365 1217 4422 esinamtus?
1269 4363 1363 4419 Vel
1415 4364 1467 4419 in
1522 4379 1622 4432 qua
1676 4374 1835 4419 antea
1868 4364 2078 4435 positus

492 4460 833 4523 celsitudine,
864 4469 1037 4514 semet
1070 4455 1390 4512 humiliasse
1418 4454 1650 4510 dicitur?
1684 4453 1777 4510 Vel
1809 4456 2078 4525 quomodo

2178 3280 2464 3351 imperium
2504 3278 2717 3336 obtinet
2749 3278 2964 3343 mortis,
2997 3278 3049 3332 id
3077 3285 3182 3343 est,
3212 3276 3509 3341 diabolum,
3542 3284 3597 3331 et
3637 3276 3769 3330 libe-

2179 3381 2329 3427 raret
2354 3384 2449 3426 eos
2468 3370 2563 3440 qui
2586 3370 2780 3424 timore
2809 3369 3004 3424 mortis
3032 3383 3130 3438 per
3152 3380 3367 3422 omnem
3394 3367 3557 3421 vitam
3584 3366 3767 3419 nativa

2180 3461 2602 3516 continebantur
2630 3459 2893 3515 servitute
2909 3458 2975 3514 ".
2998 3477 3018 3510 ι
3055 3456 3195 3512 Ecce
3229 3457 3425 3511 iterum
3456 3456 3592 3525 ipse,
3620 3453 3770 3508 simi-

2180 3550 2305 3607 liter
2338 3566 2403 3606 ac
2439 3566 2559 3615 nos,
2584 3548 2926 3621 participavit
2952 3547 3202 3620 sanguini
3231 3557 3283 3603 et
3308 3547 3481 3609 carni,
3505 3557 3558 3601 et
3587 3559 3649 3599 ea
3678 3556 3767 3598 res

2179 3656 2400 3697 causam
2458 3641 2622 3695 habet
2684 3638 3033 3708 conjunctam
3081 3640 3263 3694 statim
3309 3653 3373 3693 ac
3422 3637 3766 3706 proximam;

2178 3732 2439 3801 scriptum
2486 3740 2573 3786 est
2617 3731 2762 3785 enim
2796 3746 2812 3787 :
2853 3749 2871 3781 ι
2900 3728 3033 3784 Nam
3085 3732 3231 3800 quod
3284 3728 3618 3798 impassihile
3646 3736 3769 3781 erat

2180 3824 2305 3893 legi,
2343 3823 2400 3877 in
2443 3836 2552 3892 quo
2606 3820 2982 3876 inﬁrmabatur
3028 3821 3084 3875 itt
3134 3835 3322 3886 carne,
3377 3820 3518 3873 Deus
3570 3818 3766 3873 Filium

2182 3928 2337 3969 suum
2389 3911 2537 3967 misit
2588 3911 2641 3966 in
2687 3909 3041 3967 similitudine
3086 3912 3268 3966 carnis
3318 3906 3544 3980 peccati,
3598 3921 3653 3964 et
3697 3910 3767 3965 de

2180 4014 2404 4077 peccato
2457 4004 2740 4059 damnavit
2790 4014 3075 4075 peccatum
3112 4004 3165 4059 in
3204 4004 3449 4060 carne“.
3480 4024 3500 4056 ο
3533 4004 3768 4059 Attende

2184 4098 2404 4161 iterum,
2434 4096 2577 4164 quod
2611 4110 2717 4150 non
2751 4095 2913 4151 homo
2942 4093 3205 4150 aﬂ'ectans
3245 4105 3491 4148 naturam
3527 4095 3763 4149 divinam

2183 4189 2515 4255 ostenditur,
2554 4198 2609 4242 et
2658 4187 2726 4240 ad
2774 4187 2897 4257 ejus
2936 4186 3254 4257 dignitatem
3295 4187 3626 4254 ascendens;
3667 4190 3764 4242 sed

2180 4280 2403 4335 mittens
2436 4278 2608 4348 magis
2636 4276 2835 4332 Filium
2867 4294 3025 4334 suum
3059 4278 3201 4333 Deus
3230 4284 3285 4333 et
3318 4276 3501 4344 Pater,
3528 4279 3582 4332 in
3620 4279 3768 4334 siml-

2183 4371 2414 4427 litudine
2470 4370 2651 4427 carnis
2700 4372 2935 4442 peccati,
2996 4378 3055 4425 ut
3106 4371 3411 4427 destrueret
3456 4384 3761 4441 peccatum.

2180 4463 2343 4536 787
2376 4465 2515 4534 Ergo
2551 4463 2801 4529 verbum,
2826 4479 2948 4518 cum
2982 4462 3122 4519 Deus
3150 4465 3241 4529 sit,
3280 4478 3339 4519 se
3370 4464 3422 4519 in
3457 4464 3768 4520 exinanita-

495 4554 546 4607 in
583 4552 992 4607 similitudinent
1025 4550 1298 4603 hominum
1336 4549 1509 4601 factus
1531 4557 1635 4611 est,
1665 4547 1754 4617 qui
1796 4547 1847 4601 id
1880 4556 2000 4601 erat
2023 4556 2078 4603 et
2108 4564 2155 4625 υ
2183 4570 2287 4612 rem
2324 4558 2486 4611 homo
2520 4556 2693 4611 {actus
2724 4556 2967 4620 immisit,
3004 4565 3059 4611 ει
3092 4569 3197 4611 non
3235 4554 3399 4610 homo
3422 4556 3765 4625 simpliciter,

493 4657 650 4701 antea
671 4659 766 4715 per
788 4655 1059 4706 naturam,
1078 4643 1177 4696 etsi
1206 4642 1256 4696 id
1282 4640 1455 4694 factus
1481 4640 1619 4695 forte
1637 4655 1739 4693 non
1763 4639 2074 4695 diceretur?

496 4738 595 4795 libi
631 4748 808 4791 autem
855 4735 1171 4809 exinanitus
1214 4742 1319 4798 est,
1357 4746 1645 4787 assumens
1682 4730 2068 4801 plenitudinem

1105 4866 1255 4923 CAP.
1299 4865 1437 4921 Xlll.

593 4985 745 5050 Quod
770 4982 1009 5037 Christus
1033 4980 1189 5036 Jestta
1212 4992 1422 5035 vocetur
1441 4982 1597 5034 homo
1621 4980 1792 5047 {actus
1816 4978 1957 5035 Deus

1160 5051 1401 5106 Verbum.

563 5167 991 5236 Dispensationis
1011 5167 1273 5221 incarnati
1295 5164 1572 5235 Unigeniti
1598 5166 1913 5235 mysterium
1936 5167 2064 5221 sub-

488 5259 632 5311 lilius
682 5258 1120 5320 considerantes,
1177 5258 1225 5310 id
1275 5256 1587 5320 asserimus,
1649 5258 1807 5311 Iidem
1863 5267 2062 5312 rectam

487 5360 767 5401 servantes
799 5359 852 5402 et
875 5365 1060 5401 veram
1088 5366 1101 5402 :
1129 5351 1271 5416 quod
1299 5350 1472 5418 ipsum
1492 5345 1668 5404 Patris
1692 5348 1783 5403 Dei
1809 5348 2063 5415 Verbum,

489 5440 626 5493 Deus
661 5456 814 5494 \‘crus
838 5455 901 5494 ex
934 5439 1044 5495 Deo
1078 5456 1226 5503 vero,
1264 5452 1315 5494 et
1347 5440 1527 5494 lumen
1591 5441 1657 5493 de
1718 5440 1943 5508 lumine,
1977 5441 2059 5495 in-

559 5643 605 5672 "
644 5642 795 5694 Ruttt.
830 5656 879 5697 ι.
918 5642 999 5694 Η.

1080 5642 1121 5671 ³’
1162 5640 1393 5710 Philipp.
1429 5657 1484 5702 ll,
1516 5641 1673 5694 (i-ll.
1756 5641 1798 5671 "‘
1838 5642 2001 5695 llebr.
2034 5659 2093 5707 Il,
2134 5645 2213 5705 l6.
2254 5646 2336 5698 Π.

2178 4647 2417 4703 divinam
2458 4647 2684 4719 gloriam
2723 4645 3007 4713 aliectans,
3045 4647 3296 4704 Christus
3338 4648 3569 4704 videtur.

2735 4869 2985 4924 ΚΕΦΔΛ.
3028 4869 3084 4922 η’
3108 4908 3122 4924 .

2178 4984 2306 5037 Ὀτι
2334 4985 2587 5052 Χριστὸς
2615 4984 2854 5051 Ἰησοῦς
2874 4983 3138 5038 καλεῖται
3170 4984 3428 5054 γεγονὼς
3448 4984 3762 5053 ἄνθρωπος

2666 5059 2697 5109 ό
2729 5056 2837 5109 τοῦ
2877 5055 3024 5109 Θεοῦ
3049 5058 3257 5123 Λόγος.

2245 5169 2357 5241 Τῆς
2428 5171 2564 5239 μετὰ
2622 5169 2824 5240 σαρκὸς
2892 5171 3207 5239 οἰκονομίας
3269 5167 3364 5223 τοῦ
3419 5166 3759 5237 Μονογενοῦς

2169 5261 2653 5333 πολυπραγμονεῖν
2726 5260 3009 5323 ἐθέλοντες
3063 5261 3123 5313 τὸ
3180 5261 3518 5332 μυστήριον,
3576 5259 3760 5313 ἐκεῖνό

2175 5370 2373 5424 φαμεν,
2412 5353 2566 5417 δόξαν
2594 5354 2805 5424 ἔχοντες
2843 5352 3044 5423 ἀληθῆ,
3084 5354 3177 5407 καὶ
3212 5353 3393 5405 πίστιν
3424 5352 3613 5424 ὀρθὴν,
3641 5355 3758 5406 ὃτι-

2171 5463 2278 5515 περ
2327 5446 2488 5510 αὐτὸς
2534 5446 2560 5497 ὁ
2610 5447 2673 5499 ὲκ
2725 5446 2859 5499 Θεοῦ
2914 5446 3127 5517 Harpe;
3164 5447 3355 5514 Λόγος,
3408 5449 3438 5498 ὁ
3502 5445 3757 5517 ἀληθινὸς

2419 5646 2462 5678 ³’
2500 5648 2627 5703 Ibid.
2663 5649 2745 5717 14,
2775 5650 2860 5715 15.
2940 5648 2985 5680 ⁸⁸
3022 5646 3175 5703 Rom.
3204 5662 3318 5712 vttt,
3345 5647 3397 5703 3.

556 5828 633 5896 (ι)
680 5826 860 5879 Cultu.
904 5826 1027 5897 legit
1070 5827 1120 5878 in
1170 5841 1265 5897 pro
1305 5827 1433 5893 sine,
1477 5828 1699 5892 rectius,
1746 5838 1797 5880 ut
1840 5829 2067 5884 \ltit‘illl'.
2114 5830 2267 5884 Ebtt.
