4058 6328
386 466 489 520 ἶὸὄ

1277 459 1570 516 SCIIOIJA
1617 457 1705 511 DF.
1748 449 2263 508 INCABNATIONE
2305 445 2681 505 UNIGENITI.

3501 435 3645 494 £3326

342 581 498 644 Θεὸς,
529 582 557 634 ὁ
580 582 643 634 ἐκ
671 580 803 635 Θεοῦ
829 580 1110 651 ἀληθινοῦ,
1153 580 1214 633 τὸ
1255 579 1370 648 φῶς
1398 579 1459 631 τὸ
1491 579 1555 630 ἐκ
1595 575 1688 628 τοῦ
1730 574 1930 642 φωτδςν

2044 578 2323 625 carnatum
2358 568 2451 630 sit,
2489 574 2545 621 et
2570 566 2729 619 homo
2779 562 3006 624 hiatum,
3055 568 3109 615 et
3156 553 3537 613 deseemlcrit.
3597 566 3654 610 et

346 670 637 741 ἑσαρκὼθη
678 689 735 723 τε
778 674 875 724 καὶ
910 670 1303 742 ἐνηνορώπησε
1328 688 1339 700 ·
1378 666 1674 736 κατῆλθεν,
1708 665 1932 725 ἔπαθεν,

343 765 643 834 ἐγήγερται
683 763 739 816 δὲ
780 764 845 817 ἐκ
872 764 1100 834 νεκρῶν.
1144 763 1393 832 Ὠρίσατο
1434 760 1544 830 γὰρ
1571 758 1715 812 οὕτω
1745 756 1806 809 τὸ
1836 756 1937 825 τῆς

344 857 583 918 πίστεως
606 855 881 925 Σύμϐολον
902 858 935 926 ἡ
964 858 1094 924 ἁγία
1123 873 1181 907 τε
1215 855 1309 908 καὶ
1331 854 1543 925 μεγάλη
1576 852 1800 914 Σύνοδος
1834 850 1932 921 (1).

415 946 835 1017 Διερευνώμενοι
883 947 939 999 δὲ
987 949 1083 999 καὶ
1116 946 1308 1017 μαθεῖν
1344 946 1620 1007 ἐθέλοντες
1666 945 1693 996 ὅ
1718 944 1770 995 τί
1806 940 1937 995 ποτὲ

342 1040 460 1092 ἐστι
486 1042 604 1092 κατ’
635 1041 913 1110 ἀλήθειαν,
944 1040 1005 1093 τὸ
1035 1040 1389 1111 σαρκωθῆναί
1433 1058 1489 1091 τε
1524 1041 1615 1090 καὶ
1652 1036 1933 1106 ὲνανθρω-

344 1132 516 1201 πῆσαι
548 1132 635 1184 τὸν
657 1133 851 1201 Λόγον,
886 1131 1347 1202 καταθρήσωμεν,
1392 1135 1472 1185 ὄτι
1506 1132 1605 1183 οὐκ
1645 1128 1935 1199 ἄνθρωπόν

345 1225 459 1276 ἐστι
492 1224 818 1295 προσλαϐεῖν
842 1224 917 1287 ὡς
950 1226 1007 1277 ἐν
1036 1226 1304 1296 συναφείᾳ
1326 1229 1392 1295 τῇ
1426 1226 1570 1277 κατά
1599 1241 1661 1292 γε
1699 1224 1794 1293 τὴν
1825 1224 1934 1276 ἰσό-

347 1332 482 1384 τητα
512 1317 609 1385 τῆς
633 1316 807 1380 ἀξίας,
838 1317 1005 1385 ἤγουν
1032 1317 1342 1380 αὑθεντίας,
1384 1317 1417 1387 ἢ
1446 1317 1539 1369 καὶ
1586 1318 1728 1368 κατὰ
1765 1316 1935 1384 μόνην

340 1409 438 1477 τῆς
464 1410 710 1479 υεότητος
740 1410 1081 1479 ὁμωνυμίαν,
1118 1410 1321 1477 μᾶλλον
1344 1412 1399 1464 δὲ
1432 1411 1491 1462 τὸ
1517 1410 1777 1477 γενέσθαι
1810 1408 1932 1462 καθ’

342 1500 489 1569 ἡμᾶς
516 1502 824 1571 ἄνθρωπον,
858 1502 996 1572 μετὰ
1028 1502 1121 1554 τοῦ
1166 1502 1454 1573 ἀτρέπτως
1497 1504 1591 1556 καὶ
1636 1500 1933 1555 ἁναλλοιώ-

338 1607 446 1655 τως
476 1593 617 1663 ἔχειν
646 1594 1035 1647 ἀνασώσασθαι
1077 1597 1144 1663 τῇ
1195 1594 1305 1666 ἰδία
1344 1595 1505 1663 φύσει
1544 1597 1635 1646 τῖιν
1669 1597 1726 1647 ἐν
1761 1609 1933 1665 προσ-

340 1683 500 1754 λήψει
529 1685 727 1755 σαρκὸς
766 1687 859 1739 καὶ
895 1687 1127 1756 αἵματος
1154 1688 1517 1757 οἰκονομικῶς
1550 1689 1829 1755 γεγονότα.

412 1852 507 1920 Εἷς
539 1856 638 1926 μὲν
669 1852 761 1911 οὖν
785 1860 931 1912 ἐστιν
951 1860 1057 1931 ἄρα
1082 1861 1190 1932 πρὸ
1219 1863 1316 1932 μὲν
1336 1865 1433 1932 τῆς
1456 1862 1782 1936 ἐνανθρωπή
1794 1882 1931 1930 saw;

2041 677 2256 731 passum
2290 662 2381 719 sit,
2408 669 2463 714 et
2488 657 2795 711 surrexerit
2825 670 2890 709 ex
2941 653 3193 709 mortuis.
3222 651 3296 705 lta
3329 651 3473 705 enim
3504 648 3643 705 deli-

2042 754 2174 808 nivit
2214 754 2338 809 ﬁdei
2381 750 2698 824 Symbolum
2731 748 2986 820 Synodus
3026 760 3225 818 magna
3263 754 3319 799 et
3358 755 3571 798 sancta.

2112 932 2499 1003 Perquirentes
2526 938 2707 984 autem
2741 936 2796 985 et
2842 942 2961 993 nos,
2993 936 3049 980 et
3074 925 3391 980 discernere
3414 923 3649 989 cupien-

2041 1037 2144 1088 tes,
2176 1026 2304 1096 quid
2337 1026 2407 1078 sit
2438 1026 2677 1086 tandem,
2712 1022 3056 1076 incarnatum
3090 1031 3234 1081 esse,
3266 1027 3320 1070 et
3366 1016 3645 1068 hominem

2039 1118 2243 1173 fat-tum
2282 1118 2372 1173 Dei
2407 1115 2643 1171 Verbum
2677 1133 2690 1169 :
2722 1114 3020 1173 cernimus,
3049 1112 3193 1180 quod
3238 1125 3344 1164 non
3396 1109 3499 1163 hoe
3539 1119 3643 1165 est,

2041 1210 2314 1263 hominem
2363 1221 2644 1262 assumere
2676 1216 2933 1273 tanquam
2985 1200 3487 1270 inxconjnnetionc,
3523 1214 3645 1269 qua:

2041 1300 2133 1353 liat
2183 1316 2281 1368 per
2324 1298 2692 1368 arqualitatem
2740 1296 3045 1365 dignitatis,
3098 1295 3217 1348 sive
3270 1292 3643 1352 auctoritatis,

2040 1392 2119 1447 vel
2146 1407 2240 1463 per
2260 1394 2431 1447 solam
2458 1392 2701 1447 lilietatis
2727 1388 3048 1460 ὁμωνυμίαν
3071 1405 3086 1454 ;
3117 1379 3291 1456 magis
3316 1396 3497 1439 autem
3525 1381 3646 1437 ﬁeri

2033 1484 2185 1550 juxta
2225 1500 2321 1537 nos
2358 1484 2632 1537 hominem
2670 1484 2787 1552 (ita
2831 1491 3009 1535 tamen
3063 1490 3120 1533 ut
3170 1477 3315 1531 nulla
3357 1477 3646 1529 conversio

2038 1577 2119 1631 vel
2153 1579 2511 1632 commutatio
2550 1575 2963 1646 subsequatur),
2992 1583 3047 1627 et
3090 1571 3381 1627 sublevare
3435 1569 3646 1639 pariter

2036 1684 2158 1722 cum
2191 1685 2285 1722 sua
2325 1678 2519 1723 natura
2545 1684 2668 1723 eum
2717 1670 2809 1738 qui
2844 1670 2896 1721 in
2929 1664 3305 1735 assumptione
3337 1659 3645 1716 htitcarnis

2034 1769 2088 1815 et
2128 1762 2411 1832 sanguinis
2447 1762 2875 1831 dispensatoris.

2110 1853 2261 1908 Unus
2298 1856 2462 1925 igitur
2499 1866 2608 1920 est,
2638 1855 2733 1924 qui
2766 1864 2892 1909 ante
2921 1852 3356 1908 incarnationem
3394 1866 3422 1903 a
3460 1848 3642 1905 divina

338 1947 747 2019 ὀνομαζόμενος
797 1952 885 2003 διὰ
937 1952 1038 2021 τῆς
1078 1952 1439 2008 θεοπνεύστου
1488 1956 1713 2027 Γραφῆς
1760 1959 1934 2011 Μονο-

2044 1947 2326 2017 Scriptura
2365 1947 2700 2007 nominatur.
2718 1958 2773 2002 et
2812 1944 3161 2015 Unigenitus,
3203 1957 3255 1999 et
3287 1942 3551 2005 Verbum,
3581 1948 3647 1994 et

338 2041 525 2111 γενὴς,
564 2041 661 2093 καὶ
688 2043 879 2113 Λόγος,
923 2045 1018 2097 καὶ
1056 2044 1210 2109 θεὸς,
1253 2047 1345 2099 καὶ
1377 2046 1565 2111 εἰκὼν,
1614 2050 1711 2102 καὶ
1754 2051 1932 2103 ἀπαύ-

339 2147 552 2201 γασμα.
597 2133 691 2183 καὶ
720 2134 1011 2203 χαρακτὴρ
1047 2136 1144 2204 τῆς
1185 2137 1537 2202 ὑποστάσεως
1568 2140 1661 2192 τοῦ
1699 2140 1929 2212 Πατρός,

338 2218 475 2291 ζωὴ,
522 2220 669 2286 δόξα,
720 2222 855 2290 φῶς,
908 2226 1090 2293 casia,
1135 2225 1385 2296 δύναμις,
1452 2229 1720 2300 βραχίων,
1758 2231 1931 2296 δεξιὰ,

339 2312 584 2381 ὕψιστος,
642 2314 1111 2385 μεγαλοπρέπεια,
1155 2318 1357 2388 Κύριος
1384 2320 1636 2384 Σαϐαὼθ,
1682 2325 1778 2376 καὶ
1811 2326 1932 2377 ἑτέ-

346 2422 459 2477 ροις
498 2406 609 2458 τισὶ
649 2407 912 2471 τοιούτοις
941 2409 1192 2480 ὀνόμασι,
1224 2416 1334 2474 τοῖς
1366 2413 1586 2485 ἀληθῶς
1632 2415 1933 2487 Θεοπρεπε·

343 2498 591 2559 στάτοιςο
635 2498 773 2567 μετὰ
808 2499 863 2551 δέ
911 2517 974 2566 γε
1016 2502 1113 2571 τὴν
1160 2502 1599 2575 ἐνανορὼπησιν,
1643 2507 1933 2577 ἄνθρωπος

343 2588 573 2656 Χριστὸς
618 2589 845 2659 Ἰησοῦς,
884 2592 1222 2662 ἱλαστήριον,
1278 2596 1527 2665 μεσίτης,
1561 2599 1786 2670 ἀπαρχὴ
1825 2602 1934 2651 τιῖιν

342 2682 781 2749 κεκοιμημένων,
834 2686 1181 2751 πρωτότοκος
1242 2690 1305 2739 ἐκ
1371 2690 1603 2759 νεκρῶν,
1679 2692 1933 2763 δεύτερος

359 2771 546 2840 Ἀδὰμ,
584 2772 796 2844 κεφαλὴ
825 2774 918 2826 τοῦ
972 2774 1226 2844 σώματος
1270 2777 1369 2847 τῆς
1408 2780 1758 2851 Ἐκκλησίας.
1808 2784 1931 2837 ἑπο-

343 2864 523 2931 μένων
546 2865 695 2934 αύτῷ
725 2866 820 2918 καὶ
852 2867 961 2919 τῶν
985 2870 1042 2919 ὲν
1069 2870 1261 2937 ἀρχαῖς
1283 2871 1585 2941 ὀνομάτων.
1617 2876 1803 2929 Πάντα
1824 2878 1934 2947 γὰρ

339 2955 529 3020 αὑτοῦ,
559 2956 629 3009 τά
665 2974 725 3010 τε
762 2958 980 3027 πρῶτα,
1006 2960 1099 3012 καὶ
1134 2961 1201 3011 τὰ
1241 2962 1296 3012 ὲν
1331 2963 1579 3033 ἐσχάτοις
1612 2965 1704 3019 τοῦ
1737 2970 1933 3032 αἰῶνος

340 3048 575 3118 καιροῖς.

416 3134 509 3203 Εἷς
536 3141 644 3211 ἄρα
669 3141 820 3194 ἐστὶν
840 3144 867 3195 ό
905 3143 996 3196 καὶ
1028 3145 1132 3215 πρὸ
1158 3145 1256 3215 τῆς
1294 3147 1767 3222 ἐνανθρωπὴσεως
1799 3155 1933 3217 θεὸς

342 3230 617 3301 ἀληθινὸς,
656 3233 753 3285 καὶ
791 3236 849 3286 ὲν
878 3234 1262 3307 ἀνθρωπότητι
1318 3243 1646 3313 μεμενηκὼς
1678 3246 1816 3317 ὅπερ
1838 3243 1926 3317 ἦν.

342 3323 436 3377 καὶ
466 3323 604 3390 ἐστι,
648 3326 744 3378 καὶ
785 3324 959 3380 ἔσται.
994 3329 1067 3380 Ού
1101 3330 1402 3402 διοριστέον
1437 3330 1531 3388 οὖν
1565 3336 1675 3407 ἄρα
1707 3337 1801 3392 τὸν
1831 3340 1929 3393 ἕνα

344 3416 549 3487 Κύριον
586 3416 794 3489 Ἰησοῦν
839 3420 1094 3490 Χριστὸν,
1146 3425 1225 3487 εἰς
1269 3426 1451 3491 ἰδ.κιῖ›ς
1488 3428 1807 3499 ἄνθρωπον,
1836 3434 1932 3486 καὶ

344 3509 425 3572 εἰς
468 3508 600 3561 Θεὸν
637 3509 838 3572 ἰδικῶς,
882 3512 998 3564 ἀλλ’
1050 3514 1145 3566 ἕνα
1205 3516 1298 3568 καὶ
1357 3517 1449 3569 τὸν
1513 3520 1677 3571 αὐτὴν
1725 3522 1931 3591 Ἰησοῦν

351 3600 585 3670 Χριστόν
609 3619 790 3669 φαμεν
822 3600 985 3666 εἶναι,
1018 3606 1119 3673 τὴν
1146 3606 1254 3658 τῶν
1289 3606 1503 3675 φύσεων
1534 3612 1734 3669 εἰδότες
1757 3613 1934 3681 Stagn-

345 3692 465 3763 ρὰν,
516 3693 610 3743 καὶ
654 3692 996 3761 ἀσυγχύτους
1038 3693 1296 3765 ἀλλήλαις
1343 3697 1638 3768 τηροῦντες
1668 3700 1858 3764 αὐτάς.

419 3781 587 3835 Ὅταν
635 3779 728 3834 οὖν
768 3783 902 3856 λέγῃ
930 3785 988 3837 τὸ
1021 3786 1261 3857 Γρὲιμμα
1295 3788 1357 3840 τὸ
1393 3790 1563 3861 ἱερὸν,
1601 3793 1683 3844 δτι
1715 3795 1773 3845 ἐν
1802 3796 1935 3863 Χρι-

346 3873 458 3944 στῷ
497 3896 512 3922 ι
553 3875 841 3945 κατῴκησε
866 3878 977 3930 πᾶν
1003 3879 1064 3930 τὸ
1104 3879 1378 3951 πλήρωμα
1410 3884 1506 3953 τῆς
1545 3884 1796 3955 θεότητος
1833 3905 1932 3938 σω-

348 3966 615 4036 ματικῶς,
639 3987 656 4016 ι
688 3968 751 4019 οὐ
780 3968 867 4021 διὰ
889 3969 1046 4022 τοῦτὸ
1075 3988 1278 4041 φαμεν,
1314 3973 1388 4037 ὡς
1425 3978 1482 4028 ἐν
1512 3976 1685 4047 ἑτέρῳ
1712 3979 1933 4048 Χριστῷ

344 4056 423 4127 τῷ
474 4056 768 4129 ἀνθρώπῳ,
830 4062 1148 4131 καταμόνας
1204 4068 1534 4137 κατοικῆσαι
1595 4068 1687 4119 τὸν
1738 4071 1931 4137 Λόγον

345 4146 470 4201 οὔτε
544 4149 649 4221 μὴν
700 4150 1038 4215 διασπῶντες
1097 4154 1346 4225 ἀλλήλων
1397 4158 1464 4209 τὰ
1523 4160 1783 4230 ἡνωμένα
1841 4161 1935 4215 δύο

344 4238 575 4309 νοοῦμεν
616 4240 799 4303 υἱούς·
852 4244 1032 4296 ἐκεῖνο
1065 4244 1122 4296 δὲ
1158 4246 1381 4314 μᾶλλον,
1426 4248 1508 4301 ὅτι
1540 4252 1776 4321 Χριστὸν
1820 4254 1935 4306 ὀνο-

351 4326 512 4398 μάζει
553 4330 614 4383 τὸ
658 4332 893 4402 Γράμμα
928 4333 990 4386 τὸ
1031 4335 1195 4406 ἱερὸν,
1247 4339 1341 4391 καὶ
1372 4338 1447 4403 ὡς
1492 4342 1556 4393 ὲκ
1581 4343 1781 4413 μέρους
1821 4346 1935 4399 ἔσθ’

347 4423 458 4484 ὅτε,
492 4422 589 4493 τὴν
615 4423 1014 4495 ἀνθρωπότητα
1038 4427 1133 4481 τοῦ
1165 4429 1302 4481 Θεοῦ
1342 4434 1519 4500 Λόγου
1549 4434 1686 4487 ἰδίαν
1713 4435 1852 4505 ἔχων
1879 4440 1937 4490 ἐν

347 4508 499 4573 τάξει
541 4512 835 4581 πεποίηται
887 4515 1037 4569 ναοῦ.
1072 4517 1387 4589 Γέγραπται
1435 4522 1490 4575 δέ
1527 4541 1630 4577 που
1671 4528 1765 4580 καὶ
1808 4530 1936 4600 περὶ

346 4599 456 4652 τῶν
504 4601 859 4672 ἀνθρωπίνων
919 4606 1108 4678 ψυχῶν
1138 4627 1150 4640 ·
1190 4630 1207 4661 ι
1234 4612 1373 4677 Τοὺς
1430 4614 1488 4667 δὲ
1541 4599 1934 4685 κατοικοῦντας

2044 4628 2096 4671 et
2144 4618 2210 4672 de
2263 4621 2553 4674 animabus
2606 4622 2858 4675 immanis

345 4690 526 4753 οἰκίας
556 4692 805 4764 πηλινας,
836 4695 897 4761 ἐξ
920 4691 995 4750 ὧν
1037 4701 1133 4753 καὶ
1160 4702 1314 4756 αὐτοὶ
1345 4706 1410 4757 ἐκ
1448 4705 1543 4759 τοῦ
1570 4709 1737 4762 αὑτοῦ
1762 4712 1936 4781 πηλοῦ

348 4781 540 4853 ιὶσμεν.
575 4803 593 4835 ι
629 4780 757 4856 Ἆρ’
783 4781 877 4839 οὖν
909 4789 1211 4862 ἐπειδήπερ
1242 4793 1424 4859 οἰκίας
1475 4797 1705 4865 πηλίνας
1734 4802 1803 4856 τὰ
1828 4780 1940 4857 τῶν
1974 4857 1985 4865 _

346 4873 651 4945 ἀνθρώπων
689 4876 946 4949 ὀνομάζει
973 4879 1222 4951 σώματα,
1248 4884 1655 4943 διαϐεϐαιοῦται
1678 4891 1734 4944 δὲ
1761 4910 1939 4947 κατοι-

349 4967 467 5019 κεῖν
497 4970 559 5023 ιν
601 4967 794 5032 αὑταῖς
836 4971 935 5035 τὰς
984 4972 1185 5043 ψυχὰς,
1242 4976 1323 5039 εἰς
1369 4976 1465 5032 δύο
1513 4986 1937 5057 κατατεμοῦμεν

347 5053 667 5125 ἀνθρώπους
716 5059 808 5113 τὸν
856 5060 992 5130 ἕνας
1058 5065 1253 5120 Καίτοι
1312 5068 1429 5133 πῶς
1486 5074 1587 5125 οὐκ
1631 5053 1939 5149 ἀμιῦμητον

347 5148 649 5213 παντελῶς,
684 5152 744 5205 τὸ
770 5154 860 5208 καὶ
893 5156 951 5208 ὲν
980 5156 1255 5230 ἀνθρώπῳ
1285 5160 1538 5230 λέγεσθαι
1565 5148 1843 5226 κατοικεῖν
1872 5174 1933 5226 τὸ

354 5247 575 5317 πνεῦμα
614 5250 816 5317 αὑτοῦ;
850 5253 1015 5307 Ὥστε
1068 5256 1173 5309 κᾶν
1213 5259 1261 5310 εἰ
1309 5259 1370 5312 τὸ
1408 5261 1502 5315 τοῦ
1544 5263 1703 5333 λόγου
1746 5269 1933 5340 σχῆμα

350 5339 439 5433 διὰ
492 5339 749 5395 τοιούτων
789 5343 1009 5415 ἔρχεται
1065 5348 1322 5419 τρόπων,
1382 5353 1481 5425 οὐχ
1529 5357 1732 5429 ἑτέρως
1788 5339 1932 5433 ἔχειν

350 5430 667 5506 δυνάμενον,
732 5433 793 5487 οὐ
853 5436 951 5499 τὰς
1018 5437 1129 5491 τῶν
1202 5442 1549 5511 πραγμάτων
1622 5430 1929 5507 ἀδικεῖσθαι

351 5522 543 5594 φύσεις
571 5525 659 5579 διὰ
699 5524 860 5578 τοῦτο
894 5527 1130 5595 «ptiust,-
1151 5530 1350 5582 ἐννοεῖν
1389 5531 1447 5585 δὲ
1493 5534 1696 5603 μᾶλλον
1737 5539 1928 5607 αὐτὰς,

351 5615 445 5671 καὶ
473 5615 710 5671 κατευθὺ
738 5616 838 5685 τῆς
860 5615 1120 5686 ἀληθείας
1150 5618 1493 5677 διασπεύδειν
1518 5626 1854 5695 ἐπείγεσθαι.

427 5746 471 5783 ⁶’¹
523 5751 734 5808 Coloss.
764 5767 825 5817 ιι,
853 5754 908 5809 9.
986 5754 1031 5784 δ’
1058 5752 1160 5810 Job
1185 5771 1258 5819 tv,
1285 5756 1373 5811 19.

2039 2040 2204 2105 Deus,
2245 2050 2300 2095 et
2344 2042 2544 2111 imago,
2573 2050 2628 2095 et
2655 2040 2862 2100 lumen.
2885 2048 2941 2093 et
2968 2039 3141 2107 ﬁgura
3176 2035 3501 2091 substantiae
3541 2033 3647 2087 Pa-

2040 2133 2159 2197 tris,
2189 2143 2243 2187 et
2281 2134 2417 2196 vita,
2450 2144 2504 2188 et
2533 2132 2730 2202 gloria,
2758 2140 2813 2186 et
2852 2130 3132 2199 splendor,
3174 2139 3230 2183 et
3259 2128 3550 2197 sapientia,
3587 2136 3647 2182 et

2036 2224 2233 2285 virtus.
2259 2232 2313 2277 et
2346 2224 2651 2286 brachium,
2680 2233 2735 2278 et
2764 2224 2977 2287 tlextra,
3010 2234 3062 2276 et
3091 2222 3426 2285 Altissimus,
3449 2231 3505 2275 et
3528 2236 3643 2274 ma-

2036 2313 2367 2384 gniliceutia,
2406 2324 2461 2368 et
2489 2314 2749 2369 Dominus
2773 2311 3037 2377 Sabaoth,
3070 2324 3125 2367 et
3151 2313 3276 2367 aliis
3313 2313 3518 2366 talibus
3547 2327 3643 2367 no-

2038 2408 2297 2469 minibus,
2327 2422 2447 2476 qure
2490 2420 2618 2461 vere
2656 2406 2993 2461 conveniunt
3031 2406 3242 2460 deitati.
3280 2404 3411 2461 Post
3461 2408 3646 2460 incar-

2038 2500 2315 2553 nationem
2361 2514 2491 2554 vero
2533 2502 2717 2561 homo,
2764 2497 3042 2563 Christus,
3077 2496 3260 2563 Jesus,
3317 2498 3644 2569 prepitiato-

2040 2593 2201 2655 rium,
2246 2592 2533 2654 mediator,
2592 2592 2850 2662 primitiae
2906 2592 3318 2653 dormientium,
3369 2593 3645 2663 primoge-

2039 2685 2185 2738 nitus
2230 2700 2259 2737 a
2310 2686 2568 2747 mortuis,
2612 2685 2883 2739 secundus
2936 2685 3150 2747 Adam,
3191 2694 3355 2753 caput
3397 2685 3646 2753 corporis

2040 2776 2458 2841 Ecclesize,cum
2483 2793 2608 2832 eum
2633 2779 2800 2832 etiam
2831 2779 3052 2832 nomina
3086 2777 3269 2847 prisca
3292 2787 3597 2847 sequantur
3627 2795 3643 2830 :

2037 2869 2218 2922 omnia
2253 2870 2400 2923 enim
2436 2870 2606 2939 ipsius
2636 2871 2854 2938 propria
2910 2879 3064 2932 sunt.
3094 2881 3147 2925 et
3177 2872 3382 2942 priora,
3436 2882 3490 2925 et
3521 2885 3646 2941 quae

2038 2962 2348 3018 novissimis
2383 2963 2524 3017 facta
2555 2962 2914 3033 temporibus.

2109 3138 2258 3194 Unus
2288 3140 2449 3210 igitur
2474 3150 2577 3205 est,
2618 3149 2673 3196 et
2697 3140 2790 3211 qui
2845 3152 2971 3196 ante
3014 3139 3448 3197 incarnatiOnem
3504 3142 3648 3196 Deus

2037 3242 2155 3287 erat
2180 3246 2361 3294 verus,
2392 3233 2552 3302 etqui
2587 3233 2641 3286 in
2673 3235 3012 3287 humanitate
3038 3234 3473 3305 mansitidquod
3500 3244 3644 3297 erat,

1985 3340 2001 3352 ⁸
2034 3333 2212 3386 etest,
2232 3333 2287 3378 et
2312 3325 2435 3379 erit.
2468 3324 2584 3379 Non
2611 3326 3003 3381 discernendus
3032 3326 3196 3398 igitur
3222 3343 3364 3380 unus
3387 3327 3648 3382 Dominus

2034 3414 2193 3471 Jesus
2220 3417 2489 3484 Christus,
2524 3418 2576 3472 in
2608 3418 2882 3474 hominem
2915 3433 3196 3482 seorsmn,
3223 3428 3281 3474 et
3313 3436 3562 3474 seorsum
3591 3420 3644 3475 itt

2039 3508 2206 3563 Deum
2235 3527 2250 3575 ;
2281 3509 2376 3565 sed
2406 3526 2572 3564 unum
2614 3512 2973 3580 etnndemque
2998 3510 3184 3565 Jesum
3216 3512 3498 3566 Christum
3524 3526 3646 3567 casis

2038 3603 2301 3666 dicimus,
2345 3619 2450 3656 non
2512 3604 2827 3673 ignorantes
2873 3603 3239 3659 diil'et'entiam
3300 3615 3645 3669 naturarum,

2037 3695 2208 3765 788
2237 3696 2332 3750 sed
2360 3713 2453 3751 eas
2494 3698 2809 3751 inconfusas
2841 3698 2983 3752 inter
3016 3713 3140 3753 sese
3165 3710 3469 3753 servantes.

2113 3786 2337 3853 Quoties
2369 3788 2535 3855 igitur
2567 3787 2768 3843 Littera
2804 3804 2959 3843 sacra
2988 3801 3387 3844 commemorat
3414 3792 3559 3859 quod
3591 3792 3643 3845 in

2036 3879 2263 3935 Christo
2312 3898 2330 3929 ι
2385 3880 2708 3935 inhabitavit
2760 3883 2939 3936 omnis
2995 3882 3274 3949 plenitudo
3340 3884 3647 3939 divinitatis

2038 3973 2398 4042 torporaliter
2430 3972 2471 4003 δ’
2505 3989 2521 4039 ;
2565 3993 2582 4025 ι
2619 3990 2725 4027 non
2760 3975 2880 4030 ideo
2909 3976 3141 4031 dicimus
3166 3985 3424 4046 tanquam
3456 3978 3508 4031 in
3535 3977 3645 4031 alio

2038 4066 2277 4128 Christo,
2314 4068 2365 4119 in
2395 4066 2613 4120 homine
2648 4083 2895 4122 seorsum
2928 4068 3269 4124 inhabitasse
3298 4070 3467 4125 Deum
3502 4070 3640 4125 Ver-

2038 4155 2165 4210 bum
2197 4172 2212 4217 ;
2244 4170 2343 4210 nec
2374 4171 2539 4225 porro
2569 4156 2874 4212 dividentes
2901 4172 2966 4213 ea
2999 4174 3119 4227 qua:
3150 4160 3299 4214 unita
3327 4170 3477 4221 sunt,
3505 4161 3641 4215 duos

2040 4246 2393 4318 intelligimus
2434 4248 2602 4312 ﬁlios;
2652 4248 2779 4304 illud
2806 4258 2991 4304 autem
3030 4252 3236 4318 magis,
3272 4254 3417 4320 quod
3477 4252 3633 4310 Chri-

2038 4352 2181 4393 stum
2216 4342 2461 4395 nominat
2494 4340 2697 4396 Littera
2725 4357 2883 4397 sacra
2915 4357 2982 4397 ex
3023 4354 3179 4415 parte
3228 4361 3645 4417 nonnunquam,

2038 4433 2256 4498 etquod
2315 4432 2706 4489 humanitatem
2745 4435 2838 4491 Dei
2873 4436 3132 4503 Verbum,
3170 4453 3332 4508 quam
3366 4442 3643 4512 prOpriatn

2043 4526 2235 4589 habet,
2266 4526 2318 4579 in
2352 4526 2524 4580 locum
2577 4529 2755 4596 posuit
2781 4530 2987 4599 templi.
3038 4531 3316 4602 Scriptum
3348 4543 3432 4587 est
3460 4544 3644 4589 autem

2905 4640 2917 4677 :
2967 4640 2982 4673 ι
3027 4622 3405 4681 lnbabitantes
3461 4640 3644 4684 autem

2038 4710 2227 4764 domos
2254 4710 2449 4778 luteas,
2485 4714 2553 4768 de
2578 4715 2774 4783 quibus
2809 4724 2859 4769 et
2896 4730 2995 4771 nos
3043 4733 3109 4773 ex
3143 4720 3334 4773 eodem
3386 4722 3501 4775 luto
3550 4738 3650 4777 su-

2039 4817 2160 4855 mus
2190 4801 2254 4854 δ’.
2310 4822 2330 4857 ι
2364 4804 2615 4875 Ergone,
2649 4808 2907 4875 quoniam
2946 4809 3118 4865 luteas
3157 4812 3352 4867 domos
3401 4814 3643 4870 humana

2039 4910 2267 4966 corpora
2296 4899 2563 4964 nominat,
2590 4909 2645 4955 et
2670 4898 2906 4956 alIirtnat
2932 4902 2983 4955 iu
3016 4902 3101 4958 his
3128 4906 3341 4958 animas
3369 4907 3646 4975 habitare,

2046 4988 2097 5042 in
2128 4992 2263 5044 duos
2289 4990 2539 5047 homines
2558 5008 2721 5046 manu
2751 4994 3029 5050 hominem
3070 4996 3423 5052 dividemns?
3480 5000 3643 5070 Atqu:

2047 5093 2153 5133 non
2208 5080 2522 5138 irrationale
2553 5084 2776 5138 onmino
2809 5084 2911 5151 sit,
2955 5096 3015 5139 ut
3063 5085 3116 5141 in
3155 5087 3375 5144 homine
3421 5091 3650 5160 spiritus

2043 5186 2177 5228 suus
2220 5175 2528 5231 inhabitare
2568 5177 2799 5231 dicatur.
2845 5179 3017 5247 Ergo,
3052 5181 3156 5235 etsi
3186 5197 3286 5251 per
3335 5182 3648 5253 lmjnsmodi

2044 5267 2234 5321 modos
2263 5268 2531 5324 orationis
2580 5270 2750 5341 ﬁgura
2816 5274 3098 5340 procedat,
3143 5289 3266 5329 eum
3319 5274 3479 5330 aliter
3530 5278 3646 5331 ﬁeri

2042 5375 2147 5414 non
2185 5362 2377 5430 possit,
2406 5378 2511 5417 non
2544 5374 2722 5417 tamen
2753 5365 2873 5420 ideo
2909 5381 3089 5421 rerum
3112 5370 3391 5438 corrumpi
3421 5378 3647 5423 naturas

2039 5462 2309 5522 Oporteat,
2352 5456 2448 5512 sed
2487 5457 2663 5526 magis
2693 5472 2784 5515 eas
2827 5467 2977 5516 recto
3013 5460 3259 5517 veritatis
3291 5469 3479 5517 tenore
3524 5478 3645 5518 ser-

2038 5561 2179 5602 Vill'l.

426 5887 471 5959 (l
487 5903 503 5959 )
531 5889 769 5961 Intelligo
796 5908 1043 5963 magnam
1075 5894 1219 5948 illam
1251 5906 1303 5951 et
1323 5898 1707 5972 οἱκουμενικὴν
1739 5901 1934 5973 synodu

2044 5903 2335 5961 Nicarnam.

713 5985 977 6051 Partum.
1020 5993 1134 6053 (in.
1170 5990 1400 6053 LXXV.

3122 6018 3195 6079 44
