4058 6328
470 467 604 527 1⁸587

538 589 759 656 Quoties
816 586 976 656 igitur
1028 583 1329 656 quapiam,
1378 598 1496 653 quas
1548 564 1866 637 dissimilem
1924 586 2047 633 sunt
2079 584 2119 638 Α

467 682 610 737 inter
625 696 684 736 se
702 679 887 734 sortita
912 686 1179 742 naturam,
1201 676 1425 732 collecta
1446 678 1496 729 in
1522 674 1903 729 adnnationem
1948 684 2042 739 per

464 771 903 841 compositionem
921 769 1171 824 videntur
1200 785 1212 821 :
1238 767 1428 823 deinde
1444 766 1761 820 alterutrum
1790 778 1851 818 es
1882 761 1967 815 his
1990 761 2041 814 in

465 865 727 918 alterutro
755 861 1002 917 habitare
1034 860 1250 922 dicitur,
1284 873 1390 913 non
1432 856 1774 913 dividendum
1821 854 1873 908 in
1915 854 2041 914 duo.

466 956 808 1011 adunatiouis
854 951 1210 1008 conventione
1253 950 1473 1003 minime
1503 946 1879 1010 violata,licet
1931 947 2045 998 suis

470 1045 777 1101 nominibus
815 1060 913 1113 per
961 1056 1081 1097 sese
1121 1055 1185 1095 ea
1244 1055 1364 1109 qna-
1413 1038 1645 1093 adunata
1693 1048 1817 1092 sunt
1868 1036 2044 1087 uomi-

468 1145 665 1190 nentur
690 1148 719 1187 a
755 1132 928 1187 nobis.
961 1130 1166 1184 Dicitur
1199 1142 1450 1197 namque,
1487 1135 1545 1181 ut
1582 1134 1709 1179 ante
1737 1125 1869 1188 dixi,
1906 1133 1959 1177 et
1989 1124 2041 1177 in

469 1226 689 1281 homine
738 1223 979 1278 habitare
1035 1220 1261 1291 spiritus
1303 1234 1472 1285 suus,
1502 1233 1600 1273 nec
1660 1227 1837 1271 tamen
1884 1216 2044 1270 homo

468 1315 688 1376 dicitur,
708 1321 761 1368 et
786 1326 1027 1365 seorsum
1053 1310 1277 1377 spiritus
1298 1322 1447 1373 suus,
1483 1320 1725 1362 seorsum
1749 1315 1803 1359 et
1827 1319 2040 1373 corpus.

467 1405 534 1458 Et
560 1405 659 1459 tale
678 1404 812 1475 quid
846 1404 998 1457 nobis
1024 1401 1241 1455 divinus
1285 1399 1476 1453 Paulus
1506 1398 1725 1466 obliqua
1766 1393 2042 1465 signiﬁca-

468 1498 613 1551 tione
661 1494 678 1567 [
721 1496 772 1549 id
796 1502 879 1547 est
923 1494 1154 1547 obscure
1192 1500 1248 1544 et
1278 1490 1432 1558 quasi
1462 1488 1800 1555 :enigmatice
1833 1484 1844 1555 Ι
1892 1499 2036 1537 com-

468 1595 762 1648 memorat,
788 1585 972 1639 dicens
1007 1602 1019 1635 :
1055 1599 1075 1634 ι
1112 1581 1245 1634 [Nam
1274 1580 1375 1635 etsi
1414 1579 1650 1633 exterior
1680 1587 1863 1631 noster
1887 1579 2044 1628 homo

1483 462 1542 518 S.
1585 457 1859 518 CYRILLI
1900 456 2363 514 ALEXANDRINI
2409 454 2726 513 ARCHIEP.

3585 452 3721 509 1588

2221 578 2387 632 Ὅταν
2409 578 2589 631 τοίνυν
2616 575 2735 629 τινά
2769 575 2874 627 τῶν
2910 572 3158 646 ἀλλήλοις
3186 573 3285 642 οὐχ
3313 572 3507 643 όμοίαν
3537 572 3722 643 λαχόν-

2146 686 2252 722 των
2301 669 2401 740 τὴν
2452 668 2614 739 φύσιν
2653 666 2825 738 όριῖιτο
2873 666 3261 735 συνειλεγμένα
3301 664 3438 736 πρὸς
3496 666 3721 736 ἑνότητα

2148 758 2292 811 κατα
2342 759 2628 813 σύνθεσιν·
2708 755 2825 810 εἶτα
2880 757 2939 809 τὸ
2983 756 3041 810 δέ
3091 774 3141 809 τι
3199 756 3364 825 τυχὸν
3423 760 3482 811 ὲν
3534 759 3726 829 ἐκείνῳ

2148 847 2359 915 λέγοιτο
2408 850 2703 907 κατοικεῖν,
2754 848 2814 899 οὑ
2876 845 3175 916 διοριστέον
3215 847 3295 907 εἰς
3325 830 3460 908 ’δύω
3498 846 3600 916 τῆς
3649 849 3726 910 είς

2151 940 2379 1010 ἑνότητα
2411 937 2714 1008 συνδρομῆς
2744 936 2864 990 κατ’
2888 936 3078 990 οὐδένα
3108 936 3307 1006 τρόπον
3344 936 3727 1008 ἀδικουμένης,

2148 1032 2250 1083 κᾶν
2288 1033 2334 1083 εί
2378 1030 2481 1083 τῶν
2533 1030 2825 1100 ἡνωμένων
2868 1029 3128 1098 ἑκάτερον
3177 1026 3357 1091 ίδικῶς
3412 1028 3729 1099 ὀνομάζοιτο

2148 1121 2282 1190 πρὸς
2313 1121 2493 1191 ἡμῶν,
2519 1119 2667 1173 τοῦθ’
2710 1122 2847 1190 ὅπερ
2896 1120 2961 1173 ἂν
3006 1115 3115 1172 εἷεν
3153 1120 3460 1189 ἀμφότερα.
3491 1121 3726 1188 Λέγεται

2145 1213 2273 1282 γάρ,
2316 1212 2389 1275 ὡς
2419 1212 2573 1281 ἔφην,
2615 1214 2704 1265 καὶ
2731 1214 2787 1265 ὲν
2816 1212 3089 1282 ἀνθρώπῳ
3117 1214 3395 1267 κατοικεῖν
3422 1212 3483 1264 τὸ
3512 1210 3729 1283 πνεῦμα

2146 1304 2349 1357 αὐτοῦ·
2412 1304 2550 1373 πλὴν
2594 1303 2881 1375 ἄνθρωπος
2950 1302 3189 1371 λέγεται,
3256 1305 3352 1358 καὶ
3429 1304 3609 1368 ῑδικῶς
3670 1305 3730 1357 τὸ

2150 1393 2390 1462 πνεῦμα,
2420 1396 2513 1447 καὶ
2550 1394 2657 1463 μὴν
2688 1395 2781 1447 καὶ
2809 1393 2867 1445 τὸ
2898 1392 3077 1462 σῶμα.
3114 1394 3306 1447 Καίτοι
3336 1393 3574 1448 τοιοῦτον
3597 1397 3728 1465 ἡμῖν

2146 1484 2516 1537 ὑπαινίττεται
2539 1486 2566 1537 6
2601 1486 2909 1552 σοφώτατος
2942 1483 3153 1549 Παῦλος
3192 1486 3387 1555 λέγων*
3434 1505 3453 1538 ι
3479 1486 3539 1539 Ei
3566 1486 3676 1557 γὰρ
3696 1488 3725 1540 6

2147 1576 2251 1641 ἔξω
2276 1575 2429 1644 ἡμῶν
2454 1575 2735 1646 ἄνθρωπος
2764 1574 3157 1643 διαφθείρεται,
3181 1576 3297 1630 ἀλλ’
3324 1580 3353 1630 6
3378 1578 3487 1631 ῖσω
3506 1578 3729 1645 ἀνακαι-

467 1677 889 1747 eorruntpitur;
938 1674 1031 1729 sed
1088 1673 1314 1726 interior
1384 1678 1671 1723 renovatur
1729 1669 1794 1719 de
1847 1664 1933 1716 die
1990 1665 2040 1715 in

2146 1667 2327 1720 νοῦται
2346 1667 2528 1737 ἡμέρᾳ
2567 1667 2659 1719 καὶ
2680 1667 2880 1738 ἡμέρα.
2899 1686 2915 1718 ι
2935 1668 3104 1721 Ὅταν
3118 1663 3209 1721 οὖν
3225 1684 3309 1733 τις
3325 1668 3471 1736 λέγοι
3495 1668 3584 1723 τὸν
3620 1670 3730 1722 ἔσω

470 1771 609 1823 diem
642 1770 704 1821 “.
734 1788 757 1820 ο
791 1767 844 1822 Si
874 1768 995 1836 quis
1018 1764 1180 1834 igitur
1205 1762 1401 1816 dixerit
1458 1759 1769 1814 interiorem
1801 1764 2037 1809 nostrum

2146 1759 2171 1824 ἡ
2183 1756 2299 1825 μῶν
2326 1755 2607 1826 ἄνθρωπον
2647 1759 2704 1809 ἐν
2739 1757 2812 1827 τῷ
2849 1758 2951 1821 ἔξω
2985 1758 3254 1829 ἀνθρώπῳ
3271 1763 3567 1824 κατοικεῖν,
3588 1760 3727 1831 άλη-

469 1860 739 1914 hmninem
759 1858 809 1911 in
832 1857 1100 1911 exteriore
1121 1854 1336 1907 homine
1361 1850 1683 1911 inhabitare,
1717 1863 1898 1901 verum
1922 1846 2040 1914 qui-

2146 1846 2289 1899 θεύει
2321 1847 2436 1916 μὲν,
2476 1847 2555 1909 είς
2578 1846 2669 1899 δύο
2687 1863 2748 1915 γε
2785 1847 2889 1916 μὴν
2919 1847 3012 1900 τὸν
3035 1848 3129 1900 ἕνα
3152 1846 3333 1917 τεμὼν
3366 1848 3463 1919 οὐχ
3490 1848 3683 1919 ὁρᾶται
3706 1864 3723 1878 ⁶

464 1951 584 2006 dem
619 1948 969 2011 memoravit,
1010 1946 1063 2000 in
1097 1945 1203 1999 duo
1241 1956 1416 1998 tamen
1458 1956 1621 1995 mmm
1654 1939 1891 1993 dividere
1940 1952 2043 1992 non

2148 1938 2281 2007 φησὶ
2313 1937 2369 1990 δέ
2412 1955 2513 1990 που
2555 1939 2649 1990 καὶ
2677 1940 2705 1991 6
2727 1941 3011 2010 προφήτης
3051 1938 3278 2003 Ἡσαΐας
3300 1956 3312 1968 ·
3352 1958 3370 1990 ι
3394 1940 3487 1993 Ἐκ
3535 1939 3728 2003 νυκτὸς

467 2042 752 2096 videbitur.
803 2040 890 2093 Ait
925 2048 1101 2091 autem
1128 2036 1321 2090 alicubi
1344 2035 1506 2088 etiam
1546 2032 1803 2102 propheta
1837 2030 2040 2084 lsaias:

2146 2029 2387 2099 όρθρίξει
2414 2030 2472 2081 τὸ
2492 2029 2711 2100 πνεῦμά
2741 2047 2840 2100 μου
2865 2032 2999 2102 πρὸς
3026 2031 3359 2096 σὲ,όΘεός.ν›
3378 2028 3502 2103 'Ap’
3537 2027 3629 2087 οὖν
3650 2031 3727 2096 ὡς

475 2154 491 2183 ι
526 2132 597 2186 De
621 2140 776 2185 nocte
804 2130 991 2200 vigilat
1017 2129 1236 2198 spiritus
1268 2140 1417 2180 mens
1443 2126 1507 2177 ad
1539 2132 1621 2188 te,
1660 2122 1882 2177 Domine
1912 2122 1976 2175 “.
2021 2140 2037 2172 ι

2146 2121 2329 2190 ἕτερον
2364 2122 2492 2189 παρ’
2521 2122 2681 2174 αὑτὸν
2704 2123 2763 2175 τὸ
2789 2122 3005 2192 πνεῦμα
3036 2122 3198 2178 αὑτοῦ
3228 2126 3363 2196 πρὸς
3396 2125 3527 2178 Θεὸν
3546 2124 3725 2197 ὀρθρί-

473 2225 735 2281 Utrumne
784 2232 1040 2289 tanquam
1085 2220 1221 2272 alius
1264 2225 1456 2284 praeter
1494 2217 1663 2283 ipsum
1711 2215 1931 2282 spiritus
1961 2215 2041 2280 ip-

471 2319 580 2371 sius
606 2318 670 2369 ad
716 2319 879 2369 Deum
909 2314 1108 2366 dicitur
1138 2311 1371 2379 vigilare
1402 2308 1424 2359 ?
1462 2306 1650 2360 Nonne
1684 2307 1733 2357 id
1766 2306 2039 2373 ineptissi-

470 2424 614 2462 mum
647 2404 931 2461 videatur?
983 2403 1122 2472 Ergo
1154 2401 1296 2455 scire
1321 2399 1537 2469 quidem
1562 2411 1784 2452 necesse
1808 2405 1891 2449 est
1915 2410 2040 2449 ora-

470 2501 632 2555 tionis
690 2500 920 2569 ﬁguras,
958 2513 1063 2551 non
1112 2507 1287 2547 tamen
1330 2494 1397 2545 ab
1456 2491 1725 2545 intellectu
1766 2489 2042 2543 discedere

467 2591 795 2661 competenti
816 2628 831 2651 ,
863 2590 955 2642 sed
986 2586 1191 2641 referre
1226 2584 1393 2654 magis
1422 2582 1813 2637 sententiarum
1841 2579 1946 2631 vim
1975 2579 2041 2630 ad

468 2699 687 2738 sensum
724 2682 815 2751 qui
852 2680 1138 2747 unicuique
1180 2679 1253 2731 rei
1282 2676 1589 2730 conveniat.

531 2773 697 2845 739
717 2772 844 2827 Etsi
874 2772 1082 2824 dicatur
1108 2788 1125 2819 ι
1158 2772 1419 2835 proiicere
1446 2764 1602 2819 Jesus
1626 2773 1805 2825 astate,
1839 2760 2043 2831 sapien-

471 2866 544 2918 tia
587 2875 640 2918 et
669 2864 836 2933 gratia
870 2861 939 2924 ",
980 2879 999 2911 ι
1033 2857 1449 2926 dispensationis
1494 2855 1609 2908 haec
1638 2867 1723 2906 res
1766 2860 1866 2905 est.
1904 2850 2043 2904 Deus

469 2956 666 3011 etenim
721 2954 949 3008 Verbum
1010 2951 1400 3006 humanitatem
1449 2960 1598 3001 more
1650 2958 1749 2999 suo
1781 2942 2043 3011 prolicere

470 3047 832 3117 permittebat,
872 3056 924 3099 et
949 3043 1098 3113 quasi
1140 3042 1397 3109 paulatim
1441 3037 1739 3093 divinitatis
1769 3048 1881 3088 Sita:
1928 3032 2041 3103 glo-

472 3140 602 3192 riam
666 3137 878 3191 volehat
942 3135 1255 3194 declarare,
1294 3142 1347 3184 et
1406 3145 1526 3184 cum
1582 3129 1822 3196 corporis
1882 3134 2041 3179 aetate

467 3232 628 3285 etiam
687 3244 780 3283 sua
823 3229 1149 3288 extendere,
1197 3238 1265 3277 ne
1323 3224 1449 3291 quid
1506 3236 1699 3275 novum
1746 3218 2035 3281 videretur,

2145 2213 2257 2276 ζειν
2308 2214 2559 2280 λέγεται;
2618 2216 2808 2267 Καίτοι
2869 2216 2984 2278 πῶς
3037 2217 3133 2269 οὐκ
3179 2218 3376 2271 ἄτοπον
3436 2217 3497 2269 τὸ
3558 2218 3726 2285 φάναι

2143 2303 2385 2355 τοιοῦτόν
2418 2322 2501 2369 τι;
2554 2304 2762 2358 Οὐκοῦν
2804 2307 3001 2360 εἰδέναι
3040 2307 3139 2377 μὲν
3180 2308 3475 2375 ἀναγκαῖον
3508 2307 3576 2361 τὰ
3618 2308 3730 2361 τῶν

2143 2398 2313 2465 λόγων
2358 2399 2640 2466 σχήματα,
2689 2397 2749 2449 οὐ
2812 2399 2918 2466 μὴν
2955 2399 3048 2450 καὶ
3104 2399 3415 2465 ἐξίστασθαι
3457 2399 3551 2453 τοῦ
3588 2400 3729 2453 εικό-

2142 2506 2255 2553 τος,
2302 2490 2588 2561 περιάγειν
2627 2488 2684 2541 δὲ
2735 2488 2932 2557 μᾶλλον
2981 2489 3089 2541 τῶν
3140 2490 3555 2561 σημαινομένων
3629 2489 3728 2559 τὴν

2142 2578 2369 2647 δύναμιν
2402 2580 2492 2629 ἐπὶ
2521 2578 2611 2630 τὸν
2644 2578 2859 2647 ἑκάστῳ
2887 2578 3171 2648 πράγματι
3197 2580 3473 2650 πρέποντα
3502 2579 3721 2634 σκοπόν.

2215 2757 2277 2811 Εἰ
2298 2758 2353 2812 δὲ
2374 2758 2438 2827 δὴ
2460 2760 2555 2812 καὶ
2580 2759 2789 2826 λέγοιτο
2815 2779 2830 2808 ι
2861 2760 3184 2826 προκόπτειν
3214 2763 3242 2813 ό
3276 2760 3483 2833 Ἰησοῦς
3516 2760 3721 2834 ἡλικία,

2146 2848 2237 2902 καὶ
2292 2848 2453 2919 σοφίᾳ
2496 2849 2591 2901 καὶ
2640 2849 2843 2919 χάριτι,
2870 2868 2888 2899 ι
2964 2850 3064 2919 τῆς
3111 2851 3423 2921 οἰκονομίας
3473 2850 3628 2905 ἔσται
3664 2853 3726 2906 τὸ

2143 2940 2353 3011 χρῆμα.
2397 2939 2700 3011 Συνεχὼρει
2732 2940 2840 3012 γὰρ
2879 2943 2907 2994 6
2950 2940 3086 3017 ερεοῦ
3130 2942 3303 3011 Λόγος
3352 2942 3439 2996 διὰ
3478 2944 3586 2997 τῶν
3627 2944 3724 3015 τῆς

2146 3030 2282 3093 ιδίας
2340 3029 2558 3099 φύσεως
2600 3030 2737 3084 ἐθῶν
2783 3032 2919 3085 ίέναι
2959 3032 3020 3084 τὸ
3063 3032 3437 3103 ἀνθρώπινον
3482 3036 3577 3088 καὶ
3615 3030 3724 3090 οἷον

2143 3121 2283 3174 κατὰ
2323 3120 2497 3193 βραχὺ
2526 3121 2626 3191 τῆς
2656 3121 2851 3176 ἑαυτοῦ
2882 3124 3133 3194 θεότητος
3172 3124 3332 3194 ἦθελε
3372 3128 3723 3199 κατευρὺνειν

2148 3211 2209 3262 τὸ
2262 3212 2597 3281 περιφανές’
2656 3214 2749 3265 καὶ
2798 3209 2982 3285 τῇτοῦ
3046 3212 3297 3284 σώματος
3337 3217 3524 3289 ἡλικίᾳ.
3585 3236 3721 3291 συμ-

471 3321 629 3390 idque
679 3318 961 3374 nonnullus
1010 3317 1175 3371 nimia
1236 3314 1470 3368 novitate
1525 3318 1868 3382 perterreret.
1904 3307 2037 3363 Cum

2150 3302 2526 3372 παρεκτείνειν
2550 3305 2620 3358 τὰ
2644 3303 2834 3357 ἑαυτοῦ
2860 3321 2873 3334 ·
2903 3304 2978 3368 ὡς
3004 3304 3069 3358 ἂν
3101 3306 3174 3376 μή
3201 3324 3255 3385 τι
3271 3306 3334 3361 τὸ
3353 3308 3506 3370 ξένον
3526 3310 3719 3383 ὁρῷτο,

470 3410 769 3479 praesertim
825 3412 904 3463 sic
949 3422 1164 3477 quoque
1208 3408 1448 3460 dicerent
1491 3422 1505 3456 :
1549 3422 1567 3453 ι
1628 3400 1908 3468 Quomodo
1953 3399 2043 3452 hic

470 3503 677 3554 litteras
729 3499 853 3562 scit,
891 3512 1010 3552 cum
1050 3512 1154 3551 non
1194 3496 1447 3551 didicerit
1477 3493 1573 3544 σοι
1608 3512 1627 3544 ι
1664 3493 1806 3561 Ergo
1857 3504 2041 3559 corpo-

471 3592 579 3644 rale
610 3600 984 3659 augmentum,
1007 3600 1062 3643 et
1114 3586 1384 3657 profectus
1415 3587 1602 3655 gratiae
1644 3597 1707 3638 ac
1745 3582 2037 3651 sapientiae,

469 3683 818 3737 humanitatis
853 3694 1120 3735 mensurae
1158 3682 1449 3742 convenit;
1478 3680 1651 3747 ipsum
1699 3688 1827 3729 vero
1872 3673 2039 3729 Deum

475 3773 705 3828 Verbum
738 3787 832 3844 per
862 3788 1013 3825 suam
1045 3781 1288 3825 naturain
1320 3768 1767 3837 perfectissimum
1815 3764 2038 3819 conﬁte-

474 3879 627 3927 mur,
678 3877 780 3915 non
824 3876 1049 3932 egenum
1106 3860 1405 3927 profectus,
1435 3874 1538 3911 non
1580 3858 1892 3925 sapientiae,
1937 3870 2038 3907 non

471 3954 675 4022 gratiae.
707 3953 886 4019 Ipsqu
926 3966 1069 4004 enim
1110 3960 1373 4005 creaturae
1409 3961 1461 4003 et
1501 3948 1817 4017 sapientiam
1847 3958 2039 4016 etgra-

474 4046 624 4108 tiam,
655 4055 708 4099 et
742 4045 875 4098 bona
906 4043 1372 4111 omniaimpertit.

544 4221 599 4275 Si
636 4235 761 4275 vero
791 4219 946 4274 Jesus
976 4232 1164 4287 passus
1189 4231 1308 4271 esse
1347 4218 1592 4279 dicatur,
1619 4216 1796 4284 passio
1824 4216 2038 4285 quidem

472 4317 576 4370 erit
614 4314 1067 4381 dispensationis;
1098 4313 1262 4381 ipsius
1310 4321 1487 4366 tamen
1539 4311 1758 4374 dicitur,
1805 4320 1859 4363 et
1899 4320 2044 4365 recte

473 4409 711 4475 quidem,
737 4408 863 4475 quia
914 4419 1111 4472 corpus
1152 4404 1319 4472 ipsius
1359 4402 1630 4472 proprium
1681 4417 1897 4470 passum
1939 4386 2040 4466 est,

473 4510 528 4554 et
552 4510 669 4554 erat
693 4500 745 4550 in
769 4510 994 4564 corpore
1028 4495 1260 4563 patiente
1282 4496 1415 4563 ipse,
1436 4488 1526 4563 qui
1550 4493 1659 4563 pati
1683 4509 1787 4548 non
1811 4503 2041 4562 poterat,

2147 3394 2242 3446 καὶ
2295 3394 2373 3465 τῷ
2430 3395 2548 3447 λίαν
2603 3395 2863 3466 ἀσυνήθει
2913 3397 3167 3468 ταράττοι
3220 3400 3395 3464 τινάς.
3448 3403 3579 3456 Ὅτε
3628 3404 3725 3459 καὶ

2146 3483 2318 3548 οὕτως
2348 3485 2583 3553 ἔφασκον
2604 3502 2617 3514 '
2656 3506 2674 3538 ι
2708 3487 2832 3551 Πῶς
2857 3482 3010 3553 οὗτος
3034 3484 3137 3542 οἵδε
3178 3492 3478 3562 γράμματα
3513 3494 3590 3567 μὴ
3625 3513 3724 3567 με-

2152 3576 2445 3647 μαθηκώς;
2481 3597 2501 3630 ι
2546 3580 2755 3633 Οὐκοῦν
2784 3583 3069 3652 σωματικὴ
3100 3584 3198 3653 μὲν
3232 3585 3263 3655 ἡ
3303 3584 3464 3655 αὔξη,
3518 3589 3612 3641 καὶ
3665 3587 3725 3641 τὸ

2149 3669 2477 3739 προκόπτειν
2509 3672 2569 3723 ἐν
2595 3672 2775 3741 χάριτι
2818 3673 2908 3725 καὶ
2952 3675 3133 3743 σοφία,
3161 3678 3363 3745 πρέποι
3391 3678 3455 3731 ἂν
3487 3682 3597 3742 τοῖς
3624 3679 3724 3751 τῆς

2146 3759 2563 3831 ἀνθρωπότητος
2607 3762 2850 3834 μέτροις.
2910 3766 3082 3818 Αὐτόν
3127 3783 3189 3833 γε
3250 3768 3357 3837 μὴν
3411 3769 3531 3822 κατ’
3591 3769 3723 3823 ἰδίαν

2148 3850 2307 3919 φύσιν
2340 3853 2651 3905 παντέλειον
2678 3851 2815 3907 εἶναί
2843 3872 3021 3925 φαμεν
3060 3857 3148 3909 τὸν
3179 3860 3243 3910 ἐκ
3272 3857 3407 3911 Θεοῦ
3434 3860 3626 3927 Λόγον,
3661 3861 3721 3913 οὐ

2149 3943 2433 4013 προκοπῆς
2452 3944 2727 4015 δεόμενον,
2745 3948 2805 3999 οὐ
2836 3949 3043 4015 σοφίας,
3073 3950 3130 4002 οὐ
3158 3953 3377 4022 χάριτος
3401 3968 3414 3983 ·
3448 3953 3721 4023 διανέμειν

2147 4032 2204 4086 δὲ
2232 4033 2433 4104 μᾶλλον
2458 4038 2524 4104 τῇ
2548 4037 2721 4089 κτίσει
2758 4038 2951 4106 σοφίαν
2984 4038 3079 4092 καὶ
3118 4040 3297 4113 χάριν,
3330 4044 3426 4095 καὶ
3455 4043 3522 4097 τὰ
3551 4044 3617 4097 δι’
3647 4036 3722 4098 ὧν

2148 4124 2261 4195 ἔχοι
2296 4125 2493 4190 καλῶς.
2536 4188 2545 4196 ,

2220 4216 2280 4269 Ei
2307 4216 2362 4269 δὲ
2391 4217 2455 4287 δὴ
2501 4217 2711 4285 λέγοιτο
2747 4220 2937 4271 παθεῖν
2978 4222 3006 4273 ὁ
3050 4221 3273 4291 Ἰησοῦς,
3317 4224 3377 4276 τὸ
3415 4224 3515 4295 μὲν
3550 4223 3722 4290 πάθος

2149 4305 2299 4359 ἔσται
2324 4306 2425 4376 τῆς
2457 4307 2798 4378 οίκονομίας’
2830 4309 2995 4363 αὑτοῦ
3040 4312 3096 4364 δὲ
3123 4311 3359 4381 λέγεται,
3391 4317 3487 4370 καὶ
3515 4318 3723 4389 σφόδρα

2148 4398 2371 4461 εἰκότως
2390 4416 2403 4430 ·
2436 4400 2517 4452 ὅτι
2551 4400 2643 4453 καὶ
2672 4402 2801 4455 ίδιον
2823 4404 2989 4456 αὐτοῦ
3018 4404 3080 4457 τὸ
3110 4408 3394 4471 πεπονθός,
3431 4409 3542 4473 Καὶ
3564 4406 3634 4480 ἦν
3658 4411 3716 4464 έν

2148 4487 2225 4558 τῷ
2260 4488 2520 4558 πάσχοντι
2558 4487 2791 4559 σώματι,
2823 4491 3052 4561 πάσχειν
3082 4492 3182 4561 μὲν
3211 4494 3309 4547 οὐκ
3349 4495 3506 4560 εἰδώς
3528 4514 3540 4525 ·
3576 4499 3721 4551 άπα-

477 4592 823 4662 impassibilis
852 4599 937 4645 est
960 4590 1128 4654 enim,
1156 4597 1216 4642 ut
1248 4586 1391 4642 Deus
1422 4602 1436 4640 :
1467 4599 1728 4656 quantum
1753 4596 1935 4641 tamen
1975 4588 2043 4640 ad

2152 4577 2249 4675 θὴς
2281 4577 2390 4651 γάρ
2437 4579 2585 4675 ἐστιν
2613 4579 2685 4643 ὡς
2705 4579 2845 4675 ΔΘεός
2871 4597 2884 4611 ο
2924 4581 3046 4635 ὅσον
3078 4582 3133 4636 δὲ
3161 4578 3294 4656 ἧκεν
3335 4585 3416 4649 εἷς
3439 4602 3503 4654 γε
3528 4587 3589 4641 τὸ
3611 4588 3721 4641 τῶν

477 4687 899 4741 conviciatorum
924 4680 1269 4753 petulantiam
1295 4680 1573 4751 pertinuit,
1596 4695 1785 4748 passus
1806 4690 1971 4743 esset,
1994 4681 2037 4733 si

2148 4670 2923 4744 ὲμπαροινησάντωνιθράσος,
2959 4673 3167 4740 παθὼν,
3205 4678 3309 4731 κᾶν
3338 4680 3385 4731 εί
3420 4679 3496 4749 μὴ
3529 4679 3720 4734 παθεῖν

472 4778 583 4846 pati
611 4788 811 4847 posset.
855 4774 995 4844 Ergo
1031 4774 1281 4841 quoniam
1321 4772 1489 4826 nostri
1517 4772 1711 4828 similis
1750 4770 1922 4826 factus
1959 4782 2040 4825 est

2147 4759 2386 4812 ἐδύνατο.
2438 4761 2645 4815 Οὐκοῦν
2698 4764 2998 4847 ἐπειδήπερ
3043 4767 3165 4821 καθ’
3223 4770 3370 4838 ἡμᾶς
3426 4771 3646 4839 γέγονεν
3690 4774 3721 4826 ό

476 4842 814 4940 Unigenitus,
842 4842 1264 4935 quotiescunque
1296 4864 1455 4919 homo
1476 4863 1784 4917 nominatur
1806 4878 1835 4916 a
1860 4862 2038 4917 divina

2147 4852 2481 4920 Μονογενὴς,
2519 4854 2709 4917 ὁσάκις
2751 4855 2818 4909 ἂν
2860 4842 3143 4927 ἄνθρωπος
3198 4860 3529 4932 ὀνομάζηται
3568 4866 3717 4935 παρὰ

474 4957 1083 5027 Scriptura,intueutes
1140 4955 1615 5024 dispensationem,
1648 4953 1814 5009 Deum
1868 4955 2039 5025 ipsum

2149 4943 2248 5014 τῆς
2296 4943 2658 5000 θεοπνεύστου
2707 4948 2951 5020 Γραφῆς,
3002 4951 3308 5016 ἐννοοῦντες
3367 4953 3467 5024 τὴν
3511 4958 3716 5009 οἰκονοο

474 5060 664 5104 natura
693 5050 771 5104 sic
798 5061 1010 5118 quoque
1042 5051 1413 5103 contlteanmr.

2154 5034 2305 5104 μίαν,
2336 5034 2467 5089 Θεὸν
2492 5036 2619 5091 ὅντα
2647 5039 2787 5093 κατὰ
2808 5040 2969 5108 φύσιν
3004 5042 3167 5096 αὑτὸν
3208 5044 3503 5111 καὶ-οὔτως
3527 5048 3716 5116 ὁμολο-

2148 5125 2425 5195 γήσωμεν.

1948 5234 2103 5293 CAP.
2127 5236 2265 5295 XIV.

674 5344 929 5415 Exempla
955 5344 1142 5402 divina:
1186 5345 1474 5416 Scriptura
1506 5346 1643 5419 quod
1680 5350 1774 5405 Dei
1827 5350 2049 5408 Verbum
2095 5356 2246 5412 homo
2283 5358 2485 5428 factum
2520 5365 2766 5417 manserit
2805 5363 2963 5419 Deus.
3017 5365 3091 5420 De
3118 5371 3504 5438 propitiatorio.

537 5456 633 5558 ΔΑἰι.
656 5454 849 5557 alicubi
876 5454 1015 5558 Deus
1038 5455 1435 5558 adpontiﬂcem
1460 5458 1676 5532 Moysen
1709 5476 1724 5517 :
1762 5462 1855 5518 «Et
1880 5464 2045 5520 iacies
2157 5487 2275 5527 reos
2331 5485 2592 5541 ornatos,
2651 5485 2707 5531 et
2758 5478 3038 5549 imponens
3078 5482 3195 5537 illos
3238 5500 3303 5539 ex
3360 5498 3587 5558 ιιιι-οηυε
3639 5490 3716 5545 ιε-

474 5548 905 5619 propitiatorium
934 5546 1281 5617 lmpositione
1316 5550 1429 5603 auri
1464 5554 1580 5620 puri
1618 5555 1844 5607 duorutn
1894 5556 2044 5610 cubi-
2154 5574 2284 5618 iere,
2333 5563 2550 5621 οιιει-υι,
2587 5585 2723 5625 unus
2754 5546 3022 5629 άθίειετθ
3078 5576 3199 5644 hoc,
3235 5588 3289 5634 ει
3318 5546 3533 5635 ρυθτυξ)
3585 5598 3719 5638 unus

478 5657 649 5701 torum
687 5654 739 5698 et
788 5643 989 5699 dimidii
1030 5644 1434 5714 longitudinem,
1472 5657 1524 5701 et
1570 5650 1735 5702 cubiti
1775 5651 1933 5704 unius
1987 5661 2041 5705 et
2152 5657 2216 5709 de
2242 5656 2409 5711 latere
2437 5658 2539 5713 isto
2570 5663 2946 5732 pr0pitiatorii.
2984 5664 3047 5720 Ει
3076 5643 3241 5723 [ποίεε
3275 5670 3406 5726 duo,
3433 5662 3716 5729 cherubim

478 5736 683 5792 dimidii
720 5736 1051 5790 altitudinem
1091 5754 1103 5790 :
1139 5747 1192 5789 et
1242 5736 1402 5790 facies
1462 5740 1591 5793 duos
1623 5738 1911 5795 Cheruhim
1944 5758 2041 5794 an-
2151 5763 2315 5817 super
2336 5749 2439 5801 duo
2476 5752 2663 5808 latera.
2692 5755 2863 5810 Erunt
2894 5757 3184 5814 Cherubim
3215 5764 3568 5817 extendentes
3590 5778 3724 5833 pen-

550 5914 597 5948 “
620 5914 660 5971 ιι
685 5913 805 5970 Cor.
836 5932 906 5981 tv,
935 5916 1017 5967 lli.
1094 5915 1137 5945 δ”
1168 5916 1267 5971 lsa.
1297 5931 1439 5978 xsvt,
1469 5914 1521 5967 9.
1600 5916 1640 5947 “
1673 5915 1800 5970 Luc.
1832 5934 1887 5983 ll,
2084 5920 2128 5949 “
2163 5919 2315 5975 Joau.
2342 5938 2441 5989 vti,
2478 5924 2561 5979 l5.
