4058 6328
365 461 501 520 I389

363 592 463 634 uas
510 585 725 628 sursum
778 562 1331 636 superolmmbrantes
1383 561 1577 629 pennis
1620 560 1732 614 suis
1786 571 1950 626 super
1981 561 2022 615 Α
2057 550 2236 603 minus
2304 555 2492 600 noster

361 665 793 743 propitiatorium
813 678 829 727 ;
847 671 897 714 et
917 658 1093 711 vultus
1112 670 1298 712 eorum
1325 654 1628 708 adinvicem
1662 650 1951 719 respicien-

364 741 441 819 tes
467 754 900 832 propitiatorinm
926 760 1086 806 erunt
1104 750 1169 803 ".
1192 768 1210 800 ι
1244 747 1495 817 ιΕιιίειηιι
1514 744 1879 799 certissimum
1901 741 1950 793 id

363 856 456 916 sit,
492 851 657 904 Deum
690 846 924 900 Verbum
951 843 1115 895 etiam
1146 840 1197 893 in
1234 838 1571 893 humanitate
1603 837 1768 889 Deum
1800 848 1953 886 mau-

361 947 608 1006 sisse,et
637 940 689 992 in
741 952 836 991 sua
881 935 1051 1005 gloria
1100 947 1162 985 ac
1216 930 1530 998 majestate,
1573 928 1673 983 etsi
1730 935 1953 996 propter

366 1031 827 1102 dispensationem
884 1027 1060 1079 lactus
1124 1025 1192 1077 sit
1244 1022 1439 1076 similis
1501 1019 1717 1075 nostri:
1766 1018 1955 1085 Propi-

364 1126 637 1181 tiatorium
671 1132 903 1187 namque
928 1132 1021 1184 per
1054 1118 1209 1169 tidem
1247 1115 1422 1167 factus
1445 1122 1528 1165 est
1553 1111 1710 1165 nobis
1738 1108 1955 1161 Emma-

365 1216 508 1270 nuel.
549 1212 604 1266 Id
654 1220 831 1263 autem
888 1207 1039 1260 nobis
1087 1203 1460 1273 comprobavit
1517 1199 1953 1269 sapientissimus

362 1305 600 1361 Joannes
658 1304 843 1356 dicens
893 1316 906 1349 :
953 1316 970 1348 ι
1011 1295 1218 1359 Filioli,
1253 1294 1436 1349 scribo
1495 1293 1679 1354 vobis,
1731 1301 1787 1343 nt
1848 1305 1951 1342 non

366 1400 599 1467 peccetis
627 1413 642 1461 ;
672 1398 765 1449 sed
799 1394 845 1446 si
885 1392 1008 1461 quis
1054 1390 1391 1458 peccaverit,
1424 1385 1827 1439 consolatorem
1862 1382 1955 1433 ba—

375 1490 564 1544 betnus
616 1488 758 1555 apud
825 1482 1075 1543 Patrem,
1137 1477 1321 1533 Jesntn
1372 1475 1645 1531 Christum
1692 1474 1895 1539 justum
1939 1487 1951 1535 ;

370 1590 425 1633 et
458 1581 572 1650 ipse
601 1588 684 1631 est
747 1574 1054 1645 pt'opilialio
1116 1587 1212 1638 pro
1259 1570 1492 1638 peccatis
1532 1567 1731 1622 nostris
1759 1564 1898 1619 "ﬂ".
1932 1582 1949 1609 ι

369 1672 612 1726 Necnon
662 1670 822 1723 etiam
864 1665 1056 1719 Paulus
1080 1707 1093 1727 ,
1152 1683 1167 1712 ι
1199 1662 1368 1728 Quem
1427 1659 1722 1729 proposuit,
1760 1657 1952 1723 inquit,

369 1762 513 1818 Deus
552 1762 955 1831 propitiatorcm
990 1771 1084 1825 per
1130 1756 1284 1807 [idem
1322 1754 1371 1805 iu
1403 1766 1501 1805 suo
1536 1751 1799 1819 sanguine
1841 1747 1948 1797 ⁸ο.»

439 1856 706 1911 Caeterum
747 1867 908 1907 cerne
932 1848 1223 1904 Cberubim
1254 1847 1670 1899 circumstantes
1697 1840 1955 1910 propitia-

368 1948 596 2010 tovium,
627 1956 681 2001 et
712 1942 1270 2012 superobumbrantes
1302 1940 1519 2007 quidem
1547 1935 1739 2004 pennis
1770 1952 1784 1998 ;
1814 1949 1947 1987 con-

367 2053 552 2092 versos
620 2048 800 2091 autem
855 2036 919 2087 ad
974 2032 1443 2104 propitiatur-inm,
1490 2040 1542 2083 et
1608 2042 1744 2095 pene
1803 2026 1953 2079 tntttti

367 2128 649 2183 Dominico
674 2127 887 2183 oculum
938 2126 1296 2179 iutemleutes.
1335 2123 1413 2174 Ad
1455 2120 1544 2173 Dei
1574 2119 1718 2171 enim
1761 2116 1954 2169 volun-

366 2228 529 2272 tatem
563 2226 768 2273 tantmu
817 2215 1035 2283 respicit
1070 2223 1255 2267 sancta
1308 2210 1613 2265 caelestium
1666 2206 1953 2274 Spirituum

366 2308 689 2369 multitudo,
721 2317 775 2361 et
823 2322 1096 2374 nunquam
1145 2305 1236 2359 Dei
1290 2305 1522 2356 satiatur
1579 2309 1822 2366 aspectu.
1878 2297 1954 2347 ita

367 2401 561 2456 Filium
617 2401 879 2471 propheta
940 2401 1107 2455 Isaias
1161 2398 1362 2451 vidisse
1407 2410 1465 2448 se
1516 2393 1645 2446 dicit
1715 2393 1765 2443 in
1828 2390 1953 2443 se'tc

366 2493 626 2548 altissima
676 2504 729 2546 et
771 2494 1227 2548 eminentissima.
1278 2484 1759 2541 circumstantibus
1786 2482 1952 2535 διέκλειε

366 2587 512 2654 phim
540 2597 594 2639 et
616 2583 1033 2653 obsequentibus
1061 2583 1105 2633 ei
1140 2592 1197 2631 ιιι
1224 2579 1331 2631 Deo
1356 2579 1431 2615 "-

921 2713 1084 2784 790
1115 2712 1265 2766 car.
1302 2709 1419 2764 xv.

827 2833 982 2884 Aliud
1023 2831 1086 2883 de
1119 2830 1263 2897 virga
1299 2825 1485 2879 illosis.

440 2950 818 3008 Destinabatur
867 2946 1154 3013 aliquando
1190 2944 1402 2995 divinus
1452 2939 1661 3008 Moyses
1704 2949 1760 2989 ιιι
1793 2935 1957 2988 Isracl

366 3045 435 3099 ab
459 3042 837 3113 Egyptiurum
862 3037 1111 3091 violentia
1151 3034 1423 3086 liberaret.
1460 3030 1656 3085 Verum
1698 3029 1955 3097 quoniam

366 3149 590 3190 necesse.
644 3142 761 3185 erat
817 3144 939 3192 eos,
982 3128 1071 3197 qui
1126 3128 1225 3180 sub
1257 3127 1381 3191 jttgo
1434 3133 1617 3176 essent
1683 3121 1958 3175 servitutis

368 3226 621 3288 insolitae,
667 3226 814 3290 prius
859 3223 1053 3276 docere
1123 3218 1266 3285 quozl
1321 3218 1399 3269 eis
1456 3215 1594 3267 Dens
1639 3215 1752 3281 jam
1809 3220 1955 3264 esset

367 3318 774 3377 reconciliatus,
812 3313 1048 3381 prodigia
1078 3325 1202 3364 eum
1239 3308 1418 3362 facere
1465 3307 1765 3372 imperabat
1796 3322 1807 3356 :
1848 3302 1953 3371 ple-

371 3423 596 3477 rumque
618 3408 763 3460 enim
806 3402 1127 3458 miraculum
1171 3415 1267 3455 nos
1305 3399 1523 3452 adducit
1564 3398 1614 3448 in
1643 3397 1823 3449 lidem.
1864 3396 1954 3448 Ait

372 3502 533 3572 igitur
561 3498 772 3567 Moyses
803 3496 869 3550 ad
902 3494 1069 3548 Deum
1102 3491 1530 3559 omnipotentem
1564 3505 1574 3539 :
1616 3505 1633 3536 ι
1674 3486 1730 3538 Si
1768 3493 1949 3538 autem

370 3605 474 3644 non
502 3588 829 3643 crediderint
859 3585 1011 3642 mihi.
1050 3594 1222 3650 neque
1248 3579 1512 3633 audierint
1545 3591 1727 3629 vocem
1752 3590 1950 3651 meam,

369 3680 608 3736 dicentes
642 3697 655 3731 :
692 3678 806 3731 Non
839 3677 1087 3746 apparuit
1117 3674 1207 3727 tibi
1242 3672 1383 3724 Deus
1412 3688 1425 3733 ;
1453 3670 1580 3738 quid
1607 3669 1781 3722 dicam
1813 3668 1955 3721 illis?

375 3770 517 3824 Dixit
549 3768 742 3820 deinde
784 3766 1040 3819 Dominus
1080 3781 1092 3815 :
1134 3761 1272 3827 Quid
1311 3762 1411 3814 hoc
1464 3770 1548 3813 est
1590 3760 1729 3826 quod
1768 3767 1853 3812 Cat
1900 3760 1951 3810 in

373 3876 532 3916 manu
576 3869 661 3912 tua
695 3859 716 3910 1’
750 3856 1046 3925 Respondit
1081 3873 1094 3907 :
1131 3854 1309 3923 Virga.
1368 3852 1427 3905 Et
1466 3854 1542 3906 ait
1585 3852 1655 3904 illi
1695 3870 1705 3903 :
1746 3851 1955 3917 Projice

374 3952 516 4005 illam
541 3950 590 4003 in
623 3959 820 4002 terram
851 3967 863 4010 ;
894 3958 947 4001 et
971 3946 1110 3999 facta
1134 3954 1214 3998 est
1242 3958 1487 4011 serpens,
1513 3952 1567 3996 et
1594 3944 1723 4013 fugit
1746 3940 1956 4011 Moyses

372 4043 440 4095 ab
469 4055 552 4094 ea.
594 4040 657 4093 Et
691 4039 825 4093 dixit
854 4037 1111 4091 Dominus
1142 4036 1207 4087 ad
1246 4032 1457 4105 Moysen
1499 4047 1513 4085 :
1548 4032 1791 4086 Extende
1838 4047 1955 4084 ma-

375 4150 499 4186 nmn
533 4141 712 4193 tuam,
750 4140 804 4184 et
838 4130 1178 4198 apprehende
1223 4129 1447 4181 caudam
1482 4125 1598 4192 ejus
1630 4144 1644 4190 ;
1678 4136 1733 4178 et
1765 4134 1954 4179 cxten-

373 4227 507 4279 dens
536 4238 752 4278 manum
796 4222 1148 4291 apprehendit
1175 4226 1421 4283 caudam,
1454 4231 1507 4272 et
1540 4219 1676 4272 facta
1706 4230 1786 4272 Cal.
1810 4220 1956 4287 virga
1998 4216 2003 4219 ’

374 4316 430 4372 in
476 4331 633 4369 manu
672 4317 806 4383 ejus.
840 4314 901 4367 Et
950 4314 1086 4365 dixit
1126 4312 1196 4365 illi
1241 4330 1253 4365 :
1286 4311 1352 4367 Ut
1392 4314 1611 4364 credant
1663 4311 1793 4377 tibi,
1832 4312 1956 4379 quia

375 4408 619 4476 apparuit
651 4406 744 4459 tibi
787 4404 1043 4457 Dominus
1093 4405 1229 4457 Deus
1271 4412 1481 4471 patrum
1525 4418 1782 4467 suorum,
1820 4406 1958 4457 Deus

377 4501 669 4559 Abraham,
706 4508 760 4550 et
805 4498 940 4550 Deus
966 4498 1135 4561 Isaac,
1166 4505 1220 4549 et
1257 4496 1394 4550 Dens
1426 4494 1677 4549 Iacob".
1716 4514 1735 4545 ι
1771 4496 1960 4549 Anim-

1282 443 1572 500 SCIlOIJA
1620 442 1704 498 DE
1746 430 2263 496 lNCAltNA'l'IONE
2312 421 2687 483 UNIGENITI.

3522 411 3662 467 1590

2548 542 2706 596 Jesus
2743 538 3016 598 Christus,
3072 530 3307 599 imagine
3349 539 3405 584 et
3465 528 3658 600 ﬁgura,

2057 651 2275 710 propter
2300 634 2761 703 dispensationem
2808 628 3005 683 factam
3032 640 3154 680 cum
3181 637 3346 679 carne
3377 662 3392 688 ,
3428 637 3525 692 pro
3549 636 3665 676 ser-

2057 742 2219 803 pente
2246 730 2512 797 accipitur
2544 737 2709 788 aereo,
2743 735 2905 791 quem
2950 718 3127 773 erexit
3163 715 3408 785 Moyses.
3436 721 3497 767 ut
3543 726 3665 768 ser-

2060 834 2282 894 peutntn
2345 833 2560 873 morsus
2601 826 2815 870 arceret
2850 814 2919 866 ⁵⁸.
2982 810 3239 865 Aiteuitu
3280 826 3295 861 :
3331 827 3349 859 ι
3412 805 3478 860 Ει
3524 805 3669 860 sicut

2058 916 2269 988 Moysi-3
2316 912 2575 967 exaltavit
2614 918 2922 977 serpentem
2953 905 3004 957 in
3032 905 3284 965 deserto,
3321 902 3393 953 ita
3439 907 3663 967 oportet

2057 1009 2285 1063 exaltari
2332 1003 2524 1058 Filium
2565 1000 2825 1060 hominis,
2871 1008 2930 1051 ιιι
2966 1010 3158 1050 omnes
3203 995 3294 1063 qui
3340 995 3569 1047 credunt
3608 992 3662 1043 in

2059 1103 2257 1171 ipsum,
2293 1114 2397 1151 non
2427 1106 2672 1165 pereant,
2697 1093 2788 1147 sed
2812 1091 3045 1145 habeant
3068 1088 3234 1141 vitam
3258 1096 3519 1140 aeternam
3543 1082 3610 1137 ".
3641 1100 3658 1133 ι

2059 1189 2529 1260 Quemadmodum
2559 1186 2703 1239 enim
2739 1198 2966 1252 serpens
3012 1182 3189 1235 factus
3219 1194 3286 1234 ex
3312 1191 3422 1231 tere
3474 1174 3666 1230 salutis

2058 1295 2179 1342 erat
2209 1282 2647 1353 periclitantibus
2670 1294 2833 1333 causa
2869 1277 3248 1348 (sanabantur
3277 1274 3423 1327 enim
3456 1270 3509 1323 in
3537 1285 3661 1323 eum

2062 1380 2418 1449 reSpicieutes
2447 1377 2464 1445 )
2500 1394 2511 1428 :
2548 1388 2613 1428 eo
2642 1372 2801 1427 modo
2826 1372 2988 1425 etiam
3021 1368 3283 1423 Dominus
3304 1363 3467 1420 Iesus
3507 1362 3665 1418 Chri-

2060 1482 2181 1525 stus
2230 1473 2311 1524 eis
2362 1472 2451 1536 qui
2512 1482 2633 1518 eum
2692 1464 2875 1516 vident
2926 1461 3143 1529 quidem
3188 1460 3239 1511 in
3306 1454 3664 1511 similitudine

2062 1562 2442 1631 malignorum,
2468 1575 2533 1614 eo
2562 1560 2705 1627 quod
2745 1556 2918 1608 factus
2941 1554 3011 1606 sit
3046 1555 3227 1615 homo,
3270 1565 3375 1603 non
3410 1548 3666 1615 ignorant

2063 1666 2243 1707 tamen
2300 1653 2444 1720 quod
2506 1650 2647 1704 Dens
2680 1650 2753 1701 sit
2796 1648 3043 1699 vititicus
3092 1658 3256 1698 causa
3290 1640 3392 1694 erit
3430 1640 3581 1703 νίιιιι,
3610 1650 3665 1691 et

2061 1747 2153 1798 dat
2180 1760 2337 1816 posse
2363 1743 2617 1797 animalia
2648 1753 2914 1795 venenosa
2944 1739 3139 1800 vitare,
3168 1736 3338 1798 idest,
3363 1733 3665 1786 contrarias

2062 1846 2208 1905 pote~
2221 1847 2375 1889 lates.

2132 1926 2184 1977 Id
2212 1940 2425 1992 quoque
2451 1922 2609 1989 hujus
2638 1922 2713 1975 rei
2749 1922 2919 1990 ligura
2946 1921 3038 1986 sit,
3066 1918 3208 1987 quod
3246 1917 3491 1984 Moyseos
3512 1916 3662 1985 virga

2058 2019 2237 2086 virgas
2285 2017 2420 2068 alias
2450 2014 2816 2078 t'evoraverit,
2853 2028 2991 2082 quas
3022 2011 3073 2065 in
3117 2020 3318 2065 terram
3352 2009 3492 2078 magi
3537 2022 3664 2075 pro-

2052 2109 2294 2178 jcceraut
2340 2107 2405 2158 ⁵⁷.
2450 2103 2625 2174 Igitur
2656 2105 2805 2172 virga
2832 2104 3053 2172 quidem
3097 2102 3150 2155 in
3186 2112 3389 2155 terram
3426 2098 3663 2169 projecta

2057 2211 2138 2254 est
2177 2218 2190 2265 ;
2234 2218 2336 2252 non
2373 2208 2553 2252 tamen
2589 2211 2804 2266 semper
2830 2196 3113 2250 remansit.
3161 2196 3454 2261 Resumpta
3483 2201 3662 2246 autem

2063 2294 2255 2345 iterum
2329 2292 2427 2343 fuit
2458 2291 2599 2359 quod
2631 2299 2749 2342 erat
2780 2306 2793 2341 :
2831 2305 2952 2342 nam
2987 2289 3108 2342 licet
3146 2288 3289 2342 faeta
3318 2288 3410 2351 sit,
3449 2296 3506 2338 ut
3538 2294 3666 2339 ante

2059 2383 2191 2443 dixi,
2215 2384 2264 2435 in
2286 2380 2640 2436 similitudine
2664 2388 2849 2431 nostra
2878 2377 3055 2432 Patris
3080 2378 3250 2447 virga,
3281 2376 3332 2430 id
3350 2386 3454 2437 est,
3474 2374 3660 2435 Filius.

2062 2492 2155 2546 per
2181 2493 2339 2545 quem
2375 2475 2538 2528 habet
2561 2473 2804 2526 oannitttu
2848 2480 3170 2539 potestatem
3206 2486 3219 2534 ;
3260 2480 3530 2531 attamen,
3561 2470 3663 2522 iut-

2060 2569 2203 2635 pleta
2265 2568 2703 2636 dispensatione,
2755 2565 3017 2619 revolavit
3079 2564 3129 2615 in
3167 2562 3400 2625 caelum,
3457 2571 3511 2614 et
3562 2560 3663 2614 l‘uit

2065 2662 2259 2715 iterum
2314 2672 2570 2729 tauquam
2621 2661 2671 2713 iu
2731 2676 2887 2712 ntanu
2936 2659 3112 2711 Patris
3174 2659 3323 2727 virga
3391 2656 3666 2725 aequitatis

2060 2769 2121 2805 ac.
2158 2754 2303 2821 regni
2335 2770 2345 2803 :
2375 2756 2524 2807 sedet
2581 2755 2722 2806 enint
2770 2754 2834 2805 ad
2868 2753 3147 2805 dexteram
3193 2750 3467 2804 Geuitoris
3493 2750 3572 2801 sui
3605 2749 3657 2801 in

2061 2846 2275 2911 propria
2316 2846 2618 2911 majestate,
2656 2844 2814 2897 sedes
2854 2843 3151 2897 altissimas
3172 2842 3426 2894 obtinens
3453 2879 3469 2903 ,
3501 2841 3664 2893 etiam

2063 2950 2183 2987 cum
2221 2950 2384 2988 carne
2415 2935 2481 2987 ³⁸.

2694 3065 2845 3121 CAP.
2890 3064 3031 3120 XVI.

2133 3182 2294 3234 Aliud
2321 3182 2383 3234 de
2413 3198 2571 3234 ntanu
2602 3181 3028 3251 Moysisleprom
3060 3192 3107 3233 et
3149 3182 3349 3251 integre
3381 3192 3591 3235 sanata.

2136 3315 2153 3347 ι
2187 3297 2325 3350 Dixit
2356 3298 2615 3350 antemad
2639 3312 2760 3349 eum
2805 3299 2945 3349 Deus
2972 3297 3232 3351 Dominus
3254 3298 3451 3350 iterum
3478 3314 3491 3349 :
3524 3296 3667 3352 lnl'er

2061 3407 2277 3443 manum
2306 3401 2452 3443 tuam
2489 3392 2540 3441 in
2575 3390 2752 3442 sinum
2780 3398 2928 3441 tuum
2958 3407 2972 3452 ;
3005 3401 3057 3443 et
3086 3390 3308 3458 prttlttlil
3339 3406 3557 3445 manum
3597 3390 3666 3445 de

2060 3486 2180 3537 sinu
2218 3498 2336 3546 suo,
2369 3492 2423 3535 et
2453 3482 2594 3535 facta
2627 3489 2709 3535 est
2739 3495 2930 3535 manus
2964 3481 3084 3549 ejus
3125 3480 3264 3535 sicut
3295 3483 3407 3536 nix.
3449 3483 3506 3535 Et
3528 3484 3666 3537 dixit

2062 3575 2253 3627 iterum
2287 3592 2299 3626 :
2332 3572 2476 3626 infer
2511 3586 2727 3625 manum
2765 3581 2909 3623 tuam
2946 3572 2996 3624 in
3048 3573 3224 3626 sinum
3266 3583 3416 3627 tuum
3448 3592 3461 3628 :
3490 3586 3544 3629 et
3581 3576 3663 3629 ius

2063 3666 2180 3717 tulit
2209 3682 2424 3718 manum
2466 3680 2619 3718 snant
2664 3665 2916 3717 insinnm
2961 3681 3116 3718 suum
3141 3708 3155 3728 ,
3196 3675 3249 3720 et
3288 3667 3508 3736 protulit
3542 3683 3661 3723 eam

2060 3758 2127 3811 de
2151 3759 2270 3809 sinu
2302 3774 2421 3818 suo,
2441 3769 2493 3811 et
2530 3757 2722 3809 iterum
2756 3742 3004 3810 restituta
3032 3768 3118 3811 est
3152 3758 3202 3809 iu
3226 3758 3461 3813 colorem
3481 3761 3664 3815 carnis

2061 3852 2177 3915 cjus
2201 3851 2265 3903 ⁸⁵⁸.
2306 3867 2322 3899 ι
2369 3849 2581 3902 Manum
2609 3851 2672 3900 ad
2707 3850 2981 3903 dexteram
3028 3849 3117 3903 Dei
3155 3860 3208 3904 et
3247 3850 3424 3905 l‘atris
3468 3868 3658 3906 verum

2062 3940 2255 3995 Filitttn
2281 3940 2394 4008 ejus
2432 3941 2612 3994 divin:
2643 3941 2924 4010 Scriptura
2958 3943 3227 3996 nominat.
3257 3944 3474 3999 luduxit
3510 3949 3657 4001 enim

2063 4034 2236 4103 ipsum
2290 4035 2558 4088 dicentem
2600 4053 2611 4087 :
2651 4053 2668 4084 ι
2718 4033 2831 4103 Ego
2888 4050 3050 4088 manu
3106 4052 3221 4091 mea
3274 4039 3483 4095 ﬁrmavi
3546 4058 3662 4097 ραις

2064 4126 2171 4178 Ιιιιιι
2203 4126 2248 4155 ⁸⁸
2293 4142 2306 4189 ;
2350 4144 2367 4176 ι
2424 4140 2523 4179 nec
2577 4138 2682 4178 non
2746 4126 2912 4179 etiam
2956 4126 3120 4181 David
3159 4129 3373 4185 divinus
3421 4142 3605 4187 cantat
3646 4154 3659 4189 :

2068 4236 2085 4268 ι
2114 4217 2287 4272 Verbo
2324 4217 2534 4271 Domini
2570 4217 2690 4271 coeli
2723 4218 2916 4272 ﬁrmati
2952 4230 3077 4274 sunt
3103 4221 3147 4252 “
3208 4241 3226 4272 ι
3272 4223 3445 4279 Cerne
3477 4225 3661 4296 igitur,

2065 4312 2116 4364 in
2150 4313 2329 4365 sinum
2358 4312 2575 4378 quidem
2612 4311 2811 4381 Moysis
2854 4313 3032 4367 adhuc
3068 4330 3289 4369 manum
3327 4315 3445 4385 ejus
3473 4322 3661 4373 occul-

2066 4405 2196 4466 tari,
2236 4415 2289 4459 et
2324 4405 2561 4458 nomlum
2618 4404 2815 4458 factam
2869 4406 3138 4475 leprosam
3164 4448 3177 4469 ,
3217 4411 3488 4479 prolatam
3531 4429 3662 4469 vero

2062 4500 2246 4553 Stnlitn
2305 4497 2572 4567 Ieprosam
2631 4498 2830 4553 faetam
2860 4517 2873 4551 :
2906 4500 3104 4555 deinde
3150 4518 3273 4557 mox
3335 4503 3579 4571 illatam,
3609 4518 3664 4561 et

379 4592 598 4643 adverte
660 4587 847 4642 iubis
899 4596 1091 4639 natura
1153 4595 1207 4638 et
1282 4585 1512 4637 veritate
1582 4583 1779 4637 Filium
1837 4582 1952 4645 Dei,

2064 4605 2254 4645 rursus
2314 4590 2611 4659 prolatam,
2668 4600 2721 4645 et
2780 4591 2844 4645 de
2897 4602 3094 4646 caetero
3156 4611 3258 4647 non
3338 4596 3658 4665 leprosam:

379 4693 634 4751 tauquam
694 4682 937 4748 quedam
992 4679 1140 4748 virga
1195 4678 1263 4731 sit
1313 4677 1530 4742 Patris;
1570 4678 1716 4742 virga
1778 4686 1956 4729 autem

379 4776 589 4844 insigne
618 4782 702 4825 est
750 4770 945 4841 regni:
986 4788 1006 4821 ι
1048 4768 1186 4824 Filio
1219 4769 1363 4823 enim
1419 4768 1566 4821 dedit
1606 4770 1806 4823 habere
1838 4782 1958 4822 om-

379 4867 525 4920 nium
573 4873 889 4932 potestatem
933 4862 996 4914 ⁸³.
1049 4880 1067 4913 ι
1100 4861 1251 4916 Unde
1285 4861 1450 4915 etiam
1491 4860 1705 4914 divinus
1736 4860 1903 4915 David
1945 4878 1960 4915 :

383 4978 402 5011 ι
446 4956 693 5011 Throuus
724 4965 865 5019 tuus,
897 4956 1089 5025 inquit,
1123 4955 1284 5018 Dens,
1314 4954 1366 5006 in
1389 4954 1643 5007 sarculum
1667 4953 1870 5017 saeculi,
1910 4963 1965 5007 et

379 5052 520 5119 virga
543 5048 834 5116 aequitatis,
858 5050 1005 5116 virga
1034 5044 1179 5116 regni
1204 5047 1277 5099 tui
1296 5046 1395 5100 “.r
1420 5030 1536 5099 Sed
1572 5061 1691 5099 eam
1730 5047 1958 5115 projecit

375 5142 429 5199 in
459 5152 680 5204 terram,
712 5141 902 5203 idest,
937 5153 1161 5207 corpore
1187 5148 1401 5191 terreno
1431 5140 1807 5200 circumdedit,
1842 5140 1957 5193 sive

377 5250 473 5305 per
519 5232 908 5289 humanitatem
966 5232 1111 5284 misit
1149 5229 1200 5282 in
1256 5239 1454 5283 terram
1494 5249 1505 5283 :
1544 5241 1670 5284 tunc
1705 5230 1847 5284 enim
1902 5232 1953 5284 iu

374 5326 721 5380 similitudine
751 5323 926 5378 factus
956 5332 1038 5375 est
1073 5323 1429 5391 malignorum
1472 5321 1775 5386 hominum,
1802 5322 1954 5377 scili-

374 5429 457 5472 cet
488 5416 837 5486 malignitatis
878 5416 1085 5484 signum
1119 5426 1200 5467 est
1230 5429 1473 5483 serpens.

408 5510 559 5578 Quod
584 5519 759 5561 autem
787 5522 968 5561 verum
994 5508 1081 5570 sit,
1112 5507 1234 5559 hinc
1262 5508 1483 5561 scimus.
1525 5507 1641 5577 Ipse
1670 5508 1814 5562 enim
1842 5506 1951 5562 Do-

376 5675 419 5705 "
523 5674 691 5728 Exod.
715 5691 845 5735 xxv,
876 5674 962 5727 17.
1039 5674 1153 5705 δυ’
1188 5672 1385 5729 lJoan.
1418 5691 1478 5740 ll,
1526 5676 1574 5740 Ι,
1613 5677 1668 5730 ‘2.

375 5744 583 5810 xvu,2.
659 5746 704 5775 ⁸⁸⁸
741 5745 881 5797 Psal.
924 5762 1069 5807 κων,
1130 5746 1178 5797 7.
1258 5747 1304 5777 ⁸⁸
1338 5745 1499 5800 Num.
1555 5763 1669 5809 xu,
1726 5746 1780 5801 8.

374 5816 420 5845 "
450 5812 616 5869 Exod.
646 5830 721 5876 tv,
746 5818 795 5868 6.
914 5816 956 5845 ⁸⁸
988 5816 1086 5871 Isa.
1120 5832 1305 5883 χιγιιι,
1337 5818 1418 5869 l5.

378 5885 422 5915 “
454 5886 625 5941 Levit.
653 5901 772 5947 xm,
796 5886 853 5938 2..

1748 5676 1793 5706 ⁸ο
1830 5674 1987 5728 Rom.
2015 5692 2097 5740 ιιι,
2158 5676 2248 5731 25.

1862 5746 1906 5776 ⁵⁸
1971 5745 2127 5799 Joatt.

1534 5820 1573 5849 ⁶¹
1611 5818 1749 5872 l’sal.
1784 5832 1953 5880 tum,
1978 5821 2030 5869 ti.

2066 4682 2473 4736 «Restitutaest
2495 4682 2661 4746 enim,
2694 4680 2889 4749 inquit,
2922 4682 2973 4735 in
3004 4683 3240 4737 colorem
3265 4686 3446 4739 carnis
3469 4686 3605 4756 ejus.
3638 4708 3657 4739 ι

2062 4775 2203 4844 Ergo
2253 4773 2490 4843 quattdiu
2567 4774 2782 4842 quidem
2847 4787 2966 4828 erat
3023 4776 3073 4828 in
3130 4777 3252 4831 sinu
3310 4776 3487 4834 Patris
3519 4781 3662 4836 Deus

2064 4862 2321 4926 Verbum,
2361 4862 2663 4914 divinitatis
2698 4863 2874 4917 nitore
2911 4862 3188 4934 fulgebat;
3227 4882 3414 4922 verum
3440 4871 3662 4939 quando

2064 4954 2244 5023 aliquo
2307 4955 2465 5006 modo
2530 4966 2680 5007 extra
2734 4953 2833 5008 l‘uit
2892 4970 2989 5025 per
3051 4958 3480 5016 incarnationem
3545 4964 3663 5018 sive

2065 5046 2516 5117 ἑνανθρώπησιν,
2556 5049 2730 5102 factus
2777 5063 2857 5103 εει
2900 5069 2918 5096 ι
2969 5051 3021 5104 in
3072 5053 3665 5112 similitudinecarnis

2066 5141 2309 5206 peccati,
2350 5152 2403 5193 et
2455 5141 2596 5194 inter
2656 5142 2871 5210 iniquos
2926 5154 3209 5212 reputatus
3260 5157 3344 5201 est
3375 5149 3440 5199 “.
3510 5169 3528 5201 ι
3569 5152 3663 5205 Ait

2064 5232 2205 5285 enim
2234 5233 2448 5284 divinus
2476 5231 2675 5286 Paulus
2700 5275 2713 5298 ,
2752 5252 2769 5283 ι
2813 5250 2936 5289 eum
2973 5236 3063 5304 qui
3101 5248 3384 5305 peccatum
3423 5256 3527 5294 nou
3562 5258 3661 5297 no-

2063 5334 2237 5387 verat,
2261 5339 2355 5392 pro
2380 5325 2521 5378 nobit
2559 5337 2839 5393 peccatmn
2873 5327 3057 5393 fuisse,
3085 5340 3141 5383 nt
3172 5347 3269 5385 nos
3299 5330 3552 5388 ﬁerentus
3572 5335 3663 5405 ju-

2063 5416 2209 5471 stitia
2253 5418 2303 5469 iu
2332 5418 2446 5486 ipso
2485 5417 2551 5471 “.
2598 5437 2617 5470 ι
2656 5416 2768 5472 Hoc
2791 5420 3049 5474 existimo
3081 5421 3283 5492 lcpram
3318 5425 3655 5499 srgniﬂcare,

2066 5508 2374 5563 immundus
2421 5512 2565 5569 enim
2598 5513 2895 5568 secundum
2936 5514 3107 5585 legem
3152 5518 3397 5587 leprosos
3430 5518 3495 5573 “.
3554 5520 3662 5575 Sed

2331 5677 2371 5709 ⁸⁸
2413 5676 2514 5732 lsa.
2542 5693 2615 5741 vt,
2647 5680 2696 5731 l.
2774 5680 2819 5709 ⁸³
2858 5680 3029 5735 Exod.
3086 5700 3160 5747 tv,
3214 5686 3335 5741 1-5.

2199 5764 2281 5810 ιιι,
2341 5748 2426 5801 14.
2506 5750 2549 5779 ⁸⁷
2591 5749 2759 5801 Exod.
2818 5768 2892 5815 tv,
2941 5753 2994 5804 2.

2111 5820 2156 5849 ⁶¹
2192 5818 2349 5874 Rom.
2382 5836 2496 5880 vttt,
2527 5819 2591 5885 3;
2621 5820 2727 5874 lsa.
2756 5838 2878 5886 l.lll,
2958 5824 3045 5879 12.

3419 5687 3464 5717 ⁵³
3496 5685 3655 5743 Joan.

3079 5755 3124 5783 "
3184 5755 3326 5810 Psal.
3395 5773 3537 5819 xuv,
3601 5760 3656 5815 7.

3128 5827 3173 5857 ”
3207 5827 3380 5881 lCor.
3440 5846 3494 5893 ν,
3564 5832 3653 5881 Et.
