4058 6328
460 462 578 517 I31”

452 574 710 645 quoniam
748 569 942 622 iterum
971 566 1022 619 in
1055 564 1172 617 sitm
1218 561 1315 616 fuit
1346 562 1519 617 Patris
1548 562 1898 630 (assumptus
1946 565 2026 608 est
2060 559 2101 613 Λ

454 671 505 719 in
542 662 986 719 resurrectionem
1032 673 1059 709 a
1098 653 1396 725 mortuis),
1432 654 1634 721 prolata
1682 652 1874 703 iterum
1919 662 2032 699 nta-

455 773 554 811 nns
583 754 862 807 videbatur
895 750 1089 802 munda
1125 763 1138 798 :
1173 747 1421 799 adveniet
1456 746 1599 797 enim
1640 751 1762 813 post
1792 751 2031 809 tempora

459 840 1075 902 liotninusnosterJesus
1104 839 1379 901 Christus,
1405 837 1456 890 in
1486 836 1798 890 sinceritate
1846 831 2035 884 divini-

457 941 579 993 tatis
608 952 659 992 et
685 936 874 1008 gloria,
918 933 1168 1003 quamvis
1199 930 1609 985 similitudinem
1646 936 1884 980 nostram
1926 938 2030 976 non

458 1031 758 1099 projccerit.
808 1028 898 1080 Ait
933 1028 1077 1081 enim
1109 1035 1162 1078 et
1196 1026 1384 1077 beatus
1425 1019 1625 1075 Paulus
1672 1020 1738 1073 de
1760 1016 1979 1072 Christo
2011 1033 2024 1068 :

460 1141 481 1172 ι
512 1124 646 1189 Quia
680 1121 842 1176 semel
876 1128 1119 1173 mortuus
1141 1126 1223 1169 est
1252 1115 1317 1167 ad
1346 1113 1631 1167 multorum
1666 1108 2029 1165 exhauriendo

458 1226 698 1280 ltt't'L‘ltla.
742 1212 988 1266 Secmnlo
1022 1210 1136 1263 sine
1167 1218 1385 1275 peccato
1406 1204 1684 1274 apparebit
1714 1210 2031 1269 exspectan-

461 1308 600 1357 tibus
643 1320 699 1356 se
752 1304 805 1355 iu
840 1302 1066 1356 salutem
1098 1300 1161 1351 ⁸⁵.
1218 1318 1234 1349 ι
1270 1298 1410 1366 Ergo
1438 1298 1649 1365 quoties
1688 1295 1845 1349 nobis
1878 1306 2030 1347 sacra

456 1395 661 1451 Littera
693 1394 936 1447 nominat
964 1388 1455 1451 ChristumJesum,
1484 1387 1643 1457 791
1671 1402 1735 1439 ne
1760 1387 2030 1439 hominem

457 1502 695 1541 seorsum
754 1484 1053 1555 putaveris,
1104 1498 1209 1535 non
1264 1496 1388 1535 vere
1449 1482 1684 1532 adnuato
1761 1477 1859 1546 ipsi
1927 1477 2033 1529 Deo

464 1579 635 1631 Verbo
670 1594 682 1640 ;
726 1578 817 1631 sed
847 1572 1245 1629 existimaveris
1278 1572 1444 1641 magis
1466 1572 1639 1637 Ipsum
1677 1582 1794 1623 esse
1816 1584 1880 1621 ex
1927 1566 2033 1617 Deo

460 1680 512 1719 ct
547 1666 707 1723 Patre
756 1665 991 1720 Verbum
1028 1662 1216 1717 Jesum
1256 1662 1565 1723 Christum,
1591 1677 1708 1714 eum
1737 1658 1918 1713 factus
1963 1658 2032 1710 sit

462 1761 636 1815 lmno.

1068 1888 1216 1943 CAP.
1254 1887 1410 1942 XVII.

462 2004 610 2068 Qnoa
645 2003 883 2058 Christus
916 2020 1014 2056 non
1041 2014 1149 2055 erat
1174 2004 1322 2055 homo
1348 2000 1623 2069 θεοφόρης,
1649 2014 1738 2051 nec
1766 1997 2024 2069 siinplicif

462 2066 537 2126 ter
580 2079 633 2127 iu
678 2075 881 2125 homine
936 2074 1241 2125 inhabitari!
1284 2071 1417 2123 Deus
1455 2066 1731 2131 ’V'erbnm;
1765 2069 1852 2121 sed
1892 2066 2028 2135 quod

465 2146 625 2211 magis
652 2160 775 2196 caro
805 2143 871 2195 sit
896 2143 1112 2211 factum,
1141 2143 1244 2194 sive
1268 2143 1417 2193 homo
1440 2141 1714 2207 perfectus,
1750 2140 2031 2190 secundum

466 2213 779 2282 Scripturas.

534 2349 632 2414 Qui
683 2347 839 2401 fidem
891 2346 1089 2401 trahent
1140 2348 1192 2400 in
1247 2345 1463 2401 Christo
1523 2343 1919 2399 immaculatam
1980 2352 2033 2397 et

464 2439 624 2492 rectis
652 2439 903 2493 omnibus
924 2437 1191 2508 snll'ragiis
1223 2438 1646 2507 comprobatam,
1686 2436 1865 2490 dicant
1889 2435 2033 2488 vide-

465 2533 586 2585 licet
625 2532 764 2599 quod
797 2532 908 2600 ipse
923 2545 986 2584 ex
1009 2530 1120 2583 Deo
1142 2528 1299 2584 Patre
1327 2531 1464 2584 Dens
1495 2525 1727 2581 Verbum
1756 2527 1808 2579 in
1844 2527 2032 2579 exina-

465 2624 688 2676 nitatem
774 2620 1147 2682 descenderit,
1232 2621 1457 2673 lormam
1523 2618 1666 2673 servi
1741 2617 2031 2687 accipiens,

467 2716 844 2783 propriumque
884 2714 984 2767 sibi
1020 2710 1221 2766 faciens
1267 2726 1484 2779 corpus,
1537 2709 1680 2778 quod
1722 2716 1805 2762 est
1848 2717 2032 2761 natum

467 2820 529 2859 ex
554 2805 765 2873 Virgine
790 2822 806 2868 ;
831 2804 968 2872 quod
1006 2802 1178 2857 factus
1209 2803 1279 2855 sit
1312 2802 1477 2855 nostri
1512 2800 1725 2863 similis,
1752 2811 1806 2853 et
1832 2814 2037 2854 nuncu-

470 2905 624 2961 palus
646 2893 811 2948 Filius
835 2892 1086 2947 beluinis.
1120 2892 1213 2945 Est
1237 2900 1415 2946 autem
1439 2889 1579 2945 Deus
1601 2890 1812 2960 quidem
1841 2905 2034 2945 secun-

469 2986 591 3036 dum
612 2985 855 3050 spiritum
886 3000 901 3047 ;
931 2984 1093 3036 homo
1113 2994 1290 3036 autem
1318 2982 1455 3035 idem
1481 2981 1775 3035 scentulum
1796 2995 2034 3035 carnem.

472 3075 670 3129 Deinde
695 3074 907 3128 divinus
934 3072 1130 3127 Paulus
1154 3073 1461 3128 .Iudznorutu
1500 3072 1751 3143 populum
1794 3073 2035 3141 alloque-

472 3167 627 3220 batur
666 3166 890 3221 dieens:
923 3186 939 3216 ι
973 3165 1313 3220 Multilariam
1360 3165 1648 3234 multisque
1696 3165 1867 3218 modis
1911 3165 2035 3218 olim

1466 446 1524 501 S.
1564 440 1837 498 CVHII.”
1875 433 2341 493 ΑιΛςΧλΝιιιιιλΙ
2382 427 2701 485 ΛΙὶΕΠΙΙ-ἷυ.

3574 412 3702 465 1592

2132 546 2509 620 οριιιττήςεωςῖ
2536 546 2641 598 Ant
2667 552 2834 611 quare
2869 536 3204 590 inearnatum
3232 529 3361 583 dicit
3386 526 3549 580 Deum
3578 527 3699 577 Ver-

2133 644 2279 703 bum,
2324 642 2368 693 si
2418 654 2521 692 non
2564 636 2740 689 factus
2774 641 2856 684 est
2894 626 3062 682 caro?
3102 625 3196 680 Vis
3236 619 3703 690 ὲνανθρωπήσεως

2129 748 2181 789 et
2206 735 2438 789 similem
2466 731 2635 785 nostri
2661 742 2781 782 eum
2806 724 3006 777 laetum
3032 733 3153 773 esse
3172 716 3463 786 signiﬁcat,
3488 723 3538 765 et
3557 725 3702 765 mau-

2130 826 2262 879 sisse
2288 833 2466 877 tamen
2502 822 2580 875 sic
2606 829 2818 888 quoque
2872 812 3045 883 ipsum
3100 822 3261 875 supra
3310 819 3435 868 nos,
3482 802 3589 857 imo
3615 816 3704 855 su-

2132 933 2225 988 pra
2260 919 2566 970 universam
2598 913 2767 981 ipsam
2793 916 3122 962 creaturam.

2200 1010 2463 1079 Oportere
2506 1015 2683 1058 autem
2722 1000 2995 1058 existimo,
3025 1010 3086 1050 ea
3128 1008 3248 1062 qua:
3277 991 3409 1053 dixi,
3446 985 3701 1054 exemplis

2131 1102 2292 1155 etiam
2336 1097 2690 1167 comprobare
2736 1103 2790 1146 et
2832 1087 3178 1160 persuadere,
3213 1082 3356 1151 quod
3388 1080 3700 1147 Uuigeuitus

2134 1192 2311 1247 factus
2347 1191 2417 1242 sit
2452 1190 2632 1248 homo,
2665 1199 2719 1239 et
2760 1184 2829 1236 sit
2858 1180 3016 1241 Deus,
3050 1178 3210 1230 etiam
3250 1189 3369 1226 enm
3418 1185 3601 1231 carne,
3643 1184 3704 1222 ac

2134 1302 2238 1341 non
2277 1294 2485 1337 tantum
2518 1277 2835 1334 inhabitarit
2869 1275 2921 1328 itt
2964 1270 3203 1330 homine,
3244 1264 3505 1334 θεοφόρον
3534 1264 3702 1331 ipsum

2131 1378 2385 1439 «iniciens,
2423 1384 2679 1442 tanquam
2724 1370 2879 1430 alios,
2907 1365 2997 1433 qui
3031 1361 3328 1418 divinitatis
3361 1358 3527 1426 ipsius
3559 1355 3703 1408 fuere

2134 1468 2438 1540 participes.

2724 1616 2875 1671 CAP.
2916 1613 3098 1669 XVIII.

2134 1737 2284 1803 Quod
2312 1736 2624 1792 Emmanuel
2658 1732 2823 1789 Deum
2851 1732 3089 1784 habuerit
3113 1729 3268 1782 aliter
3298 1723 3702 1789 inhabitaatm,

2765 1818 2921 1871 quant
2964 1817 3074 1853 nos.

2060 1917 2100 1970 Β
2198 1920 2287 1974 Ait
2315 1918 2509 1974 alicubi
2542 1918 2687 1971 Dens
2724 1916 2787 1969 de
2828 1914 3023 1969 nobis:
3056 1932 3075 1965 ι
3107 1912 3421 1967 Inhabitabo
3470 1910 3523 1963 in
3556 1908 3703 1977 ipsis,

2132 2025 2184 2068 et
2212 2010 2576 2071 inambulabo,
2617 2017 2671 2062 et
2702 2021 2795 2061 ero
2822 2006 2956 2076 ipsis
2993 2004 3156 2068 Deus,
3188 2012 3239 2057 et
3265 2002 3363 2071 ipsi
3394 2010 3552 2055 erunt
3579 1999 3704 2052 mihi

2133 2103 2358 2172 populus
2386 2102 2453 2153 ".
2488 2118 2506 2150 ι
2550 2097 2657 2153 Nec
2702 2112 2807 2151 non
2846 2096 3009 2150 etiam
3064 2096 3177 2164 ipse
3224 2093 3483 2147 Dominus
3529 2100 3709 2143 noster

2132 2194 2291 2250 Jesus
2317 2192 2565 2247 Christus
2599 2208 2611 2245 :
2660 2208 2678 2239 ι
2711 2188 2847 2243 Ecce
2877 2202 2979 2257 ego
3027 2187 3217 2250 venio;
3254 2196 3308 2239 et
3336 2185 3378 2237 si
3420 2183 3541 2251 quis
3577 2181 3704 2235 mihi

2135 2285 2424 2353 aperuerit,
2481 2282 2689 2335 intrabo
2734 2294 2855 2348 ego,
2907 2287 2961 2332 et
3003 2276 3140 2347 apud
3177 2291 3300 2329 eum
3356 2275 3606 2334 cantabo.
3656 2282 3709 2325 et

2134 2374 2312 2439 Pater,
2339 2384 2391 2429 et
2420 2374 2484 2426 ad
2513 2386 2635 2426 eum
2659 2371 2953 2432 veniemus,
2986 2378 3040 2424 ct
3064 2368 3396 2422 mansionem
3424 2367 3563 2435 apud
3587 2380 3706 2419 eum

2136 2466 2485 2522 faciemus“.
2516 2484 2536 2518 ι
2576 2463 2843 2519 Nominati
2875 2477 3061 2517 smnus
3084 2462 3247 2514 etiam
3276 2460 3533 2527 templum
3573 2456 3659 2510 Dei
3687 2470 3703 2509 :

2141 2581 2157 2612 ι
2196 2562 2297 2615 Vos
2339 2558 2505 2622 enim,
2556 2556 2747 2626 inquit,
2784 2552 2980 2623 templa
3010 2553 3142 2607 estis
3186 2550 3278 2606 Dei
3323 2550 3428 2603 vivi
3474 2550 3539 2601 ".
3573 2566 3591 2598 ι
3645 2547 3704 2601 Et

2139 2666 2324 2707 rursus
2346 2670 2357 2705 :
2379 2671 2396 2703 ι
2420 2649 2647 2705 Nescitis
2663 2662 2888 2717 corpora
2913 2653 3090 2700 vestra
3115 2642 3371 2713 templum
3400 2656 3522 2695 esse
3544 2639 3709 2709 Spiri-

2141 2755 2223 2798 tus
2249 2742 2444 2806 sancti,
2470 2742 2557 2810 qui
2585 2748 2668 2794 est
2703 2740 2753 2791 in
2783 2738 2954 2803 vobis,
2980 2750 3137 2804 quem
3161 2734 3371 2789 habetis
3393 2750 3421 2786 a
3446 2732 3555 2786 Deo
3573 2731 3657 2784 ὀἳ
3685 2749 3703 2780 ι

2145 2833 2337 2889 Verum
2360 2835 2401 2885 si
2430 2832 2501 2885 ita
2530 2832 2700 2896 aiunt,
2723 2832 2895 2898 ipsum
2934 2841 3148 2898 quoque
3172 2841 3229 2879 se
3261 2826 3460 2878 habt-re
3495 2824 3709 2876 Emma-

2139 2925 2282 2989 nuel,
2297 2934 2372 2986 et,
2386 2933 2643 2993 tanquam
2666 2931 3104 2989 unumquemque
3122 2930 3389 2981 nostrum,
3410 2914 3713 2969 inhabitan-

2142 3024 2247 3069 tem
2268 3015 2318 3068 in
2337 3028 2455 3067 sese
2475 3012 2639 3066 Deum
2663 3010 2939 3073 habuisse,
2968 3018 3153 3078 aperte
3171 3006 3569 3073 conﬁteantur;
3592 3020 3709 3059 cum

2143 3103 2313 3173 ipsum
2365 3101 2581 3155 adorari
2627 3099 2987 3166 conspiciunt,
3026 3107 3132 3150 tam
3171 3113 3200 3149 a
3248 3095 3422 3159 nobis,
3455 3110 3613 3163 quam
3645 3094 3712 3149 ab

2142 3193 2363 3263 angelis,
2397 3193 2448 3245 in
2486 3191 2622 3247 curio
2649 3193 2851 3260 pariter
2878 3189 3010 3244 etin
3046 3198 3210 3251 terra,
3244 3186 3569 3242 erubescant
3593 3194 3711 3239 tan-

475 3258 1835 3356 Deus-loquenspatribnsinprophetis,uovissimis
1854 3258 2108 3318 diebusC
2144 3258 2301 3356 ηηξηη
2349 3286 2561 3339 diversa
2608 3258 2891 3352 aiielmluc
2941 3281 3257 3342 sentiam“,
3288 3287 3343 3334 et
3390 3278 3710 3332 “uernum

476 3352 593 3407 istis
612 3350 820 3406 loeutus
844 3359 924 3405 est
950 3352 1104 3404 nobis
1135 3351 1185 3403 in
1214 3350 1346 3404 Filio
1367 3350 1430 3403 “.
1474 3369 1492 3401 ι
1524 3351 1585 3402 Et
1611 3364 1841 3418 quonam
1887 3349 2045 3403 modo

477 3442 806 3512 intelligatur
839 3442 1048 3496 locutus
1084 3441 1251 3496 fuisse
1280 3441 1418 3497 Deus
1457 3451 1511 3495 et
1544 3441 1704 3496 Pater
1738 3440 2046 3496 novissimis

474 3531 663 3586 diebus
695 3532 745 3585 in
770 3530 950 3586 Filio?
990 3529 1223 3585 Locutus
1256 3541 1338 3585 est
1363 3531 1505 3585 enim
1537 3532 1932 3602 antiquioribus
1952 3544 2047 3598 per

477 3626 648 3701 ipsum
691 3629 823 3683 dans
854 3628 1045 3700 legem,
1072 3639 1126 3683 et
1179 3629 1378 3683 ideirco
1401 3629 1514 3697 ipse
1552 3626 1719 3681 Filius
1754 3642 1881 3708 suos
1915 3625 2047 3681 dicit

476 3738 595 3777 esse
625 3736 928 3783 sermones,
954 3737 1047 3790 per
1070 3722 1521 3789 sapientissimum
1546 3719 1762 3790 Moysen
1787 3719 2043 3790 prolatos.

477 3813 563 3865 Ait
584 3813 726 3864 enim
758 3827 771 3864 :
814 3829 831 3861 ι
862 3810 1034 3865 Nolite
1063 3822 1254 3877 putare
1282 3811 1404 3879 quia
1446 3811 1567 3863 veni
1613 3809 1822 3864 solvere
1849 3810 2039 3881 legem,

478 3916 567 3959 ant
590 3907 896 3974 prophetas.
932 3902 1046 3958 Non
1077 3904 1194 3958 veni
1236 3902 1464 3967 solvere,
1505 3903 1871 3972 seditnplere.
1912 3902 2044 3957 Dico

476 3999 619 4051 enim
659 3998 831 4061 vobis,
858 3997 964 4049 iota
989 4012 1173 4058 unum,
1200 4005 1297 4049 aut
1323 4009 1463 4050 unus
1492 4009 1626 4064 apex
1653 4010 1758 4050 non
1797 3993 2045 4049 transibit

479 4107 505 4141 a
532 4090 849 4159 Iegc,donee
870 4089 1047 4142 omnia
1077 4090 1223 4142 liatn.
1250 4087 1453 4143 Caelum
1470 4098 1525 4142 et
1554 4094 1690 4141 terra
1720 4088 2039 4151 transibunt,

482 4183 640 4235 verba
682 4190 859 4235 autem
907 4196 1021 4235 tnea
1070 4196 1174 4234 non
1215 4180 1519 4236 transibunt
1556 4179 1621 4232 ".
1654 4197 1672 4229 ι
1708 4177 1856 4233 Adde
1878 4180 2041 4232 etiam

479 4275 749 4342 propheta:
807 4287 990 4328 vocem
1046 4289 1059 4326 :
1120 4291 1136 4321 ι
1188 4270 1303 4339 Ipse
1372 4273 1461 4340 qui
1516 4270 1792 4339 loquebar,
1847 4281 2043 4339 praesto

480 4390 598 4427 sum
628 4372 693 4427 "'.
732 4387 751 4422 ›
797 4368 937 4438 Ergo
984 4381 1105 4421 cum
1168 4366 1339 4417 l'actus
1392 4373 1475 4417 est
1526 4362 1693 4416 Filius
1743 4364 1795 4415 in
1856 4375 2039 4427 carne,

483 4478 608 4519 tune
657 4466 864 4518 loeutus
913 4469 996 4514 est
1055 4460 1207 4512 nobis
1260 4458 1418 4511 Pater
1487 4456 1538 4509 in
1573 4456 1709 4525 ipso,
1775 4454 1914 4510 sicut
1965 4456 2043 4508 ait.

481 4556 669 4609 beatus
734 4551 951 4614 Paulus,
1004 4550 1309 4603 novissimis
1359 4547 1625 4601 diebus".
1697 4543 1803 4600 Sed
1842 4559 1908 4598 ne
1945 4560 2037 4614 pa-

483 4664 597 4699 tum
622 4646 922 4707 eredamus,
956 4646 1100 4714 quod
1131 4645 1241 4711 ipse
1272 4642 1339 4695 sit
1371 4641 1457 4694 ille
1482 4641 1570 4708 qui
1599 4640 1761 4693 etiam
1793 4646 1917 4691 ante
1944 4651 2040 4689 sae-

480 4740 599 4795 Cula
662 4736 848 4802 Filius,
904 4737 1079 4789 intulit
1130 4737 1357 4790 statim:
1399 4752 1417 4784 ι
1447 4732 1547 4787 Per
1596 4745 1752 4800 quem
1812 4728 1940 4782 fecit
1991 4736 2045 4780 et

480 4832 672 4887 secula
706 4830 785 4895 ⁷⁸,
819 4847 837 4881 ι
889 4828 1229 4897 Splendorem
1282 4826 1443 4881 etiam
1480 4824 1662 4893 gloria:
1709 4831 1761 4875 et
1819 4819 2043 4883 figuram

482 4919 792 4975 substantia:
826 4918 1000 4971 Patris
1032 4932 1150 4971 eSse
1186 4928 1618 4969 eounuemorans
1643 4910 1709 4964 “.

556 5016 723 5084 Homo
753 5014 912 5079 igitur
941 5014 1112 5065 lactus
1139 5019 1220 5065 est
1263 5020 1388 5061 vere
1428 5004 1474 5059 is
1514 5018 1610 5072 per
1642 5014 1799 5071 quem
1833 4998 1961 5053 fecit
1990 5006 2045 5053 et

481 5110 673 5165 sarcula
704 5107 840 5162 Deus
869 5106 1063 5169 Pater;
1090 5111 1144 5157 et
1174 5116 1300 5163 non,
1334 5109 1390 5151 ut
1420 5094 1659 5151 nonnulli
1703 5091 2034 5151 existimant,

484 5205 535 5255 in
570 5200 786 5254 homine
822 5198 941 5261 fuit,
973 5206 1029 5249 ut
1073 5202 1230 5248 homo
1280 5189 1603 5258 inteUigatnr
1645 5201 1675 5239 a
1722 5183 1873 5237 nobis
1922 5192 2039 5235 tan-

482 5308 640 5361 quam
671 5289 834 5342 Deutu
857 5284 1060 5339 habens
1084 5280 1495 5335 inhabitantem.
1529 5273 1659 5326 Nam
1688 5271 1731 5325 si
1761 5272 1873 5324 hinc
1897 5276 2042 5322 recte

484 5357 540 5434 se
571 5380 769 5434 habere
820 5388 943 5428 vere
969 5372 1263 5431 conlidunt,
1292 5374 1729 5435 supervacaneus
1750 5373 1871 5411 esse
1897 5357 2038 5409 vide-

486 5473 627 5524 bitur
648 5470 835 5523 beatus
860 5464 1184 5533 evangelista
1220 5458 1460 5513 Joannes
1495 5456 1683 5510 dicens
1716 5465 1730 5505 :
1766 5468 1785 5501 ι
1818 5449 1879 5503 Ει
1910 5447 2042 5503 Ver-

486 5563 607 5615 bum
640 5574 765 5614 earo
793 5558 987 5610 factum
1010 5565 1093 5609 est
1119 5552 1189 5605 ".
1222 5569 1241 5603 ι
1277 5548 1375 5603 Ubi
1400 5548 1541 5601 enim
1572 5543 1863 5600 necessitas
1888 5541 2043 5592 ἐναν-

552 5706 596 5737 ⁶⁸
634 5704 794 5759 Hebr.
823 5719 897 5765 ιχ,
922 5700 1009 5756 28.
1085 5699 1129 5731 ⁸⁸
1163 5697 1324 5753 Hebr.
1353 5712 1391 5760 ι,
1416 5695 1489 5765 1.,
1514 5692 1585 5765 7"
1604 5694 1808 5765 Matth.
1838 5706 1888 5753 ν,
1916 5691 2002 5765 l7.

484 5774 528 5805 "
559 5774 711 5828 Josn.
742 5763 892 5837 1,“.
999 5772 1046 5803 "
1082 5770 1249 5826 Levit.
1299 5781 1439 5826 uti,
1474 5764 1566 5825 ης
1598 5764 1613 5817 l
1641 5767 1765 5819 Cor.
1819 5778 1890 5824 vt,
1933 5763 2013 5817 16.

486 5845 529 5875 ⁷⁵
560 5846 577 5897 ι
608 5845 731 5901 Cor.
758 5859 828 5907 γε,
866 5845 943 5899 I9.

2079 5690 2122 5721 ⁸⁸
2162 5688 2259 5742 lsa.
2293 5702 2389 5748 LII,
2416 5684 2467 5737 8.

2146 3392 2422 3433 sacrarum
2464 3376 2794 3445 propositum
2830 3374 3155 3436 nescientes,
3201 3385 3299 3425 nec
3348 3371 3609 3423 habentes
3660 3368 3711 3421 in

2146 3483 2203 3524 se
2236 3468 2415 3532 Iidem,
2450 3482 2609 3535 quam
2649 3466 2803 3520 nobis
2836 3462 3194 3525 tradiderunt,
3243 3462 3332 3531 qni
3372 3461 3423 3515 in
3456 3460 3714 3529 principio

2145 3568 2199 3613 et
2224 3558 2494 3621 viderunt,
2528 3565 2585 3610 et
2616 3554 3058 3608 ministravernnt
3081 3538 3293 3605 'Verbo.

2219 3648 2275 3702 Si
2316 3660 2496 3701 autem
2540 3647 2741 3710 dicant,
2775 3646 2917 3715 quod
2948 3652 3232 3713 propterea
3279 3642 3418 3696 Deus
3448 3642 3541 3709 sit,
3578 3650 3628 3695 et
3660 3648 3714 3693 nt

2147 3740 2285 3793 Deus
2314 3739 2665 3808 glorlticetur,
2699 3740 2823 3806 quia
2859 3737 3001 3790 ineo
3026 3744 3234 3789 tantum
3268 3734 3591 3788 inhabitat-it
3623 3733 3708 3787 Dei

2143 3834 2317 3888 Patris
2358 3831 2630 3895 Verbum,
2669 3845 2731 3883 ac
2765 3822 2868 3883 non
2914 3838 3223 3897 propterea,
3263 3827 3387 3898 quia
3427 3826 3604 3881 factus
3645 3826 3712 3880 sit

2145 3927 2341 3987 homo;
2366 3924 2586 3977 audient
2608 3936 2795 3976 rursus
2825 3937 2851 3973 a
2879 3920 3030 3973 nobis
3061 3937 3073 3971 :
3099 3918 3155 3973 Si
3178 3920 3268 3985 iis,
3292 3919 3382 3987 qui
3410 3917 3710 3971 inhabitan-

2147 4029 2253 4072 tetn
2290 4016 2339 4069 in
2378 4030 2437 4069 se
2466 4013 2630 4067 Deum
2666 4011 2968 4076 habuerint,
2998 4011 3128 4064 satis
3150 4020 3254 4068 est.
3280 4017 3336 4063 ut
3367 4010 3568 4063 idcirco
3592 4022 3712 4061 rere

2143 4112 2216 4165 dii
2250 4124 2369 4165 esse
2396 4108 2621 4179 possint,
2650 4114 2705 4160 et
2731 4105 2798 4158 ab
2835 4102 3143 4156 hominibus
3183 4101 3498 4165 adorentur,
3529 4114 3712 4153 omnes

2143 4217 2276 4258 sane
2310 4200 2483 4271 angeli
2519 4198 2873 4265 hominesque
2902 4198 3011 4249 sint
3051 4194 3121 4247 dii
3148 4203 3203 4247 et
3233 4192 3529 4255 adorandi;
3560 4191 3713 4245 inha-

2144 4295 2276 4350 bitat
2299 4293 2441 4347 enim
2479 4292 2617 4345 Deus
2653 4285 2938 4344 insanetis
2960 4282 3185 4351 angelis.
3227 4282 3521 4337 Habuimus
3552 4283 3709 4335 etiam

2144 4400 2241 4440 nos
2276 4385 2452 4453 ipsum
2483 4382 2534 4435 in
2567 4379 2722 4434 nobis
2747 4392 2841 4448 per
2871 4375 3134 4445 Spiritum
3166 4384 3445 4441 sanetum;
3484 4376 3578 4428 sed
3605 4389 3710 4428 non

2142 4475 2339 4533 sullieit
2364 4476 2465 4529 hoc
2494 4472 2798 4533 ostendere,
2833 4478 3023 4522 natura
3047 4467 3177 4520 deos
3198 4477 3251 4520 et
3292 4466 3594 4520 adorandos
3622 4480 3711 4520 eos

2143 4570 2234 4637 qui
2272 4567 2470 4621 habent
2506 4562 2764 4633 Spiritum
2792 4570 3063 4614 sanctum.
3102 4558 3267 4626 Igitur
3299 4574 3401 4611 non
3434 4566 3709 4627 propterea

2144 4659 2289 4712 Deus
2325 4667 2429 4718 est,
2455 4668 2507 4709 et
2534 4654 2840 4708 adorandus
2868 4648 3206 4713 Emmanuel,
3231 4650 3374 4719 quod
3401 4650 3711 4705 iuhabitarit

2141 4752 2193 4805 in
2228 4764 2313 4807 eo,
2368 4758 2617 4816 tauquam
2668 4747 2720 4798 in
2772 4744 2986 4798 homine
3032 4742 3325 4806 communi,
3375 4751 3431 4796 et
3474 4756 3709 4796 seorsum

2143 4839 2494 4909 intelligendo
2541 4848 2593 4893 et
2626 4842 2677 4891 in
2709 4846 2858 4905 parte
2899 4836 3065 4889 Deum
3111 4832 3379 4898 Verbum;
3429 4833 3521 4886 sed
3571 4832 3711 4901 quod

2142 4933 2341 4986 laetum
2388 4931 2460 4985 sit
2483 4945 2634 4993 caro,
2672 4931 2724 4983 id
2754 4936 2859 4991 est,
2896 4926 3062 4980 homo
3098 4944 3112 4981 :
3160 4926 3357 4981 mansit
3387 4926 3531 4981 enim
3575 4926 3709 4980 idem

2140 5032 2195 5079 et
2220 5022 2380 5087 Deus,
2412 5033 2467 5077 et
2492 5018 2821 5076 adorandus.

2664 5152 2823 5223 792
2860 5148 3015 5206 cae.
3054 5147 3195 5203 xui.

2218 5273 2371 5327 Dicta
2410 5271 2697 5339 apostolica
2735 5267 3012 5391 inanibus
3055 5266 3189 5321 Deus
3230 5263 3532 5318 nominatus
3571 5272 3643 5317 est

2857 5348 3057 5391 malm.

2857 5348 3057 5391 ιιηδιιιε.

2222 5456 2297 5509 De
2327 5452 2585 5523 mysterio
2616 5450 2800 5505 dicens
2829 5448 3125 5501 secundum
3160 5443 3435 5500 Christum
3468 5462 3481 5498 :
3518 5463 3535 5495 ι
3566 5443 3714 5511 Quod

2140 5548 2278 5611 aliis,
2294 5544 2488 5614 inquit,
2514 5538 2955 5611 generationibus
2971 5552 3077 5592 non
3098 5546 3179 5592 est
3199 5534 3441 5606 agnitum
3463 5534 3587 5589 (iliis
3616 5533 3714 5589 bo-

3040 5680 3086 5711 "
3123 5676 3253 5735 ibid.
3279 5676 3335 5730 2.
3416 5677 3463 5709 τι
3504 5676 3632 5730 ibid.
3658 5674 3713 5730 ὅ.

3233 5748 3279 5778 ⁷⁵
3317 5746 3333 5799 |
3363 5745 3491 5801 Cor.
3522 5762 3603 5811 ιιι,
3634 5745 3714 5799 Π.

2565 5682 2607 5713 ⁸⁸
2640 5678 2804 5735 Hebr.
2835 5694 2876 5739 ι,
2908 5680 2956 5731 l.

2127 5762 2173 5789 ⁷³
2208 5762 2372 5826 Apoc.
2417 5770 2494 5817 ιιι,
2548 5752 2646 5819 2θς
2700 5750 2853 5805 Joan.
2887 5762 2995 5814 xtv,
3054 5752 3138 5804 lli.
