4058 6328
476 441 613 497 1595

1491 444 1545 497 S.
1587 442 1861 496 Ci’lilLLi
1906 438 2369 495 ALEXANDRINI
2410 438 2725 492 ARCHEEP.

3580 438 3714 494 l396

474 556 777 623 perhiberet
810 553 875 607 de
904 553 1162 611 homine:
1208 556 1319 627 ipse
1358 556 1499 610 enim
1535 556 1736 609 sciebat
1762 556 1889 625 quid
1921 565 2037 608 erat
2064 559 2111 616 Α
2138 568 2258 606 esse
2312 554 2455 616 talia,
2494 553 2544 605 in
2602 552 2795 618 quibus
2870 552 3129 606 habitavit
3177 553 3316 607 Deus
3366 556 3731 624 omnipotens.

474 647 525 699 in
559 646 771 699 homine
812 645 900 699 ⁸⁹’.
939 665 956 697 ι
981 646 1036 701 Si
1084 649 1243 701 homo
1272 660 1417 702 esset
1457 650 1732 720 Θεοφὸρος,
1778 652 2043 717 quomodo

472 752 575 790 non
604 736 811 804 decepti
845 747 969 791 sunt
1007 737 1182 803 multi,
1218 739 1306 807 qui
1346 738 1735 810 Hierosolymis
1764 741 1815 793 in
1849 754 2041 792 nomen

470 828 586 897 ejus
624 830 1007 883 crediderunt?
1084 829 1175 891 Vel
1216 846 1382 899 quare
1428 831 1573 885 solus
1614 831 1883 901 cognoscit
1927 844 2045 899 quia

470 929 595 971 sunt
632 919 683 971 in
721 918 967 982 homine,
1001 934 1120 973 cum
1169 920 1465 989 praesertim
1504 935 1662 975 nemo
1696 922 1833 974 alius
1872 919 2046 974 sciat?

471 1006 721 1062 Finxisse
742 1008 883 1061 enim
904 1007 1105 1063 dicitur
1130 1009 1269 1061 Deus
1293 1008 1452 1063 corda
1478 1019 1659 1062 nostra
1683 1007 1953 1078 sigillatim
1974 1009 2039 1061 ⁸⁸.

477 1096 567 1150 Vel
599 1112 763 1166 quare
792 1097 936 1152 solus
974 1097 1203 1152 remittit
1238 1100 1499 1168 peccata?
1523 1100 1613 1152 Ait
1639 1102 1781 1153 enim
1809 1115 1823 1153 :
1860 1119 1877 1151 ι
1906 1098 2042 1166 Quia

472 1197 784 1256 potestatem
806 1188 965 1243 habet
984 1188 1151 1244 Filius
1176 1191 1225 1243 in
1249 1199 1391 1244 terra
1414 1193 1685 1245 remittere
1704 1202 1921 1259 peccata
1938 1192 2005 1246 ".
2021 1212 2039 1242 ι

472 1283 651 1346 Quare
688 1282 833 1335 solus
866 1292 1060 1349 przeter
1091 1282 1225 1335 alios
1270 1298 1516 1337 assessor
1545 1286 1695 1337 sedet
1733 1284 1826 1339 Dei
1850 1294 1904 1337 et
1938 1281 2042 1337 Pa-

473 1373 613 1425 tris?
646 1372 824 1440 Quare
858 1374 956 1428 soli
981 1374 1354 1443 obsequuntur
1389 1376 1604 1441 angeli?
1635 1376 1742 1430 Cur
1789 1391 1886 1429 nos
1925 1377 2046 1442 qui-

471 1463 589 1517 dem
636 1463 819 1517 docuit
861 1479 1202 1518 communem
1238 1474 1428 1533 putare
1464 1466 1700 1528 Patrem,
1745 1467 1832 1533 qui
1866 1477 1951 1519 est
1988 1467 2042 1521 in

471 1556 657 1619 ctPiis;
686 1557 789 1610 sibi
824 1566 1000 1611 autem
1032 1572 1153 1611 eum
1185 1558 1491 1626 specialiter
1524 1559 1835 1612 scribebat?

542 1647 645 1700 Sed
681 1646 815 1700 forte
844 1646 992 1701 dices
1020 1648 1162 1715 quod
1192 1646 1496 1713 hujnsmodi
1528 1662 1688 1700 voces
1727 1647 2043 1701 inhabitanti

473 1734 647 1788 Verbo
681 1737 995 1803 deputanda!
1021 1736 1147 1789 sint.
1177 1733 1364 1789 Nonne
1392 1737 1556 1805 igitur
1589 1751 1709 1790 eum
1740 1737 2042 1804 oportebat,

462 1824 613 1891 juxta
644 1826 919 1895 pr0phctis
943 1828 1350 1881 convenientem
1376 1829 1893 1893 mensuram,ipsum
1912 1842 2041 1893 quo-

2216 645 2445 713 Scripsit
2474 655 2651 697 autem
2679 643 2879 697 alicubi
2902 644 3062 696 etiam
3092 644 3307 699 divinus
3336 644 3532 701 Paulus
3561 666 3574 700 :
3608 670 3625 699 ι
3654 648 3730 703 Iro

2147 738 2302 791 uitam
2352 738 2558 792 faciens
2592 737 2712 804 quis
2749 736 2915 805 legem
2952 733 3174 805 Moysis,
3199 735 3317 791 sine
3348 738 3455 792 ulla
3500 742 3732 793 misera-

2147 828 2291 883 tione
2336 828 2545 883 duobus
2595 838 2687 881 aut
2726 828 2895 881 tribus
2934 828 3160 882 testibus
3212 830 3460 895 moritur,
3525 824 3731 898 quanto

2146 921 2317 989 magis
2347 922 2548 990 putatis
2568 920 2839 975 deteriora
2872 920 3066 973 mereri
3089 920 3375 988 supplicia,
3406 923 3495 989 qui
3529 922 3727 978 Filium

2149 1014 2241 1069 Del
2270 1012 2695 1073 conculcaverit,
2725 1020 2778 1063 et
2801 1011 3113 1080 sanguinem
3140 1017 3446 1067 testamenti
3468 1015 3727 1081 pollutum

2146 1104 2355 1161 duxerit
2383 1104 2472 1157 ”?
2502 1124 2519 1155 ι
2546 1105 2706 1172 Atqui
2733 1103 2911 1156 divina
2934 1112 3054 1157 erat
3077 1103 3182 1168 lex,
3217 1114 3271 1158 et
3302 1106 3554 1158 mandata
3586 1108 3727 1161 dicta

2146 1214 2240 1267 per
2272 1195 2515 1263 angelos.
2566 1193 2847 1260 Quomodo
2880 1195 3041 1263 igitur
3070 1195 3264 1263 dignus
3308 1198 3411 1249 erit
3455 1197 3730 1253 deteriore

2146 1285 2431 1353 Supplicio,
2471 1284 2563 1353 qui
2587 1284 2845 1352 pollutuut
2875 1284 3088 1337 duxerit
3123 1285 3440 1353 sanguinem
3482 1287 3734 1341 Christi?

2148 1376 2239 1430 Vel
2265 1376 2533 1446 quomodo
2557 1376 2733 1442 potior
2754 1383 2835 1428 est
2866 1374 3145 1441 religione,
3179 1390 3300 1442 quae
3322 1386 3403 1430 est
3431 1380 3728 1432 secundum

2147 1469 2337 1534 legem,
2365 1465 2498 1519 lldes
2521 1465 2572 1517 in
2602 1463 2919 1518 Christum?
2944 1464 3071 1525 Sed,
3104 1473 3161 1517 ut
3182 1467 3292 1530 jam
3322 1477 3445 1519 ante
3472 1468 3728 1531 diximus,

2145 1559 2393 1613 Christus
2418 1573 2520 1611 non
2559 1557 2753 1611 similis
2784 1558 3012 1610 aliorum
3049 1568 3386 1625 sanctorum,
3419 1562 3581 1613 homo
3616 1562 3730 1613 Oso-

2146 1649 2331 1719 φόρος,
2359 1650 2451 1702 sed
2494 1649 2635 1701 Deus
2662 1648 2833 1717 magis
2858 1663 3003 1712 verc,
3031 1657 3086 1701 et
3116 1650 3262 1701 omni
3305 1654 3501 1704 ΙΙιιΙΙΙιΙυ
3537 1654 3730 1703 celsiu-

2148 1757 2258 1795 rem
2290 1740 2527 1808 possidet
2549 1737 2796 1806 gloriam,
2830 1740 3113 1807 quodcum
3146 1739 3288 1794 Deus
3314 1741 3383 1794 sit
3414 1750 3604 1793 natura
3639 1741 3730 1793 Dei

2152 1830 2406 1891 Verbum,
2458 1830 2633 1883 factus
2676 1838 2761 1883 est
2809 1845 2958 1892 raro,
3024 1830 3135 1884 sive
3190 1832 3350 1884 homo
3397 1831 3673 1898 perfectus
3715 1850 3729 1884 :

470 1933 574 1985 que
605 1918 822 1971 dicere:
862 1936 878 1968 ι
913 1917 1035 1969 "an
1062 1917 1193 1969 dicit
1218 1916 1509 1981 Dominus?
1542 1938 1559 1967 ι
1604 1916 1796 1969 Verum
1833 1932 1951 1967 NII“
1984 1931 2045 1968 eu
2084 1905 2121 1957 Β
2154 1923 2448 1975 animatum
2481 1925 2625 1973 enim
2650 1931 2705 1975 et
2740 1924 3059 1975 rationabile
3089 1937 3230 1984 esse,
3264 1923 3406 1989 quod
3434 1923 3729 1973 adunatum

474 2023 589 2075 qua?
605 2024 763 2077 supra
787 2009 954 2077 legem
979 2009 1192 2061 sancire
1212 2008 1389 2070 νι·ΙΙι·ι,
1419 2023 1699 2061 assumens
1727 2010 1826 2062 sibi
1849 2024 2046 2061 convc-

473 2101 704 2153 trientem
730 2100 1021 2168 legislatori
1052 2101 1451 2163 aneinritalem,
1481 2100 1655 2152 aiebat
1694 2118 1706 2152 :
1747 2118 1764 2149 ι
1794 2100 1903 2166 Ego
1928 2101 2048 2151 dico

475 2192 623 2247 vobis
651 2194 699 2223 "
726 2192 820 2261 (l).
866 2211 885 2243 ι

540 2280 819 2345 Quomodo
850 2280 1080 2333 liberum
1117 2297 1175 2332 se
1211 2280 1303 2341 ait,
1338 2290 1388 2330 ιιι
1424 2295 1526 2330 ιιιιη
1568 2279 1856 2329 olmoxinm
1899 2279 2047 2331 Deo?

471 2372 593 2425 Ideo
615 2373 737 2441 quia
771 2382 853 2426 est
902 2373 1066 2426 Filius
1097 2373 1149 2425 in
1202 2373 1472 2425 veritate?
1511 2372 1573 2423 Et
1622 2373 1663 2424 si
1703 2382 1844 2424 es»:
1889 2373 2046 2423 homo

471 2461 745 2533 οεοφόρος,
782 2472 994 2517 essetne
1043 2464 1205 2516 etiam
1249 2463 1383 2514 liber
1412 2462 1705 2515 secundum
1757 2458 2044 2513 naturain?

476 2554 643 2623 llnjus
685 2555 824 2607 enim
861 2553 999 2607 Dens
1048 2554 1200 2615 liber,
1248 2566 1408 2621 atque
1451 2553 1661 2605 solutus
1706 2562 1788 2604 est
1839 2573 1849 2605 :

472 2647 612 2697 rnim
635 2646 784 2712 quasi
824 2644 1020 2697 tributa
1046 2646 1284 2696 omnium
1308 2643 1507 2712 exigit;
1542 2654 1595 2696 et
1642 2660 1903 2710 tanquam
1931 2645 2049 2697 loco

471 2738 769 2793 debitorum
789 2739 854 2792 ab
873 2737 1125 2790 omnibus
1150 2736 1340 2803 recipit
1364 2735 1699 2803 religionem.
1739 2735 1842 2787 Etsi
1873 2736 2049 2787 exitus

473 2828 603 2896 legis
635 2843 687 2881 et
714 2830 1097 2895 prophetarum
1133 2826 1380 2880 Christus
1415 2835 1519 2891 est,
1554 2838 1637 2878 est
1676 2842 1852 2879 auzem
1889 2828 2048 2879 homo

474 2920 764 2988 (εοφόροςς
793 2934 966 2972 nonne
998 2920 1179 2973 dieere
1224 2920 1402 2981 lit-eat,
1439 2918 1579 2985 quod
1610 2920 2045 2987 preplietirarnm

474 3013 906 3079 pr.7.dicationum
935 3013 1112 3066 exitus
1147 3011 1623 3082 ἀνθρωπολατρίσς
1658 3013 1811 3065 nobis
1842 3012 2045 3065 crimen

474 3105 736 3158 induxerit
758 3104 781 3157 ?

544 3195 747 3248 Deinde
779 3196 859 3248 lex
885 3194 1097 3263 quidem
1133 3196 1457 3260 prmdicabat
1482 3215 1493 3249 :
1521 3216 1537 3246 ι
1568 3197 1847 3247 hominum
1880 3196 2044 3248 Deum

476 3294 622 3341 tuum
649 3287 920 3346 adorabis,
956 3297 1009 3338 et
1038 3286 1107 3337 illi
1138 3286 1232 3338 soli
1264 3288 1467 3340 servies
1494 3288 1557 3339 ”.
1595 3308 1610 3336 ι
1644 3287 1757 3352 Qua
1790 3303 1885 3339 nos
1923 3302 2047 3340 crn-

474 3364 675 3427 ilitione
708 3376 952 3442 perduxit
987 3377 1051 3427 ad
1096 3375 1394 3437 Christum,
1431 3376 1581 3441 quasi
1616 3376 1679 3427 ad
1723 3377 2049 3445 agnitionem

477 3464 580 3518 illis
625 3466 713 3533 qui
746 3466 799 3518 in
830 3466 1037 3518 umbris
1059 3466 1274 3518 fuerant
1330 3466 1591 3534 potiorem
1621 3486 1634 3518 :
1668 3476 2051 3534 spernentesne

478 3558 638 3625 igitur
664 3560 825 3610 Deum
859 3558 993 3625 legis
1022 3566 1075 3609 et
1108 3559 1487 3625 prophetarum
1521 3560 1764 3617 adorare,
1799 3558 2048 3608 adorabi-

479 3664 595 3699 mus
629 3650 898 3703 heminem
949 3648 1228 3701 habentem
1278 3649 1438 3701 Deum
1474 3648 1899 3701 inhabitmltem?
1950 3647 2046 3701 Ubi

474 3738 615 3789 enim
649 3737 1005 3800 pravslahilius
1034 3747 1150 3789 erat
1192 3739 1355 3791 Deum
1397 3738 1662 3803 intelligi?
1702 3737 1753 3789 In
1786 3738 1944 3797 ωοιυ,
1979 3754 2047 3788 an

477 3825 527 3879 in
560 3828 739 3879 terra?
764 3828 815 3878 lu
850 3828 1155 3895 Seraphim,
1186 3844 1252 3879 an
1288 3830 1336 3880 in
1372 3839 1589 3881 terreno
1617 3830 1887 3895 corpore?

548 3918 602 3971 Si
634 3930 751 3971 erat
792 3919 951 3971 homo
991 3919 1265 3989 θεοφόρος,
1308 3920 1575 3987 quomodo
1611 3942 1626 3969 ι
1662 3925 2048 3987 propemodum

476 4025 538 4061 ac
582 4025 677 4060 nos
721 4010 1059 4077 participavit
1090 4012 1235 4063 carui
1281 4026 1341 4062 ac
1371 4011 1617 4078 sanguini
1650 4011 1739 4061 "1’
1781 4034 1797 4063 ι
1842 4012 1970 4065 Nam
2004 4016 2047 4065 si

475 4100 601 4165 quia
634 4100 775 4153 Deus
807 4100 1146 4163 inhabitat/it,
1183 4102 1280 4153 hoc
1308 4101 1353 4153 ei
1388 4102 1599 4163 sullicit,
1634 4112 1689 4154 ut
1714 4103 1965 4156 similiter
1989 4123 2051 4156 ae

479 4204 581 4245 nos
600 4190 945 4259 participaret
984 4192 1133 4243 carni
1171 4204 1224 4244 et
1262 4192 1545 4259 sanguini;
1587 4204 1637 4246 et
1669 4194 1738 4245 ita
1772 4195 1853 4246 his
1886 4198 2051 4261 parti-

476 4282 658 4349 cipare
684 4284 733 4335 id
767 4283 940 4351 ipsum
970 4293 1072 4345 est,
1093 4284 1233 4349 quod
1268 4284 1537 4336 hominem
1574 4284 1944 4341 factumesse:
1970 4289 2049 4337 in-

478 4374 737 4428 habitavit
777 4385 953 4429 autem
990 4386 1041 4427 et
1087 4375 1138 4426 in
1181 4376 1359 4427 multis
1406 4378 1643 4439 sanctis;
1688 4378 1846 4430 homo
1888 4378 2051 4447 igitur

483 4481 585 4519 non
637 4467 823 4531 semel,
861 4468 953 4519 sed
1001 4466 1295 4535 smpissime
1341 4467 1513 4522 factus
1550 4478 1651 4521 est.
1704 4468 1881 4533 Quare
1925 4485 2052 4537 ergo

1900 2553 2046 2608 solus

2154 2024 2235 2067 est
2264 2014 2335 2075 ei,
2378 2010 2541 2083 794
2572 2012 2840 2066 credimus
2876 2028 3091 2080 corpus,
3136 2022 3191 2065 et
3239 2028 3361 2065 vera
3392 2011 3612 2065 onmino
3652 2022 3734 2064 est

2154 2103 2425 2154 adunauo.

2763 2281 2910 2333 CAP.
2954 2278 3115 2332 XXV.

2156 2396 2425 2459 Quomodo
2456 2405 2690 2461 oporteat
2719 2394 3043 2459 intelligere:
3070 2413 3085 2444 ι
3122 2391 3345 2445 Verbum
3374 2410 3495 2443 raro
3529 2393 3729 2460 factum

2224 2477 2318 2525 est,
2352 2478 2397 2515 et
2432 2467 2683 2517 habitavit
2725 2466 2778 2515 in
2810 2465 2993 2527 nobis;
3032 2485 3049 2513 ι
3083 2476 3129 2514 et
3166 2468 3425 2532 quomodo
3456 2466 3727 2530 proprium

2225 2536 2386 2603 ipsius
2419 2536 2628 2587 dicatur
2652 2550 2856 2600 carpas.

2228 2647 2422 2699 Semen
2458 2646 2687 2698 Abrahae
2719 2645 3140 2711 apprehendisse
3177 2642 3407 2697 Verbum
3429 2642 3519 2695 Dei
3543 2643 3727 2711 unige-

2159 2739 2347 2796 nitum,
2399 2738 2587 2789 beatus
2653 2734 2849 2787 Paulus
2900 2744 3286 2787 commemorat
3337 2734 3418 2796 ";
3476 2748 3570 2786 nec
3628 2748 3729 2783 non

2154 2831 2337 2891 etiam,
2371 2830 2511 2894 quod
2550 2828 2934 2895 propemodum
2970 2842 3031 2878 ac
3063 2840 3161 2879 nos
3199 2826 3543 2892 partieipavit
3582 2826 3730 2877 carni

2154 2929 2209 2971 et
2252 2920 2499 2985 sanguini
2533 2920 2601 2970 9".
2651 2919 2914 2971 Memores
2947 2929 3123 2969 autem
3159 2932 3345 2969 sumus
3369 2918 3530 2969 etiam
3566 2914 3734 2969 Joan-

2158 3009 2271 3069 nis;
2308 3009 2383 3061 ait
2411 3009 2552 3061 enim
2584 3027 2596 3061 :
2634 3026 2651 3057 ι
2691 3008 2922 3061 Verbum
2951 3023 3078 3059 caro
3106 3008 3303 3058 factum
3338 3016 3441 3067 est,
3483 3018 3537 3059 et
3582 3005 3733 3059 habi—

2158 3098 2287 3149 tavit
2318 3098 2367 3149 in
2406 3097 2561 3150 nobis
2581 3098 2647 3150 ”.
2683 3116 2700 3145 ι
2736 3096 2861 3150 Idne
2892 3097 3052 3166 igitur
3089 3095 3186 3149 fuit
3230 3098 3565 3163 propositum
3603 3098 3735 3149 viris

2154 3186 2510 3255 spiritalibus,
2544 3188 2759 3249 docere,
2799 3187 2938 3253 quod
2973 3188 3062 3240 Dei
3094 3184 3332 3239 Verbum
3361 3187 3735 3241 conversionis

2153 3277 2221 3329 sit
2257 3278 2505 3343 patiens;
2539 3288 2628 3329 aut
2660 3278 2799 3345 quod
2832 3279 3005 3345 ipsum
3035 3278 3113 3331 fas
3141 3278 3209 3331 sit
3231 3278 3731 3339 commutationem,

2151 3384 2271 3437 quae
2313 3370 2483 3435 magis
2517 3383 2780 3422 creatura:
2812 3371 3115 3431 conveniat,
3153 3369 3462 3422 sustinere:
3511 3369 3644 3423 adeo
3678 3376 3735 3422 ut

2155 3460 2203 3510 id
2237 3458 2378 3527 quod
2434 3474 2538 3512 non
2575 3469 2712 3521 erat,
2759 3459 2983 3512 forsitan
3022 3458 3072 3509 in
3122 3458 3171 3509 id
3216 3471 3310 3508 sua
3352 3465 3541 3523 sponte
3570 3456 3732 3509 deve-

2154 3551 2293 3613 niat;
2346 3557 2440 3601 aut
2484 3549 2621 3601 alius
2656 3558 2843 3601 contra
2889 3548 3055 3614 ipsius
3091 3546 3423 3598 voluntatem
3462 3547 3527 3597 ad
3571 3544 3731 3595 aliam

2152 3654 2396 3694 naturain
2444 3641 2785 3709 impellatur?
2831 3640 2989 3694 absit.
3023 3638 3202 3692 Manet
3244 3654 3474 3705 namque
3503 3639 3663 3696 idem,
3702 3654 3730 3686 ιι

2152 3751 2246 3787 sua
2280 3746 2469 3787 natura
2496 3736 2976 3787 connnntationem
3005 3747 3219 3785 omnem
3248 3731 3560 3789 exeludens,
3600 3746 3729 3781 eun-

2157 3828 2418 3881 t'ersionis
2442 3828 2686 3879 utnbram
2719 3826 2965 3879 nesciens
2990 3828 3093 3893 pali
3122 3845 3134 3876 :
3170 3825 3271 3876 fixa
3304 3834 3386 3877 est
3416 3822 3559 3874 enim
3588 3838 3729 3874 srm-

2154 3932 2245 3985 per
2273 3917 2325 3967 in
2352 3918 2465 3969 suis
2496 3931 2727 3980 superna
2764 3914 2848 3966 illa
2878 3914 3221 3981 cmlestisque
3254 3922 3460 3965 natura.

2223 4008 2500 4071 Quamodo
2552 4007 2713 4071 igitur
2755 4007 2988 4059 Verbum
3018 4021 3145 4058 caro
3194 4004 3392 4057 factum
3421 4004 3510 4066 sit,
3544 4001 3731 4054 videre

2154 4113 2370 4152 necesse
2395 4107 2495 4152 est.
2524 4098 2758 4151 Primum
2780 4097 2995 4165 quidem
3015 4097 3189 4150 divina
3212 4095 3492 4161 Scriptura
3511 4109 3727 4146 carnem

2154 4190 2466 4258 plerumque
2492 4190 2731 4242 nominat
2759 4188 3053 4252 hominem,
3082 4196 3136 4240 et
3167 4187 3318 4255 quasi
3342 4203 3403 4240 ex
3442 4196 3593 4253 parte
3617 4186 3731 4237 ani-

2155 4284 2308 4335 malis
2343 4284 2507 4335 totius
2541 4283 2990 4350 significationem
3030 4280 3178 4341 facit,
3222 4295 3321 4332 nec
3364 4294 3469 4331 non
3504 4280 3667 4332 etiam
3700 4296 3725 4330 ιι

2154 4376 2265 4428 sola
2296 4377 2471 4428 anima
2496 4376 2765 4428 interdum
2809 4374 3142 4426 tantumdem
3180 4376 3318 4439 agit;
3353 4372 3613 4439 scriptum
3645 4382 3730 4424 est

2154 4468 2295 4518 enim
2322 4466 2461 4528 quod
2496 4484 2512 4514 ι
2551 4465 2760 4517 Videbit
2797 4464 2976 4517 omnis
3005 4479 3133 4516 caro
3161 4464 3400 4516 salutare
3427 4463 3517 4516 Dei
3547 4465 3585 4515 '.
3622 4483 3640 4513 ι
3666 4464 3728 4516 Ει

486 4576 502 4604 ι
538 4557 701 4611 semel
728 4558 775 4609 in
810 4559 1270 4612 consuunnatione
1298 4559 1636 4623 swculornm,
1664 4562 1711 4612 in
1738 4562 2053 4613 destructio-
2087 4593 2127 4643 υ
2158 4560 2272 4626 ipse
2300 4558 2509 4610 divinus
2553 4556 2744 4609 Paulus
2772 4576 2786 4611 :
2831 4576 2847 4606 ι
2889 4556 3000 4607 Non
3031 4555 3300 4615 consensi,
3345 4555 3533 4623 inquit,
3580 4554 3725 4606 carni

484 4662 601 4699 nem
622 4649 846 4715 peccati,
866 4665 959 4716 per
977 4649 1204 4702 hostiam
1232 4666 1379 4701 suam
1400 4651 1595 4703 dicitur
1612 4652 1923 4718 apparuisse
1947 4652 2046 4702 πῖ»

481 4740 757 4804 Quomodo
798 4752 975 4792 autem
1008 4758 1170 4792 unum
1210 4743 1361 4794 nobis
1405 4741 1564 4794 Verbi
1601 4744 1885 4796 adventum
1916 4760 2047 4809 prau

478 4832 661 4886 dicant
686 4833 878 4886 divinae
912 4834 1223 4901 Scripturze,
1254 4834 1295 4885 si
1328 4834 1583 4903 θεοφόρος
1621 4845 1735 4888 erat
1764 4838 1963 4890 homo?
1989 4835 2043 4889 Si

480 4924 730 4993 templum
763 4934 815 4977 et
843 4926 956 4991 ipse
983 4924 1154 4977 factus
1181 4937 1261 4976 est
1289 4926 1401 4988 Dei,
1445 4927 1709 4993 quomodo
1733 4939 1782 4980 et
1815 4930 1863 4979 in
1898 4930 2047 4981 nobis

478 5017 638 5067 etiam
689 5015 936 5069 Christus
969 5016 1095 5069 est?
1144 5016 1361 5069 Sicutne
1410 5017 1661 5082 templum
1709 5020 1759 5071 in
1800 5020 2048 5087 templis?

480 5110 558 5158 An
589 5115 645 5158 ut
676 5105 816 5159 Dens
846 5108 1015 5175 magis
1042 5108 1091 5159 in
1121 5107 1330 5175 templis
1360 5124 1453 5175 per
1485 5108 1787 5175 Spiritum?
1830 5110 1881 5162 Si
1926 5111 2042 5163 οεςο

480 5194 642 5265 φόρος
681 5205 796 5247 erat
830 5198 1005 5261 homo,
1040 5212 1137 5249 cur
1179 5208 1260 5249 est
1288 5197 1453 5251 soiins
1495 5198 1659 5265 ipsius
1686 5214 1880 5265 enrpus
1914 5200 2043 5252 viri-

485 5286 687 5339 ticnnn?
742 5285 1061 5353 Oportuerat
1134 5290 1277 5342 enim
1329 5290 1556 5343 aliorum
1617 5293 1775 5343 etiam
1822 5310 2043 5360 corpora

553 5442 618 5470 ’δ”
655 5442 811 5497 Joan.
842 5455 900 5501 ιι,
933 5438 1026 5493 25.
1088 5440 1294 5493 "Psal.
1326 5456 1498 5502 xxxii,
1532 5442 1613 5495 l5.

482 5513 523 5541 ”
562 5510 722 5563 Hebr.
767 5526 841 5575 lx,
877 5510 964 5565 ‘26.

484 5584 502 5610 ²
543 5580 714 5635 Galat.
760 5597 798 5644 ι,
844 5581 925 5633 16.

1074 5512 1120 5541 ’⁸
1159 5510 1317 5564 llebr.
1379 5528 1430 5571 χ,
1471 5512 1560 5575 ‘28,
1604 5514 1693 5569 29.

1004 5582 1025 5611 ³
1062 5580 1212 5635 Deut.
1258 5598 1311 5645 x,
1349 5581 1441 5637 2'2.

553 5764 629 5835 (ι)
670 5764 895 5819 Videtur
922 5765 1117 5835 aliquid
1158 5767 1241 5819 hic
1269 5765 1480 5829 deesse;
1520 5766 1590 5827 id,
1639 5764 1849 5834 Opinor,
1902 5764 2040 5833 quod
2082 5766 2395 5821 Anastasius

478 5838 764 5905 pensitato.

1691 5442 2138 5569 θιιι.;;ιιέὶ.ὖκ,6.
2217 5448 2283 5570 τῦ

1691 5559 1693 5567 .
1940 5536 1966 5568 ὅ
2012 5533 2053 5570 Γ.
2116 5534 2172 5570 li.

1940 5533 2053 5571 eor.
2116 5534 2172 5579 ιι,
2220 5533 2302 5571 to.

2160 4661 2211 4703 rt
2234 4650 2481 4718 sanguini
2510 4652 2549 4701 ’.
2580 4670 2595 4698 ι
2638 4650 2913 4701 Allocutus
2938 4658 3019 4701 est
3048 4658 3227 4700 autem
3255 4665 3347 4701 eos
3384 4648 3471 4715 qui
3501 4656 3628 4698 sunt
3661 4660 3725 4699 ex

2160 4744 2320 4795 lsrael
2350 4742 2587 4808 pontifex
2616 4742 2822 4810 Moyses
2855 4760 2865 4795 :
2907 4761 2923 4790 ι
2960 4741 3012 4793 In
3044 4742 3379 4808 septuaginta
3406 4750 3459 4791 et
3489 4740 3728 4808 quinque

2154 4837 2433 4887 animabus
2462 4836 2849 4887 descenderunt
2894 4843 3069 4900 patres
3105 4834 3177 4886 lui
3226 4835 3275 4883 in
3314 4832 3601 4900 Aigyplutn
3628 4833 3666 4885 ³.
3704 4852 3720 4883 ι

2155 4927 2257 4979 Sed
2293 4942 2395 4978 non
2423 4926 2620 4977 ideirco
2647 4925 2865 4989 dixeris,
2897 4928 3037 4995 quod
3071 4927 3225 4978 ιιιιιιιε
3250 4936 3301 4978 et
3330 4926 3443 4977 sine
3474 4925 3727 4977 carnibus

2156 5020 2346 5071 anima:
2398 5019 2445 5069 in
2504 5018 2786 5087 Ᾱῗεγιιιιιιιι
2831 5020 3233 5081 descenderint;
3273 5032 3369 5069 nec
3402 5031 3561 5084 porro
3588 5016 3726 5081 quod

2155 5112 2401 5162 inanimis
2457 5112 2795 5177 corporibus,
2858 5120 2911 5162 et
2971 5110 3100 5161 solis
3158 5107 3440 5170 carnibus,
3494 5108 3727 5158 salutare

2155 5218 2306 5254 suum
2346 5202 2482 5254 Deus
2518 5203 2817 5256 indulserit.
2859 5202 3079 5271 Quoties
3120 5201 3280 5270 igitur
3314 5201 3562 5251 audimus
3606 5216 3725 5251 ear-

2156 5310 2275 5348 nem
2307 5295 2505 5347 factum
2537 5311 2654 5348 esse
2690 5294 2945 5358 Verbum,
2986 5295 3253 5346 hominem
3287 5292 3632 5361 intelligimus
3662 5306 3729 5343 ex

2217 5448 2260 5477 "
2290 5446 2477 5500 Matth.
2505 5463 2553 5510 ν,
2578 5448 2663 5500 3'2.

2220 5518 2302 5571 16.
2379 5518 2424 5547 ’⁸
2464 5520 2593 5572 ibid.
2658 5520 2716 5573 Η

2464 5535 2593 5572 ΙυΙιΙ.
2658 5535 2738 5572 Il.

2744 5450 2787 5479 ”
2827 5449 2977 5501 Deut.
3011 5462 3079 5501 \‘l.
3112 5446 3193 5499 15.

2817 5516 3047 5573 “Joan.
3092 5532 3129 5581 I,
3179 5516 3259 5570 li.

3280 5449 3325 5477 ’δ
3360 5444 3522 5499 Hebr.
3552 5464 3608 5505 Il.
3641 5447 3721 5500 Η.

3342 5518 3353 5545 ¹
3391 5515 3520 5571 Luc.
3556 5534 3638 5581 ιιι,
3673 5518 3717 5570 6.

2468 5765 2670 5819 Simili
2702 5779 2963 5821 memerat
2995 5773 3057 5823 de
3099 5779 3297 5823 statere
3366 5772 3415 5824 in
3466 5772 3723 5826 tributum
