4058 6328
378 412 514 470 1397

1298 405 1590 462 SCIIOLIA
1634 404 1719 460 DE
1758 400 2285 458 lNCAltNATIi).\'l£
2329 405 2704 463 I'MGENITI.

3536 405 3693 461 1398'-

369 535 548 591 anima
579 542 631 588 et
663 544 909 601 corpore.
944 528 1165 585 Factum
1203 538 1287 583 est
1328 537 1507 581 autent
1545 525 1801 591 Verbum,
1831 539 1954 579 cum

2093 528 2193 582 τεὸν
2257 527 2363 583 οἶδε
2434 529 2699 599 μονογενῆ
2746 527 2838 582 τὸν
2911 526 3056 583 enim
3101 539 3267 579 unum
3308 538 3431 579 csse
3477 519 3675 575 Filium

369 628 443 683 sit
466 626 627 690 Deus,
656 627 815 679 homo
833 621 1339 695 perlectus,corpus
1364 621 1637 690 accipiens
1659 619 1959 672 animatum

368 728 427 773 ct
466 716 809 781 rationabile,
856 716 1016 785 idque
1045 714 1146 771 sibi
1181 728 1307 768 vere
1333 713 1597 768 adunavit
1636 732 1649 769 :
1688 712 1964 781 quomodo

372 812 489 883 ipse
522 812 681 875 sciat,
712 810 914 865 nostris
946 810 1090 864 enim
1129 807 1377 863 sensibus
1410 806 1721 876 huiusmodi
1751 805 1962 875 cogita-

372 905 545 960 tiones
571 904 793 959 omnino
815 904 964 959 cerni
997 916 1100 956 non
1122 908 1348 969 possunt
1379 918 1393 955 :
1420 908 1475 955 et
1510 907 1852 968 nuncupatus
1882 907 1966 953 est

371 995 539 1051 Filius
577 996 833 1051 hominis.

443 1087 549 1143 Sed
578 1089 622 1143 si
652 1097 867 1159 oportet
898 1098 1154 1157 tanquam
1193 1085 1244 1139 in
1270 1086 1551 1156 speculum
1588 1086 1860 1140 intuentes
1883 1084 1966 1139 di-

372 1194 522 1245 cere,
553 1178 825 1247 coniectat
855 1178 1037 1249 aliquo
1072 1176 1234 1232 modo
1274 1192 1466 1231 sensus
1530 1178 1824 1241 humanus,
1860 1176 1956 1230 ad-

376 1281 603 1327 unatum
638 1271 809 1326 fuisse
837 1269 1076 1325 Verbum
1097 1270 1311 1338 corpori
1350 1268 1570 1324 babenti
1606 1270 1843 1323 animant
1878 1283 1965 1323 ra-

378 1363 688 1418 tionabilem
723 1362 957 1431 qualiter
986 1363 1148 1416 etiam
1182 1361 1419 1416 hominis
1446 1360 1681 1414 animam
1715 1376 1814 1413 suo
1845 1376 1966 1416 cor-

376 1455 520 1524 pori,
547 1454 716 1524 ipsam
742 1453 960 1525 quidem
989 1454 1217 1508 diversa:
1246 1463 1473 1520 natura,
1506 1454 1754 1508 sortitam
1788 1461 1967 1508 tamen

378 1546 813 1601 communionem
853 1545 1347 1611 adunationemque
1402 1558 1523 1598 cum
1579 1557 1843 1613 corpore;
1910 1555 1968 1597 ut

378 1650 516 1704 pene
544 1634 794 1689 videatur
826 1650 932 1690 non
962 1649 1085 1690 esse
1116 1633 1220 1687 alia
1248 1644 1443 1705 praeter
1475 1648 1694 1701 corpus,
1726 1648 1792 1687 eo
1820 1632 1967 1703 quod

380 1741 476 1794 per
505 1726 953 1795 compositionem
986 1741 1051 1781 ex
1081 1734 1310 1796 utroque
1336 1726 1538 1779 animal
1576 1740 1740 1779 unum
1770 1722 1971 1779 eﬂicia-

382 1827 488 1884 tur,
523 1827 773 1873 manente
802 1827 981 1872 tamen
1014 1817 1149 1887 ipsa,
1186 1826 1244 1872 ut
1279 1827 1405 1873 ante
1437 1817 1757 1881 memoravi,
1788 1816 1839 1869 in
1872 1830 1965 1871 sua

381 1920 598 1963 natura.
629 1908 772 1973 Ergo
819 1924 924 1963 non
972 1922 1069 1978 per
1100 1909 1580 1963 commutationem
1614 1919 1708 1967 aut
1740 1922 1969 1962 conver-

381 1998 589 2055 sionem
620 1998 891 2053 hominem
920 1997 1123 2051 t’actum
1165 1996 1254 2050 Dei
1286 1996 1520 2051 dicimus
1552 1995 1787 2051 Verbum
1813 2015 1825 2060 ;
1867 2014 1965 2051 nec

383 2102 626 2158 prorsus,
659 2089 799 2159 quod
834 2089 973 2142 Deus
1004 2102 1127 2143 esse
1155 2088 1410 2155 desierit;
1440 2087 1533 2143 sed
1565 2089 1708 2159 quod
1744 2103 1964 2143 carnem

382 2181 655 2248 accipiens
696 2197 761 2237 ex
799 2184 1043 2249 muliere,
1073 2192 1128 2237 et
1154 2182 1203 2237 ei
1236 2195 1299 2236 ex
1334 2192 1488 2237 utero
1516 2186 1808 2245 adunatus,
1836 2183 1971 2237 exiit

384 2272 547 2328 homo
582 2274 719 2329 idem
754 2276 915 2330 simul
947 2287 999 2330 et
1042 2276 1215 2343 Dens;
1250 2290 1427 2346 neque
1470 2275 1561 2331 Dei
1594 2287 1650 2329 et
1677 2275 1854 2331 Patris
1881 2292 1973 2344 ge-

381 2364 724 2419 nerationem
765 2374 1022 2421 :eternam
1066 2368 1378 2438 projicicus,
1410 2368 1665 2423 sustinuit
1702 2377 1975 2437 tempora-

383 2453 511 2519 lem,
541 2472 607 2510 cx
640 2458 865 2514 muliere
896 2460 1021 2514 inde
1071 2460 1308 2525 initium,
1350 2470 1407 2513 ut
1455 2474 1617 2521 esset,
1676 2460 1973 2529 accipiens.

384 2548 739 2605 l’ermittebat
783 2561 962 2606 autem
990 2553 1139 2606 carui
1181 2553 1413 2621 propriae
1454 2567 1564 2607 suae
1603 2562 1809 2607 natum:
1842 2554 1976 2624 b-gi-

385 2642 485 2696 bus
530 2640 701 2706 nasci,
749 2643 1050 2699 nativitatis
1100 2644 1311 2699 ratione
1361 2646 1644 2700 duntaxat.
1702 2646 1975 2701 Caeterum

386 2730 547 2786 habet
584 2732 635 2786 in
686 2748 746 2787 se
790 2733 992 2804 aliquid
1030 2737 1098 2789 ab
1158 2736 1390 2790 humana
1438 2748 1631 2791 natura
1660 2738 1927 2793 dissimile
1960 2757 1973 2791 :

387 2834 547 2879 natus
575 2835 657 2881 est
679 2828 822 2881 enim
847 2842 911 2882 es
940 2826 1182 2898 Virgine,
1202 2837 1256 2883 et
1279 2831 1427 2885 solus
1459 2831 1617 2885 habet
1642 2831 1720 2904 (i)
1747 2841 1975 2889 matrem

387 2917 702 2987 innuptam;
748 2918 950 2975 factum
999 2932 1178 2977 autem
1214 2923 1391 2992 ipsum
1433 2924 1598 2978 etiam
1640 2941 1887 2991 carnem,
1926 2939 1981 2984 et

388 3008 441 3062 in
478 3010 632 3065 nobis
684 3011 1041 3079 inhabitasse,
1077 3015 1412 3086 evangelista
1464 3030 1875 3087 commemorat,
1924 3032 1983 3076 ut

387 3111 617 3169 utroque
644 3104 1047 3172 comprobaret,
1078 3115 1131 3159 et
1160 3105 1360 3169 factum
1399 3106 1567 3163 fuisse
1605 3110 1903 3177 hominem,
1928 3121 1983 3171 et

394 3207 550 3246 suum
582 3209 689 3249 non
721 3196 1023 3265 perdidisse
1053 3216 1065 3252 :
1094 3199 1295 3253 mansit
1316 3201 1458 3253 enim
1489 3202 1633 3271 quod
1663 3212 1802 3257 erat.

488 3283 813 3356 lntelligitur
912 3303 1148 3359 namque
1293 3290 1513 3345 Νοεῖται
1574 3294 1683 3364 γὰρ
1738 3296 1986 3363 πάντως,

387 3387 535 3431 certe
590 3389 847 3444 tanquam
899 3381 1042 3437 aliud
1092 3383 1145 3437 in
1223 3383 1297 3447 ὡς
1344 3383 1531 3456 ἕτερον
1579 3387 1635 3438 ὲν
1680 3388 1884 3459 ἑτέρᾳ,
1930 3391 1991 3443 τὸ

388 3466 495 3522 alio
566 3469 893 3540 inhabitare,
949 3474 999 3529 id
1041 3486 1143 3539 est,
1226 3475 1537 3537 κατοικοῦν.
1580 3477 1724 3530 τοῦτ’
1753 3479 1923 3542 ἔστιν,
1957 3484 1990 3552 ὴ

389 3557 569 3614 divina
600 3573 788 3617 natura
823 3564 877 3619 in
910 3565 1148 3620 humani-

392 3659 534 3717 tate,
574 3668 679 3709 non
722 3671 975 3727 perpessa
1006 3674 1154 3713 com-

392 3743 735 3809 mixtionem,
757 3758 853 3802 aut
874 3750 1151 3807 confusio-

394 3851 559 3902 nem,
618 3849 711 3894 aut
766 3844 1152 3900 commutatio-

394 3944 539 3995 nem,
575 3942 633 3989 ut
686 3944 830 3989 esset
866 3938 1010 4006 quod
1047 3955 1151 3993 non

392 4033 533 4079 erat.
577 4023 846 4094 Quidquid
901 4031 1044 4084 enim
1096 4032 1149 4084 in

392 4111 503 4168 alio
529 4116 771 4172 habitare
794 4120 1009 4189 dicitur,
1045 4140 1151 4177 non

394 4206 569 4273 ipsum
589 4208 646 4262 iit
660 4212 782 4271 tale.
800 4214 961 4281 quale
977 4226 1061 4270 est
1103 4217 1152 4271 id

396 4295 450 4349 in
477 4312 583 4367 quo
617 4300 856 4369 habitat;
888 4306 980 4359 sed
1011 4306 1155 4361 aliud

396 4390 451 4443 in
507 4392 613 4444 alio
670 4395 844 4463 magis
909 4396 1160 4467 intelligi-

400 4488 506 4535 tur.
539 4485 607 4536 At
635 4498 763 4539 vero
800 4486 853 4539 in
880 4486 1040 4543 Verbi
1072 4508 1159 4545 na-

399 4582 520 4627 tura
557 4584 612 4628 et
646 4574 1029 4644 humanitatis,
1063 4596 1151 4637 so-

401 4664 505 4718 lam
523 4668 675 4721 nobis
688 4667 1049 4727 differentiam
1064 4676 1156 4728 de-

399 4757 573 4826 signat
614 4761 897 4820 diversitas
938 4778 1155 4822 natura-

400 4866 541 4905 rum.
564 4852 714 4909 Unus
744 4857 887 4911 enim
917 4848 985 4913 ei
1011 4872 1157 4916 ntro-

400 4958 506 5011 quc
539 4944 855 5022 intelligitur
884 4952 1154 5011 Christus.

403 5034 543 5105 Ergo
557 5038 1018 5109 iuconl‘usione,ut
1034 5062 1161 5103 ante

404 5129 534 5191 dixi,
559 5145 794 5198 servata,
826 5137 1161 5198 inhabitasse

411 5220 640 5277 Verbum
664 5227 735 5279 ait
761 5229 811 5280 in
837 5213 990 5286 nobis
1022 5253 1033 5286 :
1060 5238 1161 5291 scit

478 5405 499 5432 ⁸
530 5388 737 5471 Coloss.
768 5420 825 5470 tt,
868 5410 922 5464 9.

1226 3569 1344 3622 θεία
1392 3569 1548 3638 φύσις
1604 3576 1661 3625 ἐν
1704 3572 1989 3644 ἅνθρωπός

1226 3679 1370 3732 τητι,
1391 3666 1480 3718 καὶ
1500 3667 1559 3718 οὐ
1580 3667 1831 3721 παθοῦσα
1863 3686 1994 3739 φυρ-

1232 3757 1353 3827 μὸν,
1383 3758 1414 3829 ἢ
1440 3758 1704 3830 ἀνάχυσιν
1728 3778 1870 3826 τινα,
1897 3766 1991 3817 καὶ

1232 3852 1588 3920 μετάστασιν,
1622 3853 1719 3924 τὴν
1750 3856 1827 3917 εἰς
1855 3855 1993 3926 ὅπερ

1226 3945 1324 3997 οὐκ
1362 3939 1451 4015 ἦν.
1501 3944 1573 3998 Τὸ
1602 3947 1710 4017 γὰρ
1760 3948 1993 4015 ἐνφικεῐν

1226 4036 1401 4112 ἑτέρῳ
1426 4037 1742 4107 λεγόμενον,
1771 4040 1871 4093 οὐκ
1897 4040 1993 4094 αὖ·

1226 4131 1287 4184 τὸ
1303 4132 1547 4201 γέγονεν,
1573 4112 1712 4203 ὅπερ
1738 4132 1855 4186 ἐστὶ
1874 4134 1995 4186 τοῦ-

1227 4236 1309 4282 το,
1330 4221 1386 4272 ὲν
1412 4213 1457 4288 ᾧ
1490 4224 1760 4274 κατοικεῖ·
1786 4224 1991 4277 νοεῖται

1229 4311 1285 4365 δὲ
1300 4313 1499 4383 μᾶλλον
1520 4313 1607 4369 ﬁte
1618 4332 1707 4386 ρον
1724 4318 1781 4369 ὲν
1798 4317 1989 4386 ἑτέρῳ.

1244 4404 1332 4458 Ἑν
1364 4406 1421 4459 δέ
1464 4423 1526 4475 γε
1580 4410 1645 4476 τῇ
1691 4408 1851 4476 φύσει
1898 4407 1991 4460 τοῦ

1237 4502 1434 4569 Λόγου,
1468 4504 1559 4556 καὶ
1588 4504 1687 4574 τῆς
1700 4503 1991 4575 ἀνθρωπό-

2069 624 2249 694 σάρκα
2323 622 2661 692 γενόμενον,
2741 620 2837 675 καὶ
2913 618 3248 689 unigenitum
3279 629 3501 671 carnem
3559 613 3676 670 fac-

2066 710 2590 789 ὲνανθρωπήσαντα.
2912 723 3049 776 tum.
3080 719 3132 765 et
3144 730 3149 739 ί
3162 709 3464 765 hominem.

2142 805 2221 879 (2)
2255 806 2435 863 Carne
2457 817 2639 863 autem
2679 807 2811 863 mihi
2840 806 3055 862 videtur
3089 803 3310 860 divinus
3333 798 3677 871 Evangelista

2072 907 2242 953 totam
2277 898 2562 971 sapienter
2598 906 2848 952 naturam
2898 896 3182 953 hominum
3234 892 3521 948 nominare
3553 908 3569 945 :
3600 889 3679 945 ait

2069 992 2215 1045 enim
2248 988 2487 1045 Verbum
2520 989 2855 1044 inhabitasse
2889 989 2940 1043 in
2974 988 3153 1051 nobis,
3187 1000 3297 1039 non
3328 982 3581 1049 alterius,
3617 990 3679 1034 ut

2068 1097 2168 1154 ego
2198 1083 2412 1154 opinor,
2439 1082 2637 1153 gratia,
2667 1082 3099 1135 incarnationem
3119 1074 3284 1132 Verbi
3311 1074 3511 1130 factam
3535 1086 3680 1136 esse,

2070 1190 2544 1240 commemorans;
2584 1174 2687 1228 nisi
2715 1182 2773 1227 ut
2804 1171 2970 1227 etiam
2995 1185 3117 1235 nos,
3144 1167 3472 1239 participatu
3509 1164 3682 1236 ipsius

2070 1286 2169 1341 per
2206 1269 2475 1341 Spiritum
2512 1278 2762 1324 sanctum
2794 1262 3131 1339 locupletati,
3166 1257 3483 1328 adoptionis
3519 1259 3683 1312 benc-

2073 1363 2253 1418 licium
2286 1363 2645 1417 lucraremur.
2685 1359 2858 1431 igitur
2892 1358 2948 1413 in
2984 1356 3209 1411 Christo
3241 1355 3505 1408 unitatem
3533 1365 3684 1406 sum-

2073 1471 2217 1510 mam
2249 1456 2544 1525 veramque
2564 1452 2841 1509 credimus
2870 1449 3097 1505 factam.-
3120 1446 3217 1502 Sin
3241 1455 3425 1502 autem
3450 1444 3502 1497 in
3529 1442 3685 1497 nobis

2072 1544 2326 1601 Christus
2358 1543 2664 1599 inhabitare
2690 1542 2933 1605 dicatur,
2970 1537 3231 1610 σχετικὴν
3265 1535 3381 1605 ipse
3409 1532 3571 1587 faciet
3603 1530 3688 1585 in-

2074 1636 2495 1691 habitationem.
2523 1632 2643 1690 Non
2672 1643 2856 1688 autem
2890 1646 3015 1686 cum
3054 1632 3196 1686 Deus
3224 1627 3429 1683 dicitur
3468 1622 3684 1679 inhabi-

2077 1738 2220 1785 tasse
2253 1729 2305 1782 in
2340 1726 2564 1783 Christo
2597 1743 2613 1780 :
2654 1744 2673 1777 α
2714 1723 3041 1780 Iuhabitavit
3074 1734 3311 1791 namque
3334 1719 3387 1773 in
3416 1731 3482 1772 eo
3510 1713 3700 1772 omnis-

2075 1818 2354 1887 plenitudo
2385 1818 2695 1872 divinitatis
2730 1815 3168 1885 corporaliter‘;
3202 1834 3219 1865 ι
3258 1828 3365 1867 non
3401 1825 3498 1881 per
3522 1808 3690 1879 parti-

2072 1910 2331 1977 cipatum,
2366 1912 2447 1963 vel
2482 1910 2673 1980 σχέσιν
2696 1911 3026 1979 simplicem,
3064 1906 3223 1976 quasi
3260 1905 3377 1960 sole
3404 1903 3688 1961 illucente.

2072 2014 2165 2059 aut
2194 2006 2317 2075 igne
2354 2002 2580 2057 insitum
2612 2002 2718 2057 sibi
2748 2001 2985 2057 calorem
3013 2000 3136 2055 aliis
3169 1998 3528 2062 immittente;
3568 1986 3688 2057 sed,

2075 2105 2133 2151 ut
2164 2098 2235 2154 ita
2268 2097 2469 2163 dicam,
2517 2096 2632 2166 ipsa
2678 2095 2862 2150 divina
2912 2096 3239 2163 sinceraque
3274 2100 3497 2151 natura,
3536 2088 3690 2158 juxta

2075 2199 2245 2246 totum
2284 2190 2335 2243 id
2368 2190 2511 2259 quod
2543 2186 3140 2252 est,.inhabitationem
3169 2184 3273 2238 sibi
3307 2183 3565 2248 faciente,
3596 2195 3693 2251 per

2076 2296 2287 2345 veram,
2317 2290 2377 2333 ut
2403 2290 2531 2333 ante
2560 2278 2823 2341 diximus,
2863 2278 3153 2338 unitatem,
3197 2274 3250 2328 in
3291 2272 3494 2342 templo
3545 2270 3690 2342 quod

2076 2384 2161 2426 est
2189 2382 2374 2425 natum
2409 2387 2475 2426 ex
2506 2368 2729 2439 Virgine
2759 2385 2774 2423 :
2810 2370 2883 2423 ita
2920 2368 3065 2424 enim
3107 2383 3250 2422 unus
3293 2377 3349 2421 et
3377 2374 3485 2431 est,
3518 2371 3575 2418 et
3606 2364 3692 2416 in-

2080 2463 2617 2535 telligitur‘tlhristus
2648 2462 2833 2517 Jesns.

2153 2558 2308 2624 Quod
2342 2572 2469 2612 vero
2507 2557 2558 2611 in
2587 2557 3003 2623 expressionum
3037 2570 3249 2610 summa
3294 2562 3480 2606 noster
3511 2565 3696 2606 sermo

2082 2650 2352 2714 vincatur,
2380 2652 2486 2703 non
2518 2647 2763 2717 negabo;
2809 2648 2905 2702 sed
2939 2663 3046 2701 non
3095 2646 3301 2701 idcirco
3332 2642 3536 2700 Christi
3579 2656 3698 2713 my-

2081 2738 2307 2793 sterium
2334 2752 2442 2792 non
2475 2738 2771 2805 credatur;
2800 2738 2895 2793 sed
2930 2737 3105 2806 magis
3131 2736 3203 2791 sit
3238 2736 3439 2789 merito
3475 2733 3699 2787 mirabi-

2083 2829 2207 2885 lius.
2238 2831 2453 2898 Quauto
2488 2831 2635 2885 enim
2671 2830 2817 2883 omni
2852 2838 2936 2884 est
2982 2837 3164 2884 mente
3205 2826 3459 2895 superius
3498 2833 3553 2879 et
3583 2839 3699 2879 ser-

2083 2940 2266 2989 mone,
2296 2934 2450 2978 tanto
2482 2922 2654 2994 magis
2684 2921 2826 2977 ultra
2870 2935 3090 2976 omnem
3138 2918 3563 2974 admirationem
3600 2931 3697 2984 po-

2086 3018 2321 3074 nendum
2358 3027 2460 3072 est.

2129 3098 2391 3165 .Carnem
2442 3123 2574 3163 vero
2609 3108 2813 3163 factum
2865 3106 3132 3170 Verbum,
3168 3100 3226 3157 id
3278 3110 3381 3165 est,
3422 3098 3701 3154 hominem

2014 3227 2059 3287 ρ
2091 3202 2420 3273 perfectum,
2452 3216 2558 3255 non
2588 3200 2828 3255 dicimus
2883 3211 3142 3252 mensura
3177 3193 3430 3265 corporis
3455 3203 3698 3257 compre-

2095 3295 2283 3362 hendi,
2317 3295 2370 3349 id
2412 3295 2559 3349 enim
2611 3292 3011 3361 ineptissimum
3040 3300 3165 3355 est;
3203 3287 3300 3343 sed
3351 3283 3578 3354 implere
3623 3281 3698 3337 sic

2094 3405 2309 3461 quoque
2340 3390 2640 3452 credimus,
2678 3387 2818 3442 sicut
2850 3385 3009 3450 solet,
3056 3382 3255 3437 cmlum
3293 3392 3346 3435 et
3384 3388 3612 3441 terram,
3648 3385 3698 3431 et

2094 3497 2215 3551 quae
2241 3480 2472 3536 inferius
2502 3478 2677 3549 posita
2714 3486 2843 3533 sunt
2883 3494 2897 3530 :
2930 3476 3113 3530 omnia
3149 3474 3351 3531 etenim
3382 3472 3540 3542 plena
3574 3476 3700 3523 sunt

2095 3576 2227 3640 Deo,
2255 3585 2310 3629 et
2340 3575 2521 3629 omnia
2555 3572 2654 3642 ipsi
2688 3570 2913 3641 parvula
2949 3577 3099 3624 sunt.
3136 3569 3204 3621 At
3245 3565 3522 3636 quomodo
3553 3571 3607 3615 ct
3647 3562 3701 3615 itt

2093 3670 2344 3740 singulis,
2372 3679 2427 3723 et
2454 3666 2507 3721 in
2540 3666 2797 3721 omnibus
2827 3675 2975 3719 IOtllS
3006 3666 3100 3727 sit,
3134 3661 3413 3716 intellectu
3446 3658 3706 3738 dictuque

2094 3759 2309 3816 diﬂiciie
2341 3769 2447 3822 est,
2484 3758 2596 3812 imo
2630 3771 2759 3811 vero
2794 3756 2961 3809 etiam
3008 3750 3365 3823 impossibile.
3412 3747 3467 3802 ω
3495 3756 3703 3809 autem,

2096 3864 2156 3908 ut
2181 3853 2477 3922 opiuor,eo
2504 3849 2768 3920 possidet,
2786 3847 2932 3918 quod
2961 3848 3321 3914 incorporeus
3346 3840 3413 3896 sit
3446 3830 3509 3895 et.
3533 3838 3707 3894 indiso

2095 3944 2381 4015 pertihilis.

2167 4036 2452 4104 Propriqu
2488 4042 2669 4087 autem
2727 4031 2889 4086 Verbi
2925 4044 3127 4099 corpus
3168 4028 3371 4083 dicitur
3405 4042 3435 4080 a
3485 4024 3642 4081 nobis
3687 4041 3702 4077 :

2096 4144 2202 4183 non
2242 4126 2703 4196 quemadmodum
2742 4123 2997 4194 proprius
3042 4131 3125 4177 est
3162 4118 3398 4175 hominis
3426 4119 3589 4178 risus,
3623 4114 3706 4170 vel

2093 4223 2217 4292 equi
2248 4219 2521 4283 hinnitus;
2572 4217 2668 4273 sed
2704 4217 2871 4287 quod,
2920 4214 3124 4269 factum
3159 4213 3331 4282 ipsius
3368 4227 3463 4281 per
3494 4212 3705 4264 aduna-

2098 4315 2299 4368 tionem
2331 4327 2537 4374 veram,
2586 4309 2937 4365 instrumenti
2970 4308 3018 4364 ei
3067 4306 3313 4377 prsebeat
3346 4305 3606 4369 cilicium,
3638 4303 3705 4355 ad

2096 4408 2500 4478 exsequendum
2528 4419 2591 4460 ea
2622 4419 2742 4474 qua:
2788 4418 2940 4458 more
2979 4400 3142 4456 solito
3176 4409 3455 4470 operatur,
3501 4398 3709 4467 absque

2098 4502 2218 4557 solo
2247 4510 2489 4569 peccato.

1232 4612 1416 4665 τητος,
1463 4596 1633 4665 μόνην
1703 4598 1835 4665 ἡμῖν
1897 4614 1961 4667 ση

2167 4594 2262 4651 Siti
2292 4611 2419 4650 vero
2457 4596 2599 4648 Deus
2637 4592 2871 4647 Verbum
2908 4590 3074 4644 etiam
3109 4587 3335 4641 missum
3368 4583 3533 4637 fuisse
3566 4580 3710 4637 forte

1234 4687 1413 4755 μαίνει
1456 4688 1720 4757 διαφορὰν
1748 4689 1853 4742 τῶν
1890 4690 1994 4759 φύς

1231 4796 1367 4832 σεων
1432 4782 1490 4832 τὸ
1555 4780 1831 4852 διάφορον.
1900 4779 1995 4845 Εἷς

1230 4868 1337 4940 γὰρ
1388 4871 1445 4935 ἐξ
1524 4872 1728 4939 ἀμφοῖν
1794 4875 1997 4927 νοεῖται

1233 4961 1482 5029 Χριστός.
1512 4962 1724 5016 Οὐκοῦν
1749 4965 1805 5016 τὸ
1824 4964 1992 5032 ἀσύγ-

1235 5075 1395 5127 χυτον
1414 5054 1623 5127 εὖμάλα
1653 5060 1993 5130 τετηρηκὼς,

1236 5148 1398 5217 φησὶν
1428 5149 1482 5200 ἐν
1519 5152 1654 5218 ἡμῖν
1692 5151 1997 5219 ἐσκηνωκὲ-

1235 5258 1322 5294 νειι
1363 5241 1451 5294 τὸν
1497 5244 1689 5313 Λόγον.
1720 5244 1854 5297 Ἕνα
1891 5246 1997 5315 γὰρ

480 5583 559 5667 β)
604 5584 659 5638 Id
710 5598 814 5649 est,
863 5604 981 5712 alia:
1026 5594 1125 5673 viri
1170 5595 1509 5661 amplexibus
1560 5596 1844 5665 inquinata
1895 5613 1999 5651 non

480 5667 624 5710 IISet.
670 5657 855 5711 Nube"
901 5676 913 5712 t
952 5676 1097 5712 elttm
1153 5666 1475 5712 vocabulum
1530 5682 1677 5712 smnia
1730 5668 1999 5712 rennritnr

417 5652 624 5710 inisset.
670 5657 855 5711 Nuhen

901 5660 1099 5736 ienint
1153 5660 1475 5736 vocabulum
1730 5668 2001 5734 reperitur

418 5726 469 5778 in
499 5727 771 5800 obscenis.
805 5726 940 5785 llinc
977 5731 1101 5785 illud
1129 5750 1193 5787 ex
1230 5734 1520 5800 Evangelia
1560 5726 1620 5788 D:
1662 5726 1823 5790 Marci
1852 5756 1863 5791 :
1896 5737 2003 5789 Nc-

419 5811 516 5868 qtte
568 5797 783 5868 nubem,
826 5816 987 5868 neque
1020 5806 1297 5860 nubemnr.

1370 5808 1432 5860 Et
1476 5807 1565 5861 lib.
1606 5824 1682 5867 Vl,
1728 5806 2005 5874 Capitula-

424 5866 556 5921 rium
590 5882 705 5937 rap.
742 5867 849 5922 209
880 5866 1128 5940 {Siipse
1158 5885 1330 5929 tamen
1377 5882 1627 5944 innuptas
1666 5878 1743 5931 re!
1786 5866 2005 5944 innupta

2104 4688 2339 4751 dicatur,
2376 4702 2441 4740 ne
2473 4685 2597 4755 quis
2632 4693 2875 4739 vestrum
2922 4689 3216 4740 terreatur,
3254 4676 3384 4731 illud
3415 4675 3704 4745 cogitans:

2103 4782 2220 4847 Quo
2250 4788 2435 4849 perget
2459 4779 2867 4847 incorporeum,
2889 4773 2971 4827 vel
3005 4787 3113 4841 quo
3151 4772 3305 4825 cedet
3332 4770 3377 4823 is
3412 4783 3519 4836 quo
3549 4767 3705 4838 plena

2100 4884 2235 4927 sunt
2263 4871 2443 4925 omnia
2470 4871 2492 4923 ?
2523 4870 2674 4923 Sciat
2722 4877 2903 4922 autem
2956 4864 3148 4936 magis,
3195 4862 3341 4932 quod
3371 4860 3439 4916 sit
3483 4868 3537 4913 et
3570 4857 3710 4913 alius

2107 4964 2383 5020 missionis
2408 4966 2618 5018 modus.
2648 4960 2762 5015 Non
2792 4970 2848 5013 ut
2876 4959 3056 5012 locum
3083 4956 3149 5011 de
3174 4956 3317 5020 loco,
3338 4954 3427 5024 qui
3454 4953 3707 5017 mittitur,

2109 5069 2312 5123 mutet;
2347 5060 2441 5113 sed
2478 5066 2533 5110 ut
2570 5054 2933 5109 ministerium
2969 5051 3143 5121 magis
3170 5062 3391 5104 sacrum
3420 5045 3707 5116 suscipiat,

2107 5153 2250 5223 quod
2304 5152 2466 5206 etiam
2513 5148 2794 5216 discipulis
2850 5146 3153 5216 iniunctum
3210 5156 3332 5196 esse
3385 5138 3708 5194 discimusa

2107 5246 2324 5298 Christo
2356 5242 2594 5298 omnium
2633 5240 2937 5294 Salvatore.

2110 5599 2476 5663 permanserit.
2523 5598 2720 5654 Bawz.

2177 5667 2255 5735 (‘2)
2297 5668 2427 5732 Quae
2455 5682 2777 5736 sequuntur,
2814 5683 2983 5737 usque
3019 5668 3089 5721 ad
3112 5668 3312 5721 inciam
3356 5665 3543 5723 Jacobi
3586 5682 3710 5720 cum

2105 5738 2298 5801 augt-lu
2346 5753 2519 5807 caque.
2555 5744 2739 5800 verba,
2780 5755 2900 5807 cap.
2950 5739 3009 5792 5|
3039 5778 3054 5801 ,
3103 5738 3439 5792 latitudinem
3493 5738 3711 5806 {sutoris

2106 5808 2245 5929 ei'us,
2274 5807 2466 5863 desunt
2499 5811 2549 5864 iu
2583 5811 2912 5865 cditiunibus
2939 5811 3193 5881 vulgatis,
3218 5822 3268 5865 et
3298 5825 3438 5865 nunc
3474 5810 3711 5881 primum

2108 5898 2156 5929 Ct
2180 5890 2362 5929 utitur.

2108 5890 2362 5933 Ctlutttttr.
