4058 6328
473 410 611 466 1³599

1458 411 1515 467 S.
1555 409 1830 467 CYRILLI
1870 408 2340 468 ALEXANDRINI
2381 415 2701 472 ARCIIIEP.

3595 420 3732 477 “30

545 522 781 592 Denique
814 523 975 577 etiam
1024 524 1240 579 divinus
1286 525 1485 583 Paulus
1531 529 1609 583 ait
1660 528 1727 583 de
1776 528 1999 583 Christo
2029 547 2041 582 :
2074 531 2121 587 A
2156 552 2172 577 ι
2203 530 2372 588 Amen
2411 534 2534 590 dico
2583 535 2758 602 vobis,
2794 544 3084 605 antequam
3124 536 3399 591 Abraham
3434 548 3599 602 esset,
3631 553 3731 607 ego

476 634 492 663 ο
532 613 689 682 Ergo,
717 613 908 669 fratres
935 618 1130 679 sam-ti,
1156 618 1454 673 vocationis
1478 619 1711 674 caelestis
1734 620 2039 688 participes,

468 704 808 759 considerate
862 708 1162 774 apostolum
1217 720 1269 763 et
1325 711 1637 778 poutiticem
1690 710 2046 766 conlessionis

470 805 669 850 nostra:
717 794 901 851 Jesum
926 799 968 850 '.
1006 818 1026 850 ι
1068 801 1451 856 Animadverte
1493 810 1672 859 autem
1709 806 1873 874 quod,
1919 819 2041 857 cum

467 901 588 941 eum
638 887 1034 942 ministrantem
1087 891 1363 945 hominum
1413 910 1563 949 more
1604 895 1871 957 ostendit,
1919 894 2043 949 licet

469 986 657 1030 natura
690 978 759 1031 sit
789 978 947 1041 Deus,
982 989 1108 1033 tunc
1144 981 1193 1035 ei
1228 983 1391 1037 etiam
1436 984 1668 1039 olIieium
1713 986 2043 1054 apostolatus

466 1068 708 1121 attribuit
749 1088 762 1122 :
808 1068 941 1121 nihil
986 1082 1186 1137 autem,
1219 1082 1277 1127 ut
1306 1086 1431 1129 ante
1468 1075 1722 1141 diximus,
1750 1077 2041 1131 absurdum

464 1166 566 1221 est,
602 1158 646 1211 si
687 1157 826 1213 Deus
856 1157 1091 1215 Verbum
1130 1164 1267 1217 mitti
1315 1166 1475 1219 etiam
1526 1168 1735 1221 dicatur
1776 1184 1805 1221 a
1844 1167 2037 1235 Patre;

467 1246 647 1315 implet
677 1264 910 1319 namque
941 1253 1245 1307 certissime
1285 1255 1492 1320 omnia,
1528 1267 1581 1311 et
1630 1259 1757 1313 nulli
1801 1259 1917 1313 loco
1949 1276 2043 1329 pe-

466 1338 607 1391 nitus
631 1337 782 1393 deest
815 1358 828 1393 :
862 1356 963 1395 nos
1006 1356 1134 1397 vero
1180 1345 1429 1401 humanis
1474 1348 1698 1403 vocibus
1732 1349 1910 1404 divina
1956 1351 2039 1405 in-

464 1439 843 1498 torpretantes,
875 1432 1285 1503 figurationibus
1318 1440 1561 1507 corporis
1594 1440 1917 1495 immortalis
1947 1458 2043 1495 na-

462 1526 597 1573 tura:
623 1520 1077 1590 dispensationem
1107 1529 1344 1583 solemus
1370 1528 1690 1599 intelligere.

537 1611 777 1682 Denique
828 1629 950 1670 cum
1005 1628 1226 1674 sanctus
1281 1618 1516 1687 Spiritus
1565 1621 1746 1675 omnia
1802 1624 2037 1693 impleat,

462 1702 646 1756 seribit
685 1706 873 1761 beatus
908 1705 1125 1771 Paulus,
1157 1720 1212 1763 et
1259 1709 1391 1763 dicit
1440 1728 1453 1765 :
1491 1730 1509 1761 ι
1542 1710 1807 1778 Quoniam
1857 1726 2035 1769 autent

459 1798 592 1849 estis
628 1795 741 1860 lilii,
785 1798 931 1852 misit
984 1797 1125 1855 Deus
1176 1798 1435 1869 Spiritum
1483 1801 1604 1856 Filii
1653 1804 1735 1858 sui
1775 1806 1828 1858 in
1873 1808 2035 1863 corda

2147 637 2265 675 sum
2308 625 2449 679 ¹⁶·¹¹.
2498 646 2517 679 ο
2567 627 2848 693 Quomodo
2894 627 3039 681 enim
3078 628 3237 683 aliter
3286 638 3412 685 ante
3455 630 3726 683 Abraham

2144 725 2287 777 erat,
2320 717 2410 784 qui
2444 717 2625 771 multis
2655 728 2775 787 post
2816 719 3145 787 temporibus
3174 720 3474 773 secundum
3506 734 3725 773 carnem

2145 816 2303 859 natus
2339 809 2466 861 est?
2506 807 2651 864 Satis
2686 819 2863 864 autem
2909 811 3073 880 ipsos,
3104 819 3163 863 ut
3192 810 3403 879 Opinor,
3444 810 3730 876 redarguet

2145 895 2361 950 divinus
2388 897 2625 955 Joannes
2648 902 2830 956 dicens
2858 920 2872 956 :
2902 921 2920 953 ι
2945 903 3045 957 [lic
3067 911 3205 967 erat,
3228 902 3294 956 de
3315 916 3421 970 quo
3447 915 3547 971 ego
3575 902 3681 954 dixi
3709 919 3723 955 :

2144 986 2266 1041 Post
2296 1004 2381 1042 me
2408 992 2550 1045 venit
2575 993 2678 1057 vir,
2703 992 2792 1061 qui
2822 1004 2947 1049 ante
2979 1009 3065 1049 me
3089 993 3265 1050 factus
3290 1003 3395 1058 est,
3421 994 3543 1063 quia
3578 994 3728 1063 prior

2144 1094 2228 1132 me
2261 1095 2375 1133 erat
2402 1082 2460 1135 ι’.
2507 1101 2525 1133 ι

2216 1170 2399 1243 794·
2442 1173 2924 1232 Ρηειετωίιιθηιοε
2968 1175 3134 1247 igitur
3176 1176 3231 1230 in
3282 1190 3338 1230 re
3378 1184 3484 1229 tam
3533 1175 3723 1229 frivola

2141 1262 2260 1317 sine
2288 1280 2451 1319 causa
2492 1277 2729 1333 certare,
2769 1269 2835 1323 ad
2872 1269 3000 1323 illud
3037 1269 3208 1339 magis
3244 1267 3546 1331 veniamus.
3578 1266 3724 1336 quod

2140 1352 2303 1406 etiam
2342 1354 2689 1412 emolumenti
2737 1358 2939 1427 aliquid
2983 1360 3154 1428 possit
3184 1357 3399 1421 aﬂ'erre,
3442 1372 3509 1412 ne
3551 1357 3723 1411 mole-

2141 1452 2223 1497 ste
2262 1442 2438 1497 lerant
2474 1446 2714 1500 nonnulli
2756 1446 3059 1512 audientes,
3101 1460 3221 1501 esse
3267 1455 3507 1499 sanctam
3543 1442 3719 1513 Virgi-

2142 1547 2264 1586 nem
2307 1533 2591 1600 Θεοτόκον,
2630 1552 2730 1591 nec
2761 1538 3160 1593 incredulitatis
3199 1536 3438 1591 Judaieae
3463 1551 3591 1591 suas
3621 1551 3722 1605 op-

2141 1624 2324 1694 pleaut
2350 1638 2580 1692 utentes,
2605 1628 2715 1683 imo
2738 1642 2867 1684 vero
2902 1630 3063 1684 etiam
3089 1630 3365 1701 paganica
3400 1628 3716 1699 impietatis.

2138 1714 2304 1771 Iud-ei
2349 1717 2547 1773 etenim
2596 1720 3053 1791 aggrediebantur
3102 1721 3375 1776 Christum
3422 1719 3716 1777 dicentes:

2145 1826 2165 1860 ς
2196 1807 2271 1863 De
2308 1809 2447 1865 bono
2472 1825 2635 1881 opere
2660 1828 2766 1868 non
2803 1813 3103 1884 lapidamus
3134 1823 3215 1878 te;
3247 1815 3342 1868 sed
3367 1814 3434 1868 de
3464 1813 3719 1882 blasphe-

462 1894 666 1949 nostra,
688 1886 738 1939 iu
771 1902 876 1955 quo
898 1887 1193 1944 clamamus
1222 1909 1235 1945 :
1262 1890 1413 1945 Abba
1438 1890 1597 1947 Pater
1618 1892 1661 1948 ‘.
1687 1912 1705 1945 ι
1743 1895 1832 1948 Ait
1854 1907 2031 1950 autem
2068 1888 2107 1944 Β
2138 1900 2266 1964 mia,
2295 1902 2433 1970 quod
2456 1918 2576 1955 cum
2600 1903 2678 1958 sis
2701 1904 2886 1967 homo,
2911 1904 3046 1960 facis
3069 1912 3121 1959 te
3155 1904 3319 1959 Deum
3341 1905 3406 1961 ¹³.
3442 1925 3461 1957 ι
3493 1906 3557 1960 At
3585 1920 3719 1959 vero

459 1983 514 2027 et
547 1973 665 2043 ipse
694 1975 941 2031 Salvator
973 1996 987 2030 :
1021 1997 1039 2031 ε
1073 1978 1298 2049 Expedit
1328 1980 1499 2047 vobis,
1531 1994 1587 2034 ut
1614 1998 1713 2051 ego
1736 1998 1887 2048 eam;
1914 2000 2035 2039 nam

460 2066 505 2117 si
544 2080 648 2118 uon
698 2066 904 2129 abiero.
949 2068 1263 2125 Paracletus
1315 2088 1419 2125 non
1466 2074 1644 2127 veniet
1678 2076 1745 2127 ad
1791 2091 1886 2130 vos
1925 2076 1965 2129 ⁷.
2012 2093 2034 2127 s

458 2152 683 2220 Oportet
707 2154 869 2225 igitur
892 2158 958 2211 ad
984 2160 1247 2215 rationem
1274 2162 1490 2230 pietatis
1512 2164 1691 2217 omnia
1718 2164 2033 2231 referentes,

453 2253 599 2295 certa
626 2245 955 2313 cogitatione
985 2249 1181 2303 sectari
1227 2270 1239 2303 :
1278 2251 1330 2305 id
1367 2251 1511 2306 enim
1557 2251 1816 2310 facientes
1854 2258 2034 2313 nobis-

454 2334 700 2403 metipsis
728 2337 964 2391 maxime
989 2340 1371 2407 protuerimus.

1048 2516 1199 2573 CAP.
1240 2518 1431 2575 XXVI.

553 2648 827 2709 υιυηιοᾱο
864 2651 1179 2721 intelligitur
1214 2654 1475 2721 Θεοτόκος
1518 2658 1676 2729 Virgo
1710 2675 1914 2717 sancta.

518 2775 713 2833 Natum
743 2789 823 2835 est
853 2783 1070 2851 quidem
1102 2786 1550 2846 inaestimabiliter
1582 2793 1817 2850 Verbum
1853 2797 1943 2851 Dei
1972 2810 2026 2855 et

448 2866 655 2932 Patris;
689 2882 742 2925 et
775 2875 889 2928 haec
916 2878 1195 2945 generatio
1236 2896 1452 2935 omnem
1484 2897 1701 2938 sensum
1742 2889 2027 2956 cogitatio-

448 2975 679 3029 nemque
715 2968 1070 3031 transcendit,
1107 2980 1159 3025 et
1191 2981 1273 3025 est
1305 2972 1628 3043 incorporali
1657 2989 1864 3035 natura:
1893 2997 2026 3037 eon-

444 3051 688 3105 veniens.
716 3052 1101 3113 Verumtamen
1146 3060 1198 3115 id
1242 3066 1383 3131 quod
1420 3077 1605 3119 natum
1641 3080 1747 3134 est,
1778 3074 2024 3140 proprius

444 3150 631 3208 partus
657 3144 977 3214 intelligitur
999 3149 1291 3216 Genitor-is,
1311 3163 1361 3207 el
1389 3156 1628 3225 ejusdem
1659 3175 1778 3214 cum
1811 3177 1876 3216 eo
1899 3166 2025 3219 sub-

444 3234 693 3299 stautize;
749 3236 977 3307 ideoque
1017 3243 1179 3296 etiam
1211 3243 1378 3300 Filius
1430 3250 1756 3313 nominatur,
1810 3257 2026 3311 nomine

444 3324 651 3379 scilicet
690 3328 961 3386 indicante
994 3336 1145 3402 quasi
1194 3351 1374 3390 veram
1418 3341 1799 3414 sinceramque
1830 3363 2024 3412 proge-

444 3412 621 3478 niem;
659 3416 751 3469 sed
782 3432 903 3472 cum
930 3421 1002 3475 sit
1026 3422 1180 3476 vivus
1211 3424 1264 3477 in
1296 3436 1559 3483 aeternum
1589 3412 1770 3497 Pater,
1804 3450 2027 3491 necesse

444 3513 550 3568 est,
581 3520 700 3555 eum
731 3522 945 3575 quoque
978 3511 1161 3567 vivere
1203 3515 1254 3568 iu
1282 3527 1567 3584 :nternum,
1615 3534 1832 3592 propter
1862 3543 2021 3596 quem

440 3602 526 3645 est
581 3592 759 3651 Pater.
812 3599 980 3667 Igitur
1032 3620 1050 3652 ι
1090 3603 1143 3657 ln
1199 3607 1464 3677 principio
1512 3622 1630 3665 erat
1664 3592 1918 3680 Verbum,
1969 3629 2023 3671 et

442 3683 586 3739 Deus
632 3698 749 3742 erat
807 3690 1061 3756 Verbum,
1109 3705 1162 3749 et
1210 3706 1327 3750 erat
1379 3702 1542 3754 etiam
1601 3701 1834 3761 Verbum
1879 3714 2019 3779 apud

446 3775 608 3829 Deum
642 3778 684 3841 ⁸,
718 3798 735 3829 r
775 3792 830 3832 ut
856 3784 1285 3851 sapientissimus
1325 3791 1660 3863 Evangelista
1697 3812 2022 3856 commemo-

443 3878 545 3917 rat.
594 3866 648 3919 In
688 3877 1151 3931 consummatione
1194 3891 1374 3933 autem
1423 3888 1743 3954 temporum,
1800 3903 2022 3961 propter

442 3974 543 4012 nos
571 3960 836 4022 homines.
871 3975 926 4018 et
966 3979 1188 4035 propter
1228 3982 1466 4028 nostram
1506 3979 1729 4033 salutem
1770 3982 2020 4039 incarna-

442 4062 555 4102 llllll
587 4061 688 4118 est,
732 4064 786 4107 et
818 4056 979 4109 homo
1019 4071 1101 4113 est
1148 4062 1384 4132 factum;
1434 4083 1537 4120 non
1583 4072 1833 4128 amittens
1876 4079 2045 4140 quod.

440 4152 582 4205 erat,
614 4144 705 4197 sed
742 4145 981 4200 retinens
1026 4148 1494 4209 iuconvertibilem
1540 4172 1689 4211 suam
1744 4174 2014 4228 naturam,

441 4240 496 4285 ct
525 4247 739 4301 semper
762 4235 811 4287 in
841 4237 1143 4294 divinitatis
1172 4244 1389 4315 fastigio
1420 4247 1770 4315 collocatam;
1800 4255 2018 4312 subiens

444 4334 624 4378 lauteu
658 4337 877 4395 propter
907 4344 1003 4383 nos
1038 4332 1433 4400 dispensntorie
1467 4339 2013 4412 exinanitatem;nec
2048 4382 2091 4435 Β
2120 4379 2247 4432 Corp

441 4414 773 4471 iuhouorans
824 4418 919 4489 [id
969 4435 1078 4486 est,
1129 4442 1229 4480 non
1282 4429 1624 4504 despiciens]
1680 4438 2010 4504 pauperiem,

435 4521 555 4573 qum
603 4507 848 4562 humanm
902 4522 1105 4567 natura:
1137 4519 1387 4571 convenit
1434 4538 1447 4572 :
1496 4537 1617 4575 nam
1656 4542 1673 4573 ι
1705 4541 1826 4578 cum
1872 4540 2013 4582 esset

434 4594 605 4657 dives,
635 4612 835 4665 pauper
860 4611 941 4654 est
977 4602 1170 4667 factus,
1203 4606 1342 4659 sicut
1371 4611 1629 4677 scriptum
1665 4622 1749 4667 est
1779 4634 1791 4668 :
1825 4627 1883 4669 ιιι
1913 4632 2012 4671 nos

433 4696 748 4752 paupertate
801 4690 919 4756 ejus
958 4692 1151 4747 divites
1200 4710 1440 4752 essemus
1492 4703 1531 4753 ε’.
1570 4722 1591 4754 ο
1657 4703 1876 4758 Factum
1930 4718 2012 4763 est

435 4777 598 4845 igitur
637 4777 817 4840 homo,
850 4792 905 4834 et
935 4786 1334 4851 generationem
1363 4806 1426 4843 ex
1456 4793 1677 4847 muliere
1695 4811 1913 4863 passum
1933 4799 2011 4852 di-

432 4866 590 4918 citur.
628 4865 790 4935 Igitur
818 4882 1098 4937 propterea
1126 4878 1266 4943 quod
1313 4894 1377 4932 ex
1413 4892 1595 4935 saneta
1637 4885 1851 4953 Virgine
1888 4905 2010 4945 vere

431 4956 533 5011 sibi
555 4960 846 5013 adunatum
871 4978 1064 5032 corpus
1092 4970 1398 5035 acceperit;
1437 4974 1558 5028 inde
1597 4978 1856 5032 Θεοτὸκον
1888 4996 2009 5035 esse

431 5045 661 5100 dicimus
705 5046 975 5117 Virginem
1020 5065 1286 5119 sanetam,
1327 5060 1451 5127 quia
1500 5062 1548 5114 id
1598 5067 1850 5134 humane,
1897 5072 2014 5125 sive

430 5138 727 5190 secundum
753 5156 970 5193 carnem
1004 5147 1233 5213 peperit,
1264 5148 1389 5204 licet
1414 5152 1637 5209 haberet
1660 5169 1784 5214 ante
1812 5164 2008 5218 smrula

429 5233 833 5296 generationem
866 5252 927 5289 ex
957 5234 1137 5291 Patre.

500 5317 719 5385 Opiuari
766 5334 943 5378 autem
997 5330 1284 5383 nonnullos
1330 5330 1565 5388 Verbum
1617 5338 1740 5393 hinc
1793 5342 2003 5398 initium

432 5408 599 5464 fuisse
632 5416 905 5481 sortitum,
952 5434 1073 5472 cum
1120 5420 1281 5477 homo
1316 5425 1387 5477 sit
1438 5425 1662 5491 factum,
1716 5433 2006 5501 impietatis

428 5511 512 5553 est
556 5502 861 5575 l'urorisque
910 5509 1301 5575 plenissimmu.
1358 5515 1461 5571 Eos
1508 5523 1704 5575 etenim
1749 5525 2005 5595 insipien-

431 5592 667 5651 tissimos
690 5613 830 5662 esse,
858 5604 1173 5657 monstravit
1206 5609 1316 5675 ipse
1339 5609 1585 5665 Salvator
1608 5615 1671 5666 de
1693 5632 1751 5671 se
1778 5619 1961 5675 dicens
1988 5642 2001 5678 :

495 5754 515 5784 ⁵
549 5754 711 5809 Hebr.
760 5774 840 5814 Ill.
888 5763 934 5812 Ι.

436 5816 472 5845 ’⁵
505 5822 661 5880 Juun.
708 5846 743 5890 I,
775 5829 860 5882 50.

1524 5774 1541 5801 ⁷
1582 5774 1733 5829 Joau.
1780 5795 1884 5836 xvi.
1921 5783 1971 5834 7.

1452 5842 1490 5872 "
1526 5845 1539 5896 ι
1581 5845 1703 5901 (Lor.
1739 5865 1776 5911 t,
1806 5851 1873 5904 ‘25

1013 5763 1032 5790 ⁸
1071 5763 1244 5818 Calai.
1283 5783 1352 5827 tv,
1395 5772 1444 5824 6.

942 5833 982 5861 ¹¹
1017 5831 1166 5885 JUJIt.
1205 5854 1249 5898 .\,
1283 5840 1366 5891 ζξῦ.

2141 1990 2235 2044 ﬁlii
2292 2008 2620 2062 paganorum
2674 1994 2933 2051 Ecclesiae
2978 2000 3231 2065 dogmata
3273 1996 3563 2060 derident,
3617 2011 3717 2049 au-

2137 2082 2345 2138 dientes
2372 2098 2437 2137 es
2464 2086 2687 2140 muliere
2714 2084 2881 2141 Deum
2926 2102 3046 2143 esse
3086 2089 3459 2158 progenitum;
3504 2090 3597 2144 sed
3637 2088 3743 2171 illi.

2136 2174 2351 2239 quidem
2386 2191 2497 2232 suae
2526 2178 2813 2235 dementiae
2852 2182 3088 2236 exedeut
3130 2181 3364 2245 fructus,
3399 2192 3454 2235 et
3492 2183 3715 2236 audient

2133 2282 2164 2320 a
2220 2270 2374 2325 nobis
2404 2288 2420 2324 :
2455 2289 2474 2322 ι
2506 2270 2716 2327 Stultus
2767 2272 2928 2328 stulte
2980 2273 3238 2343 loqmtur,
3295 2286 3350 2328 et
3402 2290 3497 2329 cor
3543 2275 3715 2341 ipsius

2134 2375 2267 2414 vana
2299 2361 2577 2433 intelliget.
2608 2382 2625 2414 ι
2670 2362 2850 2419 Nostri
2890 2366 3035 2419 euim
3089 2367 3331 2437 mysterii
3378 2367 3541 2429 ratio,
3582 2366 3713 2422 licet

2131 2450 2331 2509 ludatis
2372 2456 2445 2509 sit
2480 2456 2817 2521 scandalum,
2863 2459 3113 2527 gentibus
3148 2469 3326 2513 autem
3365 2460 3597 2514 stultitia
3623 2461 3707 2527 “;

2132 2544 2285 2599 nobis
2314 2554 2515 2612 tamen,
2561 2548 2705 2617 quod
2741 2549 2964 2614 scimus,
2992 2565 3119 2605 vere
3156 2562 3242 2605 est
3284 2551 3626 2616 admirabile,
3655 2564 3712 2607 et

2129 2632 2387 2700 salutare,
2418 2646 2473 2689 et
2506 2635 2883 2705 dignissimum
2911 2640 3057 2694 credi
3090 2658 3103 2695 :
3133 2650 3187 2695 et
3226 2642 3271 2696 si
3303 2651 3446 2697 esset
3486 2642 3713 2696 omnino

2128 2723 2437 2792 quisquam,
2465 2726 2554 2795 qui
2594 2728 2773 2783 dicere
2810 2732 3055 2796 auderet,
3102 2734 3241 2787 hanc
3273 2748 3495 2787 carnem
3535 2743 3707 2789 terre-

2128 2830 2249 2867 nam
2289 2817 2442 2871 nudan
2489 2819 2786 2875 divinitatis
2830 2822 2995 2877 fuisse
3048 2824 3387 2893 genitricem,
3443 2838 3497 2879 et
3540 2841 3604 2880 ex
3643 2842 3707 2881 ea

2126 2914 2371 2961 creatura
2419 2910 2566 2963 omni
2606 2911 2939 2979 superiorem
2994 2924 3171 2967 natam
3222 2914 3391 2969 fuisse
3431 2928 3704 2983 naturam,

2128 2995 2337 3051 insania
2372 2999 2421 3051 id
2461 3014 2606 3055 esset
2636 3012 2690 3056 et
2737 3002 2907 3055 l'nror.
2948 3001 3133 3072 Neque
3167 3007 3309 3058 enim
3360 3023 3426 3060 ex
3464 3019 3606 3062 terra
3627 3010 3706 3063 di-

2132 3087 2252 3140 vina
2280 3100 2361 3142 est
2393 3088 2535 3144 facta
2560 3102 2788 3156 natura;
2828 3109 2926 3148 nec
2963 3097 3313 3165 corruptibile
3347 3099 3708 3169 incorruptio-

2128 3178 2213 3232 nis
2247 3182 2395 3234 radix
2453 3197 2687 3251 unquam
2738 3182 2869 3249 fiet;
2916 3201 3014 3239 nec
3063 3188 3371 3243 mortalitas
3418 3194 3589 3258 pariet
3624 3193 3706 3246 vi-

2130 3277 2236 3322 tam
2266 3286 2281 3334 ;
2316 3285 2415 3325 nec
2445 3273 2692 3337 corporis
2722 3274 3018 3328 tractabilis
3069 3277 3407 3346 incorporale
3456 3279 3545 3333 lict
3574 3297 3701 3349 ger-

2128 3376 2286 3425 men;
2321 3378 2419 3417 nec
2464 3364 2761 3418 iuereatum
2800 3381 2827 3419 a
2877 3380 3061 3421 creato
3098 3381 3382 3437 nascetur;
3425 3387 3523 3444 nec
3556 3374 3699 3441 quod

2127 3451 2331 3519 absque
2360 3452 2533 3517 initio,
2569 3456 2634 3508 ab
2661 3469 2726 3509 eo
2750 3458 2891 3525 quod
2926 3459 3086 3512 habet
3112 3460 3344 3515 initium.

2199 3543 2395 3597 Verum
2440 3546 2700 3613 quoniam
2754 3547 2845 3601 Dei
2892 3548 3123 3603 Verbum
3164 3551 3317 3619 juxta
3368 3570 3464 3610 uos
3503 3557 3700 3611 factum

2125 3646 2243 3686 esse
2272 3633 2626 3701 aiIirmamus,
2661 3647 2713 3691 et
2743 3640 2943 3694 nostris
2972 3644 3291 3709 corporibus
3320 3661 3514 3715 corpus
3550 3664 3702 3703 sum-

2128 3723 2301 3790 psisse
2358 3726 2657 3791 consimile,
2712 3729 2875 3797 idque
2924 3731 3025 3784 sibi
3079 3735 3359 3789 verissime
3406 3740 3698 3803 adunasse.

2125 3827 2323 3868 arcana
2364 3817 2826 3890 inenarrabilique
2858 3827 3087 3889 ratione,
3120 3837 3173 3879 et
3198 3829 3278 3882 sic
3312 3830 3582 3885 hominem
3621 3833 3692 3886 fa-

2122 3914 2269 3957 ctum
2301 3908 2596 3961 carnaliter
2620 3921 2803 3966 natum
2835 3930 2978 3980 esste,
3008 3918 3135 3986 quid
3162 3919 3451 3975 absurdum
3485 3935 3589 3989 est,
3618 3925 3699 3979 vel

2124 3998 2266 4064 quod
2312 3999 2461 4052 eredi
2510 4015 2615 4055 non
2662 4003 2889 4061 debeat?
2929 4011 3063 4064 Cum
3113 4018 3413 4081 pra'sertim
3466 4018 3701 4077 hominis

2123 4087 2324 4153 anima,
2359 4098 2416 4143 ut
2444 4092 2744 4161 saepissime
2768 4098 3027 4166 diximus,
3063 4118 3186 4157 cum
3214 4106 3284 4159 sit
3328 4118 3533 4163 natura:
3563 4111 3698 4166 alte-

2120 4180 2234 4233 rins
2260 4192 2453 4249 prmter
2480 4199 2697 4254 corpus,
2730 4202 2983 4245 nascatur
3016 4204 3194 4250 tamen
3240 4214 3361 4253 cum
3399 4202 3536 4270 ipso,
3573 4219 3694 4258 cum

2120 4273 2191 4325 sit
2238 4272 2284 4326 ei
2332 4275 2587 4339 adunata,
2641 4294 2740 4333 nec
2781 4282 3081 4353 quisquam
3109 4288 3405 4345 arbitretur
3444 4304 3693 4348 naturam

2252 4367 2361 4419 oris
2396 4370 2591 4421 animm
2638 4371 2848 4428 initium
2899 4380 3142 4445 przehere
3182 4385 3536 4454 substantiae;
3598 4395 3691 4446 sed

2117 4455 2356 4508 imtuittit
2388 4460 2600 4524 quidem
2634 4462 2800 4531 ipsam
2834 4456 3451 4532 iumstimabiliterDeus
3486 4481 3539 4533 iu
3572 4498 3692 4536 cor-

2116 4562 2234 4613 pus,
2267 4559 2315 4599 et
2364 4564 2484 4602 cum
2539 4552 2651 4618 ipso
2691 4556 2855 4609 etiam
2902 4563 3179 4616 nascitur:
3212 4581 3373 4621 unum
3407 4579 3583 4625 tamen
3627 4592 3691 4629 ex

2116 4647 2343 4703 utroque
2374 4638 2571 4692 animal
2602 4642 2911 4708 deﬁnimus.
2946 4649 3213 4706 hominem
3260 4657 3487 4712 scilicet.
3528 4659 3691 4732 Igitur

2119 4725 2352 4781 Verbum
2395 4731 2611 4797 quidem
2661 4734 2801 4791 Deus
2851 4750 2991 4803 erat,
3038 4742 3240 4797 factum
3275 4759 3359 4801 est
3408 4725 3589 4805 autem
3638 4763 3691 4807 et

2120 4816 2301 4877 homo,
2338 4828 2388 4869 et
2412 4818 2535 4887 quia
2567 4832 2748 4875 natutn
2773 4836 2853 4879 est
2885 4830 3179 4882 secundum
3205 4847 3445 4897 carnem,
3476 4850 3693 4905 propter

2119 4906 2510 4963 humanitatem
2558 4917 2925 4971 necessarium
2970 4933 3075 4983 est,
3126 4936 3184 4976 ut
3220 4940 3340 4993 qua:
3384 4928 3557 4995 ipsum
3596 4946 3691 4996 pe-

2114 5002 2275 5069 perit,
2307 5005 2379 5053 sit
2408 5003 2700 5068 Θεοτόκοςε
2738 5026 2859 5062 nam
2884 5011 2927 5064 si
2958 5028 3061 5066 non
3094 5018 3299 5083 peperit
3328 5018 3516 5085 Deum,
3544 5036 3691 5077 certe

2120 5106 2217 5143 nec
2256 5092 2464 5144 dicetur
2513 5094 2671 5159 Dens,
2707 5098 2798 5165 qui
2834 5110 2919 5154 est
2958 5103 3024 5155 ab
3066 5104 3178 5171 ipsa
3226 5111 3575 5177 progenitus;
3607 5115 3687 5167 sin

2115 5196 2244 5233 vero
2278 5182 2441 5236 Deum
2478 5184 2649 5250 ipsum
2690 5189 2886 5243 divinae
2921 5190 3218 5261 Scriptura:
3251 5200 3551 5263 nominaut,
3598 5221 3688 5272 pe-

2116 5272 2251 5337 perit
2285 5273 2397 5340 ipsa
2447 5273 2611 5329 Deum
2656 5277 2927 5336 hominem
2973 5284 3195 5351 factum,
3227 5290 3489 5359 siquidem
3529 5296 3688 5350 homo

2113 5362 2270 5415 aliter
2311 5364 2425 5418 lieri
2474 5382 2577 5421 non
2627 5382 2827 5437 posset,
2882 5375 2982 5428 nisi
3036 5391 3129 5444 per
3176 5384 3580 5449 generationem
3622 5406 3682 5443 ex

2113 5454 2357 5507 muliere.
2393 5457 2673 5521 Quomodo
2708 5463 2873 5532 igitur
2903 5481 3007 5519 non
3038 5467 3129 5531 sit,
3170 5487 3288 5539 quae
3323 5474 3493 5543 ipsum
3522 5495 3684 5546 pepe—

2112 5543 2521 5611 τὶι,μΘεοτόκος⁴ἶ
2548 5550 2697 5617 Quod
2720 5566 2899 5608 autem
2938 5558 3076 5613 Deus
3106 5562 3176 5615 sit
3204 5579 3381 5630 verus,
3410 5570 3501 5638 qui
3523 5543 3685 5627 natus

2113 5631 2234 5686 inde
2260 5646 2361 5697 est,
2397 5652 2457 5691 ex
2491 5638 2671 5694 divina
2714 5643 2995 5713 Scriptura
3027 5648 3307 5707 discimus.

2050 5788 2068 5813 '
2103 5788 2257 5847 Jotu.
2299 5812 2331 5861 l,
2373 5798 2417 5850 l.
2496 5800 2514 5819 °
2548 5799 2584 5853 ll
2626 5802 2745 5855 Cor.
2785 5820 2897 5870 \‘ttt,
2943 5807 2992 5861 9.
3077 5812 3193 5845 ²⁰·¹¹
3227 5773 3381 5871 Joau.
3428 5834 3546 5885 vm,
3584 5821 3675 5876 58.
