4058 6328
325 450 448 505 ιιυι

899 564 1052 620 CAP.
1093 561 1308 617 XXVII.

849 679 1005 733 Dicta
1045 680 1110 733 de
1137 677 1374 735 Christo.

399 814 416 849 ι
449 796 585 851 Ecce
631 796 783 865 virgo
826 796 878 849 in
914 803 1068 849 utero
1110 792 1364 863 accipiet,
1404 803 1459 845 et
1492 787 1665 858 pariet
1706 786 1899 849 lilium,

320 899 371 942 et
418 889 689 943 vocabunt
730 903 926 942 nomen
957 885 1076 956 ejus
1118 883 1431 940 Emmanuel
1460 884 1527 936 ³⁵.
1564 901 1583 933 ι
1619 880 1901 948 Quomodo

319 994 451 1049 ergo
484 980 533 1033 id
566 978 706 1048 quod
745 990 930 1032 natum
965 991 1049 1032 est
1086 991 1153 1031 ex
1184 985 1370 1030 sancta
1408 973 1648 1044 Virgine,
1685 970 1903 1024 Etnma-

322 1072 441 1125 nuel
487 1072 817 1137 nominatur,
859 1086 981 1125 cum
1027 1068 1366 1133 Emmanuel,
1398 1076 1456 1120 ut
1502 1075 1629 1119 ante
1657 1063 1791 1123 disi,
1828 1060 1901 1115 si-

320 1164 542 1231 gniticet
592 1164 645 1218 in
698 1175 884 1218 nostra
934 1172 1126 1216 natura
1177 1169 1400 1230 preptcr
1447 1173 1673 1214 carnem
1735 1155 1902 1209 fuisse

321 1253 580 1321 Verbum,
629 1256 770 1325 quod
821 1267 906 1310 est
955 1253 1095 1309 Deus
1142 1270 1300 1308 verus
1337 1253 1404 1306 de
1453 1256 1559 1305 Deo
1593 1248 1762 1305 vero!
1794 1245 1900 1302 Sed

320 1349 495 1405 factus
531 1357 616 1403 est
646 1347 962 1403 Emmanuel
994 1366 1007 1402 :
1039 1346 1343 1404 exinanivit
1382 1332 1528 1399 enim
1557 1360 1616 1398 se
1643 1342 1710 1408 ¹⁸,
1739 1355 1902 1411 gene-

320 1442 583 1495 rationem
614 1450 859 1495 nostram
889 1450 947 1496 et
986 1438 1219 1494 similem
1250 1452 1460 1507 passus,
1495 1452 1559 1491 ac
1588 1436 1670 1491 sic
1716 1432 1902 1487 nobis.

317 1548 442 1587 cum
492 1541 841 1587 conversatus
892 1540 996 1587 est.
1040 1530 1181 1601 Ergo
1219 1537 1275 1583 et
1318 1529 1459 1583 Deus
1512 1527 1563 1581 in
1611 1540 1806 1590 carne,
1847 1534 1902 1579 et

315 1622 580 1687 Θεοτόκος
606 1638 731 1677 vere
757 1633 841 1677 est
882 1638 1001 1693 quae
1030 1638 1153 1677 eum
1185 1620 1501 1686 carnaliter,
1546 1620 1662 1675 sive
1701 1633 1899 1674 secun-

317 1716 449 1773 dum
480 1730 700 1771 carnem
740 1717 1042 1788 generavit.

879 1829 1031 1884 CAP.
1090 1824 1329 1883 XXVIII.

1010 1938 1195 1994 Aliud.

395 2074 413 2107 ι
444 2054 715 2123 Quoniam
755 2068 948 2108 omnes
987 2052 1185 2108 stolam
1232 2051 1356 2106 dolo
1384 2059 1796 2122 congregatam,
1845 2060 1901 2105 et

312 2150 697 2203 vestimentum
734 2163 858 2201 cum
908 2146 1333 2202 commutatione
1382 2156 1666 2215 reponcut,
1706 2154 1761 2199 et
1808 2159 1901 2197 vo-

311 2242 447 2305 lent,
476 2243 523 2295 si
567 2239 796 2301 inissent
839 2238 926 2292 isti
979 2238 1280 2304 combusti;
1331 2238 1589 2307 quoniam
1637 2236 1898 2307 parvulus

310 2342 475 2388 natus
521 2342 607 2386 est
658 2330 835 2393 nobis,
876 2339 929 2384 ct
980 2330 1122 2383 illius
1171 2328 1333 2384 datus
1375 2338 1458 2383 est
1512 2329 1692 2394 nobis,
1742 2329 1900 2398 cujus

311 2426 651 2497 principatus
701 2424 878 2479 factus
912 2434 995 2477 est
1028 2422 1080 2475 in
1128 2422 1357 2476 humero
1400 2421 1538 2489 ejtts,
1585 2430 1638 2474 et
1674 2430 1901 2474 vocatur

313 2534 509 2574 nomen
537 2517 651 2587 ejus
676 2518 855 2587 magni
884 2513 1099 2571 consilii
1133 2512 1358 2567 nuntius
1384 2514 1449 2567 ".
1482 2531 1501 2565 ι
1535 2512 1729 2576 Audis,
1754 2513 1898 2582 quod

313 2624 449 2679 puer
483 2610 793 2664 nominatus
826 2608 920 2673 sit,
950 2605 1207 2678 quodque
1239 2605 1649 2676 generationem
1682 2606 1753 2660 sit
1793 2620 1898 2659 no-

310 2711 439 2756 stra:
485 2702 718 2756 similem
761 2714 973 2770 passus.
1022 2700 1096 2754 At
1129 2711 1252 2752 eum
1290 2712 1519 2768 puerum
1558 2697 1759 2752 cmlum
1804 2710 1899 2766 per

310 2794 523 2849 stellam
556 2793 914 2848 clarissimam
942 2791 1235 2857 indicavit;
1265 2792 1405 2861 magi
1436 2791 1805 2845 adoravcrunt
1829 2806 1895 2844 ex

310 2884 517 2939 ultimis
554 2894 712 2938 terra:
734 2884 998 2938 limitibus
1034 2884 1430 2949 adventantes;
1458 2882 1632 2953 angeli
1665 2883 1897 2951 pastori-

310 2976 411 3030 bus
438 2974 908 3046 evangelizabant,
950 2974 1290 3027 Salvatorem
1325 2990 1445 3028 esse
1486 2983 1667 3027 natum
1708 2975 1895 3027 dicen-

310 3078 418 3130 tes,
450 3078 506 3122 et
532 3082 719 3136 pacem
755 3080 853 3122 nec
885 3082 991 3121 non
1025 3068 1192 3122 etiam
1223 3067 1399 3121 Patris
1429 3068 1624 3121 bonam
1651 3070 1899 3123 volunta-

310 3169 418 3214 tem
458 3161 888 3214 annuntiantes:
931 3178 949 3212 ι
983 3158 1083 3214 Est
1116 3161 1292 3230 tnagni
1331 3161 1544 3215 consilii
1592 3161 1839 3215 nuntius.
1872 3180 1892 3214 ι

1236 446 1529 503 SCIIOIJA
1570 444 1657 499 DE
1693 438 2212 498 INUARNATIONE
2248 433 2621 494 UNIGENITI.

1929 561 1984 619 Δ
2009 565 2093 611 est
2126 554 2473 612 benedictum
2508 551 2561 607 iu
2608 558 2773 605 terra.
2807 544 3051 603 Observa
3083 549 3262 596 autem
3298 536 3445 607 quod
3480 551 3608 607 pro-

3469 418 3487 472 I
3502 415 3607 472 ιοξ

2006 647 2181 718 priam
2217 647 2462 702 nominet
2494 653 2754 708 matrem,
2796 652 2918 709 quae
2945 652 3104 693 suum
3137 630 3350 703 peperit
3378 643 3603 697 corpus.

2005 740 2149 810 Ergo
2192 739 2237 795 si
2284 739 2455 793 Deum
2494 750 2682 790 verum
2729 747 2793 787 se
2830 744 2954 785 esse
3000 726 3308 797 cognoscit,
3346 723 3435 778 illa
3483 726 3607 791 qua:

2003 851 2132 891 eum
2160 833 2459 891 carnaliter
2488 830 2720 901 peperit,
2751 824 3016 886 Θεοτόκος
3043 821 3265 884 dicitur,
3299 825 3355 873 et
3383 814 3604 887 quidem

2007 928 2306 984 rectezsin
2355 938 2485 980 vero
2536 936 2641 976 non
2686 928 2770 975 est
2826 918 2994 981 Deus,
3028 914 3079 968 id
3132 912 3278 982 quod
3320 908 3606 969 audacter,

2008 1020 2119 1074 imo
2141 1018 2323 1087 potius
2346 1013 2616 1071 scelerate
2639 1007 2884 1067 nommlli
2906 1006 3172 1067 sentiunt,
3199 1001 3407 1071 privari
3438 1011 3606 1066 opor-

2009 1120 2088 1166 tet
2123 1112 2294 1179 ipsam
2334 1105 2614 1176 Virginem
2644 1113 2892 1161 sanctam
2926 1099 3031 1155 hoc
3077 1095 3298 1153 nomine
3328 1107 3438 1164 quo
3470 1090 3606 1145 Θεο-

2006 1203 2167 1265 τόκος
2198 1215 2326 1257 esse
2374 1200 2608 1254 dicatur.

2606 1325 2759 1385 CAP.
2800 1320 3001 1380 XXIX.

2008 1470 2164 1538 Quod
2197 1469 2337 1524 Deus
2369 1466 2677 1521 nominatur
2698 1472 2745 1517 et
2775 1462 2933 1515 homo
2965 1470 3229 1527 apparens
3264 1449 3608 1523 Unigenitus.

2077 1606 2337 1662 Salomon
2389 1603 2465 1655 ait
2519 1612 2687 1653 orans
2716 1638 2730 1652 .
2771 1615 2789 1648 ι
2826 1595 2893 1650 Ει
2939 1606 3123 1656 nunc,
3182 1587 3412 1644 Domine
3465 1585 3608 1640 Deus

2006 1698 2195 1762 Israel,
2232 1693 2493 1750 credibile
2527 1693 2621 1745 liat
2654 1689 2880 1744 verbum
2912 1696 3087 1748 tuum,
3131 1682 3276 1752 quod
3308 1681 3521 1735 locutus
3549 1694 3609 1733 es

2005 1808 2174 1861 puero
2205 1799 2298 1846 tuo
2330 1785 2521 1841 David.
2567 1784 2783 1852 Ergone
2804 1777 3068 1835 credibile
3103 1786 3186 1831 est
3211 1774 3357 1846 quod
3391 1772 3610 1828 habita-

1931 1911 1973 1966 Β
2006 1885 2083 1938 vit
2109 1883 2253 1937 Dens
2274 1895 2397 1935 cum
2427 1875 2746 1931 hominibus
2781 1872 2833 1926 in
2862 1880 3008 1925 terra
3025 1867 3114 1921 "?
3142 1886 3161 1918 ι
3194 1864 3607 1928 Animadverte,

2004 1975 2148 2046 quod
2180 1973 2408 2027 miretur
2436 1967 2601 2024 Verbi
2635 1962 3073 2020 incarnationem
3104 1976 3118 2012 :
3156 1958 3427 2013 habitavit
3452 1972 3610 2009 nant-

2002 2082 2109 2137 que
2141 2081 2264 2121 cum
2294 2062 2607 2119 hominibus
2631 2058 2682 2112 in
2712 2066 2879 2120 terra,
2908 2068 3032 2107 cum
3062 2053 3225 2106 homo
3256 2059 3342 2103 est
3372 2046 3606 2111 factum,

2005 2177 2091 2217 res
2124 2159 2269 2214 enim
2295 2153 2633 2215 incredibilis
2674 2149 2985 2204 videbatur.
3024 2142 3285 2213 Alioquin
3331 2139 3607 2209 quomodo

2011 2250 2434 2321 idtpraecipnum
2467 2243 2726 2314 quiddam
2766 2242 2856 2307 sit,
2902 2237 2989 2293 vel
3026 2235 3299 2306 quomodo
3349 2234 3403 2287 id
3438 2231 3608 2285 mira-

2005 2346 2153 2400 tione
2186 2342 2431 2411 dignum,
2467 2352 2591 2391 cum
2630 2335 2773 2388 Deus
2812 2333 2881 2387 ab
2922 2331 3028 2393 his,
3064 2344 3187 2399 qua:
3236 2327 3352 2396 ipse
3382 2338 3609 2379 creave—

2002 2438 2094 2501 rit,
2138 2450 2246 2489 nou
2291 2429 2559 2494 discedat,
2595 2427 2785 2482 fovens
2817 2440 2881 2479 ea
2919 2422 3154 2484 scilicet,
3184 2428 3239 2474 et
3275 2433 3338 2472 ea
3388 2416 3609 2484 quidem

2004 2527 2314 2590 continens,
2352 2537 2473 2594 qua:
2502 2522 2615 2591 jam
2654 2520 2797 2573 facta
2841 2526 3009 2577 sunt;
3044 2528 3108 2568 ea
3139 2525 3273 2567 vero
3314 2523 3439 2581 quae
3469 2523 3611 2562 non-

2002 2621 2131 2675 dum
2182 2618 2323 2672 facta
2376 2624 2539 2678 sunt,
2588 2611 2824 2667 creans‘!
2861 2606 3185 2663 Miraculum
3235 2614 3418 2657 autem
3475 2599 3606 2655 vere

2003 2712 2362 2784 przccipuum,
2400 2705 2543 2777 quod
2571 2705 2623 2759 in
2661 2714 2806 2759 terra
2836 2717 2964 2758 cum
2995 2697 3313 2756 hominibus
3344 2694 3613 2749 habitarit

2003 2808 2168 2863 homo
2215 2805 2395 2857 factus
2446 2800 2608 2865 Deus,
2662 2798 2815 2867 juxta
2861 2793 3259 2866 promissioncs
3298 2788 3409 2859 jam
3451 2796 3611 2841 antea

2002 2900 2158 2954 datas
2197 2896 2385 2951 divino
2422 2893 2628 2955 David;
2664 2891 2934 2958 scriptum
2979 2894 3068 2942 est
3108 2884 3258 2939 enim
3296 2901 3308 2936 :
3343 2901 3362 2932 ι
3398 2878 3615 2934 Juravit

2002 2988 2267 3045 Dominus
2330 2984 2497 3039 David
2556 2983 2886 3046 veritatem,
2961 2989 3017 3033 et
3077 2992 3185 3031 non
3252 2972 3614 3028 lrustrabitur

2002 3097 2123 3137 eam
2146 3079 2212 3132 “.
2248 3098 2267 3130 ν
2306 3074 2448 3143 Quid
2493 3085 2679 3127 autem
2715 3070 2963 3140 juravit?
2998 3087 3017 3120 ι
3053 3067 3127 3122 De
3185 3066 3364 3120 fructu
3398 3062 3610 3117 ventris

2006 3177 2082 3230 tui
2143 3186 2339 3243 ponam
2387 3184 2555 3238 super
2600 3166 2784 3222 sedem
2845 3173 2995 3217 tuam
3020 3162 3088 3214 ³⁷.
3122 3178 3143 3211 ι
3199 3158 3266 3213 Ει
3312 3172 3444 3211 vero
3493 3153 3608 3217 ille,

314 3249 681 3305 Manifestavit
726 3251 930 3305 etenim
983 3252 1141 3305 nobis
1182 3251 1361 3307 Patris
1404 3251 1756 3317 voluntatem,
1809 3253 1893 3308 cui
1925 3258 1967 3316 C
2002 3265 2252 3336 quamvis
2285 3262 2633 3325 credidisset,
2672 3256 2817 3326 quod
2888 3268 3168 3321 nunquam
3214 3251 3449 3316 abneget
3487 3260 3613 3314 pro-

314 3361 334 3395 σ
367 3342 418 3396 in
453 3356 519 3396 eo
553 3342 880 3412 complacuit
906 3341 1094 3397 orbem
1138 3343 1351 3397 salvare
1388 3354 1655 3397 terrarum
1681 3344 1747 3407 “',
1783 3364 1802 3395 ι
1842 3354 1897 3398 et

310 3451 406 3504 per
440 3438 613 3505 ipsum
665 3446 721 3490 et
765 3435 819 3490 in
867 3437 985 3505 ipso
1034 3435 1295 3489 mundum
1342 3436 1444 3489 sibi
1493 3436 1893 3490 reconciliare:

308 3528 528 3583 Christo
555 3528 700 3582 enim
733 3526 1090 3592 reconciliati,
1128 3528 1235 3582 Deo
1262 3544 1449 3581 sumus
1473 3528 1807 3583 reconciliati
1831 3530 1896 3595 ",

314 3619 455 3673 Deus
485 3629 569 3673 est
609 3620 753 3673 enim
786 3633 912 3673 vere
948 3618 1117 3673 Filius
1167 3619 1259 3672 Dei
1290 3629 1343 3673 et
1382 3620 1579 3675 Patris.
1613 3620 1896 3685 Quodnam

313 3711 480 3777 igitur
522 3709 589 3763 sit
627 3709 804 3763 Patris
833 3710 1145 3775 consilium,
1178 3710 1336 3776 cujus
1369 3688 1526 3764 nobis
1558 3712 1720 3764 Itlt’l'll
1754 3727 1896 3764 nun-

315 3799 444 3865 tius,
485 3799 601 3870 ipse
633 3799 850 3854 docebit
898 3800 1128 3854 dicens:
1169 3818 1187 3851 ι
1222 3797 1295 3853 ita
1330 3799 1477 3853 enim
1525 3800 1718 3855 dilexit
1757 3800 1899 3856 Deus

315 3887 599 3951 mundum,
651 3896 707 3940 ut
754 3885 951 3939 Filium
999 3903 1157 3941 suum
1211 3890 1548 3957 unigenitum
1600 3892 1776 3957 daret,
1842 3900 1901 3945 ut

311 3976 493 4030 omnis
526 3975 619 4045 qui
654 3976 829 4030 credit
868 3976 920 4030 in
955 3977 1152 4046 ipsum,
1181 3995 1285 4032 non
1318 3989 1528 4049 pereat,
1564 3984 1659 4035 sed
1704 3984 1901 4037 habeat

315 4069 479 4121 vitam
510 4068 853 4123 (etet-nam“.
889 4088 906 4120 ι
937 4068 1103 4123 Filius
1140 4082 1321 4125 autem
1355 4074 1664 4141 unigenitns
1701 4076 1789 4130 ille
1818 4086 1903 4130 cst

312 4160 406 4228 qui
450 4169 536 4213 est
567 4175 632 4213 ex
667 4170 853 4213 sancta
884 4158 1107 4229 Virgine
1142 4171 1468 4229 procreatus
1500 4181 1514 4217 :
1549 4165 1723 4232 ipsum
1754 4167 1901 4220 enim

316 4250 555 4307 Verbum
578 4252 736 4305 homo
757 4251 981 4315 factum,
1002 4254 1144 4322 quod
1167 4252 1266 4307 fuit
1288 4252 1428 4310 Deus
1447 4255 1500 4309 in
1525 4271 1713 4322 carne,
1742 4275 1803 4312 ac
1825 4260 1904 4312 sie

319 4345 549 4399 terrenis
583 4345 852 4413 apparuit.
893 4343 1138 4413 Denique
1168 4346 1383 4400 diccbat
1410 4365 1424 4401 :
1462 4366 1478 4399 ι
1510 4346 1614 4413 Qui
1644 4350 1821 4403 credit
1848 4350 1901 4403 in

318 4453 424 4504 me,
456 4437 616 4490 habet
638 4437 803 4490 vitam
836 4447 1095 4492 mternam
1120 4438 1186 4493 “.
1223 4458 1242 4491 ι
1274 4438 1426 4504 Quod
1457 4455 1582 4493 vero
1607 4457 1703 4509 per
1729 4441 1900 4508 ipsum

316 4542 370 4584 et
403 4532 454 4584 in
488 4531 601 4598 ipso
630 4531 919 4584 credamus
943 4527 1114 4595 Patri,
1149 4532 1460 4601 explanavit
1489 4534 1711 4590 dicens:
1753 4553 1770 4586 ι
1802 4536 1902 4602 Qui

2006 3358 2323 3414 miSsionem
2357 3357 2501 3410 Deus
2539 3349 2909 3420 otnnipotens,
2951 3356 3128 3400 tamen
3174 3343 3351 3412 ipsum
3385 3353 3615 3411 genera-

2006 3451 2169 3507 tionis
2196 3449 2375 3503 locum
2412 3445 2683 3502 curiosius
2715 3440 3058 3510 inquirebat,
3094 3437 3327 3505 ideoque
3359 3433 3611 3486 dicebat:

2011 3565 2029 3597 ι
2062 3544 2118 3598 Si
2160 3536 2461 3598 ascendere
2510 3550 2676 3607 super
2723 3535 2924 3589 lectmn
2975 3530 3130 3584 strati
3168 3527 3298 3594 mei,
3336 3526 3380 3579 si
3411 3524 3615 3579 dedero

2005 3649 2258 3689 somnum
2301 3628 2478 3685 oculis
2518 3626 2675 3689 meis,
2716 3634 2810 3677 ant
2856 3620 3131 3690 palpebris
3166 3618 3303 3672 meis
3342 3616 3614 3670 dormita-

2006 3727 2232 3787 tionem,
2267 3732 2362 3775 aut
2394 3719 2637 3789 requiem
2669 3716 3008 3785 temporibus
3051 3712 3212 3775 meis,
3250 3710 3428 3764 donec
3457 3708 3613 3762 inve-

2006 3818 2151 3871 niam
2185 3814 2361 3875 locum
2400 3812 2652 3875 Domino,
2693 3806 3105 3863 tabernaculum
3144 3805 3254 3858 Deo
3284 3800 3457 3857 Jacob
3478 3800 3549 3853 ".
3587 3818 3610 3851 ι

2008 3908 2214 3962 Deinde
2255 3921 2378 3959 cum
2427 3902 2476 3957 id
2506 3916 2725 3972 quoque
2778 3915 2873 3967 per
2916 3898 3170 3967 spiritum
3205 3895 3525 3964 reperissct,
3559 3902 3617 3946 et

2005 3998 2245 4055 carnalis
2289 3994 2657 4068 generationis
2699 3990 2978 4062 Unigeniti
3018 3989 3199 4043 locum
3236 3986 3611 4058 cognovisset,

2006 4091 2419 4160 evangelizabat
2489 4099 2544 4142 et
2605 4085 2823 4140 dicebat
2874 4103 2887 4139 :
2945 4102 2964 4135 ι
3009 4082 3329 4136 Audivimus
3378 4095 3498 4133 eam
3561 4084 3613 4136 in

2008 4185 2273 4254 Ephrata,
2305 4202 2323 4235 ι
2364 4182 2415 4235 id
2440 4191 2543 4247 est,
2578 4181 2629 4233 in
2665 4179 2984 4244 Bethleem;
3022 4196 3041 4227 ι
3070 4174 3378 4230 invenimus
3410 4190 3531 4229 eam
3561 4176 3614 4229 in

2007 4276 2216 4346 campis
2244 4276 2395 4329 silva:
2415 4275 2483 4328 ’⁸.
2522 4294 2540 4325 ι
2588 4274 2744 4341 Quod
2781 4286 2909 4327 vero
2936 4271 3125 4327 dicens
3149 4271 3408 4339 Ephrata,
3438 4270 3614 4338 signi-

2010 4370 2135 4424 licet
2183 4368 2461 4421 Bethleem
2494 4407 2508 4431 ,
2556 4366 2821 4435 propheta
2873 4362 3253 4431 comprobavit
3300 4379 3314 4415 :
3369 4382 3387 4413 ι
3420 4362 3485 4415 Et
3519 4374 3613 4425 tu,

2011 4458 2311 4520 Bethleem,
2341 4457 2533 4511 domus
2567 4456 2803 4525 Ephrata
2837 4455 2902 4509 ³⁸.
2938 4474 2955 4508 ι
2996 4453 3237 4509 Observa
3267 4462 3449 4506 autem
3486 4468 3617 4521 quo-

2012 4551 2173 4605 modo
2210 4564 2359 4611 eum,
2395 4563 2558 4617 quem
2598 4548 2912 4604 crediderat
2939 4557 3187 4602 creatum
3208 4546 3365 4615 juxta
3420 4560 3520 4599 nos
3558 4546 3613 4599 in

316 4625 497 4679 cred“
522 4625 574 4677 i"
617 4638 721 4687 me!
752 4639 857 4676 “0"
884 4624 1060 4677 cred“
1091 4624 1143 4678 i"
1170 4639 1276 4689 me,
1312 4626 1405 4679 ⁵θά
1435 4626 1486 4679 ίυ
1517 4641 1639 4680 eum
1673 4628 1762 4694 qui
1797 4628 1899 4681 ηιίο
1938 4638 1980 4692 Ι)
2007 4642 2270 4712 Ephrata,
2323 4640 2490 4695 Deum
2534 4640 2704 4696 .Iacnb
2758 4640 3021 4703 nominet,
3080 4639 3239 4709 cujus
3291 4638 3617 4692 inltabitatiu

315 4717 389 4769 sit
432 4731 517 4769 me
538 4717 618 4781 ”;
650 4735 668 4767 ι
702 4724 755 4767 ct
789 4733 801 4768 :
842 4734 859 4765 ι
894 4713 995 4782 Qui
1025 4715 1158 4769 vidit
1191 4730 1297 4781 me,
1350 4717 1482 4771 vidit
1515 4733 1640 4772 eum
1672 4719 1761 4787 qui
1801 4722 1900 4773 tui-

314 4809 382 4863 si'
420 4825 504 4860 tne
528 4808 593 4860 ’³.
627 4827 644 4859 ι

390 4917 409 4950 ι
441 4900 636 4953 Audite
680 4915 787 4962 me,
828 4898 1039 4963 insula},
1087 4909 1140 4954 et
1191 4901 1473 4967 attendite,
1519 4913 1729 4972 gentes.
1778 4905 1907 4962 Post

318 4991 545 5047 mnltmn
598 4994 857 5062 temporis
888 4994 1074 5057 stabit,
1110 4993 1240 5047 dicit
1283 4994 1580 5064 Dominus;
1629 5012 1693 5052 ex
1749 5010 1905 5055 utero

317 5085 512 5139 matris
555 5088 830 5140 vocabunt
874 5101 1069 5140 nomen
1110 5101 1286 5139 meum
1312 5087 1379 5141 “.
1416 5106 1435 5140 ι
1482 5089 1618 5143 (lum
1666 5089 1902 5148 Verbmn

315 5178 386 5231 sit
415 5174 581 5239 Deus,
608 5192 713 5231 non
741 5177 1013 5246 ignoravit
1035 5180 1179 5247 quod
1205 5180 1610 5246 generationem
1642 5183 1902 5250 patietur,

316 5284 385 5324 ex
419 5268 649 5322 muliere
690 5269 1031 5324 incarnatum
1065 5281 1287 5338 prepter
1320 5285 1418 5325 nos
1469 5270 1688 5328 Sciebat
1724 5286 1903 5331 autem

318 5362 464 5429 quod
511 5360 797 5415 vocabitur
849 5361 1103 5416 Christus
1146 5361 1303 5416 lesus
1353 5378 1381 5416 a
1433 5372 1544 5420 ι.)υο
1600 5379 1653 5420 et
1708 5365 1904 5433 fatre;

317 5452 574 5508 omnibus
618 5453 778 5509 nobis
812 5469 1007 5509 novum
1037 5453 1135 5509 ﬁlii
1171 5471 1369 5509 nomen
1403 5459 1723 5527 praedicans,
1761 5466 1905 5531 quod

393 5678 436 5710 "
472 5677 573 5731 lsa.
620 5690 715 5735 vlt,
751 5676 836 5738 l4,
862 5675 1013 5741 juxta
1055 5673 1243 5730 Matth.
1280 5688 1333 5730 et
1370 5677 1555 5741 Cyrilli
1588 5680 1894 5739 lectionem.

321 5747 531 5802 Coloss_
572 5764 611 5804 ι,
642 5746 731 5799 9,0,
816 5749 857 5778 "
890 5745 1044 5798 Itoni.
1075 5762 1124 5798 v.
1156 5748 1241 5801 10.
1320 5751 1365 5779 ⁵⁸
1403 5745 1561 5804 Joan.
1589 5768 1669 5811 ut.
1708 5756 1790 5810 l6.

705 5888 746 5919 ³³
776 5887 933 5945 .‘Itth.
972 5904 1021 5947 v,
1055 5889 1108 5941 ἓ.

327 5891 368 5922 ²⁹
400 5893 529 5947 tbtd.
565 5891 623 5945 6.
705 5890 746 5919 δ’
776 5890 933 5945 .‘lttlt.
972 5904 1021 5947 ν.
1055 5890 1108 5941 '2.
1190 5893 1230 5918 "‘
1273 5890 1412 5945 l'sal.
1462 5908 1601 5957 λιιι,
1645 5896 1725 5949 10.

1970 5690 2012 5759 ξε
2044 5689 2273 5759 Philipp.
2322 5709 2381 5755 II,
2417 5694 2467 5747 7.

610 5757 731 5829 ιευῗ.
816 5757 1253 5829 χχιιςιιιιί-νῃιυλ
1320 5757 1790 5829 "_.loan.n_t,_l6.
1872 5758 1912 5788 ²¹
1956 5757 2112 5813 Joau.
2164 5757 2355 5820 0,47.

325 5835 467 5897 sius,
497 5816 984 5897 _I,thtx.l:.i__l.¥.\'.
1018 5817 1084 5897 ³δί
1126 5816 1164 5869 ll
1201 5818 1453 5897 I’nt'nltp.
1511 5836 1583 5885 Vl,
1622 5823 1704 5897 17,
1764 5828 1913 5897 juxta
1954 5829 2115 5887 Lxx‘

2013 4734 2114 4787 fuit
2150 4734 2201 4785 in
2236 4732 2592 4785 tabernaculo
2625 4750 2639 4787 :
2670 4733 2741 4786 ibi
2774 4732 2922 4785 enim
2959 4732 3174 4801 peperit
3201 4728 3390 4784 Jesum
3419 4737 3613 4781 sancta

2018 4826 2202 4895 Virgo.

2084 4917 2339 4973 Nominat
2370 4926 2549 4972 autem
2582 4930 2706 4969 eum
2734 4923 2791 4968 et
2823 4913 2951 4967 alibi
2993 4913 3162 4967 Deum
3206 4914 3483 4967 Abraham
3522 4915 3603 4966 di-

2012 5025 2145 5065 cens
2179 5029 2191 5064 :
2227 5029 2243 5061 I
2278 5010 2559 5077 Principes
2589 5006 2911 5077 populorum
2955 5006 3274 5075 congregati
3321 5015 3449 5059 sunt
3493 5021 3617 5057 cum

2015 5103 2125 5157 Deo
2168 5102 2442 5159 Abraham
2472 5101 2539 5153 ³¹.
2580 5120 2597 5152 ι
2632 5100 2778 5153 Pene
2813 5099 2958 5153 enim
3014 5100 3213 5152 mentis
3259 5113 3369 5151 sum
3420 5094 3615 5161 oculis,

2018 5209 2113 5263 per
2137 5193 2587 5247 illuminationem
2608 5192 2846 5261 Spiritus
2869 5191 3072 5253 sancti,
3099 5190 3408 5244 futurorum
3432 5192 3621 5245 scien-

2020 5286 2089 5338 tia
2135 5286 2405 5350 eruditus,
2443 5286 2717 5355 principes
2760 5285 3108 5356 populorum,
3160 5288 3211 5339 id
3259 5296 3363 5349 est,
3398 5296 3617 5339 sanctos

2018 5369 2297 5445 apostolus
2338 5380 2389 5432 iu
2445 5379 2654 5432 Domini
2705 5380 2876 5433 nostri
2922 5379 3054 5435 .Iesu
3101 5380 3304 5434 Christi
3356 5381 3617 5434 cernebat

2018 5470 2301 5541 obsequio.
2347 5471 2481 5527 Cum
2521 5470 2687 5543 igitur
2723 5491 2742 5524 ι
2774 5470 2919 5527 Deus
2958 5473 3235 5527 Abraham
3272 5492 3288 5523 ι
3323 5484 3377 5527 ct
3418 5492 3435 5523 ι
3471 5470 3617 5527 Deus

2588 5696 2629 5725 ¹⁷
2672 5694 2771 5751 lsa.
2817 5711 2895 5757 χι,
2939 5693 2993 5759 5,
3024 5692 3258 5759 (i,juxta
3297 5690 3463 5745 LXX.
3570 5690 3617 5726 ⁸⁸

2436 5768 2480 5796 ¹²
2513 5764 2669 5820 .luan.
2713 5782 2808 5830 ιιι,
2846 5765 2933 5820 ill.
3014 5766 3058 5795 ³³
3095 5766 3225 5819 ibid.
3257 5764 3344 5817 45.
3427 5764 3474 5795 ³⁵
3510 5763 3614 5818 Isa.

2198 5834 2241 5865 “
2269 5833 2411 5889 I‘sal.
2450 5852 2634 5899 tzxxxt,
2678 5838 2760 5892 Il.
2878 5839 2919 5870 ’τ
2966 5837 3095 5892 ibid.
3213 5837 3257 5867 ²¹¹
3319 5836 3451 5893 ibid.
3494 5835 3530 5893 5
