4058 6328
539 406 672 463 ιιιιδ

536 620 703 677 quare
730 623 833 659 non
857 606 929 661 sit
958 605 1119 676 Virgo
1143 614 1328 658 sancta
1368 602 1664 667 Θεατόκοςῖ

1130 731 1283 789 CAP.
1334 731 1503 787 XXX.

1229 867 1407 920 Aliud.

610 982 876 1050 PrOpheta
928 981 1174 1036 Habaeuc
1207 997 1221 1035 :
1260 999 1279 1032 ι
1310 978 1564 1041 Domine,
1610 976 1817 1047 inquit,
1868 977 2104 1031 inandivi

538 1073 777 1128 auditum
812 1084 982 1132 tuum.
1010 1081 1064 1125 et
1114 1071 1292 1126 timui.
1327 1069 1676 1124 Consideravi
1704 1083 1865 1137 opera
1896 1079 2007 1133 tua,
2053 1076 2108 1122 et

539 1165 750 1232 expavi.
788 1162 842 1216 In
884 1163 1060 1216 medio
1101 1164 1329 1215 duorum
1373 1161 1683 1214 animalium
1721 1159 2102 1227 cognosceris:

541 1254 595 1307 in
632 1254 917 1306 adventum
953 1253 1207 1319 temporis
1244 1251 1547 1305 ostenderis
1585 1250 1728 1303 ineo
1758 1266 1771 1303 ε
1806 1250 1931 1301 dum
1974 1263 2106 1300 eon-

543 1345 752 1399 turbata
792 1344 952 1396 fuerit
991 1344 1169 1396 anima
1199 1358 1338 1403 mea,
1374 1342 1426 1395 in
1459 1340 1963 1394 irartnisericordize
1995 1354 2109 1391 tne-

540 1452 660 1491 mor
694 1437 824 1492 eris.
871 1437 1010 1489 Deus
1055 1438 1120 1489 de
1159 1433 1401 1487 'I‘heman
1448 1432 1648 1495 veniet,
1700 1440 1755 1485 et
1796 1438 2016 1484 sanctus
2046 1430 2112 1482 de

540 1540 724 1583 monte
763 1527 976 1582 Pharao
1001 1527 1067 1580 ”.
1101 1544 1121 1577 ι
1163 1527 1317 1588 Vide,
1366 1524 1635 1594 quomodo
1670 1524 1721 1577 in
1776 1524 1949 1575 medio
1974 1521 2109 1573 duo-

542 1635 661 1672 rum
692 1618 1006 1671 animalium
1039 1626 1395 1687 eognoscetur
1425 1633 1439 1669 :
1477 1630 1597 1668 nam
1625 1630 1746 1667 cum
1779 1626 1937 1666 natus
1966 1624 2108 1667 esset

537 1726 601 1764 ex
654 1709 897 1771 muliere,
926 1720 977 1759 et
1017 1710 1239 1760 vixisset
1282 1721 1453 1775 usque
1499 1706 1564 1757 ad
1604 1715 1811 1772 tempus
1862 1704 2109 1771 pretiosae

535 1798 746 1864 erucis;
781 1817 798 1849 ι
834 1798 1018 1852 Gratia
1074 1797 1188 1861 Dei,
1221 1797 1361 1851 sicut
1416 1798 1490 1848 ait
1538 1796 1727 1849 beatus
1763 1794 1977 1859 Paulus,
2013 1794 2110 1861 per'

534 1904 692 1943 suum
726 1903 920 1957 corpus
944 1904 1041 1955 pro
1063 1887 1312 1942 omnibus
1336 1888 1571 1956 gustavit
1598 1896 1823 1939 mortem
1848 1885 1912 1939 ⁸⁸.
1946 1904 1963 1935 ι
2000 1883 2106 1939 Sed

536 1980 789 2047 quoniam
837 1988 1028 2032 natura
1085 1989 1205 2033 erat
1258 1978 1431 2043 Deus,
1480 1978 1777 2032 resurrexit
1821 1979 1997 2031 denuo
2054 1977 2106 2029 in

538 2072 923 2140 sempiternam
958 2071 1140 2123 vitam.
1172 2070 1428 2139 Cognitus
1457 2079 1542 2122 est
1573 2068 1736 2136 igitur
1761 2069 1866 2131 hic,
1896 2068 1985 2135 qui
2011 2082 2108 2136 pro

540 2164 694 2216 nobis
723 2160 1011 2229 pretiosam
1042 2161 1296 2215 sustinuit
1325 2176 1539 2214 crucem
1581 2162 1633 2211 in
1669 2161 1846 2211 medio
1877 2161 2105 2212 dnornnt

535 2253 868 2307 animalium.
896 2250 1029 2302 Nam
1067 2250 1180 2317 ipse
1204 2250 1399 2304 alicubi
1431 2251 1505 2304 ait
1537 2251 1603 2303 ad
1636 2248 1890 2303 .Iutheos:
1932 2247 2105 2302 tCum

533 2337 905 2392 esaltaveritis
936 2334 1129 2389 Filium
1167 2337 1423 2401 hominis,
1458 2349 1567 2390 tum
1607 2338 1944 2406 cognoscetis
1978 2338 2105 2405 quia

533 2446 634 2497 ego
680 2431 888 2484 sum“.
925 2450 944 2483 ι
985 2432 1117 2485 Vide
1157 2430 1345 2493 etiam,
1393 2431 1663 2497 quomodo
1710 2430 1872 2482 Deum
1930 2430 2104 2497 ipsum

534 2523 843 2587 nominans,
897 2538 964 2577 ex
1009 2521 1250 2575 Theman
1304 2531 1614 2584 venturum,
1670 2530 1723 2572 et
1777 2534 1843 2571 ex
1896 2518 2105 2573 Pharan

537 2621 718 2667 monte
743 2615 1049 2682 pronuntiat
1081 2615 1489 2681 (interpretatur
1514 2622 1693 2665 autem
1723 2612 1965 2666 Theman
1997 2616 2106 2666 Au-

533 2705 707 2767 ster):
742 2706 989 2771 apparuit
1035 2704 1177 2756 enim
1226 2704 1492 2765 Christus,
1553 2718 1657 2755 non
1710 2719 1737 2753 a
1796 2702 2108 2771 regionibus

536 2795 837 2864 Aquilonis,
890 2795 983 2849 sed
1036 2797 1103 2849 ab
1151 2795 1375 2847 australi
1430 2792 1638 2854 Judaea,
1692 2796 1741 2846 in
1797 2811 1903 2863 qua
1944 2794 2107 2845 etiam

532 2888 806 2942 Bethleem
838 2898 940 2942 est.
977 2887 1107 2943 Cum
1154 2889 1318 2956 igitur
1348 2889 1414 2946 is.
1445 2888 1535 2953 qui
1584 2866 1843 2938 Dominus
1878 2894 1930 2938 et
1974 2886 2110 2939 Deus

533 2981 843 3035 nominatus
872 2991 974 3044 est,
1007 2995 1072 3032 ex
1102 2979 1282 3033 .Indzea
1315 2980 1522 3031 venerit
1559 2976 1801 3035 australi,
1838 2987 1993 3049 natus
2028 2984 2107 3028 est

531 3072 676 3125 enim
720 3072 770 3124 in
819 3070 1131 3135 Bethleem;
1160 3071 1429 3139 quomodo
1477 3083 1582 3125 non
1628 3068 1698 3121 sit
1730 3078 1915 3121 sancta
1948 3067 2107 3134 Virgo

529 3162 793 3225 θιοτόκος
804 3160 828 3215 ?

1121 3274 1272 3331 CAP.
1316 3272 1510 3329 XXXI.

1234 3389 1414 3442 Aliud.

604 3502 661 3560 In
708 3503 905 3561 Genesi
962 3502 1223 3569 scriptum
1271 3510 1353 3555 est
1398 3518 1411 3554 :
1453 3521 1470 3552 ι
1502 3497 1884 3555 Subremansit
1929 3513 2107 3554 autem

532 3596 701 3653 Jacob
730 3595 898 3661 solus,
931 3604 985 3647 et
1010 3592 1316 3648 luctabatur
1340 3594 1500 3645 hotno
1532 3607 1652 3645 cum
1699 3593 1817 3659 ipso
1846 3608 2013 3661 usque
2042 3594 2107 3646 ad

537 3705 695 3745 inane
723 3706 737 3742 :
770 3686 902 3741 vidit
929 3694 1107 3739 autem
1138 3684 1279 3753 quod
1325 3699 1428 3736 non
1456 3682 1775 3751 praevaleret
1804 3684 1867 3736 ad
1908 3684 2104 3751 ipsum,

533 3789 590 3836 et
623 3778 801 3849 tetigit
851 3776 1187 3829 latitudinem
1219 3771 1382 3844 795
1407 3772 1624 3827 femoris
1676 3772 1815 3840 ejus,
1852 3788 1973 3828 eum
2024 3775 2105 3826 ln-

533 3879 774 3926 ctaretur
808 3884 928 3931 cum
970 3881 1055 3929 eo,
1093 3877 1147 3918 et
1181 3865 1318 3919 dixit
1348 3864 1395 3917 ei
1431 3882 1445 3916 :
1486 3850 1709 3917 Dimitte
1755 3878 1860 3926 me,
1910 3880 2102 3918 ascen-

536 3963 613 4016 dit
654 3961 795 4015 enim
822 3971 992 4013 ortus.
1035 3956 1127 4010 Ille
1172 3966 1350 4010 autem
1388 3954 1564 4008 dixit:
1603 3954 1719 4009 Non
1767 3965 1817 4010 te
1864 3956 2103 4021 dimitto,

533 4053 638 4109 nisi
660 4049 1007 4108 benedixeris
1027 4048 1160 4103 mihi
1185 4048 1251 4102 ⁸⁸.
1288 4067 1307 4099 ι
1345 4046 1410 4101 Et
1435 4057 1553 4116 post
1582 4050 1686 4101 alia
1725 4066 1737 4102 :
1778 4068 1795 4099 ι
1826 4048 2107 4103 Benedixit

532 4154 713 4201 autem
748 4159 871 4199 eum
902 4143 999 4208 ibi,
1030 4151 1084 4197 et
1119 4140 1329 4195 vocavit
1361 4156 1555 4195 nomen
1590 4140 1689 4196 loci
1721 4141 1882 4204 illius.
1914 4143 2103 4196 faciem

532 4238 669 4293 Dei:
703 4236 811 4292 vidi
848 4236 1016 4299 enim,
1048 4234 1245 4303 inquit,
1301 4232 1463 4287 Deum
1506 4232 1644 4288 facie
1688 4234 1752 4286 ad
1792 4232 2005 4297 faciem,
2051 4243 2106 4288 et

529 4332 735 4388 salvata
782 4339 865 4384 est
913 4328 1090 4381 anima
1144 4326 1578 4381 meazascendit
1631 4339 1809 4381 autem
1872 4327 1985 4393 sol,
2051 4339 2106 4381 et

530 4423 747 4479 transiit
799 4420 964 4476 facies
1015 4420 1137 4487 Dei;
1189 4422 1303 4488 ipse
1348 4431 1523 4473 autem
1579 4420 1846 4474 titubabat
1900 4419 2104 4474 femore

1554 398 1612 453 s.
1655 373 1929 453 ci'ntLLt
1970 390 2436 448 Ali-.XANDRIM
2477 387 2790 445 Attcnter.

539 517 721 579 Iacob.
753 535 771 566 ι
814 514 907 583 qui
939 523 1024 569 est
1066 525 1223 568 natus
1252 529 1316 568 ex
1377 513 1639 577 muliere;
1668 510 1977 566 nominatus
2007 510 2096 571 sit,
2131 516 2174 572 Α
2205 506 2380 557 anima
2429 520 2567 557 mea.
2602 522 2619 552 ι
2663 500 2800 553 Dens
2832 513 2894 549 na

3641 364 3775 421 ΗΟᾹ

2902 508 3060 563 ntqnc
3096 499 3178 544 est
3212 496 3399 541 natura
3436 478 3768 538 EmmauueL

2210 596 2416 650 Dic-itur
2460 604 2638 647 autem
2690 593 2854 645 etiam
2890 588 3059 642 facies
3095 583 3211 638 Dei.
3250 580 3381 634 Nam
3420 585 3510 648 est
3549 592 3568 626 ι
3602 573 3771 641 ﬁgura

2205 686 2518 741 substantia:
2567 684 2743 738 Patris
2763 681 2831 744 "',
2872 698 2890 730 ι
2918 688 2967 733 et
3012 677 3084 731 ita
3128 687 3187 730 se
3233 670 3460 725 vocabat
3510 662 3653 730 apud
3679 658 3776 715 Ju-

2205 780 2374 841 daeos,
2403 792 2525 831 cum
2553 776 2755 829 diceret
2785 772 2852 824 de
2878 769 2985 824 Deo
3008 775 3060 822 et
3094 764 3251 820 Patre
3276 780 3290 815 :
3321 779 3339 811 ι
3365 758 3555 825 Neque
3582 752 3775 841 faciem

2206 867 2322 931 ejus
2356 839 2585 928 vidistis,
2615 874 2669 919 et
2711 860 2931 916 verbum
2978 857 3096 925 eius
3139 869 3244 908 non
3285 847 3493 905 habetis
3534 844 3588 898 in
3622 839 3777 895 vobis

2208 972 2459 1019 manens,
2495 957 2620 1024 quia
2672 967 2832 1026 quem
2879 950 3026 1005 misit
3059 947 3169 1009 ille,
3209 944 3333 999 huic
3361 954 3458 994 vos
3504 950 3611 990 non
3654 944 3776 985 cre-

2209 1048 2335 1101 ditis
2357 1045 2421 1095 ⁶⁶.
2457 1063 2475 1096 ι

2281 1136 2433 1202 Quod
2465 1148 2595 1187 vero
2632 1132 2774 1186 Deus
2801 1130 2871 1183 sit
2898 1142 3060 1182 verus
3089 1127 3253 1179 homo
3284 1122 3370 1175 ille
3414 1118 3502 1187 qui
3536 1111 3782 1169 luctaba-

2212 1238 2297 1282 tur
2340 1242 2461 1280 cum
2494 1224 2682 1285 .laeoh,
2713 1234 2866 1276 saera
2915 1219 3109 1272 iterum
3154 1214 3332 1267 littera
3367 1209 3527 1262 faciet
3572 1205 3777 1263 ﬁdem;

2211 1318 2343 1370 dixit
2393 1316 2537 1369 enim
2574 1330 2587 1366 :
2628 1333 2646 1364 ι
2682 1309 2857 1380 Inquit
2917 1309 3173 1361 Dominus
3222 1304 3287 1357 ad
3320 1298 3530 1356 Iacob:
3570 1294 3780 1361 Surge,

2211 1408 2440 1461 ascende
2474 1407 2525 1459 in
2575 1406 2747 1457 locum
2793 1400 3090 1462 Bethleem,
3127 1395 3308 1449 habita
3359 1392 3454 1453 ibi,
3491 1399 3545 1442 et
3577 1385 3663 1440 fac
3706 1383 3782 1438 ibi

2211 1498 2382 1553 altare
2425 1496 2555 1558 Deo.
2597 1496 2688 1563 qni
2741 1490 2991 1561 apparuit
3017 1488 3113 1543 tibi
3160 1500 3280 1540 cum
3314 1483 3525 1552 fugeres
3573 1494 3602 1530 a
3645 1474 3783 1529 faeie

2212 1589 2397 1641 fratris
2429 1588 2503 1640 ttti
2548 1586 2689 1640 Esau
2713 1585 2775 1636 ³⁹.
2811 1601 2830 1633 ι
2862 1582 3159 1635 Revertens
3187 1576 3329 1630 enim
3374 1588 3439 1626 es
3474 1568 3783 1636 Mesopota-

2212 1682 2313 1733 mia
2351 1680 2442 1734 Dei
2467 1680 2643 1749 jussu,
2690 1687 2743 1731 et
2776 1677 2973 1729 timens
3008 1672 3171 1733 Esau,
3209 1666 3417 1733 trajecit
3460 1662 3626 1717 Jacoh
3655 1673 3784 1749 pne-

2212 1789 2301 1826 ros
2327 1781 2379 1825 et
2400 1748 2582 1824 omnia
2615 1783 2743 1823 vasa
2776 1781 2873 1820 sua
2900 1782 2916 1820 :
2954 1782 2973 1814 ι
3008 1756 3385 1816 thremansit
3408 1759 3586 1808 autem
3610 1748 3785 1812 solus,

2143 1849 2180 1902 Β
2209 1874 2264 1917 et
2293 1863 2593 1916 luctabatur
2622 1860 2781 1913 homo
2804 1870 2925 1910 cum
2956 1868 3042 1907 eo.
3077 1870 3095 1902 ι

2790 1968 2943 2024 CAP.
2985 1964 3200 2022 XXXII.

2904 2080 3084 2134 Aliud.

2281 2201 2478 2255 Beatus
2527 2198 2711 2253 Daniel
2764 2195 3078 2251 horribilem
3116 2191 3375 2246 visionem
3428 2185 3584 2239 nobis
3626 2196 3790 2250 espo-

2211 2306 2343 2347 nens
2372 2310 2386 2345 :
2420 2309 2438 2341 ι
2473 2290 2751 2352 Videbam,
2781 2287 2976 2355 inquit,
3010 2286 3063 2336 in
3091 2283 3299 2336 visione
3326 2277 3523 2338 noctis,
3554 2286 3610 2330 et
3632 2287 3785 2336 ecce,

2210 2398 2330 2436 eum
2372 2381 2603 2435 nubibus
2637 2379 2759 2434 coeli
2802 2378 2955 2447 quasi
2984 2375 3156 2430 Filius
3181 2370 3418 2427 hominis
3450 2368 3697 2426 veniens.
3732 2371 3788 2418 et

2212 2489 2382 2541 usque
2422 2473 2485 2525 ad
2520 2469 2800 2525 Vetustum
2833 2469 3040 2523 dierum
3077 2464 3342 2534 pervenit,
3383 2470 3436 2516 et
3468 2460 3519 2513 in
3557 2469 3788 2524 conspe-

2209 2575 2355 2619 ctum
2383 2563 2499 2630 eius
2527 2564 2867 2616 adduxerunt
2896 2575 3040 2621 eum,
3078 2569 3133 2614 et
3163 2557 3263 2625 ipsi
3289 2556 3447 2609 datus
3478 2560 3563 2606 est
3590 2552 3787 2609 honor,

2210 2669 2263 2712 et
2297 2672 2518 2726 regnum
2549 2673 2563 2709 :
2590 2664 2643 2707 et
2674 2667 2863 2707 omnes
2899 2650 3102 2721 populi,
3140 2649 3330 2709 tribus.
3377 2656 3431 2701 et
3462 2644 3656 2712 linguae
3684 2640 3785 2708 ipsi

2212 2749 2491 2802 servient:
2521 2757 2759 2816 potestas
2800 2744 2917 2811 ejus
2962 2752 3201 2810 potestas
3246 2741 3298 2791 in
3346 2746 3631 2796 aeternum,
3666 2746 3790 2801 quae

2214 2856 2316 2893 non
2350 2838 2799 2907 transgredietur,
2837 2846 2892 2888 et
2932 2846 3154 2903 regnum
3186 2829 3303 2897 ejus
3335 2844 3439 2881 non
3468 2836 3791 2902 corrumpe-

2213 2942 2296 2983 tnr
2318 2932 2383 2984 ⁸⁸.
2418 2949 2437 2980 ι
2470 2928 2637 2983 Audis
2662 2926 3115 2998 quemadmodum
3142 2938 3244 2983 non
3270 2919 3544 2975 hominem
3579 2915 3787 2983 simpli—

2212 3002 2431 3076 citer'se
2458 3021 2661 3075 vidisse
2690 3026 3103 3077 commemoret,
3151 3029 3217 3067 ne
3248 3027 3393 3066 unus
3424 3026 3486 3065 ex
3521 3009 3695 3071 nobis,
3731 3018 3790 3061 et

2211 3116 2360 3183 juxta
2397 3128 2494 3167 nos
2534 3110 2851 3166 Emmanuel
2891 3124 3009 3163 esse
3053 3105 3343 3170 credatur;
3374 3106 3467 3158 sed
3510 3102 3663 3171 quasi
3694 3098 3788 3152 Fi-

2214 3210 2343 3263 lium
2389 3206 2641 3263 hominis.
2687 3203 2805 3277 [(l)
2844 3202 2975 3258 Cum
3008 3200 3151 3253 enim
3206 3195 3437 3250 Verhnm
3479 3204 3669 3248 natura
3713 3192 3788 3245 sit

2215 3303 2386 3367 Deus,
2446 3296 2944 3352 «insimilitudine
2993 3302 3173 3346 tamen
3232 3289 3508 3343 hominum
3575 3286 3779 3338 factum

2213 3394 2332 3457 fuit,
2365 3402 2420 3447 et
2453 3393 2728 3445 inventum
2759 3397 2840 3442 est
2862 3386 3053 3440 habitu
3081 3395 3140 3439 ut
3173 3385 3335 3437 homo
3360 3378 3425 3442 “,
3453 3401 3472 3431 s
3508 3389 3566 3432 nt
3598 3379 3652 3432 in
3690 3393 3785 3428 co-

2211 3484 2330 3538 dem
2384 3492 2671 3550 ntrtnnque
2719 3478 3071 3543 intelligatur,
3131 3476 3180 3527 id
3231 3483 3347 3537 est,
3397 3485 3568 3539 neque
3619 3468 3786 3522 homo

2212 3576 2406 3637 nudus,
2433 3588 2607 3642 neque
2634 3572 2867 3626 Verbum
2900 3571 3104 3637 absque
3130 3565 3464 3621 humanitate
3490 3572 3545 3617 et
3571 3560 3783 3632 carne.|

2210 3664 2411 3719 Tamen
2446 3664 2494 3717 ei
2520 3662 2876 3733 principatum
2908 3670 2961 3714 et
2991 3660 3273 3719 honorem,
3296 3670 3415 3725 quae
3442 3668 3655 3722 semper
3683 3651 3783 3706 Ita-

2211 3758 2355 3817 beat,
2384 3755 2507 3809 data
2540 3768 2661 3807 esse
2697 3760 3128 3807 coannemorat:
3162 3749 3237 3801 ait
3264 3748 3407 3801 enim
3436 3745 3578 3815 quod
3618 3764 3638 3796 ι
3666 3760 3782 3799 om-

2211 3858 2306 3899 nes
2340 3844 2543 3914 p0pnli,
2589 3844 2781 3907 tribus,
2818 3853 2873 3895 et
2923 3841 3116 3909 linguae
3166 3838 3265 3905 ipsi
3300 3837 3558 3892 servient.
3592 3853 3613 3886 ι
3647 3836 3783 3889 Cum

2212 3937 2377 4005 igitur
2408 3935 2571 3989 etiam
2602 3934 2653 3987 in
2686 3933 3021 3987 humanitate
3050 3931 3281 3999 positum
3317 3928 3655 3998 unigenitum
3687 3927 3782 3981 Dei

2214 4024 2445 4080 Verbum
2496 4026 2817 4078 servientem
2877 4023 3069 4076 habeat
3120 4030 3463 4084 creaturam,
3506 4026 3562 4072 et
3605 4016 3783 4073 Patris

2208 4114 2573 4184 principatum
2595 4123 2648 4169 et
2668 4129 2848 4179 suum,
2870 4112 3137 4180 pepererit
3158 4121 3337 4164 autem
3354 4109 3647 4164 secundum
3660 4123 3779 4163 ear-

2209 4219 2329 4260 nem
2380 4204 2554 4274 ipsum
2588 4215 2770 4259 sancta
2810 4204 2999 4273 Virgo;
3031 4203 3301 4272 quomodo
3333 4216 3435 4255 non
3467 4201 3778 4273 intelligitur

2206 4295 2494 4361 Θεοτόκοςῖ

2766 4404 2919 4464 CAP.
2963 4402 3199 4459 XXXIII.

529 4527 631 4571 suo
651 4513 718 4565 ³⁸.
752 4533 770 4565 ι
799 4511 1057 4582 Mysticus
1078 4511 1292 4580 quidem
1316 4521 1399 4563 est
1429 4509 1832 4578 Scripturarum
1867 4525 2059 4564 sensus
2086 4528 2098 4563 :

2216 4525 2287 4579 De
2323 4523 2519 4578 Christi
2547 4534 2826 4588 passione;
2860 4527 2909 4570 et
2945 4518 3084 4586 quod
3115 4516 3242 4569 utile
3279 4526 3368 4577 stt,
3407 4515 3547 4588 quod
3602 4531 3781 4570 secura.

525 4604 869 4662 subindicare
889 4602 1049 4681 .enim
1078 4602 1288 4656 videtur
1317 4600 1620 4656 Judzeorum
1655 4602 2096 4667 oblucmtionem,

526 4712 633 4767 qua
668 4695 957 4750 utebantur
994 4710 1118 4750 cum
1150 4693 1390 4759 Christo,
1424 4706 1559 4762 pene
1594 4707 1714 4746 cum
1750 4693 1864 4762 ipso
1890 4694 2099 4746 luctan-

525 4797 648 4853 tes;
680 4786 770 4855 qui
806 4796 979 4840 tamen
1020 4785 1258 4856 superati
1308 4793 1455 4847 sunt,
1488 4793 1541 4837 et
1586 4783 1683 4851 ipsi
1718 4784 1881 4837 etiam
1915 4784 2089 4853 impe-

526 4879 720 4933 traturi
748 4878 1177 4934 benedictionem
1211 4877 1397 4947 ipsius,
1445 4876 1489 4929 si
1546 4892 1641 4946 per
1678 4877 1835 4931 fidem
1868 4878 1935 4930 ad
1976 4892 2097 4931 eum

526 4969 833 5024 novissimis
884 4969 1216 5038 temporibus
1269 4984 1327 5022 se
1369 4970 1789 5023 convenissent.
1841 4970 2097 5023 Attamen

524 5060 613 5115 ille
641 5070 788 5115 certe
826 5060 985 5114 homo
1015 5067 1156 5122 erat,
1197 5059 1287 5128 qui
1322 5061 1644 5123 luctabatur,
1679 5068 1732 5111 et
1762 5073 1883 5110 eum
1915 5066 2092 5111 tamen

522 5150 689 5207 Jacob
729 5152 821 5205 Dei
854 5151 1045 5206 faciem
1090 5149 1434 5217 nominabat;
1468 5167 1641 5219 neque
1676 5152 1727 5204 id
1768 5150 1967 5214 solum,
1999 5151 2093 5203 sed

522 5241 733 5298 sciebat
762 5258 882 5297 eum
910 5242 1072 5297 Deum
1100 5257 1220 5298 esse
1246 5244 1539 5297 secundum
1566 5243 1844 5296 veritatem
1876 5259 1889 5295 :
1927 5261 1944 5296 ι
1981 5240 2094 5294 Vidi

523 5335 690 5403 enim,
724 5334 916 5405 inquit,
950 5335 1116 5389 Deum
1158 5334 1296 5390 facie
1330 5335 1396 5389 ad
1441 5334 1657 5402 facient,
1691 5344 1743 5389 et
1775 5334 1977 5389 salvata
2015 5342 2097 5388 est

617 5472 662 5503 "
700 5471 898 5529 Habac.
937 5488 1033 5536 ιιι,
1084 5473 1303 5542 Iﬁscqq.
1384 5474 1427 5506 ³⁸
1475 5472 1633 5528 Ilehr.
1672 5490 1739 5537 n,
1782 5472 1834 5528 9.

524 5541 567 5571 ³⁷
596 5542 758 5597 lchr.
807 5560 849 5608 ι,
877 5544 929 5597 5.
1036 5542 1080 5575 ³⁸
1117 5541 1280 5597 ,ἰοειιξ
1307 5561 1360 5609 v,
1391 5545 1477 5599 58.
1560 5545 1600 5575 ³⁹
1637 5546 1769 5598 Gen.
1817 5560 1978 5606 xxxv,
2038 5545 2081 5595 I.

522 5611 576 5667 9.
690 5612 733 5645 ⁵³
762 5611 779 5665 I
804 5615 929 5669 Cor.
969 5629 1056 5677 xv,
1094 5613 1148 5666 5.

1914 5473 1958 5503 ³⁸
1988 5470 2142 5525 Joan.
2187 5489 2277 5525 vttt
2308 5514 2321 5537 ,
2379 5471 2469 5524 9.8.
2546 5469 2589 5502 ³⁸
2619 5470 2753 5525 Gen.
2813 5483 2959 5523 χχιιι
2988 5507 3001 5528 ,
3032 5465 3226 5522 ει-Ξθ.

2160 5542 2202 5574 ⁵ο
2231 5542 2359 5595 Dan.
2405 5557 2502 5605 vn,
2542 5542 2605 5595 15
2638 5558 2789 5610 seqq.

2282 4598 2406 4646 dum
2439 4586 2586 4643 aliud
2623 4600 2669 4642 et
2697 4590 2841 4641 aliud
2877 4590 2939 4641 de
2967 4603 3069 4640 uno
3110 4597 3159 4639 et
3186 4587 3363 4639 eodem
3389 4586 3609 4650 dicitur,
3669 4603 3759 4640 nec

2276 4664 2555 4716 diuidimus
2581 4663 2633 4713 in
2667 4663 2791 4712 duo.

2300 4778 2533 4831 Sanctus
2564 4772 2757 4826 Paulus
2789 4771 3083 4825 salutarem
3130 4768 3433 4837 passionem
3477 4769 3636 4824 nobis
3684 4783 3779 4824 ex-

2200 4870 2364 4939 ponit,
2415 4868 2491 4920 ait
2525 4882 2752 4933 namque
2784 4883 2799 4922 :
2830 4885 2847 4915 ι
2878 4863 3030 4917 Nunc
3061 4864 3229 4933 gratia
3264 4861 3359 4917 Dei
3387 4877 3483 4931 pro
3502 4862 3764 4917 omnibus

2196 4963 2431 5029 gustavit
2456 4969 2680 5017 mortem
2704 4959 2770 5019 ",
2800 4978 2816 5009 ι
2858 4974 2953 5010 nec
2982 4972 3082 5009 non
3106 4956 3268 5011 etiam
3302 4974 3315 5009 :
3342 4974 3362 5007 ι
3384 4954 3601 5010 Tradidi
3630 4958 3774 5011 enim

2206 5055 2361 5107 vobis
2391 5051 2674 5120 imprimis,
2703 5050 2842 5120 quod
2871 5061 2923 5102 et
2951 5049 3134 5117 accepi
3174 5067 3185 5101 :
3218 5048 3470 5117 quoniam
3523 5047 3775 5102 Christus

2204 5158 2449 5201 mortuus
2483 5156 2563 5198 est
2589 5160 2684 5213 pro
2716 5144 2954 5212 peccatis
3000 5144 3227 5206 nostris,
3278 5143 3575 5197 secundum
3623 5140 3763 5195 Scri-

2204 5251 2410 5308 pturas,
2448 5248 2499 5290 et
2532 5238 2655 5304 quia
2677 5235 2918 5303 sepultus
2942 5246 3042 5299 est,
3063 5244 3118 5289 et
3140 5234 3263 5302 quia
3294 5234 3593 5289 resurrexit
3613 5233 3772 5287 tertia

2201 5334 2286 5386 die
2322 5330 2387 5383 “.
2449 5348 2467 5379 ι
2534 5330 2609 5383 Ad
2674 5329 2775 5383 hoc
2817 5328 2977 5380 etiam
3035 5325 3470 5397 sapientissimus
3514 5326 3707 5381 Petrus
3752 5340 3768 5377 :

3304 5465 3349 5496 "
3390 5465 3522 5520 ibid.
3571 5463 3768 5519 Eii-SI.

2865 5540 2906 5570 “
2946 5536 3173 5608 Philipp.
3210 5551 3269 5601 tt,
3301 5536 3355 5591 7.
3432 5536 3476 5567 δ’
3515 5536 3675 5591 Hebr.
3699 5549 3769 5597 tt,

593 5748 669 5815 (I)
712 5747 806 5807 Hic
843 5750 990 5807 locus
1021 5750 1250 5807 habetur
1278 5750 1576 5819 descriptus
1627 5749 1677 5801 itt
1722 5747 1856 5803 libro
1906 5748 2080 5815 primo
2125 5743 2329 5801 Leontii
2373 5742 2653 5813 Byzantini
2725 5746 2980 5802 adversus
3026 5745 3390 5817 Eulyehiattus
3459 5744 3558 5801 sub
3585 5745 3765 5799 'ittcm.

523 5817 715 5873 BALL‘L.
