4058 6328
346 417 366 469 l
381 414 483 469 405

1267 414 1556 472 SCHOLIA
1601 414 1686 469 DE
1723 415 2235 471 INCARNA'I'IONE
2272 410 2644 471 UNIGENITI.

3497 405 3633 463 M06

349 551 367 582 ι
410 530 649 596 Christo,
682 532 875 601 inquit,
928 548 1090 601 paSso
1123 549 1219 599 pro
1245 534 1400 588 nobis
1434 548 1601 588 carne
1625 532 1688 586 “.
1736 553 1753 582 ο
1787 533 1922 586 Cum
1956 536 2002 592 Α
2032 533 2195 587 Pullis
2224 534 2433 587 duobus
2466 540 2820 602 comparatur
2856 530 3131 594 Christus,
3185 540 3294 581 non
3324 526 3469 595 quod
3521 527 3631 578 duo

346 639 511 677 unum
564 624 728 692 igitur
783 624 1056 679 credimus
1106 625 1392 678 Dominum
1441 635 1687 679 nostrum
1739 623 1923 678 Jesum

344 712 641 779 Christum,
676 714 727 768 id
752 724 859 777 est,
918 715 969 769 in
1007 716 1240 769 humana
1294 715 1469 768 forma
1521 724 1873 781 conspectum
1908 755 1924 779 ,

342 805 458 859 sive
491 805 762 860 hominem
811 806 1013 861 factum
1064 807 1220 876 juxta
1274 821 1390 868 nos,
1430 807 1597 860 Deum
1634 806 1872 860 Verbum
1908 844 1923 870 ,

341 899 615 966 quomodo
650 908 704 953 et
742 900 1046 968 passionem
1084 898 1181 966 ipsi
1223 898 1567 968 deputemus.
1612 908 1669 952 et
1718 900 1924 969 impas-

341 989 499 1042 sibile
539 998 715 1044 tamen
733 1004 1034 1054 servemus,
1072 998 1132 1043 ut
1165 988 1378 1043 Deum?

406 1080 548 1151 Ergo
582 1082 760 1149 passio
788 1081 1212 1151 dispensationis
1235 1091 1377 1147 erat,
1411 1096 1507 1136 sua
1541 1084 1764 1149 quidem
1815 1081 1919 1135 du-

339 1182 497 1226 cente
540 1172 648 1227 Deo
689 1170 868 1225 Verbo
908 1184 997 1234 ea,
1055 1186 1177 1240 qua:
1231 1181 1359 1225 sunt
1416 1172 1632 1240 propria
1688 1172 1873 1225 carnis
1902 1211 1919 1235 ,

339 1274 563 1333 propter
616 1262 1039 1318 inenarrabilem
1090 1262 1408 1328 unitatem;
1467 1272 1723 1317 manente
1792 1278 1922 1316 vero

338 1366 494 1409 extra
525 1357 855 1425 passionem,
880 1365 1143 1425 quantum
1176 1354 1242 1408 ad
1291 1354 1464 1424 ipsius
1507 1363 1757 1409 naturam
1794 1371 1919 1423 per-

337 1447 472 1500 tittet
506 1466 520 1500 :
552 1447 896 1515 impassibilis
917 1447 1061 1500 enim
1094 1445 1237 1501 Deus
1266 1457 1371 1501 est.
1396 1446 1582 1516 Neque
1602 1447 1653 1502 id
1683 1447 1879 1500 ntirum
1902 1488 1917 1511 ,

334 1554 456 1593 eum
489 1550 545 1592 et
572 1540 739 1604 ipsam
776 1538 1010 1591 hominis
1040 1538 1277 1591 animant
1308 1539 1591 1593 videamus
1622 1579 1636 1601 ,
1693 1540 1737 1593 si
1792 1540 1918 1606 quid

332 1644 534 1693 corpus
556 1643 768 1698 passum
799 1627 981 1691 fuerit,
1007 1636 1160 1681 extra
1196 1626 1504 1694 passionem
1534 1627 1751 1697 quidem
1806 1645 1917 1681 uta-

335 1731 578 1784 ttentem,
630 1730 892 1789 quantum
932 1720 1171 1789 pertinet
1221 1720 1288 1772 ad
1340 1731 1626 1787 naturam;
1676 1731 1915 1773 attamen

334 1824 440 1863 non
473 1820 629 1864 extra
657 1812 963 1878 passionem
991 1824 1111 1865 esse
1165 1810 1395 1879 intelligi
1429 1852 1444 1875 ,
1483 1827 1548 1863 eo
1596 1812 1739 1880 quod
1784 1829 1914 1877 pro-

331 1904 509 1971 prium
542 1904 613 1956 sit
646 1873 844 1971 corpus
874 1902 1043 1971 ipsius
1074 1903 1216 1970 quod
1250 1873 1471 1971 patitur.
1504 1873 1670 1973 796
1700 1902 1766 1956 Et
1787 1873 1915 1956 licet
1951 1873 1992 1928 Β

333 1992 643 2061 incontigua
676 1992 769 2055 sit,
822 2004 876 2047 et
915 1993 1143 2063 simplex
1180 2012 1196 2060 ;
1246 2010 1423 2049 tamen
1458 1994 1509 2048 id
1540 1997 1682 2064 quod
1711 1994 1919 2062 patitur

330 2093 553 2136 nonest
591 2082 848 2137 alienum.
896 2084 987 2138 Sic
1031 2085 1303 2153 intelliges
1356 2088 1519 2140 etiam
1574 2088 1642 2139 de
1695 2088 1917 2141 Christo

328 2174 570 2227 omnium
596 2173 896 2230 Salvatore.
927 2176 1063 2234 Utar
1086 2190 1263 2233 autem
1293 2180 1579 2247 exemplis,
1610 2197 1730 2247 qua:
1756 2182 1913 2251 quasi

327 2279 425 2333 per
463 2266 694 2333 aenigma
737 2267 893 2321 nobis
942 2268 1152 2335 possint
1202 2268 1524 2331 ostendere,
1564 2271 1710 2338 quod
1756 2287 1907 2325 cont-

327 2355 623 2409 tnunicarit
668 2357 886 2425 quidem
944 2359 1180 2426 passioni
1227 2357 1549 2429 Unigenitus
1578 2401 1591 2424 ,
1644 2372 1909 2431 quantum

330 2448 607 2517 pertineat
637 2455 703 2502 ad
743 2448 1171 2515 familiaritatem
1227 2454 1473 2522 corporis
1507 2454 1612 2516 sui,
1648 2456 1912 2509 manserit

322 2551 506 2593 autem
536 2541 804 2608 passionis
834 2557 1052 2612 expers,
1088 2554 1144 2596 ttt
1179 2544 1337 2598 Dens.

396 2630 579 2700 Itaque
620 2634 757 2687 Deus
805 2635 1155 2703 omnipotens
1204 2636 1447 2706 prodigia
1495 2638 1911 2704 sapientissimo

322 2722 496 2794 Moysi
524 2724 749 2791 jnbebat
784 2726 1019 2791 ellicere,
1066 2742 1124 2780 ttt
1146 2729 1396 2782 crederet
1422 2730 1471 2783 ei
1512 2727 1681 2797 Israel
1712 2772 1726 2793 ,
1764 2733 1907 2799 quod

322 2826 467 2869 esset
501 2819 696 2870 missus
728 2834 754 2869 a
791 2816 919 2880 Deo,
947 2829 999 2871 et
1023 2830 1078 2872 ttt
1104 2836 1131 2872 a
1162 2819 1413 2873 violentia
1435 2822 1801 2887 liberaretur;
1832 2826 1908 2876 ait

320 2917 539 2961 autem:
579 2930 596 2959 ε
636 2909 698 2962 Et
728 2910 962 2978 accipies
988 2926 1186 2977 aquam
1214 2912 1281 2964 de
1314 2911 1555 2975 flumine,
1587 2922 1638 2967 ct
1662 2912 1908 2967 eﬂ'undcs

319 3017 483 3070 super
513 3012 730 3063 terram,
758 3011 813 3055 et
845 3002 949 3056 erit
981 3019 1121 3071 aqua
1147 3020 1308 3072 quam
1334 3006 1574 3074 accipies
1608 3023 1635 3057 a
1656 3004 1902 3070 flumine,

320 3093 540 3162 sanguis
580 3109 745 3161 soper
783 3105 984 3148 terram
1038 3096 1105 3150 δδ.
1145 3115 1163 3147 ι
1212 3094 1525 3166 lnquimns,
1572 3100 1713 3167 quod
1764 3113 1903 3167 aqua

318 3183 538 3251 quidem
571 3184 739 3253 figura
772 3186 844 3240 sit
879 3188 1023 3250 vitai,
1056 3197 1108 3241 et
1140 3188 1281 3254 quod
1315 3190 1384 3241 sit
1411 3203 1504 3257 per
1525 3200 1774 3243 naturam
1795 3190 1901 3242 vita

318 3274 491 3329 Filius
513 3290 577 3330 ex
615 3276 775 3332 Patre
804 3288 1064 3348 tauquam
1095 3296 1159 3334 ex
1187 3278 1407 3335 flumine
1433 3284 1642 3349 exiens,
1663 3282 1906 3351 ejusdem

320 3372 635 3426 substantia:
690 3373 931 3440 ratione;
986 3374 1166 3441 itaque
1212 3375 1392 3428 omnia
1441 3376 1697 3436 vivificat.
1737 3394 1756 3427 ε
1804 3375 1908 3429 Sed

319 3480 445 3520 cum
471 3482 689 3533 aquam,
715 3467 911 3536 inquit,
940 3466 1197 3522 effuderis
1224 3482 1385 3535 super
1406 3480 1628 3533 terram,
1654 3468 1758 3521 erit
1782 3485 1910 3522 sau-

320 3557 461 3627 guis.
501 3578 519 3609 ι
555 3557 811 3621 Verbum,
845 3576 966 3613 cum
1005 3561 1206 3614 factum
1256 3573 1339 3615 est
1375 3577 1505 3615 caro
1551 3563 1617 3616 de
1648 3572 1816 3627 terra,
1857 3562 1909 3616 id

318 3659 423 3715 est,
460 3656 677 3721 quando
701 3667 727 3704 a
764 3662 905 3706 terra
932 3668 1149 3707 catnem
1179 3654 1279 3708 sibi
1300 3654 1681 3720 circumdedit,
1708 3654 1905 3706 tntteia

321 3762 386 3800 ea
430 3755 657 3800 mortem
700 3756 902 3801 nostrae
952 3747 1183 3801 similem
1242 3747 1444 3801 dicitur
1500 3764 1744 3817 passum,
1784 3747 1909 3801 licet

321 3846 417 3901 per
444 3842 691 3888 naturam
730 3835 800 3888 sit
827 3834 957 3888 vita.
1834 3828 1839 3831 i

894 3972 1046 4030 CAP.
1083 3972 1321 4027 XXXIV.

1017 4087 1200 4142 Aliud.

395 4200 449 4253 ltt
472 4198 713 4254 Levitico
748 4202 1009 4270 pollutum
1036 4202 1175 4256 Deus
1196 4212 1249 4256 et
1274 4204 1608 4258 immundum
1637 4208 1905 4273 leprmunt

320 4307 443 4346 esse
477 4293 773 4360 significat,
810 4302 973 4362 atque
1002 4294 1074 4345 ita
1098 4309 1225 4347 eum
1260 4296 1326 4348 de
1345 4296 1542 4349 castris
1566 4297 1684 4363 t-jici
1719 4300 1906 4365 pra-ri-

322 4384 399 4447 pit
431 4393 685 4450 oportere
703 4383 746 4412 “
776 4400 789 4446 ;
821 4393 875 4437 et
910 4383 951 4436 si
989 4392 1216 4438 sanatus
1274 4385 1439 4439 fuerit
1489 4388 1743 4449 morbus,
1806 4388 1906 4439 Lm:

321 4488 443 4525 eum
499 4483 656 4540 pacto
702 4474 919 4541 purgari
964 4490 975 4525 :
1035 4493 1051 4524 t
1112 4474 1177 4528 Et
1220 4477 1495 4545 accipiens
1543 4479 1678 4530 duos
1734 4481 1907 4544 pullos

324 4564 572 4626 mundos,
601 4570 655 4617 et
686 4564 887 4628 lignum
922 4566 1225 4630 cedrinum,
1255 4580 1312 4621 et
1358 4572 1641 4622 coccinum
1682 4580 1735 4624 et
1775 4572 1900 4639 Ιιγς-
1941 4600 1979 4650 υ

321 4670 535 4722 soputn,
560 4663 613 4707 et
638 4654 916 4723 prmcipiet
958 4658 1213 4711 sacerdos
1238 4697 1251 4720 ,
1304 4669 1357 4709 et
1390 4660 1646 4713 occidens
1694 4662 1901 4720 pullum

321 4762 486 4800 unum
520 4747 571 4799 in
606 4761 731 4800 vase
762 4747 930 4811 fictili,
968 4749 1018 4800 in
1068 4765 1202 4817 aqua
1253 4752 1369 4802 viva
1401 4793 1415 4814 ,
1484 4759 1537 4803 et
1573 4753 1775 4820 pttllum
1812 4756 1899 4819 qui

321 4840 452 4892 vivit
504 4839 739 4908 accipiet
772 4880 786 4904 ,
844 4851 897 4893 et
926 4840 1131 4894 lavabit
1186 4844 1337 4894 illum
1379 4847 1430 4897 itt
1465 4847 1729 4915 sanguine
1762 4848 1893 4912 pulli

320 4933 483 4985 oet-isi
517 4934 568 4985 in
590 4947 727 5000 aqua
760 4933 987 4995 vivaret
1017 4945 1263 5004 aspergat
1295 4951 1456 5002 super
1480 4954 1603 4988 eum
1637 4939 1726 5003 qui
1761 4954 1887 5005 pnr-

319 5031 476 5092 gatus
514 5031 588 5074 est
624 5038 652 5073 a
684 5021 828 5089 lepra
867 5024 1085 5090 septies,
1116 5033 1171 5075 et
1202 5025 1434 5079 mundus
1462 5025 1565 5077 erit.
1594 5026 1659 5078 ".
1701 5045 1716 5075 ι
1758 5027 1898 5079 Ιίυςιο

321 5113 401 5168 dit
454 5112 672 5179 quidem
742 5130 839 5166 nos
885 5118 1115 5169 mundos
1151 5158 1165 5180 ,
1209 5126 1261 5168 et
1300 5116 1659 5186 pollutionnut
1716 5122 1909 5173 Sut'tlt'S

320 5203 512 5264 abluit,
545 5213 600 5255 et
632 5204 869 5257 carnalis
905 5206 1364 5272 concupiscentite
1394 5208 1781 5261 mortalitatem
1821 5226 1901 5260 re-

323 5294 471 5360 pellit
518 5293 741 5362 sanguis
792 5296 1220 5361 pt'ctiosissitnus
1272 5298 1511 5360 Christi,
1559 5311 1613 5351 et
1654 5301 1904 5367 purgatio

324 5386 665 5452 baptismatis
712 5399 1070 5440 sact'osant‘tt.
1146 5388 1413 5443 Ctelewnt
1480 5391 1608 5443 illud
1676 5392 1902 5459 aspice:

323 5476 637 5531 amittentes
686 5478 829 5531 cuitu
877 5480 1203 5547 scriptorum
1264 5483 1366 5534 vim
1403 5486 1719 5537 examinare
1762 5486 1904 5553 quod

326 5569 586 5637 mysterio
642 5572 937 5639 capediat,
995 5575 1044 5627 in
1102 5577 1387 5643 prtescntia
1459 5579 1900 5631 lIlCllltil‘niiittttlS.

394 5773 439 5803 εκ
482 5773 498 5825 ι
534 5773 673 5826 Petr.
713 5794 781 5840 ty,
830 5779 869 5831 t,

955 5779 997 5807 οδ
1034 5780 1180 5835 lit-od
1252 5796 1331 5846 ιν,
1360 5784 1407 5835 ιι,

332 5845 369 5873 ’⁷
398 5843 529 5899 Luc.
573 5861 632 5907 tt,
663 5846 746 5901 Si.

1494 5784 1534 5811 λ*
1596 5781 1760 5837 Levii.
1830 5800 1947 5849 χιιι,

1937 3232 1982 3293 C

1994 5786 2023 5836 2‘.
2072 5800 2223 5855 seqq.

2031 626 2140 679 sint
2172 624 2288 687 lilii,
2326 627 2421 679 sed
2472 625 2615 693 quod
2662 638 2804 677 unus
2854 622 3036 690 potius
3075 633 3143 673 ex
3196 618 3449 682 duobus,
3492 617 3633 670 divi-

2028 718 2201 771 nitate
2245 726 2300 770 et
2342 717 2685 770 humanitate
2736 716 2787 768 in
2835 714 3100 768 unitatem
3148 711 3385 766 collatis.
3437 708 3624 763 Mundi

2027 820 2208 863 autem
2240 810 2368 881 pulli
2398 826 2411 862 :
2442 824 2621 877 neque
2652 808 2795 865 enim
2830 802 2959 862 fecit
2996 815 3280 874 peccatum
3326 803 3467 858 Deus
3525 817 3632 856 no-

2028 910 2145 956 ster
2172 901 2331 956 Jesns
2368 900 2655 962 Christus;
2684 899 2782 956 sed
2809 907 2930 955 erat
2976 898 3215 952 Verbum
3251 906 3529 958 sanctum,
3572 900 3631 947 et

2027 990 2325 1043 divinitatis
2372 998 2425 1044 et
2457 989 2818 1043 humanitatis
2851 988 3085 1042 ratione.
3128 984 3463 1041 Volucribus
3495 998 3629 1039 vero

2026 1093 2411 1152 comparatur,
2465 1082 2609 1152 quod
2641 1081 2798 1149 quasi
2836 1081 2889 1135 in
2927 1079 3149 1133 sublimi
3189 1078 3261 1133 sit
3306 1092 3473 1146 supra
3510 1086 3627 1132 ter-

2028 1190 2165 1237 ram.
2206 1186 2261 1230 ct
2300 1191 2335 1229 θ
2377 1175 2519 1230 coelo
2568 1175 2851 1244 desuper:
2893 1173 3091 1227 ecmlo
3127 1172 3275 1227 enim
3333 1171 3500 1227 homo
3543 1175 3630 1224 est

2023 1269 2291 1331 Christus,
2329 1267 2454 1323 licet
2484 1283 2706 1322 carnem
2755 1275 2948 1321 sancta
3001 1262 3172 1333 Virgo
3199 1262 3523 1331 pepererit;
3558 1275 3626 1314 eo

2026 1360 2184 1415 modo
2210 1361 2371 1430 igitur
2392 1360 2627 1428 desuper
2643 1370 2697 1414 et
2723 1361 2790 1413 de
2820 1358 2983 1412 caelo.
3017 1356 3159 1410 Deus
3185 1356 3331 1409 enim
3358 1352 3625 1418 Verbum,

2023 1450 2168 1519 quod
2193 1460 2280 1506 est
2312 1450 2545 1518 desuper
2579 1460 2633 1504 et
2661 1465 2724 1504 ex
2756 1450 2917 1503 Patre
2942 1487 2958 1513 ,
3005 1462 3229 1502 carnem
3278 1461 3344 1500 ex
3404 1444 3628 1515 Virgine

2021 1552 2209 1597 sancta
2234 1542 2525 1610 accipiens,
2558 1551 2614 1597 et
2639 1557 2758 1596 eam
2802 1556 2958 1596 suam
2986 1542 3377 1610 propriamque
3412 1538 3609 1591 existi-

2022 1648 2197 1696 mans,
2236 1642 2490 1703 tanquam
2524 1632 2720 1686 sicam
2766 1632 3001 1701 desuper
3034 1640 3088 1685 et
3139 1630 3206 1683 de
3254 1626 3396 1683 coelo
3454 1627 3620 1681 detn—

2021 1724 2190 1788 lisset,
2226 1724 2484 1778 dicebat:
2530 1743 2547 1774 ι
2592 1722 2760 1776 Nemo
2809 1722 3057 1776 ascendit
3115 1721 3169 1773 itt
3217 1720 3459 1782 cmlnm,
3515 1718 3622 1772 nisi

2022 1818 2111 1885 qui
2146 1817 2213 1870 de
2266 1816 2408 1869 coelo
2458 1815 2743 1870 descendit
2778 1814 2950 1868 Filius
2993 1812 3271 1875 hominis,
3317 1811 3520 1879 quiest
3569 1810 3621 1863 in

2030 1909 2168 1965 carlo
2194 1910 2259 1963 “.
2304 1928 2321 1959 ι
2362 1909 2434 1962 Ea
2466 1908 2609 1961 enim
2663 1922 2785 1976 qua:
2832 1921 2930 1962 sua
2970 1914 3098 1959 sunt
3124 1944 3139 1969 ,
3189 1903 3422 1973 propria:
3469 1901 3620 1955 carni

2030 2018 2245 2071 semper
2282 2001 2570 2063 attribuit;
2597 1999 2895 2052 adunatum
2931 2010 3060 2050 vero
3086 1995 3256 2051 semel
3285 2034 3301 2057 ,
3345 1992 3459 2063 jam
3495 2006 3621 2047 cum

2029 2096 2142 2163 ipsa
2178 2108 2341 2147 unum
2372 2092 2584 2146 scilicet
2608 2090 2933 2144 aestimatur.

2098 2184 2365 2237 Caeterum
2395 2183 2538 2242 vide.
2578 2182 2763 2236 occiso
2798 2197 2906 2234 uno
2956 2178 3124 2249 pullo,
3168 2177 3339 2231 lavari
3392 2177 3619 2246 quidem

2023 2277 2250 2331 alterum
2280 2274 2394 2345 ejus
2428 2275 2714 2343 sanguine,
2752 2284 2933 2327 tamen
2968 2286 3074 2324 non
3123 2271 3297 2324 emori
3328 2288 3341 2333 ;
3394 2277 3449 2322 et
3483 2268 3617 2336 quid

2025 2371 2126 2425 hoc
2150 2369 2263 2424 sit?
2323 2368 2548 2423 Vivebat
2596 2363 2856 2429 Verbum,
2904 2363 3033 2417 licet
3094 2377 3192 2415 sua
3247 2376 3375 2414 caro
3423 2358 3618 2413 fuisset

2021 2470 2292 2523 emortua,
2340 2466 2395 2512 et
2434 2472 2778 2513 communem
2830 2455 3145 2523 passionem
3185 2466 3307 2505 esse
3358 2451 3573 2505 dicebat
3603 2489 3618 2511 .

2020 2562 2240 2621 propter
2271 2551 2651 2605 adnuationem
2677 2560 2729 2601 et
2748 2548 3173 2602 familiaritatem
3194 2560 3356 2613 quam
3384 2544 3620 2605 habebat

2019 2659 2140 2696 cum
2172 2657 2358 2695 carne.
2403 2638 2569 2709 Igitur
2596 2640 2774 2707 ipsum
2821 2637 3042 2707 quidem
3088 2635 3266 2700 vivit,
3316 2644 3374 2688 ut
3426 2633 3616 2699 Deus;

2019 2748 2217 2799 corpus
2243 2748 2371 2785 vero
2400 2739 2664 2800 tanquam
2694 2730 2975 2800 proprium
3022 2728 3279 2812 faciebat,
3333 2737 3387 2780 et
3429 2726 3509 2780 sic
3562 2726 3615 2779 itt

2024 2841 2076 2880 se
2106 2822 2447 2878 familiariter
2468 2821 2770 2890 accipiebat
2816 2821 3063 2889 corporis
3112 2820 3432 2888 passiones,
3483 2833 3608 2871 cum

2018 2918 2196 2985 ipsum
2232 2913 2365 2967 nihil
2419 2915 2471 2966 in
2521 2922 2711 2965 natura
2766 2912 2985 2980 propria
3024 2919 3327 2979 pateretur.
3380 2910 3613 2963 Prodest

2016 3009 2178 3076 igitur
2206 3016 2258 3059 et
2286 3005 2651 3059 necessarium
2685 3014 2792 3065 est,
2827 3004 2870 3055 si
2906 3006 2957 3055 itt
2986 3020 3093 3056 uno
3121 3002 3342 3056 Christo
3374 3000 3425 3053 id
3453 3001 3606 3055 acci-

2016 3102 2229 3170 piamus
2265 3099 2409 3166 quod
2459 3096 2766 3151 secundum
2812 3096 2956 3150 aliud
2994 3104 3048 3151 et
3078 3095 3224 3147 aliud
3267 3095 3333 3147 de
3373 3110 3483 3147 uno
3520 3108 3617 3147 eo-

2014 3194 2248 3260 demque
2299 3190 2693 3252 constituatur,
2744 3199 2798 3243 et
2839 3190 2982 3257 quod
3036 3187 3090 3241 in
3143 3186 3252 3240 duo
3289 3185 3457 3239 dividi
3505 3200 3616 3241 non

2016 3286 2368 3353 permittatur
2394 3323 2407 3346 ,
2448 3283 2574 3337 licet
2598 3282 2814 3335 diversa
2845 3280 2987 3333 inter
3021 3294 3101 3341 sc,
3141 3288 3196 3333 ct
3228 3277 3456 3331 minime
3486 3292 3614 3333 cou-

2012 3378 2461 3438 venit-ntia,'actn
2488 3389 2610 3429 esse
2637 3373 2908 3427 dicantur.
2971 3361 2981 3367 ’

2088 3470 2179 3524 Est
2211 3480 2391 3523 autem
2428 3469 2534 3521 tale
2565 3466 2710 3535 quod
2746 3466 2889 3518 diro.
2925 3462 3123 3518 Natum
3154 3478 3280 3516 esse
3310 3461 3613 3517 secundum

2011 3575 2234 3613 carnem
2267 3575 2330 3611 ex
2362 3557 2584 3611 muliere
2624 3556 2791 3609 Deum
2826 3552 3062 3607 dicimus
3108 3552 3338 3605 Verbum
3369 3590 3384 3613 ,
3419 3566 3617 3619 quam-

2012 3652 2093 3705 vis
2128 3652 2380 3704 omnibus
2419 3651 2533 3717 ipse
2570 3649 2801 3717 pratbcat
2844 3645 3014 3709 llaSt‘i,
3053 3656 3107 3698 et
3138 3646 3204 3697 ad
3239 3644 3609 3707 nativitatem,

2010 3762 2131 3815 quae
2160 3745 2397 3798 nondnnt
2445 3755 2566 3797 nata
2600 3753 2747 3804 sunt,
2783 3753 2957 3795 vocrt.
3013 3738 3326 3794 Secundum
3376 3738 3520 3794 aliud
3562 3754 3619 3793 et

2010 3839 2157 3891 aliud
2186 3849 2370 3890 natum
2405 3846 2507 3899 est,
2536 3852 2601 3887 eo
2632 3834 2776 3904 quod
2823 3835 2987 3887 homo
3016 3834 3188 3886 nostri
3224 3833 3420 3887 similis
3450 3832 3613 3886 intel-

2024 3932 2263 3998 ligatur;
2293 3939 2445 3983 vocat
2477 3936 2657 3983 autem
2690 3929 2753 3979 ad
2792 3926 3129 3981 nativitatem
3152 3926 3355 3990 omnia,
3382 3940 3447 3980 eo
3470 3925 3619 3994 quod

2010 4033 2202 4075 natura
2234 4020 2301 4075 sit
2336 4021 2496 4073 Deus.

2081 4112 2357 4179 Scriptum
2384 4120 2468 4165 est
2504 4112 2667 4165 ctiam
2699 4110 2765 4163 de
2793 4111 2911 4176 ipso
2952 4123 2961 4156 :
3006 4127 3025 4159 ι
3084 4107 3225 4161 Puer
3264 4107 3621 4178 proﬁciebat,

2008 4218 2060 4256 et
2094 4202 2534 4265 confortabatur,
2582 4216 2637 4255 et
2672 4201 3007 4268 implcbatur
3054 4199 3323 4267 sapienzia
3380 4208 3435 4253 et
3485 4215 3616 4270 gra-

2012 4296 2080 4345 tia
2113 4294 2176 4347 ‘9.
2214 4312 2232 4343 ›
2269 4290 2404 4346 Cum
2453 4300 2645 4344 natura
2680 4292 2751 4343 sit
2791 4289 3097 4356 perfectum
3131 4296 3188 4341 ut
3240 4286 3419 4354 Dens,
3466 4297 3520 4342 ct
3547 4304 3616 4342 ex

2007 4402 2101 4437 sua
2146 4383 2477 4452 plenitudine
2524 4382 2790 4451 spiritalia
2838 4381 3044 4433 sanctis
3102 4378 3383 4447 impertiat
3424 4396 3437 4441 ;
3485 4393 3617 4432 cum

2009 4478 2179 4541 ipsum
2224 4475 2293 4527 sit
2322 4473 2605 4542 sapientite
2638 4473 2794 4523 dator
2821 4480 2872 4522 et
2900 4469 3112 4539 gratim,
3164 4467 3437 4537 quomodo
3487 4482 3616 4538 pro-

2011 4570 2113 4621 fit-it
2146 4583 2298 4633 puer,
2333 4578 2385 4619 ct
2411 4566 2674 4633 sapientia
2712 4565 2970 4629 impletur
3022 4575 3073 4615 et
3128 4562 3355 4629 gratia?
3402 4562 3615 4615 Secun-

2016 4661 2138 4713 dum
2168 4660 2311 4711 aliud
2346 4669 2398 4710 et
2427 4658 2569 4710 alittd
2611 4676 2621 4709 :
2658 4674 2778 4709 eunt
2824 4658 2891 4708 sit
2916 4657 3063 4708 enim
3120 4654 3237 4723 ipse
3265 4655 3406 4706 idem
3451 4653 3617 4708 homo

2014 4751 2173 4803 simul
2217 4759 2269 4803 cl
2317 4750 2476 4808 Deus,
2526 4758 2747 4817 propter
2797 4748 3059 4798 unitati-tn
3109 4746 3330 4814 quidem
3383 4744 3612 4815 propria

2014 4844 2159 4895 ducit
2194 4843 2426 4895 lttttnaua
2455 4858 2467 4905 ;
2498 4852 2578 4894 est
2603 4852 2785 4892 autem
2821 4838 3121 4907 perfectus,
3162 4846 3219 4892 et
3248 4836 3530 4905 sapilfllliil‘
3557 4845 3617 4892 et

2011 4934 2198 5003 gratiae
2230 4935 2410 4996 dator,
2445 4942 2501 4985 nt
2541 4933 2704 4984 Deus.

2086 5024 2437 5092 Nnttcnpatns
2493 5033 2576 5077 cst
2634 5023 2798 5075 etiam
2840 5030 2891 5073 ct
2935 5018 3356 5088 prituogcnitus,
3400 5028 3455 5073 et
3494 5018 3619 5073 uni-

2013 5118 2268 5187 gettitus;
2324 5118 2418 5171 sed
2473 5116 2515 5169 si
2552 5115 2675 5185 quis
2721 5114 2826 5166 vim
2872 5113 3045 5181 ipsam
3093 5112 3329 5166 scrutari
3384 5110 3618 5166 voluerit

2015 5207 2335 5271 dictionum,
2371 5205 2763 5275 pritnngenitus
2785 5214 2889 5267 est,
2932 5204 3023 5272 qui
3057 5205 3202 5257 inter
3247 5202 3449 5256 fratres
3487 5201 3611 5270 plu-

2018 5303 2181 5353 rintos
2210 5299 2601 5368 primogenitus
2626 5315 2639 5363 ;
2667 5298 2979 5367 nnigenitus
3014 5311 3143 5348 vero
3172 5335 3186 5359 ,
3243 5304 3302 5349 ut
3339 5293 3602 5363 unigeni-

2013 5401 2119 5455 ttts,
2153 5409 2255 5444 non
2284 5391 2393 5458 jatn
2432 5391 2848 5460 pritnogcnitus,
2884 5404 2982 5443 nec
3013 5389 3157 5442 inter
3192 5387 3459 5456 plurimos
3494 5385 3609 5439 fra-

2013 5495 2142 5538 tres.
2178 5484 2243 5536 Λι
2273 5494 2355 5537 est
2388 5484 2522 5552 ipse,
2565 5492 2620 5537 et
2658 5483 2781 5541 hoc.
2816 5490 2869 5535 et
2903 5480 3033 5534 illud
3062 5497 3076 5546 ;
3124 5480 3401 5548 quomodo
3438 5478 3620 5547 ergo?

2016 5578 2321 5630 SCClllttilllll
2360 5574 2501 5629 "aliud
2547 5588 2599 5630 et
2648 5575 2791 5627 aliud
2829 5591 2840 5625 :
2879 5572 3281 5642 prituogcnitus
3327 5572 3471 5626 enim
3501 5611 3516 5635 ,
3554 5581 3615 5625 ut

2810 5780 2866 5836 ιο)
2904 5781 2988 5835 Ejl.
3076 5780 3109 5809 "
3154 5776 3311 5833 Joan.
3378 5793 3456 5841 ttt,
3524 5778 3610 5837 13.

2306 5784 2344 5814 ³⁷
2391 5782 2565 5836 [μὴ.
2629 5796 2739 5848 xw,
