4058 6328
497 454 633 510 “07

1523 439 1583 493 S.
1628 432 1904 493 CYRILLI
1941 421 2407 484 ALEXANDRINI
2452 414 2772 475 ARCIIIEP.

3620 400 3757 458 H08

498 569 639 620 inter
658 562 814 631 797
846 557 1105 629 plurimos
1140 556 1357 619 fratres,
1391 565 1608 624 propter
1632 550 2027 607 humanitatem
2058 564 2071 609 ;
2107 550 2151 603 Α
2180 542 2339 595 etiam
2360 549 2490 593 tunc
2509 552 2631 591 cum
2656 534 2709 587 in
2732 530 2912 631 multis
2934 528 3095 583 fuerit
3120 525 3388 631 .l'ratrlbus
3415 542 3429 578 :
3462 533 3591 578 tunc
3614 522 3758 575 enim

498 657 805 725 nnigenitus
838 668 998 721 porro
1030 650 1195 713 idem,
1241 658 1298 701 ut
1330 648 1481 702 solus
1524 661 1590 700 ex
1625 645 1743 699 solo
1776 644 1938 698 Patre
1974 656 2073 694 na-

500 757 609 806 tus,
636 754 687 798 et
718 754 775 796 ιιι
811 744 973 796 lleus.

571 836 966 890 Sanctiﬁcatus
1018 830 1183 883 fuisse
1235 828 1435 881 dicitur
1476 842 1571 897 per
1614 828 1873 895 Spiritum
1901 865 1917 891 ,
1956 838 2076 877 cum

501 932 620 999 ipse
649 930 992 984 sanctitieare
1033 924 1207 978 soleat
1240 922 1593 983 accedentes;
1644 920 1955 986 baptizatus
1994 930 2078 970 se-

501 1023 736 1075 ιιιιιιΙυιιι
767 1032 1009 1078 carnem,
1054 1016 1145 1081 qui
1185 1015 1236 1066 in
1267 1024 1457 1068 sancto
1487 1010 1691 1079 Spiritu
1744 1007 2077 1076 baptizabat.

503 1112 786 1179 Quomodo
832 1109 996 1177 igitur
1044 1110 1183 1163 idem
1220 1115 1279 1159 et
1326 1101 1628 1157 sanctiﬁcat
1670 1110 1725 1153 et
1774 1098 2082 1153 sanctiﬁca-

505 1211 627 1263 tur,
680 1201 917 1269 ltaptizat
962 1209 1015 1253 et
1068 1195 1423 1268 baptizatur?
1479 1194 1787 1247 Secundum
1836 1192 1979 1246 aliud
2027 1201 2082 1245 et

506 1290 649 1344 aliud
681 1311 694 1345 ;
726 1290 1093 1344 sanctilicatnr
1122 1288 1267 1342 enim
1291 1288 1545 1349 humane,
1574 1286 1716 1339 sicut
1742 1282 1905 1338 etiam
1946 1286 2081 1352 bap—

506 1386 747 1448 tizatur;
806 1383 1113 1437 sanctificat
1158 1389 1339 1433 autem
1385 1379 1599 1441 divine,
1653 1386 1709 1431 et
1744 1376 1981 1448 baptizat
2031 1374 2083 1427 in

507 1473 715 1544 Spiritu
742 1488 956 1527 sancto.

573 1565 706 1620 Cum
737 1567 848 1634 ipse
871 1567 1095 1620 suscitet
1117 1581 1258 1617 mor-

505 1668 625 1711 tuos
654 1696 669 1721 ,
712 1657 1009 1711 resurrexit
1040 1674 1068 1708 a
1107 1672 1257 1709 tnor-
1332 1659 1516 1726 κροὺς,
1542 1658 1604 1708 ἐκ
1627 1655 1835 1725 νεκρῶν
1856 1654 2090 1722 ἐγήγερ-

507 1752 634 1813 tuis,
669 1760 723 1805 et
744 1765 863 1803 cunt
885 1751 954 1803 sit
987 1766 1081 1818 per
1108 1759 1259 1802 natu-
1329 1766 1449 1803 ται·
1490 1750 1583 1801 καὶ
1614 1748 1721 1811 ζῶν
1752 1746 1894 1800 κατὰ
1927 1745 2088 1815 etiam

506 1860 618 1898 rant
644 1845 775 1907 vita,
824 1843 1086 1897 viviﬁcari
1125 1842 1259 1896 dici-
1329 1843 1645 1912 τυγχάνων,
1705 1838 2086 1904 ξωοποιείσοαι

509 1948 628 2002 tur;
665 1938 765 1991 ltoe
806 1953 1039 2005 quonam
1066 1935 1263 1989 modo?

1402 1563 1572 1626 Αὐτὸς
1588 1561 1814 1633 ἐγείρων
1848 1562 1974 1623 τοὺς
1999 1577 2086 1613 νε-

1333 1940 1569 2008 λὲγετιι.
1604 1937 1713 1989 Καὶ
1744 1936 1861 1999 πῶς
1899 1936 2088 1999 τοῦτο;

508 2027 813 2080 Set-ttttduut
834 2026 978 2079 aliud
999 2043 1189 2094 nempe
1210 2037 1264 2079 et

505 2117 650 2169 aliud
694 2134 707 2169 :
740 2117 852 2184 ipse
892 2116 1036 2167 cnim
1091 2130 1267 2168 resur-

510 2209 648 2263 rexit
686 2209 899 2277 quidem
944 2225 971 2258 ει
1013 2208 1259 2270 mortuis,

504 2311 557 2351 et
577 2300 834 2352 \‘ivilicari
865 2299 1052 2352 dicitut
1075 2314 1265 2353 secun-

507 2396 629 2446 dum
688 2409 951 2458 carnem;
1022 2393 1263 2446 vivilit'at

506 2498 682 2539 autem
719 2498 772 2539 et
803 2488 1033 2539 suscitat
1060 2502 1087 2539 a
1119 2502 1263 2539 tuor-

507 2580 633 2644 tuis,
680 2590 865 2649 utpote
917 2582 1073 2633 Deus.
1119 2578 1263 2632 l‘ati-

508 2686 615 2738 tur,
659 2685 709 2727 et
760 2692 863 2728 non
908 2675 1130 2743 patitur,
1173 2690 1255 2728 se-

507 2764 741 2817 cundum
786 2765 1032 2818 aliud‘et
1066 2764 1209 2817 aliud
1245 2779 1259 2815 :

506 2857 713 2923 patitur
758 2857 975 2924 quidem
1030 2858 1263 2912 humane

505 2961 767 3004 carne.e0
793 2949 934 3016 quod
964 2948 1122 3000 homo
1153 2947 1219 3001 sit
1244 2965 1257 3013 ;

507 3041 849 3109 itnpassibilis
878 3052 1055 3096 autem
1082 3043 1261 3097 divine

1337 2033 1471 2084 Κατ’
1520 2032 1648 2086 ἄλλο
1699 2036 1793 2087 καὶ
1844 2035 1987 2089 ἄλλο.
2036 2033 2092 2085 Ὀ

1336 2124 1443 2194 γὰρ
1465 2125 1622 2187 αὐτὸς
1658 2128 1955 2198 ἐγήγερται
1993 2127 2092 2197 μὲν

1335 2216 1398 2267 ἐκ
1439 2216 1670 2285 νεκρῶν,
1715 2215 2091 2278 ζωοποιείσοαί

1332 2326 1391 2361 τε
1440 2308 1655 2375 λέγεται
1705 2310 1844 2362 κατὰ
1892 2311 2089 2380 σάρκα,

1337 2402 1591 2466 ζωοποιεῖ
1610 2404 1665 2458 δὲ
1692 2405 1783 2456 καὶ
1808 2404 2092 2474 ἀνίστησιν

1333 2492 1458 2554 τοὺς
1505 2493 1749 2563 νεκροὺς,
1801 2492 1875 2555 ὡς
1922 2495 2086 2557 θεὸς·

1335 2584 1555 2653 πάσχει.
1608 2586 1702 2637 καὶ
1745 2585 1805 2636 οὗ
1871 2586 2089 2655 πάσχει,

1336 2680 1457 2730 κατ’
1498 2677 1625 2730 ἄλλο
1670 2678 1760 2729 καὶ
1805 2677 1958 2731 ἄλλο·
1994 2677 2093 2730 πὰο

1337 2789 1453 2841 σχει
1506 2773 1601 2842 μὲν
1657 2776 1763 2842 γὰρ
1812 2772 2086 2842 ἀνθρωπί-

1335 2881 1439 2926 νως
1472 2863 1665 2934 σαρκὶ,
1709 2862 1844 2916 καοὸ
1887 2864 2093 2934 ἄνθρω-

1333 2973 1434 3020 πος
1456 2972 1469 2985 '
1503 2956 1714 3023 ἀπαθὴς
1747 2957 1801 3008 δέ
1837 2958 1952 3009 ἐστι
1986 2957 2092 3009 Ozi-

1332 3050 1464 3111 κῶς,
1496 3048 1570 3111 ὡς
1601 3048 1751 3112 Θεός.

508 3145 709 3198 manet,
739 3144 794 3187 ut
818 3134 976 3189 Deus.

575 3226 832 3278 Adoravit
864 3227 976 3295 ipse
999 3226 1278 3280 nobiscum
1310 3243 1322 3279 :
1350 3243 1370 3276 ι
1413 3223 1525 3280 Vos
1564 3224 1729 3288 enim,
1762 3224 1952 3292 inquit,
1990 3226 2055 3276 ad
2112 3227 2154 3285 ο

508 3312 673 3366 oratis
692 3314 832 3381 quod
859 3316 1116 3381 nescitis;
1138 3330 1234 3369 nos
1254 3314 1543 3369 adoramus
1566 3314 1704 3382 quod
1724 3314 1927 3368 scimus
1946 3314 2029 3379 ³ος
2062 3333 2077 3365 ι

507 3412 672 3456 etest
705 3404 867 3457 etiam
892 3405 1199 3459 adorandus
1235 3421 1246 3455 :
1283 3426 1300 3455 ι
1340 3403 1595 3457 Flectitur
1615 3404 1755 3457 enim
1790 3404 1889 3471 ipsi
1924 3420 2083 3457 omne

507 3509 645 3563 genu
696 3495 763 3547 ".
802 3514 819 3545 υ
856 3496 967 3551 lloc
1017 3511 1232 3565 quoque
1277 3496 1571 3550 secundum
1634 3495 1778 3548 aliud
1827 3506 1883 3548 et
1912 3496 2079 3552 aliud.

508 3587 711 3641 Adorat
741 3588 911 3650 enim,
937 3590 1065 3656 quia
1099 3599 1343 3641 naturam
1369 3587 1682 3656 assumpsit,
1728 3604 1849 3655 qua:
1890 3589 2085 3641 debeat

510 3680 738 3732 adorare
767 3696 783 3744 ;
819 3680 1078 3734 aduratur
1107 3691 1287 3733 autem
1325 3694 1486 3751 porro
1518 3680 1682 3745 idem,
1725 3682 1879 3748 quasi
1914 3681 2083 3749 major

509 3766 772 3822 adorante
819 3780 1033 3833 natura,
1082 3783 1147 3821 eo
1198 3770 1339 3837 quod
1390 3768 1709 3837 intelligitur
1759 3771 1916 3823 Deus.
1973 3773 2080 3825 Ad-

508 3862 759 3919 oratione
782 3876 911 3915 vero
942 3878 1046 3914 non
1074 3871 1157 3913 est
1180 3860 1525 3915 dividendum
1559 3862 1611 3914 in
1639 3862 1909 3924 hominem
1932 3879 2083 3917 seor-

511 3970 602 4009 sus
627 3964 682 4008 et
711 3968 928 4007 seorsus
962 3954 1013 4005 in
1060 3952 1261 4018 Deum;
1306 3969 1482 4022 neque
1516 3968 1644 4009 vero
1687 3966 1941 4023 tanquam
1980 3956 2085 4009 Deo

508 4044 854 4111 conjunctuut
872 4044 1178 4111 :eqnalitate
1198 4044 1497 4113 dignitatis,
1521 4044 1711 4098 divisis
1742 4044 2082 4110 Substantiis,

509 4150 633 4189 eum
680 4135 797 4201 ipso
845 4136 1057 4187 adorari
1088 4136 1318 4189 dicimus
1371 4136 1646 4189 hominem
1707 4137 1783 4205 (id
1816 4138 1960 4191 enim
1990 4154 2086 4190 ex-

513 4235 699 4278 tremae
729 4225 1019 4293 impietatis
1046 4226 1417 4292 plenissimum
1447 4227 1551 4294 est)
1587 4229 1718 4281 :sed
1775 4244 1938 4280 llnttttt
1976 4230 2076 4281 ad-

508 4317 773 4371 orandum
816 4317 1087 4371 hominem
1125 4316 1416 4382 factum,et
1448 4319 1788 4373 incarnatum
1823 4321 1911 4373 Dei
1955 4319 2086 4375 Ver-

511 4409 658 4474 bum;
684 4409 755 4462 ita
787 4420 990 4471 tamen,
1025 4420 1081 4461 ιιι
1124 4412 1408 4463 credamus
1452 4428 1648 4479 corpus
1692 4413 1740 4464 ei
1786 4416 2081 4465 adunatunt

509 4500 747 4551 auimatn
776 4499 929 4564 juxta
980 4516 1079 4553 nos
1133 4501 1387 4555 habuisse
1446 4503 1845 4557 rationabilem.
1903 4504 2084 4571 Neque

510 4585 653 4637 enim
689 4586 829 4639 Deus
855 4588 1194 4655 omnipotens
1226 4589 1361 4643 duos
1394 4592 1787 4659 primogenitos
1825 4597 2082 4662 praaccpit

510 4684 781 4745 oportere,
818 4686 923 4730 tam
963 4694 990 4732 a
1023 4680 1177 4733 nobis
1212 4696 1371 4747 quain
1396 4697 1422 4733 a
1461 4684 1666 4737 sanctis
1720 4686 1947 4753 angelis,
1983 4689 2079 4739 ad—

510 4768 680 4819 orari.
713 4765 862 4820 Untts
888 4780 971 4822 est
1001 4770 1167 4835 enim,
1194 4772 1283 4838 qui
1320 4783 1402 4825 est
1441 4774 1779 4829 introductus
1809 4777 1860 4830 in
1893 4780 2080 4832 orbem

510 4869 775 4911 terrarmn
804 4861 881 4926 ⁸¹;
919 4871 974 4914 et
1000 4862 1043 4914 si
1079 4863 1493 4920 introductionis
1541 4868 1756 4920 modum
1804 4870 2081 4925 curiosius

512 4958 946 5015 perscrutentur,
986 4952 1221 5005 carnalis
1279 4955 1705 5023 dispensationis
1757 4962 2079 5029 mysterium

513 5039 869 5093 inveniemus.
902 5039 1250 5098 Introductus
1280 5056 1363 5099 est
1410 5059 1590 5100 autem
1648 5050 1697 5100 in
1733 5053 1920 5105 orbein
1978 5064 2084 5106 ter-

511 5145 715 5194 rarum,
754 5141 878 5185 tunc
906 5146 1029 5185 cum
1064 5134 1236 5189 factus
1273 5148 1355 5190 est
1389 5138 1568 5203 homo,
1602 5139 1725 5193 licet
1764 5152 1957 5194 natura
1988 5159 2081 5196 sna

515 5222 721 5277 distare
742 5226 807 5278 ab
830 5228 961 5279 orbe
986 5227 1298 5296 longissime
1324 5230 1589 5295 videatur,
1621 5241 1673 5283 et
1704 5232 1754 5284 in
1778 5232 2078 5288 divinitatis

508 5313 803 5366 eminentia
823 5329 947 5367 vere
965 5328 1085 5368 esse
1112 5317 1365 5370 credatur
1400 5336 1415 5371 :
1451 5320 1587 5373 alius
1610 5334 1691 5375 est
1714 5322 1856 5374 enim
1886 5336 2082 5391 prtclel‘

508 5401 773 5457 cletnenta
798 5415 1011 5460 creator
1037 5408 1294 5477 ipsorum.
1337 5410 1472 5479 Ergo
1504 5428 1664 5479 super
1690 5428 1773 5476 ea,
1802 5429 1918 5481 quae
1951 5418 2064 5482 ip<e

511 5495 767 5559 condidit,
808 5500 1099 5552 secundum
1135 5512 1381 5553 naturam
1416 5514 1533 5567 est,
1573 5508 1714 5572 quod
1768 5517 1963 5559 natura
2013 5509 2083 5561 sit

515 5582 675 5639 Deus.
713 5585 860 5643 Unus
894 5601 1099 5656 tamen,
1166 5602 1221 5647 ut
1252 5604 1376 5648 ante
1402 5595 1511 5649 dixi
1543 5635 1557 5659 ,
1613 5597 1921 5653 adorandus
1956 5610 2036 5653 est
2066 5641 2081 5665 ,

585 5789 628 5819 ⁵⁰
662 5786 813 5847 Joan.
854 5811 924 5851 tv.
951 5797 1019 5851 22

912 5838 925 5863 ,
951 5800 1039 5851 “2‘2.
1157 5800 1198 5833 ³⁸
1235 5800 1464 5872 Philipp.
1500 5820 1555 5869 tt,
1595 5805 1676 5861 10.

510 5873 623 5927 κιν,
648 5860 735 5918 55.

1790 5808 1833 5839 θ’
1872 5807 2031 5863 llebr.
2067 5826 2106 5876 t,
2149 5811 2197 5865 ‘5.

2179 641 2465 701 propterea
2503 629 2685 681 dictus
2717 633 2799 678 est
2831 620 3243 692 primogenitus.

2256 722 2439 775 Unum
2472 718 2664 772 Filium
2699 715 2949 770 adoravit
2998 726 3175 766 czecus
3228 725 3256 763 a
3292 708 3575 763 nativitale
3615 720 3711 758 sua
3743 745 3760 769 ,

2181 828 2302 867 cum
2331 826 2441 880 prie
2460 814 2620 877 eipno
2646 806 2989 873 tnirabilique
3026 804 3185 856 modo
3219 808 3440 863 sanatus
3470 808 3575 853 est.
3603 795 3763 858 Nam,

2187 923 2205 955 ι
2246 918 2367 956 ειιιιι
2412 902 2711 956 invenisset
2737 914 2860 953 eum
2889 899 2939 948 itt
2973 892 3171 963 templo
3201 890 3381 957 Jesus,
3433 889 3570 942 dixit
3612 908 3627 943 :
3683 886 3763 940 'l‘u

2182 992 2435 1047 eredisin
2478 991 2670 1046 Filium
2713 989 2846 1042 Dei!
2872 986 2962 1041 llle
3009 994 3191 1038 autem
3228 982 3364 1036 dixit
3398 1000 3411 1034 :
3447 980 3584 1047 Quis
3632 990 3716 1034 est
3747 1019 3761 1039 ,

2186 1082 2430 1142 Domine,
2464 1091 2521 1133 ut
2554 1080 2773 1134 credam
2820 1078 2873 1130 iu
2919 1091 3043 1130 eum
3064 1073 3155 1126 ⁸³2
3211 1091 3228 1123 ›
3259 1070 3512 1125 Christus
3542 1085 3675 1123 vero
3718 1070 3764 1121 vi

2185 1172 2421 1238 seipsutn
2464 1186 2587 1222 cunt
2640 1182 2869 1236 corpore
2918 1166 3329 1227 demonstrans,
3364 1164 3544 1216 aiebat
3579 1179 3592 1214 :
3631 1180 3666 1237 Vl
3703 1158 3768 1213 Et

2185 1262 2365 1316 vidisti
2399 1262 2613 1331 quidem
2648 1276 2792 1324 eum,
2842 1267 2897 1313 et
2943 1258 3033 1327 qui
3089 1255 3326 1325 loquitur
3380 1265 3556 1310 tecum
3589 1292 3603 1317 ,
3655 1253 3769 1321 ipse

2186 1362 2272 1407 est
2305 1351 2369 1405 “.
2406 1371 2423 1402 ι
2463 1350 2621 1405 Vides
2641 1348 2786 1419 quod
2827 1346 3086 1417 singulari
3126 1362 3353 1401 numero
3390 1355 3573 1399 utatur
3598 1384 3613 1407 ,
3663 1360 3767 1397 non

2190 1444 2510 1511 permittens
2564 1441 2730 1496 Deum
2784 1450 2839 1495 et
2886 1441 3160 1495 hominem
3217 1454 3436 1493 seorsus
3496 1436 3766 1506 intelligi;

2192 1533 2302 1587 into
2344 1546 2473 1586 vero
2509 1540 2565 1586 et
2609 1532 2655 1586 si
2683 1532 2806 1601 quis
2835 1520 3109 1585 hominem
3166 1528 3531 1583 nominaverit
3555 1527 3772 1583 Emma-

2193 1625 2338 1689 nuel,
2374 1624 2599 1678 minime
2640 1625 2854 1692 quidem
2888 1636 3233 1676 communem
3290 1620 3565 1674 hominem
3600 1618 3772 1692 signi-

2194 1718 2433 1774 ﬁcaverit
2456 1736 2470 1785 ;
2496 1718 2588 1773 sed
2612 1717 2707 1772 Dei
2736 1714 2969 1769 Verbum
2990 1714 3289 1768 adunatunt
3313 1724 3510 1768 nostra-
3542 1724 3770 1768 natnrte.

2200 1812 2350 1866 llunc
2381 1811 2521 1866 sicut
2556 1824 2721 1862 unum
2746 1850 2760 1873 ,
2795 1808 3068 1862 hominem
3120 1806 3419 1860 adoravere
3470 1806 3615 1859 beati
3665 1804 3771 1857 dis-

2128 1893 2169 1947 Β
2196 1903 2377 1973 cipuli,
2409 1920 2532 1955 cum
2567 1918 2688 1955 cum
2721 1902 2963 1955 videntes
3019 1899 3171 1953 miris
3215 1898 3388 1951 modis
3435 1899 3575 1952 inter
3605 1914 3777 1966 aquas

2196 1994 2495 2057 ambulare,
2522 1994 2837 2056 adoravcre,
2876 1992 3121 2047 dicentes
3175 2008 3188 2043 ε
3244 2008 3263 2042 ι
3302 1988 3440 2044 Vere
3482 1991 3574 2044 Dei
3606 1988 3775 2046 Filius

2194 2101 2253 2141 es
2272 2087 2339 2139 ".
2381 2105 2400 2137 ι

2266 2178 2323 2233 Si
2356 2193 2487 2232 vero
2518 2179 2790 2233 hominem
2822 2193 2943 2233 eum
2986 2176 3097 2231 Deo
3123 2175 3403 2232 coadorari
3448 2175 3775 2237 dixerinuu,

2194 2271 2513 2324 divisionem
2574 2270 3023 2337 spatiosissimaut
3064 2270 3425 2323 inducemus:
3479 2268 3577 2319 σὺν
3626 2269 3772 2320 enim

2193 2377 2407 2430 semper
2438 2362 2603 2432 (quod
2635 2372 2718 2416 est
2753 2360 2941 2415 Latine
2963 2362 3128 2428 cum),
3159 2361 3258 2415 nisi
3292 2362 3342 2414 in
3376 2360 3779 2429 signiﬁcatione

2195 2456 2444 2519 unitatis,
2475 2471 2595 2524 quae
2622 2465 2706 2510 est
2727 2471 2824 2523 prr
2856 2454 3326 2523 compositimtetn,
3361 2463 3614 2518 ponatur,
3667 2453 3777 2503 dno

2192 2548 2417 2600 onntino
2441 2555 2597 2617 coget
2630 2546 2877 2615 intelligi.
2916 2545 3385 2612 Quemadmodum
3424 2544 3571 2599 enim
3608 2560 3771 2597 nemo

2191 2638 2293 2692 sibi
2323 2643 2614 2694 convenire
2636 2639 2849 2693 dicatur
2872 2677 2889 2702 ,
2918 2654 3099 2709 neque
3119 2653 3470 2700 concaenarc,
3497 2648 3587 2690 aut
3608 2635 3771 2690 coad-

2192 2740 2470 2793 orare,ant
2487 2730 2835 2785 coatnbulare
2861 2749 2875 2797 ;
2903 2733 3128 2785 duarum
3154 2732 3298 2785 enim
3323 2746 3679 2799 personarum
3698 2730 3774 2782 si-

2193 2820 2593 2888 gniﬁcationem
2624 2822 2824 2877 inducit
2852 2824 3162 2893 prmpositio
3225 2825 3393 2878 verbo
3431 2825 3719 2889 prchosita
3761 2843 3773 2875 :

2196 2912 2267 2964 ita
2288 2912 2447 2964 etiam
2471 2914 2517 2967 si
2546 2915 2670 2980 quis
2687 2915 2968 2968 coadorari
2991 2916 3262 2969 hominem
3278 2930 3398 2968 cum
3421 2914 3531 2968 Deo
3554 2916 3773 2979 dixerit,

2193 3003 2330 3056 duos
2371 3004 2528 3071 plane
2563 3005 2703 3059 lilios
2731 3007 2884 3071 dicit,
2918 3016 3020 3060 eta
3045 3022 3163 3059 sese
3182 2996 3482 3074 disjtnfctos
3508 3024 3521 3063 :
3552 3008 3777 3059 unitatis

2198 3094 2341 3147 enim
2375 3096 2530 3159 ratio,
2558 3096 2600 3148 si
2626 3096 2676 3148 in
2705 3096 2817 3149 sola
2857 3096 3132 3167 dignitatis
3177 3097 3485 3166 arqnalitate
3514 3098 3629 3149 sive
3674 3112 3773 3149 an.

2191 3185 2461 3239 ctoritatis
2487 3187 2835 3256 intelligatur,
2855 3203 2962 3242 non
2988 3203 3110 3242 esse
3140 3204 3259 3241 vera
3283 3188 3648 3250 convinritur,
3688 3188 3772 3241 id-

2189 3292 2295 3347 que
2324 3294 2351 3330 a
2386 3278 2539 3333 nobis
2568 3280 2679 3349 jam
2714 3280 2956 3347 pluribus
3006 3291 3132 3333 ante
3179 3280 3464 3347 probatum
3522 3288 3625 3332 est.

2680 3392 2846 3463 793
2871 3392 3022 3447 CAP.
3058 3393 3274 3446 xxxv.

2190 3502 2452 3555 Arlrcrsus
2487 3502 2605 3556 iHos
2635 3505 2727 3571 qui
2757 3506 2930 3566 aitml,
2973 3506 3111 3567 quod
3161 3506 3273 3557 salu
3316 3505 3565 3559 relatione
3606 3504 3771 3558 Deam

2596 3572 2819 3627 Verbum
2854 3578 3071 3627 deceant
3102 3577 3359 3629 humana.

2258 3683 2518 3739 Garrinnt
2549 3684 2785 3749 nOnnulli
2819 3687 2884 3738 de
2934 3686 3135 3738 carnali
3180 3685 3587 3752 tlispctts;tl.io.tc
3620 3684 3756 3738 Uni-

2189 3775 2375 3843 gtmiti,
2408 3785 2461 3827 et
2504 3776 2832 3837 venerabile,
2864 3792 2927 3830 ac
2971 3792 3242 3846 magnum,
3271 3788 3325 3831 et
3352 3779 3606 3846 supernis
3650 3780 3767 3845 spi-

2191 3864 2383 3917 ritibus
2412 3866 2859 3919 antabilissinnnn
2894 3869 3233 3937 mysterium,
3276 3886 3371 3936 per
3402 3872 3544 3938 quod
3602 3872 3766 3923 etiam

2190 3956 2384 4007 salvati
2419 3972 2626 4018 sumus,
2660 3959 2726 4009 ad
2760 3973 2952 4014 sensus
2981 3958 3200 4029 fragiles
3240 3959 3569 4021 deterentes.
3609 3962 3772 4015 decus

2188 4047 2565 4099 contaminant
2593 4047 3168 4118 pnleltritudinemque
3193 4050 3485 4115 veritatis;
3526 4066 3647 4104 cmn
3679 4068 3770 4106 eos

2189 4148 2458 4205 oporteat,
2495 4156 2599 4193 tton
2630 4140 2673 4193 si
2712 4140 2839 4209 quid
2885 4142 3017 4209 ipsis
3059 4154 3205 4197 recte
3252 4143 3453 4198 habere
3498 4144 3766 4208 videatur,

2189 4230 2446 4281 roborare
2477 4230 2684 4295 conari;
2726 4232 2818 4284 sed
2852 4231 3119 4300 inspicere
3152 4228 3344 4304 magis,
3372 4234 3555 4287 subtili
3576 4246 3769 4289 acuti»

2186 4334 2289 4389 que
2309 4322 2506 4374 mentis
2526 4322 2705 4386 oculo,
2729 4336 3009 4376 sacrarunt
3050 4328 3381 4392 propositum
3411 4324 3767 4387 Litterarum,

2187 4420 2348 4478 atque
2379 4422 2582 4464 rectum
2616 4411 2687 4463 ita
2721 4412 2823 4466 iter
2851 4414 3081 4482 ingredi,
3117 4426 3479 4469 seetantesea
3518 4434 3638 4479 qua:
3673 4417 3767 4469 Pa-

2191 4514 2301 4558 tres
2329 4505 2658 4557 sanctissimi
2694 4507 3077 4560 examinarunt
3102 4549 3117 4572 ,
3173 4510 3265 4577 qui
3305 4510 3476 4563 sancti
3532 4510 3769 4577 Spiritus

2192 4594 2672 4650 illutninationiluts
2719 4596 2940 4660 eruditi,
2989 4614 3221 4653 Sanxcrc
3271 4601 3423 4653 nobis
3461 4602 3766 4671 symbolum

2194 4688 2334 4751 lidei,
2371 4688 2541 4755 ipsum
2566 4690 2828 4753 dicentes,
2862 4691 3003 4757 quod
3034 4709 3094 4744 ex
3124 4691 3299 4746 Patris
3328 4694 3635 4747 substantia
3680 4695 3764 4747 in~

2189 4781 2578 4835 tcstimnbiliter
2611 4792 2794 4837 natum
2825 4794 2928 4847 est,
2970 4783 3137 4837 Deum
3187 4783 3446 4850 Verbum,
3497 4802 3593 4855 per
3626 4789 3766 4855 quod

2188 4873 2367 4926 omnia
2399 4873 2539 4925 facta
2565 4883 2712 4936 sunt,
2740 4892 2858 4945 qua:
2883 4876 2933 4928 in
2968 4877 3128 4941 cmlo,
3154 4888 3203 4931 ει
3224 4894 3341 4945 qua:
3374 4878 3424 4931 in
3454 4889 3620 4941 terra,
3644 4894 3765 4947 pro-

2190 4974 2309 5031 pter
2343 4980 2441 5017 nos
2468 4965 2734 5028 homines,
2770 4977 2823 5020 et
2867 4980 3066 5022 nostra:
3110 4970 3306 5023 salutis
3335 4985 3497 5024 Causa
3529 4971 3761 5025 descen-

2188 5055 2351 5117 disse,
2394 5054 2663 5110 hominem
2698 5058 2921 5121 [actnun
2967 5075 3313 5129 passamque,
3352 5062 3666 5117 ascendisse
3711 5063 3762 5116 in

2187 5144 2408 5208 εωιυιιι,
2448 5156 2734 5201 venturum
2788 5160 2907 5218 post
2944 5161 3186 5220 tempora
3227 5153 3477 5221 judicare
3514 5154 3667 5209 vivos
3711 5165 3765 5211 et

2188 5247 2447 5291 lllOl‘lUOS.

2262 5328 2456 5382 Verum
2498 5332 2737 5385 nonnulli
2772 5343 2917 5398 sunt,
2948 5336 3138 5388 doetus
3174 5352 3230 5389 se
3266 5353 3386 5390 csse
3418 5339 3760 5409 scientesque
3796 5335 3815 5353 ‘

2188 5417 2413 5485 opinati,
2450 5430 2503 5471 ct
2532 5423 2836 5489 supercilio,
2880 5437 2932 5477 ct
2955 5434 3160 5480 tumore
3194 5427 3412 5492 sulllati,
3455 5430 3545 5499 qui
3576 5432 3618 5482 si
3650 5433 3759 5485 ita'c

2182 5510 2341 5563 verba
2376 5512 2663 5579 audierint,
2699 5516 2985 5581 derident;
3019 5528 3067 5571 ct
3096 5508 3157 5570 ea
3180 5536 3299 5587 qua;
3333 5530 3439 5573 tam
3471 5534 3615 5576 recte
3638 5535 3757 5576 sunt

2182 5603 2351 5667 dicta,
2377 5603 2726 5660 deliramenta
2759 5610 2927 5674 magis
2980 5610 3294 5665 existimant
3324 5632 3336 5667 ;
3367 5629 3487 5667 cum
3532 5632 3755 5684 praescr—

2314 5808 2357 5838 ⁵δ
2415 5806 2564 5863 .Ιυ.ιιι.
2602 5827 2672 5873 l\,
2707 5813 2791 5879 '58,
2818 5813 2901 5869 δυ.

3021 5816 3058 5847 δ”
3102 5818 3225 5872 ibid.
3295 5817 3359 5868 37
3494 5822 3534 5851 ⁷⁵³
3568 5819 3750 5874 .‘llattlt.
