4058 6328
311 447 327 492 ι
341 441 443 495 ιὲ-ῐῖυ

1234 430 1525 489 SlIIIOLIA
1570 432 1655 486 DF.
1696 428 2213 486 ΙΝΟΑΒΝΑΤΙΟΝΕ
2259 429 2637 489 liNlGENlTl.

3473 426 3613 483 MlO

303 560 396 610 tim
428 559 718 611 credamus
749 554 1145 611 illuminatione
1178 551 1416 623 Spiritus
1448 551 1622 606 sancti
1656 551 1898 619 patuisse
1927 560 1972 610 Α
2004 552 2265 619 patiente,
2299 568 2365 607 eo
2415 553 2559 622 quod
2586 566 2788 622 corpus
2846 551 3016 623 ipsius
3058 549 3238 605 fuisse
3272 546 3471 602 dicitur
3492 563 3615 617 pro-

303 652 507 704 sanctis
536 651 786 706 Patribus
810 648 1091 703 scientiam
1118 646 1385 700 veritatis.
1414 647 1483 699 At
1506 644 1602 707 illi,
1638 654 1897 714 tanquam

301 744 342 796 si
382 742 480 797 soli
519 744 725 813 possint
758 742 980 795 meliora
1032 740 1261 802 sentire,
1323 754 1427 791 non
1470 738 1646 804 ipsum
1705 737 1899 791 existi-

304 846 474 898 mant,
507 836 840 904 unigenitum
884 831 976 887 Dei
1011 831 1226 891 Filium,
1257 830 1348 899 qui
1376 838 1459 883 est
1488 845 1551 885 ex
1591 828 1896 884 substantia

305 925 447 991 ejus,
513 929 696 979 lietttn-
732 924 965 978 Verbum
1025 938 1241 992 passum
1274 935 1395 975 esse
1441 935 1537 975 sua
1570 935 1739 974 carne
1796 935 1897 989 pro

303 1020 458 1070 nobis
495 1018 750 1077 humane,
780 1016 904 1069 licet
928 1030 993 1069 eo
1013 1014 1153 1083 quod
1182 1013 1325 1067 Deus
1353 1013 1693 1083 intelligitur,
1718 1014 1771 1067 in
1800 1027 1897 1068 sua

303 1121 499 1161 natura
534 1110 751 1171 haheat,
788 1118 842 1160 ιιι
876 1108 982 1175 pati
1027 1120 1131 1159 non
1162 1107 1329 1174 pessit
1364 1124 1379 1173 ;
1412 1105 1686 1161 hominem
1710 1116 1893 1163 autem

304 1218 527 1257 st'nl'sns
558 1212 613 1254 et
640 1201 929 1268 separatim
955 1214 1076 1251 enm
1122 1210 1403 1265 ponentes,
1436 1201 1527 1269 qui
1574 1212 1658 1254 est
1685 1216 1750 1256 ex
1778 1215 1899 1255 san-

303 1305 389 1347 cta
431 1292 651 1362 Virgine
698 1301 1033 1360 procreatus.
1096 1287 1300 1342 Deinde
1344 1289 1418 1351 ei,
1468 1301 1730 1353 quantum
1766 1291 1898 1359 ipsis

306 1387 543 1448 videtur,
570 1386 783 1438 modum
819 1382 1004 1453 gloriae
1032 1381 1354 1444 tribuentes,
1408 1382 1701 1435 adunatmn
1732 1381 1896 1437 fuisse

304 1476 491 1528 dicunt
522 1472 699 1527 Verbo
734 1473 823 1525 Dei
857 1471 1033 1525 Patris
1070 1487 1083 1533 ;
1137 1478 1191 1523 et
1234 1468 1497 1522 rationem
1552 1469 1897 1523 adunationis

304 1577 664 1634 exponentes,
698 1566 954 1618 donatam
981 1576 1103 1617 esse
1151 1562 1249 1631 ipsi
1296 1562 1482 1615 dicunt
1509 1577 1536 1613 a
1571 1558 1681 1614 Deo
1711 1576 1897 1630 :eqna-

306 1658 517 1712 litatcm
565 1658 871 1727 dignitatis,
928 1657 1045 1710 sive
1100 1654 1463 1715 auctoritatis,
1523 1665 1576 1707 et
1623 1664 1679 1707 ιιι
1732 1653 1895 1706 simili

306 1747 690 1815 appellatione,
723 1757 778 1799 et
807 1745 1080 1810 Christus,
1124 1754 1174 1798 et
1221 1742 1391 1797 Filius
1438 1745 1667 1804 dicatur,
1700 1755 1754 1797 et
1788 1742 1894 1796 Do-

305 1842 508 1894 minus.
564 1838 659 1893 Sin
687 1853 818 1892 vero
855 1838 1019 1892 etiam
1065 1852 1258 1907 passus
1279 1852 1399 1891 esse
1428 1835 1629 1905 aliquid
1681 1836 1896 1889 dicatur

2007 642 2183 711 primu
2220 660 2236 709 ;
2275 653 2457 698 manet
2486 660 2629 700 vero
2653 644 2769 714 ipse
2800 643 3168 714 impassibilis,
3188 657 3252 695 eo
3280 641 3421 711 quod
3448 641 3618 709 ipsius

2003 744 2090 789 est
2121 735 2401 804 proprium
2426 744 2482 789 ut
2518 736 2629 804 pati
2666 752 2773 789 non
2810 735 3003 804 possit.

2076 827 2230 893 Quod
2257 828 2301 883 si
2324 828 2565 897 glorilica
2583 837 2668 882 tns
2694 839 2779 883 est
2802 826 3124 881 Emmanuel
3151 842 3246 895 per
3279 824 3612 893 passio:.em,

2006 927 2063 971 ut
2121 920 2235 988 ipse
2292 918 2447 982 dixit,
2510 934 2633 973 cum
2691 934 2789 989 pro
2846 921 3003 973 nobis
3057 920 3359 988 pretiosam
3393 932 3611 970 erm-em

2003 1019 2147 1063 esset
2181 1025 2439 1078 passurus
2473 1024 2487 1063 ε
2517 1028 2535 1061 ι
2571 1007 2725 1066 Nunc
2776 1009 3116 1081 glorificatus
3171 1019 3256 1064 est
3310 1008 3481 1061 Filius
3516 1009 3614 1060 ho-

2004 1100 2171 1156 minis
2204 1102 2251 1132 "
2294 1119 2309 1167 ;
2349 1103 2810 1171 acunpassionis
2834 1104 3067 1174 gloriam
3107 1104 3310 1156 homini
3361 1102 3613 1156 tribuen-

2006 1203 2086 1248 tes
2122 1194 2291 1248 solam
2323 1196 2542 1249 habenti
2578 1195 3021 1263 Conjnnctionem
3056 1212 3179 1250 cum
3210 1212 3273 1263 eo
3314 1196 3365 1249 in
3420 1209 3607 1263 atqua-

2003 1287 2157 1341 litate
2210 1290 2511 1359 dignitatis,
2565 1306 2670 1343 non
2716 1287 3270 1355 ernbescunt?Na:n,
3311 1290 3455 1342 sicut
3507 1288 3608 1357 ipsi

2003 1382 2344 1445 existimant,
2403 1383 2688 1451 conjunxit
2744 1383 2847 1437 sibi
2915 1383 3215 1438 secundmn
3276 1380 3611 1435 voluntatem

2004 1469 2179 1524 Patris
2202 1481 2257 1526 et
2279 1474 2664 1543 complacitum
2700 1474 2987 1529 hominem
3026 1476 3370 1545 simpliciter,
3397 1485 3452 1529 et
3486 1490 3610 1528 eum

2003 1576 2119 1616 suae
2176 1564 2362 1633 gloriae
2416 1580 2602 1634 parem
2666 1565 2865 1630 effecit,
2912 1577 2969 1621 et
3010 1568 3308 1631 concessit,
3354 1576 3411 1619 ut
3444 1566 3610 1620 simili

2002 1655 2374 1723 appellatione
2402 1656 2675 1723 Christus,
2708 1668 2761 1714 et
2784 1658 2978 1726 Filius,
3013 1670 3065 1715 et
3104 1661 3252 1715 Deus
3297 1663 3614 1714 nominatus

2002 1746 2095 1808 sit,
2122 1758 2175 1801 et
2207 1746 2492 1804 Dominus.

2076 1838 2218 1911 Ergo
2272 1857 2448 1911 neque
2489 1842 2834 1899 incarnatum
2886 1855 2972 1898 est
3017 1859 3149 1900 vere
3196 1843 3459 1907 Verbum,
3509 1858 3611 1898 nec

312 1932 500 1995 homo,
533 1933 623 2001 qui
665 1930 734 1985 ab
776 1930 908 1999 ipsis
942 1930 1307 1997 cxcogitatur,
1350 1938 1604 2000 oportere
1650 1929 1801 1982 aiunt
1838 1928 1890 1981 in
1929 1908 1972 1963 Β
2001 1908 2225 2001 prorsus
2274 1908 2436 1989 homo
2475 1944 2561 1989 est
2614 1937 2838 1991 factum.
2875 1938 2958 1991 An
3020 1937 3186 2002 forte,
3242 1938 3408 1991 etiam
3445 1935 3611 1991 lalsos

306 2024 483 2093 ipsum
511 2024 675 2077 Deum
726 2022 956 2076 Verbum
1013 2021 1230 2086 referri,
1271 2037 1338 2076 eo
1367 2020 1510 2089 quod
1542 2019 1890 2087 conjunctum

306 2116 378 2169 sit
414 2116 512 2184 ipsi
547 2113 855 2183 aequalitate
886 2113 1193 2181 dignitatis,
1254 2129 1399 2177 cum,
1440 2110 1649 2166 naturis
1680 2111 1890 2176 divisis,

306 2205 681 2274 ttnusqttisque
714 2204 763 2257 id
798 2204 889 2269 sit,
922 2204 1064 2273 quod
1091 2214 1195 2258 est.

402 2296 718 2366 Explanabo
764 2297 1109 2375 autem‘vim
1161 2295 1590 2362 sententiarum,
1630 2305 1890 2365 quantum

307 2388 425 2459 ipse
468 2388 707 2450 valuere,
767 2402 1047 2442 sacrarum
1088 2385 1414 2440 Litterarum
1472 2389 1717 2458 exempla
1767 2402 1895 2458 pro-

306 2495 534 2550 ponens.
566 2479 768 2533 Esnriit
790 2477 1063 2542 Christus,
1110 2478 1305 2532 itinere
1344 2477 1601 2549 fatigatus
1626 2488 1731 2544 est,
1764 2480 1895 2535 dor-

312 2571 492 2633 mivit,
528 2572 810 2641 ingressus
846 2580 930 2624 est
982 2570 1033 2623 in
1083 2570 1408 2633 naviculam,
1446 2571 1691 2639 pulsatus
1741 2582 1826 2626 est
1866 2586 1896 2625 a

308 2664 575 2717 ministris
621 2662 964 2725 verberibus,
997 2676 1025 2713 ει
1068 2660 1242 2715 Pilato
1295 2663 1597 2729 ilagellatns
1626 2672 1729 2725 cst,
1764 2676 1895 2731 spu-

308 2757 512 2809 tamina
545 2755 772 2809 militum
807 2754 1044 2822 escepit,
1072 2755 1163 2822 qui
1194 2754 1377 2808 lancea
1407 2755 1548 2809 latus
1574 2764 1895 2824 pungentcs,

309 2856 522 2902 acetum
557 2848 773 2900 mistum
804 2846 923 2900 felle
969 2848 1051 2899 ori
1106 2846 1222 2915 ejus
1274 2847 1624 2912 obtulerunt;
1662 2849 1899 2917 gustavit

312 2950 495 2991 autem
539 2950 591 2991 et
615 2949 867 2999 mortem,
905 2953 1121 2991 crucem
1170 2954 1380 3006 passus,
1418 2949 1473 2992 et
1507 2938 1611 2992 aha
1652 2939 1898 2992 convicia

306 3026 639 3083 Juda'orttm.
682 3027 805 3081 lla’c
854 3027 1035 3079 omnia
1089 3029 1291 3081 homini
1339 3029 1555 3094 quidem
1604 3031 1901 3099 contigisse

310 3129 767 3182 counnemorant,
808 3117 997 3171 referri
1028 3133 1157 3170 vero
1197 3118 1248 3169 in
1276 3116 1395 3172 Filii
1437 3121 1548 3171 veri
1588 3135 1896 3188 personam.

1995 2028 2394 2097 mendacesque
2421 2030 2605 2084 dicere
2648 2032 2903 2105 doctores
2935 2044 3159 2089 sanctos
3199 2033 3386 2087 nnmdi
3419 2034 3607 2093 totius,

1997 2119 2204 2173 nullum
2258 2121 2435 2188 pariat
2489 2122 2920 2178 detrimentum?
2948 2127 3056 2181 Aut
3108 2126 3277 2197 799
3335 2129 3481 2180 enim
3524 2124 3610 2179 di-

1995 2220 2143 2274 cant,
2173 2211 2283 2265 imo
2324 2212 2496 2283 magis
2538 2216 2839 2284 procedant
2893 2218 2946 2270 in
3004 2220 3243 2271 medium
3302 2218 3607 2287 probaturi,

1995 2304 2259 2373 quodqui
2307 2305 2709 2374 conjunetionis
2744 2311 2813 2363 ab
2863 2309 2998 2379 ipsis
3044 2310 3327 2365 inducitur
3383 2313 3605 2371 modus,

1996 2396 2394 2453 incarnationis
2438 2402 2635 2473 habeat
2684 2403 2830 2465 vim,
2866 2412 2917 2455 et
2951 2404 3002 2455 id
3061 2404 3152 2466 sit,
3195 2401 3435 2455 Verbum
3484 2414 3609 2455 eSse

1998 2488 2274 2543 hominem
2312 2490 2536 2547 factum.
2575 2495 2678 2547 Aut
2723 2494 2769 2547 si
2802 2508 2864 2547 ea
2900 2508 3006 2546 non
3049 2494 3122 2547 ita
3163 2494 3366 2547 habere
3414 2492 3606 2545 existi-

2000 2589 2169 2647 mant,
2215 2598 2388 2650 quare
2435 2583 2837 2652 c0njunctionis
2875 2584 3033 2640 nobis
3082 2584 3451 2652 inconjnncta:
3483 2594 3604 2636 nro-

2000 2673 2125 2724 dmn
2162 2675 2501 2741 excogitant,
2537 2678 2768 2731 veritate
2803 2677 3047 2747 neglecta
3080 2676 3252 2730 ?cum
3289 2676 3483 2730 deceat
3518 2690 3615 2729 eos

2000 2766 2184 2820 dicere
2268 2767 2593 2822 humanitati
2658 2780 2857 2825 nostra:
2916 2770 3216 2823 adunatum
3278 2767 3445 2822 fuisse
3518 2767 3609 2822 Dei

2006 2856 2243 2911 Verbum
2275 2868 2328 2913 et
2357 2856 2580 2915 Patris:
2617 2861 2686 2915 ita
2731 2862 2877 2915 enim
2920 2876 3090 2914 carne
3127 2861 3347 2930 quidem
3391 2860 3610 2929 preprizt

2003 2947 2330 3017 intelligatur
2372 2965 2568 3020 passus
2598 2951 2857 3006 humana.
2890 2952 3170 3018 Quantum
3204 2967 3333 3005 vero
3368 2953 3608 3020 pertinet

2005 3039 2071 3092 ad
2108 3040 2412 3096 divinitatis
2458 3054 2732 3109 naturam,
2773 3045 3040 3099 molestia:
3074 3046 3252 3099 omnis
3298 3059 3518 3114 eXpers,
3552 3053 3613 3099 ut

2010 3130 2175 3188 Deus.

309 3214 503 3265 Αιιιυε
561 3210 856 3272 credimus,
918 3210 1061 3263 sicut
1113 3210 1163 3262 in
1222 3226 1384 3262 ttnnm
1433 3210 1596 3265 Deum
1662 3212 1897 3275 Patrem,

2080 3226 2232 3291 Quod
2274 3242 2404 3281 vero
2453 3226 2771 3283 relationem
2836 3229 3205 3294 nominantes,
3252 3245 3377 3301 quae
3421 3231 3612 3286 nescio

309 3303 762 3370 Omnipotentetn,
810 3302 1051 3354 omniunt
1116 3300 1408 3353 visibilium
1468 3301 1901 3355 etinvisihilium

313 3394 730 3456 factoretn;ita
799 3394 965 3447 etiam
1032 3392 1083 3445 in
1143 3408 1306 3445 unum
1370 3393 1652 3447 Dominmtt
1715 3392 1905 3448 Jesnm

310 3486 612 3549 Christum,
678 3482 869 3537 Filium
919 3485 1056 3550 ejus.
1115 3483 1367 3538 Dividere
1418 3499 1547 3539 vero
1596 3500 1817 3540 seorSns
1850 3488 1902 3539 in

315 3581 589 3632 hominem
631 3576 969 3640 Eunnannel,
1024 3585 1079 3630 et
1111 3593 1331 3630 seorsus
1378 3576 1429 3630 in
1464 3575 1726 3642 Verbum,
1750 3593 1907 3631 recu-

311 3685 516 3723 samus.
548 3668 797 3722 Seientes
847 3677 1027 3721 autem
1070 3671 1211 3733 quod
1272 3667 1470 3719 factum
1502 3666 1573 3719 sit
1603 3666 1755 3732 juxta
1808 3680 1905 3719 nos

318 3760 555 3816 Verbum
620 3762 803 3824 homo,
861 3774 986 3813 vere
1036 3759 1211 3827 ipsum
1258 3761 1615 3827 cmndemque
1674 3758 1907 3813 dicimus

315 3856 485 3908 Deum
526 3856 590 3905 de
622 3853 733 3907 Deo
767 3869 782 3917 ;
817 3853 1050 3905 lnnnane
1101 3866 1231 3905 vero
1281 3845 1554 3904 hominem
1597 3850 1751 3919 juxta
1809 3868 1906 3906 nos

311 3961 378 4000 ex
413 3945 660 3997 rnniicre.
700 3943 1049 3997 Allirmamus
1077 3955 1256 3996 autem
1294 3958 1455 4012 porro
1487 3952 1708 4013 propter
1744 3944 1907 3999 latiti-

318 4039 637 4102 Iiaritatem,
690 4037 873 4090 carnis
922 4036 1138 4104 quidem
1196 4050 1318 4088 emn
1358 4035 1702 4091 inﬁrmitates
1741 4036 1907 4091 fuisse

317 4142 633 4195 perprsunn
670 4142 960 4189 ;servasse
985 4141 1112 4179 vero
1144 4136 1352 4181 naturae
1385 4142 1496 4181 sua:
1554 4128 1905 4197 impassibili-

318 4230 507 4282 tatem,
552 4236 617 4271 eo
665 4218 807 4285 quod
866 4234 970 4269 non
1029 4218 1189 4271 homo
1222 4230 1343 4272 erat
1391 4219 1588 4285 solum,
1638 4221 1729 4275 sed
1763 4220 1903 4274 idem

317 4310 481 4360 t'tintlt
530 4308 670 4361 Deus
730 4319 920 4360 natura
958 4325 972 4373 ;
1007 4317 1061 4361 ct
1110 4309 1566 4375 quemadmodum
1626 4312 1903 4378 pmprium

316 4410 435 4452 crat
470 4414 667 4469 corpus
708 4400 910 4469 ipsius,
942 4401 1011 4453 ita
1042 4400 1204 4452 etiam
1240 4400 1518 4454 naturales
1567 4402 1811 4470 corporis
1852 4412 1907 4457 et

322 4492 673 4559 inculpabiles
698 4494 1002 4560 passiones,
1038 4506 1248 4546 necnon
1272 4490 1440 4545 etiam
1460 4508 1520 4545 ea
1547 4509 1667 4563 qua:
1688 4496 1736 4550 ei
1758 4494 1904 4549 illata

317 4590 468 4645 Sunt,
508 4582 803 4650 petulantia
838 4582 1243 4636 nonnullorum.

390 4674 703 4728 Patiebatur
736 4686 913 4729 autem
943 4677 1369 4746 impassibiliter,
1408 4678 1534 4749 quia
1564 4695 1668 4735 non
1700 4682 1905 4743 idcirco

327 4782 388 4825 se
426 4766 750 4831 humiliavit,
785 4775 842 4819 ut
875 4777 1019 4823 esset
1064 4777 1271 4823 tantum
1314 4774 1510 4832 similis
1543 4781 1715 4834 nostri
1751 4798 1766 4847 ;
1806 4785 1902 4838 Sed

320 4861 471 4930 quia,
522 4870 579 4913 ut
607 4870 731 4913 ante
763 4861 897 4921 disi,
930 4860 983 4914 id
1023 4875 1229 4919 naturze
1263 4884 1395 4932 suae,
1439 4874 1513 4924 uti
1541 4873 1612 4927 sit
1652 4877 1906 4934 omnibus

322 4952 595 5020 superior,
644 4963 970 5007 reservarat.
1027 4956 1096 5008 At
1155 4958 1199 5011 si
1262 4960 1589 5028 diceremus,
1634 4967 1775 5033 quod
1806 4980 1905 5037 per

321 5044 733 5099 cenversinnem
794 5042 877 5096 vel
932 5050 1411 5105 connnntatiommt
1460 5062 1667 5109 natum
1714 5071 1826 5112 sum
1855 5061 1905 5112 in

324 5147 576 5191 naturam
640 5141 915 5194 transierit
961 5144 1162 5206 carnis,
1209 5158 1432 5198 necesse
1483 5157 1601 5199 erat
1654 5150 1907 5207 omnibus

322 5229 496 5281 modis
530 5243 649 5291 nos,
686 5231 885 5285 invitos
924 5234 1114 5295 etiam,
1155 5235 1425 5300 conﬁteri,
1468 5251 1730 5292 arcanam
1765 5242 1906 5296 divi-

322 5337 559 5389 namque
586 5333 835 5377 naturam
867 5325 1031 5379 fuisse
1053 5325 1382 5393 passibilem.
1420 5329 1513 5382 Sin
1541 5340 1745 5395 autem,
1783 5332 1907 5388 licet

314 5412 469 5481 juxta
506 5428 604 5468 nos
636 5416 795 5469 homo
829 5417 899 5470 sit
935 5416 1129 5479 factus,
1162 5421 1423 5474 manserit
1455 5422 1905 5491 incommutatus,

318 5514 405 5561 cst
467 5507 612 5560 enim
672 5509 946 5575 pr0prinnt
1000 5510 1208 5565 caelesti
1254 5523 1482 5579 naturae,
1542 5527 1599 5569 ut
1641 5521 1750 5586 pati
1799 5536 1904 5576 non

321 5600 490 5668 possit
522 5616 539 5665 ;
569 5599 763 5655 deinde
790 5616 884 5669 per
910 5606 1293 5660 adunationem
1324 5608 1492 5677 ipsius
1511 5608 1709 5665 factum
1745 5612 1909 5667 fuerit

321 5705 517 5759 corpus
575 5692 833 5762 possibile
884 5712 898 5748 :
956 5705 1171 5765 oportet
1224 5708 1277 5753 ut
1339 5701 1597 5768 patiatur,
1674 5719 1905 5775 corpore

395 5866 439 5899 “
468 5867 628 5925 Joan.
662 5884 811 5936 sui,
854 5871 941 5924 51.

1024 5871 1066 5903 ⁵⁷
1100 5870 1265 5927 Exod.
1305 5893 1412 5943 τινι,
1443 5879 1495 5931 '5.
1572 5880 1618 5913 ⁸⁸
1650 5880 1777 5936 ibid.
1808 5882 1861 5936 7.

1939 5885 1985 5916 "
2028 5883 2043 5939 Ι
2091 5884 2373 5956 “t‘g..\'lll,
2405 5888 2459 5942 ες.

2011 3319 2286 3387 quomodo
2335 3320 2405 3374 ab
2479 3321 2611 3387 ipsis
2673 3330 2885 3388 reperta
2946 3333 3049 3386 est,
3084 3323 3270 3388 gloria:
3324 3324 3614 3379 detrahant

2011 3408 2424 3470 Emmanuelis;
2458 3411 2710 3480 quodque
2750 3426 2874 3465 eum
2928 3413 3019 3466 vix
3074 3429 3241 3467 ttnttnt
3296 3423 3611 3469 sanctorum

2008 3500 2247 3555 ciliciant
2310 3504 2747 3572 prophetarum;
2802 3516 2856 3558 et
2912 3508 3056 3575 quod
3123 3507 3267 3562 inter
3327 3524 3616 3564 mensuras

2008 3594 2348 3647 constituant
2405 3594 2787 3664 plurimorum,
2844 3598 2897 3651 in
2952 3614 3128 3669 eoque
3202 3602 3393 3668 procul
3447 3603 3615 3656 dtthin

2008 3686 2315 3754 capiantur,
2349 3687 2589 3755 probabo
2627 3701 2811 3754 porro,
2841 3687 3039 3745 divina:
3072 3688 3375 3761 Scriptura!
3405 3707 3614 3761 pauens

2010 3777 2281 3843 exempla.

2083 3868 2457 3923 lilurnmrabat
2487 3870 2782 3938 aliquando
2822 3870 2875 3924 in
2907 3860 3122 3929 deserto
3148 3875 3416 3931 adversus
3465 3878 3615 3951 Moy-

2009 3971 2184 4015 senct
2232 3960 2412 4014 Aaron
2466 3963 2695 4033 populus
2751 3961 2941 4025 Israel,
2997 3964 3237 4020 dicens:
3294 3986 3314 4019 ι
3390 3967 3611 4025 Utinam

2012 4054 2211 4107 mortui
2267 4069 2537 4119 essemus,
2598 4058 2841 4124 percussi
2875 4073 2903 4110 a
2955 4057 3187 4113 Domino
3243 4060 3295 4114 in
3351 4059 3611 4134 Egyjito,

2010 4158 2134 4197 cum
2180 4146 2507 4199 sedebamns
2564 4144 2632 4199 ad
2686 4146 2824 4202 ollas
2890 4148 3162 4215 carnium,
3216 4162 3273 4206 et
3318 4154 3614 4210 edebamus

2012 4250 2183 4304 usque
2206 4238 2273 4288 ad
2303 4236 2612 4291 satietatem
2639 4238 2707 4292 ".
2742 4258 2760 4289 ι
2787 4239 2925 4294 Dicit
2948 4240 3144 4297 deinde
3173 4245 3613 4313 sapientissimus

2010 4324 2225 4396 Moyses
2276 4327 2417 4397 (erat
2459 4329 2606 4383 enim
2646 4345 2991 4401 consequens
3033 4342 3140 4388 tam
3180 4344 3387 4392 temere
3438 4340 3614 4410 impa-

2013 4416 2206 4471 tientes
2233 4418 2537 4490 confutare)
2564 4439 2576 4474 :
2612 4440 2629 4473 ι
2665 4422 2775 4478 Nos
2800 4432 2981 4479 autem
3014 4427 3145 4495 quid
3172 4429 3613 4501 sumusiNeque

2009 4506 2156 4560 enim
2188 4508 2451 4565 adversus
2480 4528 2579 4565 nos
2616 4525 2699 4570 est
2736 4521 3096 4575 nmrmuratio
3131 4532 3335 4591 vestra,
3370 4528 3466 4581 sed
3505 4530 3611 4582 ad-

1943 4590 1986 4645 ο
2012 4614 2202 4655 versus
2235 4602 2413 4657 Deum
2441 4604 2508 4659 ⁸⁸.
2550 4624 2567 4657 ι
2598 4604 2883 4677 Regnabat
2910 4612 3055 4667 enim
3100 4629 3199 4684 per
3236 4590 3325 4671 illa
3367 4628 3609 4689 tempora

2013 4691 2176 4747 etiam
2223 4693 2365 4750 Deus
2394 4698 2763 4768 omnipotens,
2797 4719 2894 4773 per
2936 4715 3157 4762 sanctos
3204 4712 3520 4780 prophetas,
3557 4714 3611 4769 in

2013 4784 2209 4854 pOpulo
2236 4784 2422 4841 Israel.

2088 4875 2165 4930 llh
2196 4887 2379 4933 autem
2412 4880 2464 4932 in
2510 4881 2610 4936 hoc
2642 4882 2807 4939 etiam
2851 4886 3249 4956 pusillanimes,
3276 4896 3613 4954 accedebant

2015 4969 2082 5023 ad
2104 4968 2347 5025 divinum
2395 4970 2646 5041 Samuel,
2699 4978 2939 5035 dicentes
2981 4998 2997 5036 :
3039 5002 3057 5035 ι
3097 4983 3239 5040 Ecce
3272 4999 3326 5041 ttt
3356 4992 3609 5057 scnuisti,

2013 5076 2068 5119 et
2114 5064 2206 5118 lilii
2244 5068 2319 5121 tui
2344 5084 2448 5123 non
2478 5069 2755 5125 ambulant
2788 5073 2839 5127 in
2867 5074 2969 5130 viis
2997 5078 3123 5142 tuis,
3155 5089 3209 5134 et
3235 5097 3379 5135 nunc
3405 5086 3614 5139 consti-

2015 5166 2105 5212 tue
2139 5173 2303 5229 super
2331 5176 2430 5215 nos
2470 5176 2675 5233 regem,
2716 5168 2805 5235 qui
2828 5167 3035 5237 judicet
3068 5188 3187 5239 nos,
3231 5175 3370 5229 sicut
3399 5188 3612 5233 czeteraa

2018 5250 2217 5305 habent
2248 5264 2438 5321 gentes
2466 5256 2534 5309 ”.
2570 5275 2589 5308 ι
2630 5256 2854 5315 Moleste
2888 5261 2939 5317 id
2963 5265 3180 5333 quidem
3222 5268 3382 5321 nimis
3405 5266 3612 5324 ferebat

2020 5342 2307 5413 prepbeta.
2334 5345 2426 5399 Ait
2465 5358 2649 5403 autem
2685 5350 2827 5405 Deus
2857 5354 3204 5425 omnipotens
3237 5374 3251 5412 :
3284 5376 3303 5411 ι
3342 5358 3480 5414 Audi
3510 5377 3611 5417 vo-

2010 5451 2130 5490 cem
2164 5436 2366 5505 populi,
2424 5437 2568 5493 sicut
2622 5440 2837 5498 locutus
2868 5454 2951 5499 est
2984 5447 3048 5500 ad
3096 5458 3145 5501 te
3179 5465 3193 5513 ;
3230 5450 3357 5520 quia
3396 5466 3501 5505 non
3558 5463 3610 5507 te

2008 5537 2357 5597 spreverunt,
2412 5529 2507 5584 sed
2559 5546 2646 5587 me
2703 5548 3051 5604 spreverunt,
3122 5551 3179 5593 nt
3223 5556 3351 5598 non.
3390 5559 3610 5614 regnem

2008 5636 2172 5690 Super
2194 5634 2289 5675 eos
2312 5619 2379 5674 “.
2418 5639 2437 5673 ι

2086 5711 2227 5765 Dixit
2252 5721 2433 5766 autem
2476 5713 2674 5769 alicubi
2720 5717 2886 5773 etiam
2921 5720 3174 5781 Christus
3224 5728 3431 5784 satutis
3477 5745 3610 5802 apo-

2537 5892 2582 5923 “
2614 5892 2745 5948 ibid.
2783 5893 2835 5949 7.
