  <div class='ocr_page' id='page_1' title='image "/cluster/home/n/w/nwhite01/storage/ocr_20150623/75/pst.000005712748/745.png"; bbox 0 0 4058 6328; ppageno 0'>
   <div class='ocr_carea' id='block_1_1' title="bbox 537 421 666 477">
    <p class='ocr_par' dir='ltr' id='par_1_1' title="bbox 537 421 666 477">
     <span class='ocr_line' id='line_1_1' title="bbox 537 421 666 477; baseline 0.023 -3"><span class='ocrx_word' id='word_1_1' title='bbox 537 421 666 477; x_wconf 72' lang='grc' dir='ltr'>«ιιι</span> 
     </span>
    </p>
   </div>
   <div class='ocr_carea' id='block_1_2' title="bbox 1536 415 2782 476">
    <p class='ocr_par' dir='ltr' id='par_1_2' title="bbox 1536 415 2782 476">
     <span class='ocr_line' id='line_1_2' title="bbox 1536 415 2782 476; baseline -0.005 0"><span class='ocrx_word' id='word_1_2' title='bbox 1536 422 1594 476; x_wconf 81' lang='lat' dir='ltr'><strong>S.</strong></span> <span class='ocrx_word' id='word_1_3' title='bbox 1634 419 1913 476; x_wconf 69' lang='lat' dir='ltr'><strong>CYltll.”</strong></span> <span class='ocrx_word' id='word_1_4' title='bbox 1955 415 2419 472; x_wconf 71' lang='lat' dir='ltr'><strong>ALEXANDRINI</strong></span> <span class='ocrx_word' id='word_1_5' title='bbox 2461 415 2782 471; x_wconf 73' lang='lat' dir='ltr'><strong>ARCIIIEP.</strong></span> 
     </span>
    </p>
   </div>
   <div class='ocr_carea' id='block_1_3' title="bbox 3644 418 3782 472">
    <p class='ocr_par' dir='ltr' id='par_1_3' title="bbox 3644 418 3782 472">
     <span class='ocr_line' id='line_1_3' title="bbox 3644 418 3782 472; baseline -0.007 0"><span class='ocrx_word' id='word_1_6' title='bbox 3644 418 3782 472; x_wconf 61' lang='lat' dir='ltr'><strong>Mli</strong></span> 
     </span>
    </p>
   </div>
   <div class='ocr_carea' id='block_1_4' title="bbox 532 528 3777 603">
    <p class='ocr_par' dir='ltr' id='par_1_4' title="bbox 532 528 3777 603">
     <span class='ocr_line' id='line_1_4' title="bbox 532 528 3777 603; baseline -0.001 -16"><span class='ocrx_word' id='word_1_7' title='bbox 532 534 686 591; x_wconf 77' lang='lat' dir='ltr'><strong>stolis</strong></span> <span class='ocrx_word' id='word_1_8' title='bbox 724 552 737 589; x_wconf 93' lang='lat'><strong>:</strong></span> <span class='ocrx_word' id='word_1_9' title='bbox 778 553 796 586; x_wconf 79' lang='grc' dir='ltr'><strong>ι</strong></span> <span class='ocrx_word' id='word_1_10' title='bbox 842 534 941 600; x_wconf 84' lang='lat' dir='ltr'><strong>Qui</strong></span> <span class='ocrx_word' id='word_1_11' title='bbox 981 533 1170 603; x_wconf 80' lang='lat' dir='ltr'><strong>recipit</strong></span> <span class='ocrx_word' id='word_1_12' title='bbox 1209 546 1325 597; x_wconf 88' lang='lat' dir='ltr'><strong>vos,</strong></span> <span class='ocrx_word' id='word_1_13' title='bbox 1372 548 1458 588; x_wconf 90' lang='lat' dir='ltr'><strong>me</strong></span> <span class='ocrx_word' id='word_1_14' title='bbox 1507 533 1698 603; x_wconf 89' lang='lat' dir='ltr'><strong>recipit</strong></span> <span class='ocrx_word' id='word_1_15' title='bbox 1729 534 1798 585; x_wconf 86' lang='lat'><strong>&quot;.</strong></span> <span class='ocrx_word' id='word_1_16' title='bbox 1833 551 1850 581; x_wconf 77' lang='grc' dir='ltr'><strong>ι</strong></span> <span class='ocrx_word' id='word_1_17' title='bbox 1887 531 2101 585; x_wconf 80' lang='lat' dir='ltr'><strong>Necnon</strong></span> <span class='ocrx_word' id='word_1_18' title='bbox 2137 537 2176 588; x_wconf 80' lang='grc' dir='ltr'>Α</span> <span class='ocrx_word' id='word_1_19' title='bbox 2207 530 2365 584; x_wconf 81' lang='lat' dir='ltr'><strong>bilem</strong></span> <span class='ocrx_word' id='word_1_20' title='bbox 2407 544 2533 583; x_wconf 87' lang='lat' dir='ltr'><strong>vero</strong></span> <span class='ocrx_word' id='word_1_21' title='bbox 2566 540 2619 583; x_wconf 92' lang='lat' dir='ltr'><strong>ut</strong></span> <span class='ocrx_word' id='word_1_22' title='bbox 2648 530 2811 582; x_wconf 90' lang='lat' dir='ltr'><strong>Deum</strong></span> <span class='ocrx_word' id='word_1_23' title='bbox 2841 529 3198 583; x_wconf 76' lang='lat' dir='ltr'><strong>servavimus.</strong></span> <span class='ocrx_word' id='word_1_24' title='bbox 3241 528 3371 585; x_wconf 74' lang='lat' dir='ltr'><strong>Nam</strong></span> <span class='ocrx_word' id='word_1_25' title='bbox 3428 530 3581 603; x_wconf 87' lang='lat' dir='ltr'><strong>lieet_</strong></span> <span class='ocrx_word' id='word_1_26' title='bbox 3605 529 3777 587; x_wconf 80' lang='lat' dir='ltr'><strong>factus</strong></span> 
     </span>
    </p>
   </div>
   <div class='ocr_carea' id='block_1_5' title="bbox 527 616 2105 694">
    <p class='ocr_par' dir='ltr' id='par_1_5' title="bbox 527 616 2105 694">
     <span class='ocr_line' id='line_1_5' title="bbox 527 616 2105 694; baseline -0.006 -12"><span class='ocrx_word' id='word_1_27' title='bbox 527 616 690 682; x_wconf 88' lang='lat' dir='ltr'><strong>etiam</strong></span> <span class='ocrx_word' id='word_1_28' title='bbox 746 626 1127 681; x_wconf 81' lang='lat' dir='ltr'><strong>misericordes</strong></span> <span class='ocrx_word' id='word_1_29' title='bbox 1177 642 1271 694; x_wconf 88' lang='lat' dir='ltr'><strong>pro</strong></span> <span class='ocrx_word' id='word_1_30' title='bbox 1316 626 1566 680; x_wconf 83' lang='lat' dir='ltr'><strong>tribunali</strong></span> <span class='ocrx_word' id='word_1_31' title='bbox 1604 640 1703 678; x_wconf 83' lang='lat' dir='ltr'><strong>suo</strong></span> <span class='ocrx_word' id='word_1_32' title='bbox 1750 624 2105 679; x_wconf 88' lang='lat' dir='ltr'><strong>allocutnrum</strong></span> 
     </span>
    </p>
   </div>
   <div class='ocr_carea' id='block_1_6' title="bbox 530 716 2106 789">
    <p class='ocr_par' dir='ltr' id='par_1_6' title="bbox 530 716 2106 789">
     <span class='ocr_line' id='line_1_6' title="bbox 530 716 2106 789; baseline -0.003 -17"><span class='ocrx_word' id='word_1_33' title='bbox 530 736 591 774; x_wconf 79' lang='lat' dir='ltr'><strong>se</strong></span> <span class='ocrx_word' id='word_1_34' title='bbox 620 720 899 789; x_wconf 79' lang='lat' dir='ltr'><strong>pollicetur</strong></span> <span class='ocrx_word' id='word_1_35' title='bbox 926 738 939 774; x_wconf 89' lang='lat'><strong>:</strong></span> <span class='ocrx_word' id='word_1_36' title='bbox 969 739 987 771; x_wconf 73' lang='grc' dir='ltr'><strong>ι</strong></span> <span class='ocrx_word' id='word_1_37' title='bbox 1040 720 1249 784; x_wconf 91' lang='lat' dir='ltr'><strong>Venite,</strong></span> <span class='ocrx_word' id='word_1_38' title='bbox 1286 721 1546 773; x_wconf 88' lang='lat' dir='ltr'><strong>benedicti</strong></span> <span class='ocrx_word' id='word_1_39' title='bbox 1575 718 1751 779; x_wconf 79' lang='lat' dir='ltr'><strong>Patris</strong></span> <span class='ocrx_word' id='word_1_40' title='bbox 1776 718 1899 777; x_wconf 86' lang='lat' dir='ltr'><strong>mei.</strong></span> <span class='ocrx_word' id='word_1_41' title='bbox 1928 716 2106 785; x_wconf 88' lang='lat' dir='ltr'><strong>perci-</strong></span> 
     </span>
    </p>
   </div>
   <div class='ocr_carea' id='block_1_7' title="bbox 529 806 2099 880">
    <p class='ocr_par' dir='ltr' id='par_1_7' title="bbox 529 806 2099 880">
     <span class='ocr_line' id='line_1_7' title="bbox 529 806 2099 880; baseline -0.004 -18"><span class='ocrx_word' id='word_1_42' title='bbox 529 814 635 877; x_wconf 86' lang='lat' dir='ltr'><strong>pite</strong></span> <span class='ocrx_word' id='word_1_43' title='bbox 654 821 898 880; x_wconf 66' lang='lat' dir='ltr'><strong>paratum</strong></span> <span class='ocrx_word' id='word_1_44' title='bbox 922 812 1072 865; x_wconf 86' lang='lat' dir='ltr'><strong>vobis</strong></span> <span class='ocrx_word' id='word_1_45' title='bbox 1098 826 1315 880; x_wconf 85' lang='lat' dir='ltr'><strong>regnum</strong></span> <span class='ocrx_word' id='word_1_46' title='bbox 1335 825 1362 863; x_wconf 86' lang='lat' dir='ltr'><strong>a</strong></span> <span class='ocrx_word' id='word_1_47' title='bbox 1388 810 1772 863; x_wconf 77' lang='lat' dir='ltr'><strong>constitutione</strong></span> <span class='ocrx_word' id='word_1_48' title='bbox 1790 806 2053 860; x_wconf 82' lang='lat' dir='ltr'><strong>mundi“.</strong></span> <span class='ocrx_word' id='word_1_49' title='bbox 2082 824 2099 855; x_wconf 78' lang='grc' dir='ltr'><strong>ι</strong></span> 
     </span>
    </p>
   </div>
   <div class='ocr_carea' id='block_1_8' title="bbox 529 901 2103 969">
    <p class='ocr_par' dir='ltr' id='par_1_8' title="bbox 529 901 2103 969">
     <span class='ocr_line' id='line_1_8' title="bbox 529 901 2103 969; baseline 0.001 -18"><span class='ocrx_word' id='word_1_50' title='bbox 529 901 818 954; x_wconf 79' lang='lat' dir='ltr'><strong>l‘rohitatis</strong></span> <span class='ocrx_word' id='word_1_51' title='bbox 837 917 963 956; x_wconf 71' lang='lat' dir='ltr'><strong>vero</strong></span> <span class='ocrx_word' id='word_1_52' title='bbox 990 903 1223 969; x_wconf 82' lang='lat' dir='ltr'><strong>ipsorum</strong></span> <span class='ocrx_word' id='word_1_53' title='bbox 1246 917 1419 955; x_wconf 78' lang='lat' dir='ltr'><strong>mores</strong></span> <span class='ocrx_word' id='word_1_54' title='bbox 1445 902 1783 954; x_wconf 79' lang='lat' dir='ltr'><strong>tantiliariter</strong></span> <span class='ocrx_word' id='word_1_55' title='bbox 1803 914 2103 968; x_wconf 78' lang='lat' dir='ltr'><strong>agnoscens</strong></span> 
     </span>
    </p>
   </div>
   <div class='ocr_carea' id='block_1_9' title="bbox 523 991 2098 1059">
    <p class='ocr_par' dir='ltr' id='par_1_9' title="bbox 523 991 2098 1059">
     <span class='ocr_line' id='line_1_9' title="bbox 523 991 2098 1059; baseline 0 -16"><span class='ocrx_word' id='word_1_56' title='bbox 523 992 589 1044; x_wconf 88' lang='lat' dir='ltr'><strong>de</strong></span> <span class='ocrx_word' id='word_1_57' title='bbox 640 993 726 1058; x_wconf 88' lang='lat' dir='ltr'><strong>iis,</strong></span> <span class='ocrx_word' id='word_1_58' title='bbox 781 993 973 1059; x_wconf 81' lang='lat' dir='ltr'><strong>quibus</strong></span> <span class='ocrx_word' id='word_1_59' title='bbox 1028 993 1162 1046; x_wconf 84' lang='lat' dir='ltr'><strong>bene</strong></span> <span class='ocrx_word' id='word_1_60' title='bbox 1220 992 1525 1045; x_wconf 81' lang='lat' dir='ltr'><strong>consultum</strong></span> <span class='ocrx_word' id='word_1_61' title='bbox 1587 991 1760 1044; x_wconf 80' lang='lat' dir='ltr'><strong>fuerat</strong></span> <span class='ocrx_word' id='word_1_62' title='bbox 1804 992 1870 1043; x_wconf 86' lang='lat' dir='ltr'><strong>ab</strong></span> <span class='ocrx_word' id='word_1_63' title='bbox 1921 991 2098 1059; x_wconf 82' lang='lat' dir='ltr'><strong>ipsis:</strong></span> 
     </span>
    </p>
   </div>
   <div class='ocr_carea' id='block_1_10' title="bbox 528 1083 2096 1153">
    <p class='ocr_par' dir='ltr' id='par_1_10' title="bbox 528 1083 2096 1153">
     <span class='ocr_line' id='line_1_10' title="bbox 528 1083 2096 1153; baseline 0.001 -19"><span class='ocrx_word' id='word_1_64' title='bbox 528 1100 548 1134; x_wconf 73' lang='grc' dir='ltr'><strong>ι</strong></span> <span class='ocrx_word' id='word_1_65' title='bbox 581 1084 825 1148; x_wconf 84' lang='lat' dir='ltr'><strong>Quandiu</strong></span> <span class='ocrx_word' id='word_1_66' title='bbox 856 1084 1114 1146; x_wconf 79' lang='lat' dir='ltr'><strong>feceritis,</strong></span> <span class='ocrx_word' id='word_1_67' title='bbox 1150 1084 1341 1153; x_wconf 84' lang='lat' dir='ltr'><strong>inquit,</strong></span> <span class='ocrx_word' id='word_1_68' title='bbox 1372 1086 1459 1137; x_wconf 91' lang='lat' dir='ltr'><strong>nni</strong></span> <span class='ocrx_word' id='word_1_69' title='bbox 1491 1084 1681 1137; x_wconf 88' lang='lat' dir='ltr'><strong>borum</strong></span> <span class='ocrx_word' id='word_1_70' title='bbox 1734 1083 2096 1151; x_wconf 80' lang='lat' dir='ltr'><strong>minimarum,</strong></span> 
     </span>
    </p>
   </div>
   <div class='ocr_carea' id='block_1_11' title="bbox 522 1173 1037 1228">
    <p class='ocr_par' dir='ltr' id='par_1_11' title="bbox 522 1173 1037 1228">
     <span class='ocr_line' id='line_1_11' title="bbox 522 1173 1037 1228; baseline 0 -4"><span class='ocrx_word' id='word_1_71' title='bbox 522 1176 652 1226; x_wconf 84' lang='lat' dir='ltr'><strong>mihi</strong></span> <span class='ocrx_word' id='word_1_72' title='bbox 698 1173 899 1228; x_wconf 75' lang='lat' dir='ltr'><strong>fecistis</strong></span> <span class='ocrx_word' id='word_1_73' title='bbox 920 1174 980 1224; x_wconf 80' lang='lat'><strong>“.</strong></span> <span class='ocrx_word' id='word_1_74' title='bbox 1018 1191 1037 1224; x_wconf 75' lang='grc' dir='ltr'><strong>ι</strong></span> 
     </span>
    </p>
   </div>
   <div class='ocr_carea' id='block_1_12' title="bbox 593 1262 2091 1337">
    <p class='ocr_par' dir='ltr' id='par_1_12' title="bbox 593 1262 2091 1337">
     <span class='ocr_line' id='line_1_12' title="bbox 593 1262 2091 1337; baseline 0.006 -22"><span class='ocrx_word' id='word_1_75' title='bbox 593 1262 748 1326; x_wconf 74' lang='lat' dir='ltr'><strong>Ecce,</strong></span> <span class='ocrx_word' id='word_1_76' title='bbox 776 1265 828 1317; x_wconf 91' lang='lat' dir='ltr'><strong>in</strong></span> <span class='ocrx_word' id='word_1_77' title='bbox 859 1263 941 1317; x_wconf 86' lang='lat' dir='ltr'><strong>bis</strong></span> <span class='ocrx_word' id='word_1_78' title='bbox 971 1264 1248 1318; x_wconf 84' lang='lat' dir='ltr'><strong>relationis</strong></span> <span class='ocrx_word' id='word_1_79' title='bbox 1278 1267 1465 1319; x_wconf 90' lang='lat' dir='ltr'><strong>modus</strong></span> <span class='ocrx_word' id='word_1_80' title='bbox 1485 1266 1663 1334; x_wconf 87' lang='lat' dir='ltr'><strong>qualis</strong></span> <span class='ocrx_word' id='word_1_81' title='bbox 1684 1268 1775 1333; x_wconf 84' lang='lat' dir='ltr'><strong>sit,</strong></span> <span class='ocrx_word' id='word_1_82' title='bbox 1805 1271 2091 1337; x_wconf 74' lang='lat' dir='ltr'><strong>cognosci—</strong></span> 
     </span>
    </p>
   </div>
   <div class='ocr_carea' id='block_1_13' title="bbox 525 1354 2101 1429">
    <p class='ocr_par' dir='ltr' id='par_1_13' title="bbox 525 1354 2101 1429">
     <span class='ocr_line' id='line_1_13' title="bbox 525 1354 2101 1429; baseline 0.006 -24"><span class='ocrx_word' id='word_1_83' title='bbox 525 1362 614 1405; x_wconf 92' lang='lat' dir='ltr'><strong>tur</strong></span> <span class='ocrx_word' id='word_1_84' title='bbox 657 1354 954 1408; x_wconf 72' lang='lat' dir='ltr'><strong>evidenter.</strong></span> <span class='ocrx_word' id='word_1_85' title='bbox 1023 1354 1397 1408; x_wconf 77' lang='lat' dir='ltr'><strong>Murmnrabat</strong></span> <span class='ocrx_word' id='word_1_86' title='bbox 1460 1357 1718 1412; x_wconf 89' lang='lat' dir='ltr'><strong>adversus</strong></span> <span class='ocrx_word' id='word_1_87' title='bbox 1772 1358 1987 1429; x_wconf 81' lang='lat' dir='ltr'><strong>Moysen</strong></span> <span class='ocrx_word' id='word_1_88' title='bbox 2045 1371 2101 1414; x_wconf 86' lang='lat' dir='ltr'><strong>et</strong></span> 
     </span>
    </p>
   </div>
   <div class='ocr_carea' id='block_1_14' title="bbox 519 1443 2087 1515">
    <p class='ocr_par' dir='ltr' id='par_1_14' title="bbox 519 1443 2087 1515">
     <span class='ocr_line' id='line_1_14' title="bbox 519 1443 2087 1515; baseline 0.004 -19"><span class='ocrx_word' id='word_1_89' title='bbox 519 1448 697 1497; x_wconf 82' lang='lat' dir='ltr'><strong>Aaron</strong></span> <span class='ocrx_word' id='word_1_90' title='bbox 753 1445 980 1513; x_wconf 89' lang='lat' dir='ltr'><strong>populus</strong></span> <span class='ocrx_word' id='word_1_91' title='bbox 1013 1443 1198 1508; x_wconf 83' lang='lat' dir='ltr'><strong>Israel,</strong></span> <span class='ocrx_word' id='word_1_92' title='bbox 1233 1454 1285 1499; x_wconf 89' lang='lat' dir='ltr'><strong>et</strong></span> <span class='ocrx_word' id='word_1_93' title='bbox 1326 1462 1410 1499; x_wconf 88' lang='lat' dir='ltr'><strong>res</strong></span> <span class='ocrx_word' id='word_1_94' title='bbox 1441 1447 1655 1515; x_wconf 90' lang='lat' dir='ltr'><strong>quidem</strong></span> <span class='ocrx_word' id='word_1_95' title='bbox 1691 1447 1923 1501; x_wconf 83' lang='lat' dir='ltr'><strong>habebat</strong></span> <span class='ocrx_word' id='word_1_96' title='bbox 1955 1450 2087 1504; x_wconf 85' lang='lat' dir='ltr'><strong>rela-</strong></span> 
     </span>
    </p>
   </div>
   <div class='ocr_carea' id='block_1_15' title="bbox 519 1536 2099 1608">
    <p class='ocr_par' dir='ltr' id='par_1_15' title="bbox 519 1536 2099 1608">
     <span class='ocr_line' id='line_1_15' title="bbox 519 1536 2099 1608; baseline 0.005 -23"><span class='ocrx_word' id='word_1_97' title='bbox 519 1536 716 1587; x_wconf 88' lang='lat' dir='ltr'><strong>tionem</strong></span> <span class='ocrx_word' id='word_1_98' title='bbox 764 1536 815 1587; x_wconf 94' lang='lat' dir='ltr'><strong>in</strong></span> <span class='ocrx_word' id='word_1_99' title='bbox 864 1536 1245 1599; x_wconf 85' lang='lat' dir='ltr'><strong>Deum;erant</strong></span> <span class='ocrx_word' id='word_1_100' title='bbox 1275 1546 1451 1589; x_wconf 85' lang='lat' dir='ltr'><strong>tamen</strong></span> <span class='ocrx_word' id='word_1_101' title='bbox 1494 1538 1739 1591; x_wconf 89' lang='lat' dir='ltr'><strong>homines</strong></span> <span class='ocrx_word' id='word_1_102' title='bbox 1784 1538 1992 1608; x_wconf 79' lang='lat' dir='ltr'><strong>Moyses</strong></span> <span class='ocrx_word' id='word_1_103' title='bbox 2043 1550 2099 1594; x_wconf 90' lang='lat' dir='ltr'><strong>et</strong></span> 
     </span>
    </p>
   </div>
   <div class='ocr_carea' id='block_1_16' title="bbox 520 1626 2095 1695">
    <p class='ocr_par' dir='ltr' id='par_1_16' title="bbox 520 1626 2095 1695">
     <span class='ocr_line' id='line_1_16' title="bbox 520 1626 2095 1695; baseline 0.007 -20"><span class='ocrx_word' id='word_1_104' title='bbox 520 1628 699 1677; x_wconf 83' lang='lat' dir='ltr'><strong>Aaron</strong></span> <span class='ocrx_word' id='word_1_105' title='bbox 731 1626 938 1679; x_wconf 87' lang='lat' dir='ltr'><strong>similes</strong></span> <span class='ocrx_word' id='word_1_106' title='bbox 984 1627 1179 1680; x_wconf 83' lang='lat' dir='ltr'><strong>nostri.</strong></span> <span class='ocrx_word' id='word_1_107' title='bbox 1212 1626 1413 1681; x_wconf 90' lang='lat' dir='ltr'><strong>Eodem</strong></span> <span class='ocrx_word' id='word_1_108' title='bbox 1480 1638 1639 1695; x_wconf 89' lang='lat' dir='ltr'><strong>pacto</strong></span> <span class='ocrx_word' id='word_1_109' title='bbox 1690 1630 1852 1682; x_wconf 87' lang='lat' dir='ltr'><strong>etiam</strong></span> <span class='ocrx_word' id='word_1_110' title='bbox 1890 1630 1941 1682; x_wconf 92' lang='lat' dir='ltr'><strong>in</strong></span> <span class='ocrx_word' id='word_1_111' title='bbox 1975 1629 2095 1686; x_wconf 82' lang='lat' dir='ltr'><strong>aliis</strong></span> 
     </span>
    </p>
   </div>
   <div class='ocr_carea' id='block_1_17' title="bbox 517 1715 2092 1786">
    <p class='ocr_par' dir='ltr' id='par_1_17' title="bbox 517 1715 2092 1786">
     <span class='ocr_line' id='line_1_17' title="bbox 517 1715 2092 1786; baseline 0.005 -19"><span class='ocrx_word' id='word_1_112' title='bbox 517 1715 803 1786; x_wconf 77' lang='lat' dir='ltr'><strong>intelliges,</strong></span> <span class='ocrx_word' id='word_1_113' title='bbox 846 1732 1075 1786; x_wconf 81' lang='lat' dir='ltr'><strong>quorum</strong></span> <span class='ocrx_word' id='word_1_114' title='bbox 1132 1733 1303 1785; x_wconf 80' lang='lat' dir='ltr'><strong>nuper</strong></span> <span class='ocrx_word' id='word_1_115' title='bbox 1330 1719 1556 1771; x_wconf 77' lang='lat' dir='ltr'><strong>fecimus</strong></span> <span class='ocrx_word' id='word_1_116' title='bbox 1611 1722 1968 1775; x_wconf 82' lang='lat' dir='ltr'><strong>mentionem:</strong></span> <span class='ocrx_word' id='word_1_117' title='bbox 2001 1724 2092 1775; x_wconf 88' lang='lat' dir='ltr'><strong>sed</strong></span> 
     </span>
    </p>
   </div>
   <div class='ocr_carea' id='block_1_18' title="bbox 516 1807 2093 1874">
    <p class='ocr_par' dir='ltr' id='par_1_18' title="bbox 516 1807 2093 1874">
     <span class='ocr_line' id='line_1_18' title="bbox 516 1807 2093 1874; baseline 0.007 -17"><span class='ocrx_word' id='word_1_118' title='bbox 516 1814 672 1860; x_wconf 89' lang='lat' dir='ltr'><strong>erant</strong></span> <span class='ocrx_word' id='word_1_119' title='bbox 723 1807 960 1874; x_wconf 85' lang='lat' dir='ltr'><strong>quidem,</strong></span> <span class='ocrx_word' id='word_1_120' title='bbox 995 1815 1050 1859; x_wconf 88' lang='lat' dir='ltr'><strong>ut</strong></span> <span class='ocrx_word' id='word_1_121' title='bbox 1094 1815 1217 1861; x_wconf 89' lang='lat' dir='ltr'><strong>ante</strong></span> <span class='ocrx_word' id='word_1_122' title='bbox 1249 1808 1381 1869; x_wconf 79' lang='lat' dir='ltr'><strong>dixi,</strong></span> <span class='ocrx_word' id='word_1_123' title='bbox 1432 1810 1602 1861; x_wconf 84' lang='lat' dir='ltr'><strong>sancti</strong></span> <span class='ocrx_word' id='word_1_124' title='bbox 1653 1818 1707 1863; x_wconf 82' lang='lat' dir='ltr'><strong>et</strong></span> <span class='ocrx_word' id='word_1_125' title='bbox 1748 1813 2093 1868; x_wconf 76' lang='lat' dir='ltr'><strong>admirabiles</strong></span> 
     </span>
    </p>
   </div>
   <div class='ocr_carea' id='block_1_19' title="bbox 2211 599 3778 684">
    <p class='ocr_par' dir='ltr' id='par_1_19' title="bbox 2211 599 3778 684">
     <span class='ocr_line' id='line_1_19' title="bbox 2211 599 3778 684; baseline 0.003 -11"><span class='ocrx_word' id='word_1_126' title='bbox 2211 623 2282 673; x_wconf 84' lang='lat' dir='ltr'><strong>sit</strong></span> <span class='ocrx_word' id='word_1_127' title='bbox 2306 621 2499 675; x_wconf 83' lang='lat' dir='ltr'><strong>similis</strong></span> <span class='ocrx_word' id='word_1_128' title='bbox 2534 620 2727 684; x_wconf 81' lang='lat' dir='ltr'><strong>nostri,</strong></span> <span class='ocrx_word' id='word_1_129' title='bbox 2763 629 3000 673; x_wconf 86' lang='lat' dir='ltr'><strong>attamen</strong></span> <span class='ocrx_word' id='word_1_130' title='bbox 3031 620 3174 675; x_wconf 89' lang='lat' dir='ltr'><strong>scire</strong></span> <span class='ocrx_word' id='word_1_131' title='bbox 3203 620 3457 677; x_wconf 84' lang='lat' dir='ltr'><strong>debemus</strong></span> <span class='ocrx_word' id='word_1_132' title='bbox 3478 599 3778 678; x_wconf 67' lang='lat' dir='ltr'><strong>cmiestinm</strong></span> 
     </span>
    </p>
   </div>
   <div class='ocr_carea' id='block_1_20' title="bbox 2209 708 3715 783">
    <p class='ocr_par' dir='ltr' id='par_1_20' title="bbox 2209 708 3715 783">
     <span class='ocr_line' id='line_1_20' title="bbox 2209 708 3715 783; baseline 0.003 -18"><span class='ocrx_word' id='word_1_133' title='bbox 2209 712 2531 780; x_wconf 67' lang='lat' dir='ltr'><strong>dignitatum</strong></span> <span class='ocrx_word' id='word_1_134' title='bbox 2560 720 2614 765; x_wconf 90' lang='lat' dir='ltr'><strong>et</strong></span> <span class='ocrx_word' id='word_1_135' title='bbox 2635 711 2829 764; x_wconf 69' lang='lat' dir='ltr'><strong>divina:</strong></span> <span class='ocrx_word' id='word_1_136' title='bbox 2857 708 2975 777; x_wconf 82' lang='lat' dir='ltr'><strong>ejus</strong></span> <span class='ocrx_word' id='word_1_137' title='bbox 3011 712 3328 765; x_wconf 63' lang='lat' dir='ltr'><strong>eminentiae</strong></span> <span class='ocrx_word' id='word_1_138' title='bbox 3359 712 3715 783; x_wconf 84' lang='lat' dir='ltr'><strong>majestatem.</strong></span> 
     </span>
    </p>
   </div>
   <div class='ocr_carea' id='block_1_21' title="bbox 2290 802 3777 873">
    <p class='ocr_par' dir='ltr' id='par_1_21' title="bbox 2290 802 3777 873">
     <span class='ocr_line' id='line_1_21' title="bbox 2290 802 3777 873; baseline 0.002 -17"><span class='ocrx_word' id='word_1_139' title='bbox 2290 802 2571 857; x_wconf 68' lang='lat' dir='ltr'><strong>Prtemissa</strong></span> <span class='ocrx_word' id='word_1_140' title='bbox 2607 804 2769 872; x_wconf 80' lang='lat' dir='ltr'><strong>igitur</strong></span> <span class='ocrx_word' id='word_1_141' title='bbox 2800 803 3003 857; x_wconf 82' lang='lat' dir='ltr'><strong>unitate</strong></span> <span class='ocrx_word' id='word_1_142' title='bbox 3040 818 3127 867; x_wconf 89' lang='lat' dir='ltr'><strong>ea,</strong></span> <span class='ocrx_word' id='word_1_143' title='bbox 3155 805 3309 873; x_wconf 88' lang='lat' dir='ltr'><strong>quasi</strong></span> <span class='ocrx_word' id='word_1_144' title='bbox 3346 804 3525 873; x_wconf 74' lang='lat' dir='ltr'><strong>aliquo</strong></span> <span class='ocrx_word' id='word_1_145' title='bbox 3586 805 3777 859; x_wconf 80' lang='lat' dir='ltr'><strong>funda-</strong></span> 
     </span>
    </p>
   </div>
   <div class='ocr_carea' id='block_1_22' title="bbox 2207 895 3770 965">
    <p class='ocr_par' dir='ltr' id='par_1_22' title="bbox 2207 895 3770 965">
     <span class='ocr_line' id='line_1_22' title="bbox 2207 895 3770 965; baseline 0.003 -17"><span class='ocrx_word' id='word_1_146' title='bbox 2207 905 2387 949; x_wconf 87' lang='lat' dir='ltr'><strong>mento</strong></span> <span class='ocrx_word' id='word_1_147' title='bbox 2417 895 2536 949; x_wconf 85' lang='lat' dir='ltr'><strong>lidei</strong></span> <span class='ocrx_word' id='word_1_148' title='bbox 2557 896 2832 965; x_wconf 80' lang='lat' dir='ltr'><strong>praejacto,</strong></span> <span class='ocrx_word' id='word_1_149' title='bbox 2862 910 3025 948; x_wconf 84' lang='lat' dir='ltr'><strong>carne</strong></span> <span class='ocrx_word' id='word_1_150' title='bbox 3042 908 3255 963; x_wconf 87' lang='lat' dir='ltr'><strong>passum</strong></span> <span class='ocrx_word' id='word_1_151' title='bbox 3278 910 3397 950; x_wconf 88' lang='lat' dir='ltr'><strong>esse</strong></span> <span class='ocrx_word' id='word_1_152' title='bbox 3414 897 3733 952; x_wconf 76' lang='lat' dir='ltr'><strong>confitemur</strong></span> <span class='ocrx_word' id='word_1_153' title='bbox 3757 916 3770 957; x_wconf 84' lang='lat'><strong>;</strong></span> 
     </span>
    </p>
   </div>
   <div class='ocr_carea' id='block_1_23' title="bbox 2206 986 3775 1055">
    <p class='ocr_par' dir='ltr' id='par_1_23' title="bbox 2206 986 3775 1055">
     <span class='ocr_line' id='line_1_23' title="bbox 2206 986 3775 1055; baseline 0.004 -18"><span class='ocrx_word' id='word_1_154' title='bbox 2206 988 2470 1041; x_wconf 87' lang='lat' dir='ltr'><strong>mansisse</strong></span> <span class='ocrx_word' id='word_1_155' title='bbox 2504 1002 2631 1042; x_wconf 85' lang='lat' dir='ltr'><strong>vero</strong></span> <span class='ocrx_word' id='word_1_156' title='bbox 2685 998 2837 1041; x_wconf 73' lang='lat' dir='ltr'><strong>extra</strong></span> <span class='ocrx_word' id='word_1_157' title='bbox 2888 986 3189 1054; x_wconf 83' lang='lat' dir='ltr'><strong>passiones,</strong></span> <span class='ocrx_word' id='word_1_158' title='bbox 3237 989 3433 1055; x_wconf 80' lang='lat' dir='ltr'><strong>quippe</strong></span> <span class='ocrx_word' id='word_1_159' title='bbox 3477 1004 3597 1041; x_wconf 89' lang='lat' dir='ltr'><strong>cum</strong></span> <span class='ocrx_word' id='word_1_160' title='bbox 3633 990 3684 1041; x_wconf 89' lang='lat' dir='ltr'><strong>in</strong></span> <span class='ocrx_word' id='word_1_161' title='bbox 3717 1006 3775 1043; x_wconf 74' lang='lat' dir='ltr'><strong>se</strong></span> 
     </span>
    </p>
   </div>
   <div class='ocr_carea' id='block_1_24' title="bbox 2205 1078 3771 1149">
    <p class='ocr_par' dir='ltr' id='par_1_24' title="bbox 2205 1078 3771 1149">
     <span class='ocr_line' id='line_1_24' title="bbox 2205 1078 3771 1149; baseline 0.001 -18"><span class='ocrx_word' id='word_1_162' title='bbox 2205 1079 2418 1144; x_wconf 83' lang='lat' dir='ltr'><strong>habent,</strong></span> <span class='ocrx_word' id='word_1_163' title='bbox 2444 1090 2500 1131; x_wconf 91' lang='lat' dir='ltr'><strong>nt</strong></span> <span class='ocrx_word' id='word_1_164' title='bbox 2526 1080 2631 1148; x_wconf 86' lang='lat' dir='ltr'><strong>pati</strong></span> <span class='ocrx_word' id='word_1_165' title='bbox 2670 1096 2772 1132; x_wconf 87' lang='lat' dir='ltr'><strong>non</strong></span> <span class='ocrx_word' id='word_1_166' title='bbox 2798 1079 2963 1146; x_wconf 82' lang='lat' dir='ltr'><strong>possit</strong></span> <span class='ocrx_word' id='word_1_167' title='bbox 2997 1096 3011 1131; x_wconf 92' lang='lat'><strong>:</strong></span> <span class='ocrx_word' id='word_1_168' title='bbox 3047 1078 3128 1131; x_wconf 92' lang='lat' dir='ltr'><strong>sin</strong></span> <span class='ocrx_word' id='word_1_169' title='bbox 3165 1094 3293 1132; x_wconf 84' lang='lat' dir='ltr'><strong>vero</strong></span> <span class='ocrx_word' id='word_1_170' title='bbox 3326 1082 3373 1132; x_wconf 90' lang='lat' dir='ltr'><strong>in</strong></span> <span class='ocrx_word' id='word_1_171' title='bbox 3417 1092 3567 1149; x_wconf 86' lang='lat' dir='ltr'><strong>parte</strong></span> <span class='ocrx_word' id='word_1_172' title='bbox 3610 1097 3771 1149; x_wconf 86' lang='lat' dir='ltr'><strong>pona-</strong></span> 
     </span>
    </p>
   </div>
   <div class='ocr_carea' id='block_1_25' title="bbox 2204 1171 3767 1235">
    <p class='ocr_par' dir='ltr' id='par_1_25' title="bbox 2204 1171 3767 1235">
     <span class='ocr_line' id='line_1_25' title="bbox 2204 1171 3767 1235; baseline 0.001 -12"><span class='ocrx_word' id='word_1_173' title='bbox 2204 1188 2324 1225; x_wconf 70' lang='lat' dir='ltr'><strong>mus</strong></span> <span class='ocrx_word' id='word_1_174' title='bbox 2356 1172 2521 1225; x_wconf 89' lang='lat' dir='ltr'><strong>Deum</strong></span> <span class='ocrx_word' id='word_1_175' title='bbox 2553 1181 2606 1223; x_wconf 89' lang='lat' dir='ltr'><strong>et</strong></span> <span class='ocrx_word' id='word_1_176' title='bbox 2649 1171 2941 1233; x_wconf 83' lang='lat' dir='ltr'><strong>hominem,</strong></span> <span class='ocrx_word' id='word_1_177' title='bbox 2977 1182 3195 1224; x_wconf 87' lang='lat' dir='ltr'><strong>naturas</strong></span> <span class='ocrx_word' id='word_1_178' title='bbox 3225 1186 3255 1224; x_wconf 88' lang='lat' dir='ltr'><strong>a</strong></span> <span class='ocrx_word' id='word_1_179' title='bbox 3290 1185 3409 1225; x_wconf 87' lang='lat' dir='ltr'><strong>sese</strong></span> <span class='ocrx_word' id='word_1_180' title='bbox 3448 1172 3767 1235; x_wconf 81' lang='lat' dir='ltr'><strong>dividentes,</strong></span> 
     </span>
    </p>
   </div>
   <div class='ocr_carea' id='block_1_26' title="bbox 2200 1261 3766 1316">
    <p class='ocr_par' dir='ltr' id='par_1_26' title="bbox 2200 1261 3766 1316">
     <span class='ocr_line' id='line_1_26' title="bbox 2200 1261 3766 1316; baseline -0.001 -3"><span class='ocrx_word' id='word_1_181' title='bbox 2200 1271 2247 1313; x_wconf 86' lang='lat' dir='ltr'><strong>et</strong></span> <span class='ocrx_word' id='word_1_182' title='bbox 2275 1264 2570 1314; x_wconf 88' lang='lat' dir='ltr'><strong>secundum</strong></span> <span class='ocrx_word' id='word_1_183' title='bbox 2596 1261 2762 1314; x_wconf 81' lang='lat' dir='ltr'><strong>solam</strong></span> <span class='ocrx_word' id='word_1_184' title='bbox 2790 1261 3104 1315; x_wconf 81' lang='lat' dir='ltr'><strong>relationem</strong></span> <span class='ocrx_word' id='word_1_185' title='bbox 3136 1264 3379 1315; x_wconf 83' lang='lat' dir='ltr'><strong>dicamus</strong></span> <span class='ocrx_word' id='word_1_186' title='bbox 3408 1261 3639 1316; x_wconf 87' lang='lat' dir='ltr'><strong>Verbum</strong></span> <span class='ocrx_word' id='word_1_187' title='bbox 3673 1280 3766 1316; x_wconf 74' lang='lat' dir='ltr'><strong>sua</strong></span> 
     </span>
    </p>
   </div>
   <div class='ocr_carea' id='block_1_27' title="bbox 2200 1352 3770 1421">
    <p class='ocr_par' dir='ltr' id='par_1_27' title="bbox 2200 1352 3770 1421">
     <span class='ocr_line' id='line_1_27' title="bbox 2200 1352 3770 1421; baseline 0.001 -16"><span class='ocrx_word' id='word_1_188' title='bbox 2200 1354 2419 1405; x_wconf 78' lang='lat' dir='ltr'><strong>duxisse</strong></span> <span class='ocrx_word' id='word_1_189' title='bbox 2453 1367 2537 1415; x_wconf 82' lang='lat' dir='ltr'><strong>ea,</strong></span> <span class='ocrx_word' id='word_1_190' title='bbox 2567 1366 2685 1421; x_wconf 74' lang='lat' dir='ltr'><strong>qua:</strong></span> <span class='ocrx_word' id='word_1_191' title='bbox 2718 1354 2931 1420; x_wconf 89' lang='lat' dir='ltr'><strong>corpori</strong></span> <span class='ocrx_word' id='word_1_192' title='bbox 2964 1354 3323 1421; x_wconf 83' lang='lat' dir='ltr'><strong>contigerunt,</strong></span> <span class='ocrx_word' id='word_1_193' title='bbox 3355 1352 3554 1421; x_wconf 73' lang='lat' dir='ltr'><strong>Hoysis</strong></span> <span class='ocrx_word' id='word_1_194' title='bbox 3582 1368 3770 1419; x_wconf 84' lang='lat' dir='ltr'><strong>nempe</strong></span> 
     </span>
    </p>
   </div>
   <div class='ocr_carea' id='block_1_28' title="bbox 2198 1440 3770 1513">
    <p class='ocr_par' dir='ltr' id='par_1_28' title="bbox 2198 1440 3770 1513">
     <span class='ocr_line' id='line_1_28' title="bbox 2198 1440 3770 1513; baseline 0 -17"><span class='ocrx_word' id='word_1_195' title='bbox 2198 1454 2251 1496; x_wconf 88' lang='lat' dir='ltr'><strong>et</strong></span> <span class='ocrx_word' id='word_1_196' title='bbox 2280 1446 2457 1496; x_wconf 82' lang='lat' dir='ltr'><strong>Aaron</strong></span> <span class='ocrx_word' id='word_1_197' title='bbox 2488 1446 2702 1497; x_wconf 92' lang='lat' dir='ltr'><strong>modum</strong></span> <span class='ocrx_word' id='word_1_198' title='bbox 2723 1444 2883 1497; x_wconf 80' lang='lat' dir='ltr'><strong>habet</strong></span> <span class='ocrx_word' id='word_1_199' title='bbox 2913 1443 2978 1507; x_wconf 89' lang='lat' dir='ltr'><strong>is,</strong></span> <span class='ocrx_word' id='word_1_200' title='bbox 3010 1444 3099 1511; x_wconf 92' lang='lat' dir='ltr'><strong>qui</strong></span> <span class='ocrx_word' id='word_1_201' title='bbox 3146 1454 3228 1497; x_wconf 89' lang='lat' dir='ltr'><strong>est</strong></span> <span class='ocrx_word' id='word_1_202' title='bbox 3254 1458 3320 1496; x_wconf 82' lang='lat' dir='ltr'><strong>ex</strong></span> <span class='ocrx_word' id='word_1_203' title='bbox 3353 1458 3504 1496; x_wconf 81' lang='lat' dir='ltr'><strong>sacra</strong></span> <span class='ocrx_word' id='word_1_204' title='bbox 3554 1440 3770 1513; x_wconf 86' lang='lat' dir='ltr'><strong>Virgine</strong></span> 
     </span>
    </p>
   </div>
   <div class='ocr_carea' id='block_1_29' title="bbox 2199 1533 3766 1605">
    <p class='ocr_par' dir='ltr' id='par_1_29' title="bbox 2199 1533 3766 1605">
     <span class='ocr_line' id='line_1_29' title="bbox 2199 1533 3766 1605; baseline -0.002 -17"><span class='ocrx_word' id='word_1_205' title='bbox 2199 1545 2510 1603; x_wconf 83' lang='lat' dir='ltr'><strong>procreatus</strong></span> <span class='ocrx_word' id='word_1_206' title='bbox 2582 1533 2917 1600; x_wconf 86' lang='lat' dir='ltr'><strong>Emmanuel,</strong></span> <span class='ocrx_word' id='word_1_207' title='bbox 2984 1538 3127 1605; x_wconf 88' lang='lat' dir='ltr'><strong>quod</strong></span> <span class='ocrx_word' id='word_1_208' title='bbox 3199 1544 3280 1589; x_wconf 88' lang='lat' dir='ltr'><strong>est</strong></span> <span class='ocrx_word' id='word_1_209' title='bbox 3337 1535 3766 1603; x_wconf 86' lang='lat' dir='ltr'><strong>interpretatmn,</strong></span> 
     </span>
    </p>
   </div>
   <div class='ocr_carea' id='block_1_30' title="bbox 2198 1625 2675 1679">
    <p class='ocr_par' dir='ltr' id='par_1_30' title="bbox 2198 1625 2675 1679">
     <span class='ocr_line' id='line_1_30' title="bbox 2198 1625 2675 1679; baseline 0.004 -2"><span class='ocrx_word' id='word_1_210' title='bbox 2198 1626 2477 1679; x_wconf 81' lang='lat' dir='ltr'><strong>nobiseum</strong></span> <span class='ocrx_word' id='word_1_211' title='bbox 2516 1625 2675 1679; x_wconf 87' lang='lat' dir='ltr'><strong>Deus.</strong></span> 
     </span>
    </p>
   </div>
   <div class='ocr_carea' id='block_1_31' title="bbox 2263 1717 3762 1789">
    <p class='ocr_par' dir='ltr' id='par_1_31' title="bbox 2263 1717 3762 1789">
     <span class='ocr_line' id='line_1_31' title="bbox 2263 1717 3762 1789; baseline -0.001 -18"><span class='ocrx_word' id='word_1_212' title='bbox 2263 1718 2428 1788; x_wconf 60' lang='grc' dir='ltr'><strong>βω</strong></span> <span class='ocrx_word' id='word_1_213' title='bbox 2478 1718 2616 1789; x_wconf 88' lang='lat' dir='ltr'><strong>Ergo</strong></span> <span class='ocrx_word' id='word_1_214' title='bbox 2664 1719 2764 1772; x_wconf 68' lang='lat' dir='ltr'><strong>etsi</strong></span> <span class='ocrx_word' id='word_1_215' title='bbox 2828 1734 2923 1787; x_wconf 88' lang='lat' dir='ltr'><strong>per</strong></span> <span class='ocrx_word' id='word_1_216' title='bbox 2974 1717 3266 1787; x_wconf 83' lang='lat' dir='ltr'><strong>prophetas</strong></span> <span class='ocrx_word' id='word_1_217' title='bbox 3314 1728 3535 1773; x_wconf 85' lang='lat' dir='ltr'><strong>sanctos</strong></span> <span class='ocrx_word' id='word_1_218' title='bbox 3586 1719 3762 1772; x_wconf 72' lang='lat' dir='ltr'><strong>dicat:</strong></span> 
     </span>
    </p>
   </div>
   <div class='ocr_carea' id='block_1_32' title="bbox 2200 1808 3761 1878">
    <p class='ocr_par' dir='ltr' id='par_1_32' title="bbox 2200 1808 3761 1878">
     <span class='ocr_line' id='line_1_32' title="bbox 2200 1808 3761 1878; baseline 0.001 -20"><span class='ocrx_word' id='word_1_219' title='bbox 2200 1827 2217 1858; x_wconf 71' lang='grc' dir='ltr'><strong>ι</strong></span> <span class='ocrx_word' id='word_1_220' title='bbox 2264 1810 2486 1863; x_wconf 72' lang='lat' dir='ltr'><strong>liorsum</strong></span> <span class='ocrx_word' id='word_1_221' title='bbox 2519 1825 2693 1863; x_wconf 86' lang='lat' dir='ltr'><strong>meum</strong></span> <span class='ocrx_word' id='word_1_222' title='bbox 2731 1811 2880 1878; x_wconf 90' lang='lat' dir='ltr'><strong>posui</strong></span> <span class='ocrx_word' id='word_1_223' title='bbox 2921 1811 2972 1863; x_wconf 93' lang='lat' dir='ltr'><strong>in</strong></span> <span class='ocrx_word' id='word_1_224' title='bbox 3006 1808 3249 1877; x_wconf 76' lang='lat' dir='ltr'><strong>ﬂagella;</strong></span> <span class='ocrx_word' id='word_1_225' title='bbox 3285 1809 3529 1862; x_wconf 78' lang='lat' dir='ltr'><strong>maxillas</strong></span> <span class='ocrx_word' id='word_1_226' title='bbox 3584 1819 3761 1861; x_wconf 89' lang='lat' dir='ltr'><strong>autem</strong></span> 
     </span>
    </p>
   </div>
   <div class='ocr_carea' id='block_1_33' title="bbox 524 1878 3760 1972">
    <p class='ocr_par' dir='ltr' id='par_1_33' title="bbox 524 1878 3760 1972">
     <span class='ocr_line' id='line_1_33' title="bbox 524 1878 3760 1972; baseline 0.001 -23"><span class='ocrx_word' id='word_1_227' title='bbox 524 1897 786 1961; x_wconf 75' lang='lat' dir='ltr'><strong>homines,</strong></span> <span class='ocrx_word' id='word_1_228' title='bbox 819 1897 1060 1949; x_wconf 82' lang='lat' dir='ltr'><strong>homines</strong></span> <span class='ocrx_word' id='word_1_229' title='bbox 1087 1909 1261 1950; x_wconf 88' lang='lat' dir='ltr'><strong>tamen</strong></span> <span class='ocrx_word' id='word_1_230' title='bbox 1291 1900 1493 1952; x_wconf 85' lang='lat' dir='ltr'><strong>similes</strong></span> <span class='ocrx_word' id='word_1_231' title='bbox 1528 1903 1716 1955; x_wconf 86' lang='lat' dir='ltr'><strong>nostri.</strong></span> <span class='ocrx_word' id='word_1_232' title='bbox 1748 1900 1896 1956; x_wconf 87' lang='lat' dir='ltr'><strong>Eone</strong></span> <span class='ocrx_word' id='word_1_233' title='bbox 1934 1904 2093 1972; x_wconf 78' lang='lat' dir='ltr'><strong>igitur</strong></span> <span class='ocrx_word' id='word_1_234' title='bbox 2124 1878 2165 1929; x_wconf 75' lang='grc' dir='ltr'><strong>Β</strong></span> <span class='ocrx_word' id='word_1_235' title='bbox 2196 1912 2344 1950; x_wconf 77' lang='lat' dir='ltr'><strong>meas</strong></span> <span class='ocrx_word' id='word_1_236' title='bbox 2387 1900 2437 1950; x_wconf 84' lang='lat' dir='ltr'><strong>in</strong></span> <span class='ocrx_word' id='word_1_237' title='bbox 2477 1898 2682 1964; x_wconf 78' lang='lat' dir='ltr'><strong>palmas</strong></span> <span class='ocrx_word' id='word_1_238' title='bbox 2710 1915 2723 1961; x_wconf 90' lang='lat'><strong>;</strong></span> <span class='ocrx_word' id='word_1_239' title='bbox 2750 1897 2940 1951; x_wconf 80' lang='lat' dir='ltr'><strong>faciem</strong></span> <span class='ocrx_word' id='word_1_240' title='bbox 2990 1910 3161 1949; x_wconf 91' lang='lat' dir='ltr'><strong>meam</strong></span> <span class='ocrx_word' id='word_1_241' title='bbox 3206 1905 3383 1949; x_wconf 88' lang='lat' dir='ltr'><strong>autem</strong></span> <span class='ocrx_word' id='word_1_242' title='bbox 3434 1911 3537 1949; x_wconf 92' lang='lat' dir='ltr'><strong>non</strong></span> <span class='ocrx_word' id='word_1_243' title='bbox 3591 1896 3760 1951; x_wconf 79' lang='lat' dir='ltr'><strong>averti</strong></span> 
     </span>
    </p>
   </div>
   <div class='ocr_carea' id='block_1_34' title="bbox 516 1987 2090 2058">
    <p class='ocr_par' dir='ltr' id='par_1_34' title="bbox 516 1987 2090 2058">
     <span class='ocr_line' id='line_1_34' title="bbox 516 1987 2090 2058; baseline 0.008 -21"><span class='ocrx_word' id='word_1_244' title='bbox 516 1990 672 2039; x_wconf 86' lang='lat' dir='ltr'><strong>modo</strong></span> <span class='ocrx_word' id='word_1_245' title='bbox 697 1989 859 2040; x_wconf 86' lang='lat' dir='ltr'><strong>etiam</strong></span> <span class='ocrx_word' id='word_1_246' title='bbox 891 1988 1048 2040; x_wconf 87' lang='lat' dir='ltr'><strong>homo</strong></span> <span class='ocrx_word' id='word_1_247' title='bbox 1087 1988 1193 2041; x_wconf 87' lang='lat' dir='ltr'><strong>Deo</strong></span> <span class='ocrx_word' id='word_1_248' title='bbox 1240 1987 1411 2042; x_wconf 84' lang='lat' dir='ltr'><strong>Verbo</strong></span> <span class='ocrx_word' id='word_1_249' title='bbox 1454 1990 1797 2058; x_wconf 81' lang='lat' dir='ltr'><strong>canjnnctns,</strong></span> <span class='ocrx_word' id='word_1_250' title='bbox 1824 1994 1980 2048; x_wconf 87' lang='lat' dir='ltr'><strong>&#39;sicnt</strong></span> <span class='ocrx_word' id='word_1_251' title='bbox 2013 1995 2090 2049; x_wconf 89' lang='lat' dir='ltr'><strong>illi</strong></span> 
     </span>
    </p>
   </div>
   <div class='ocr_carea' id='block_1_35' title="bbox 514 2078 2094 2151">
    <p class='ocr_par' dir='ltr' id='par_1_35' title="bbox 514 2078 2094 2151">
     <span class='ocr_line' id='line_1_35' title="bbox 514 2078 2094 2151; baseline 0.005 -20"><span class='ocrx_word' id='word_1_252' title='bbox 514 2081 681 2141; x_wconf 85' lang='lat' dir='ltr'><strong>aiunt,</strong></span> <span class='ocrx_word' id='word_1_253' title='bbox 720 2078 1034 2132; x_wconf 73' lang='lat' dir='ltr'><strong>relmionem</strong></span> <span class='ocrx_word' id='word_1_254' title='bbox 1070 2080 1119 2131; x_wconf 94' lang='lat' dir='ltr'><strong>in</strong></span> <span class='ocrx_word' id='word_1_255' title='bbox 1156 2079 1208 2131; x_wconf 89' lang='lat' dir='ltr'><strong>id</strong></span> <span class='ocrx_word' id='word_1_256' title='bbox 1254 2095 1472 2134; x_wconf 89' lang='lat' dir='ltr'><strong>suarum</strong></span> <span class='ocrx_word' id='word_1_257' title='bbox 1509 2083 1703 2137; x_wconf 88' lang='lat' dir='ltr'><strong>habeat</strong></span> <span class='ocrx_word' id='word_1_258' title='bbox 1736 2086 2043 2151; x_wconf 83' lang='lat' dir='ltr'><strong>passionum</strong></span> <span class='ocrx_word' id='word_1_259' title='bbox 2070 2090 2094 2139; x_wconf 81' lang='lat' dir='ltr'><strong>&#39;t</strong></span> 
     </span>
    </p>
   </div>
   <div class='ocr_carea' id='block_1_36' title="bbox 514 2164 2085 2240">
    <p class='ocr_par' dir='ltr' id='par_1_36' title="bbox 514 2164 2085 2240">
     <span class='ocr_line' id='line_1_36' title="bbox 514 2164 2085 2240; baseline 0.005 -21"><span class='ocrx_word' id='word_1_260' title='bbox 514 2168 577 2219; x_wconf 74' lang='lat' dir='ltr'><strong>Et</strong></span> <span class='ocrx_word' id='word_1_261' title='bbox 604 2170 871 2235; x_wconf 83' lang='lat' dir='ltr'><strong>quomodo</strong></span> <span class='ocrx_word' id='word_1_262' title='bbox 884 2169 993 2237; x_wconf 86' lang='lat' dir='ltr'><strong>jam</strong></span> <span class='ocrx_word' id='word_1_263' title='bbox 1027 2185 1131 2221; x_wconf 91' lang='lat' dir='ltr'><strong>non</strong></span> <span class='ocrx_word' id='word_1_264' title='bbox 1161 2170 1225 2222; x_wconf 91' lang='lat' dir='ltr'><strong>sit</strong></span> <span class='ocrx_word' id='word_1_265' title='bbox 1249 2171 1409 2222; x_wconf 90' lang='lat' dir='ltr'><strong>homo</strong></span> <span class='ocrx_word' id='word_1_266' title='bbox 1427 2175 1752 2235; x_wconf 90' lang='lat' dir='ltr'><strong>communis,</strong></span> <span class='ocrx_word' id='word_1_267' title='bbox 1775 2184 1825 2227; x_wconf 89' lang='lat' dir='ltr'><strong>et</strong></span> <span class='ocrx_word' id='word_1_268' title='bbox 1847 2164 2085 2240; x_wconf 48' lang='lat' dir='ltr'><strong>scolisus,</strong></span> 
     </span>
    </p>
   </div>
   <div class='ocr_carea' id='block_1_37' title="bbox 512 2260 2084 2330">
    <p class='ocr_par' dir='ltr' id='par_1_37' title="bbox 512 2260 2084 2330">
     <span class='ocr_line' id='line_1_37' title="bbox 512 2260 2084 2330; baseline 0.004 -21"><span class='ocrx_word' id='word_1_269' title='bbox 512 2268 565 2310; x_wconf 78' lang='lat' dir='ltr'><strong>et</strong></span> <span class='ocrx_word' id='word_1_270' title='bbox 601 2260 743 2311; x_wconf 85' lang='lat' dir='ltr'><strong>aliud</strong></span> <span class='ocrx_word' id='word_1_271' title='bbox 779 2260 1117 2329; x_wconf 75' lang='lat' dir='ltr'><strong>niltil‘iErgo</strong></span> <span class='ocrx_word' id='word_1_272' title='bbox 1152 2274 1255 2311; x_wconf 89' lang='lat' dir='ltr'><strong>non</strong></span> <span class='ocrx_word' id='word_1_273' title='bbox 1285 2271 1366 2314; x_wconf 78' lang='lat' dir='ltr'><strong>est</strong></span> <span class='ocrx_word' id='word_1_274' title='bbox 1407 2276 1532 2315; x_wconf 83' lang='lat' dir='ltr'><strong>vere</strong></span> <span class='ocrx_word' id='word_1_275' title='bbox 1578 2262 1719 2315; x_wconf 84' lang='lat' dir='ltr'><strong>Deus</strong></span> <span class='ocrx_word' id='word_1_276' title='bbox 1746 2262 2084 2330; x_wconf 83' lang='lat' dir='ltr'><strong>Emmanuel,</strong></span> 
     </span>
    </p>
   </div>
   <div class='ocr_carea' id='block_1_38' title="bbox 511 2348 2081 2417">
    <p class='ocr_par' dir='ltr' id='par_1_38' title="bbox 511 2348 2081 2417">
     <span class='ocr_line' id='line_1_38' title="bbox 511 2348 2081 2417; baseline 0.004 -16"><span class='ocrx_word' id='word_1_277' title='bbox 511 2365 614 2401; x_wconf 84' lang='lat' dir='ltr'><strong>non</strong></span> <span class='ocrx_word' id='word_1_278' title='bbox 646 2350 952 2417; x_wconf 84' lang='lat' dir='ltr'><strong>nnigenitus</strong></span> <span class='ocrx_word' id='word_1_279' title='bbox 984 2348 1175 2415; x_wconf 78' lang='lat' dir='ltr'><strong>Filius,</strong></span> <span class='ocrx_word' id='word_1_280' title='bbox 1206 2366 1309 2404; x_wconf 87' lang='lat' dir='ltr'><strong>non</strong></span> <span class='ocrx_word' id='word_1_281' title='bbox 1337 2352 1472 2405; x_wconf 87' lang='lat' dir='ltr'><strong>Deus</strong></span> <span class='ocrx_word' id='word_1_282' title='bbox 1497 2353 1788 2405; x_wconf 81' lang='lat' dir='ltr'><strong>secundum</strong></span> <span class='ocrx_word' id='word_1_283' title='bbox 1819 2364 2081 2408; x_wconf 81' lang='lat' dir='ltr'><strong>naturam.</strong></span> 
     </span>
    </p>
   </div>
   <div class='ocr_carea' id='block_1_39' title="bbox 584 2440 2084 2509">
    <p class='ocr_par' dir='ltr' id='par_1_39' title="bbox 584 2440 2084 2509">
     <span class='ocr_line' id='line_1_39' title="bbox 584 2440 2084 2509; baseline 0.005 -19"><span class='ocrx_word' id='word_1_284' title='bbox 584 2440 781 2494; x_wconf 89' lang='lat' dir='ltr'><strong>Deinde</strong></span> <span class='ocrx_word' id='word_1_285' title='bbox 829 2455 990 2509; x_wconf 90' lang='lat' dir='ltr'><strong>quam</strong></span> <span class='ocrx_word' id='word_1_286' title='bbox 1058 2446 1126 2495; x_wconf 92' lang='lat' dir='ltr'><strong>ob</strong></span> <span class='ocrx_word' id='word_1_287' title='bbox 1174 2457 1391 2497; x_wconf 84' lang='lat' dir='ltr'><strong>causam</strong></span> <span class='ocrx_word' id='word_1_288' title='bbox 1444 2457 1600 2497; x_wconf 91' lang='lat' dir='ltr'><strong>nemo</strong></span> <span class='ocrx_word' id='word_1_289' title='bbox 1657 2444 1887 2497; x_wconf 69' lang='lat' dir='ltr'><strong>aliut-um</strong></span> <span class='ocrx_word' id='word_1_290' title='bbox 1917 2462 1944 2497; x_wconf 89' lang='lat' dir='ltr'><strong>a</strong></span> <span class='ocrx_word' id='word_1_291' title='bbox 1978 2446 2084 2498; x_wconf 90' lang='lat' dir='ltr'><strong>Deo</strong></span> 
     </span>
    </p>
   </div>
   <div class='ocr_carea' id='block_1_40' title="bbox 506 2531 2083 2601">
    <p class='ocr_par' dir='ltr' id='par_1_40' title="bbox 506 2531 2083 2601">
     <span class='ocr_line' id='line_1_40' title="bbox 506 2531 2083 2601; baseline 0.002 -14"><span class='ocrx_word' id='word_1_292' title='bbox 506 2531 687 2587; x_wconf 78' lang='lat' dir='ltr'><strong>Verbo</strong></span> <span class='ocrx_word' id='word_1_293' title='bbox 749 2532 1045 2586; x_wconf 85' lang='lat' dir='ltr'><strong>honoratus</strong></span> <span class='ocrx_word' id='word_1_294' title='bbox 1097 2542 1180 2585; x_wconf 85' lang='lat' dir='ltr'><strong>est</strong></span> <span class='ocrx_word' id='word_1_295' title='bbox 1235 2534 1541 2601; x_wconf 79' lang='lat' dir='ltr'><strong>:eqnalitate</strong></span> <span class='ocrx_word' id='word_1_296' title='bbox 1611 2536 1908 2601; x_wconf 81' lang='lat' dir='ltr'><strong>dignitatis,</strong></span> <span class='ocrx_word' id='word_1_297' title='bbox 1971 2538 2083 2590; x_wconf 77' lang='lat' dir='ltr'><strong>sive</strong></span> 
     </span>
    </p>
   </div>
   <div class='ocr_carea' id='block_1_41' title="bbox 506 2623 2082 2693">
    <p class='ocr_par' dir='ltr' id='par_1_41' title="bbox 506 2623 2082 2693">
     <span class='ocr_line' id='line_1_41' title="bbox 506 2623 2082 2693; baseline 0.003 -19"><span class='ocrx_word' id='word_1_298' title='bbox 506 2626 848 2679; x_wconf 81' lang='lat' dir='ltr'><strong>auctoritatis</strong></span> <span class='ocrx_word' id='word_1_299' title='bbox 878 2625 901 2677; x_wconf 84' lang='lat'><strong>?</strong></span> <span class='ocrx_word' id='word_1_300' title='bbox 931 2623 1111 2677; x_wconf 88' lang='lat' dir='ltr'><strong>Solum</strong></span> <span class='ocrx_word' id='word_1_301' title='bbox 1161 2635 1337 2677; x_wconf 87' lang='lat' dir='ltr'><strong>autem</strong></span> <span class='ocrx_word' id='word_1_302' title='bbox 1370 2626 1508 2679; x_wconf 86' lang='lat' dir='ltr'><strong>hunc</strong></span> <span class='ocrx_word' id='word_1_303' title='bbox 1563 2628 1708 2693; x_wconf 89' lang='lat' dir='ltr'><strong>paria</strong></span> <span class='ocrx_word' id='word_1_304' title='bbox 1758 2629 1935 2678; x_wconf 84' lang='lat' dir='ltr'><strong>omnia</strong></span> <span class='ocrx_word' id='word_1_305' title='bbox 1967 2644 2082 2679; x_wconf 86' lang='lat' dir='ltr'><strong>sor-</strong></span> 
     </span>
    </p>
   </div>
   <div class='ocr_carea' id='block_1_42' title="bbox 507 2712 2080 2779">
    <p class='ocr_par' dir='ltr' id='par_1_42' title="bbox 507 2712 2080 2779">
     <span class='ocr_line' id='line_1_42' title="bbox 507 2712 2080 2779; baseline 0.001 -12"><span class='ocrx_word' id='word_1_306' title='bbox 507 2714 659 2767; x_wconf 87' lang='lat' dir='ltr'><strong>titmn</strong></span> <span class='ocrx_word' id='word_1_307' title='bbox 692 2712 856 2767; x_wconf 80' lang='lat' dir='ltr'><strong>fuisse</strong></span> <span class='ocrx_word' id='word_1_308' title='bbox 880 2715 1246 2779; x_wconf 87' lang='lat' dir='ltr'><strong>contendunt;</strong></span> <span class='ocrx_word' id='word_1_309' title='bbox 1275 2716 1507 2766; x_wconf 81' lang='lat' dir='ltr'><strong>maxime</strong></span> <span class='ocrx_word' id='word_1_310' title='bbox 1535 2730 1654 2766; x_wconf 92' lang='lat' dir='ltr'><strong>cum</strong></span> <span class='ocrx_word' id='word_1_311' title='bbox 1678 2714 1815 2768; x_wconf 87' lang='lat' dir='ltr'><strong>Deus</strong></span> <span class='ocrx_word' id='word_1_312' title='bbox 1834 2712 2080 2768; x_wconf 82' lang='lat' dir='ltr'><strong>Salvator</strong></span> 
     </span>
    </p>
   </div>
   <div class='ocr_carea' id='block_1_43' title="bbox 504 2804 2077 2874">
    <p class='ocr_par' dir='ltr' id='par_1_43' title="bbox 504 2804 2077 2874">
     <span class='ocr_line' id='line_1_43' title="bbox 504 2804 2077 2874; baseline 0 -15"><span class='ocrx_word' id='word_1_313' title='bbox 504 2807 768 2866; x_wconf 91' lang='lat' dir='ltr'><strong>omnium,</strong></span> <span class='ocrx_word' id='word_1_314' title='bbox 804 2820 910 2857; x_wconf 90' lang='lat' dir='ltr'><strong>non</strong></span> <span class='ocrx_word' id='word_1_315' title='bbox 939 2804 1145 2873; x_wconf 87' lang='lat' dir='ltr'><strong>judicct</strong></span> <span class='ocrx_word' id='word_1_316' title='bbox 1181 2806 1244 2858; x_wconf 86' lang='lat' dir='ltr'><strong>ad</strong></span> <span class='ocrx_word' id='word_1_317' title='bbox 1272 2819 1577 2871; x_wconf 85' lang='lat' dir='ltr'><strong>personam,</strong></span> <span class='ocrx_word' id='word_1_318' title='bbox 1598 2805 1690 2857; x_wconf 84' lang='lat' dir='ltr'><strong>sed</strong></span> <span class='ocrx_word' id='word_1_319' title='bbox 1711 2805 1916 2873; x_wconf 85' lang='lat' dir='ltr'><strong>justum</strong></span> <span class='ocrx_word' id='word_1_320' title='bbox 1942 2806 2077 2874; x_wconf 84' lang='lat' dir='ltr'><strong>judi-</strong></span> 
     </span>
    </p>
   </div>
   <div class='ocr_carea' id='block_1_44' title="bbox 502 2894 2076 2962">
    <p class='ocr_par' dir='ltr' id='par_1_44' title="bbox 502 2894 2076 2962">
     <span class='ocr_line' id='line_1_44' title="bbox 502 2894 2076 2962; baseline 0.001 -15"><span class='ocrx_word' id='word_1_321' title='bbox 502 2897 666 2959; x_wconf 88' lang='lat' dir='ltr'><strong>cium,</strong></span> <span class='ocrx_word' id='word_1_322' title='bbox 696 2895 838 2949; x_wconf 84' lang='lat' dir='ltr'><strong>sicut</strong></span> <span class='ocrx_word' id='word_1_323' title='bbox 867 2896 979 2961; x_wconf 90' lang='lat' dir='ltr'><strong>ipse</strong></span> <span class='ocrx_word' id='word_1_324' title='bbox 1006 2896 1480 2949; x_wconf 78' lang='lat' dir='ltr'><strong>conunemorat“.</strong></span> <span class='ocrx_word' id='word_1_325' title='bbox 1516 2894 1693 2961; x_wconf 81' lang='lat' dir='ltr'><strong>Quare</strong></span> <span class='ocrx_word' id='word_1_326' title='bbox 1728 2909 1857 2962; x_wconf 90' lang='lat' dir='ltr'><strong>ergo</strong></span> <span class='ocrx_word' id='word_1_327' title='bbox 1897 2896 2076 2948; x_wconf 82' lang='lat' dir='ltr'><strong>consi-</strong></span> 
     </span>
    </p>
   </div>
   <div class='ocr_carea' id='block_1_45' title="bbox 500 2984 2074 3054">
    <p class='ocr_par' dir='ltr' id='par_1_45' title="bbox 500 2984 2074 3054">
     <span class='ocr_line' id='line_1_45' title="bbox 500 2984 2074 3054; baseline 0.001 -14"><span class='ocrx_word' id='word_1_328' title='bbox 500 2989 589 3040; x_wconf 86' lang='lat' dir='ltr'><strong>det</strong></span> <span class='ocrx_word' id='word_1_329' title='bbox 622 2987 814 3041; x_wconf 81' lang='lat' dir='ltr'><strong>solns?</strong></span> <span class='ocrx_word' id='word_1_330' title='bbox 852 2984 1141 3053; x_wconf 86' lang='lat' dir='ltr'><strong>Quomodo</strong></span> <span class='ocrx_word' id='word_1_331' title='bbox 1194 2988 1373 3039; x_wconf 80' lang='lat' dir='ltr'><strong>veniet</strong></span> <span class='ocrx_word' id='word_1_332' title='bbox 1404 2985 1590 3052; x_wconf 79' lang='lat' dir='ltr'><strong>judex,</strong></span> <span class='ocrx_word' id='word_1_333' title='bbox 1650 2984 2074 3054; x_wconf 88' lang='lat' dir='ltr'><strong>obsequentibns</strong></span> 
     </span>
    </p>
   </div>
   <div class='ocr_carea' id='block_1_46' title="bbox 498 3078 2069 3148">
    <p class='ocr_par' dir='ltr' id='par_1_46' title="bbox 498 3078 2069 3148">
     <span class='ocr_line' id='line_1_46' title="bbox 498 3078 2069 3148; baseline 0.001 -16"><span class='ocrx_word' id='word_1_334' title='bbox 498 3078 944 3148; x_wconf 79' lang='lat' dir='ltr'><strong>augelis?Quare</strong></span> <span class='ocrx_word' id='word_1_335' title='bbox 995 3091 1171 3132; x_wconf 84' lang='lat' dir='ltr'><strong>autem</strong></span> <span class='ocrx_word' id='word_1_336' title='bbox 1212 3080 1361 3133; x_wconf 83' lang='lat' dir='ltr'><strong>solus</strong></span> <span class='ocrx_word' id='word_1_337' title='bbox 1411 3089 1516 3131; x_wconf 79' lang='lat' dir='ltr'><strong>tum</strong></span> <span class='ocrx_word' id='word_1_338' title='bbox 1560 3094 1588 3131; x_wconf 82' lang='lat' dir='ltr'><strong>a</strong></span> <span class='ocrx_word' id='word_1_339' title='bbox 1636 3079 1791 3133; x_wconf 85' lang='lat' dir='ltr'><strong>nobis</strong></span> <span class='ocrx_word' id='word_1_340' title='bbox 1842 3095 2003 3147; x_wconf 90' lang='lat' dir='ltr'><strong>quam</strong></span> <span class='ocrx_word' id='word_1_341' title='bbox 2040 3096 2069 3133; x_wconf 84' lang='lat' dir='ltr'><strong>a</strong></span> 
     </span>
    </p>
   </div>
   <div class='ocr_carea' id='block_1_47' title="bbox 494 3170 2136 3257">
    <p class='ocr_par' dir='ltr' id='par_1_47' title="bbox 494 3170 2136 3257">
     <span class='ocr_line' id='line_1_47' title="bbox 494 3170 2136 3257; baseline 0.001 -34"><span class='ocrx_word' id='word_1_342' title='bbox 494 3172 741 3239; x_wconf 81' lang='lat' dir='ltr'><strong>supernis</strong></span> <span class='ocrx_word' id='word_1_343' title='bbox 766 3172 1049 3241; x_wconf 80' lang='lat' dir='ltr'><strong>spiritibus</strong></span> <span class='ocrx_word' id='word_1_344' title='bbox 1089 3171 1339 3225; x_wconf 89' lang='lat' dir='ltr'><strong>adoratnr</strong></span> <span class='ocrx_word' id='word_1_345' title='bbox 1367 3170 1389 3222; x_wconf 82' lang='lat'><strong>?</strong></span> <span class='ocrx_word' id='word_1_346' title='bbox 1426 3171 1530 3253; x_wconf 75' lang='lat' dir='ltr'><strong>sed</strong></span> <span class='ocrx_word' id='word_1_347' title='bbox 1561 3170 1737 3232; x_wconf 85' lang='lat' dir='ltr'><strong>valde,</strong></span> <span class='ocrx_word' id='word_1_348' title='bbox 1765 3171 1934 3238; x_wconf 90' lang='lat' dir='ltr'><strong>inquit</strong></span> <span class='ocrx_word' id='word_1_349' title='bbox 1968 3189 1980 3223; x_wconf 94' lang='lat'><strong>:</strong></span> <span class='ocrx_word' id='word_1_350' title='bbox 2018 3181 2067 3225; x_wconf 92' lang='lat' dir='ltr'><strong>te</strong></span> <span class='ocrx_word' id='word_1_351' title='bbox 2096 3203 2136 3257; x_wconf 62' lang='grc' dir='ltr'>α</span> 
     </span>
    </p>
   </div>
   <div class='ocr_carea' id='block_1_48' title="bbox 492 3244 2063 3332">
    <p class='ocr_par' dir='ltr' id='par_1_48' title="bbox 492 3244 2063 3332">
     <span class='ocr_line' id='line_1_48' title="bbox 492 3244 2063 3332; baseline -0.001 -15"><span class='ocrx_word' id='word_1_352' title='bbox 492 3266 635 3317; x_wconf 85' lang='lat' dir='ltr'><strong>enim</strong></span> <span class='ocrx_word' id='word_1_353' title='bbox 692 3278 908 3332; x_wconf 88' lang='lat' dir='ltr'><strong>quoque</strong></span> <span class='ocrx_word' id='word_1_354' title='bbox 967 3264 1018 3317; x_wconf 88' lang='lat' dir='ltr'><strong>id</strong></span> <span class='ocrx_word' id='word_1_355' title='bbox 1069 3278 1229 3332; x_wconf 84' lang='lat' dir='ltr'><strong>agere</strong></span> <span class='ocrx_word' id='word_1_356' title='bbox 1277 3244 1579 3316; x_wconf 69' lang='lat' dir='ltr'><strong>inventurus</strong></span> <span class='ocrx_word' id='word_1_357' title='bbox 1611 3280 1625 3327; x_wconf 88' lang='lat'>;</span> <span class='ocrx_word' id='word_1_358' title='bbox 1657 3278 1871 3328; x_wconf 88' lang='lat' dir='ltr'><strong>passum</strong></span> <span class='ocrx_word' id='word_1_359' title='bbox 1921 3264 2063 3315; x_wconf 90' lang='lat' dir='ltr'><strong>enim</strong></span> 
     </span>
    </p>
   </div>
   <div class='ocr_carea' id='block_1_49' title="bbox 496 3355 2062 3423">
    <p class='ocr_par' dir='ltr' id='par_1_49' title="bbox 496 3355 2062 3423">
     <span class='ocr_line' id='line_1_49' title="bbox 496 3355 2062 3423; baseline 0 -16"><span class='ocrx_word' id='word_1_360' title='bbox 496 3355 669 3421; x_wconf 88' lang='lat' dir='ltr'><strong>ipsum</strong></span> <span class='ocrx_word' id='word_1_361' title='bbox 694 3355 987 3417; x_wconf 79' lang='lat' dir='ltr'><strong>conﬁteris,</strong></span> <span class='ocrx_word' id='word_1_362' title='bbox 1012 3365 1278 3423; x_wconf 87' lang='lat' dir='ltr'><strong>quatenus</strong></span> <span class='ocrx_word' id='word_1_363' title='bbox 1305 3355 1352 3407; x_wconf 91' lang='lat' dir='ltr'><strong>ei</strong></span> <span class='ocrx_word' id='word_1_364' title='bbox 1380 3355 1560 3407; x_wconf 89' lang='lat' dir='ltr'><strong>carnis</strong></span> <span class='ocrx_word' id='word_1_365' title='bbox 1584 3355 1831 3407; x_wconf 89' lang='lat' dir='ltr'><strong>attribuis</strong></span> <span class='ocrx_word' id='word_1_366' title='bbox 1856 3355 2062 3421; x_wconf 88' lang='lat' dir='ltr'><strong>passio-</strong></span> 
     </span>
    </p>
   </div>
   <div class='ocr_carea' id='block_1_50' title="bbox 496 3440 2062 3513">
    <p class='ocr_par' dir='ltr' id='par_1_50' title="bbox 496 3440 2062 3513">
     <span class='ocr_line' id='line_1_50' title="bbox 496 3440 2062 3513; baseline -0.001 -14"><span class='ocrx_word' id='word_1_367' title='bbox 496 3460 612 3507; x_wconf 87' lang='lat' dir='ltr'><strong>nes,</strong></span> <span class='ocrx_word' id='word_1_368' title='bbox 636 3445 758 3498; x_wconf 88' lang='lat' dir='ltr'><strong>licet</strong></span> <span class='ocrx_word' id='word_1_369' title='bbox 787 3444 1169 3513; x_wconf 85' lang='lat' dir='ltr'><strong>impassibilem</strong></span> <span class='ocrx_word' id='word_1_370' title='bbox 1207 3458 1390 3497; x_wconf 82' lang='lat' dir='ltr'><strong>serves</strong></span> <span class='ocrx_word' id='word_1_371' title='bbox 1418 3453 1475 3495; x_wconf 90' lang='lat' dir='ltr'><strong>ut</strong></span> <span class='ocrx_word' id='word_1_372' title='bbox 1497 3440 1686 3496; x_wconf 82' lang='lat' dir='ltr'><strong>Deum.</strong></span> <span class='ocrx_word' id='word_1_373' title='bbox 1724 3443 1792 3495; x_wconf 87' lang='lat' dir='ltr'><strong>At</strong></span> <span class='ocrx_word' id='word_1_374' title='bbox 1822 3459 1939 3509; x_wconf 91' lang='lat' dir='ltr'><strong>nos,</strong></span> <span class='ocrx_word' id='word_1_375' title='bbox 1980 3448 2062 3497; x_wconf 85' lang='lat' dir='ltr'><strong>vir</strong></span> 
     </span>
    </p>
   </div>
   <div class='ocr_carea' id='block_1_51' title="bbox 492 3534 2061 3607">
    <p class='ocr_par' dir='ltr' id='par_1_51' title="bbox 492 3534 2061 3607">
     <span class='ocr_line' id='line_1_51' title="bbox 492 3534 2061 3607; baseline -0.003 -16"><span class='ocrx_word' id='word_1_376' title='bbox 492 3538 715 3607; x_wconf 91' lang='lat' dir='ltr'><strong>optime,</strong></span> <span class='ocrx_word' id='word_1_377' title='bbox 750 3551 871 3590; x_wconf 89' lang='lat' dir='ltr'><strong>cum</strong></span> <span class='ocrx_word' id='word_1_378' title='bbox 906 3537 1053 3604; x_wconf 90' lang='lat' dir='ltr'><strong>prius</strong></span> <span class='ocrx_word' id='word_1_379' title='bbox 1092 3535 1509 3589; x_wconf 78' lang='lat' dir='ltr'><strong>adunaverimus</strong></span> <span class='ocrx_word' id='word_1_380' title='bbox 1546 3534 1779 3587; x_wconf 85' lang='lat' dir='ltr'><strong>Verbum</strong></span> <span class='ocrx_word' id='word_1_381' title='bbox 1808 3545 1860 3588; x_wconf 90' lang='lat' dir='ltr'><strong>et</strong></span> <span class='ocrx_word' id='word_1_382' title='bbox 1886 3536 2061 3587; x_wconf 90' lang='lat' dir='ltr'><strong>homi-</strong></span> 
     </span>
    </p>
   </div>
   <div class='ocr_carea' id='block_1_52' title="bbox 491 3626 2059 3697">
    <p class='ocr_par' dir='ltr' id='par_1_52' title="bbox 491 3626 2059 3697">
     <span class='ocr_line' id='line_1_52' title="bbox 491 3626 2059 3697; baseline -0.003 -14"><span class='ocrx_word' id='word_1_383' title='bbox 491 3644 633 3693; x_wconf 89' lang='lat' dir='ltr'><strong>nem,</strong></span> <span class='ocrx_word' id='word_1_384' title='bbox 679 3630 825 3682; x_wconf 88' lang='lat' dir='ltr'><strong>carni</strong></span> <span class='ocrx_word' id='word_1_385' title='bbox 878 3630 1090 3696; x_wconf 85' lang='lat' dir='ltr'><strong>quidem</strong></span> <span class='ocrx_word' id='word_1_386' title='bbox 1126 3627 1409 3697; x_wconf 85' lang='lat' dir='ltr'><strong>passiones</strong></span> <span class='ocrx_word' id='word_1_387' title='bbox 1456 3626 1761 3691; x_wconf 80' lang='lat' dir='ltr'><strong>tribuimus,</strong></span> <span class='ocrx_word' id='word_1_388' title='bbox 1806 3627 2059 3694; x_wconf 82' lang='lat' dir='ltr'><strong>impassi—</strong></span> 
     </span>
    </p>
   </div>
   <div class='ocr_carea' id='block_1_53' title="bbox 557 3804 981 3870">
    <p class='ocr_par' dir='ltr' id='par_1_53' title="bbox 557 3804 981 3870">
     <span class='ocr_line' id='line_1_53' title="bbox 557 3804 981 3870; baseline 0.007 -14"><span class='ocrx_word' id='word_1_389' title='bbox 557 3805 599 3839; x_wconf 85' lang='grc'><strong>⁶¹</strong></span> <span class='ocrx_word' id='word_1_390' title='bbox 638 3804 767 3858; x_wconf 86' lang='lat' dir='ltr'><strong>Luc.</strong></span> <span class='ocrx_word' id='word_1_391' title='bbox 795 3822 870 3870; x_wconf 80' lang='lat' dir='ltr'><strong>Ix,</strong></span> <span class='ocrx_word' id='word_1_392' title='bbox 894 3807 981 3859; x_wconf 68' lang='grc' dir='ltr'><strong>ιε.</strong></span> 
     </span>
    </p>
   </div>
   <div class='ocr_carea' id='block_1_54' title="bbox 1094 3804 1645 3866">
    <p class='ocr_par' dir='ltr' id='par_1_54' title="bbox 1094 3804 1645 3866">
     <span class='ocr_line' id='line_1_54' title="bbox 1094 3804 1645 3866; baseline 0.004 -9"><span class='ocrx_word' id='word_1_393' title='bbox 1094 3805 1138 3836; x_wconf 80' lang='grc'><strong><em>⁸³</em></strong></span> <span class='ocrx_word' id='word_1_394' title='bbox 1170 3804 1354 3857; x_wconf 84' lang='lat' dir='ltr'><strong>Matth.</strong></span> <span class='ocrx_word' id='word_1_395' title='bbox 1391 3822 1516 3866; x_wconf 80' lang='lat' dir='ltr'><strong>xxv,</strong></span> <span class='ocrx_word' id='word_1_396' title='bbox 1558 3806 1645 3859; x_wconf 74' lang='grc' dir='ltr'><strong>δι.</strong></span> 
     </span>
    </p>
   </div>
   <div class='ocr_carea' id='block_1_55' title="bbox 485 3868 1641 3939">
    <p class='ocr_par' dir='ltr' id='par_1_55' title="bbox 485 3868 1641 3939">
     <span class='ocr_line' id='line_1_55' title="bbox 485 3868 1641 3939; baseline 0.002 -12"><span class='ocrx_word' id='word_1_397' title='bbox 485 3870 525 3901; x_wconf 72' lang='grc' dir='ltr'><strong>⁶τ</strong></span> <span class='ocrx_word' id='word_1_398' title='bbox 556 3871 692 3928; x_wconf 76' lang='lat' dir='ltr'><strong>Psal.</strong></span> <span class='ocrx_word' id='word_1_399' title='bbox 725 3868 913 3939; x_wconf 76' lang='lat' dir='ltr'><strong>uvttl,</strong></span> <span class='ocrx_word' id='word_1_400' title='bbox 946 3877 1033 3929; x_wconf 66' lang='lat' dir='ltr'><strong>i2.</strong></span> <span class='ocrx_word' id='word_1_401' title='bbox 1110 3875 1156 3906; x_wconf 79' lang='grc'><strong>⁸⁸</strong></span> <span class='ocrx_word' id='word_1_402' title='bbox 1197 3874 1301 3927; x_wconf 75' lang='lat' dir='ltr'><strong>lsa.</strong></span> <span class='ocrx_word' id='word_1_403' title='bbox 1330 3892 1442 3939; x_wconf 84' lang='lat' dir='ltr'><strong>thl,</strong></span> <span class='ocrx_word' id='word_1_404' title='bbox 1478 3877 1531 3929; x_wconf 79' lang='lat'><strong>5&#39;.</strong></span> <span class='ocrx_word' id='word_1_405' title='bbox 1625 3868 1641 3880; x_wconf 76' lang='grc'><em>’</em></span> 
     </span>
    </p>
   </div>
   <div class='ocr_carea' id='block_1_56' title="bbox 1110 3874 1531 3939">
    <p class='ocr_par' dir='ltr' id='par_1_56' title="bbox 1110 3874 1531 3939">
     <span class='ocr_line' id='line_1_56' title="bbox 1110 3874 1531 3939; baseline 0.01 -14"><span class='ocrx_word' id='word_1_406' title='bbox 1110 3875 1156 3906; x_wconf 79' lang='grc'><strong>⁸⁸</strong></span> <span class='ocrx_word' id='word_1_407' title='bbox 1197 3874 1301 3927; x_wconf 75' lang='lat' dir='ltr'><strong>lsa.</strong></span> <span class='ocrx_word' id='word_1_408' title='bbox 1330 3892 1442 3939; x_wconf 84' lang='lat' dir='ltr'><strong>thl,</strong></span> <span class='ocrx_word' id='word_1_409' title='bbox 1478 3877 1531 3929; x_wconf 79' lang='lat'><strong>5&#39;.</strong></span> 
     </span>
    </p>
   </div>
   <div class='ocr_carea' id='block_1_57' title="bbox 1760 3804 2103 3860">
    <p class='ocr_par' dir='ltr' id='par_1_57' title="bbox 1760 3804 2103 3860">
     <span class='ocr_line' id='line_1_57' title="bbox 1760 3804 2103 3860; baseline -0.009 0"><span class='ocrx_word' id='word_1_410' title='bbox 1760 3806 1803 3835; x_wconf 81' lang='grc'>⁸³</span> <span class='ocrx_word' id='word_1_411' title='bbox 1848 3806 1973 3860; x_wconf 75' lang='lat' dir='ltr'><strong>ibid.</strong></span> <span class='ocrx_word' id='word_1_412' title='bbox 2017 3804 2103 3858; x_wconf 64' lang='grc'><strong>40.</strong></span> 
     </span>
    </p>
   </div>
   <div class='ocr_carea' id='block_1_58' title="bbox 2195 1986 3763 2056">
    <p class='ocr_par' dir='ltr' id='par_1_58' title="bbox 2195 1986 3763 2056">
     <span class='ocr_line' id='line_1_58' title="bbox 2195 1986 3763 2056; baseline 0 -17"><span class='ocrx_word' id='word_1_413' title='bbox 2195 2004 2222 2039; x_wconf 86' lang='lat' dir='ltr'><strong>a</strong></span> <span class='ocrx_word' id='word_1_414' title='bbox 2253 1988 2567 2041; x_wconf 80' lang='lat' dir='ltr'><strong>confusione</strong></span> <span class='ocrx_word' id='word_1_415' title='bbox 2587 1998 2862 2056; x_wconf 85' lang='lat' dir='ltr'><strong>sputorum</strong></span> <span class='ocrx_word' id='word_1_416' title='bbox 2882 1989 2946 2041; x_wconf 81' lang='grc'><strong>⁸³.</strong></span> <span class='ocrx_word' id='word_1_417' title='bbox 2976 2005 2994 2039; x_wconf 76' lang='grc' dir='ltr'><strong>ο</strong></span> <span class='ocrx_word' id='word_1_418' title='bbox 3025 1986 3224 2042; x_wconf 83' lang='lat' dir='ltr'><strong>Porro:</strong></span> <span class='ocrx_word' id='word_1_419' title='bbox 3252 2006 3269 2038; x_wconf 83' lang='lat' dir='ltr'><strong>t</strong></span> <span class='ocrx_word' id='word_1_420' title='bbox 3313 1986 3627 2041; x_wconf 85' lang='lat' dir='ltr'><strong>luloderunt</strong></span> <span class='ocrx_word' id='word_1_421' title='bbox 3658 2001 3763 2039; x_wconf 83' lang='lat' dir='ltr'><strong>ma-</strong></span> 
     </span>
    </p>
   </div>
   <div class='ocr_carea' id='block_1_59' title="bbox 2195 2079 3759 2148">
    <p class='ocr_par' dir='ltr' id='par_1_59' title="bbox 2195 2079 3759 2148">
     <span class='ocr_line' id='line_1_59' title="bbox 2195 2079 3759 2148; baseline 0 -18"><span class='ocrx_word' id='word_1_422' title='bbox 2195 2094 2293 2131; x_wconf 89' lang='lat' dir='ltr'><strong>nus</strong></span> <span class='ocrx_word' id='word_1_423' title='bbox 2333 2094 2479 2133; x_wconf 89' lang='lat' dir='ltr'><strong>meas</strong></span> <span class='ocrx_word' id='word_1_424' title='bbox 2526 2089 2581 2132; x_wconf 90' lang='lat' dir='ltr'><strong>et</strong></span> <span class='ocrx_word' id='word_1_425' title='bbox 2631 2081 2790 2148; x_wconf 87' lang='lat' dir='ltr'><strong>pedes</strong></span> <span class='ocrx_word' id='word_1_426' title='bbox 2842 2094 3010 2143; x_wconf 87' lang='lat' dir='ltr'><strong>meos,</strong></span> <span class='ocrx_word' id='word_1_427' title='bbox 3050 2079 3527 2133; x_wconf 85' lang='lat' dir='ltr'><strong>dinumeraverunt</strong></span> <span class='ocrx_word' id='word_1_428' title='bbox 3582 2079 3759 2133; x_wconf 79' lang='lat' dir='ltr'><strong>Omnia</strong></span> 
     </span>
    </p>
   </div>
   <div class='ocr_carea' id='block_1_60' title="bbox 2190 2170 3757 2239">
    <p class='ocr_par' dir='ltr' id='par_1_60' title="bbox 2190 2170 3757 2239">
     <span class='ocr_line' id='line_1_60' title="bbox 2190 2170 3757 2239; baseline -0.001 -15"><span class='ocrx_word' id='word_1_429' title='bbox 2190 2186 2312 2224; x_wconf 80' lang='lat' dir='ltr'><strong>ossa</strong></span> <span class='ocrx_word' id='word_1_430' title='bbox 2344 2172 2459 2223; x_wconf 84' lang='lat' dir='ltr'><strong>mea</strong></span> <span class='ocrx_word' id='word_1_431' title='bbox 2485 2170 2549 2223; x_wconf 86' lang='lat'><strong>“.</strong></span> <span class='ocrx_word' id='word_1_432' title='bbox 2588 2190 2606 2223; x_wconf 70' lang='grc' dir='ltr'><strong>ι</strong></span> <span class='ocrx_word' id='word_1_433' title='bbox 2651 2170 2716 2225; x_wconf 84' lang='grc' dir='ltr'>Ει</span> <span class='ocrx_word' id='word_1_434' title='bbox 2749 2186 2945 2239; x_wconf 89' lang='lat' dir='ltr'><strong>porro:</strong></span> <span class='ocrx_word' id='word_1_435' title='bbox 2977 2190 2996 2222; x_wconf 80' lang='grc' dir='ltr'><strong>ι</strong></span> <span class='ocrx_word' id='word_1_436' title='bbox 3031 2170 3234 2225; x_wconf 82' lang='lat' dir='ltr'><strong>Dedere</strong></span> <span class='ocrx_word' id='word_1_437' title='bbox 3268 2171 3321 2223; x_wconf 92' lang='lat' dir='ltr'><strong>in</strong></span> <span class='ocrx_word' id='word_1_438' title='bbox 3363 2170 3539 2224; x_wconf 89' lang='lat' dir='ltr'><strong>cibum</strong></span> <span class='ocrx_word' id='word_1_439' title='bbox 3584 2185 3757 2222; x_wconf 88' lang='lat' dir='ltr'><strong>meum</strong></span> 
     </span>
    </p>
   </div>
   <div class='ocr_carea' id='block_1_61' title="bbox 2191 2260 3757 2331">
    <p class='ocr_par' dir='ltr' id='par_1_61' title="bbox 2191 2260 3757 2331">
     <span class='ocr_line' id='line_1_61' title="bbox 2191 2260 3757 2331; baseline 0.001 -17"><span class='ocrx_word' id='word_1_440' title='bbox 2191 2261 2498 2331; x_wconf 82' lang='lat' dir='ltr'><strong>hyssopum,</strong></span> <span class='ocrx_word' id='word_1_441' title='bbox 2537 2269 2592 2314; x_wconf 89' lang='lat' dir='ltr'><strong>et</strong></span> <span class='ocrx_word' id='word_1_442' title='bbox 2644 2262 2693 2313; x_wconf 92' lang='lat' dir='ltr'><strong>in</strong></span> <span class='ocrx_word' id='word_1_443' title='bbox 2736 2260 2880 2314; x_wconf 85' lang='lat' dir='ltr'><strong>sitim</strong></span> <span class='ocrx_word' id='word_1_444' title='bbox 2918 2275 3089 2313; x_wconf 85' lang='lat' dir='ltr'><strong>meam</strong></span> <span class='ocrx_word' id='word_1_445' title='bbox 3130 2261 3438 2315; x_wconf 83' lang='lat' dir='ltr'><strong>obtulerunt</strong></span> <span class='ocrx_word' id='word_1_446' title='bbox 3468 2261 3599 2314; x_wconf 89' lang='lat' dir='ltr'><strong>mihi</strong></span> <span class='ocrx_word' id='word_1_447' title='bbox 3640 2277 3757 2315; x_wconf 86' lang='lat' dir='ltr'><strong>aee-</strong></span> 
     </span>
    </p>
   </div>
   <div class='ocr_carea' id='block_1_62' title="bbox 2190 2351 3754 2425">
    <p class='ocr_par' dir='ltr' id='par_1_62' title="bbox 2190 2351 3754 2425">
     <span class='ocr_line' id='line_1_62' title="bbox 2190 2351 3754 2425; baseline 0.001 -20"><span class='ocrx_word' id='word_1_448' title='bbox 2190 2363 2297 2405; x_wconf 92' lang='lat' dir='ltr'><strong>tnm</strong></span> <span class='ocrx_word' id='word_1_449' title='bbox 2331 2353 2397 2406; x_wconf 76' lang='grc'><strong>⁸⁷.</strong></span> <span class='ocrx_word' id='word_1_450' title='bbox 2439 2371 2458 2403; x_wconf 72' lang='grc' dir='ltr'><strong>ι</strong></span> <span class='ocrx_word' id='word_1_451' title='bbox 2512 2352 2615 2419; x_wconf 83' lang='lat' dir='ltr'><strong>Ipsi</strong></span> <span class='ocrx_word' id='word_1_452' title='bbox 2670 2354 2849 2407; x_wconf 87' lang='lat' dir='ltr'><strong>omnia</strong></span> <span class='ocrx_word' id='word_1_453' title='bbox 2906 2353 3019 2407; x_wconf 73' lang='lat' dir='ltr'><strong>lucc</strong></span> <span class='ocrx_word' id='word_1_454' title='bbox 3043 2351 3330 2421; x_wconf 76' lang='lat' dir='ltr'><strong>Unigenito</strong></span> <span class='ocrx_word' id='word_1_455' title='bbox 3386 2354 3754 2425; x_wconf 74' lang='lat' dir='ltr'><strong>attribpimus,</strong></span> 
     </span>
    </p>
   </div>
   <div class='ocr_carea' id='block_1_63' title="bbox 2184 2444 3758 2515">
    <p class='ocr_par' dir='ltr' id='par_1_63' title="bbox 2184 2444 3758 2515">
     <span class='ocr_line' id='line_1_63' title="bbox 2184 2444 3758 2515; baseline 0.001 -19"><span class='ocrx_word' id='word_1_456' title='bbox 2184 2458 2305 2513; x_wconf 76' lang='lat' dir='ltr'><strong>qua:</strong></span> <span class='ocrx_word' id='word_1_457' title='bbox 2338 2458 2433 2512; x_wconf 88' lang='lat' dir='ltr'><strong>pro</strong></span> <span class='ocrx_word' id='word_1_458' title='bbox 2451 2444 2602 2497; x_wconf 90' lang='lat' dir='ltr'><strong>nobis</strong></span> <span class='ocrx_word' id='word_1_459' title='bbox 2622 2444 3015 2512; x_wconf 83' lang='lat' dir='ltr'><strong>dispensatorie</strong></span> <span class='ocrx_word' id='word_1_460' title='bbox 3041 2458 3207 2498; x_wconf 88' lang='lat' dir='ltr'><strong>carne</strong></span> <span class='ocrx_word' id='word_1_461' title='bbox 3225 2460 3415 2515; x_wconf 77' lang='lat' dir='ltr'><strong>passus</strong></span> <span class='ocrx_word' id='word_1_462' title='bbox 3443 2455 3547 2508; x_wconf 87' lang='lat' dir='ltr'><strong>est,</strong></span> <span class='ocrx_word' id='word_1_463' title='bbox 3570 2461 3758 2500; x_wconf 78' lang='lat' dir='ltr'><strong>set-uu-</strong></span> 
     </span>
    </p>
   </div>
   <div class='ocr_carea' id='block_1_64' title="bbox 2183 2534 3752 2603">
    <p class='ocr_par' dir='ltr' id='par_1_64' title="bbox 2183 2534 3752 2603">
     <span class='ocr_line' id='line_1_64' title="bbox 2183 2534 3752 2603; baseline 0.002 -16"><span class='ocrx_word' id='word_1_464' title='bbox 2183 2542 2306 2587; x_wconf 88' lang='lat' dir='ltr'><strong>dutn</strong></span> <span class='ocrx_word' id='word_1_465' title='bbox 2363 2534 2669 2601; x_wconf 84' lang='lat' dir='ltr'><strong>Scripturas</strong></span> <span class='ocrx_word' id='word_1_466' title='bbox 2701 2553 2712 2587; x_wconf 90' lang='lat'><strong>:</strong></span> <span class='ocrx_word' id='word_1_467' title='bbox 2746 2554 2762 2585; x_wconf 84' lang='lat' dir='ltr'><strong>t</strong></span> <span class='ocrx_word' id='word_1_468' title='bbox 2799 2534 2983 2589; x_wconf 90' lang='lat' dir='ltr'><strong>Vibice</strong></span> <span class='ocrx_word' id='word_1_469' title='bbox 3052 2537 3195 2589; x_wconf 85' lang='lat' dir='ltr'><strong>enim</strong></span> <span class='ocrx_word' id='word_1_470' title='bbox 3256 2534 3371 2603; x_wconf 83' lang='lat' dir='ltr'><strong>ejus</strong></span> <span class='ocrx_word' id='word_1_471' title='bbox 3425 2553 3521 2590; x_wconf 86' lang='lat' dir='ltr'><strong>nus</strong></span> <span class='ocrx_word' id='word_1_472' title='bbox 3578 2538 3752 2591; x_wconf 81' lang='lat' dir='ltr'><strong>sanati</strong></span> 
     </span>
    </p>
   </div>
   <div class='ocr_carea' id='block_1_65' title="bbox 2182 2626 3754 2696">
    <p class='ocr_par' dir='ltr' id='par_1_65' title="bbox 2182 2626 3754 2696">
     <span class='ocr_line' id='line_1_65' title="bbox 2182 2626 3754 2696; baseline 0 -17"><span class='ocrx_word' id='word_1_473' title='bbox 2182 2643 2389 2690; x_wconf 78' lang='lat' dir='ltr'><strong>sumus,</strong></span> <span class='ocrx_word' id='word_1_474' title='bbox 2453 2636 2508 2679; x_wconf 86' lang='lat' dir='ltr'><strong>et</strong></span> <span class='ocrx_word' id='word_1_475' title='bbox 2568 2626 2681 2693; x_wconf 87' lang='lat' dir='ltr'><strong>ipse</strong></span> <span class='ocrx_word' id='word_1_476' title='bbox 2741 2626 3039 2680; x_wconf 78' lang='lat' dir='ltr'><strong>inﬁrmatus</strong></span> <span class='ocrx_word' id='word_1_477' title='bbox 3106 2637 3191 2681; x_wconf 89' lang='lat' dir='ltr'><strong>est</strong></span> <span class='ocrx_word' id='word_1_478' title='bbox 3256 2637 3475 2696; x_wconf 70' lang='lat' dir='ltr'><strong>promer</strong></span> <span class='ocrx_word' id='word_1_479' title='bbox 3533 2638 3754 2696; x_wconf 84' lang='lat' dir='ltr'><strong>peccata</strong></span> 
     </span>
    </p>
   </div>
   <div class='ocr_carea' id='block_1_66' title="bbox 2180 2719 3755 2787">
    <p class='ocr_par' dir='ltr' id='par_1_66' title="bbox 2180 2719 3755 2787">
     <span class='ocr_line' id='line_1_66' title="bbox 2180 2719 3755 2787; baseline 0.001 -15"><span class='ocrx_word' id='word_1_480' title='bbox 2180 2732 2363 2772; x_wconf 88' lang='lat' dir='ltr'><strong>nostra</strong></span> <span class='ocrx_word' id='word_1_481' title='bbox 2395 2719 2458 2773; x_wconf 76' lang='grc' dir='ltr'><strong>⁸ο.</strong></span> <span class='ocrx_word' id='word_1_482' title='bbox 2500 2738 2517 2770; x_wconf 78' lang='grc' dir='ltr'><strong>ι</strong></span> <span class='ocrx_word' id='word_1_483' title='bbox 2580 2719 2967 2787; x_wconf 76' lang='lat' dir='ltr'><strong>lmpassibilem</strong></span> <span class='ocrx_word' id='word_1_484' title='bbox 3024 2733 3152 2773; x_wconf 89' lang='lat' dir='ltr'><strong>vero</strong></span> <span class='ocrx_word' id='word_1_485' title='bbox 3214 2733 3334 2773; x_wconf 91' lang='lat' dir='ltr'><strong>eum</strong></span> <span class='ocrx_word' id='word_1_486' title='bbox 3393 2732 3582 2779; x_wconf 80' lang='lat' dir='ltr'><strong>natura</strong></span> <span class='ocrx_word' id='word_1_487' title='bbox 3636 2735 3755 2774; x_wconf 80' lang='lat' dir='ltr'><strong>esse</strong></span> 
     </span>
    </p>
   </div>
   <div class='ocr_carea' id='block_1_67' title="bbox 2179 2809 3754 2878">
    <p class='ocr_par' dir='ltr' id='par_1_67' title="bbox 2179 2809 3754 2878">
     <span class='ocr_line' id='line_1_67' title="bbox 2179 2809 3754 2878; baseline -0.001 -15"><span class='ocrx_word' id='word_1_488' title='bbox 2179 2811 2553 2878; x_wconf 80' lang='lat' dir='ltr'><strong>cognoscimus</strong></span> <span class='ocrx_word' id='word_1_489' title='bbox 2589 2826 2600 2859; x_wconf 93' lang='lat'><strong>:</strong></span> <span class='ocrx_word' id='word_1_490' title='bbox 2643 2825 2761 2859; x_wconf 85' lang='lat' dir='ltr'><strong>nam</strong></span> <span class='ocrx_word' id='word_1_491' title='bbox 2793 2810 2869 2870; x_wconf 91' lang='lat' dir='ltr'><strong>si,</strong></span> <span class='ocrx_word' id='word_1_492' title='bbox 2906 2819 2962 2860; x_wconf 92' lang='lat' dir='ltr'><strong>ut</strong></span> <span class='ocrx_word' id='word_1_493' title='bbox 3010 2809 3207 2862; x_wconf 89' lang='lat' dir='ltr'><strong>dudum</strong></span> <span class='ocrx_word' id='word_1_494' title='bbox 3238 2810 3367 2875; x_wconf 75' lang='lat' dir='ltr'><strong>dixi,</strong></span> <span class='ocrx_word' id='word_1_495' title='bbox 3404 2810 3542 2863; x_wconf 84' lang='lat' dir='ltr'><strong>idem</strong></span> <span class='ocrx_word' id='word_1_496' title='bbox 3594 2810 3754 2862; x_wconf 92' lang='lat' dir='ltr'><strong>homo</strong></span> 
     </span>
    </p>
   </div>
   <div class='ocr_carea' id='block_1_68' title="bbox 2176 2900 3752 2967">
    <p class='ocr_par' dir='ltr' id='par_1_68' title="bbox 2176 2900 3752 2967">
     <span class='ocr_line' id='line_1_68' title="bbox 2176 2900 3752 2967; baseline 0.002 -14"><span class='ocrx_word' id='word_1_497' title='bbox 2176 2912 2256 2955; x_wconf 90' lang='lat' dir='ltr'><strong>est</strong></span> <span class='ocrx_word' id='word_1_498' title='bbox 2307 2902 2465 2954; x_wconf 87' lang='lat' dir='ltr'><strong>simul</strong></span> <span class='ocrx_word' id='word_1_499' title='bbox 2520 2910 2575 2952; x_wconf 90' lang='lat' dir='ltr'><strong>et</strong></span> <span class='ocrx_word' id='word_1_500' title='bbox 2630 2901 2790 2964; x_wconf 84' lang='lat' dir='ltr'><strong>Dens,</strong></span> <span class='ocrx_word' id='word_1_501' title='bbox 2852 2909 2975 2952; x_wconf 90' lang='lat' dir='ltr'><strong>sunt</strong></span> <span class='ocrx_word' id='word_1_502' title='bbox 3022 2911 3170 2954; x_wconf 89' lang='lat' dir='ltr'><strong>certe</strong></span> <span class='ocrx_word' id='word_1_503' title='bbox 3226 2900 3577 2954; x_wconf 90' lang='lat' dir='ltr'><strong>humanitatis</strong></span> <span class='ocrx_word' id='word_1_504' title='bbox 3635 2901 3752 2967; x_wconf 82' lang='lat' dir='ltr'><strong>ejus</strong></span> 
     </span>
    </p>
   </div>
   <div class='ocr_carea' id='block_1_69' title="bbox 2177 2987 3749 3058">
    <p class='ocr_par' dir='ltr' id='par_1_69' title="bbox 2177 2987 3749 3058">
     <span class='ocr_line' id='line_1_69' title="bbox 2177 2987 3749 3058; baseline 0.002 -15"><span class='ocrx_word' id='word_1_505' title='bbox 2177 2989 2475 3058; x_wconf 82' lang='lat' dir='ltr'><strong>passiones,</strong></span> <span class='ocrx_word' id='word_1_506' title='bbox 2503 2987 2592 3041; x_wconf 91' lang='lat' dir='ltr'><strong>Dei</strong></span> <span class='ocrx_word' id='word_1_507' title='bbox 2620 3002 2780 3055; x_wconf 89' lang='lat' dir='ltr'><strong>porro</strong></span> <span class='ocrx_word' id='word_1_508' title='bbox 2807 2988 3103 3056; x_wconf 90' lang='lat' dir='ltr'><strong>proprium,</strong></span> <span class='ocrx_word' id='word_1_509' title='bbox 3131 2998 3187 3042; x_wconf 92' lang='lat' dir='ltr'><strong>ut</strong></span> <span class='ocrx_word' id='word_1_510' title='bbox 3218 2990 3559 3048; x_wconf 83' lang='lat' dir='ltr'><strong>impassibilis</strong></span> <span class='ocrx_word' id='word_1_511' title='bbox 3587 2990 3749 3046; x_wconf 79' lang='lat' dir='ltr'><strong>intel-</strong></span> 
     </span>
    </p>
   </div>
   <div class='ocr_carea' id='block_1_70' title="bbox 2176 3082 2389 3151">
    <p class='ocr_par' dir='ltr' id='par_1_70' title="bbox 2176 3082 2389 3151">
     <span class='ocr_line' id='line_1_70' title="bbox 2176 3082 2389 3151; baseline -0.005 -17"><span class='ocrx_word' id='word_1_512' title='bbox 2176 3082 2389 3151; x_wconf 84' lang='lat' dir='ltr'><strong>ligatur.</strong></span> 
     </span>
    </p>
   </div>
   <div class='ocr_carea' id='block_1_71' title="bbox 2245 3174 3746 3245">
    <p class='ocr_par' dir='ltr' id='par_1_71' title="bbox 2245 3174 3746 3245">
     <span class='ocr_line' id='line_1_71' title="bbox 2245 3174 3746 3245; baseline 0.002 -20"><span class='ocrx_word' id='word_1_513' title='bbox 2245 3174 2367 3227; x_wconf 71' lang='lat' dir='ltr'><strong>lltee</strong></span> <span class='ocrx_word' id='word_1_514' title='bbox 2397 3174 2468 3227; x_wconf 85' lang='lat' dir='ltr'><strong>ita</strong></span> <span class='ocrx_word' id='word_1_515' title='bbox 2524 3175 2817 3227; x_wconf 88' lang='lat' dir='ltr'><strong>sentientes</strong></span> <span class='ocrx_word' id='word_1_516' title='bbox 2865 3174 3200 3230; x_wconf 86' lang='lat' dir='ltr'><strong>servabimus</strong></span> <span class='ocrx_word' id='word_1_517' title='bbox 3243 3174 3519 3243; x_wconf 87' lang='lat' dir='ltr'><strong>pietatem,</strong></span> <span class='ocrx_word' id='word_1_518' title='bbox 3556 3184 3610 3228; x_wconf 89' lang='lat' dir='ltr'><strong>et</strong></span> <span class='ocrx_word' id='word_1_519' title='bbox 3651 3190 3746 3245; x_wconf 87' lang='lat' dir='ltr'><strong>per</strong></span> 
     </span>
    </p>
   </div>
   <div class='ocr_carea' id='block_1_72' title="bbox 2172 3265 3745 3332">
    <p class='ocr_par' dir='ltr' id='par_1_72' title="bbox 2172 3265 3745 3332">
     <span class='ocr_line' id='line_1_72' title="bbox 2172 3265 3745 3332; baseline 0.003 -16"><span class='ocrx_word' id='word_1_520' title='bbox 2172 3272 2350 3316; x_wconf 89' lang='lat' dir='ltr'><strong>rectas</strong></span> <span class='ocrx_word' id='word_1_521' title='bbox 2396 3265 2754 3332; x_wconf 80' lang='lat' dir='ltr'><strong>cogitationes</strong></span> <span class='ocrx_word' id='word_1_522' title='bbox 2800 3276 2990 3319; x_wconf 84' lang='lat' dir='ltr'><strong>euntes</strong></span> <span class='ocrx_word' id='word_1_523' title='bbox 3037 3276 3091 3319; x_wconf 91' lang='lat' dir='ltr'><strong>et</strong></span> <span class='ocrx_word' id='word_1_524' title='bbox 3144 3282 3354 3332; x_wconf 87' lang='lat' dir='ltr'><strong>sensus,</strong></span> <span class='ocrx_word' id='word_1_525' title='bbox 3395 3267 3461 3320; x_wconf 85' lang='lat' dir='ltr'><strong>ad</strong></span> <span class='ocrx_word' id='word_1_526' title='bbox 3506 3266 3745 3320; x_wconf 67' lang='lat' dir='ltr'><strong>caelestis</strong></span> 
     </span>
    </p>
   </div>
   <div class='ocr_carea' id='block_1_73' title="bbox 2170 3355 3744 3428">
    <p class='ocr_par' dir='ltr' id='par_1_73' title="bbox 2170 3355 3744 3428">
     <span class='ocr_line' id='line_1_73' title="bbox 2170 3355 3744 3428; baseline 0.006 -23"><span class='ocrx_word' id='word_1_527' title='bbox 2170 3355 2468 3409; x_wconf 87' lang='lat' dir='ltr'><strong>vocationis</strong></span> <span class='ocrx_word' id='word_1_528' title='bbox 2516 3357 2745 3423; x_wconf 87' lang='lat' dir='ltr'><strong>palmam</strong></span> <span class='ocrx_word' id='word_1_529' title='bbox 2807 3358 3178 3425; x_wconf 89' lang='lat' dir='ltr'><strong>perveniemus</strong></span> <span class='ocrx_word' id='word_1_530' title='bbox 3236 3360 3288 3411; x_wconf 90' lang='lat' dir='ltr'><strong>in</strong></span> <span class='ocrx_word' id='word_1_531' title='bbox 3345 3359 3588 3423; x_wconf 82' lang='lat' dir='ltr'><strong>Christo,</strong></span> <span class='ocrx_word' id='word_1_532' title='bbox 3646 3374 3744 3428; x_wconf 88' lang='lat' dir='ltr'><strong>per</strong></span> 
     </span>
    </p>
   </div>
   <div class='ocr_carea' id='block_1_74' title="bbox 2169 3445 3739 3519">
    <p class='ocr_par' dir='ltr' id='par_1_74' title="bbox 2169 3445 3739 3519">
     <span class='ocr_line' id='line_1_74' title="bbox 2169 3445 3739 3519; baseline 0.007 -24"><span class='ocrx_word' id='word_1_533' title='bbox 2169 3459 2347 3512; x_wconf 90' lang='lat' dir='ltr'><strong>quem,</strong></span> <span class='ocrx_word' id='word_1_534' title='bbox 2383 3456 2578 3498; x_wconf 83' lang='lat' dir='ltr'><strong>etcum</strong></span> <span class='ocrx_word' id='word_1_535' title='bbox 2612 3460 2739 3513; x_wconf 84' lang='lat' dir='ltr'><strong>quo,</strong></span> <span class='ocrx_word' id='word_1_536' title='bbox 2775 3445 2882 3500; x_wconf 86' lang='lat' dir='ltr'><strong>Deo</strong></span> <span class='ocrx_word' id='word_1_537' title='bbox 2922 3460 2979 3501; x_wconf 87' lang='lat' dir='ltr'><strong>et</strong></span> <span class='ocrx_word' id='word_1_538' title='bbox 3006 3448 3149 3501; x_wconf 82' lang='lat' dir='ltr'><strong>Patri</strong></span> <span class='ocrx_word' id='word_1_539' title='bbox 3179 3450 3343 3518; x_wconf 78' lang='lat' dir='ltr'><strong>gloria</strong></span> <span class='ocrx_word' id='word_1_540' title='bbox 3380 3467 3499 3503; x_wconf 85' lang='lat' dir='ltr'><strong>cum</strong></span> <span class='ocrx_word' id='word_1_541' title='bbox 3534 3448 3739 3519; x_wconf 84' lang='lat' dir='ltr'><strong>Spiritu</strong></span> 
     </span>
    </p>
   </div>
   <div class='ocr_carea' id='block_1_75' title="bbox 2165 3537 3271 3595">
    <p class='ocr_par' dir='ltr' id='par_1_75' title="bbox 2165 3537 3271 3595">
     <span class='ocr_line' id='line_1_75' title="bbox 2165 3537 3271 3595; baseline 0.003 -6"><span class='ocrx_word' id='word_1_542' title='bbox 2165 3546 2353 3590; x_wconf 89' lang='lat' dir='ltr'><strong>saneto</strong></span> <span class='ocrx_word' id='word_1_543' title='bbox 2394 3537 2445 3589; x_wconf 93' lang='lat' dir='ltr'><strong>in</strong></span> <span class='ocrx_word' id='word_1_544' title='bbox 2475 3539 2667 3591; x_wconf 62' lang='lat' dir='ltr'><strong>saecula</strong></span> <span class='ocrx_word' id='word_1_545' title='bbox 2700 3541 3039 3595; x_wconf 71' lang='lat' dir='ltr'><strong>saeculorum.</strong></span> <span class='ocrx_word' id='word_1_546' title='bbox 3082 3542 3271 3594; x_wconf 82' lang='lat' dir='ltr'><strong>Amen.</strong></span> 
     </span>
    </p>
   </div>
   <div class='ocr_carea' id='block_1_76' title="bbox 2193 3801 3733 3874">
    <p class='ocr_par' dir='ltr' id='par_1_76' title="bbox 2193 3801 3733 3874">
     <span class='ocr_line' id='line_1_76' title="bbox 2193 3801 3733 3874; baseline 0.005 -17"><span class='ocrx_word' id='word_1_547' title='bbox 2193 3806 2235 3836; x_wconf 80' lang='lat'><strong>“</strong></span> <span class='ocrx_word' id='word_1_548' title='bbox 2276 3801 2429 3859; x_wconf 85' lang='lat' dir='ltr'><strong>Joan.</strong></span> <span class='ocrx_word' id='word_1_549' title='bbox 2465 3823 2580 3871; x_wconf 83' lang='lat' dir='ltr'><strong>vm,</strong></span> <span class='ocrx_word' id='word_1_550' title='bbox 2618 3806 2701 3859; x_wconf 80' lang='grc'><strong>16.</strong></span> <span class='ocrx_word' id='word_1_551' title='bbox 2794 3808 2837 3838; x_wconf 76' lang='grc'>⁸⁸</span> <span class='ocrx_word' id='word_1_552' title='bbox 2869 3808 2966 3860; x_wconf 79' lang='lat' dir='ltr'><strong>lsa.</strong></span> <span class='ocrx_word' id='word_1_553' title='bbox 3000 3824 3051 3871; x_wconf 87' lang='grc'><strong>1.,</strong></span> <span class='ocrx_word' id='word_1_554' title='bbox 3093 3807 3144 3861; x_wconf 88' lang='lat'><strong>6.</strong></span> <span class='ocrx_word' id='word_1_555' title='bbox 3232 3806 3275 3837; x_wconf 83' lang='grc'><strong>⁶⁶</strong></span> <span class='ocrx_word' id='word_1_556' title='bbox 3307 3806 3444 3864; x_wconf 88' lang='lat' dir='ltr'><strong>Psal.</strong></span> <span class='ocrx_word' id='word_1_557' title='bbox 3480 3824 3603 3870; x_wconf 76' lang='lat' dir='ltr'><strong>ut,</strong></span> <span class='ocrx_word' id='word_1_558' title='bbox 3641 3808 3733 3874; x_wconf 80' lang='grc'><strong>18,</strong></span> 
     </span>
    </p>
   </div>
  </div>
