4058 6328
286 474 429 533 “l5

608 650 815 660 'm—
854 650 897 654 η‹,
914 637 1287 654 .-ν--““.-νς.μῲο“
1315 639 1483 648 οο-οο-»ο-
1511 637 1581 644 ..ν-ο

768 817 877 943 Τ

301 649 602 665 ﬂ—

1185 460 1476 522 SCIlOIJA
1514 458 1603 513 ltE
1643 445 2159 509 INCARNATIONE
2200 439 2409 499 VERBI
2446 438 2580 495 DEI.

1010 812 1118 940 Υ
1192 797 2086 941 ΜΑΚΑΡΙΟΥ
2159 780 3101 929 ΚΥΡΙΑΑΟΥ)

3456 417 3601 481 ιιιι

2737 575 3579 608 ____,_______..-,_

1363 1055 1944 1119 ΑΡΧΙΕΠῘΣΚΟΠΟΥ
1982 1046 2530 1110 ΑΛΕΞΑΝΔΡΕΙΔΣ,

586 1260 761 1315 ΠΕΡΙ
805 1253 942 1311 THE
982 1247 1627 1310 ΕΝΛΝΘΡΩΠΗΣΕΩΣ
1670 1244 1815 1300 ΤΟΥ
1850 1241 2040 1295 ΘΕΟΥ
2075 1244 2350 1306 ΛΟΓΟΥ,
2399 1242 2543 1295 ΤΟΥ
2586 1235 2766 1290 ΥΙΟΥ
2805 1228 2950 1286 ΤΟΥ
2984 1225 3300 1280 ΠΑΤΡΟΣ.

1140 1588 1735 1717 BEATI
1900 1575 2735 1711 CYRILLI

1399 1842 1933 1905 ARCHIEPISCOPI
1984 1836 2483 1902 ALEXANDRINI,

519 2037 667 2128 DE
747 2027 1665 2126 INCARNATIONE
1742 2027 2109 2119 VERBI
2193 2020 2445 2143 DEI,
2521 2014 2824 2103 FlLll
2904 2006 3372 2100 PATRIS.

369 2400 439 2457 Ἡ
468 2402 568 2472 τῆς
598 2400 751 2463 θείας
778 2399 1008 2471 Γραφῆς
1049 2397 1317 2469 όρθοτάτη
1361 2397 1560 2461 ἔννοια,
1594 2395 1887 2461 εἰσοικιζο-

2068 2393 2229 2465 801
2274 2389 2584 2445 Germanus
2614 2383 2810 2438 divium
2841 2380 3139 2450 Scripturm
3164 2390 3358 2431 sensus
3384 2382 3608 2429 saneto-

286 2494 432 2568 μένη
457 2494 535 2556 είς
563 2491 653 2545 τὸν
679 2490 788 2544 τῶν
816 2491 988 2559 ἁγίων
1018 2489 1164 2553 νοῦν,
1196 2490 1568 2559 κατακοσμεῖν
1604 2489 1763 2542 εἴωθε
1786 2487 1887 2552 τὰς

284 2589 398 2643 τῶν
447 2585 620 2654 ἀγίων
668 2583 877 2653 ψυχάςο
914 2581 1071 2645 ἀςντὸ
1100 2579 1325 2650 Πνεῦμα
1372 2579 1434 2632 τὸ
1473 2579 1627 2648 ἀγιον
1674 2578 1887 2647 εἰσάγει

285 2678 372 2740 εἰς
405 2676 472 2730 τὰ
502 2674 714 2743 πελάγη
755 2672 855 2743 τῆς
886 2672 1113 2725 ἀεννάου
1161 2668 1418 2738 γνώσεώς
1464 2687 1523 2722 τε
1557 2669 1652 2722 καὶ
1696 2669 1888 2738 σοφίας

285 2765 529 2839 Χριστοῦ
551 2782 563 2795 ·
616 2765 683 2817 δι’
714 2758 789 2817 ὧν
821 2764 849 2815 ὁ
880 2763 1069 2834 Πατὴρ
1107 2762 1214 2815 τῶν
1247 2762 1383 2815 ὅλων
1413 2762 1548 2825 Θεὸς
1587 2762 1888 2831 δοξολογεῖ-

285 2877 404 2914 ται.
432 2858 755 2928 Θησαυροὺς
771 2855 952 2908 τοίνυν
972 2854 1349 2926 ἀποκρύφους,
1375 2854 1663 2925 ἁοράτους,
1689 2854 1889 2918 ἀνοίξω

287 2968 399 3014 σοι,
435 2950 575 3002 κατά
604 2948 665 2999 τὸ
691 2946 1097 3017 γεγραμμένον.
1133 2945 1455 3015 Θησαυροὺς
1484 2946 1539 2998 δέ
1571 2962 1716 3016 φημι
1763 2945 1890 3009 τοὺς

286 3042 390 3110 τῆς
422 3040 593 3112 ὀρθῆς
614 3037 870 3107 γνώσεως
897 3037 1139 3098 διανοίας
1171 3036 1502 3108 ὀφθαλμοὺς,
1531 3037 1699 3105 ὑγιῶς
1721 3038 1891 3107 ὁρῶν,

286 3150 387 3197 τας
419 3132 515 3185 καὶ
543 3130 862 3201 ἀλωὸήτως.
897 3131 973 3182 Οὐ
1004 3129 1114 3200 γὰρ
1156 3129 1474 3200 χαρίσματα
1505 3129 1670 3200 ἀτελῆ
1703 3130 1892 3201 δωρεί-

288 3242 382 3279 ται
428 3224 563 3285 Θεὸς
612 3225 729 3284 τοῖς
781 3222 1156 3290 ἐπεγνωκόσιν
1198 3222 1394 3276 αὐτόν’
1441 3221 1566 3275 οὔτε
1603 3221 1709 3292 μὴν
1742 3223 1891 3294 ὅροις

288 3313 646 3386 ἀνθρωπίνης
670 3314 912 3378 διανοίας
937 3314 1422 3391 περιγραφόμενα·
1451 3313 1657 3377 τέλειος
1682 3312 1790 3385 γὰρ
1814 3312 1890 3366 ὢν

288 3411 320 3464 ό
357 3409 466 3462 τῶν
499 3408 755 3463 ἁπάντων
783 3406 938 3478 ἡμῶν
966 3408 1245 3480 Δεσπότης
1262 3408 1415 3472 Θεὸς,
1448 3407 1669 3471 τελείως
1698 3407 1890 3480 δωρεί-

290 3518 385 3555 ται
432 3501 502 3555 τὰ
544 3500 754 3571 ἄφθονα
798 3502 911 3564 τοῖς
961 3500 1127 3565 ἀξίως
1190 3500 1630 3570 πολιτευομένοις
1680 3500 1845 3554 αὑτοῦ
1872 3517 1886 3531 ο

292 3593 533 3667 ἐραστὴς
554 3591 664 3663 γὰρ
686 3592 903 3661 πέφυκε
934 3592 1045 3644 τῶν
1068 3593 1126 3644 ἐν
1149 3592 1370 3663 καθαρᾷ
1393 3592 1592 3663 καρδίᾳ
1614 3591 1893 3646 δουλευόν-

292 3702 404 3739 των
454 3682 605 3753 αὐτῷ
660 3683 1063 3753 ἀνυποκρίτως.
1101 3683 1312 3734 Ἥκέτω
1365 3681 1545 3734 τοίνυν
1595 3683 1703 3747 πᾶς
1752 3682 1890 3754 ὀρθὰ

1993 2502 2112 2540 rum
2167 2483 2446 2538 mentibus
2499 2478 2757 2547 illapsus,
2806 2474 3023 2528 illorum
3076 2470 3289 2524 animos
3331 2476 3599 2531 exornat,

1991 2588 2128 2644 quos
2170 2571 2409 2642 Spiritus
2451 2576 2675 2623 sanctus
2711 2565 2764 2619 in
2803 2562 2931 2618 illud
2972 2560 3230 2633 perennis
3264 2560 3525 2615 scientiae-
3549 2567 3603 2612 et

1992 2666 2277 2736 sapientia:
2321 2661 2529 2719 Christi
2574 2658 2798 2730 pelagus
2843 2655 3053 2710 inducit
3091 2672 3105 2709 :
3144 2668 3240 2722 per
3276 2668 3397 2723 quae
3442 2651 3605 2705 Pater

1993 2758 2083 2812 ille
2124 2757 2505 2811 universorum
2546 2752 2692 2807 Deus
2728 2749 3089 2822 glorificatur.
3126 2746 3439 2801 Thesauros
3480 2759 3606 2814 pro-

1994 2851 2121 2904 inde
2153 2847 2509 2904 absconditos
2538 2858 2591 2901 et
2627 2840 2959 2909 invisibiles,
2994 2853 3053 2894 ut
3082 2849 3167 2895 est
3198 2840 3252 2893 iu
3284 2838 3459 2894 sacris
3488 2835 3607 2889 Lit-

1994 2942 2125 2995 teris
2145 2941 2183 3004 ¹,
2212 2939 2307 2993 tibi
2338 2936 2638 2991 recludam.
2661 2932 2983 2986 Thesauros
3012 2939 3192 2985 autem
3227 2936 3395 2983 rectae
3419 2926 3609 2997 cogni-

1995 3034 2159 3089 tionis
2183 3029 2397 3101 appello
2422 3030 2620 3084 mentis
2641 3026 2851 3089 oculos,
2875 3026 2965 3097 qui
2991 3025 3206 3079 sincere
3231 3019 3605 3090 inoﬂ'enseque

1992 3121 2354 3192 perspiciunt.
2392 3118 2582 3187 Neque
2616 3119 2765 3173 enim
2806 3117 2949 3171 Deus
2986 3113 3338 3183 imperfecta,
3376 3121 3471 3165 aut
3506 3111 3607 3165 hu—

1994 3229 2168 3269 manze
2196 3213 2395 3268 mentis
2424 3210 2689 3265 limitibus
2716 3207 3133 3276 circumscripta
3162 3218 3387 3259 munera
3418 3202 3484 3258 iis
3512 3202 3606 3271 qui

1992 3306 2143 3361 illum
2177 3304 2538 3377 agnoverint,
2576 3300 2913 3372 impertitur.
2949 3298 3125 3359 Nam,
3162 3297 3290 3366 quia
3328 3294 3607 3366 perfectus

1991 3410 2078 3456 est
2122 3400 2239 3470 ipse
2278 3397 2422 3453 Deus
2464 3405 2651 3451 noster
2690 3394 2935 3449 omnium
2982 3392 3263 3455 Dominus,
3304 3387 3604 3459 perfectam

1992 3508 2211 3564 quoque
2247 3492 2519 3547 bonorum
2556 3503 2781 3544 suorum
2820 3486 3032 3556 ecpiam
3072 3484 3181 3537 illis
3214 3481 3304 3552 qui
3342 3484 3460 3551 ipso
3495 3495 3603 3534 non

1994 3586 2271 3654 indignam
2298 3583 2463 3637 vitam
2493 3590 2683 3651 agunt,
2710 3579 2953 3650 dilargiri
2979 3577 3137 3633 solet.
3164 3575 3298 3629 Nam
3351 3574 3441 3644 qui
3467 3587 3606 3643 puro

1993 3678 2254 3744 omnique
2284 3673 2637 3729 simulatiOue
2673 3685 2848 3725 vacuo
2881 3668 3063 3723 animo
3093 3665 3168 3720 illi
3200 3666 3480 3727 serviunt,
3510 3680 3607 3717 eos

296 3777 516 3848 φρονεῖν
557 3772 834 3845 ᾑρημένος
885 3774 978 3825 ἐπὶ
1012 3774 1110 3842 τὴν
1140 3773 1369 3825 ἀένναον
1396 3771 1577 3843 πηγὴν
1624 3774 1714 3825 τὸν
1759 3753 1894 3845 Χρι-

1999 3766 2259 3837 singulari
2300 3779 2489 3819 amore
2523 3773 2578 3818 et
2614 3760 2995 3818 benevolentia
3030 3758 3433 3827 complectitur.
3470 3753 3606 3811 0m-

297 3863 443 3930 στὸν,
472 3862 685 3916 ἀκούων
732 3861 898 3915 αὐτοῦ
932 3862 1387 3934 προσφωνοῦντος
1416 3862 1503 3915 διὰ
1529 3862 1621 3917 τοῦ
1653 3862 1895 3933 Εὐαγγε-

296 3956 413 4008 λίου
430 3971 443 3984 ⁸
474 3973 493 4007 ι
518 3955 645 4008 Ἐάν
673 3971 758 4017 τις
783 3954 935 4024 διψᾷ,
965 3954 1210 4024 ἐρχέσθω
1239 3955 1375 4026 πρός
1400 3971 1490 4023 με,
1510 3955 1606 4008 καὶ
1632 3957 1853 4012 πινέτω.
1870 3976 1889 4009 ι

296 4047 371 4101 οὐ
399 4046 508 4116 γὰρ
542 4044 661 4097 δέον
690 4045 839 4097 ἐστὶν
870 4046 1040 4115 ἡμᾶς,
1072 4045 1147 4116 μὴ
1186 4044 1450 4117 πρότερον
1483 4047 1805 4115 ἐπιγνόντας
1834 4048 1895 4102 τὸ

296 4139 397 4209 τῆς
430 4137 714 4200 εὐσεϐείας
764 4137 1403 4209 μυστήριοννδιερευνᾷν
1448 4140 1481 4210 ἢ
1530 4139 1895 4211 ἐκλαμϐάνειν

298 4229 486 4293 ἁπλῶς
534 4230 662 4302 περὶ
700 4230 938 4302 Χριστοῦ
973 4230 1067 4283 τοῦ
1100 4232 1257 4288 Θεοῦ.
1278 4232 1669 4288 Ὑποκλέπτειν
1715 4238 1894 4291 τοίνυν

296 4318 500 4373 οἴονταί
531 4336 675 4382 τινες
699 4320 812 4381 τῶν
843 4320 1212 4392 ἀκροωμένων
1238 4323 1334 4387 τὰς
1362 4323 1563 4395 ψυχὰς,
1582 4324 1891 4399 ἄνθρωπον,

297 4413 453 4483 φησὶ,
487 4413 739 4481 λέγοντες
775 4414 1128 4485 ἀνειληφέναι
1156 4417 1248 4470 τὸν
1281 4416 1415 4471 Θεὸν
1444 4420 1619 4490 Λόγον
1639 4437 1653 4451 '
1690 4421 1783 4474 καὶ
1806 4420 1893 4475 διὰ

296 4504 460 4557 τοῦτο
491 4504 718 4577 πρόοδον
759 4506 1095 4577 πεποιῆσθαι
1134 4508 1223 4561 διὰ
1264 4510 1364 4581 τῆς
1394 4513 1556 4582 ἁγίας
1588 4513 1891 4585 Παρθένου,

297 4594 394 4647 καὶ
440 4594 630 4649 τοῦτον
679 4595 845 4649 αὑτὸν
895 4597 987 4650 τὸν
1035 4596 1323 4671 ἄνθρωπον
1372 4602 1785 4659 ἀποτεθεῶσθαι
1816 4604 1896 4676 τῷ

297 4686 419 4758 Θεῷ
446 4686 629 4758 Λόγῳ.
654 4687 717 4741 οὐ
751 4687 1023 4753 συνιέντες
1051 4692 1113 4743 τὸ
1136 4692 1235 4763 τῆς
1256 4694 1543 4759 εὐσεϐείας
1568 4699 1891 4769 μυστήριον,

298 4778 395 4832 καὶ
415 4776 517 4848 τῆς
555 4777 694 4848 μετά
729 4771 933 4851 σαρκὸς
962 4782 1275 4854 οἰκονομίας
1304 4784 1399 4838 τοῦ
1433 4787 1775 4855 Μονογενοῦς
1794 4789 1895 4860 τὴν

297 4869 458 4941 χάριν
503 4868 734 4939 μετρίαν
780 4870 1115 4943 ποιούμενοι.
1135 4874 1331 4945 Ἡμεῖς
1363 4875 1421 4930 δὲ
1452 4879 1553 4951 οὐχ
1582 4877 1728 4935 οὕτω
1756 4880 1895 4935 δεδι-

296 4953 579 5024 δάγμεθαο
636 4952 753 5015 ἕνα.
788 4957 883 5009 καὶ
935 4956 1029 5010 τὸν
1087 4959 1251 5013 αὐτὸν
1310 4962 1490 5033 ἴσμεν,
1526 4963 1769 5035 ἀδελφοὶ,
1802 4964 1896 5018 τὸν

296 5040 383 5095 διὰ
409 5041 513 5111 τῆς
540 5041 702 5107 ἁγίας
736 5043 1018 5115 Παρθένου
1043 5047 1144 5116 τῆς
1177 5048 1442 5109 Θεοτόκου
1469 5053 1688 5125 Μαρίας
1708 5072 1896 5127 γεννη-

298 5131 483 5196 θέντα,
516 5133 649 5186 Θεὸν
674 5134 901 5202 τέλειον,
928 5137 1024 5190 καὶ
1052 5138 1338 5212 ἄνθρωπον
1365 5124 1593 5211 τέλειον,
1626 5124 1892 5218 ἔμψυχον,
1922 5124 1969 5186 C

298 5223 539 5294 λογικόν.
575 5225 847 5299 Ταύτῃτοι
894 5231 991 5284 καὶ
1037 5230 1299 5287 Θεοτόκον
1333 5236 1566 5308 λέγομεν
1606 5239 1705 5311 τὴν
1734 5244 1898 5312 ἁγίαν

302 5317 604 5391 Παρθένον,
634 5319 728 5373 καὶ⁵
755 5322 1095 5393 ἐνῳκηκέναι
1122 5326 1397 5392 οὐσιωδῶς
1424 5330 1517 5385 τὸν
1546 5331 1682 5387 Θεὸν
1725 5336 1898 5405 Λόγον

298 5414 355 5465 ἐν
368 5410 525 5501 ᾉαῦτῇ
571 5410 651 5501 οὐ,
670 5410 914 5484 δοκήσει,
942 5414 1080 5469 ἀλλὰ
1105 5417 1359 5493 ἐνεργείᾳ
1379 5433 1391 5447 ·
1417 5421 1508 5475 τὸν
1538 5425 1703 5481 αὐτὸν
1734 5428 1899 5501 διμη-

300 5499 471 5561 ναῖον,
505 5498 602 5551 καὶ
647 5505 994 5571 τριμηναίον,
1030 5504 1156 5560 Υίόν
1183 5524 1244 5560 τε
1282 5508 1418 5563 Θεοῦ
1461 5512 1601 5584 ἅμα,
1644 5519 1740 5571 καὶ
1772 5498 1900 5575 Ῠίὸν

300 5587 611 5679 ἀνθρώπου.
632 5589 792 5644 Ἀλλὰ
829 5592 937 5663 γὰρ
964 5596 1058 5649 καὶ
1083 5597 1182 5662 τὰς
1211 5602 1307 5670 τῆς
1336 5602 1780 5679 ἀνθρωπότητος,
1800 5614 1895 5665 καὶ

306 5678 412 5751 μὴν
438 5680 533 5733 καὶ
562 5680 662 5745 τὰς
690 5684 748 5735 ἐν
771 5683 993 5757 ἐξουσίᾳ
1023 5689 1090 5760 τῇ
1120 5689 1419 5763 θεοπρεπεῖ
1445 5699 1631 5766 φωνὰς
1688 5702 1754 5765 ἃς
1813 5704 1892 5756 δι-

304 5771 657 5843 αγορεύουσιν
688 5776 819 5845 ἡμῖν
850 5777 903 5828 αἱ
932 5776 1073 5832 θεῖαι
1108 5780 1320 5852 Γραφαὶ
1352 5788 1479 5858 περὶ
1508 5791 1698 5857 αὐτοῦ,
1722 5796 1801 5857 εἰς
1834 5796 1890 5847 ἓν

383 5957 524 6010 'lsa.
563 5972 684 6024 xcv,
719 5958 771 6017 ὅ.
851 5960 870 5990 ¹
910 5959 1066 6017 Joan.
1099 5980 1192 6026 vn,
1232 5965 1319 6017 57.

2001 3874 2098 3913 nes
2140 3860 2323 3929 itaque
2358 3858 2451 3927 qui
2499 3865 2646 3910 recte
2688 3867 2881 3922 sapere
2923 3852 3299 3915 instituerunt,
3337 3848 3403 3903 ad
3446 3848 3608 3903 tlltri-

2000 3961 2143 4007 stum
2186 3966 2483 4021 perennem
2531 3949 2684 4002 illum
2731 3946 2936 4001 fontem
2983 3943 3266 4007 accedunt,
3312 3942 3461 3996 illum
3508 3956 3607 4010 per

2000 4044 2355 4114 Evangeliutn
2410 4043 2738 4098 clamantem
2794 4039 3078 4094 audientes
3115 4052 3129 4091 :
3172 4054 3190 4088 t
3234 4037 3290 4091 Si
3328 4036 3451 4106 quis
3486 4035 3606 4090 sitit

2000 4141 2184 4194 veniat
2210 4140 2276 4192 ad
2308 4154 2415 4203 me,
2441 4147 2496 4191 et
2526 4137 2767 4192 bibat'.»
2798 4132 2983 4203 Neque
3013 4132 3159 4188 enim
3190 4146 3327 4202 Opus
3359 4140 3463 4194 est,
3496 4146 3604 4185 nou

1999 4234 2185 4298 agnito
2212 4233 2363 4303 prius
2388 4231 2478 4285 illo
2506 4230 2725 4301 pietatis
2750 4227 3035 4299 mysterio,
3064 4235 3270 4284 temere
3294 4226 3359 4280 de
3383 4224 3607 4279 Christo

2002 4325 2113 4382 Deo
2142 4325 2493 4396 investigare,
2527 4322 2607 4379 vel
2641 4323 2939 4377 disserere.
2970 4319 3111 4374 Sunt
3140 4333 3272 4388 ergo
3298 4318 3390 4388 qui
3424 4318 3476 4371 in
3510 4331 3609 4371 au-

2001 4420 2238 4474 ditorum
2283 4418 2497 4472 animos
2540 4417 2725 4471 furtim
2775 4429 2839 4469 ac
2884 4429 2981 4484 per
3023 4411 3270 4468 fraudem
3318 4415 3605 4480 irrepnnt,

2001 4510 2171 4566 Deum
2192 4509 2427 4566 Verbum
2458 4518 2772 4564 asserentes
2806 4508 3081 4563 hominem
3114 4508 3499 4574 assumpsisse.
3529 4521 3597 4561 ac

2001 4601 2207 4656 idcirco
2251 4615 2347 4671 per
2385 4609 2635 4656 sanetam
2677 4597 2959 4669 Virginem
3008 4599 3315 4670 prodiisse,
3357 4607 3412 4652 et
3462 4597 3609 4652 lumc

2000 4693 2254 4747 eumdem
2302 4692 2578 4746 hominem
2626 4705 2655 4745 a
2706 4692 2817 4746 Deo
2856 4690 3038 4746 Verbo
3086 4690 3397 4746 deiﬁeatmn
3444 4704 3607 4756 esse;

2002 4796 2261 4853 maguum
2298 4781 2427 4835 illud
2460 4781 2681 4851 pietatis
2713 4782 3034 4851 mysterium
3071 4797 3177 4833 nou
3215 4780 3606 4850 intelligentes,

2000 4874 2534 4944 dispensationisque
2580 4872 2855 4945 Uttigettiti
2899 4888 3024 4928 cum
3069 4888 3236 4928 carne
3276 4872 3607 4927 bettelieium

2001 4968 2442 5038 parvitaeientes.
2484 4967 2594 5024 Nos
2637 4977 2839 5033 autem,
2882 4965 3106 5031 fratres,
3151 4982 3255 5021 non
3300 4968 3379 5021 sic
3425 4966 3603 5022 edocti

2001 5076 2209 5116 sumus.
2250 5061 2403 5117 Illum
2446 5076 2684 5132 namque
2722 5062 2814 5129 qui
2855 5076 2922 5117 ex
2962 5067 3151 5116 sancta
3186 5057 3407 5130 Virgine
3446 5070 3606 5114 natus

2000 5164 2104 5219 est,
2137 5169 2305 5208 unum
2343 5156 2706 5223 eumdemque
2739 5168 2861 5209 esse
2891 5154 3262 5225 agnoscimus,
3300 5151 3604 5223 perfectum

2002 5247 2168 5301 Deum
2204 5255 2260 5300 et
2295 5245 2597 5317 perfectum
2642 5248 2917 5302 hominem
2954 5247 3134 5301 anima
3173 5245 3424 5301 rationali
3462 5263 3603 5316 prte-

1999 5339 2195 5393 dittun.
2229 5338 2342 5393 Hac
2375 5339 2544 5393 etiam
2577 5340 2644 5395 de
2675 5354 2840 5394 causa
2873 5349 3119 5395 sanctam
3158 5338 3438 5407 Virginem
3481 5338 3607 5395 Dei~

2001 5445 2187 5499 param
2216 5431 2586 5500 appellamus;
2618 5431 2899 5500 Deumque
2916 5429 3160 5486 Verbum
3188 5445 3295 5485 non
3323 5428 3604 5499 Opinione,

1999 5522 2092 5576 sed
2136 5536 2191 5576 re
2232 5523 2346 5591 ipsa
2388 5521 2440 5576 in
2482 5522 2569 5577 illa
2614 5524 2887 5577 habitasse
2922 5524 3154 5578 dicimus
3188 5540 3199 5576 :
3236 5523 3486 5577 eumdem
3524 5523 3605 5577 bi-

2006 5620 2261 5666 mestrem
2295 5623 2347 5665 et
2381 5614 2737 5677 trimestrem,
2766 5614 2958 5667 Filium
2990 5613 3083 5668 Dei
3115 5614 3301 5677 simul,
3328 5624 3384 5667 et
3408 5613 3605 5667 Filium

2007 5702 2263 5756 hominis.
2302 5701 2442 5769 Quin
2489 5704 2655 5757 etiam
2690 5719 2851 5758 voces
2896 5705 3037 5765 illas,
3074 5719 3211 5773 quas
3256 5704 3452 5759 divinae
3496 5703 3608 5757 Lit-

2006 5804 2133 5848 terae
2165 5801 2326 5851 modo
2359 5798 2719 5862 humanitati,
2755 5799 2914 5853 modo
2946 5798 3144 5853 divinae
3178 5797 3319 5852 illius
3352 5798 3607 5867 potestati
