4058 6328
486 412 623 469 H15

1472 424 1529 479 S.
1566 421 1839 476 CYRII.”
1881 421 2351 476 ALEXANDRIM
2393 421 2713 477 ARCIIIEP.

3600 430 3738 482 uili

483 545 747 606 tribuunt,
776 542 938 613 802
966 542 1017 594 in
1049 554 1209 593 unam
1242 542 1503 595 duntaxat
1535 554 1817 609 personam
1851 552 2048 593 conve-

2162 543 2451 611 πρόσωπον
2480 542 2738 612 συνῆχθαί
2773 558 2971 611 φαμεν.
2998 542 3104 595 Τὸν
3128 542 3429 614 αῦιὺνλγᾶρ
3462 544 3619 614 ἴσμεν
3642 546 3738 596 ἐπὶ

486 650 600 689 mre
647 636 1019 703 praedicamus.
1065 633 1324 687 Eumdem
1374 634 1518 685 enim
1567 632 1909 701 agnoscimus
1958 630 2049 699 qui

484 740 644 793 super
670 725 902 780 cervical
937 724 1269 789 dormiebat,
1299 737 1353 778 et
1382 723 1476 792 qui
1510 738 1657 776 mare
1687 732 1739 777 et
1770 730 1960 776 ventos
1990 735 2057 774 ex

487 828 749 884 potestate
785 819 1097 885 increpabat
1120 816 1139 847 ³
1175 834 1187 869 :
1225 817 1472 870 eumdem
1506 818 1596 884 qui
1632 830 1697 868 ex
1734 816 1929 867 itinere
1963 815 2058 867 de-

488 909 814 977 fatigabatur
838 906 880 971 ⁸,
916 918 969 961 et
1004 908 1092 975 qui
1130 921 1290 974 super
1326 920 1508 968 mare,
1546 904 1766 972 perinde
1800 919 1863 957 ac
1899 916 2060 969 super

486 1000 709 1053 solidam
757 1010 974 1060 terram,
1018 1013 1112 1051 sua
1158 1005 1421 1064 potestate
1464 996 1808 1065 gradiebatur
1831 994 1870 1046 ⁵.
1917 994 2057 1045 Idem

489 1093 671 1159 itaque
722 1090 857 1143 citra
908 1088 1067 1141 ullam
1125 1087 1549 1140 controversiam
1605 1086 1743 1139 Deus
1793 1085 1952 1137 simul
2006 1094 2061 1137 et

488 1181 647 1232 homo
685 1178 916 1233 exsistit.
959 1176 1098 1242 Quid
1145 1177 1289 1229 enim
1335 1174 1527 1227 mirum
1571 1184 1733 1236 esset,
1773 1174 1815 1228 si
1864 1183 2061 1226 nostra:

486 1271 811 1325 conditionis
856 1270 1016 1322 homo
1060 1268 1324 1335 quispiam
1372 1267 1463 1319 Dei
1514 1274 1777 1333 potestate
1824 1266 2060 1317 Ittttttiltts

492 1362 744 1416 miracula
788 1360 1065 1430 patraret?
1098 1360 1290 1412 Verum
1332 1368 1389 1410 ut
1422 1358 1546 1409 illud
1584 1359 1755 1426 ipsum
1804 1357 1893 1409 Dci
1928 1356 2060 1408 Ver-

489 1458 611 1509 bum
658 1471 761 1507 non
805 1454 1206 1523 imaginatione,
1247 1463 1339 1504 aut
1379 1453 1655 1521 apparenti
1698 1453 1927 1519 quadam
1971 1467 2059 1503 ra-

492 1548 656 1607 tione,
684 1544 781 1599 sed
813 1560 870 1598 re
900 1546 1012 1612 ipsa
1041 1558 1097 1597 se
1123 1545 1510 1608 exinauivisse,
1543 1545 1737 1599 divina:
1768 1545 2061 1613 Scriptura:

493 1638 647 1688 nobis
684 1635 1051 1698 ostendant‘;
1091 1650 1253 1686 unum
1300 1635 1655 1703 etundemque
1700 1636 1861 1687 Deum
1903 1636 2063 1688 simul

488 1738 543 1778 et
570 1727 838 1779 hemiuctn
870 1739 964 1792 per
990 1726 1281 1793 prophetas
1308 1736 1360 1777 et
1386 1726 1660 1793 apostolos
1687 1726 1840 1778 nobis
1864 1727 2063 1779 diserte

491 1817 900 1883 pronuntiantes
931 1817 1205 1868 dixerunt.
1242 1816 1330 1868 Dei
1365 1815 1544 1883 itaque
1570 1825 1688 1867 erat
1722 1816 1808 1867 illa
1840 1831 1905 1868 ex
1935 1815 2060 1870 Vir-

2158 632 2219 685 τὸ
2249 634 2682 703 προσκεφάλαιον
2708 634 3033 687 καθεύδοντα
3055 634 3429 710 [καθήμενον],
3455 639 3546 691 τὸν
3571 639 3739 692 αὑτὸν

2158 724 2225 791 τῇ
2257 722 2498 794 Θαλάσσῃ
2530 724 2865 792 ἐπιτιμῶντα
2889 726 2945 776 ἐν
2970 726 3208 798 ἐξουσίᾳ,
3237 729 3326 780 καὶ
3351 731 3462 793 τοῖς
3487 731 3734 798 ἀνέμοις·

2159 810 2249 861 τὸν
2297 811 2460 864 αὐτον
2504 814 2609 865 καὶ
2642 813 2734 865 ἐπὶ
2773 814 2873 883 τῆς
2912 813 3216 884 ὁδοιπορίας
3263 811 3596 889 κεκμηκότα,
3643 823 3739 873 τὸν

2160 900 2320 952 αὑτὸν
2347 902 2442 953 καὶ
2474 904 2564 953 ἐπὶ
2596 905 2691 971 τῆς
2737 901 3010 973 Θαλάσσης
3057 905 3481 974 περιπατοῦντα,
3515 908 3588 969 ὡς
3640 910 3738 961 ἐπὶ

2163 994 2388 1061 στερεᾶς
2439 992 2561 1063 γῆς,
2599 994 2703 1063 ἰδίᾳ
2762 993 3009 1065 ἐξουσία·
3042 995 3070 1045 ὁ
3108 995 3270 1057 αὐτὸς
3310 1000 3490 1050 τοίνυν
3519 999 3669 1063 Θεὸς,
3704 998 3739 1048 ὁ

2160 1083 2322 1145 αὐτὸς
2366 1084 2649 1153 ἄνθρωπος
2694 1085 3159 1156 ὁμολογουμένως.
3195 1089 3261 1141 Τί
3298 1090 3406 1161 γὰρ
3438 1093 3497 1144 τὸ
3530 1092 3735 1162 θαῦμα,

2162 1176 2207 1226 εἱ
2241 1174 2523 1245 ἄνθρωπός
2560 1193 2641 1239 τις
2674 1176 2782 1228 τῶν
2815 1177 2935 1229 καθ’
2964 1180 3114 1247 ἡμᾶς
3141 1181 3199 1231 ἐν
3231 1180 3449 1252 ἐξουσία
3478 1184 3737 1253 δυνάμεις

2160 1264 2293 1317 Θεοῦ
2316 1270 2554 1338 ἐνεργεῖν
2573 1268 2679 1339 [ἵσ.
2702 1270 2760 1319 ἐν
2782 1268 2999 1340 ἐξουσίᾳ
3019 1272 3174 1336 Θεοῦ,
3196 1273 3450 1345 δυνάμεις
3475 1278 3555 1328 ὲνε
3567 1280 3736 1350 ργεῖνι

2160 1357 2406 1425 λέγεται;
2453 1360 2587 1411 Ἀλλ’
2620 1361 2703 1413 ῖνα
2733 1362 2821 1413 τὸν
2857 1363 3017 1415 αὑτὸν
3046 1366 3178 1417 Θεὸν
3205 1367 3377 1435 Λόγον
3399 1371 3738 1425 κεκενῶσθαι

2161 1451 2511 1516 ὑποδείξωσιν
2546 1455 2676 1522 ἡμῖν
2707 1457 2761 1507 αἱ
2795 1456 2934 1507 θεῖαι
2973 1457 3206 1525 Γραᾷαὶ,
3237 1460 3297 1512 οῦ
3330 1461 3565 1532 δοκήσει,
3598 1465 3740 1517 ἀλλὰ

2161 1542 2447 1611 ἐνεργείᾳ,
2516 1544 2610 1595 ἕνα
2662 1546 2754 1597 καὶ
2817 1546 2909 1598 τὸν
2970 1548 3134 1600 αὑτὸν
3185 1551 3316 1619 ἡμῖν
3360 1551 3739 1623 διαγορεῦουσι

2165 1640 2535 1705 προφητικοῖς,
2568 1639 2657 1690 καὶ
2705 1640 2811 1708 μὴν
2849 1641 2944 1691 καὶ
2988 1644 3364 1708 ἀποστολικοῖς
3397 1647 3738 1715 κηρύγμασι,

2162 1726 2252 1777 τὸν
2301 1727 2462 1779 αὐτὸν
2507 1724 2659 1779 εἷπον
2708 1730 2859 1791 Θεὸν,
2904 1730 2994 1782 τὸν
3046 1732 3205 1785 αὐτὸν
3256 1733 3557 1805 ἄνθρωπον.
3602 1737 3738 1788 Θεοῦ

2163 1816 2343 1869 τοίνυν
2467 1818 2725 1889 σύλληψις
2845 1822 3145 1891 παρθενική
3170 1842 3184 1855 ·
3218 1825 3353 1877 Θεοῦ
3448 1828 3697 1898 γέννησις
3719 1846 3737 1859 ⁸

488 1908 610 1974 giue
651 1906 954 1973 conceptio,
1000 1906 1091 1959 Dei
1136 1908 1410 1968 nativitas,
1460 1906 1549 1959 Dei
1596 1906 1909 1969 similitudo,
1955 1924 2060 1977 qua

2163 1906 2298 1959 Θεοῦ
2327 1909 2358 1977 ή
2390 1908 2527 1961 κατὰ
2557 1911 2733 1961 πάντα
2769 1911 2905 1979 πρὸς
2935 1913 3101 1981 ἡμᾶς.
3134 1916 3228 1965 καὶ
3263 1915 3330 1966 δι’
3365 1916 3508 1984 ἡμᾶς
3537 1918 3739 1985 ὁμοίω-

490 1999 645 2054 nohis
680 1999 848 2051 nostri
889 2012 1050 2050 causa
1090 1998 1479 2064 dispensatorie
1512 2012 1607 2066 per
1636 2000 1812 2051 omnia
1846 2000 2062 2055 assimi»

490 2092 632 2144 latus
659 2102 769 2150 est;
805 2090 894 2143 Dei
928 2090 1127 2156 passio,
1159 2089 1249 2141 Dei
1281 2090 1345 2142 iis
1372 2090 1460 2157 qui
1493 2093 1546 2141 in
1574 2104 1791 2143 carcere
1817 2101 1869 2144 et
1904 2092 1951 2143 iu
1986 2102 2065 2145 te—

492 2182 674 2233 nebris
698 2191 853 2233 erant
877 2181 1207 2249 pnedieatio,
1237 2179 1326 2233 Dei
1358 2183 1704 2245 resurrectio,
1735 2183 1824 2237 Dei
1851 2189 2061 2238 tandem

491 2270 543 2322 in
574 2270 738 2323 cmlos
769 2268 1087 2335 assumptio.
1119 2269 1219 2333 Qui
1250 2274 1367 2337 capi
1402 2285 1506 2322 non
1541 2282 1751 2338 poterat
1772 2310 1786 2333 ,
1823 2287 1916 2340 per
1943 2288 2065 2326 car-

490 2375 608 2413 nem
642 2375 803 2428 quam
837 2360 1007 2412 nostri
1041 2375 1201 2413 causa
1236 2376 1300 2412 ex
1336 2359 1499 2412 Maria
1532 2362 1789 2429 sumpsit,
1820 2364 2060 2431 virginali

490 2462 641 2503 utero
672 2449 915 2503 concludi
953 2464 1015 2501 ac
1051 2449 1261 2502 deliniri
1298 2450 1571 2503 sustinuit.
1603 2449 1704 2515 Qui
1742 2452 1848 2504 late
1881 2456 2058 2505 omnia

490 2544 720 2605 cxcedit,
765 2556 929 2596 carne
976 2542 1299 2595 continetur.
1350 2544 1406 2593 ln
1451 2558 1611 2606 quem
1656 2545 1799 2598 nulla
1840 2546 2062 2598 mutatio

490 2632 658 2695 cadit,
701 2634 990 2684 humanam
1038 2630 1263 2683 formam
1306 2631 1491 2687 subiit.
1536 2632 1879 2702 Impatibilis,
1922 2637 2062 2688 ultro

490 2739 586 2791 pro
617 2725 769 2777 nobis
796 2734 851 2777 et
882 2734 1096 2792 prepter
1126 2742 1221 2782 nos
1250 2745 1347 2797 per
1378 2732 1647 2799 propriam
1679 2746 1898 2785 carnem
1930 2749 2057 2801 pas-

489 2830 582 2868 sus
621 2823 719 2869 est.
757 2816 865 2869 Deo
900 2826 953 2869 et
987 2817 1130 2871 Patri
1167 2820 1427 2873 indivulse
1462 2820 1764 2887 cohaerens,
1802 2824 1855 2879 in
1894 2834 2058 2888 terra,

490 2916 549 2958 ut
581 2907 839 2974 scriptum
872 2915 976 2975 est,
1011 2910 1159 2964 visus
1192 2921 1297 2975 est,
1331 2920 1384 2965 et
1425 2928 1547 2965 cum
1588 2914 1898 2969 hominibus
1935 2931 2063 2968 eon-

491 3009 736 3053 versatus
755 3000 796 3051 '.
829 2999 928 3066 Qui
958 3000 1059 3055 sub
1089 3009 1285 3056 tactum
1320 3021 1423 3057 non
1458 3006 1731 3072 veniebat,
1768 3006 1834 3060 ab
1865 3008 2065 3076 iniquis

494 3090 674 3141 lancea
710 3104 1062 3157 compunctus
1100 3101 1183 3143 est
1207 3091 1247 3142 ⁸.
1287 3090 1661 3163 lmpassihilis,
1699 3096 2062 3148 voluntariam

491 3196 702 3235 crucem
728 3184 896 3237 nostri
917 3199 1076 3238 causa
1102 3184 1341 3247 pertulit.
1365 3183 1672 3242 [inmortale
1698 3188 1874 3243 lumen
1903 3190 2057 3242 morti

485 3271 723 3339 seipsum
757 3274 968 3339 obtulit,
993 3286 1045 3329 et
1076 3277 1231 3328 morti
1262 3279 1477 3345 quidem
1505 3281 1702 3334 crucis.
1731 3281 1839 3346 Qui
1862 3282 1912 3333 in
1940 3282 2058 3334 sinu

492 3361 666 3416 l’atris
696 3376 833 3427 erat,
869 3381 963 3433 per
993 3369 1261 3437 propriam
1292 3384 1511 3423 carnem
1546 3372 1597 3425 iu
1630 3373 1823 3428 cmhnn
1856 3374 2061 3428 assumi

490 3464 598 3507 ‘uou
641 3456 921 3509 recusavit.
959 3457 1059 3523 Qui
1106 3471 1283 3513 autent
1327 3460 1419 3515 Dei
1464 3462 1657 3516 Filium
1702 3462 1895 3535 [Deum
1932 3462 2066 3517 Ver-

493 3541 658 3616 bum]
696 3545 964 3600 hominem
1009 3552 1314 3618 quempiam
1361 3552 1527 3604 nostri
1580 3554 1812 3605 similem
1855 3570 2064 3607 assum-

492 3637 663 3704 psisse
703 3638 922 3704 dicunt;
965 3640 1138 3709 ipsum
1188 3651 1364 3695 autem
1409 3643 1589 3695 vivum
1634 3654 1689 3697 et
1738 3644 1922 3697 el'lieax
1975 3646 2062 3699 Dei

496 3727 725 3780 Verbum
748 3730 790 3790 ',
831 3732 970 3799 quod
1014 3731 1064 3782 in
1107 3732 1321 3799 propria
1364 3730 1661 3797 leﬂicacem
1708 3734 1799 3788 Dei
1846 3734 2061 3801 Filium,

2168 2015 2251 2062 σις
2270 2000 2627 2070 οἰκονομικῶς
2644 2019 2657 2032 ο
2683 2002 2816 2054 Θεοῦ
2840 2004 2899 2055 τὸ
2919 2003 3115 2069 πάθος
3140 2005 3275 2058 Θεοῦ
3300 2010 3411 2069 τοῖς
3442 2010 3498 2061 ἐν
3523 2010 3738 2079 φυλακῇ

2167 2091 2259 2141 καὶ
2299 2092 2355 2142 ἐν
2394 2091 2472 2159 τῷ
2502 2093 2682 2144 σκότει
2714 2094 2744 2160 ἡ
2776 2094 3032 2163 κήρυξις·
3066 2096 3200 2148 Θεοῦ
3228 2099 3520 2161 ἀνάστασις
3543 2117 3557 2129 °
3601 2100 3740 2153 Θεοῦ

2167 2182 2199 2250 ή
2228 2182 2511 2251 ἀνάληψις.
2532 2183 2587 2235 Ὀ
2617 2184 2899 2255 ἀχώρητος
2941 2188 3129 2240 ἐιυτὺν
3162 2188 3357 2241 δέδωκε
3392 2192 3742 2260 κεχωρῆσθαι

2164 2270 2230 2323 δι’
2257 2273 2401 2339 ἡμᾶς
2432 2274 2487 2323 ἐν
2514 2276 2577 2342 τῇ
2613 2274 2711 2342 τῆς
2746 2276 3029 2345 Παρθένον
3064 2280 3267 2349 μήτρᾳ,
3299 2283 3436 2349 μετὰ
3468 2284 3565 2351 τῆς
3604 2285 3741 2349 ἰδίας

2167 2362 2384 2431 σαρκὸς,
2416 2365 2481 2433 ἣν
2528 2366 2893 2434 προσελάϐετο
2939 2370 2997 2433 ἐξ
3047 2371 3310 2440 αῦτῆς.’0
3356 2375 3638 2445 ἀχώρητος
3683 2379 3742 2431 ἐν

2166 2455 2330 2523 σαρκὶ
2361 2457 2647 2525 ἐχωρεῐτο·
2684 2460 2711 2509 ὁ
2734 2459 3087 2523 ἀναλλοίωτος
3117 2464 3170 2513 ἐν
3203 2464 3489 2534 ἀνθρώπου
3520 2473 3700 2541 μορφῇ
3722 2488 3737 2500 ·

2163 2545 2191 2594 ὁ
2218 2544 2433 2613 ἀπαθὴς
2463 2545 2693 2597 πέπονθε
2715 2546 2782 2599 δι’
2805 2550 2950 2617 ἡμᾶς
2980 2550 3260 2613 ἑκουσίως,
3293 2554 3387 2604 καὶ
3417 2554 3554 2623 ὑπὲρ
3580 2557 3741 2625 ἡμῶν

2163 2638 2228 2705 τῇ
2274 2635 2379 2705 ἰδίει
2430 2637 2610 2704 σαρκί.
2645 2637 2703 2689 ’0
2753 2638 3054 2708 ἀχώριστος
3099 2642 3193 2693 τοῦ
3231 2642 3365 2695 Θεοῦ
3409 2646 3497 2698 καὶ
3531 2648 3741 2719 [ἰατρὸς

2163 2730 2254 2781 ἐπὶ
2279 2730 2381 2797 γῆς
2408 2728 2585 2799 ὤφθη,
2608 2731 2745 2781 κατὰ
2774 2730 2833 2782 τὸ
2874 2735 3275 2802 γεγραμμένον,
3304 2738 3398 2790 καὶ
3424 2741 3481 2790 ἐν
3507 2743 3619 2804 τοῖς
3643 2743 3743 2794 ἀνι-

2163 2820 2401 2892 θρὼποις
2455 2822 2886 2891 συνανεστράφη.
2930 2823 2987 2876 '0
3031 2825 3383 2895 ἀψηλάφητος
3430 2829 3599 2904 λόγχῃ
3636 2834 3741 2887 ὑπὸ

2162 2914 2271 2966 τῶν
2320 2914 2649 2983 παρανόμων
2712 2916 3085 2971 κατενύττετο.
3124 2918 3182 2971 ’0
3240 2922 3455 2992 ἀπαθὴς
3510 2927 3741 2997 σταυρὸν

2165 3006 2468 3059 ἐθελούσιον
2516 3006 2775 3074 ὑπέμεινε
2818 3007 2884 3058 δι’
2920 3008 3065 3077 ἡμᾶς
3086 3027 3098 3039 ·
3144 3012 3204 3062 τὸ
3238 3012 3353 3081 φῶς
3384 3015 3445 3066 τὸ
3477 3016 3741 3072 ἀθάνατον

2165 3098 2375 3167 θανάτῳ
2412 3098 2601 3149 ἑαυτὸν
2641 3098 2927 3161 ἐκδέδωκε,
2966 3099 3179 3171 θανάτῳ
3216 3103 3273 3154 δὲ
3308 3107 3559 3177 σταυροῦ.
3581 3110 3636 3162 Ὀ
3665 3111 3740 3165 ῶν

2165 3193 2221 3244 ἓν
2250 3190 2327 3261 τῷ
2354 3191 2537 3261 κόλπῳ
2566 3189 2657 3243 τοῦ
2689 3192 2918 3259 Πατρὸς,
2947 3193 3213 3263 ἀνάληψιν
3240 3197 3499 3265 ὑπέμεινε
3532 3201 3620 3255 διὰ
3644 3206 3739 3275 τῆς

2174 3285 2307 3345 ἰδίας
2344 3285 2563 3354 σαρκός.
2594 3284 2731 3348 Τοὺς
2776 3285 2832 3337 δὲ
2865 3285 3139 3353 λέγοντας,
3173 3288 3457 3360 ἄνθρωπόν
3488 3311 3609 3347 τινα
3634 3295 3740 3349 τῶν

2164 3379 2282 3433 καθ’
2305 3379 2449 3447 ἡμᾶς
2473 3376 2822 3444 ἀνειληφέναι
2846 3377 2934 3428 τὸν
2958 3376 3093 3441 Θεὸν
3110 3380 3302 3447 Λόγον,
3323 3383 3415 3435 καὶ
3442 3385 3516 3455 μὴ
3539 3387 3739 3456 μᾶλλον

2163 3471 2329 3524 αὑτὸν
2361 3467 2453 3521 τὸν
2482 3469 2611 3521 Υἱδν
2644 3469 2734 3521 τὸν
2773 3470 3138 3523 ὲνυπὸστατόν
3167 3489 3227 3526 τε
3262 3477 3354 3527 καὶ
3382 3477 3577 3549 ὲνεργῆ
3599 3520 3614 3542 ,
3648 3482 3741 3534 καὶ

2157 3557 2363 3627 ζῶντα,
2397 3562 2649 3628 γενέσθαι
2698 3560 2986 3631 ἄνθρωπον
3034 3564 3126 3615 καὶ
3180 3567 3237 3617 ἐν
3293 3570 3405 3630 τοῖς
3442 3570 3560 3623 καθ’
3594 3573 3740 3643 ἡμᾶς

2162 3650 2517 3719 οἰκονομικῶς
2545 3650 2611 3701 δι’
2642 3652 2811 3719 ἡμᾶς,
2846 3649 3078 3720 ἐξορίζει
3112 3655 3143 3723 ή
3175 3657 3305 3723 ἀγία
3348 3659 3588 3726 Σποδοῦ
3617 3665 3649 3734 ἠ
3683 3666 3740 3715 έν

2161 3741 2226 3808 τῇ
2268 3738 2528 3805 Ἐφεσίων
2554 3738 2705 3790 πόλει
2732 3740 3092 3809 γεγενημένη.

493 3819 581 3885 qui
634 3819 684 3871 iu
738 3820 974 3892 prepria]
1022 3837 1249 3889 persona
1300 3824 1565 3890 subsistit,
1639 3826 1910 3883 hominem
1965 3830 2186 3892 factum,
2251 3831 2830 3919 dispensatorieqtteitt
2896 3832 3145 3889 humanis
3209 3848 3430 3909 propter
3482 3859 3579 3897 nos
3624 3860 3738 3899 ver-

492 3916 665 3961 satum
704 3924 823 3965 esse
864 3912 1205 3972 inticiantur;
1249 3913 1369 3968 illos
1408 3929 1561 3967 sacra
1591 3915 1844 3985 Syuodus
1886 3919 2152 3986 Ephesiua
2185 3920 2422 3990 esplodit
2454 3932 2508 3974 et
2537 3919 2700 3983 ejicit.

957 4046 1254 4116 Disputatio
1292 4052 1356 4103 de
1391 4054 1592 4106 eodem.

566 4179 938 4251 Interrogatio.
975 4180 1087 4236 Cur
1115 4182 1276 4245 Deus.
1307 4185 1396 4254 qui
1424 4186 1808 4254 comprehendi
1841 4202 1944 4241 non
1974 4203 2064 4256 po-

495 4282 621 4336 test,
663 4274 898 4341 virgineo
940 4284 1094 4327 utero
1137 4276 1559 4342 comprehensus
1597 4276 1717 4331 est?
1755 4277 2061 4346 Responsio.

493 4364 625 4429 Quia
669 4364 972 4417 mortalium
1014 4380 1186 4435 genus
1224 4365 1510 4434 redimere,
1548 4377 1601 4424 et
1640 4386 1669 4423 a
1711 4372 1969 4435 sci-vitum
2011 4373 2063 4425 in

492 4455 792 4508 libertatem
823 4469 1069 4511 asserere
1101 4456 1323 4525 placuit.

562 4544 823 4617 lnterrog.
859 4545 969 4601 Cur
996 4548 1147 4601 initio
1188 4563 1381 4603 carens
1406 4564 1474 4605 ex
1502 4550 1723 4606 muliere
1763 4554 1912 4607 nasci
1942 4567 2062 4621 per-

493 4638 649 4692 tulit?
697 4637 855 4706 Resp.
907 4638 1351 4710 Quandoquidem
1408 4643 1510 4698 sub
1564 4643 1849 4698 maledicto
1903 4657 2059 4699 erant

490 4748 676 4788 omnes
711 4734 957 4789 homines
994 4739 1178 4805 (erant
1217 4738 1359 4793 enim
1397 4741 1497 4793 sub
1535 4742 1739 4820 peccati
1775 4741 1937 4812 803
1978 4757 2060 4795 re-

490 4825 636 4895 gno),
670 4827 789 4881 ideo
822 4827 873 4880 in
904 4838 1107 4883 natura;
1137 4830 1289 4884 initia
1320 4832 1520 4886 relatus
1551 4843 1635 4887 est
1659 4851 1687 4887 a
1714 4833 1868 4888 nobis
1904 4836 2055 4903 ipsis,
2098 4861 2111 4869 -

490 4925 548 4968 ut
600 4925 655 4971 et
700 4930 1048 4989 cognatorum
1098 4923 1466 4989 nativitatem,
1518 4935 1570 4979 et
1620 4926 1796 4994 ipsunt
1849 4936 2057 4980 uterum

489 5009 869 5066 sattctiiiearet.

561 5100 823 5171 lnterrag.
863 5103 972 5157 Cur
999 5104 1330 5162 inalterabile
1361 5119 1416 5164 et
1444 5110 1780 5167 immutabile
1811 5110 1901 5167 Dei
1924 5112 2056 5167 Ver-

490 5191 614 5244 bum
657 5195 796 5247 iuter
837 5194 1083 5250 homines
1123 5208 1515 5268 computatum,
1558 5211 1614 5256 et
1657 5204 1817 5258 homo
1858 5204 2055 5258 factum

490 5282 604 5337 est?
632 5282 786 5354 Resp.
810 5283 892 5340 Ob
921 5287 971 5339 id
1005 5288 1094 5342 Dei
1116 5288 1294 5345 Verbo
1321 5292 1683 5361 dispensative
1714 5308 1932 5364 propter
1955 5312 2056 5351 nos

490 5374 543 5425 iu
577 5375 823 5429 immanis
851 5377 1092 5444 versari,
1126 5381 1386 5447 uobisque
1416 5396 1512 5450 per
1539 5384 1752 5448 omnia,
1784 5386 1899 5439 solo
1927 5402 2054 5456 pec-

490 5476 611 5518 cato
639 5473 886 5536 excepto,
919 5468 1205 5525 assimilari
1237 5472 1455 5542 placuit,
1487 5475 1613 5535 quia
1645 5459 1933 5533 humanum
1965 5494 2058 5549 ge-

493 5571 593 5610 nus
622 5557 835 5614 salvare
862 5559 1054 5616 voluit.

564 5732 585 5763 ³
620 5732 781 5808 Μαι-ς.
823 5735 1003 5799 ιν.38.
1074 5738 1097 5770 ⁵
1125 5738 1279 5795 Joan.
1315 5756 1387 5808 tv,
1416 5740 1469 5797 6.

491 5803 579 5860 δι.
655 5807 674 5835 ’
706 5804 748 5856 tl
772 5807 867 5857 :br.
900 5820 972 5868 tv,
1004 5808 1091 5862 £2.

1546 5744 1568 5777 ⁸
1610 5745 1807 5801 Matth.
1848 5762 1957 5813 xw,
1995 5747 2084 5801 25.

2514 4058 2834 4128 Συζιξτησις
2870 4063 3001 4131 περὶ
3040 4065 3144 4118 τοῦ
3179 4069 3385 4123 αὐτοῦ.

2244 4195 2581 4263 Ἐρώτησις.
2627 4196 2749 4260 ΙΙῶς
2781 4200 2809 4251 ὁ
2837 4197 2970 4264 Θεὸς
2995 4202 3024 4251 ὁ
3056 4202 3343 4275 ἀχὼρητος
3387 4209 3642 4283 ἐχωρήθη
3680 4216 3737 4269 δν

2164 4286 2345 4356 μήτρᾳ
2402 4286 2742 4358 παρθενικῇ;
2815 4289 3165 4362 Ἀπόκρισις.
3205 4296 3422 4371 Ἐπειδὴ
3480 4302 3737 4370 εὐδόκησι

2160 4375 2579 4447 λυτρώσασθαι,
2638 4381 2732 4431 καὶ
2781 4379 3149 4452 ἐλευθερῶσαι
3198 4387 3259 4439 τὸ
3302 4389 3401 4459 τῆς
3449 4391 3736 4465 ἀνθρώπου

2162 4466 2375 4533 φύσεως
2402 4468 2579 4534 γένος.
2912 4502 2918 4507 -

2244 4558 2442 4625 Ἐρώτ.
2484 4559 2604 4622 Πῶς
2639 4563 2666 4613 ὁ
2694 4562 2928 4633 ἄναρχος
2948 4566 3201 4637 γέννησιν
3230 4570 3488 4643 ὑπέμεινε
3514 4576 3612 4647 τὴν
3647 4576 3737 4632 διὰ

2162 4652 2452 4719 γυναικός;
2508 4653 2746 4723 Ἀπόκρ.
2786 4658 2998 4730 Ἐπειδὴ
3049 4661 3154 4715 ὑπὸ
3203 4667 3447 4737 κατάραν
3494 4671 3734 4739 ἐγεγόνει

2162 4743 2348 4796 λοιπὸν
2398 4746 2503 4807 πᾶς
2550 4746 2865 4818 ἄνθρωπος·
2923 4749 3272 4819 βεδασίλευτο
3320 4758 3428 4828 γὰρ
3477 4761 3582 4815 ὑπὸ
3637 4765 3731 4837 τῆς

2164 4835 2439 4905 ἁμαρτίας
2463 4853 2475 4865 ’
2516 4836 2602 4889 διὰ
2631 4837 2788 4890 τοῦτο
2818 4841 2897 4902 εἰς
2929 4842 3105 4914 ἀρχὰς
3129 4845 3224 4898 τοῦ
3257 4841 3397 4901 εἶναι
3420 4835 3728 4921 λελόγισται

2156 4927 2289 4995 πρὸς
2308 4926 2464 4997 ἡμῶν
2481 4929 2678 4992 αὐτῶν,
2707 4930 2792 4983 ἵνα
2817 4934 2909 4985 καὶ
2932 4933 3029 5005 τὴν
3057 4935 3155 4990 τῶν
3183 4942 3457 5009 ὁμογενῶν
3483 4947 3734 5021 γέννησιν

2162 5018 2257 5069 καὶ
2297 5022 2509 5088 μήτραν
2546 5021 2766 5093 ἁγιάσῃ.

2248 5109 2445 5176 Ἐρώτ.
2486 5112 2607 5175 Πῶς
2656 5115 2713 5165 ὲν
2759 5116 3067 5201 ἀνθρῴποις
3105 5122 3482 5201 κατελογίσθη,
3516 5132 3611 5185 καὶ
3638 5134 3731 5189 ἇν-

2164 5202 2379 5273 ορωπος
2406 5204 2617 5273 γέγονε,
2666 5199 2938 5278 ἄτρεπτος
2966 5229 3022 5265 τε
3052 5216 3146 5269 καὶ
3180 5199 3536 5287 ἀναλλοίωιος
3569 5228 3598 5278 ὁ
3639 5228 3731 5282 τοῦ

2163 5294 2297 5347 Θεοῦ
2351 5296 2554 5364 Λόγοςς
2617 5299 2843 5369 Ἀπόκρ.
2895 5304 2967 5355 Τὸ
3020 5305 3309 5378 ἀνθρώπου
3351 5313 3509 5381 γένος
3559 5320 3731 5374 σῶσαι

2162 5384 2501 5489 βομλόμενος,
2534 5388 2791 5489 εῦδόκιῖσε
2838 5392 2904 5445 δι’
2935 5396 3080 5465 ἡμᾶς
3105 5400 3163 5450 ὲν
3191 5398 3202 5471 Ι
3228 5401 3313 5459 ἷσ.
3350 5406 3601 5472 γενέσθαι
3630 5411 3730 5489 ἓν]

2159 5479 2271 5540 τοῖς
2321 5477 2445 5531 καθ’
2475 5480 2621 5551 ἡμᾶς
2662 5483 3041 5555 οἰκονομικῶς,
3086 5493 3181 5544 καὶ
3225 5492 3544 5563 ὡμοιῶσθαι
3601 5477 3728 5574 imi;

2161 5571 2301 5625 κατὰ
2340 5571 2536 5636 πάντα,
2576 5574 2743 5646 χωρὶς
2781 5576 3081 5647 ἁμαρτίας.

2162 5748 2183 5780 ⁸
2217 5749 2447 5820 Philipp.
2480 5766 2538 5816 tt,
2573 5748 2631 5809 7.7

2723 5753 2741 5783 ⁷
2785 5752 3014 5811 Baruch.
3048 5770 3131 5823 ttt,
3164 5759 3252 5815 58.
3366 5764 3389 5796 ⁸
3418 5766 3575 5823 .loan.
3610 5786 3714 5828 xix.
