4058 6328
348 424 488 481 Nl?

1287 425 1583 485 SCHOLIA
1627 429 1716 485 DE
1754 428 2272 489 INCARNATIONE
2310 430 2521 489 VERBI
2556 433 2689 491 DEI.

3484 447 3626 507 HIS

431 543 622 612 Ἑρώτ.
667 542 789 605 Πῶς
840 542 918 612 τῷ
968 543 1169 597 ἀπαθεῖ
1218 544 1403 610 ὔπνον,
1454 548 1546 599 καὶ
1596 550 1781 610 κόπον,
1832 550 1915 602 καῖ

2103 550 2367 623 Interrog.
2408 551 2691 619 Quomodo
2727 550 3009 623 impatibili
3045 569 3320 621 somnum,
3358 558 3619 631 Iaberem,

344 638 561 701 πεῖναν,
598 635 690 687 καὶ
722 635 975 702 σταυρὸν,
1006 636 1096 687 καὶ
1126 634 1304 687 πάντα
1328 635 1398 690 τὰ
1423 637 1758 706 ὑποκείμενα
1799 640 1928 707 φθο-

346 729 441 799 ρᾷ,
478 727 796 797 περιάπτειν
842 725 1112 795 τολμᾶτε;
1178 728 1415 799 Ἀπόκρ.
1447 729 1715 799 Εὐφήμει,
1763 724 1807 784 ὦ
1833 732 1929 783 ἄν-

346 815 557 884 θρωπε,
605 814 928 882 παρακαλῶ.
962 815 1101 886 Ἤδη
1145 820 1424 885 προεῖπον,
1466 821 1631 889 σαρκὶ
1683 819 1925 891 παθητῇ,

346 908 529 970 καθὼς
557 907 647 960 καὶ
673 909 729 958 αἱ
752 906 893 960 θεῖαι
912 907 1127 977 Γραςραῖ¹
1161 910 1292 977 ἡμῖν
1322 910 1739 979 παραδεδώκασι
1754 911 1928 983 [δεδη-

344 994 595 1067 λώκασι],
630 999 930 1069 περιῆφθαι
952 998 1042 1053 τὸν
1063 998 1157 1051 τοῦ
1180 999 1313 1053 Θεοῦ
1335 1000 1527 1068 Λόγον,
1565 1003 1658 1055 καὶ
1688 1004 1927 1072 ἡνῶσθαι

347 1090 506 1144 αὑτὸν
542 1091 702 1159 αὐτῇ,
735 1091 827 1143 καὶ
872 1090 938 1142 δι’
968 1090 1137 1160 αὐτῆς
1184 1092 1463 1161 πεφηνότα
1509 1092 1599 1146 τὸν
1651 1095 1776 1146 Υἱὸν
1830 1096 1924 1148 τοῦ

339 1182 502 1244 Θεοῦ,
549 1181 643 1234 τὸν
670 1182 803 1234 Θεὸν
832 1182 1024 1248 Λόγον,
1062 1184 1178 1252 μετ’
1204 1184 1376 1253 αὐτῆς
1420 1182 1587 1240 ὕπνον
1614 1186 1923 1255 ὑπομεῖναι,

342 1275 440 1329 καὶ
490 1275 678 1337 κόπον,
736 1275 832 1327 κα)⁵
881 1274 1056 1329 πάντα
1104 1274 1171 1327 τὰ
1218 1273 1315 1326 τοῦ
1369 1274 1658 1346 ἀνθρώπου
1687 1316 1701 1339 ,
1756 1277 1925 1347 χωρὶς

339 1367 638 1437 ἁμαρτίας,
673 1367 733 1419 ού
778 1368 843 1437 τῇ
898 1364 1075 1437 φθορᾷ
1117 1366 1477 1435 ὑποκείμενος
1499 1384 1512 1397 ·
1541 1368 1783 1438 ἀμείνων
1815 1370 1927 1441 γὰρ

342 1459 569 1529 φθορᾶς,
600 1460 692 1512 καὶ
723 1458 954 1514 θανάτου
1008 1460 1037 1512 6
1084 1458 1363 1529 ἄφθαρτός
1399 1458 1495 1513 καὶ
1538 1459 1801 1523 ζωοποιὸς
1827 1460 1923 1514 τοῦ

338 1550 477 1604 Θεοῦ
532 1550 732 1619 Λόγος,
772 1549 905 1603 ἀλλά
950 1548 1048 1621 τὴν
1092 1549 1299 1621 φθορὰν
1345 1550 1631 1605 ἀποσοϐῶν
1674 1551 1785 1604 ἀπὸ
1828 1552 1922 1605 τοῦ

338 1642 534 1705 γάνους
582 1642 689 1695 τῶν
734 1640 1055 1714 ἀνθρώπων.
1104 1642 1219 1696 οὐκ
1270 1641 1425 1711 οἶμαι
1469 1642 1723 1715 ἔγκλημα
1769 1662 1924 1716 περι-

338 1732 608 1788 άπτεσθαι
639 1732 869 1802 βασιλεῖ,
886 1733 1093 1793 ,ὁπόταν
1120 1732 1445 1803 βουλόμενος
1475 1732 1648 1787 σῶσαι
1674 1733 1736 1785 τὸ
1768 1733 1918 1799 ἴδιον,

2036 643 2497 713 defatigationem,
2540 653 2780 712 erucem,
2821 642 3044 710 famem,
3086 656 3396 720 eteteraque
3438 657 3623 711 omnia

2033 735 2368 804 corruptioui
2407 736 2650 806 subjecta
2693 736 2935 793 tribucre
2957 738 3212 795 audetis?
3245 738 3399 810 Resp.
3428 743 3628 809 Parce.

2030 838 2236 891 quaeso,
2263 825 2585 880 maledictis.
2633 825 2754 881 Jam
2805 835 2934 881 ante
2983 830 3192 896 monui,
3244 830 3338 886 Dei
3386 832 3622 893 Verbum

2029 927 2194 966 carne
2240 914 2516 982 passibili,
2562 916 2864 971 secundum
2912 915 3320 987 Scripturarum
3372 925 3626 982 traditio-

2030 1020 2183 1070 nem,
2215 1020 2276 1061 se
2311 1006 2582 1073 induisse,
2617 1017 2672 1062 et
2706 1022 2766 1063 se
2804 1008 2879 1063 illi
2918 1010 3102 1065 nuisse
3135 1030 3147 1065 :
3182 1027 3280 1083 per
3307 1013 3480 1083 ipsam
3523 1034 3625 1073 au-

2030 1105 2134 1147 tem
2187 1096 2352 1150 Deum
2400 1096 2631 1151 Verbum
2682 1108 2738 1152 et
2789 1100 2879 1153 Dei
2922 1099 3127 1155 Filium
3175 1107 3514 1174 apparuisse,
3568 1120 3625 1165 et

2028 1201 2148 1239 cum
2199 1188 2310 1256 ipsa
2340 1188 2606 1255 laborem,
2635 1199 2690 1243 et
2731 1205 2981 1245 somnum
3029 1202 3084 1249 et
3131 1196 3369 1252 humana
3412 1200 3617 1270 omnia,

2027 1288 2248 1344 μεωειιο
2299 1290 2507 1333 tantum
2555 1291 2803 1349 excepto,
2860 1286 3188 1341 sustinuisse
3242 1306 3256 1343 :
3313 1305 3419 1346 non
3473 1296 3620 1361 quod

2027 1370 2365 1440 corruptioni
2408 1369 2752 1438 suhjaceret,
2790 1375 3057 1443 siquidem
3102 1376 3523 1450 incorruptibile
3566 1395 3622 1440 et

2027 1458 2295 1514 vivificum
2330 1460 2424 1515 Dei
2451 1459 2689 1517 Verbum
2725 1468 3081 1534 corruptione
3114 1479 3169 1523 et
3206 1471 3427 1528 interitu
3461 1474 3622 1548 longe

2025 1552 2275 1618 superius
2306 1561 2417 1619 est;
2453 1554 2545 1608 sed
2587 1564 2646 1608 ut
2683 1557 2961 1629 interitum
3001 1560 3068 1613 ab
3103 1561 3387 1619 hominum
3421 1580 3623 1635 genere

2025 1642 2389 1697 submoveret.
2426 1642 2535 1705 Nec
2574 1645 2813 1701 arbitror
2846 1650 2958 1718 regi
2998 1650 3130 1705 vitio
3170 1654 3308 1709 verti
3351 1670 3533 1725 posse,
3574 1661 3620 1715 si

2022 1744 2245 1788 servare
2278 1734 2423 1802 quod
2458 1737 2581 1805 ejus
2617 1738 2897 1808 proprium
2934 1751 3021 1797 est
3049 1742 3262 1810 volens,
3297 1748 3484 1805 servili
3521 1750 3621 1805 ha-

336 1824 401 1877 τὸ
442 1822 536 1877 τοῦ
582 1822 769 1878 δούλου
801 1827 987 1897 σχῆμα
1019 1825 1331 1895 ἐνδύσηται.
1365 1827 1476 1878 Καὶ
1510 1826 1626 1890 πῶς
1658 1826 1915 1897 τολμήσει

2026 1823 2138 1875 bitu
2170 1838 2227 1879 sc
2256 1827 2463 1881 induat.
2492 1828 2560 1882 Et
2587 1831 2861 1897 quomodo
2890 1832 3159 1903 quispiam
3191 1839 3399 1907 ei,'qui
3428 1853 3620 1913 suapte

332 1932 421 1977 τις
466 1911 545 1983 τῷ
584 1917 650 1984 τῇ
705 1914 863 1985 φύσει
912 1914 1184 1985 ἐλευθέρῳ
1222 1914 1495 1982 ἐγκαλεῖν,
1528 1917 1609 1968 ὅτι
1640 1914 1830 1984 γέγονε
1856 1916 1915 1969 δι⁴

2030 1925 2223 1970 natura
2252 1918 2389 1974 liber
2408 1929 2513 1985 est,
2540 1922 2757 1977 crimini
2782 1935 3000 1981 vertere
3024 1929 3243 1994 audeat,
3268 1934 3414 2001 quod
3444 1907 3616 1991 nostri

335 2005 489 2073 ἡμᾶς
514 2005 820 2075 ἅνθρωπος,
853 2006 947 2059 καὶ
980 2007 1037 2059 ὲν
1062 2010 1173 2070 τοῖς
1203 2006 1324 2059 καθ’
1352 2008 1499 2076 ἡμᾶς
1524 2008 1917 2076 οἱκονομικῶς;

349 2096 636 2166 Ἀποδέχου
686 2094 777 2148 τοῦ
828 2096 1041 2166 Πατρὸς
1090 2095 1187 2167 τὴν
1230 2096 1663 2167 φιλανθρωπίαν,
1705 2100 1784 2151 ὅτι
1830 2099 1921 2151 τὸν

336 2189 469 2242 ἴδιον
496 2189 624 2241 Υξδν
670 2188 921 2259 δωρεῖται
972 2188 1038 2239 δι’
1072 2190 1252 2257 ἡμᾶς’
1312 2191 1386 2260 μὴ
1439 2189 1808 2260 περιεργάζου
1861 2191 1920 2243 τὸ

334 2279 587 2349 πρᾶγμα,
623 2277 956 2349 παρακαλῶ·
1005 2279 1071 2331 ού
1110 2277 1219 2349 γὰρ
1270 2278 1328 2345 ἐξ
1362 2278 1683 2350 Ἑλληνικῆς
1729 2282 1920 2348 σοφίας

333 2371 397 2422 τὸ
420 2369 737 2439 γνώρισμα’
770 2370 890 2422 οὐδὲ
916 2368 1024 2421 ἀπὸ
1054 2370 1407 2438 φρονήματος
1435 2369 1702 2439 κοσμικοῦ
1720 2386 1732 2397 ·
1765 2370 1919 2424 ἀλλό-

331 2479 487 2531 τριον
514 2462 623 2530 γὰρ
649 2462 944 2531 ἑκατέρων.
977 2480 994 2511 ι
1021 2462 1301 2531 Μακάριος
1322 2456 1390 2525 εἴ,
1416 2481 1433 2512 ι
1463 2462 1629 2531 φησιν
1657 2463 1684 2513 6
1716 2463 1921 2535 Κύριος

331 2555 413 2625 τῷ
439 2555 651 2625 Πέτρῳ,
692 2574 709 2605 ι
740 2554 922 2623 Σιμὼν
942 2554 1057 2623 Bap
1101 2548 1399 2617 Ἰωνᾶ,’ὖτι
1447 2552 1605 2623 σὰρξ,
1640 2554 1736 2608 καὶ
1779 2550 1920 2623 αἷμα

332 2648 435 2699 οὐκ
464 2644 780 2714 ἀπεκάλυψέ
823 2640 923 2707 σοι,
950 2644 1063 2697 ἀλλ’
1089 2646 1117 2697 6
1148 2644 1341 2715 Πατήρ
1373 2662 1494 2713 μου,
1527 2645 1556 2696 6
1586 2647 1642 2698 ὲν
1682 2648 1794 2708 τοῖς
1829 2646 1919 2699 ού-

334 2740 535 2808 ρανοῖς.
555 2725 589 2787 ἰ
635 2736 901 2807 Οὐράνιον
934 2735 995 2788 τὸ
1033 2736 1205 2807 δῶρον
1234 2736 1295 2788 τὸ
1320 2736 1419 2805 τῆς
1447 2735 1598 2799 θείας
1630 2739 1915 2809 ἐπιφοιτή-

332 2842 473 2887 σεως
510 2822 604 2876 τοῦ
644 2823 775 2876 Υἱοῦ
813 2823 907 2877 τοῦ
945 2823 1082 2876 Θεοῦ
1121 2825 1428 2895 γνώρισμα.

416 2916 614 2986 Ἐρὼτ.
657 2915 785 2979 Πῶς
810 2916 838 2967 6
876 2916 985 2968 τῶν
1035 2918 1252 2969 πάντων
1292 2919 1523 2990 ποιητὴς
1552 2919 1684 2982 Θεὸς
1720 2921 1915 2988 Λόγος,

326 3010 359 3063 6
386 3003 763 3080 ἀψηλάφητος,
792 3011 819 3062 ὁ
848 3008 1104 3080 ἀόρατος,
1124 3011 1153 3062 6
1176 3010 1533 3073 ἁναλλοίωτός
1559 3028 1617 3063 τε
1642 3012 1735 3066 καὶ
1757 3030 1915 3083 περι-

327 3102 547 3173 γραφὴν
592 3102 669 3172 μὴ
720 3102 1064 3172 ἀνεχόμενος,
1117 3103 1174 3154 ὲν
1220 3103 1430 3156 εὐτελεῖ
1483 3104 1627 3175 ξύλῳ
1684 3106 1918 3177 σταυρὸν

331 3196 616 3264 ὑπέμεινε,
674 3193 769 3245 καὶ
820 3192 1080 3254 θάνατον;
1152 3194 1391 3261 Ἀπόκρ.
1443 3194 1686 3249 Θάνατόν
1733 3214 1915 3267 φαμεν

330 3282 785 3353 ὑπομεμενηκότα
830 3279 923 3333 τὸν
968 3280 1061 3332 τοῦ
1108 3278 1243 3333 Θεοῦ
1288 3282 1480 3348 Λόγον,
1516 3281 1609 3335 καὶ
1656 3281 1912 3352 σταυρὸν,

328 3375 416 3429 διὰ
448 3374 551 3444 τῆς
579 3373 781 3443 σαρκὸς
804 3372 905 3446 τῇς
941 3372 1097 3435 ἰδίας,
1136 3372 1223 3424 ἴνα
1259 3374 1405 3441 ἡμᾶς
1429 3372 1716 3445 ἀπαλλάξῃ
1748 3373 1913 3427 θανά-

328 3484 445 3529 του,
474 3468 568 3518 καὶ
596 3465 800 3536 φθορᾶς
820 3483 833 3497 ·
866 3466 964 3535 τὴν
997 3463 1135 3517 ἰδίαν
1169 3464 1279 3534 γὰρ
1301 3463 1481 3534 ψυχὴν
1509 3464 1753 3519 τέθεικεν
1776 3466 1915 3535 ὑπὲρ

329 3558 509 3629 ἡμῶν,
536 3559 637 3611 οὐκ
657 3556 942 3627 ἀλλοτρίαν
974 3553 1159 3621 οὖσαν,
1180 3556 1212 3622 ἢ
1242 3556 1399 3624 ξένην
1419 3554 1513 3609 τοῦ
1542 3555 1679 3608 Θεοῦ
1706 3557 1909 3624 Λόγου·

329 3650 637 3721 ἀπόρρητος
667 3650 775 3719 γὰρ
808 3650 841 3718 ἡ
876 3648 1099 3710 ἓνωσιςο
1138 3647 1299 3709 αὐτὸς
1324 3646 1432 3717 γὰρ
1460 3643 1642 3700 εἶπενο
1690 3668 1707 3699 ι
1735 3648 1914 3713 Ἐξού-

330 3742 451 3795 σίαν
498 3744 605 3811 ἔχω
640 3742 735 3811 τὴν
772 3742 949 3811 ψυχήν
988 3758 1088 3810 μου
1134 3740 1327 3805 θεῖναι,
1364 3742 1456 3793 καὶ
1509 3739 1756 3805 ἐξουσίαν
1804 3742 1913 3811 ἔχω

329 3834 493 3886 πάλιν
526 3832 708 3884 λαϐεῖν
742 3833 933 3901 αὑτήν.
970 3852 987 3883 ι
1024 3833 1237 3901 Ταύτης
1269 3832 1399 3884 ἴδιον
1428 3832 1488 3885 τὸ
1516 3832 1828 3903 ἀδημονεῖν,
1853 3834 1913 3885 τὸ

326 3926 504 3995 λύπην
540 3926 826 3993 ὑπομεῖναι
862 3923 1221 3995 [ὑπομένειν],
1246 3923 1307 3977 τὸ
1352 3925 1609 3994 ἐκδημεῖν
1657 3925 1764 3979 ἀπὸ
1817 3925 1911 3978 τοῦ

330 4016 600 4087 σώματος,
629 4016 704 4077 ὠς
734 4015 827 4068 καὶ
859 4016 1060 4080 σαρκὸς
1089 4013 1149 4067 τὺ
1178 4017 1395 4085 κοπιᾷν,
1423 4016 1484 4067 τὸ
1524 4014 1909 4085 σταυροῦσθαι,

325 4108 385 4160 τὸ
417 4105 759 4171 ἀνίστασθαι,
792 4105 853 4158 τὸ
884 4106 1178 4175 μετάρσιον
1216 4106 1509 4175 ὑπομένειν
1556 4106 1736 4158 Οέσιν·
1771 4107 1911 4174 πλὴν

324 4201 461 4255 Θεοῦ
514 4202 580 4255 τὰ
633 4203 810 4255 πάντα
857 4201 1094 4269 λέγεται,
1128 4202 1221 4254 καὶ
1270 4201 1405 4253 εἰσί·
1444 4201 1579 4255 Θεοῦ
1608 4202 1717 4273 γὰρ
1750 4202 1847 4256 καὶ
1878 4203 1910 4272 ἡ

322 4295 503 4368 ψυχή·
542 4293 675 4347 Θεοῦ
717 4298 811 4348 καὶ
850 4294 910 4347 τὸ
950 4294 1131 4363 σῶμα.

405 4474 602 4540 Ἐρώῖκ
646 4473 770 4535 Πῶς
819 4474 845 4524 ὁ
894 4473 1300 4544 παντοδύναμος
1333 4474 1502 4543 Λόγος
1543 4473 1637 4527 τοῦ
1694 4474 1908 4540 Πατρὶς

2027 2020 2191 2061 causa
2235 2009 2396 2065 homo
2438 2011 2555 2065 fieri
2615 2013 3119 2088 dispensatorieque
3162 2021 3215 2075 in
3258 2028 3460 2082 nostris
3495 2043 3620 2083 ver-

2026 2098 2134 2151 sari
2179 2114 2287 2153 non
2333 2102 2624 2157 abnuerit?
2664 2103 2844 2161 Patris
2892 2107 3307 2179 benignitatem,
3352 2117 3442 2185 qui
3492 2117 3621 2187 pro-

2025 2190 2199 2256 prium
2241 2191 2437 2247 Filium
2477 2205 2699 2265 propter
2733 2212 2831 2253 nos
2866 2200 3120 2268 donavit,
3160 2205 3522 2278 amplectere;
3562 2212 3615 2266 in

2025 2281 2197 2350 ipsam
2232 2293 2412 2339 autem
2447 2300 2561 2341 rem
2597 2289 2888 2355 curiosius,
2923 2307 3131 2361 quaeso,
3170 2297 3279 2351 noli
3316 2299 3611 2370 inquirere.

2024 2372 2139 2427 Non
2178 2374 2322 2429 enim
2364 2391 2462 2445 per
2501 2375 2815 2434 Grmcorum
2859 2384 3209 2451 sapientiam,
3252 2397 3343 2442 aut
3390 2393 3574 2446 mund;

2024 2480 2149 2519 num
2186 2481 2402 2522 sensum
2438 2470 2757 2538 percipitur,
2791 2473 2886 2527 sed
2923 2475 2991 2529 ab
3026 2485 3257 2546 utroque
3290 2486 3375 2533 est
3413 2480 3614 2539 aliena.

2028 2574 2045 2607 ι
2066 2557 2263 2614 Beatus
2279 2574 2358 2623 es,
2380 2560 2573 2617 Simon
2588 2562 2881 2629 Bar-Jona,
2902 2584 2920 2617 ι
2941 2567 3120 2635 inquit
3139 2569 3398 2627 Dominus
3428 2572 3611 2639 Petro,

2027 2668 2044 2698 ι
2094 2651 2219 2719 quia
2241 2666 2371 2706 caro
2393 2664 2446 2708 et
2471 2656 2693 2724 sanguis
2720 2672 2827 2711 non
2856 2660 3138 2715 revelavit'
3157 2663 3275 2729 tibi,
3312 2666 3409 2720 sed
3450 2666 3614 2723 Pater

2020 2756 2172 2796 meus
2199 2743 2290 2811 qui
2318 2754 2400 2798 est
2428 2745 2481 2798 in
2510 2746 2665 2801 caelis
2685 2748 2749 2803 ‘°.
2786 2768 2805 2800 ι
2838 2747 2972 2804 Nam
3001 2753 3167 2808 divini
3196 2758 3463 2814 adventus
3490 2761 3612 2817 Filii

2020 2828 2113 2884 Dei
2144 2834 2402 2901 cognitio,
2431 2836 2655 2892 cmleste
2685 2839 2886 2893 donum
2916 2849 3021 2896 est.

2093 2921 2355 2992 Interrog.
2394 2925 2675 2990 Quomodo
2701 2930 3078 2987 universorum
3107 2936 3286 3005 opifex
3317 2939 3457 2997 Deus
3478 2940 3614 3000 Ver-

2020 3014 2171 3080 bum,
2200 3018 2291 3085 qui
2324 3032 2422 3071 nec
2456 3021 2620 3088 tangi,
2652 3038 2751 3075 nec
2785 3024 2956 3089 cerni,
2987 3042 3086 3081 nec
3119 3032 3339 3096 mutari,
3372 3050 3472 3090 nec
3504 3039 3613 3093 cir-

2020 3108 2309 3161 cumscribi
2351 3120 2560 3177 potest,
2598 3113 2649 3165 iu
2688 3114 2779 3168 vili
2822 3114 2969 3186 ligno
3009 3134 3226 3176 crucem
3270 3136 3613 3198 mortemque

2019 3200 2308 3253 sustinuit?
2333 3199 2489 3271 Resp.
2521 3201 2751 3259 Mortem
2786 3216 2841 3260 et
2872 3223 3089 3265 crucem
3125 3212 3218 3267 Dei
3248 3214 3482 3273 Verbum
3517 3237 3613 3291 per

2021 3292 2291 3358 propriam
2320 3308 2541 3347 carnem
2571 3298 2895 3354 sustinuisse
2924 3302 3157 3361 dicimus
3182 3323 3197 3360 :
3224 3311 3485 3366 sustinuit
3514 3329 3613 3368 au-

2021 3391 2126 3435 tem
2170 3384 2311 3447 haec,
2351 3395 2410 3439 ut
2446 3402 2545 3440 nos
2580 3404 2609 3441 a
2650 3401 2822 3445 morte
2856 3401 2912 3447 et
2947 3400 3301 3465 corruptione
3340 3404 3612 3463 immunes

2020 3475 2287 3569 redderet.
2316 3474 2451 3530 Natu
2487 3479 2724 3569 animam
2759 3486 3033 3552 propriam
3072 3487 3159 3544 ille
3193 3506 3289 3559 pro
3325 3495 3481 3553 nobis
3515 3515 3611 3569 po-

2015 3564 2143 3627 suit,
2173 3580 2277 3618 nou
2307 3568 2671 3637 peregrinam,
2699 3582 2795 3625 aut
2823 3587 2853 3626 a
2884 3572 2993 3629 Deo
3016 3574 3193 3633 Verbo
3219 3584 3453 3639 alienam
3482 3564 3613 3644 :vin-

2015 3658 2350 3725 explicabilis
2376 3661 2522 3715 enim
2549 3673 2631 3715 est
2660 3665 2806 3718 uuio.
2836 3665 2954 3733 Ipse
2982 3670 3127 3724 enim
3157 3673 3233 3727 ait
3260 3693 3274 3728 :
3312 3696 3328 3728 ι
3362 3676 3611 3736 Potesta-

2018 3757 2123 3801 tem
2165 3749 2339 3804 habeo
2380 3752 2611 3819 ponendi
2654 3756 2890 3810 animam
2935 3774 3147 3826 meam,
3186 3774 3240 3819 et
3283 3778 3608 3836 potestatem

2017 3837 2187 3891 habeo
2228 3839 2421 3893 iterum
2459 3845 2706 3897 sumendi
2748 3848 2953 3903 eam“.
3000 3868 3019 3900 ι
3062 3850 3212 3908 Illius
3253 3860 3448 3915 anima:
3485 3880 3610 3932 pro-

2015 3931 2189 3998 prium
2242 3935 2471 3999 taedere,
2516 3938 2863 4004 contristari,
2907 3954 2937 3993 e
2981 3942 3150 4016 806
3196 3962 3427 4019 corpore
3472 3931 3611 4012 έιηί-

2014 4036 2197 4088 grare,
2227 4027 2681 4090 quemadmodum
2715 4039 2768 4082 et
2800 4032 2951 4084 carni
2984 4049 3198 4104 quoque
3225 4044 3501 4108 peculiare
3525 4060 3611 4105 εει

2014 4110 2319 4182 defatigari,
2352 4114 2622 4184 crucifigi,
2655 4120 3005 4186 exsuscitari,
3041 4123 3092 4175 in
3131 4126 3301 4180 altum
3336 4133 3606 4190 sublatam

2012 4202 2290 4257 collocari.
2333 4202 2714 4261 Verumtamen
2757 4210 2937 4262 omnia
2985 4211 3099 4267 haec
3139 4227 3194 4269 et
3234 4218 3327 4273 Dei
3365 4232 3511 4292 sunt,
3552 4237 3608 4280 et
3660 4253 3677 4266 ο

2014 4294 2108 4347 Dei
2157 4309 2277 4348 esse
2324 4297 2599 4350 dicuntur.
2650 4299 2747 4353 Dei
2790 4301 2936 4355 enim
2983 4312 3066 4358 est
3118 4308 3334 4377 anima,
3382 4312 3475 4369 Dei
3522 4328 3609 4375 est

2012 4399 2159 4439 caro.

2084 4472 2350 4545 Interrog.
2385 4475 2665 4541 Quomodo
2688 4482 3032 4550 omnipotens
3057 4486 3237 4544 Patris
3255 4489 3494 4551 Verbum
3521 4513 3607 4553 re—

325 4566 620 4617 ἀναστάςει
660 4566 1029 4635 περιεπλὰκη,
1062 4567 1154 4618 καὶ
1178 4566 1351 4636 φθορᾷ
1379 4568 1407 4617 6
1446 4566 1722 4637 ἄφθαρτος
1751 4565 1906 4635 [ἀσα-

2022 4563 2289 4628 sut'rcxit,
2328 4574 2419 4617 aut
2467 4568 2875 4637 incorruptibile
2921 4580 3257 4646 corruptioui
3302 4585 3603 4644 obnoxium

324 4660 535 4728 vatogl;
572 4661 798 4726 ’Λπόκμ
833 4661 1040 4730 Φθορὰν
1072 4661 1169 4729 μὲν
1198 4661 1296 4729 οὐχ
1323 4660 1614 4729 ὑπέμεινεν
1639 4660 1746 4712 οὐδ’
1772 4658 1911 4728 αὐτὴ

322 4754 357 4822 ἡ
391 4751 486 4803 τοῦ
521 4751 651 4803 Θεοῦ
680 4752 852 4818 Λόγου
887 4752 1052 4822 σαρξρ
1090 4752 1259 4814 νόθως
1298 4752 1405 4822 γὰρ
1425 4752 1908 4820 διαλαμϐάνοντες,

322 4841 493 4903 νόθωῖ
517 4842 610 4893 καὶ
641 4843 950 4910 ἐπερωτᾶτε
973 4858 986 4869 ⁸
1026 4844 1494 4913 προανεκεκρᾶιγει
1517 4844 1623 4912 γὰρ
1646 4844 1673 4893 6
1699 4845 1910 4912 προφή-

321 4948 421 5002 της
454 4932 579 5001 περὶ
609 4930 801 4983 αὐτοῦ·
848 4949 865 4981 ι
897 4933 970 4983 Οὐ
1000 4932 1195 4995 δώσεις
1224 4933 1313 4985 τὸν
1336 4933 1481 4985 ὅσιόν
1513 4949 1605 4984 σου
1641 4932 1769 4985 ἰδεῖν
1792 4933 1910 4984 δια-

321 5024 547 5093 φθοράν.
577 5044 595 5075 ι
626 5024 800 5085 Πάθος
831 5023 927 5092 μὲν
954 5025 1242 5093 ὑπέμεινεν
1269 5026 1573 5077 ἐθελούσιον
1604 5027 1631 5076 ὁ
1654 5024 1745 5077 τοῦ
1771 5026 1906 5077 Θεοῦ

331 5117 448 5178 ι’ὶός
469 5132 480 5143 ·
512 5118 537 5168 ὀ
564 5115 756 5186 χωρῶν
787 5118 842 5169 ἐν
874 5116 1052 5185 ἑαυτῴ
1083 5117 1170 5169 τὸν
1204 5118 1488 5187 ἀχώρητον
1518 5116 1736 5185 Πατέρα
1758 5135 1771 5148 σ
1804 5133 1911 5184 χω·

321 5208 585 5279 ρούμενος
616 5210 670 5261 δὲ
705 5208 798 5263 καὶ
830 5209 990 5270 αὐτὸς
1022 5209 1125 5261 ὑπὸ
1147 5210 1240 5261 τοῦ
1276 5211 1517 5280 Πατρός·
1554 5210 1902 5281 χωρούμενος

319 5304 431 5371 γὰρ
476 5302 579 5355 ὑπὸ
626 5302 719 5354 τοῦ
767 5290 1000 5371 Πατρὸς,
1028 5304 1119 5355 καὶ
1144 5300 1217 5354 ὣν
1250 5304 1305 5354 ὲν
1334 5302 1412 5371 τῷ
1447 5303 1631 5372 κόλπῳ
1660 5302 1754 5354 τοῦ
1786 5304 1903 5357 Πα-

318 5394 469 5463 τρὸς,
500 5394 757 5463 ὲχωρεῖτο
789 5394 1043 5463 ἀρρήτως
1077 5394 1169 5445 καὶ
1218 5395 1273 5446 ὲν
1315 5396 1380 5462 τῇ
1433 5392 1539 5463 ἰδίᾳ
1580 5394 1903 5463 σαρκί.’Λν-

320 5481 453 5536 εὸίω
495 5482 551 5535 δὲ
596 5484 911 5553 τριήμερος,
951 5483 1429 5553 λαφυραγωγήσας
1469 5484 1561 5535 τὸν
1609 5482 1775 5553 ᾅδην·
1809 5485 1904 5537 καὶ⁵

322 5576 595 5643 ἑπέφανεν
645 5575 775 5645 ἡμῖν
826 5576 963 5645 μετά
1009 5576 1105 5645 τῆς
1156 5575 1291 5637 ιδίας
1335 5574 1537 5643 σαρκὸς
1570 5576 1597 5626 6
1638 5573 1733 5626 τοῦ
1766 5574 1901 5628 Θεοῦ

323 5663 475 5727 Υἱός·
516 5665 601 5718 ἵνα
634 5666 727 5718 καὶ
780 5669 810 5736 ἡ
822 5667 925 5736 μᾶς
956 5665 1237 5736 ἀπαλλάξῃ
1282 5666 1513 5719 θανάτου
1546 5666 1640 5718 καὶ
1670 5665 1898 5737 φθορᾶς.

2014 4652 2154 4747 fuit?
2196 4652 2351 4721 Resp.
2398 4654 2816 4725 Corruptiouem
2860 4660 3004 4717 haud
3046 4670 3306 4723 sustinuit
3347 4690 3446 4730 nec
3490 4677 3604 4747 ipsa

2009 4746 2225 4815 quidem
2273 4748 2361 4800 Dei
2398 4747 2557 4802 Verbi
2600 4764 2748 4803 caro.
2782 4750 2917 4805 Nam
2958 4756 3085 4823 quia
3128 4776 3320 4827 parum
3362 4746 3605 4837 legitime

2009 4838 2363 4907 distinguitis,
2395 4853 2585 4906 parum
2613 4841 2779 4895 etiam
2809 4842 3047 4914 legitime
3081 4834 3451 4923 interrogatis.
3479 4834 3602 4915 λέπη

2008 4930 2152 4982 enim
2192 4929 2395 4982 dudum
2441 4944 2565 4982 ante
2598 4932 2864 4999 propheta
2908 4936 2978 4990 de
3018 4939 3237 4997 Christo
3278 4952 3603 5013 pronuntia«

2009 5030 2120 5073 rat:
2161 5038 2178 5070 ι
2225 5018 2342 5074 Νοιι
2389 5023 2544 5077 dabis
2574 5020 2835 5078 Sanctum
2882 5038 3031 5083 tuum
3074 5034 3257 5089 videre
3299 5044 3606 5109 corruptio~

2008 5128 2129 5168 nem
2152 5116 2216 5166 ”.
2253 5133 2271 5164 ι
2306 5114 2449 5167 Sane
2482 5119 2789 5183 passionem
2816 5124 3181 5180 voluntariam
3214 5134 3473 5188 sustinuit
3503 5137 3598 5191 ῡυῑ

2012 5202 2201 5269 Filius,
2234 5206 2323 5272 qui
2356 5203 2574 5260 Patrem
2611 5211 2935 5268 immensum
2970 5218 3024 5270 in
3057 5232 3116 5273 se
3149 5225 3419 5290 continet,
3449 5238 3502 5281 et
3534 5232 3601 5284 ab

2004 5299 2119 5365 ipso
2154 5298 2393 5352 vicissim
2434 5299 2596 5356 Patre
2636 5306 2972 5362 continetur.
3009 5308 3145 5365 Nam
3182 5329 3213 5367 a
3256 5315 3418 5373 Patre
3451 5336 3601 5374 com-

2007 5391 2328 5457 prehensus,
2365 5399 2423 5443 et
2456 5391 2508 5444 in
2544 5402 2773 5460 paterno
2808 5399 2929 5452 sinu
2965 5408 3261 5470 exsistens,
3297 5408 3602 5478 inexplica-

2006 5481 2099 5536 bili
2125 5481 2360 5551 quodant
2391 5484 2551 5538 modo
2573 5486 2735 5541 etiam
2764 5492 2981 5559 pr0pria
3004 5509 3167 5551 carne
3191 5500 3593 5556 continebatur.

2005 5573 2148 5628 idem
2180 5571 2275 5628 Dei
2306 5572 2478 5630 Filius
2503 5578 2665 5633 tertia
2693 5580 2781 5635 die
2810 5582 3007 5637 revixit
3038 5584 3230 5644 inferis
3256 5591 3595 5659 despoliatis,

2005 5674 2059 5720 et
2094 5679 2215 5721 cum
2252 5665 2473 5736 propria
2501 5679 2665 5725 carne
2696 5671 2859 5729 nobis
2888 5677 3170 5745 apparuit,
3205 5694 3313 5749 quo
3344 5680 3595 5736 videlicet

395 5843 440 5877 ‘°
478 5795 667 5897 Mallia.
701 5859 807 5906 xw,
844 5844 924 5898 l7.
1006 5842 1045 5875 ’ί
1080 5842 1239 5899 Joau.
1272 5863 1327 5914 ι,
1356 5848 1444 5906 18.
1524 5850 1564 5885 ¹²
1595 5849 1739 5907 Psal.
1765 5866 1856 5920 xv,
1896 5852 1915 5905 l

2040 5854 2162 5911 Act.
2202 5870 2261 5919 ιι,
2291 5852 2382 5909 51.

603 5937 872 6004 Panos.
905 5938 1020 5999 Gn.
1052 5938 1280 6004 LXXV.

3156 5948 3237 6011 45
