4058 6328
328 466 462 522 “'21

1511 454 1596 509 DE
1637 449 2161 507 lNCARNATiONE
2202 450 2460 508 DOMIXL

3486 445 3626 502 “22

322 583 438 636 τῶν
493 584 549 633 ἰν
599 578 811 642 τούτοις
854 575 1236 646 ἀποκειμένων
1286 572 1499 645 μυελῶν
1530 571 1591 623 τὸ
1632 568 1922 639 χρειῶδες,

2043 570 2300 622 ludiarum
2350 568 2669 628 utilitatem,
2703 576 2760 621 et
2792 574 3065 635 quotquot
3112 564 3218 618 alia
3275 563 3327 617 in
3382 563 3631 625 humano,

325 674 424 727 καὶ
468 673 640 725 τᾶλλα
675 672 776 723 ὅσα
811 668 906 722 τοῦ
948 669 1293 740 ἀνθρωπίνου
1340 664 1481 729 ζῶον
1535 662 1596 715 τδ
1645 659 1926 730 ὁρώμενον

326 761 469 833 ἔχει.
508 761 617 813 Καὶ
651 759 788 829 πρὸς
839 758 1082 821 τούτοις,
1134 756 1259 810 νοῦν
1308 754 1507 806 ἔδωκεν
1546 750 1792 821 ἡγεμόνα
1832 748 1928 801 καὶ

328 855 697 924 κυῦερνὴτην,
737 851 927 920 σοφίας
963 848 1291 921 πληρώσας,
1338 846 1532 915 τέχνης
1576 844 1797 910 ἁπάσης
1835 844 1929 893 καὶ

328 948 646 1016 ἐπιστήμης
674 945 987 1015 ἐμπλήσας,
1034 943 1126 995 καὶ
1164 941 1382 1009 λογικὸν
1415 940 1660 1008 ἀπέφηνε
1690 936 1749 989 τὺ
1775 935 1930 1004 πήλι-

330 1058 425 1093 νον
458 1039 708 1109 ἄγαλμα,
743 1038 839 1092 καὶ
869 1037 1079 1089 οἰκείαν
1112 1035 1299 1088 εἰκόνα
1328 1032 1598 1101 πεποίηκε
1621 1030 1713 1081 τὸν
1746 1026 1929 1097 χοῖκδν

332 1132 654 1202 ἀνδριάντα,
697 1131 758 1184 τὸ
797 1129 1025 1201 ἀρχικὸν
1075 1127 1169 1179 καὶ
1211 1124 1678 1196 αὐτοκρατορικὴν
1705 1122 1799 1174 καὶ
1835 1120 1929 1190 δη-

336 1223 661 1295 μιουργικὸν
692 1226 759 1294 τῇ
796 1224 959 1293 νοερᾷ
1008 1219 1153 1290 ψυχῇ
1188 1218 1283 1271 καὶ
1316 1217 1581 1296 ἀθανάτῳ,
1612 1214 1931 1285 δωρησάμε-

332 1332 442 1377 νος.
475 1310 610 1367 Εἶτα
642 1312 868 1383 βασιλέα
908 1310 1144 1380 κτηνῶν,
1179 1309 1275 1361 καὶ
1308 1306 1676 1375 τετραπόδων,
1709 1306 1801 1358 καὶ
1840 1306 1930 1373 ἑρ-

336 1406 537 1469 πετῶν,
574 1403 813 1473 νηκτῶν,
864 1402 958 1455 καὶ
987 1400 1288 1471 ἀμφιϐίων,
1332 1400 1424 1451 καὶ
1452 1398 1561 1450 τῶν
1608 1397 1928 1467 ἀεροπόρων

331 1495 563 1569 ὀρνίθων
607 1492 1007 1563 ἐχειροτόνησε.
1052 1490 1165 1561 Πρὸ
1208 1491 1264 1542 δὲ
1305 1488 1509 1542 τούτων
1560 1488 1749 1557 ῶσπερ
1808 1486 1927 1539 τινᾶ

332 1582 583 1636 παστάδα
647 1581 1013 1653 χαριεστάτην
1082 1579 1287 1633 ἄνωθεν
1346 1579 1608 1643 ἐξέτεινεν
1674 1575 1927 1646 οὐρανὸν,

330 1674 604 1743 λειμῶνας
639 1674 887 1745 ἀστέρων
911 1671 1324 1741 ἑγκαταπήξας,
1358 1669 1548 1741 χρείαν
1580 1686 1641 1721 τε
1673 1668 1809 1739 ὁμοῦ
1836 1670 1930 1722 καὶ

332 1768 525 1837 τέρψιν
557 1767 927 1836 παρέχοντας·
960 1765 1113 1835 ἥλιόν
1139 1780 1199 1816 τε
1235 1764 1479 1834 ἀνίσχειν
1509 1763 1804 1825 κελεύσας,
1836 1761 1929 1815 καὶ

331 1858 577 1919 δύεσθαι,
632 1859 728 1910 καὶ
774 1860 951 1910 ποιεῖν
1009 1856 1227 1926 ἡμέρας
1292 1856 1387 1907 καὶ
1432 1854 1655 1917 νύκτας,
1705 1854 1801 1906 καὶ
1852 1850 1929 1922 τῷ

332 1950 521 2021 δρόμῳ
571 1949 662 2002 τὸν
718 1949 913 2020 χρόνον
981 1952 1231 2022 μετρεῖνν
1291 1950 1522 2019 σελήνην
1573 1947 1783 2015 φθίνειν
1836 1946 1931 1999 καὶ

335 2041 587 2110 πλήθειν,
626 2042 719 2094 καὶ
743 2044 864 2103 ταῖς
895 2044 1126 2103 πυκναῖς
1160 2043 1485 2111 μεταϐολαῖς
1512 2042 1661 2112 ἧδειν
1696 2058 1755 2093 τε
1792 2038 1928 2110 ὁμοῦ

335 2134 432 2186 καὶ
470 2133 758 2203 σημαίνειν
789 2133 991 2187 κύκλον
1020 2134 1111 2186 τὸν
1139 2133 1440 2187 ἐνιαύσιον·
1470 2134 1575 2202 γῆν
1599 2133 1655 2186 δὲ
1684 2134 1932 2185 κάτωθεν

340 2226 696 2296 ὑπεστόρεσε,
732 2226 824 2277 καὶ
852 2225 1099 2278 ποικίλον
1140 2226 1277 2295 αὐτῇ
1314 2225 1519 2293 κὸσμον
1551 2225 1784 2278 δέδωκεν
1806 2267 1817 2289 ,
1852 2226 1933 2287 εἰς

336 2316 475 2388 ἄλση
506 2318 599 2370 καὶ
630 2318 756 2388 ληῖα
790 2318 887 2369 καὶ
920 2317 1195 2387 λειμῶνας
1230 2317 1511 2389 διακρίνας
1534 2331 1547 2344 ⁸
1594 2316 1696 2387 ὅρη
1729 2316 1932 2387 κιρτώ-

340 2425 439 2470 σας
464 2412 541 2470 είς
572 2408 705 2477 nec;
726 2450 741 2471 ,
792 2410 889 2461 καὶ
918 2410 1095 2472 νάπας
1130 2410 1405 2471 κοιλάνας,
1435 2410 1530 2462 καὶ
1564 2410 1729 2479 πεδία
1768 2407 1935 2461 ὕπτια

341 2499 437 2551 καὶ
470 2498 689 2551 ίσὸπεδα
719 2499 923 2563 δείξας,
969 2500 1064 2552 καὶ
1096 2500 1279 2570 πηγάς
1321 2500 1640 2564 ἀναδλύξειν
1688 2504 1742 2552 ὲν
1783 2500 1935 2570 μέσῳ

338 2590 636 2653 κελεύσας,
701 2592 796 2643 καὶ
858 2592 1142 2661 ποταμοὺς
1210 2591 1425 2661 τρέχειν
1486 2592 1769 2650 ἀπαυστα.
1841 2594 1935 2644 καὶ

336 2680 503 2736 τᾶλλα
532 2681 631 2733 ὅσα
663 2680 765 2749 γῆν
792 2678 1125 2743 καλλωπίζει
1151 2679 1247 2732 καὶ
1273 2679 1564 2734 θάλατταν.

338 2880 416 2935 Γ.
457 2880 562 2933 Διὰ
602 2879 659 2931 τί
704 2878 810 2931 τιῖν
841 2878 1163 2948 ἄνθρωπον
1201 2884 1703 2949 προσφηθιῇεευσεν
1738 2880 1932 2947 Ἀδάμ.

411 2994 568 3046 Οὕτω
594 2994 1010 3064 δημιουργήσας
1038 2994 1127 3045 τὸν
1155 2994 1374 3063 πρῶτον
1398 2993 1707 3064 ἄνθρωπον,
1741 2995 1836 3046 καὶ
1870 2995 1935 3064 τῇ

340 3084 513 3137 εἰκόνι
546 3086 788 3153 τιμήσας
823 3084 919 3137 καὶ
948 3083 1028 3153 τῷ
1060 3083 1254 3151 πλήθει
1295 3086 1405 3137 τῶν
1437 3084 1658 3156 δωρεῶν
1698 3084 1944 3138 ἀποκλύ-

343 3192 465 3238 σας,
508 3176 722 3246 τίθησιν
749 3176 900 3247 αὐτῷ
938 3176 999 3229 τὸ
1027 3178 1127 3247 τῆς
1155 3176 1371 3244 φύσεως
1406 3176 1606 3248 ὄνομα·
1628 3177 1798 3245 ’Λδάμ
1829 3178 1936 3247 γάρ

2033 660 2253 713 animali
2302 659 2487 714 videre.
2515 668 2621 711 est.
2661 657 2725 711 Et
2769 664 2971 725 praeter
3017 654 3157 723 inec,
3209 664 3447 711 mentem
3479 654 3627 710 dedit

2033 752 2225 804 ducem
2271 760 2327 804 et
2360 751 2828 816 guliernatriccm,
2860 746 3129 818 sapientia
3166 748 3457 812 imbutam,
3491 747 3627 801 artis

2031 843 2209 893 omnis
2260 841 2614 910 scientizeque
2650 856 2949 909 capacem;
2982 848 3037 895 et
3084 839 3407 893 rationalem
3464 840 3623 892 exhi—

2033 929 2148 982 buit
2175 929 2377 983 luteam
2412 937 2669 989 statuam.
2700 943 2865 1000 atque
2887 930 2955 983 ad
2988 929 3279 999 imaginem
3312 942 3469 982 suam
3496 942 3629 982 con-

2034 1019 2287 1073 formavit
2317 1020 2629 1088 pulvereum
2654 1021 3031 1086 simulacrum,
3083 1020 3464 1089 imperativam
3490 1020 3625 1085 vim,

2034 1115 2265 1168 liberum
2298 1113 2608 1178 arbitrium,
2643 1123 2699 1169 et
2731 1113 2951 1182 quidvis
2980 1114 3292 1170 fabricandi
3330 1114 3627 1183 potentiam

2036 1206 2388 1260 intellectuali
2424 1206 2832 1275 immortalique
2866 1208 3065 1260 anima:
3097 1209 3430 1261 concedens.
3459 1203 3628 1260 Dein-

2033 1300 2099 1353 de
2128 1298 2405 1353 hominem
2441 1298 2769 1359 belluarum,
2803 1308 2857 1351 et
2886 1298 3324 1368 quadrupedum,
3360 1313 3424 1353 ac
3457 1297 3628 1367 repti-

2035 1389 2231 1453 tilinm,
2261 1388 2607 1458 aquatilium,
2640 1399 2695 1443 et
2750 1389 3177 1457 amphihiorum,
3227 1399 3282 1444 ct
3324 1390 3626 1443 voiatilium

2034 1488 2211 1539 avium
2245 1502 2429 1555 regem
2460 1487 2770 1542 constituit.
2801 1487 2942 1540 Ante
2976 1485 3093 1541 hare
3126 1497 3329 1552 autem,
3355 1486 3627 1555 quoddam

2037 1579 2201 1631 veluti
2230 1577 2692 1649 jucundissimum
2730 1577 3043 1632 cubiculum
3098 1579 3334 1645 desuper
3380 1577 3628 1631 extendit

2034 1668 2253 1731 cmlnni,
2292 1668 2531 1720 siderum
2582 1668 2932 1722 ammuitates
2989 1668 3259 1727 inserens,
3309 1682 3429 1736 quae
3467 1681 3625 1720 usum

2034 1758 2194 1813 simul
2244 1754 2772 1828 delectationemque
2830 1761 3075 1829 praebent
3120 1759 3328 1813 :solem
3366 1759 3497 1813 oriri
3537 1758 3629 1828 ju-

2036 1858 2168 1910 bens
2191 1864 2245 1909 et
2275 1857 2622 1921 occmubere,
2655 1855 2883 1924 diesque
2911 1863 2965 1908 et
3009 1867 3198 1910 noctes
3232 1855 3468 1918 efficere,
3501 1870 3629 1910 cur-

2040 1963 2211 2015 suque
2241 1964 2339 2002 suo
2371 1959 2614 2018 tempora
2656 1948 2839 2002 metiri
2870 1964 2883 2013 ;
2917 1947 3101 2001 lunam
3129 1947 3297 2001 minui
3332 1956 3386 2001 et
3418 1948 3626 2018 augeri.

2038 2043 2261 2110 suisque
2295 2038 2673 2110 frequentibus
2716 2040 3150 2094 revolutionilnts
3177 2039 3453 2094 delt-ctare
3480 2041 3629 2107 pari-

2040 2141 2140 2194 ter,
2171 2140 2224 2183 et
2269 2146 2509 2184 annuum
2542 2131 2808 2185 circulum
2861 2130 3193 2196 significare.
3222 2128 3341 2183 Jam
3379 2131 3627 2185 tellurem

2038 2226 2125 2278 hic
2154 2224 2383 2279 inferius
2415 2226 2736 2287 substravit,
2782 2224 2941 2292 eique
2979 2226 3189 2278 varium
3229 2236 3483 2278 ornatum
3530 2224 3631 2278 de-

2038 2315 2137 2377 dit,
2176 2314 2349 2377 silvis,
2378 2317 2543 2376 arvis,
2578 2317 2863 2385 pratisque
2905 2317 3245 2385 distinguens
3269 2356 3283 2378 ,
3332 2326 3546 2371 montes
3577 2318 3630 2371 iu

2038 2404 2405 2459 sublimitates
2440 2421 2700 2469 curvans,
2732 2406 2906 2461 valles
2932 2422 3230 2473 excavatis,
3264 2422 3489 2478 campos
3536 2424 3633 2463 su-

2039 2501 2198 2568 pinos
2228 2500 2635 2569 aequabilesque
2666 2502 2982 2568 ostendens,
3022 2500 3309 2572 fontesque
3352 2503 3419 2555 de
3461 2501 3635 2567 medi-

2042 2593 2195 2644 tullio
2244 2595 2514 2646 sentnrire
2551 2593 2774 2660 jnbens,
2828 2604 2883 2647 et
2928 2591 3149 2647 flumina
3180 2593 3496 2663 perenniter
3520 2594 3634 2649 dis-

2037 2700 2283 2745 currere,
2319 2694 2483 2753 atque
2513 2686 2617 2738 alia
2664 2685 2852 2739 omnia
2912 2694 3182 2756 quotquot
3215 2694 3418 2739 terram
3456 2700 3633 2741 mare-

2040 2790 2144 2843 que
2176 2788 2465 2831 exornant.

2219 2890 2309 2943 Ill.
2344 2889 2455 2945 Cur
2485 2892 2750 2946 hominem
2787 2892 3130 2961 appellaverit
3161 2893 3455 2946 Adamum.

2116 3004 2251 3059 Cum
2283 3004 2361 3057 sic
2391 3005 2625 3073 primum
2671 3005 2945 3059 hominem
2999 3006 3355 3070 condidisset,
3399 3012 3457 3059 et
3500 3004 3638 3059 ima-

2042 3096 2189 3165 ginis
2246 3110 2359 3149 sna:
2434 3096 2641 3148 honore
2703 3097 2983 3161 auxisset,
3051 3098 3428 3162 donorumqne
3481 3095 3636 3165 copia

2042 3189 2340 3248 obruisset,
2382 3200 2576 3239 nomen
2626 3185 2674 3239 ei
2705 3196 2911 3239 naturae
2948 3187 3118 3254 ipsius
3150 3188 3429 3255 premium
3467 3186 3640 3255 impo-

341 3269 509 3322 αὐτὸν
538 3270 1022 3339 προσηγόρευσεν·
1070 3268 1227 3322 τοῦτο
1268 3271 1327 3322 δὲ
1372 3270 1465 3322 τὸν
1510 3270 1639 3339 χοῦν
1687 3270 1837 3338 δηλοῖ
1873 3273 1936 3341 τῇ

2045 3283 2149 3334 snit
2182 3298 2195 3347 ;
2224 3280 2424 3334 etenim
2452 3279 2720 3332 Adamum
2754 3280 3109 3348 nuncupavit,
3136 3281 3279 3347 quod
3311 3278 3636 3332 vocabulum

356 3360 624 3430 Ἐϐραίων
656 3363 830 3430 φωνῇ.
856 3362 972 3413 Μία
1003 3361 1057 3413 δὲ
1084 3362 1176 3414 καὶ
1203 3361 1344 3431 αὕτη
1376 3362 1505 3431 περὶ
1536 3362 1626 3414 τὸν
1653 3362 1941 3432 ἄνθρωπον

345 3452 666 3521 κηδεμονία.
728 3452 947 3521 Ἐπειδὴ
996 3452 1105 3523 γάρ
1159 3453 1350 3521 ἔμελλε
1398 3454 1674 3516 τοσούτοις
1716 3455 1943 3521 ἀγαθοῖς

344 3543 727 3613 ὲντρυφήσειν,
769 3544 862 3595 καὶ
912 3545 1181 3597 τοσούτων
1226 3546 1410 3615 ἄρχων
1458 3546 1804 3616 ἀνηγορεύθη
1848 3550 1944 3599 καὶ

349 3633 622 3705 βασιλεὺς,
656 3637 743 3687 ἵνα
780 3638 855 3705 μὴ
890 3636 970 3705 τῷ
998 3637 1195 3705 πλήθει
1224 3638 1331 3689 τῶν
1367 3639 1585 3707 δωρεῶν
1614 3640 1941 3711 ὑπερμαζή-

347 3743 470 3791 σας,
528 3729 625 3781 καὶ
672 3730 751 3799 τῷ
803 3729 929 3798 ὕψει
972 3730 1073 3799 τῆς
1120 3732 1416 3799 ἡγεμονίας
1460 3731 1724 3802 ἐπαρθεὶς
1771 3751 1943 3786 κατα-

348 3818 621 3887 σκιρτήσῃ
648 3818 740 3870 τοῦ
777 3818 1085 3883 κτίσαντος,
1136 3822 1228 3872 καὶ
1266 3821 1532 3891 μεγίστην
1578 3824 1641 3874 ἐκ
1694 3824 1793 3891 τῆς
1847 3840 1942 3874 τυ-

349 3902 595 3972 ραννίδος
658 3906 1032 3974 άπενέγκηται
1095 3908 1342 3977 βλάϐην,
1393 3910 1534 3963 κατά
1590 3912 1678 3963 τὸν
1726 3912 1942 3983 πρῶτον

346 3996 663 4066 ἀποστάτην
695 3998 900 4050 ἐκεῖνον
930 4000 1020 4052 τὸν
1050 4000 1126 4064 ὡς
1168 4002 1457 4073 ἀστραπὴν
1490 4006 1553 4057 ἐκ
1585 4007 1677 4057 τοῦ
1708 4006 1942 4076 ούρανοῦ

346 4084 585 4139 πεσόντα
614 4086 683 4137 δι’
706 4087 1052 4151 ἀλαζονείαν,
1088 4092 1402 4159 ἀναγκαίως
1425 4098 1450 4147 ὁ
1482 4096 1644 4164 σοφὸς
1671 4098 1782 4149 τῶν
1806 4098 1943 4151 ὅλων

352 4176 615 4248 πρύτανις
646 4180 872 4232 κωλύων
900 4182 1066 4234 αὐτοῦ
1107 4185 1198 4235 τὸν
1246 4186 1407 4253 ὄγκον
1437 4187 1529 4239 τοῦ
1570 4192 1941 4261 φρονήματος,

360 4267 533 4339 Ἀδὰμ
569 4272 1037 4342 προσηγόρευσεν,
1089 4276 1174 4327 ἵνα
1212 4279 1275 4329 ὲκ
1306 4279 1404 4347 τῆς
1448 4284 1823 4353 προσηγορίας
1859 4286 1945 4336 ὲν-

348 4360 488 4411 νοῶν
515 4360 614 4431 τὴν
653 4364 1005 4430 συγγένειαν.
1034 4368 1129 4419 καὶ
1171 4368 1270 4431 τὰς
1299 4371 1556 4442 ἀφορμάς
1587 4374 1684 4443 τῆς
1725 4377 1943 4443 φύσεως

348 4450 722 4520 λογιζόμενος.
754 4456 847 4506 καὶ
876 4455 967 4507 τὸν
1012 4460 1276 4528 πρόγονον
1306 4464 1434 4531 χοῦν
1466 4464 1571 4533 πρὸ
1604 4465 1711 4517 τῶν
1740 4468 1946 4535 ὀφθαλ-

353 4542 472 4611 μῶν
499 4542 795 4613 θεώμενος,
822 4547 1016 4599 ἑαυτὸν
1051 4550 1149 4619 μὲν
1180 4553 1444 4624 γνωρίζῃ,
1471 4560 1753 4629 προσκυνῇ
1774 4559 1829 4611 δὲ
1854 4560 1944 4613 τὸν

348 4635 621 4705 τοσαύτην
692 4636 1026 4709 εὐπρέπειαν
1087 4642 1237 4713 αὐτῷ
1294 4647 1388 4697 καὶ
1454 4650 1940 4719 μεγαλοπρέπειαν

348 4723 775 4794 δωρησάμενον’
842 4726 983 4798 αὕτη
1055 4730 1245 4801 πρώτη
1310 4735 1440 4804 περὶ
1497 4736 1588 4787 τὸν
1648 4738 1939 4808 ἄνθρωπον

350 4814 567 4885 ἰδείχθη
600 4817 694 4868 τοῦ
729 4819 968 4888 Ποιητοῦ
1014 4822 1149 4890 μετὰ
1174 4826 1272 4893 τὴν
1298 4824 1657 4896 δημιουργίαν
1688 4830 1938 4899 πρόνοια’

350 4908 525 4968 οὕτως
555 4907 612 4973 ἐξ
650 4912 824 4980 ἀρχῆς
851 4910 937 4964 οἷά
969 4931 1053 4975 τις
1088 4916 1269 4985 πατὴρ
1320 4918 1415 4969 καὶ
1447 4920 1630 4989 ἰατρὸς
1663 4922 1758 4974 καὶ
1790 4922 1941 4975 διδά-

350 4999 573 5064 σκαλος,
624 5004 849 5071 κοσμῶν
896 5006 1031 5075 ὀμοῦ
1083 5009 1175 5060 καὶ
1228 5011 1493 5077 ἰατρεύων
1544 5014 1636 5065 καὶ
1675 5014 1945 5070 διδάσκων

352 5088 517 5141 αὑτὸν
543 5091 642 5160 τὴν
672 5094 899 5165 ἀρετὴν,
934 5098 1254 5153 διετέλεσεν.

352 5225 429 5277 Δ⁹.
455 5225 557 5278 Διὰ
580 5227 636 5278 τί
663 5229 776 5299 τὴν
806 5232 1062 5301 γυναῖκα
1094 5235 1162 5287 ἐκ
1188 5235 1293 5303 τῆς
1330 5239 1598 5306 πλειιριὶς
1627 5240 1940 5313 ἐδημιούρ-

1073 5323 1241 5375 γησε.

427 5408 615 5473 Οὕτως
649 5414 811 5466 αὑτὸν
851 5417 1155 5483 διαπλάσας
1182 5461 1195 5484 ,
1244 5422 1417 5486 οὕτως
1462 5427 1937 5497 προσαγορεύσας,

356 5499 551 5569 βοηθὸν
586 5503 735 5573 αὐτῷ
782 5508 878 5558 καὶ
926 5512 1189 5581 συνεργὸν
1238 5515 1332 5566 καὶ
1376 5515 1470 5567 τοῦ
1508 5516 1626 5586 βίου
1685 5520 1943 5573 κοινωνὸν

353 5596 700 5690 παραχρῆμα
741 5597 1207 5690 εδ-ημιούργησεν·
1261 5608 1362 5660 οὐκ
1405 5609 1469 5661 ἐκ
1521 5609 1688 5681 μόνης
1732 5612 1788 5665 δὲ
1844 5612 1944 5681 τῆς

355 5681 499 5751 γῆς,
540 5681 615 5745 ὡς
667 5685 755 5737 ἐπ’
796 5687 1030 5753 ἐκείνου,
1081 5692 1344 5763 λαμϐάνει
1389 5697 1489 5761 τὰς
1533 5699 1791 5769 ἀφορμὰς
1842 5703 1941 5771 τῆς

374 5902 403 5925 ο
429 5881 445 5913 ⁸
486 5880 593 5939 lsa.
622 5898 736 5946 xiv,
774 5884 857 5939 t2.

2046 3376 2097 3427 iu
2156 3373 2508 3427 chrmorum
2568 3373 2745 3441 lingua
2797 3372 3075 3441 pulverem
3132 3372 3426 3441 significat.
3463 3373 3641 3439 Atque

2045 3469 2160 3521 lucc
2188 3467 2352 3519 etiam
2402 3480 2529 3535 erga
2575 3465 2853 3519 hominem
2894 3463 3235 3532 providentia
3266 3463 3488 3533 807m
3519 3461 3637 3516 fuit.

2046 3555 2181 3609 Nam
2217 3554 2342 3621 quia
2389 3553 2558 3607 tantis
2586 3552 2744 3606 bonis
2775 3552 3043 3605 fruiturus
3076 3562 3216 3613 erat,
3258 3560 3449 3620 totque
3484 3566 3641 3617 crea-

2047 3656 2294 3701 turarum
2329 3646 2588 3714 princeps
2616 3645 2950 3699 constitutus
2981 3653 3102 3699 erat
3134 3654 3188 3698 et
3214 3659 3331 3706 rex,
3364 3658 3429 3698 ne
3469 3647 3643 3697 done-

2048 3754 2166 3791 rum
2195 3736 2548 3792 multitudine
2580 3736 2870 3791 lasciviens
2910 3748 2963 3789 et
3013 3738 3356 3805 principatus
3400 3738 3639 3791 excelsi-

2049 3840 2157 3883 tate
2213 3830 2389 3883 elatus
2459 3830 2724 3883 adversus
2779 3826 3098 3883 Creatorem
3154 3830 3406 3899 petulans
3462 3830 3640 3889 fieret.

2048 3925 2455 3991 maximumque
2488 3936 2555 3975 ex
2589 3922 2691 3975 hac
2723 3922 2889 3976 veluti
2929 3923 3216 3991 tyrannide
3248 3922 3640 3977 detrimentum

2046 4026 2289 4084 caperet,
2327 4030 2479 4069 more
2528 4016 2671 4068 illius
2706 4014 2868 4082 primi
2919 4024 3208 4082 apostatae,
3255 4014 3346 4084 qui
3382 4024 3642 4083 tanquam

2048 4106 2226 4174 fulgur
2268 4107 2539 4173 superbiae
2584 4121 2695 4160 sure
2742 4121 2907 4160 causa
2956 4105 3097 4160 coelo
3128 4106 3331 4160 excidit
3365 4107 3405 4169 ί,
3449 4120 3646 4162 neces-

2048 4200 2195 4251 sario
2250 4200 2473 4267 sapiens
2535 4213 2718 4251 rerum
2774 4199 3019 4251 omnium
3071 4208 3315 4261 curator,
3371 4207 3641 4253 tumorem

2049 4291 2219 4358 ipsius
2249 4290 2448 4343 mentis
2480 4292 2869 4360 comprimens,
2904 4291 3175 4344 Adamnm
3230 4291 3549 4360 appellavit,
3582 4303 3642 4344 ut

2047 4398 2113 4437 cx
2143 4383 2363 4436 nomine
2395 4382 2765 4436 conditionem
2817 4397 2972 4436 suam
3013 4392 3296 4451 reputans,
3336 4395 3388 4437 et
3430 4394 3644 4439 naturae

2049 4473 2347 4542 primordia
2383 4472 2769 4537 considerans,
2814 4483 3215 4543 parentemque
3265 4489 3424 4527 suum
3458 4474 3645 4544 pulve~

2052 4580 2167 4618 rem
2217 4580 2327 4632 pra:
2375 4562 2548 4618 Oculis
2583 4564 2813 4627 habens,
2856 4577 2914 4617 se
2965 4564 3141 4633 ipsum
3174 4566 3394 4633 quidem
3443 4580 3647 4635 cogno-

2052 4666 2250 4718 sceret,
2278 4655 2537 4709 adoraret
2564 4664 2744 4708 autem
2770 4654 2943 4721 illum,
2966 4655 3056 4724 qni
3083 4666 3290 4708 tantmn
3316 4658 3364 4710 ei
3390 4656 3644 4713 decorem

2051 4764 2115 4803 ac
2146 4749 2549 4817 spcciositatem
2579 4748 2823 4802 donavit.
2863 4747 3041 4801 Prima
3072 4748 3187 4803 haec
3207 4763 3337 4819 erga
3365 4751 3643 4807 hominem

2052 4838 2303 4894 Factoris
2330 4848 2452 4909 post
2486 4839 2823 4893 creationem
2854 4839 3200 4908 providentia
3235 4843 3470 4897 exstitit.
3505 4844 3578 4898 Ita
3601 4847 3648 4898 is

2047 4934 2159 5003 jam
2190 4935 2313 4987 inde
2340 4933 2411 4987 ab
2444 4933 2622 4994 initio,
2650 4948 2750 4987 ceu
2786 4942 2939 5001 pater
2972 4934 3193 5002 quidam
3226 4945 3279 4989 et
3314 4938 3558 4993 medicus
3590 4951 3647 4993 et

2049 5024 2328 5093 magister,
2360 5039 2571 5077 ornans
2604 5025 2765 5080 simul
2795 5035 2852 5079 et
2898 5040 3100 5080 sanans
3135 5028 3511 5098 virtutemque
3550 5029 3649 5083 do-

2048 5131 2198 5182 cens,
2225 5131 2282 5169 se
2314 5117 2501 5186 gessit.

2155 5254 2241 5307 IV.
2282 5252 2391 5306 Cur
2440 5257 2713 5309 mulierem
2744 5272 2810 5310 ea:
2851 5257 2949 5311 viri
2983 5258 3148 5312 latere
3191 5259 3526 5329 formaverit.

2135 5434 2429 5505 Postquam
2486 5454 2611 5494 eum
2663 5440 2736 5493 ita
2791 5439 3129 5495 formaverat
3185 5452 3349 5510 atque
3398 5441 3633 5511 appella.

2050 5535 2226 5589 verat,
2284 5528 2609 5583 auxiliarem
2643 5531 2819 5584 eidem
2851 5542 2906 5584 et
2948 5531 3378 5599 cooperatricem
3411 5532 3646 5599 vitaeque

2051 5617 2291 5671 sodalem
2330 5617 2478 5673 illico
2508 5617 2822 5677 fabricavit.
2869 5620 3025 5676 Haud
3068 5630 3249 5675 tamen
3289 5636 3359 5676 ex
3397 5621 3511 5675 sola
3539 5631 3643 5673 ter-

2051 5721 2130 5769 ra,
2169 5709 2311 5766 sicut
2334 5710 2389 5764 in
2424 5711 2539 5781 ipso
2570 5711 2798 5779 fecerat,
2849 5714 3132 5771 materiam
3164 5714 3447 5785 plasmatis
3494 5729 3643 5769 sum-
