4058 6328
463 462 600 518 1425

1448 451 1504 504 S.
1543 447 1816 504 CYBILIJ
1849 381 2683 499 ALEXANDRINI'ARCHIEP.

3571 423 3708 481 “26

466 584 604 649 psit;
636 578 728 634 sed
762 589 919 630 unam
951 589 1015 628 ex
1042 572 1141 627 viri
1166 570 1334 627 costis
1350 569 1591 640 capiens,
1613 576 1773 635 atque
1804 565 1904 618 hac
1929 577 2026 617 ceu

2150 558 2490 618 ῑιαπλὰσεως,
2519 553 2654 608 ἀλλὰ
2689 550 2817 622 μίαν
2846 549 2954 601 τῶν
2986 546 3234 618 πλευρῶν
3265 542 3470 596 ἐκείνου
3503 540 3701 603 λαϐὼν,

467 673 578 727 basi
603 679 656 726 et
684 671 1034 724 fundamento
1063 674 1242 730 utens,
1274 662 1563 718 femineam
1605 668 1852 713 naturam
1879 670 2030 711 com-

2150 649 2226 702 ιαὶ
2251 647 2421 718 ταύτῃ
2453 645 2704 714 καθάπερ
2729 643 2835 696 τιν“ι⁵
2867 639 3088 710 κρηπῖδι
3119 638 3214 692 καὶ
3239 633 3478 706 θεμελίῳ
3502 633 3706 704 χρησα-

466 763 682 831 posuit:
722 760 865 814 haud
916 771 1050 812 sane
1085 755 1329 810 materia:
1373 751 1624 822 penuria,
1663 749 1775 805 sola
1803 747 1945 802 enim
1979 743 2028 798 ei

467 850 720 904 voluntas
761 848 827 902 ad
862 845 1104 916 cujusvis
1131 845 1209 898 rei
1239 842 1568 898 creationem
1602 833 2032 900 sulliciebat,sed

465 940 590 1008 quia
651 935 957 992 concordia:
1017 932 1286 988 vinculum
1345 938 1554 983 natura:
1597 925 1782 979 indere
1836 923 2026 977 voluit.

466 1031 690 1085 Hortum
730 1041 945 1096 quoque
983 1023 1252 1086 conserit,
1278 1033 1511 1088 eumque
1554 1015 1748 1085 plantis
1786 1014 2029 1082 omnige-

467 1123 551 1176 nis
582 1121 885 1181 exornavit,
934 1117 1093 1185 idque
1126 1110 1500 1169 habitaculum
1557 1107 1759 1162 homini
1807 1118 2032 1159 conces-

467 1216 562 1278 sit,
593 1213 838 1284 premens
872 1209 946 1263 illi
976 1205 1197 1261 virtutis
1230 1200 1573 1262 exercitium,
1606 1197 1746 1251 haud
1787 1194 2030 1250 laborio-

467 1322 585 1362 sum
614 1318 788 1372 neque
821 1299 975 1354 multi
1002 1295 1220 1354 sudoris
1245 1299 1574 1363 praeceptum
1609 1289 1912 1359 imponens,
1938 1285 2032 1341 sed

469 1397 708 1452 modesto
737 1402 882 1448 certe
910 1387 1185 1460 perfacile.

811 1504 870 1558 ν.
908 1503 1018 1558 Cur
1049 1503 1097 1556 ei
1138 1501 1300 1572 legem
1332 1499 1690 1554 constituerit.

535 1625 668 1679 Nam
699 1637 822 1679 cum
855 1619 1107 1676 omnibus
1141 1617 1285 1672 horti
1334 1615 1533 1684 plantis
1579 1611 1724 1666 vesci
1766 1626 1888 1666 eum
1925 1609 2038 1675 jus-

466 1717 653 1777 sisset,
695 1713 853 1766 unius
878 1719 1093 1781 gustum
1130 1705 1335 1770 vetuit;
1370 1717 1544 1773 neque
1571 1702 1623 1757 id
1654 1702 1830 1772 ipsum
1860 1710 2034 1753 teme-

469 1823 528 1863 re
555 1806 700 1869 fecit,
719 1803 813 1859 sed
832 1810 888 1855 ut
916 1801 1076 1855 homo
1097 1797 1338 1868 εοεαε.
1377 1803 1652 1848 auctorem
1681 1806 1837 1846 suum
1870 1803 2038 1859 agno-

2137 755 2315 808 μενος,
2345 737 2444 808 τὴν
2473 734 2788 805 γυναικείαν
2833 731 2996 801 φύσιν
3039 733 3188 782 ποιεῖ
3212 745 3224 758 ·
3257 728 3357 798 οὐχ
3403 726 3534 796 ὕλης
3571 726 3707 776 ἀπο-

2138 828 2246 900 ρίᾳσ
2278 829 2412 898 μόνη
2446 827 2559 895 γὰρ
2583 823 2729 894 αὐτῷ
2761 822 2925 893 βουλὴ
2959 819 3093 891 πρὸς
3136 819 3233 889 τὴν
3278 817 3416 898 ὅλων
3448 815 3710 885 δημιουρ-

2134 922 2257 988 γίαν
2291 920 2524 989 ἤρκεσεν
2550 934 2563 946 ·
2589 916 2704 970 ἀλλ’
2735 917 2791 967 ἐν
2821 917 2888 984 τῇ
2932 912 3092 981 φύσει
3123 910 3221 980 τῆς
3266 907 3513 978 ὁμονοίας
3550 903 3708 969 θελή-

2138 1027 2236 1073 σας
2266 1008 2498 1061 ἐνθεῖναι
2524 1008 2614 1060 τὸν
2645 1005 2962 1076 σύνδεσμον.
2981 1002 3206 1058 Φυτεύει
3231 1000 3325 1054 καὶ
3359 996 3708 1068 παράδεισον,

2136 1101 2230 1152 καὶ
2259 1100 2444 1167 φυτοῖς
2466 1095 2631 1149 αὐτὸν
2675 1095 3017 1163 κατακοσμεῖ
3042 1089 3340 1154 παντοίοις,
3385 1087 3482 1140 καὶ
3526 1085 3712 1139 τοῦτον

2137 1190 2458 1259 ἐνδιαίτημα
2489 1189 2568 1260 τῷ
2594 1185 2870 1258 ἀνθρώπῳ
2918 1183 3222 1256 χαρίζεται,
3269 1176 3518 1241 δεδωκὼς
3563 1175 3713 1246 αύτῷ

2137 1279 2438 1350 γυμνάσιον
2466 1278 2668 1350 ἀρετῆς
2697 1317 2712 1341 ,
2739 1275 2960 1344 ἐντολὴν
2989 1274 3092 1326 οὐκ
3142 1272 3420 1332 ἐπίπονον,
3463 1266 3583 1321 οὐδὲ
3619 1266 3714 1334 γέ-

2139 1387 2347 1442 μουσαν
2380 1369 2625 1442 ίδρῶτος,
2655 1368 2795 1425 ἀλλὰ
2823 1368 2966 1440 μάλα
3001 1363 3369 1437 σωφρονοῦντι
3395 1362 3604 1434 ῥᾳδίαν.

2403 1482 2479 1538 Ε’.
2518 1481 2624 1538 Διὰ
2658 1481 2928 1551 τίνόμον
2963 1475 3124 1544 αὐτῷ
3155 1477 3441 1531 τέθεικεν.

2211 1596 2435 1650 Πάντων
2465 1594 2574 1667 γὰρ
2601 1593 2709 1648 τῶν
2736 1591 2920 1662 φυτῶν
2955 1590 3050 1644 τοῦ
3079 1588 3410 1662 παραδείσου
3452 1584 3716 1650 κελεύσας

2141 1687 2468 1752 ἀπολαύειν,
2520 1687 2638 1751 ἐνὸς
2680 1685 3029 1757 ἀπηγόρευσε
3087 1685 3186 1754 τὴν
3232 1680 3566 1752 μετάληψιν·
3617 1677 3719 1749 οὐχ

2142 1781 2328 1844 ἁπλῶς
2354 1780 2474 1834 οὐδὲ
2511 1778 2671 1833 τοῦτο
2712 1775 3053 1847 πεποιηκὼς,
3089 1773 3206 1828 ἀλλ’
3234 1772 3322 1827 ἵνα
3364 1770 3456 1824 τὸν
3485 1786 3718 1839 πεποιηο

467 1907 666 1962 sceret,
698 1906 860 1964 atque
902 1893 1076 1947 instar
1101 1889 1216 1959 jugi
1249 1885 1529 1956 cujusdam
1561 1883 1729 1954 legerit
1761 1881 2038 1936 Creatoris

2150 1870 2274 1925 κότα
2305 1869 2580 1943 γνωρίζῃ,
2612 1869 2707 1923 καὶ
2730 1867 2920 1937 ὥσπερ
2953 1864 3075 1918 τινὰ
3107 1863 3270 1934 ζυγδν
3297 1864 3398 1936 ἔχῃ
3431 1861 3522 1914 τὸν
3554 1860 3720 1930 νόμον

469 1991 732 2052 haberet;
767 1997 932 2054 utque
959 1982 1127 2037 sciret
1167 1995 1225 2034 se
1260 1977 1476 2048 quidem
1507 1976 1561 2030 in
1597 1986 1741 2030 terra
1777 1988 2034 2041 regnare,

470 2083 563 2136 sed
598 2090 778 2134 tamen
814 2076 852 2130 F
858 2085 1095 2130 actorem
1126 2086 1285 2126 suum
1319 2067 1556 2124 vicissim
1607 2065 1708 2122 sibi
1745 2064 2036 2130 dominari,

472 2184 707 2242 pricesse
744 2177 799 2223 et
821 2165 1037 2232 subjici,
1075 2165 1345 2232 imperare
1377 2168 1433 2214 et
1460 2159 1737 2228 imperari,
1768 2159 1966 2212 ducere
1987 2166 2042 2210 et

473 2261 730 2317 duci.Sed
755 2269 809 2313 et
833 2255 1074 2326 alioquin
1109 2265 1354 2322 congrua
1379 2259 1465 2305 est
1489 2249 1845 2304 rationalibus
1879 2246 2042 2316 legis.

473 2356 598 2410 latio
653 2372 667 2409 :
698 2360 782 2408 est
815 2350 962 2405 enim
997 2349 1284 2403 brutorum
1323 2345 1602 2414 proprium
1637 2340 1755 2396 sine
1801 2339 1919 2408 lege
1961 2338 2044 2393 vi-

470 2460 616 2498 vere.
668 2441 980 2496 Mandatum
1036 2447 1220 2492 autem
1269 2437 1413 2489 circa
1459 2447 1639 2488 escam
1685 2429 1918 2485 Creator
1964 2429 2041 2483 illi

472 2533 750 2604 imposuit,
776 2529 902 2600 quia
936 2529 1074 2584 alius
1100 2526 1340 2595 cujusvis
1378 2524 1515 2594 legis
1546 2533 1677 2576 tunc
1725 2521 1916 2576 luisset
1957 2520 2042 2574 in-

474 2627 622 2680 utilis
645 2624 791 2678 latio.
847 2622 986 2689 Quid
1028 2620 1170 2675 enim
1199 2620 1247 2672 ei
1285 2618 1566 2671 velandum
1617 2623 1732 2669 erat
1757 2615 1780 2668 ?
1806 2612 1942 2667 Nutu
1975 2629 2043 2668 ne

472 2714 973 2783 occideret?Atqui
1023 2725 1183 2766 nemo
1212 2718 1351 2774 erat,
1391 2710 1441 2763 in
1474 2724 1634 2778 quem
1671 2708 1844 2762 caedes
1883 2706 2045 2760 cade-

475 2819 575 2865 ret.
610 2807 746 2862 Num
778 2820 844 2861 ne
881 2803 1294 2861 moecharetur?
1325 2801 1487 2872 Atqui
1542 2817 1608 2854 ne
1649 2799 1693 2856 si
1725 2799 1883 2853 vellet
1917 2798 2042 2868 qui-

474 2903 593 2955 dem
625 2899 677 2953 id
705 2905 937 2969 poterat,
965 2910 1086 2949 cum
1115 2893 1217 2948 alia
1248 2892 1445 2948 femina
1474 2907 1580 2946 non
1611 2901 1778 2946 esset.
1811 2889 1947 2944 Num
1979 2904 2046 2944 ne

471 2988 790 3048 luraretur?
839 2988 912 3041 At
953 2985 1108 3056 cujus
1157 2984 1340 3041 bona?
1389 2982 1597 3038 Cuncta
1650 2981 1794 3036 enim
1847 2982 1898 3035 in
1931 2981 2048 3050 ejus

478 3091 746 3152 potestate
791 3088 965 3135 erant.
1005 3077 1137 3131 Erat
1177 3077 1344 3146 igitur
1379 3074 1469 3129 ille
1525 3071 1758 3126 mundus
1814 3069 2044 3140 tempori

478 3187 576 3227 suo
611 3170 963 3233 conveniens,
1013 3179 1190 3236 neque
1243 3165 1615 3219 tantummodo
1663 3161 1767 3216 illis
1805 3160 1898 3230 qui
1939 3161 2045 3215 duo

2143 1963 2238 2017 τοῦ
2260 1963 2786 2034 δημιουργήσαντος,
2830 1962 2916 2015 ἶνα
2945 1957 3189 2028 γινώσκῃ
3215 1955 3291 2019 ὡς
3322 1951 3590 2025 βασιλεύει
3619 1949 3722 2020 μὲν

2143 2055 2253 2109 τῶν
2285 2058 2341 2108 ἐν
2369 2057 2435 2125 τῇ
2469 2057 2562 2125 γῇ,
2604 2053 2950 2124 βασιλεύεται
2983 2051 3038 2104 δέ
3072 2049 3176 2102 ὑπὸ
3208 2046 3534 2107 πλάσαντος,
3559 2043 3718 2117 ἄρχει

2143 2147 2239 2199 καὶ
2263 2145 2509 2216 ἄρχεται,
2559 2141 2810 2208 δεσπόζει
2844 2143 2940 2196 καὶ
2992 2138 3336 2202 δεσπόζεται,
3367 2137 3586 2206 ἡγεῖται
3623 2131 3722 2186 καὶ

2144 2232 2357 2302 ἄγεται.
2394 2231 2605 2296 ’Ἄλλως
2645 2231 2704 2285 δὲ
2737 2231 2836 2286 καὶ
2878 2230 3186 2302 πρόσφορος
3220 2229 3253 2298 ἡ
3282 2223 3572 2296 νομοθεσία
3605 2226 3720 2287 τοῖς

2143 2326 2413 2392 λογικοῖς·
2450 2324 2660 2392 ἀλόγων
2704 2324 2815 2394 γὰρ
2864 2322 2994 2376 ίδιον
3026 2321 3089 2374 τὸ
3139 2319 3322 2390 νόμων
3359 2319 3529 2390 χωρὶς
3572 2315 3721 2372 πολι-

2143 2414 2416 2468 τεύεσθαιο
2442 2413 2535 2469 τὸν
2565 2415 2622 2470 δὲ
2652 2415 2781 2486 περὶ
2815 2412 3071 2485 βρώσεως
3095 2413 3259 2483 νόμον
3295 2409 3540 2463 τέθεικεν
3571 2407 3722 2479 αὐτῷ

2144 2507 2172 2558 6
2203 2504 2458 2576 Ποιητὴς,
2493 2504 2682 2576 ἐπειδὴ
2705 2505 2813 2558 τῶν
2839 2503 3016 2558 ἄλλων
3040 2504 3220 2573 νόμων
3256 2503 3290 2573 ἡ
3315 2501 3468 2563 θέσις
3492 2500 3724 2569 περιττὴ

2145 2597 2443 2668 τηνικαῦτα
2471 2592 2557 2668 ἦν.
2594 2597 2659 2649 Τί
2687 2596 2796 2668 γὰρ
2819 2594 2967 2666 αύτῷ
2992 2594 3087 2648 καὶ⁵
3110 2591 3484 2664 ἀπαγορεύειν
3512 2590 3681 2661 ἐχρῆν
3706 2608 3720 2655 ;

2146 2688 2238 2759 Μὴ
2261 2688 2552 2759 φονεῦσαι;
2583 2688 2720 2742 Ἀλλ’
2743 2689 2843 2742 οὐκ
2870 2683 2937 2760 ἦν
2964 2690 2991 2741 6
3021 2686 3180 2740 τοῦτο
3207 2685 3547 2756 πεισόμενος.
3567 2681 3727 2736 Ἀλλὰ

2152 2783 2227 2854 μὴ
2264 2782 2580 2854 μοιχεῦσαι;
2617 2782 2758 2836 Ἀλλ’
2785 2781 2907 2835 οὐδὲ
2935 2781 3218 2852 βουληθεὶς
3248 2775 3356 2844 οἷός
3390 2797 3455 2833 τε
3482 2775 3550 2850 ἦν
3576 2821 3591 2844 ,
3625 2795 3727 2847 γυ.

2150 2874 2333 2935 ναικὸς
2377 2873 2544 2944 ἄλλης
2585 2875 2686 2928 ούκ
2713 2872 2902 2944 ούσης.
2948 2871 3111 2926 Ἀλλὰ
3160 2871 3236 2943 μὴ
3270 2870 3498 2940 κλέψαι;
3533 2870 3614 2924 Τὰ
3642 2855 3744 2923 τί-’

2149 2983 2265 3034 νος;
2332 2965 2504 3019 Αὐτοῦ
2555 2964 2663 3036 γὰρ
2722 2961 2790 3037 ἦν
2837 2965 3074 3018 ἅπαντα.
3123 2964 3410 3036 Ἀρμόδιος
3461 2961 3642 3019 τοίνυν
3701 2963 3728 3014 6

2150 3058 2352 3127 κόσμος
2378 3060 2586 3121 ἐκεῖνος
2619 3052 2688 3128 ἦν
2717 3057 2795 3127 τῷ
2821 3058 2942 3110 τότε
2977 3055 3174 3126 καιρῷ,
3209 3057 3302 3108 καὶ
3328 3055 3389 3108 ού
3427 3054 3587 3123 μόνον
3615 3057 3728 3118 τοῖς

2151 3149 2336 3218 μόνοις
2372 3145 2552 3213 οὖσιν,
2601 3148 2737 3202 ἀλλὰ
2785 3150 2880 3201 καὶ
2931 3147 3162 3210 παιδίοις
3209 3145 3552 3216 ἁρτιγενέσιν
3591 3163 3726 3216 συμ·

478 3262 576 3318 soli
608 3269 786 3327 erant,
819 3273 1010 3314 verum
1041 3257 1203 3314 etiam
1258 3255 1442 3325 pueris
1477 3262 1722 3309 recenter
1752 3253 1894 3307 natis
1925 3252 2046 3307 ido-
2073 3242 2116 3301 C
2151 3239 2371 3294 θαίνων-

479 3372 631 3412 neus.

934 3441 1019 3496 VI.
1051 3438 1126 3495 De
1159 3438 1355 3492 Adami
1385 3437 1592 3491 exsilio.

553 3561 660 3616 Sed
699 3567 991 3629 postquam
1041 3553 1242 3610 invidia
1273 3544 1505 3617 diaboli,
1545 3558 1601 3604 et
1647 3549 1889 3603 mulieris
1920 3548 2051 3601 sitn-

481 3654 726 3723 plicitate
768 3664 1013 3705 errorem
1068 3643 1341 3702 commisit
1388 3642 1643 3712 (namque
1683 3641 1825 3695 hanc
1865 3647 2051 3707 utpote

479 3744 795 3800 debiliorem
837 3740 1051 3803 fallens,
1087 3738 1262 3807 primo
1303 3749 1400 3801 per
1441 3734 1637 3802 ipsam,
1679 3745 1778 3785 ceu
1823 3743 2048 3799 persua-

482 3836 655 3891 dendo
691 3833 978 3902 aptiorem,
1003 3831 1271 3884 Adamutn
1301 3834 1498 3881 nostra:
1527 3824 1717 3879 salutis
1747 3822 1919 3876 hosns
1939 3822 2062 3876 cir~

481 3925 796 3997 cumvenit),
821 3923 1008 3993 pulsus
1055 3921 1199 3974 illico
1234 3918 1483 3987 paradiso
1514 3915 1721 3979 [υμνοι
1751 3914 1816 3966 ad
1856 3928 2054 3967 conna-

487 4017 714 4073 turalem
750 4028 902 4068 suam
954 4020 1154 4066 terram
1183 4009 1440 4062 dimissus
1476 4015 1578 4069 est,
1615 4003 1824 4069 sudori,
1853 4002 2048 4065 labori,

483 4118 845 4173 :erumnmqne
875 4103 1106 4165 deditus,
1141 4115 1205 4154 ac
1234 4098 1397 4152 veluti
1429 4098 1580 4150 freno
1624 4096 1875 4164 quodam,
1909 4093 2053 4160 agri-

482 4200 711 4254 cultura:
770 4195 975 4260 labore,
1016 4191 1352 4255 aliorumque
1382 4188 1505 4242 vita:
1540 4186 1800 4240 malorum
1829 4200 2052 4254 perpes-

483 4293 633 4360 sione
667 4285 1015 4341 constrictus.
1048 4280 1186 4348 Quia
1217 4279 1362 4334 enim
1396 4277 1544 4331 illam
1597 4275 1778 4329 labore
1810 4276 1955 4329 omni
1987 4290 2052 4328 ac

485 4379 669 4434 dolore
697 4378 923 4430 liberam
955 4375 1119 4427 vitam
1153 4387 1256 4425 non
1283 4385 1405 4424 cum
1439 4377 1594 4437 grato
1622 4369 1804 4421 animo
1830 4366 2046 4428 tulerat,

483 4470 791 4523 calamitate
829 4464 1088 4532 deinceps
1137 4460 1426 4530 implicitus
1459 4459 1576 4524 fuit,
1614 4469 1668 4510 ut
1708 4468 2048 4512 contractum

486 4561 844 4630 prosperitate
895 4557 1142 4610 morbum
1180 4594 1193 4615 ,
1243 4551 1518 4605 laboribus
1555 4549 1866 4618 depelleret.
1910 4546 2046 4600 Tum

484 4654 648 4707 etiam
693 4659 865 4704 morte
904 4647 1113 4715 peccati
1161 4659 1375 4697 cursum
1431 4641 1707 4710 lcgislator
1741 4640 2051 4707 interrupit,

484 4753 537 4793 et
568 4753 781 4808 paenam
816 4738 984 4805 ipsam
1015 4735 1189 4788 instar
1210 4732 1507 4786 clementiae
1536 4731 1731 4783 intulit.
1755 4731 1888 4784 Cum
1909 4730 2052 4782 enim

490 4823 906 4893 transgressioni
953 4830 1180 4874 mortem
1230 4819 1559 4872 decrevisset
1617 4819 1920 4887 legislator,
1966 4818 2052 4870 fa-

489 4928 606 4968 (‘lllS
636 4928 762 4967 vero
813 4923 1186 4980 transgressor
1232 4911 1393 4962 homo
1439 4910 1493 4962 in
1545 4923 1662 4962 eam
1710 4924 1925 4977 poenam
1975 4911 2056 4962 in-

489 5008 768 5068 currisset,
818 5020 1035 5072 operam
1084 5003 1170 5056 ille
1226 5002 1370 5055 dedit
1415 5010 1474 5053 ut
1524 5016 1680 5068 paena
1729 5003 1778 5053 in
1826 5002 2053 5056 salutem

489 5104 755 5163 vergeret.
790 5092 1035 5160 Namque
1067 5091 1168 5144 hoc
1212 5088 1411 5142 animal
1449 5104 1593 5142 mors
1641 5089 1908 5153 dissolvit,
1943 5105 2056 5144 ma-

490 5187 616 5238 litiae
649 5185 916 5238 actionem
951 5183 1113 5246 sistit,
1140 5180 1416 5234 laboribus
1445 5181 1738 5242 subtrahit,
1768 5182 2054 5235 sudoribus

495 5276 709 5337 liberat,
747 5274 1024 5325 doloribus
1070 5272 1325 5338 curisque
1388 5272 1570 5337 eripit,
1625 5271 1783 5324 linem
1814 5273 2054 5341 corporis

490 5365 730 5435 809m.
759 5363 983 5431 imponit
1025 5363 1384 5431 passionibus.
1426 5363 1596 5416 Tanta
1643 5364 1895 5416 nimirum
1949 5364 2056 5418 cle-

493 5462 690 5510 mentia
727 5472 940 5525 pinnam
973 5456 1289 5523 temperavit
1317 5453 1517 5523 judex!

498 5651 604 5708 νιι.
639 5653 807 5717 Quam
852 5653 1048 5720 ingrati
1091 5653 1323 5703 homines
1355 5651 1574 5718 [κει-ὄντι,
1608 5663 1655 5706 εί
1690 5670 1845 5722 quam
1877 5658 2054 5722 provi-

968 5731 997 5775 εί
1009 5740 1065 5775 us
1109 5723 1266 5785 Deus,
1297 5733 1563 5776 narratur.

565 5833 670 5890 Sed
714 5835 844 5888 nihil
882 5836 1002 5890 inde
1046 5849 1213 5900 genus
1243 5835 1519 5888 hominum
1563 5835 1832 5903 ingratum
1872 5853 2051 5902 perce-

2407 3425 2498 3489 (Τ.
2537 3422 2675 3490 Περὶ
2709 3422 2818 3492 τῆς
2852 3422 3090 3491 ἑξορίας
3123 3422 3231 3476 τοῦ
3271 3422 3464 3491 Ἀδάμ.

2241 3534 2458 3606 Ἐπειδὴ
2482 3535 2535 3588 δὲ
2562 3534 2739 3603 φθόνῳ
2766 3535 3008 3588 διαϐόλου
3029 3575 3041 3596 ,
3087 3535 3179 3588 καὶ
3213 3536 3474 3603 γυναικὸς
3506 3531 3726 3609 εὐκολία

2158 3627 2256 3700 τὴν
2296 3628 2512 3696 ἀπάτην
2561 3626 2779 3690 ἐδέξατο
2825 3626 3049 3695 (ταύτην
3095 3627 3203 3697 γὰρ
3251 3627 3328 3690 ὡς
3376 3627 3732 3698 ἀπαλωτέραν

2158 3719 2478 3788 φενακίσας,
2510 3720 2776 3790 πρότερον
2804 3719 2872 3771 δι’
2900 3721 3089 3789 αὐτῆς,
3118 3721 3194 3782 ὡς
3219 3721 3618 3791 πιθανωτέρας,
3643 3722 3732 3775 τὸν

2172 3809 2340 3878 Ἀδὰμ
2366 3812 2393 3861 ὁ
2417 3810 2514 3876 τῆς
2557 3809 2832 3879 ἡμετέρας
2860 3809 3076 3876 φύσεως
3119 3811 3373 3881 ἀλάστωρ
3407 3811 3728 3883 ἐπολιόρκη-

2161 3898 2296 3961 σεν),
2323 3897 2583 3968 ἐξεϐλήθη
2641 3898 2739 3968 μὲν
2772 3897 2932 3961 εὐθὺς
2962 3899 3058 3951 τοῦ
3091 3901 3445 3971 παραδείσου,
3473 3901 3569 3955 καὶ
3596 3903 3734 3974 πρὸς

2157 3989 2254 4059 τὴν
2287 3989 2526 4058 συγγενῆ
2554 3989 2658 4058 γῆν
2687 3988 3054 4060 παρεπέμφθη
3078 4029 3090 4051 ,
3122 3991 3308 4060 ἱδρῶτι
3344 3993 3439 4045 καὶ
3470 3993 3619 4064 πόνῳ
3640 3998 3734 4048 καὶ

2157 4080 2502 4150 ταλαιπωρίᾳ
2541 4079 2981 4150 συγκληρωθεὶς,
3018 4083 3111 4137 καὶ
3135 4076 3247 4137 οἷόν
3282 4101 3388 4136 τινι
3426 4084 3627 4158 χαλινῷ
3663 4091 3730 4157 τῇ

2160 4171 2394 4243 γηπονίᾳ
2439 4171 2535 4233 ,καὶ
2566 4173 2908 4245 κακοπαθείᾳ
2954 4175 3047 4227 καὶ
3088 4177 3209 4239 ταῖς
3252 4177 3442 4240 ἄλλαις
3483 4178 3577 4231 τοῦ
3615 4180 3734 4250 βίου

2160 4264 2443 4333 πονηρίαις
2485 4263 2828 4333 παραδοθείς.
2864 4264 2949 4328 Ὠς
2979 4266 3086 4335 γὰρ
3133 4266 3232 4336 τὴν
3275 4267 3474 4322 ἄπονον
3516 4270 3734 4342 ἐκείνην

2159 4356 2252 4407 καὶ
2279 4355 2483 4408 ἄλυπον
2510 4355 2609 4408 οὐκ
2631 4354 2867 4422 ἐνεγκὼν
2897 4359 3258 4428 εὐγνωμόνως
3306 4358 3471 4431 ζωὴν,
3516 4365 3582 4432 τῇ
3615 4364 3734 4417 δνσ-

2156 4446 2365 4517 ημερία
2390 4445 2768 4514 συζεύγνυται,
2798 4449 2882 4500 ἵνα
2915 4449 3013 4521 τὴν
3040 4451 3146 4503 ἀπὸ
3170 4453 3268 4521 τῆς
3311 4453 3609 4524 εὐημερίας
3639 4474 3735 4523 φε-

2161 4539 2392 4609 ρομένην
2423 4538 2574 4591 νόσον
2628 4538 2714 4592 διὰ
2745 4539 2853 4592 τῶν
2881 4541 3056 4594 πόνων
3091 4543 3559 4614 ἁποακευὰσηται.
3602 4550 3730 4601 Δια-

2159 4632 2346 4682 κόπτει
2392 4629 2448 4681 δὲ
2492 4631 2588 4684 καὶ
2633 4631 2847 4702 θανάτῳ
2894 4633 2983 4686 τὸν
3033 4633 3231 4703 δρόμον
3262 4636 3360 4705 τῆς
3390 4639 3666 4707 ἁμαρτίας
3705 4644 3733 4693 6

2154 4720 2448 4789 νομοθέτης
2473 4761 2486 4786 ,
2542 4722 2634 4774 καὶ
2676 4723 2846 4792 αὐτὴν
2892 4723 3129 4778 δείκνυσι
3162 4725 3261 4797 τὴν
3303 4729 3576 4798 τιμωρίαν
3611 4734 3732 4799 φιλ-

2154 4812 2493 4882 ανθρωπίαν.
2552 4814 2769 4884 Ἐπειδὴ
2803 4817 2909 4885 γὰρ
2954 4819 3019 4886 τῇ
3064 4820 3375 4889 παραὸἀσει
3425 4821 3730 4892 νομοθετῶν

2156 4903 2441 4968 σννέξευξε
2483 4904 2732 4968 θάνατον,
2778 4906 3034 4976 παραϐὰς
3082 4909 3138 4962 δέ
3169 4912 3273 4962 ὑπὸ
3315 4913 3415 4980 τὴν
3465 4916 3729 4985 τιμωρίαν

2155 4995 2370 5065 ἐκείνην
2413 4996 2649 5064 ἐγένετο,
2709 4999 2982 5068 οἰκονομεῖ
3024 4999 3120 5069 τὴν
3153 5002 3427 5071 τιμωρίαν
3457 5006 3735 5076 σωτηρίαν

2154 5088 2428 5156 γενέσθαι.
2463 5089 2676 5141 Διαλύει
2703 5092 2810 5160 γὰρ
2843 5089 2999 5142 τοῦτο
3030 5092 3088 5142 τὸ
3118 5091 3260 5155 ζῶον
3285 5095 3314 5144 6
3353 5094 3602 5158 θάνατος,
3637 5098 3732 5150 καὶ

2155 5176 2319 5228 παύει
2354 5177 2452 5246 μὲν
2481 5176 2580 5246 τὴν
2615 5177 2715 5247 τῆς
2756 5179 3020 5249 πονηρίας
3049 5181 3352 5249 ἐνέργειαν,
3397 5183 3728 5238 ἀπαλλάττει

2154 5267 2209 5320 δέ
2242 5269 2440 5331 πόνων,
2476 5269 2570 5321 καὶ
2599 5269 2835 5338 ἱδρώτων
2860 5270 3155 5339 ἐλευθεροῖ,
3193 5270 3366 5335 λύπας
3390 5275 3482 5326 καὶ
3513 5277 3728 5345 φροντί-

2155 5361 2250 5422 δας
2285 5359 2520 5422 ἐλαύνει,
2566 5359 2718 5422 τέλος
2746 5365 2856 5424 τοῖς
2891 5363 2984 5415 τοῦ
3016 5363 3268 5433 σώματος
3299 5365 3480 5418 δίδωσι
3511 5367 3725 5424 πάθεσι,

2157 5450 2408 5520 Τοσαύτη
2466 5450 2845 5522 φιλανθρωπίᾳ
2906 5453 3324 5526 τὴνντιμωρίαν
3376 5460 3640 5527 ἐκέρασεν
3703 5463 3732 5512 6

2157 5543 2351 5610 κριτής
2375 5545 2387 5594 !

2157 5656 2227 5707 Ζ’.
2267 5656 2689 5738 Διήγησις]ἧς
2718 5660 2837 5738 {dif
2865 5661 3189 5738 ιὶιςθρὼςτων
3223 5664 3598 5738 ἀχαριστίας,
3631 5668 3728 5719 καί

2507 5731 2616 5796 τῆς
2647 5732 2752 5784 τοῦ
2793 5731 2940 5785 Θεοῦ
2975 5733 3350 5800 κηδεμονίας.

2243 5839 2381 5892 Ἀλλ’
2421 5841 2570 5896 οὐδὲν
2599 5847 2843 5899 ἐντεῦθεν
2873 5848 2931 5900 τὸ
2977 5848 3267 5919 ἀχάριστον
3304 5851 3454 5916 γένος
3491 5852 3600 5903 τῶν
3637 5853 3727 5905 ἀνι
