4058 6328
385 424 525 484 ΗΞδ

1564 428 1652 485 DE
1672 424 2215 487 'INCARNATIONE
2254 424 2512 485 DOHINL

3531 427 3668 483 ηεε

382 541 622 615 θρὼπων
658 538 915 596 ἀπώνατο
935 554 949 570 ⁸
983 540 1197 611 μείζοσι
1226 541 1283 596 δὶ
1312 542 1735 614 ἀγνωμοσύναις
1760 545 1853 601 τὸν
1883 546 1967 599 e6-

2079 542 2160 613 pit
2185 544 2475 602 utilitatis:
2508 544 2617 601 imo
2638 552 2697 601 et
2723 546 3008 619 peioribus
3035 544 3323 601 maleficiis
3362 545 3669 601 benefacto-

382 635 616 705 ιργέτην
646 632 940 703 ἠμείψατο.
989 632 1169 697 Εὐθὺς
1198 633 1309 706 γὰρ
1351 634 1740 705 ἀδελφοκτονία
1766 637 1972 707 τολμᾶ-

381 742 518 789 ται,
570 726 665 779 καὶ
713 723 946 793 φθόνος,
995 724 1092 778 καὶ
1137 724 1368 795 ψεῦδος,
1424 727 1713 782 ἀκολασίαι
1761 746 1821 782 τε
1881 730 1975 783 καὶ

380 818 704 887 ἀσέλγειαι,
770 816 1014 883 ἀδικίαι,
1084 818 1180 871 καὶ
1246 818 1668 890 ἀλληλοφονίαι,
1719 823 1816 876 καὶ
1864 822 1973 876 τῶν

381 909 680 981 ἀλλοτρίων
719 910 995 982 ἁρπαγαὶ,
1045 912 1140 964 καὶ
1184 910 1353 966 τάλλα
1407 912 1510 966 ὅσα
1561 913 1899 985 ἐϐλάστησεν
1939 917 1972 986 ἡ

382 1000 627 1072 ἁμαρτία
658 1000 825 1056 κακά.
869 1000 1011 1056 Ἀλλ’
1044 1002 1163 1056 οὐδὲ
1194 1001 1368 1066 οὕτως
1422 1002 1450 1054 6
1490 1003 1727 1075 Ποιητὴς
1766 1006 1832 1078 ἥν
1867 1005 1976 1059 διέ-

382 1091 593 1145 πλασεν
623 1091 1007 1163 ἀπηγόρευσεν
1040 1093 1200 1163 φύσιν
1222 1111 1234 1124 ·
1266 1095 1443 1163 σοφῶς
1471 1096 1529 1150 δὲ
1555 1097 1688 1150 αὐτὸ
1728 1098 1823 1151 καὶ
1865 1098 1973 1152 δια-

379 1181 565 1252 φόρως
605 1182 879 1247 ἐτέλεσεν,
913 1183 1204 1255 ἰατρεύων,
1240 1184 1531 1257 ἐπιτιμῶν,
1564 1184 1836 1255 ἐγκαλῶν,
1864 1189 1973 1242 είσ-

378 1271 686 1345 ηγούμενος
723 1274 784 1327 τὸ
834 1274 975 1341 δέον,
1014 1275 1423 1346 συμϐουλεύων,
1459 1277 1716 1344 ἀπειλῶν,
1750 1278 1972 1348 ἐπάγων

378 1364 481 1435 τὴν
509 1366 761 1437 ἀπειλὴν,
792 1365 1039 1431 κολάζων
1058 1368 1186 1431 τοὺς
1213 1370 1509 1440 πονηροὺς,
1538 1371 1821 1441 στεφανῶν
1845 1374 1974 1436 τοὺς

378 1456 622 1525 ἀγαθοὺς
645 1498 660 1518 ,
704 1456 799 1512 ml.
829 1456 920 1512 τὸν
953 1458 1053 1529 μὲν
1096 1459 1490 1532 ἀνακηρύττων
1517 1502 1530 1527 ,
1566 1464 1659 1516 τὸν
1707 1462 1764 1516 δὲ
1807 1480 1969 1533 μετα-

379 1548 553 1613 τιθεὶς
576 1588 591 1613 ,
623 1547 715 1602 τὸν
743 1548 801 1601 δὲ
836 1548 985 1619 ξύλῳ
1019 1550 1161 1620 μετά
1185 1550 1280 1604 τοῦ
1310 1551 1501 1621 γένους
1531 1552 1834 1621 διασώξων,
1878 1556 1971 1607 καὶ

381 1638 658 1709 σπινθῆρα
694 1641 762 1710 τῇ
812 1638 972 1708 φύσει
1015 1640 1310 1714 διατηρῶν,
1344 1642 1650 1708 ἐπικλύζων
1706 1642 1802 1714 τὴν
1840 1645 1969 1713 γῆν,

378 1729 709 1801 διαφθείρων
743 1729 896 1784 ὕδατι
928 1732 1056 1795 τοὺς
1083 1732 1323 1803 ἐργάτας
1349 1736 1449 1805 τῆς
1476 1735 1763 1806 πονηρίας,
1789 1736 1970 1801 αῦξων

377 1814 537 1884 αὖθις
563 1821 625 1874 τὸ
654 1819 994 1893 ἀνθρώπινον
1021 1822 1209 1891 γένος,
1247 1828 1503 1897 μερικαῖς
1530 1828 1831 1898 τιμωρίαις
1855 1846 1970 1881 κοι⁴

2077 648 2191 688 rem
2224 643 2610 693 remuneratus
2636 646 2740 694 est.
2793 639 2991 694 Statim
3030 639 3176 694 enim
3213 637 3473 694 fraternae
3507 639 3669 694 cadis

2078 724 2311 793 facinus,
2355 729 2580 796 invidia,
2616 731 2987 799 mendacium,
3023 733 3475 802 intemperantia,
3515 732 3669 787 luxu-

2077 816 2193 883 rias,
2221 818 2457 886 injuriae,
2490 829 2691 876 mutuae
2721 823 3049 889 occisiones,
3091 823 3282 879 aliena:
3318 823 3394 879 rei
3438 824 3668 892 rapiam,

2075 917 2130 986 et
2164 909 2267 962 alia
2292 909 2599 977 hujusmodi
2631 927 2750 981 quae
2787 924 3072 985 peccatum
3104 915 3321 987 peperit
3352 915 3518 971 mala.
3558 917 3667 971 Sed

2076 1014 2144 1053 ne
2179 1001 2260 1055 sic
2288 1002 2505 1070 quidem
2538 1020 2700 1073 quam
2726 1005 3063 1061 formaverat
3102 1008 3305 1078 abiecit
3334 1009 3476 1063 Deus
3504 1018 3670 1063 natu-

2077 1105 2192 1145 ram
2224 1110 2237 1146 :
2269 1096 2364 1149 sed
2415 1095 2561 1149 varia
2598 1098 2868 1166 sapientia
2921 1099 2988 1153 ad
3037 1114 3160 1154 eum
3200 1099 3363 1157 ﬁnem
3398 1116 3532 1156 usus
3561 1110 3667 1161 est,

2077 1184 2300 1239 medens
2344 1184 2579 1250 scilicet,
2617 1186 2935 1257 increpans,
2978 1190 3261 1256 incusans,
3308 1190 3378 1246 ad
3428 1190 3667 1248 ollicium

2075 1273 2351 1340 erudiens,
2384 1276 2612 1331 consilia
2666 1292 2968 1348 suggerens
2997 1319 3012 1343 ,
3060 1282 3404 1337 comminans
3431 1320 3447 1346 ,
3492 1282 3669 1337 minas

2078 1367 2220 1436 ipsas
2252 1368 2305 1421 in
2336 1382 2450 1422 rem
2484 1369 2796 1435 conferens,
2842 1371 3017 1427 malos
3049 1373 3313 1442 puniens,
3339 1374 3514 1429 bonos
3544 1389 3668 1428 mn-

2076 1473 2293 1526 nerans,
2322 1469 2376 1514 et
2419 1460 2584 1514 alium
2644 1461 2861 1531 quidem
2919 1461 3084 1518 laude
3120 1478 3351 1529 ornans,
3390 1465 3555 1522 alium
3602 1466 3671 1521 de

2075 1550 2273 1602 mundo
2312 1550 2667 1617 transferens,
2698 1553 2865 1606 alium
2905 1569 3031 1609 arca
3069 1555 3249 1626 lignea
3293 1570 3418 1611 cum
3466 1571 3670 1628 genere

2074 1639 2308 1706 salvans,
2338 1651 2394 1696 et
2436 1651 2643 1698 natura:
2687 1644 2988 1699 scintillam
3034 1660 3424 1715 conservans;
3464 1658 3669 1707 terram

2074 1732 2273 1788 diluvio
2299 1735 2560 1802 obruens,
2597 1745 2652 1790 et
2679 1736 2941 1805 nequitia:
2971 1750 3297 1807 operatores
3331 1741 3491 1809 aquis
3534 1757 3669 1811 pra:-

2074 1821 2294 1889 l‘ocaus;
2330 1826 2698 1895 multiplicans
2735 1843 2932 1883 rursus
2985 1830 3295 1885 humanum
3329 1846 3527 1902 genus,
3554 1832 3670 1886 sin-

377 1909 475 1974 νάς
516 1911 758 1981 ίατρείας
791 1914 1137 1985 ποιούμενος,
1173 1916 1357 1982 πόλεις
1388 1918 1667 1983 ἀσεϐείαις
1716 1916 1967 1983 συζῶσας

2072 1916 2354 1985 gularibus
2387 1918 2565 1987 poenis
2614 1921 2898 1990 generales
2930 1920 3174 1978 medelas
3212 1922 3448 1988 faciens,
3478 1924 3668 1978 civita-

376 2003 513 2072 πυρὶ
561 2004 926 2074 καταφλέγων
957 2006 1228 2079 οὐρανίῳ,
1259 2008 1352 2063 τὸν
1386 2010 1482 2063 σὺν
1511 2010 1701 2075 αὺτοῖς
1750 2011 1852 2082 μὲν
1890 2012 1968 2065 oi-

377 2093 582 2147 κοῦνιτα
602 2135 616 2159 ,
646 2096 745 2165 τῆς
777 2095 825 2149 δ’
864 2096 1119 2161 ἀσεϐείας
1147 2097 1211 2151 οὐ
1248 2098 1633 2167 κοινωνοῦντα,
1666 2099 1769 2171 τῆς
1797 2118 1970 2171 τιμω-

378 2184 503 2257 ρίας
546 2186 869 2256 ἐλευθερῶν,
907 2188 1223 2260 εύετηρίαις
1253 2188 1597 2262 δωρούμενος
1621 2231 1637 2257 ,
1692 2192 1752 2245 ὲν
1792 2193 1969 2263 καιρῷ

373 2273 533 2328 ὑετὸν
576 2274 977 2347 χαριζόμενος,
1032 2277 1212 2343 αὔξων
1257 2279 1516 2351 ἀρρήτως
1557 2282 1626 2335 τὰ
1671 2280 1822 2353 παρά
1859 2283 1969 2336 τῶν

373 2364 681 2436 ἀνθρώπων
714 2367 1164 2438 καταϐαλλόμενα
1201 2371 1512 2441 σπέρματα,
1546 2372 1779 2443 καρπῶν
1800 2373 1967 2440 ἀφθο-

373 2454 495 2519 νίας
570 2456 758 2528 βρύειν
805 2458 873 2511 τά
931 2459 1122 2531 δένδρα
1172 2460 1439 2527 κελεύων,
1506 2462 1652 2534 λιμῷ
1699 2464 1969 2518 παιδεύων

374 2544 501 2610 τοὺς
547 2546 702 2599 οὐδὲν
750 2548 816 2601 ὲκ
867 2549 968 2617 τῆς
1019 2550 1275 2622 εὐθηνίας
1325 2552 1733 2625 ὠφεληθέντας,
1778 2556 1969 2620 νόσους

374 2637 620 2705 ἐπάγων,
654 2639 750 2691 καὶ
792 2639 956 2693 πάλιν
985 2641 1189 2705 ταύτας
1217 2642 1480 2711 ἐλαύνων,
1523 2646 1969 2717 χαλασφενδονῶν

373 2726 474 2789 τὰς
515 2726 615 2797 τῆς
664 2726 809 2799 ζωῆς
856 2731 1151 2802 ἀφορμὰς,
1187 2733 1408 2803 νέφεσιν
1437 2737 1657 2807 ἀκρίδος
1687 2739 1778 2793 τὸν
1819 2742 1968 2812 ἥλιον

374 2813 636 2884 κρύπτων
658 2816 752 2869 καὶ
781 2818 908 2882 τοὺς
933 2822 1182 2890 καρποὺς
1205 2821 1553 2896 διαφθείρων·
1587 2828 1759 2882 νεύων
1788 2827 1965 2895 αὖθις,

374 2904 471 2957 καὶ
520 2907 590 2959 τὰ
637 2906 859 2979 λυπηρά
906 2912 1293 2980 μεταϐάλλων,
1345 2917 1473 2981 τοὺς
1537 2920 1637 2991 τὴν
1683 2923 1968 2979 εὐσέϐειαν

371 2993 773 3064 ἀγαπήσαντας
805 2997 905 3053 ούκ
934 3000 1040 3053 ἑῶν
1066 3043 1080 3069 ,
1117 3005 1210 3057 καὶ
1235 3005 1445 3071 τούτοις
1491 3012 1836 3082 φαινόμενος,
1874 3017 1969 3069 καὶ

372 3081 604 3150 φιλικῶς
632 3085 1038 3159 διαλεγόμενος,
1086 3092 1183 3145 καὶ
1210 3093 1299 3147 διὰ
1330 3096 1535 3149 τούτων
1578 3081 1967 3171 προσημαίνων

371 3176 447 3231 τὰ
481 3180 765 3250 μέλλοντα.

374 3288 459 3342 ιιι.
505 3292 633 3344 Ὀτι
674 3297 1127 3372 φιλανθρωπίας
1173 3300 1335 3369 γέμει
1386 3306 1423 3372 ἡ
1474 3305 1579 3359 τοῦ
1613 3308 1762 3361 Θεοῦ
1793 3310 1968 3364 ἐναν-

1004 3368 1207 3437 θρὼπη
1215 3368 1337 3439 dcc.

463 3475 682 3546 Ἐπειδὴ
738 3476 796 3530 δὲ
856 3479 1075 3549 ταῦτα,
1154 3484 1248 3537 καὶ
1291 3485 1457 3540 τᾶλλα
1518 3489 1586 3543 τὰ
1644 3492 1815 3562 μυρία
1876 3495 1971 3547 καὶ

372 3566 709 3637 δυσδιήγητα
742 3568 843 3638 τῆς
874 3568 1024 3633 θείας
1068 3574 1384 3645 οἰκονομίας
1444 3578 1557 3649 εἴδη
1614 3580 1829 3649 ὀλίγους
1871 3585 1970 3653 μὲν

375 3658 770 3730 εὐηργέτησεν,
803 3662 852 3714 οί
883 3662 941 3714 δὲ
972 3662 1153 3719 λοιποὶ
1172 3666 1283 3720 τῶν
1316 3668 1623 3739 ἀνθρώπων
1646 3673 1970 3744 ἀνηκέστως

362 3750 657 3816 διέκειντο,
692 3753 815 3806 τότε
841 3754 926 3825 δὴ,
948 3757 1071 3809 τότε
1102 3759 1163 3811 τὸ
1196 3759 1339 3829 μέγα
1368 3762 1463 3815 καὶ
1492 3763 1731 3835 ἄρρητον
1757 3768 1967 3835 γίνεται

371 3842 475 3913 τῆς
518 3845 831 3915 οίκονομίας
877 3848 1211 3921 μυστήριονι
1246 3852 1410 3917 αὐτὸς
1440 3854 1549 3925 γὰρ
1590 3856 1618 3907 6
1663 3858 1835 3926 Λόγος
1874 3860 1967 3915 τοῦ

382 3930 545 3998 Θεοῦ,
579 3934 609 3986 6
638 3934 971 4008 δημιουργὸς
1004 3940 1222 4013 ἀπάσης
1265 3942 1365 4013 τῆς
1398 3945 1649 4011 κτίσεως,
1679 3950 1708 4001 6
1740 3950 1967 4023 ἀχώρη-

370 4041 465 4088 τος
488 4065 503 4088 ο
532 4026 562 4079 ὁ
589 4029 1005 4099 ἀπερίγραπτος
1031 4074 1045 4099 ,
1082 4033 1110 4084 6
1158 4032 1521 4098 ἀναλλοίωτος
1544 4078 1559 4102 ,
1590 4040 1621 4108 ἡ
1674 4042 1824 4112 πηγὴ
1868 4043 1967 4113 τῆς

372 4114 557 4185 ζωῆς,
600 4118 662 4170 τὸ
698 4121 762 4172 ὲκ
798 4121 892 4173 τοῦ
931 4122 1109 4190 φωτὸς
1145 4124 1261 4192 φῶς
1290 4166 1304 4189 ,
1353 4127 1384 4195 ή
1433 4125 1583 4189 ζῶσα
1617 4131 1709 4182 τοῦ
1753 4133 1966 4204 [ἰατρὸς

371 4208 557 4275 είκὼν,
610 4210 671 4263 τὸ
712 4212 1055 4283 ἀπαύγασμα
1101 4216 1202 4286 τῆς
1239 4217 1418 4288 δόξης,
1462 4221 1489 4272 6
1537 4224 1827 4295 χαρακτὴρ
1865 4226 1966 4296 τῆς

372 4301 751 4367 ὑποστάσεως,
799 4304 898 4375 τὴν
945 4306 1293 4377 ἀνθρωπείαν
1340 4310 1504 4379 φύσιν
1559 4314 1959 4386 ἀναλαμϐάνει,

374 4391 472 4443 καὶ
515 4392 617 4463 τὴν
663 4395 873 4449 οίκείαν
924 4398 1109 4452 εἰκόνα
1163 4404 1403 4454 νεοποιεῖ
1444 4405 1510 4474 τῇ
1566 4405 1813 4479 ἁμαρτίᾳ
1850 4409 1963 4462 δια-

375 4480 702 4551 φθαρεῖσαν,
736 4486 948 4540 καὶτὸν
982 4488 1275 4559 ἀνδριάντα
1305 4491 1395 4545 τὸν
1427 4494 1531 4547 ὑπὸ
1572 4495 1667 4549 τοῦ
1710 4499 1829 4552 υἱοῦ
1867 4502 1962 4572 τῆς

2076 2018 2157 2063 tes
2183 2010 2483 2065 sceleribus
2512 2013 2721 2068 deditas
2753 2015 2876 2081 igne
2918 2028 3159 2071 exurens
3192 2016 3403 2071 caelesti
3441 2032 3455 2081 ;
3487 2017 3666 2071 virum

2074 2101 2289 2156 illarum
2310 2103 2526 2173 quidem
2561 2104 2821 2171 incolam,
2860 2109 2955 2162 scd
2981 2108 3261 2164 scelerum
3291 2107 3516 2164 minime
3550 2124 3668 2177 par-

2075 2194 2313 2263 ticipem,
2342 2209 2516 2264 paena:
2543 2197 2785 2266 eripiens
2811 2212 2827 2252 :
2861 2213 3086 2255 annuos
3127 2213 3432 2270 proventus
3478 2215 3669 2271 suppe-

2074 2285 2273 2351 ditans,
2306 2286 2533 2342 imbrem
2564 2298 2870 2357 opportune
2912 2290 3171 2360 largiens,
3213 2306 3422 2363 angens
3459 2306 3668 2348 arcano

2074 2379 2234 2432 modo
2252 2377 2398 2446 jacta
2426 2381 2493 2433 ab
2519 2380 2830 2435 hominibus
2846 2382 3077 2450 semina,
3104 2382 3379 2439 fructuum
3412 2384 3670 2438 ubertate

2073 2470 2297 2525 arbores
2322 2470 2602 2527 luxuriare
2626 2472 2848 2543 jubens,
2902 2474 3046 2531 fame
3084 2474 3380 2544 aliquando
3406 2474 3669 2530 erudiens

2074 2558 2195 2615 illos
2219 2576 2355 2631 quos
2399 2563 2733 2619 abundantia
2768 2581 2871 2621 non
2925 2566 3174 2637 juverat,
3206 2568 3429 2623 morbos
3461 2567 3669 2622 immit-

2075 2661 2213 2719 tens,
2247 2661 2410 2723 atque
2455 2656 2553 2712 hos
2593 2672 2786 2711 rursus
2826 2659 3143 2729 depcllens;
3176 2659 3443 2730 grandine
3469 2659 3668 2714 verbe-

2075 2757 2201 2797 rans
2248 2743 2363 2798 ritze
2408 2746 2688 2813 subsidia;
2740 2748 3073 2803 locustarum
3117 2749 3321 2804 nimbis
3355 2748 3527 2803 solem
3570 2747 3669 2803 ob-

2072 2848 2320 2899 scurans,
2360 2835 2649 2907 frugesque
2686 2855 3077 2910 corrumpens;
3119 2842 3309 2896 favens
3346 2841 3570 2905 iterum,
3612 2849 3667 2895 et

2074 2926 2350 2979 molestias
2380 2938 2655 2995 avertens,
2714 2930 3000 2999 religiosos
3045 2933 3295 2990 homines
3351 2949 3458 2991 non
3518 2935 3669 2989 dese-

2074 3029 2219 3081 rens,
2256 3017 2340 3071 his
2375 3019 2541 3071 etiam
2591 3035 2885 3090 apparens,
2924 3026 3101 3081 amice
3146 3025 3493 3097 colloquens,
3542 3040 3666 3095 per-

2073 3122 2179 3173 que
2217 3107 2315 3162 hos
2347 3108 2528 3164 futura
2556 3115 2912 3181 portendens.

2077 3299 2204 3353 Vlll.
2246 3300 2402 3365 Quod
2437 3322 2697 3362 summam
2752 3310 3079 3369 demonstrat
3130 3316 3462 3371 clementiam
3496 3321 3670 3376 incar-

2718 3384 2864 3434 natio
2911 3382 3026 3437 Dei.
3164 3396 3173 3405 ‘

2146 3487 2437 3560 Postquam
2472 3507 2600 3547 vero
2642 3502 2756 3548 tum
2787 3496 2901 3551 haec
2934 3505 3045 3552 tum
3079 3497 3185 3553 alia
3217 3499 3505 3559 innumera
3540 3507 3661 3561 vix-

2071 3594 2176 3648 que
2228 3580 2463 3636 elfabilia
2521 3584 2716 3639 divina:
2762 3588 3123 3656 providentiae
3158 3591 3401 3663 810m.
3437 3611 3662 3665 genera,

2072 3671 2259 3738 paucis
2306 3674 2504 3742 oppido
2547 3676 2895 3744 profuerunt,
2944 3679 3142 3750 reliqui
3182 3692 3366 3739 autem
3408 3685 3666 3746 homines

2071 3761 2399 3818 insanabiles
2427 3768 2844 3833 permanebant,
2880 3779 3009 3826 tunc
3033 3773 3252 3827 demum
3292 3791 3548 3847 magnum
3587 3790 3665 3834 at-

2069 3868 2175 3922 que
2225 3853 2498 3911 ineffabile
2549 3870 2829 3926 peractum
2869 3860 2972 3916 fuit
3004 3862 3406 3922 incarnationis
3461 3880 3665 3940 myste-

2070 3947 2233 4001 rium.
2278 3947 2455 4015 lpsutn
2487 3950 2631 4004 enim
2675 3951 2769 4007 Dei
2809 3954 3069 4021 Verbum,
3102 3957 3179 4013 rei
3207 3959 3476 4015 universa:
3505 3976 3662 4017 crea-

2072 4046 2137 4092 ta:
2173 4048 2390 4105 auctor,
2435 4040 2739 4099 immensus
2784 4044 2909 4110 ille,
2958 4049 3512 4122 incircumscriptus,
3559 4054 3662 4108 im-

2068 4118 2366 4197 mutabilis,
2401 4133 2526 4186 vitae
2567 4132 2711 4201 fons,
2746 4135 2928 4193 lumen
2969 4140 3035 4195 de
3071 4143 3294 4207 lumine,
3332 4144 3453 4198 viva
3486 4143 3665 4202 Patris

2069 4222 2269 4294 imago,
2303 4224 2559 4295 splendor
2593 4228 2801 4297 gloriae,
2835 4230 3007 4300 figura
3035 4234 3355 4291 substantia:
3387 4237 3432 4302 ⁸,
3468 4236 3663 4294 huma-

2070 4328 2195 4367 nam
2252 4328 2505 4371 naturam
2562 4321 2878 4392 assumpsit,
2928 4326 3319 4397 propriamque
3371 4328 3662 4399 imaginem

2070 4417 2296 4475 peccato
2329 4420 2640 4480 corruptam
2678 4412 3023 4482 instauravit,
3056 4426 3292 4473 statuam
3325 4434 3353 4473 a
3404 4421 3517 4476 lilio
3558 4422 3664 4477 ini—

2070 4501 2303 4569 quitatis
2336 4504 2679 4573 antiquatam
2727 4509 3028 4574 renovavit,
3084 4520 3138 4565 et
3177 4511 3362 4581 priore
3400 4514 3664 4581 pulchrio-

374 4574 640 4644 πονηρίας
671 4577 1055 4633 παλαιωθέντα
1084 4582 1320 4650 ἀνανεοῖ,
1353 4587 1445 4638 καὶ
1476 4585 1569 4641 τοῦ
1608 4590 1828 4661 πρώτου
1862 4611 1960 4665 χα-

2072 4606 2182 4646 rem
2215 4596 2475 4661 ostendit,
2514 4597 2656 4651 haud
2684 4597 2799 4668 jam
2840 4616 2909 4655 cx
2940 4610 3110 4669 terra,
3135 4613 3193 4657 ut
3216 4604 3370 4672 olim,
3403 4621 3523 4659 eam
3550 4606 3661 4663 for-

375 4664 656 4736 ριέστερον
699 4668 992 4735 δείκνυσιν,
1030 4672 1130 4726 οὐκ
1161 4675 1269 4727 ἀπὸ
1316 4676 1419 4745 γῆς
1460 4678 1535 4742 ὡς
1569 4681 1737 4736 πάλαι
1774 4684 1965 4740 τοῦτον

372 4754 827 4830 δημιουργήσας,
879 4762 995 4817 ἀλλ’
1046 4766 1210 4830 αὐτὸς
1255 4770 1728 4843 καταδεξάμενοςο
1767 4778 1825 4829 ού
1867 4780 1967 4851 τὴν

374 4845 526 4903 θείαν
550 4851 713 4919 φύσιν
736 4855 818 4917 είς
844 4855 1195 4927 ἀνθρωπείαν
1221 4861 1566 4929 μεταϐαλὼν,
1589 4866 1727 4921 ἀλλὰ
1750 4871 1816 4940 τῇ
1846 4845 1965 4943 Θείᾳ

374 4936 474 5008 τὴν
507 4938 855 5011 ἀνθρωπείαν
886 4947 1128 5016 συνάψας
1152 4966 1164 4978 ·
1202 4949 1379 5018 μένων
1426 4953 1535 5024 γάρ
1568 4955 1598 5007 ὃ
1647 4952 1737 5028 ἦν,
1773 4936 1965 5013 ἐλαϐεν

372 5026 403 5081 ὃ
451 5029 553 5084 οὐκ
600 5028 705 5104 ἦν’
769 5036 866 5089 καὶ
912 5038 1071 5092 τοῦτο
1119 5042 1266 5111 ἡμᾶς
1322 5042 1563 5099 διδάσκει
1612 5048 1640 5100 6
1673 5026 1966 5123 ⁷μακάριος

375 5120 588 5186 Παῦλος
620 5124 759 5193 βοῶν
783 5144 795 5156 ·
836 5147 855 5181 ι
890 5130 1062 5185 Τοῦτο
1103 5133 1409 5204 φρονείσθω
1443 5139 1499 5191 ὲν
1540 5140 1687 5208 ὑμῖν,
1718 5142 1745 5195 ὃ
1774 5120 1867 5199 καί
1908 5150 1965 5199 ἐν

374 5214 600 5286 Χριστῷ
642 5219 817 5290 Ἰησοῦ
845 5260 860 5285 ,
901 5222 960 5286 ὃς
1004 5224 1062 5277 έν
1122 5230 1303 5298 μορφῇ
1350 5228 1485 5284 Θεοῦ
1535 5233 1831 5305 ὑπάρχων,
1868 5240 1965 5311 οὐχ

379 5306 679 5379 ἁρπαγμὸν
714 5311 962 5383 ἡγήσατο
1010 5315 1072 5366 τὸ
1105 5312 1246 5370 εἶναι
1299 5320 1389 5373 ίσα
1419 5322 1559 5394 Θεῷ,
1608 5326 1725 5379 ἀλλ’
1774 5306 1965 5384 ἑαυτὸν

374 5399 610 5454 έκένωσε
640 5442 652 5464 ,
689 5404 904 5475 μορφὴν
945 5405 1136 5461 δούλου
1171 5410 1369 5465 λαϐών.
1410 5433 1428 5465 ι
1481 5416 1569 5481 Ἐξ
1607 5414 1682 5471 ὦν
1714 5419 1957 5493 εὔδηλον,

374 5488 452 5552 ὡς
484 5491 517 5561 ἠ
550 5490 643 5544 τοῦ
689 5493 825 5548 Θεοῦ
872 5498 1095 5570 μορφὴ,
1134 5501 1373 5570 μένουσα
1416 5506 1444 5558 ὃ
1488 5503 1577 5579 ἦν,
1633 5510 1793 5565 ἔλαϐε
1833 5488 1961 5585 ’τὴν

374 5579 561 5676 δούλου
598 5587 842 5676 μορφήν
883 5592 1099 5663 μορφὴν
1143 5594 1200 5648 δὲ
1235 5597 1393 5650 καλεῖ
1441 5601 1502 5653 οὐ
1538 5603 1596 5656 τὸ
1639 5579 1963 5676 φαινόμενον

382 5670 537 5739 μόνον
590 5674 686 5727 τοῦ
739 5677 1050 5747 ἀνθρώπου,
1102 5684 1236 5738 ἀλλὰ
1296 5690 1475 5743 πᾶσαν
1519 5694 1617 5760 τὴν
1674 5696 1962 5767 ἀνθρώπου

460 5854 478 5883 ²
505 5852 668 5909 Hebr.
706 5873 743 5919 l.
773 5858 823 5913 δ.
904 5860 923 5893 ι
964 5859 1194 5934 Philipp.
1233 5880 1293 5933 ιι,
1330 5868 1449 5923 5-7.

2069 4701 2247 4751 mans,
2280 4689 2372 4741 scd
2421 4690 2647 4757 ipsemet
2680 4694 2732 4745 in
2768 4706 2828 4747 se
2872 4693 3187 4764 recipiens:
3225 4697 3373 4751 haud
3414 4712 3545 4752 sane
3583 4701 3663 4753 di-

2067 4778 2248 4831 vinam
2282 4792 2533 4834 naturam
2571 4783 2622 4836 itt
2659 4784 2956 4839 humanant
2987 4796 3336 4853 convertens,
3383 4790 3478 4844 sed
3522 4790 3662 4846 divi-

2066 4887 2149 4926 nm.
2175 4872 2469 4928 humanam
2505 4877 2788 4945 copulans.
2821 4879 3046 4935 Manens
3075 4882 3221 4934 enim
3259 4885 3403 4950 quod
3436 4893 3577 4951 erat,
3611 4885 3663 4940 id

2067 4967 2210 5033 quod
2238 4981 2343 5021 non
2378 4978 2498 5023 erat
2539 4974 2795 5041 suscepit.
2831 4971 3007 5039 Quam
3049 4988 3162 5028 rem
3207 4990 3305 5030 nos
3339 4977 3499 5031 docet
3544 4978 3663 5035 bea-

2070 5065 2156 5107 tus
2190 5052 2388 5110 Paulus
2415 5058 2695 5114 clamans:
2738 5078 2756 5111 ι
2789 5060 2901 5117 lloc
2931 5064 3129 5117 sentite
3158 5063 3211 5118 in
3246 5065 3402 5121 vobis
3430 5067 3580 5137 quod
3609 5079 3665 5125 et

2068 5144 2120 5197 in
2168 5144 2393 5201 Christo
2422 5146 2574 5215 Jcsu,
2608 5151 2698 5219 qui
2734 5166 2857 5206 cum
2896 5153 2949 5207 in
2981 5152 3157 5208 forma
3195 5154 3290 5210 Dei
3339 5166 3507 5222 esset,
3553 5173 3660 5214 non

2072 5236 2317 5305 rapinam
2349 5242 2647 5299 arbitratus
2672 5254 2756 5298 est
2786 5260 2907 5301 esse
2953 5260 3014 5301 se
3077 5248 3345 5317 aequalem
3393 5249 3526 5317 Deo,
3559 5253 3654 5307 sed

2068 5331 2421 5400 semetipsum
2466 5335 2788 5398 exinanivit,
2818 5336 3051 5393 formam
3072 5340 3215 5395 servi
3243 5342 3522 5412 accipiens
3549 5342 3590 5397 ³.
3638 5364 3655 5395 ›

2072 5418 2226 5475 Unde
2259 5432 2428 5491 patet,
2450 5424 2541 5481 Dei
2575 5426 2804 5482 formam
2829 5429 2881 5483 in
2913 5444 2980 5485 eo
3003 5434 3145 5501 quod
3178 5442 3297 5486 erat
3327 5442 3657 5497 manentem,

2072 5516 2217 5568 servi
2266 5514 2499 5570 formam
2544 5521 2869 5590 sumpsisse.
2904 5522 3159 5579 Formam
3193 5534 3372 5579 autem
3419 5525 3655 5595 appellat

2073 5620 2178 5658 non
2206 5606 2256 5661 id
2284 5610 2661 5665 tantummodo
2680 5609 2913 5668 hominis
2938 5615 3079 5681 quod
3105 5626 3351 5685 apparet,
3370 5618 3465 5673 sed
3484 5627 3649 5673 totam

2073 5712 2297 5764 prorsus
2331 5700 2567 5758 hominis
2616 5712 2887 5761 naturam.
2941 5706 3074 5761 Nam
3117 5710 3275 5764 sicuti
3329 5710 3420 5766 Dei
3462 5709 3659 5777 forma,
