4058 6328
502 397 526 451 1
536 396 641 452 ιετ

1489 401 1551 459 S.
1591 402 1871 460 CYRILLI
1899 399 2374 459 ALEXANDBINI
2417 400 2739 459 ARCHIEP.

3603 394 3748 452 ιιεο

498 514 856 570 substantiam
919 514 1012 570 Dei
1060 516 1329 587 signiﬁcat
1373 517 1464 588 (de
1511 529 1709 576 extero
1742 520 1889 576 enim
1946 521 2060 575 sine

2162 520 2352 589 φύσιν·
2386 519 2574 592 ὥσπερ
2601 519 2710 592 γὰρ
2734 519 2768 591 ἡ
2796 518 2892 573 τοῦ
2916 518 3052 574 Θεοῦ
3089 516 3274 590 μορφὴ
3293 557 3308 581 ,
3340 513 3435 569 τοῦ
3474 512 3610 566 Θεοῦ
3645 514 3748 585 τὴν

497 601 676 669 specie
705 600 843 655 Deus
871 611 956 658 est
980 613 1037 659 et
1082 604 1204 661 sine
1249 606 1441 677 figura,
1473 625 1742 679 nemoque
1784 610 1887 666 nisi
1928 609 2067 667 forte

501 688 761 755 delirans,
808 690 1013 746 diceret
1052 691 1219 749 Deum
1276 694 1506 752 formam
1550 698 1749 754 habere
1806 709 1861 756 et
1905 713 2067 754 ntem-

498 777 717 834 brorum
756 780 1184 852 distinctionem,
1215 801 1337 841 cum
1365 788 1435 841 sit
1472 788 1822 858 incorporeus
1848 806 1912 847 ac
1944 791 2068 845 sim-

500 868 680 938 plex):
709 870 782 926 ita
826 875 969 929 servi
1005 874 1177 930 forma
1210 892 1317 931 non
1368 880 1469 933 hoc
1512 882 1654 949 quod
1699 882 1944 935 cernitur
1986 897 2069 936 so-

498 958 630 1028 lum,
672 963 769 1019 sed
802 973 964 1019 totam
1003 966 1237 1024 hominis
1264 968 1605 1026 demonstrat
1644 983 1918 1030 naturam.

737 1163 827 1221 IX.
854 1144 1199 1235 Reprehensio
1231 1169 1490 1226 heretica:
1520 1174 1817 1242 pravitatis.

568 1273 819 1329 Nonnulli
877 1287 1038 1333 recta:
1095 1279 1344 1350 religioni
1400 1285 1679 1339 contraria
1748 1286 2065 1353 sentientes,

499 1364 623 1418 dum
674 1366 985 1435 apostolicis
1038 1369 1198 1425 dictis
1224 1372 1469 1428 nituntur
1518 1376 1768 1431 veritatis
1815 1377 2067 1447 dogmata

496 1456 805 1524 vulnerare,
856 1458 1021 1516 Arius
1063 1462 1280 1532 quidem
1333 1474 1390 1520 et
1434 1464 1731 1523 Eunomius
1776 1470 2066 1523 inanimem

501 1548 771 1603 hominem
803 1564 832 1603 a
864 1550 974 1606 Deo
1006 1551 1187 1608 Verbo
1213 1566 1547 1627 assumptum
1578 1556 1883 1616 amrmant:
1916 1560 2071 1631 Apol-

501 1637 686 1695 linaris
710 1650 889 1696 autem
915 1644 1211 1698 animatum
1242 1646 1481 1715 quidem,
1512 1652 1605 1704 sed
1653 1661 1833 1706 mente
1870 1668 2067 1722 exper-

500 1739 627 1793 tem,
658 1731 898 1801 811m.
924 1734 1014 1804 qui
1046 1735 1111 1789 de
1162 1736 1395 1791 humana
1441 1740 1620 1793 anima
1658 1741 1787 1810 quid
1836 1744 2068 1799 aestimet

2167 612 2355 667 οὐσίαν
2386 613 2665 684 σημαίνει,
2694 610 2933 665 ἀνείδεον
2957 613 3065 682 γὰρ
3093 610 3157 665 τὸ
3196 610 3340 664 Θεῖον
3370 608 3464 661 καὶ
3495 602 3744 676 ἀσχημά-

2165 721 2369 770 τιστον,
2406 706 2501 759 καὶ
2533 705 2708 769 οὐδεὶς
2741 703 2808 758 ἂν
2850 703 2977 776 eum
3026 702 3101 773 μὴ
3144 699 3497 772 παραπαίων,
3532 696 3747 768 μορφὴν

2166 799 2331 869 ἔχειν,
2362 788 2456 853 καὶ
2489 798 2665 869 μελῶν
2680 795 3101 867 διαίρεσιν,ττὸν
3130 792 3421 864 ἀσώματον
3452 790 3548 844 καὶ
3578 786 3745 842 ασύν-

2169 891 2326 946 οιτον
2346 933 2360 957 ,
2405 892 2579 956 οὕτως
2621 894 2654 962 ἡ
2684 891 2778 944 τοῦ
2803 890 2992 944 δούλου
3031 887 3213 961 μορφὴ
3232 926 3251 951 ,
3279 887 3342 939 οὒ
3375 884 3438 937 τὸ
3468 881 3748 954 ὁρώμενον

2171 984 2330 1038 τοῦτο
2365 985 2556 1055 μόνον,
2594 983 2734 1038 ἀλλά
2761 984 2942 1037 πᾶσαν
2987 980 3081 1035 τοῦ
3131 976 3421 1050 ἀνθρώπου
3465 975 3615 1047 δηλοῖ
3645 971 3746 1042 τὴν

2168 1075 2375 1130 οὐσίαν.

2272 1186 2351 1241 Θ’.
2395 1164 2688 1256 Ἐξιεγχος
2718 1184 2826 1253 τῆς
2852 1184 2972 1238 τῶν
2999 1180 3312 1252 αίρετικῶν
3341 1179 3642 1241 ἀσεϐείας.

2246 1303 2280 1355 Γ
2286 1303 2395 1366 ινὲς
2425 1301 2481 1355 δὲ
2519 1301 2629 1355 τῶν
2664 1298 2923 1353 τάναντία
2950 1295 3290 1368 φρονούντων
3319 1292 3421 1362 τῆς
3442 1287 3746 1351 εὐσεϐείας,

2169 1395 2355 1467 ἐπειδὴ
2404 1397 2515 1459 τοῖς
2563 1392 2943 1453 ἀποστολικοῖς
2998 1389 3182 1466 ῥητοῖς
3226 1384 3527 1455 πειρῶνται
3579 1397 3751 1433 κατα·-

2168 1486 2408 1551 τοξεύειν
2441 1485 2700 1555 ἀληθείας
2724 1483 2793 1537 τά
2826 1483 3106 1573 δόγματα,
3131 1479 3352 1573 ’.θρειος
3389 1476 3488 1573 μεν
3516 1473 3752 1573 καὶΑΕὺῖ

2170 1579 2355 1648 νόμιος
2388 1576 2592 1647 ἄψυχον
2621 1576 2906 1645 ἄνθρωπον
2940 1568 3259 1641 ἀνειλῆφθαι
3300 1564 3455 1639 παρά
3480 1564 3574 1619 τοῦ
3613 1564 3749 1617 Θεοῦ

2169 1670 2342 1739 Λόγου
2370 1668 2840 1737 διαϐεϐαιούμενοι
2863 1666 2961 1736 (l),
3001 1662 3373 1731 Ἀπολινάριος
3399 1658 3455 1712 δὲ
3486 1656 3748 1727 ἔμψυχον,

2168 1763 2261 1818 νοῦ
2302 1763 2359 1816 δὲ
2389 1760 2776 1831 ἐστερημένον,
2803 1759 2902 1811 οὐκ
2940 1750 3037 1808 οἷδ’
3069 1754 3098 1807 ὅ
3127 1771 3177 1806 τι
3206 1751 3343 1805 νοῶν
3390 1750 3491 1820 τὴν
3534 1746 3747 1817 ἀνθρω-

499 1824 700 1877 nescio.
731 1824 967 1881 Marcion
999 1841 1131 1881 vero
1164 1842 1228 1882 ac
1280 1829 1487 1899 Manes,
1530 1843 1585 1887 et
1613 1833 1818 1902 reliqua
1852 1836 1937 1889 illa
1965 1837 2060 1891 im-

2170 1858 2327 1909 πείαν
2368 1824 2864 1925 ψυχήνίΜαρκίων
2909 1849 2966 1901 δὲ
2999 1847 3093 1900 καὶ
3122 1846 3337 1907 Μάνης,
3377 1841 3471 1896 καί¹
3510 1842 3543 1908 ἡ
3584 1839 3749 1908 λοιπὴ

500 1912 717 1982 pietatis
764 1915 948 1980 factio,
1005 1917 1312 1973 universum
1388 1921 1776 1981 incarnationis
1821 1942 2068 1995 pessmu-

500 2004 632 2060 dant
686 2008 1021 2077 mysterium.
1072 2008 1135 2064 lli
1201 2009 1525 2069 ineffabilem
1581 2028 1782 2071 sancta:
1831 2016 2068 2088 Virginis

499 2106 815 2166 conceptum
843 2100 1349 2170 graviditatemque,
1370 2103 1600 2157 fabulam
1626 2121 1691 2161 ac
1721 2107 2068 2163 simulamen-

502 2192 611 2238 tum
659 2186 1306 2258 arbitranturzcorporis
1363 2202 1540 2246 autem
1608 2197 1786 2262 specie
1840 2198 2067 2263 phanta-

500 2276 635 2331 stica
665 2275 892 2332 velatam
936 2279 1272 2336 divinitatem
1299 2282 1572 2349 dictitant,
1600 2296 1759 2356 atque
1786 2289 1885 2341 hoc
1909 2289 2065 2342 modo

448 2368 806 2427 'hominibus
892 2374 1164 2430 hominem
1235 2378 1575 2447 apparuisse.
1662 2380 1896 2437 Necesse
1982 2394 2065 2439 est

497 2460 662 2528 igitur
690 2463 1107 2530 apostolicorum
1144 2466 1429 2520 verborum
1456 2470 1799 2539 perspicuum
1844 2488 2062 2528 sensum

497 2549 695 2604 sistere
718 2550 1061 2621 orthodoxis,
1094 2569 1289 2625 nempe
1331 2573 1349 2605 ι
1379 2557 1468 2625 qui
1498 2572 1618 2611 cum
1667 2560 1718 2613 in
1762 2559 1937 2615 forma
1968 2564 2061 2617 Dei

497 2649 661 2705 esset,
694 2656 799 2695 non
827 2643 1070 2710 rapinam
1097 2645 1392 2700 arbitratus
1433 2658 1516 2701 est
1562 2662 1685 2703 esse
1714 2666 1773 2704 se
1798 2653 2061 2721 :equalem

495 2732 626 2797 Deo,
687 2734 780 2789 sed
843 2735 1191 2804 semetipsum
1253 2739 1577 2805 exinanivit,
1634 2741 1861 2796 formam
1921 2746 2063 2799 servi

495 2823 789 2893 accipiens,
858 2825 908 2878 in
962 2826 1371 2885 similitudinem
1429 2833 1706 2887 hominum
1764 2834 1956 2901 factus,
2010 2848 2066 2893 et

493 2913 681 2969 habitu
723 2916 973 2973 inventus
1022 2928 1080 2973 ut
1123 2920 1306 2975 homo.
1344 2942 1363 2974 ι
1400 2923 1577 2978 Verba
1631 2926 1744 2980 haec
1780 2929 2065 2997 praedicto-

494 3023 615 3063 rum
647 3010 1015 3081 unusquisque
1075 3013 1455 3071 hrereticorum
1508 3019 1575 3072 ad
1622 3034 1779 3073 suum
1841 3036 2061 3075 sensum

495 3098 738 3163 trahens,
771 3100 1213 3157 detestandorum
1264 3106 1574 3176 dogmatum
1633 3110 1862 3165 fabricat
1912 3112 2061 3166 falsi-

2168 1950 2267 2021 τῆς
2316 1948 2570 2009 ἀσεϐείας
2608 1944 2793 2013 ἐκείνη
2845 1940 3142 2012 συμμορία,
3192 1939 3252 1991 τὸ
3304 1938 3405 2005 τῆς
3437 1932 3751 2003 οἰκονομίας

2170 2042 2315 2094 ἅπαν
2348 2039 2483 2109 ὁμοῦ
2516 2039 2760 2107 ἀρνεῖται
2799 2034 3118 2104 μυστήριον.
3167 2030 3278 2084 Καὶ
3320 2028 3419 2099 τὴν
3450 2029 3549 2097 μὲν
3579 2028 3750 2097 ἄρρη-

2166 2151 2258 2186 τον
2301 2132 2402 2199 τῆς
2459 2131 2621 2199 ἁγίας
2669 2127 2946 2198 Παρθένου
2984 2122 3244 2193 σύλληψίν
3286 2137 3346 2173 τε
3394 2121 3486 2172 καὶ
3531 2118 3745 2186 κύησιν,

2171 2225 2339 2296 μῦθον
2390 2223 2530 2276 εἶναι
2585 2221 2677 2275 καὶ
2729 2219 2955 2289 πλάσμα
3004 2215 3326 2285 νομίζουσι’
3378 2212 3651 2312 φαντασία
3693 2210 3749 2263 δὲ

2169 2316 2421 2386 σώματος
2466 2312 2564 2383 τὴν
2598 2311 2829 2381 θεότητα
2869 2304 3316 2375 συγκαλυφθῆναι
3347 2301 3744 2371 διαγορεύουσι,

2166 2410 2258 2461 καὶ
2279 2407 2460 2476 τούτῳ
2488 2405 2564 2475 τῷ
2595 2404 2782 2475 τρόπῳ
2819 2404 2932 2465 τοῖς
2961 2397 3271 2471 ἀνθρώποις
3296 2394 3586 2465 ἄνθρωπον
3619 2392 3749 2444 ἀνα-

2166 2500 2423 2572 φανῆναι.
2471 2500 2793 2565 Ἀναγκαῖον
2823 2494 2933 2547 τῶν
2966 2488 3340 2547 ἀποπολικῶν
3389 2484 3568 2557 ῥητῶν
3605 2484 3748 2553 σαφῆ

2163 2596 2263 2663 τῆς
2319 2590 2557 2651 διανοίας
2607 2586 2960 2658 παραστῆσαι
3006 2584 3121 2646 τοῖς
3168 2579 3471 2642 εὐσεϐέσιν,
3523 2596 3541 2627 ι
3583 2575 3642 2637 ὃς
3691 2574 3748 2625 ὲν

2170 2687 2355 2757 μορφῇ
2386 2680 2545 2745 Θεοῦ,
2574 2681 2761 2751 φησὶν,
2797 2678 3080 2746 ὑπάρχων,
3116 2674 3215 2743 οὐχ
3268 2668 3566 2742 ἁρπαγμὸν
3612 2667 3748 2737 ἡγή-

2169 2794 2298 2830 σατο
2330 2774 2389 2828 τὸ
2416 2768 2555 2827 εἶναι
2584 2773 2676 2825 ίσα
2703 2769 2842 2839 Θεῷ,
2873 2768 2987 2822 ἀλλ’
3018 2766 3208 2818 ἑαυτὸν
3242 2764 3502 2827 ὲκένωσε,
3536 2758 3747 2831 μορςὴν

2164 2868 2351 2923 δούλου
2387 2865 2587 2930 λαϐὼν,
2633 2865 2691 2915 ὲν
2729 2861 3035 2931 ὁμοιώματι
3079 2854 3386 2928 ἀνθρώπων
3431 2853 3744 2921 γενόμενος,

2164 2959 2258 3012 καὶ
2291 2938 2528 3029 σγήματι
2576 2952 2820 3025 εὑρεθεὶς
2868 2952 2944 3014 ὡς
2993 2949 3299 3019 ἅνθρωπος.
3357 2942 3607 3043 ».Ταῦτα
3638 2940 3746 3043 τίὲν

2165 3048 2579 3119 προειρημένων
2610 3042 2904 3116 αἱρετικῶν
2944 3042 3174 3101 ἕκαστος
3206 3034 3602 3104 οίκειούμενος,
3640 3034 3745 3084 τῶν

2166 3138 2435 3209 βδελυρῶν
2463 3136 2747 3204 δογμάτων
2776 3128 3174 3191 κατασκευάζει
3203 3126 3267 3178 τὸ
3284 3124 3498 3194 ψεῦδος.
3530 3125 3744 3193 Ἀρειος

495 3196 680 3244 tatem.
710 3190 874 3246 Arius
915 3193 1165 3260 quidem,
1202 3204 1254 3250 et
1286 3194 1603 3265 Eunomius,
1657 3210 1819 3270 atque
1853 3203 2058 3267 Apolli-

2166 3190 2267 3301 μὲν
2316 3190 2409 3281 καί
2466 3226 2726 3294 Εὑνόμιος
2768 3224 2865 3275 καὶ
2927 3219 3304 3286 Ἀπολινὰριος
3354 3216 3449 3269 καὶ
3503 3216 3553 3267 oi
3608 3212 3744 3266 κατά

494 3280 663 3346 naris,
704 3289 758 3334 et
785 3281 975 3336 horum
1030 3284 1257 3353 similes,
1306 3288 1446 3342 servi
1491 3287 1661 3343 forma
1694 3301 1747 3346 et
1789 3293 1974 3347 habitu
2009 3306 2063 3349 et

493 3369 843 3426 similitudine
874 3374 1131 3440 hominis,
1161 3386 1437 3431 externam
1465 3390 1671 3435 natura;
1715 3395 1914 3437 nostra:
1939 3399 2058 3452 spe~

494 3463 630 3518 ciem
658 3464 901 3521 denotari
934 3467 1231 3536 praedicant
1258 3486 1271 3521 :
1300 3470 1388 3536 qui
1411 3479 1592 3524 autem
1638 3473 2061 3529 detestabilioris

494 3557 670 3613 adhuc
696 3558 929 3627 agminis
950 3569 1094 3621 sunt,
1134 3561 1379 3615 habitum
1428 3574 1482 3616 et
1534 3563 1948 3618 similitudinem
1992 3567 2059 3619 ad

493 3648 739 3703 umbram
764 3651 1048 3717 quamdam
1070 3651 1448 3721 etimaginem,
1479 3670 1542 3708 ac
1564 3654 1902 3723 phantasiam
1935 3672 2056 3712 cor-

494 3741 609 3808 pori
641 3742 894 3805 similem,
921 3744 1186 3797 sententia
1233 3760 1328 3797 sua
1368 3746 1607 3799 trahunt.

491 3849 558 3905 X.
592 3849 965 3922 Interpretatio
987 3855 1277 3921 verborum,
1316 3874 1335 3937 ς
1370 3858 1462 3925 qui
1508 3875 1624 3912 cum
1654 3860 1713 3913 in
1760 3863 1944 3937 formai
1962 3864 2058 3918 Dei

1157 3938 1286 3979 esset
1317 3926 1358 3983 ⁴.
1397 3948 1417 3978 υ

557 4038 668 4093 Nos
716 4038 896 4108 itaque
947 4041 1228 4110 utriusque
1287 4042 1540 4098 factionis
1590 4048 1864 4102 vesaniam
1928 4066 2058 4105 con-

489 4133 667 4188 festim
696 4131 1067 4187 refutabimus.
1089 4133 1217 4186 Nam
1238 4132 1463 4187 formam
1496 4138 1657 4200 servi,
1678 4140 2055 4209 subsmntiam,

493 4234 549 4276 ut
574 4221 683 4285 iam
712 4223 1226 4288 demonstravimus,
1263 4226 1403 4280 servi
1436 4228 1688 4297 appellat.
1716 4230 1849 4284 Nam
1886 4234 1930 4286 si
1961 4235 2053 4288 Dei

490 4311 661 4366 forma
693 4313 1049 4367 substantiam
1077 4314 1165 4368 Dei
1186 4316 1474 4385 signiﬁcat,
1498 4328 1645 4387 patet
1677 4325 1815 4375 servi
1840 4340 2058 4394 quoque

489 4400 744 4468 formam,
814 4404 960 4457 servi
1040 4406 1394 4460 substantiam
1477 4409 1802 4478 significare.
1878 4415 2053 4469 Verba

2163 3321 2405 3383 τούτους,
2439 3318 2536 3388 τὴν
2582 3316 2678 3368 τοῦ
2723 3313 2907 3366 δούλου
2943 3310 3154 3382 μορφὴν
3188 3310 3282 3360 καὶ
3318 3307 3378 3360 τὸ
3418 3306 3604 3387 σχῇμα
3654 3303 3742 3356 καὶ

2163 3413 2223 3464 τὸ
2266 3411 2515 3479 ὁμοίωμα
2545 3405 2637 3459 τοῦ
2684 3403 2993 3470 ἀνθρώπου,
3027 3401 3088 3453 τὸ
3124 3398 3446 3469 φαινόμενον
3476 3396 3578 3462 τῆς
3610 3397 3741 3465 ήμε-

2161 3503 2325 3574 τέρας
2372 3500 2585 3569 φύσεως
2641 3496 2924 3565 σημαίνειν
2958 3489 3395 3561 διαγορεύοντες·
3444 3489 3494 3540 οἱ
3538 3487 3597 3539 δὲ
3652 3485 3741 3555 τῆς

2164 3592 2551 3663 μυσαρωτέρας
2586 3587 2879 3657 φάλαγγος,
2927 3584 2988 3637 τὸ
3040 3582 3224 3652 σχῆμα
3255 3580 3350 3633 καὶ
3382 3580 3445 3631 τὸ
3492 3578 3741 3649 ὁμοίωμα

2161 3687 2239 3748 εἰς
2293 3683 2449 3735 σκιάν
2504 3697 2621 3734 τινα
2671 3679 2763 3730 καὶ
2810 3676 2991 3730 εἰκόνα
3038 3675 3129 3726 καὶ
3182 3670 3487 3741 φαντασίαν
3532 3669 3740 3739 σώματι

2162 3778 2399 3830 ἐοικυῖαν
2429 3773 2813 3842 λαμϐάνοντες.

2161 3887 2217 3940 1'.
2250 3882 2565 3953 Ἐρμηνεία
2594 3882 2719 3948 τοῦ,
2748 3900 2767 3932 t
2793 3880 2861 3947 ὃς
2882 3880 2950 3933 ἐν
2966 3876 3167 3949 μορφῇ
3204 3875 3352 3930 Θεοῦ
3376 3874 3681 3944 ὑπάρχων,
3714 3893 3731 3926 ι

2231 4055 2655 4128 Φρενοὸλάόειαν
2689 4056 2745 4108 δὲ
2767 4056 2863 4126 τὴν
2887 4054 3210 4125 ἀμφοτέρων
3242 4052 3559 4124 παραυτίκα
3582 4046 3738 4121 ἡμεῖς

2159 4148 2534 4216 διελέγξομεν·
2589 4146 2802 4216 μορφὴν
2854 4146 2961 4217 γὰρ
3012 4144 3198 4197 δούλου
3247 4145 3345 4214 τὴν
3392 4142 3617 4207 οὐσίαν,
3666 4143 3738 4205 ὡς

2157 4240 2550 4309 ἀπεδείξαμεν,
2606 4238 3002 4309 προσαγορεύει
3051 4237 3144 4290 τοῦ
3190 4237 3411 4289 δούλου·
3470 4238 3521 4288 εἰ
3571 4235 3737 4305 γὰρὴ

2156 4328 2249 4382 τοῦ
2283 4329 2416 4382 Θεοῦ
2450 4325 2630 4397 μορφὴ
2658 4326 2755 4397 τὴν
2795 4327 2980 4379 οὐσίαν
3009 4326 3159 4396 δηλοῖ
3185 4325 3278 4379 τοῦ
3308 4326 3468 4387 Θεοῦ,
3519 4325 3742 4397 εὔδηλον

2156 4421 2232 4483 ὡς
2262 4419 2353 4472 καὶ
2384 4422 2416 4489 ἡ
2449 4418 2541 4471 τοῦ
2571 4417 2755 4470 δούλου
2809 4418 2907 4487 τῆς
2940 4419 3126 4482 οὐσίας
3156 4420 3271 4471 ἐστὶ
3300 4417 3393 4471 τοῦ
3423 4418 3611 4471 δούλου
3640 4435 3737 4487 ση-

490 4503 695 4559 autem,
728 4514 747 4546 ε
779 4494 830 4548 in
872 4496 1277 4551 similitudinem
1311 4500 1543 4556 hominis
1579 4503 1774 4565 factus,
1800 4508 2053 4562 ethabiltt

2165 4512 2419 4583 μαντική·
2452 4510 2511 4561 τὸ
2534 4510 2611 4575 δὲ,
2637 4532 2652 4561 ι
2681 4514 2736 4563 ἐν
2762 4510 3179 4581 ὁμοιώματιτοῦ
3199 4510 3486 4579 ἀνθρώπου
3512 4511 3737 4579 γενόμε-

490 4584 740 4649 inventus
766 4596 824 4639 ut
847 4586 1050 4651 houto,,
1075 4607 1093 4639 ι
1128 4604 1231 4642 non
1264 4600 1518 4659 tanquam
1552 4604 1759 4648 naturae
1794 4602 2053 4655 \‘(tCalmla

488 4672 775 4742 Apostolus
797 4676 998 4744 posuit,
1020 4678 1111 4732 sed
1133 4680 1484 4746 operationis.
1502 4681 1637 4737 Nam
1664 4687 1786 4753 quia
1806 4690 2054 4747 Christus

490 4762 770 4829 Dominus,
804 4778 1040 4822 nostram
1105 4769 1315 4823 habens
1375 4782 1642 4839 naturam,
1676 4776 1817 4829 haud
1875 4788 2053 4834 tamen

491 4860 728 4906 nostram
764 4854 817 4906 in
864 4868 924 4908 se
956 4859 1157 4924 recepit
1185 4859 1463 4924 malitiam,
1512 4864 1605 4916 sed
1644 4867 1789 4919 omni
1834 4881 2055 4936 peccato

489 4940 685 5007 caruit,
714 4952 770 4996 ut
805 4945 1063 5013 propheta
1092 4947 1289 5001 clamat
1315 4950 1359 5016 ³,
1388 4966 1579 5019 nempe
1612 4972 1630 5004 ί
1668 4955 1756 5019 qui
1801 4957 2056 5026 iniquita-

490 5044 597 5085 tem
632 5049 735 5086 non
767 5034 915 5099 fecit,
948 5051 1046 5091 nec
1074 5038 1321 5093 inventus
1348 5053 1428 5094 est
1455 5043 1613 5096 dolus
1638 5044 1688 5097 in
1722 5062 1815 5099 ore
1832 5046 1949 5115 ejus
1976 5066 1990 5115 ;
2030 5071 2047 5103 ι

488 5130 588 5171 nec
614 5132 717 5173 non
748 5120 944 5177 deserti
973 5124 1145 5179 incola
1166 5125 1400 5182 Joannes
1444 5141 1777 5188 contestatur
1825 5138 2009 5193 dicens
2038 5160 2049 5193 :

494 5225 510 5256 ι
548 5207 689 5264 Ecce
715 5226 887 5281 agnus
908 5214 995 5281 qui
1020 5215 1259 5285 812m.
1280 5220 1459 5274 mundi
1480 5232 1755 5290 peccatum
1790 5228 1989 5285 tollit‘:
2028 5250 2046 5282 ι

488 5298 688 5353 idcirco
743 5305 930 5359 beatus
979 5304 1195 5373 Paulus,
1253 5309 1305 5361 in
1361 5311 1765 5369 similitudinem
1819 5321 2051 5377 lmmiuis

488 5390 686 5446 factum
718 5392 891 5463 ipsum
928 5401 1240 5454 necessario
1270 5403 1425 5470 dixit,
1462 5414 1517 5459 et
1555 5406 1739 5461 habitu
1765 5409 2039 5469 inventqu

558 5546 582 5577 δ
604 5544 835 5619 Philipp.
872 5566 933 5615 ll,
963 5552 1015 5604 6.
1090 5554 1113 5584 ⁸
1142 5552 1245 5610 lsa.
1279 5572 1394 5625 LIII,
1431 5559 1484 5615 9.
1561 5560 1581 5590 ⁶
1611 5559 1767 5615 Juan.
1801 5580 1838 5631 l,
1870 5567 1958 5624 “3.9.

562 5718 638 5789 (1)
679 5719 768 5774 Sic
799 5724 959 5791 plane
992 5728 1041 5781 iu
1082 5731 1238 5786 tertio
1268 5733 1473 5789 decimo
1501 5752 1567 5791 ex

494 5786 556 5853 ll,
572 5786 634 5858 ‘p.
659 5791 785 5855 ‘228,
802 5786 901 5849 'ubi
926 5797 1122 5853 videsis
1149 5803 1198 5854 in
1229 5786 1892 5866 audet.aufiééiiiniiiiiil

2150 4612 2259 4666 νος,
2293 4601 2387 4654 καὶ
2407 4600 2643 4669 σχήματι
2664 4600 2909 4668 εὑρεθεὶς
2933 4600 3009 4663 ὡς
3036 4599 3344 4669 ἄνθρωπος,
3368 4618 3387 4648 ι
3411 4600 3509 4667 οὐχ
3530 4598 3607 4660 ὡς
3637 4598 3737 4665 τῇς

2150 4691 2363 4761 φύσεως
2404 4689 2644 4758 ὀνόματα
2696 4688 2940 4742 τέθεικεν
2972 4691 3000 4740 6
3041 4687 3379 4751 Ἀπὸςτολος,
3456 4686 3593 4740 ἀλλὰ
3638 4687 3735 4757 τῆς

2149 4781 2463 4853 ἐνεργείας·
2519 4779 2703 4851 ἐπειδὴ
2751 4782 2859 4850 γὰρ
2926 4781 2955 4831 6
3020 4778 3296 4849 Δεστώτης
3345 4778 3586 4849 Χριστὸς
3636 4777 3732 4848 τὴν

2151 4875 2425 4944 ἡμετέραν
2478 4872 2613 4941 ἔχων
2650 4875 2830 4941 φύσιν,
2863 4872 2961 4942 τὴν
2999 4873 3273 4943 ἡμετέραν
3313 4871 3373 4923 οὐ
3407 4870 3733 4935 κατεδέξατο

2152 4965 2434 5035 πονηρίαν,
2476 4965 2589 5017 ἀλλ’
2630 4966 2845 5035 ἁπάσης
2896 4963 3206 5034 ἐλεύθερος,
3256 4964 3331 5026 ὡς
3368 4966 3397 5016 6
3444 4964 3731 5033 προφήτης

2153 5054 2267 5126 βοᾷ,
2300 5058 2381 5110 ὅτι
2418 5076 2435 5108 ι
2473 5058 2700 5126 ἀνομίαν
2734 5058 2834 5110 οὐκ
2878 5057 3153 5129 ἐποίησεν,
3184 5056 3304 5109 οὐδὲ
3333 5054 3531 5127 εὑρέθη
3579 5055 3731 5119 δόλος

2150 5150 2207 5201 ἐν
2236 5149 2313 5218 τῷ
2349 5151 2572 5218 στόματι
2606 5150 2775 5204 αὑτοῦ
2798 5168 2813 5183 ·
2857 5171 2876 5201 ι
2912 5151 3002 5204 καὶ
3038 5152 3067 5203 6
3114 5150 3215 5219 τῆς
3251 5150 3459 5221 ἐρήμου
3500 5149 3729 5218 πολίτης

2161 5239 2411 5310 Ἰωάννης
2446 5245 2827 5313 συμμαρτυρεῖ
2866 5242 3078 5312 λέγωνε
3119 5261 3137 5293 t
3173 5241 3290 5295 ’Ἴδε
3321 5243 3349 5293 6
3377 5243 3549 5312 ἀμνὶς
3581 5245 3609 5296 6
3642 5244 3727 5295 αῖ-

2151 5347 2259 5399 ρων
2290 5332 2381 5383 τοῦ
2414 5334 2614 5402 κόσμου
2646 5335 2745 5405 τὴν
2778 5335 3051 5404 ἁμαρτίαν
3071 5350 3085 5363 ·
3127 5354 3146 5385 ι
3184 5336 3213 5384 6
3256 5335 3532 5404 μακάριος
3578 5334 3725 5387 Παῦ-

2151 5419 2236 5483 λος
2287 5424 2345 5475 ἐν
2392 5424 2696 5493 ὁμοιώματι
2731 5426 3021 5496 ἀνθρώπου
3063 5428 3223 5481 αὐτὸν
3266 5427 3587 5496 ἀναγκαίως
3620 5427 3721 5499 ἔφη

1612 5739 1931 5820 Arianorum
1973 5746 2315 5818 fragmentis,
2371 5765 2488 5819 quae
2551 5764 2648 5805 nos
2709 5749 2973 5809 edidimus
3007 5752 3202 5824 Script.
3236 5766 3329 5810 ret.
3366 5764 3405 5811 ι.
3442 5756 3542 5823 lll,
3580 5766 3716 5827 part.
