4058 6328
404 373 432 427 ί
448 370 547 427 ιτς

1567 369 1654 424 ΠΕ
1692 365 2209 425 ῙΝΕΔΒΝΔἸΊΟΝΕ
2246 362 2505 422 ῡοιιιΝι.

3553 358 3691 415 μδο

399 484 685 551 γενέσθαι,
710 484 802 536 καὶ
832 485 1069 555 σχήματι
1103 483 1391 559 εὑρεθῆναι
1430 485 1503 547 ὡς
1542 483 1849 557 ἄνθρωπον,
1881 483 1976 554 τῆς

2088 492 2147 536 ut
2202 481 2500 543 hominem,
2561 491 2728 547 prava
2792 475 2942 530 omni
3024 474 3308 529 hominum
3372 473 3693 548 Operationo

397 576 644 643 πονηρᾶς
690 573 969 643 ἐνεργείας
1027 576 1135 630 τῶν
1183 575 1487 646 ἀνθρώπων
1537 574 1981 645 ἀπηλλαγμένον.

396 663 491 717 Διὸ
523 667 615 717 καὶ
663 666 886 737 ἑτέρωθι
917 668 1068 736 ἔλεγε
1090 685 1102 698 ·
1151 686 1169 719 ι
1221 668 1293 719 Τὸ
1333 667 1440 739 γὰρ
1472 667 1735 720 ἀδύνατον
1766 666 1859 719 τοῦ
1894 665 1983 718 νό-

400 775 505 826 μου
530 760 587 809 ὲν
614 752 658 825 ᾦ
692 758 905 828 ἠσθένει
934 760 1022 815 διὰ
1052 760 1151 829 τῆς
1182 759 1404 829 σαρκὸς,
1440 763 1466 812 ὁ
1496 759 1629 822 Θεὸς
1654 758 1743 813 τὸν
1785 757 1982 812 ἑαυτοῦ

397 848 528 901 Υίὸν
559 849 804 920 πέμψας,
848 854 908 904 tv
955 849 1261 921 ὁμοιώματι
1315 848 1518 921 σαρκὸς
1557 849 1855 921 ἁμαρτίας,
1888 848 1983 903 καὶ

395 941 526 1012 περὶ
558 942 854 1013 ἁμαρτίας,
904 941 1191 1012 κατέκρινε
1236 940 1336 1011 τὴν
1374 940 1647 1011 ἁμαρτίαν
1688 942 1745 993 tv
1793 940 1984 1010 σαρκὶ,

396 1029 485 1082 ἴνα
506 1030 566 1082 τὸ
597 1031 873 1100 δικαίωμα
901 1029 996 1083 τοῦ
1024 1032 1190 1100 νόμου
1216 1028 1475 1101 πληρωθῇ
1504 1030 1562 1082 tv
1589 1029 1722 1099 ἡμῖν
1754 1030 1868 1092 τοῖς
1903 1028 1978 1098 μὴ

394 1119 539 1175 κατά
582 1122 760 1193 σάρκα
790 1122 1203 1193 περιπατοῦσιν,
1234 1122 1371 1176 ἀλλά
1403 1121 1545 1175 κατὰ
1576 1119 1794 1192 πνεῦμα
1819 1121 1917 1193 (l).
1953 1141 1975 1171 ι,

477 1214 669 1283 Ὁρᾶτε
714 1214 831 1276 πῶς
876 1214 963 1267 διά
1001 1213 1205 1267 τούτων
1253 1213 1477 1267 ἐκείνων
1526 1213 1641 1267 λύει
1693 1213 1793 1285 τὴν
1839 1214 1978 1268 ἀσά-

391 1320 571 1371 φειαν.
613 1325 629 1356 ι
681 1305 741 1358 '0
772 1304 923 1370 Θεὸς,
956 1305 1107 1376 φησὶ,
1139 1305 1230 1358 τὸν
1264 1304 1457 1359 ἑαυτοῦ
1502 1304 1627 1359 Υίὸν
1667 1305 1894 1374 πέμψας
1921 1307 1978 1358 tv

387 1394 695 1464 ὁμοιώματι
730 1396 931 1467 σαρκὸς
960 1396 1256 1466 ἁμαρτίας·
1287 1416 1306 1448 ι
1344 1397 1444 1466 οὐχ
1493 1396 1680 1459 ἁπλῶς
1716 1392 1889 1461 εἶπεν,
1922 1398 1978 1449 tv

386 1484 697 1555 ὁμοιώματι
748 1486 971 1558 σαρκὸς,
1021 1487 1251 1541 διαλύων
1285 1486 1392 1540 τῶν
1425 1486 1638 1539 ἀσεὸὦν
1690 1487 1978 1556 δογμάτων

385 1576 485 1646 τὴν
534 1576 915 1647 βλασφημίαν·
954 1577 1316 1650 προγινώσκει
1350 1578 1457 1648 γὰρ
1496 1577 1715 1631 ἅπαντα
1754 1581 1786 1650 ἡ
1818 1579 1979 1649 χάρις

381 1668 479 1722 τοῦ
491 1668 631 1722 Πνεύ
642 1688 807 1741 ματος
819 1688 830 1699 ·
845 1671 983 1739 ἀλλ’,
997 1689 1014 1722 ι
1026 1673 1082 1723 tv
1099 1671 1407 1742 ὁμοιώματι
1424 1671 1623 1743 σαρκὸς
1640 1672 1820 1743 ἀμαρτ
1831 1673 1935 1737 ίάς,
1952 1690 1969 1723 ι

385 1760 474 1814 ἵνα
506 1759 766 1831 μάθωμεν
798 1761 874 1827 ώς
895 1761 955 1815 τὸ
994 1764 1329 1833 «ὁμοίωμα,ι
1364 1762 1451 1815 διὰ
1473 1762 1533 1815 τὸ
1568 1763 1751 1833 πάσης
1788 1764 1975 1833 ἀμαρ-

2087 573 2338 641 alienum.
2366 571 2661 641 Propterea
2686 568 2815 623 alibi
2838 582 3056 637 quoque
3074 567 3253 621 aiebat
3279 584 3291 621 :
3327 585 3343 616 ι
3376 563 3512 619 Nam
3545 567 3689 634 quod

2086 662 2418 732 impossibile
2434 670 2553 717 erat
2574 659 2699 730 legi,
2723 661 2902 728 inquo
2921 675 3016 727 per
3040 672 3261 712 carnem
3283 656 3686 716 inllrmabatnr.

2087 753 2227 809 Deus
2255 753 2449 809 Filium
2476 767 2633 808 suum
2662 751 2887 805 mittens
2939 750 2991 803 in
3049 746 3467 803 similitudinem
3506 749 3692 801 carnis

2084 845 2319 916 peccati,
2367 854 2419 898 et
2448 859 2545 913 pro
2582 854 2825 911 peccato,
2856 840 3140 897 damnavit
3194 840 3247 895 in
3291 854 3458 894 carne
3499 851 3690 909 pecca-

2088 944 2196 991 tum
2232 934 2679 1004 ;utjustillcatio
2711 933 2844 1003 legis
2892 932 3212 1002 impleretur
3266 932 3326 986 in
3374 929 3555 995 nobis,
3593 928 3687 999 qui

2085 1046 2193 1086 non
2235 1028 2534 1084 secundum
2570 1042 2792 1084 carnem
2842 1024 3207 1092 ambulamus,
3263 1023 3355 1080 sed
3387 1022 3686 1079 secundum

2083 1120 2331 1191 spiritum
2359 1122 2401 1175 ⁷.
2437 1140 2455 1172 ι

2155 1212 2591 1275 Animadvertite
2642 1212 2916 1282 quomodo
2946 1226 3042 1280 per
3081 1211 3199 1264 haec
3252 1209 3471 1264 illorum
3527 1207 3697 1263 solvit

2082 1304 2491 1360 obscuritatem.
2534 1323 2552 1355 ι
2592 1304 2757 1370 Deus,
2794 1303 2990 1371 inquit,
3042 1300 3237 1355 Filium
3273 1315 3430 1355 suum
3464 1300 3691 1353 mittens

2084 1396 2138 1451 in
2165 1395 2578 1450 similitudinem
2610 1396 2796 1451 carnis
2840 1394 3046 1463 peccati
3087 1411 3098 1445 :
3147 1413 3164 1445 ι
3206 1407 3312 1446 non
3366 1392 3691 1459 simpliciter

2082 1486 2236 1550 dixit,
2275 1487 2327 1541 in
2353 1484 2765 1541 similitudinem
2791 1485 2997 1547 carnis,
3036 1496 3229 1551 nempe
3282 1490 3339 1535 ut
3394 1481 3685 1549 impiorum

2081 1576 2393 1647 dogmatum
2450 1576 2850 1646 blasphemiam
2888 1575 3219 1642 dissiparet;
3252 1572 3455 1627 etenim
3503 1572 3687 1624 omnia

2082 1666 2339 1736 praevidet
2366 1666 2540 1736 gratia
2570 1665 2840 1735 Spiritus;
2865 1664 2981 1730 sed,
3006 1683 3023 1716 ι
3048 1665 3101 1719 in
3128 1663 3544 1718 similitudinem
3567 1676 3694 1714 car-

2081 1760 2167 1813 nis
2191 1760 2423 1827 peccati,
2468 1776 2489 1810 »
2547 1767 2607 1810 ut
2658 1756 3044 1825 intelligamus,
3072 1754 3395 1810 vocabulum
3448 1773 3465 1805 ι
3499 1752 3689 1807 simili-

383 1850 506 1914 τίας
552 1851 900 1922 ἀπηλλάχθαι
933 1853 1026 1907 τὸν
1072 1853 1341 1925 ἡμέτερον
1385 1855 1638 1924 Σωτῆρα,
1692 1854 1967 1910 τέθεικεν·

2083 1849 2208 1903 tudo
2256 1866 2275 1901 ι
2310 1849 2377 1903 ab
2401 1862 2466 1903 eo
2486 1849 2743 1917 positum,
2777 1846 2902 1914 quia
2946 1856 3174 1915 peccato
3227 1846 3375 1901 omni
3428 1845 3691 1907 servator

382 1941 671 2014 ἄνθρωπος
721 1944 830 2013 γὰρ
875 1947 1166 2015 γενόμενος
1213 1944 1310 2017 τὴν
1361 1945 1520 2015 φύσιν
1555 1948 1653 2017 (‘2),
1688 1947 1831 2001 κατά
1877 1949 1976 2017 τὴν

380 2034 663 2105 ἁμαρτίαν
700 2037 923 2103 γέγονεν
958 2037 1245 2108 ἄνθρωπος
1266 2052 1279 2067 ·
1313 2038 1394 2092 διὸ
1419 2041 1474 2092 tv
1500 2038 1808 2111 ὁμοιώματι
1845 2058 1975 2112 σαρ-

381 2126 478 2191 κὸς
510 2129 787 2198 ἁμαρτίας
818 2130 1110 2201 κατέκρινε
1142 2132 1242 2200 τὴν
1270 2132 1547 2203 ἁμαρτίαν
1581 2135 1639 2186 tv
1666 2137 1733 2205 τῇ
1772 2134 1935 2203 σαρκί
1958 2151 1971 2164 ·

379 2220 728 2290 ἀνθρωπείαν
763 2224 861 2292 μὲν
901 2223 1063 2292 φύσιν
1112 2223 1422 2291 ἀναλασὼν,
1457 2224 1556 2295 τῆς
1586 2224 1643 2277 δὲ
1679 2225 1976 2297 τυραννούο

381 2323 484 2383 cn;
514 2314 571 2365 tv
601 2317 711 2376 τοῖς
742 2314 1051 2385 ἀνθρώποις
1086 2317 1362 2387 ἁμαρτίας
1386 2316 1478 2369 τὸν
1519 2316 1681 2385 ζυγὸν
1715 2318 1791 2387 μὴ
1818 2318 1973 2383 δεξά-

382 2420 567 2473 μενος,
616 2405 752 2459 ἀλλά
792 2409 977 2460 πᾶσαν
1025 2407 1229 2477 ταύτης
1274 2408 1589 2480 ἀπορρίψας
1639 2408 1738 2480 τὴν
1784 2409 1977 2464 δεσπο-

377 2493 551 2560 τείαν,
600 2494 695 2547 καὶ
724 2494 924 2559 δείξας,
960 2496 1036 2559 ὡς
1073 2495 1300 2549 δυνατὸν
1346 2498 1403 2549 tv
1447 2496 1767 2569 ἀνθρωπεία
1814 2499 1974 2567 φύσει

378 2584 488 2638 τῶν
515 2585 617 2655 τῆς
659 2588 934 2657 ἁμαρτίας
968 2588 1355 2658 περιγενέσθαι
1390 2588 1561 2660 βελῶν
1583 2606 1595 2620 ’
1629 2590 1804 2656 οὕτως
1837 2610 1974 2647 κατ-

377 2676 566 2748 έκρινε
599 2678 699 2749 τὴν
741 2679 1021 2750 ἁμαρτίαν
1066 2680 1125 2731 tv
1149 2683 1215 2753 τῇ
1250 2680 1436 2751 σαρκὶ,
1468 2681 1527 2734 τὸ
1550 2681 1774 2746 ἀσθενὲς
1802 2675 1974 2754 αὐτῆς

378 2769 631 2838 ἐλέγξας,
668 2772 762 2824 καὶ
796 2773 896 2841 τὴν
926 2773 1216 2845 τυραννίδα
1253 2773 1488 2839 παύσας,
1518 2774 1612 2829 καὶ
1642 2778 1799 2848 νικᾷν
1831 2776 1975 2831 οῦτω

374 2863 505 2924 τοὺς
535 2861 857 2934 ἀνθρώπους
887 2864 1141 2931 διδάξας·
1185 2866 1265 2918 διὸ
1314 2867 1595 2937 ἐπήγαγεν
1634 2869 1663 2920 ὁ
1701 2868 1972 2940 μακάριος

379 2954 614 3019 Παῦλος,
637 2956 754 3009 Ἵνα
779 2956 839 3009 τὸ
862 2956 1137 3027 δικαίωμα
1154 2957 1248 3010 τοῦ
1273 2959 1441 3029 νόμου
1472 2959 1735 3031 πληρωθῇ
1761 2962 1818 3015 ὲν
1841 2963 1976 3033 ἡμῖν

376 3048 491 3110 τοῖς
526 3046 601 3118 μὴ
648 3048 791 3102 κατά
838 3050 1017 3121 σάρκα
1046 3049 1141 3105 τοῦ
1176 3050 1344 3122 νόμου
1387 3053 1806 3121 περιπατοῦσιν,
1837 3053 1976 3109 ἀλλὰ

379 3137 523 3191 κατά
555 3138 793 3210 πνεῦμα.
844 3139 1053 3195 Οὐκοῦν
1103 3140 1522 3213 ἐδικαιώθημεν,
1558 3143 1656 3214 τῆς
1700 3145 1975 3214 ἁμαρτίας

375 3233 438 3285 ὲν
469 3232 635 3302 σαρκὶ
667 3233 1129 3304 κατακριθείσης·
1168 3234 1461 3304 κατέκρινε
1490 3235 1546 3288 δὲ
1577 3237 1634 3289 tv
1683 3238 1849 3307 σαρκὶ
1869 3240 1975 3309 τὴν

376 3322 677 3391 ἁμαρτίαν,
715 3324 771 3375 ἐν
801 3322 1109 3393 ὁμοιώματι
1142 3325 1345 3393 σαρκὸς
1376 3327 1653 3397 ἁμαρτίας
1684 3328 1976 3399 γενόμενος

374 3414 407 3467 ὁ
451 3414 642 3485 Σωτὴρ
691 3415 719 3467 ὁ
763 3415 1064 3486 ἡμέτερος·
1106 3416 1207 3489 τὴν
1257 3421 1356 3490 μὲν
1405 3419 1757 3490 ἀνθρωπείαν
1813 3423 1976 3492 φύσιν

376 3505 685 3573 ἀναλαὸὼν,
716 3507 817 3579 τὴν
854 3506 912 3578 δὲ
943 3510 1111 3564 πάλαι
1140 3512 1346 3584 ταύτης
1373 3513 1742 3579 δεσπόζουσαν
1778 3516 1852 3588 μὴ
1878 3534 1977 3570 κα-

373 3588 743 3669 ταδεξάμενος
791 3602 1088 3671 ἁμαρτίαν.
1137 3604 1324 3670 Οὕτως
1357 3608 1384 3658 ὁ
1426 3606 1713 3671 θεσπέσιος
1764 3609 1975 3673 Παῦλος

377 3690 438 3741 tv
484 3689 688 3757 ὀλίγοις
738 3692 981 3761 ῥήμασιν
1016 3695 1163 3748 ἀπαν
1210 3696 1321 3748 τῶν
1354 3698 1645 3769 αἱρετικῶν
1680 3700 1739 3753 τὸ
1787 3701 1975 3771 στίφος

375 3782 655 3846 διέλυσεν,
719 3785 929 3856 Ἀρείου
997 3786 1096 3857 μὲν
1151 3789 1248 3842 καὶ
1300 3790 1567 3862 Εύνομίου
1619 3793 1720 3864 τὴν
1778 3796 1974 3865 μανίαν

375 3872 626 3941 ἐλέγξας,
674 3876 731 3927 ἐν
765 3878 831 3946 τῇ
881 3877 991 3930 τῶν
1027 3881 1444 3951 προειρημένων
1492 3883 1756 3954 ῥημάτων
1789 3888 1931 3959 ἀρχῇ
1957 3906 1972 3918 “

381 3983 401 4015 ι
446 3963 615 4017 Τοῦτο
662 3966 772 4035 γὰρ
818 3968 1124 4038 φρονείσθω
1172 3973 1231 4024 tv
1279 3972 1428 4043 ὑμῖν,
1466 3974 1493 4027 ὃ
1538 3978 1631 4028 καὶ
1664 3978 1722 4030 tv
1752 3977 1975 4050 Χριστῷ

389 4056 589 4126 Ἰησοῦ,
629 4056 686 4119 ὃς
740 4060 796 4111 tv
830 4063 1012 4132 μορφῇ
1054 4060 1189 4114 Θεοῦ
1216 4063 1499 4135 ὑπάρχων,
1544 4068 1642 4137 οὐχ
1673 4070 1969 4141 ἁρπαγμὸν

377 4150 628 4221 ἡγήσατο
654 4150 713 4202 τὸ
731 4146 870 4204 εἶναι
902 4153 994 4208 lca
1019 4154 1161 4225 Θεῷ,
1188 4156 1304 4209 ἀλλ’
1337 4159 1530 4213 ἑαυτὸν
1559 4161 1820 4229 ἐκένωσε,
1843 4182 1973 4235 μορ-

377 4240 486 4307 φὴν
516 4238 704 4291 δούλου
746 4240 948 4300 λαὸών.
1001 4262 1021 4298 ι
1067 4246 1141 4299 Οὐ
1164 4245 1274 4318 γὰρ
1321 4244 1501 4317 εἶπεν,
1529 4253 1587 4303 tv
1621 4258 1803 4325 μορφῇ
1836 4256 1972 4309 Θεοῦ

376 4332 693 4403 γενόμενος,
726 4334 866 4399 ἀλλ’,
902 4354 919 4387 ι
965 4338 1023 4391 ὲν
1058 4344 1240 4412 μορφῇ
1273 4342 1411 4396 Θεοῦ
1460 4346 1743 4415 ὑπάρχων.
1786 4369 1802 4399 ι
1840 4351 1974 4405 Οὐδὲ

377 4424 533 4479 εἶπεν
561 4428 673 4497 Οὐχ
713 4430 1007 4500 ἁρπαγμὸν
1036 4434 1285 4504 ,ἡγήσατο
1328 4436 1389 4488 τὸ
1427 4434 1565 4491 εἶναι
1622 4441 1714 4493 ἷσα
1759 4444 1968 4513 ἑαυτῷ,

2079 1952 2266 1997 noster
2299 1940 2498 1995 caruit.
2524 1939 2697 1995 Homo
2726 1942 2871 1994 enim
2896 1948 3091 1994 natura
3135 1939 3332 2005 factus,
3389 1940 3687 1993 secundum

2078 2040 2364 2103 peccatum
2411 2031 2592 2087 factus
2651 2040 2734 2086 est
2788 2031 2977 2088 homo.
3034 2030 3161 2085 ideo
3212 2031 3265 2085 in
3326 2030 3690 2085 similitudine

2080 2125 2262 2180 carnis
2289 2125 2498 2194 peccati
2522 2123 2799 2179 damnavit
2832 2122 2888 2176 in
2924 2136 3089 2177 carne
3117 2131 3400 2191 peccatum
3441 2142 3454 2176 :
3498 2124 3688 2175 huma-

2079 2236 2204 2275 nam
2256 2219 2475 2290 quidem
2530 2228 2782 2273 naturam
2834 2232 3146 2283 assumens,
3185 2228 3427 2271 attamen
3472 2218 3687 2288 tyranni

2080 2312 2363 2366 hominum
2418 2310 2631 2381 peccati
2670 2308 2861 2381 jugum
2917 2325 3024 2365 non
3066 2308 3313 2371 subiens,
3376 2308 3474 2362 sed
3530 2305 3690 2375 hujus

2078 2419 2293 2460 omnem
2319 2403 2654 2459 dominatum
2693 2416 2977 2473 respuens,
3020 2400 3524 2470 demonstransqne
3566 2398 3685 2453 ﬁeri

2078 2513 2237 2568 posse
2276 2508 2335 2551 ut
2376 2498 2432 2551 in
2485 2498 2725 2551 humana
2762 2506 2958 2551 natura
3019 2496 3228 2565 peccati
3284 2495 3387 2549 tela
3429 2495 3682 2549 vitemus.

2081 2592 2173 2646 Sic
2205 2588 2487 2644 damnavit
2516 2589 2569 2642 in
2606 2604 2775 2644 carne
2802 2598 3108 2655 peccatum,
3166 2587 3505 2643 debilitatem
3539 2572 3685 2655 ejus-

2080 2681 2201 2738 dem
2222 2696 2545 2752 coarguens,
2579 2681 2926 2753 tyrannidem
2971 2680 3255 2745 cohibens,
3294 2689 3461 2750 atque
3512 2680 3583 2733 ita
3620 2680 3685 2733 ad

2081 2773 2365 2829 victoriam
2411 2773 2662 2828 homines
2713 2773 2993 2828 erudiens.
3049 2772 3174 2828 Ideo
3234 2772 3446 2827 addidit
3494 2772 3683 2826 beatus

2081 2865 2317 2921 Paulus:
2350 2866 2915 2938 Utjustil‘tcatiolegis
2938 2866 3257 2935 impleretur
3298 2866 3349 2919 in
3380 2866 3556 2929 nobis,
3589 2865 3697 2935 qui

2080 2974 2188 3015 non
2228 2961 2526 3014 secundum
2568 2975 2790 3015 carnem
2842 2961 3213 3026 ambulamus,
3237 2960 3333 3015 sed
3381 2958 3683 3014 secundum

2082 3051 2356 3120 spiritum.
2408 3050 2552 3118 Ergo
2594 3050 2797 3105 luimus
2839 3049 3149 3120 justilicati,
3184 3060 3408 3120 peccato
3435 3051 3487 3103 in
3517 3066 3686 3105 carne

2082 3144 2356 3199 damnato.
2393 3142 2685 3197 Damnavit
2732 3152 2912 3198 autem
2960 3144 3012 3196 in
3043 3158 3208 3198 carne
3230 3152 3539 3212 peccatum,
3561 3159 3683 3195 cum

2081 3234 2134 3289 in
2179 3235 2590 3290 similitudinem
2634 3236 2817 3289 carnis
2890 3236 3103 3306 peccati
3167 3234 3429 3289 Servator
3501 3244 3687 3288 noster

2080 3326 2256 3381 factus
2290 3336 2416 3392 est;
2452 3326 2747 3381 humanam
2791 3328 3008 3396 quidem
3071 3335 3324 3382 naturam
3367 3341 3681 3390 assumens,

2080 3422 2304 3476 minime
2348 3431 2527 3475 tamen
2580 3420 2871 3475 dominans
2896 3421 2946 3476 ei
3008 3429 3292 3490 peccatum
3362 3420 3679 3476 admittens.

2081 3509 2172 3566 Sic
2198 3513 2354 3567 divus
2386 3513 2586 3567 Paulus
2630 3513 2812 3568 verbis
2850 3514 3039 3583 paucis
3092 3512 3410 3567 universum
3460 3511 3683 3567 haereti-

2079 3617 2266 3657 corum
2318 3618 2513 3673 agmen
2547 3603 2870 3675 prolligavit,
2930 3605 3096 3677 813
3125 3623 3195 3660 m.
3234 3604 3350 3659 Arii
3384 3606 3574 3674 utique
3629 3618 3685 3661 et

2081 3693 2329 3747 Eunomii
2364 3694 2635 3747 insaniam
2674 3695 2923 3751 refutans
2950 3694 3353 3766 praedictorum
3392 3698 3683 3752 verborum

2081 3786 2238 3839 initio
2271 3804 2283 3840 :
2321 3804 2338 3837 ι
2372 3785 2484 3840 Hoc
2514 3787 2661 3841 enim
2694 3789 2892 3843 sentite
2914 3790 2964 3843 in
2999 3792 3151 3847 vobis
3177 3792 3319 3859 quol
3355 3801 3409 3844 et
3443 3790 3493 3844 in
3523 3789 3683 3845 Citri-

2079 3885 2163 3930 sto
2206 3873 2356 3941 Jesu,
2391 3876 2630 3945 quicum
2669 3878 2719 3931 in
2757 3875 2930 3932 forma
2960 3878 3052 3933 Dei
3086 3889 3252 3945 esset,
3281 3896 3385 3934 non
3432 3883 3681 3950 rapinam

2078 3969 2375 4023 arbitratus
2393 3978 2479 4025 est
2507 3984 2629 4025 esse
2656 3985 2716 4025 se
2741 3970 3007 4039 aequalem
3038 3972 3165 4038 Deo,
3195 3973 3287 4027 sed
3320 3974 3679 4042 semetipsum

2078 4057 2400 4123 exinanivit,
2454 4058 2686 4112 formam
2742 4058 2886 4114 servi
2946 4059 3243 4128 accipiens.
3289 4078 3306 4109 ι
3365 4057 3480 4111 Νοη
3533 4058 3679 4114 enim

2078 4150 2232 4217 dixit,
2272 4151 2325 4203 in
2363 4148 2538 4204 forma
2567 4151 2660 4204 Dei
2683 4149 2876 4218 factus,
2912 4151 3027 4216 sed,
3070 4168 3088 4201 ι
3128 4166 3251 4204 cum
3279 4151 3330 4205 in
3367 4150 3542 4204 l'orma
3587 4149 3679 4205 Dei

2077 4253 2240 4297 esset.
2277 4262 2295 4292 ι
2343 4239 2531 4312 Neque
2572 4243 2701 4297 item
2741 4243 2879 4297 dixit
2910 4260 2924 4299 :
2951 4241 3067 4297 Non
3100 4243 3344 4313 rapinam
3380 4244 3684 4297 arbitratus

2078 4343 2159 4388 est
2184 4349 2306 4389 esse
2327 4349 2387 4389 se
2404 4335 2669 4405 aequalem
2694 4335 2913 4390 sibimet
2938 4346 3031 4389 aut
3050 4335 3277 4406 angelis,
3298 4346 3391 4389 aut
3413 4334 3679 4404 mqualem

2076 4438 2364 4491 creaturae,
2411 4428 2506 4482 sed
2559 4427 2824 4496 atqualem
2890 4427 3027 4483 dixit
3098 4428 3205 4482 Deo
3262 4427 3411 4481 Patri
3470 4426 3562 4495 qui
3624 4444 3684 4479 se

376 4519 410 4587 ἦ
440 4516 529 4571 ἴσα
561 4520 835 4589 ἀγγέλοις,
870 4522 902 4592 ἣ
934 4523 1023 4576 ἴσα
1053 4528 1117 4597 τῇ
1159 4526 1356 4593 κτίσει,
1380 4530 1496 4582 ἀλλ’
1543 4533 1653 4597 ἴσα,
1688 4534 1814 4605 ἔφη,
1856 4536 1974 4606 Θεῷ

2083 4529 2361 4589 genuerat,
2381 4518 2551 4584 Patri,
2590 4519 2834 4587 inquam,
2863 4519 3072 4587 absque
3103 4520 3390 4589 principio,
3415 4518 3682 4589 ingenito.

377 4612 456 4682 τῷ
483 4612 681 4683 Πατρὶ,
716 4615 794 4685 τῷ
824 4617 1167 4686 γεννήσαντι,
1196 4620 1439 4693 ἀνάρχῳ,
1468 4623 1544 4695 τῷ
1576 4628 1875 4699 ἀγεννήτῳ,
1894 4630 1972 4701 τῷ

377 4704 695 4775 ἀπεράντῳ,
726 4704 804 4776 τῷ
842 4706 948 4759 τῶν
977 4708 1114 4762 ὅλων
1146 4712 1413 4785 Δεσπὸτῃ.

454 4796 674 4865 ’Ἄρειος
703 4798 801 4867 μὲν
825 4793 918 4851 οὖν
942 4800 1036 4853 καὶ
1065 4802 1332 4872 Εύνὸμιος
1360 4806 1437 4877 (3)
1472 4809 1690 4879 ἰσχυρὸν
1722 4812 1969 4866 ἐντεῦθεν

380 4887 631 4954 ἐδέξαντο
659 4893 757 4961 τῆς
788 4892 993 4958 οἰκείας
1019 4895 1276 4961 ἀσεϐείας
1305 4899 1394 4952 τὸν
1442 4900 1662 4973 ἔλεγχον
1682 4945 1695 4968 ,
1729 4905 1821 4957 καὶ
1867 4907 1972 4960 Σα-

381 4979 589 5044 δέλλιος
613 4981 670 5033 δὲ
700 4982 793 5034 καλ⁵
818 4985 1140 5056 Μάρκελλος
1170 4990 1265 5043 καὶ
1295 4992 1582 5059 Φωτεινὸς,
1618 4998 1667 5049 οἱ
1696 4998 1798 5060 τάς
1823 5003 1974 5069 τρεῖς

382 5072 711 5138 ὑποστάσεις
759 5078 1107 5149 ἀρνούμενοι,
1140 5085 1237 5138 καὶ
1281 5085 1383 5150 τὰς
1425 5088 1523 5158 τῆς
1556 5087 1809 5161 θεότητος
1845 5104 1997 5161 συγ-’

382 5162 597 5231 χέοντες
628 5165 919 5236 ἰδιότητας,
951 5171 1202 5227 ἐντεῦθεν
1234 5174 1681 5247 βλασφημοῦντες
1728 5180 1976 5252 ἐλέγχον-ι

381 5272 507 5346 ταις
544 5256 730 5329 ’ἑτερος
773 5260 881 5332 γὰρ
932 5266 1072 5317 κατά
1112 5266 1212 5337 τὴν
1262 5268 1559 5322 ὑπόστασιν
1608 5274 1635 5324 ὁ
1686 5274 1743 5326 ὲν
1791 5277 1976 5346 μορφῇ

381 5344 519 5399 Θεοῦ
546 5347 827 5419 ὑπάρχων,
858 5355 950 5406 καὶ
982 5357 1165 5426 ἕτερος
1188 5360 1395 5423 ἐκεῖνος
1422 5356 1481 5416 οῦ
1510 5364 1568 5414 tv
1597 5368 1780 5436 μορφῇ
1808 5344 1983 5438 ὑπάρξ

458 5510 474 5537 '
520 5511 676 5564 liotn.
707 5528 825 5575 vttt,
861 5514 913 5579 5,
949 5515 1003 5570 4.

462 5673 537 5739 (l)
580 5671 798 5737 Legesis
817 5669 1076 5741 Cyrillum
1101 5674 1152 5727 in
1176 5676 1583 5731 commentariis
1606 5678 1717 5731 suis
1740 5678 1804 5730 ad
1830 5677 1970 5732 hunc

389 5739 533 5795 Pauli
566 5743 738 5811 locum
770 5739 906 5811 apqu
937 5760 1053 5797 nos.

459 5812 534 5879 (‘2)
579 5810 729 5867 llaud
774 5812 884 5867 svio
930 5830 995 5867 an
1040 5814 1123 5867 hic
1174 5814 1562 5884 interponenda
1611 5822 1679 5873 sit
1725 5820 1973 5888 negativa

2082 4611 2313 4675 inﬁnito,
2352 4626 2531 4664 rerum
2574 4611 2820 4663 omnium
2862 4609 3112 4664 Domino.

2154 4812 2320 4868 Arius
2364 4812 2528 4883 igitur
2580 4820 2745 4881 atque.
2772 4810 3074 4865 Eunomius
3102 4810 3336 4864 validam
3378 4811 3505 4864 hinc
3554 4824 3679 4879 per-

2081 4907 2322 4961 tulerunt
2350 4905 2649 4976 impietatis
2676 4918 2787 4960 suae
2832 4903 3273 4974 redargutionem
3306 4921 3317 4956 :
3348 4904 3680 4972 itisuperque

2082 4997 2353 5065 Sabellius
2372 5007 2428 5053 et
2454 4996 2743 5052 Marcellus
2777 5007 2942 5067 atque
2978 4994 3269 5059 Photinus,
3302 4995 3425 5065 -qui
3476 5006 3675 5065 negant

2078 5098 2189 5145 tres
2227 5090 2569 5160 hypostases,
2595 5096 2650 5143 et
2672 5087 2892 5142 deitatis
2915 5087 3256 5143 confundunt
3280 5086 3668 5156 proprietates.

2077 5182 2205 5236 hinc
2223 5181 2528 5251 blasphemi
2580 5188 2975 5251 coarguuntur.
3009 5180 3165 5235 Alius
3195 5180 3445 5234 estenim
3481 5194 3679 5234 secun-

2076 5277 2201 5327 dum
2226 5273 2563 5344 hypostasim
2595 5273 2681 5327 ille
2713 5274 2804 5342 qui
2844 5274 2897 5327 in
2954 5272 3123 5327 forma
3161 5271 3253 5326 Dei
3287 5281 3427 5335 erat,
3459 5283 3513 5327 et
3537 5272 3676 5328 alius

2077 5366 2165 5421 ille
2199 5366 2352 5435 cujus
2388 5369 2437 5421 in
2470 5368 2642 5421 forma
2666 5378 2783 5421 erat
2810 5387 2822 5421 :
2854 5380 2909 5422 et
2954 5368 3094 5423 alius
3135 5382 3323 5423 rursus
3378 5365 3468 5433 qui
3521 5366 3673 5436 rapi-

2082 5678 2344 5747 particula
2374 5681 2455 5745 οὐ,
2486 5696 2610 5734 non.

2156 5750 2232 5819 (3)
2279 5751 2333 5803 ln
2381 5753 2481 5803 hoc
2520 5761 2574 5805 et
2616 5762 2875 5819 sequente
2916 5756 3177 5821 opusculo
3220 5752 3421 5806 nullum
3466 5754 3675 5810 ha'rcti-

2084 5835 2205 5874 Cum
2243 5822 2606 5875 recentiorem
2642 5823 2907 5878 Eunomio
2942 5825 3182 5879 nominat
3212 5824 3467 5894 (lyr-illus.
