4058 6328
502 414 640 472 “Si

1528 418 1585 474 S.
1619 414 1892 474 CYRILLI
1929 411 2400 472 ALEXANDRlNI
2451 413 2771 472 ARCHIEP.

3614 415 3755 470 N3!

501 547 627 588 nam
652 547 756 589 non
778 534 1148 590 arbitrabatur
1161 549 1282 591 esse
1304 549 1363 590 se
1391 536 1648 606 :rqualem
1682 536 1813 600 Deo,
1842 545 1897 590 et
1937 533 2057 589 aliut

2177 552 2294 604 χει·
2334 535 2427 588 καὶ
2454 535 2612 600 ἄλλος
2640 536 2801 591 πάλιν
2831 536 2858 589 ὁ
2993 533 3286 607 ἁρπαγμὸν
3316 531 3655 604 ἢγησιὶμενος
3692 530 3753 582 τὸ

503 622 592 678 ille
614 624 699 677 cui
722 624 1062 694 esttequalis,
1086 627 1179 680 sed
1205 642 1307 682 non
1331 629 1431 682 sibi
1462 628 1824 697 aqualitatem
1843 643 1963 682 cum
1982 626 2071 681 illo

501 714 699 780 rapuit.
738 711 1001 771 Praeterea
1041 716 1130 772 ille
1187 719 1352 773 etiam
1411 718 1528 773 [ειΙεί
1573 719 1811 774 nominis
1846 717 2067 783 Paulus,

499 800 591 868 qui
636 800 940 859 Servatoris
991 816 1114 861 ante
1163 807 1356 861 saecula
1396 807 1802 877 generationem
1836 807 2068 877 negavit,

497 888 776 946 Judaicam
844 897 1165 952 sententlam
1214 898 1424 963 fovens,
1479 899 1640 955 etde
1692 899 1909 967 Virgine
1955 908 2070 951 tan-

501 982 776 1035 tummodo
806 993 990 1037 natum
1021 986 1302 1040 confessus
1323 997 1430 1051 est,
1479 1003 1542 1041 ex
1591 988 1673 1042 his
1717 989 1849 1056 ipsis
1892 986 2071 1042 verbis

500 1068 714 1138 dignam
764 1074 1041 1142 impietate
1083 1092 1178 1131 sua
1229 1080 1371 1148 capit
1412 1080 1787 1146 ignominiam.
1841 1079 2072 1133 nocetur

497 1161 642 1214 enim
672 1163 799 1218 hinc
829 1179 856 1217 a
881 1165 1004 1221 divo
1031 1161 1197 1222 Paulo
1223 1180 1279 1223 et
1305 1171 1396 1224 Dei
1441 1169 1671 1224 Verbum
1700 1171 1843 1240 quod
1883 1185 2069 1225 susce-

498 1250 596 1318 pit.
628 1264 680 1308 et
711 1255 1002 1310 humanam
1037 1243 1341 1329 suscep‘t'am
1397 1272 1666 1329 naturam,
1706 1273 1762 1317 et
1804 1265 2067 1333 praeexsi-

497 1352 724 1398 stentem
747 1346 838 1402 Dei
859 1348 1110 1412 formam.
1127 1363 1182 1408 et
1203 1354 1254 1407 in
1274 1354 1378 1408 line
1395 1355 1714 1410 saeculorum
1736 1367 2065 1425 assumptum

497 1435 564 1488 ab
592 1439 780 1491 eadem
827 1442 970 1494 servi
1023 1440 1278 1498 formam.
1332 1447 1560 1501 Docetur
1613 1447 1815 1517 pariter
1867 1437 2064 1516 Apolli-

495 1527 643 1582 naris
680 1544 801 1584 cum
845 1531 975 1589 Ario
998 1544 1159 1606 atque
1188 1536 1475 1603 Eunomio,
1527 1541 1669 1608 quod
1728 1554 2063 1609 nequaquam

494 1620 638 1675 Deus
685 1622 942 1690 Verbum,
990 1629 1134 1696 quod
1181 1639 1264 1684 est
1312 1631 1670 1695 immutabile,
1734 1633 1786 1684 in
1845 1644 2064 1684 carnem

495 1709 659 1765 fuerit
732 1714 1098 1783 immutatum,
1150 1720 1242 1773 sed
1312 1721 1455 1788 quod
1510 1734 1690 1775 nostra
1759 1723 2062 1775 substantia

495 1818 806 1876 assumpta,
854 1808 1082 1863 salutem
1145 1819 1384 1865 nostram
1423 1812 1494 1868 sit
1541 1821 1844 1882 operatum.
1894 1812 2064 1866 Porro

492 1899 741 1964 superius
802 1899 961 1953 dictis
1017 1901 1532 1967 demonstravimus,
1618 1903 1848 1957 formam
1920 1905 2060 1958 servi

491 1991 813 2057 appellatam
847 2007 967 2047 esse
1003 1993 1238 2048 hominis
1288 2005 1560 2048 naturam.
1609 1994 1743 2048 Nam
1789 1997 1834 2048 si
1889 1994 2062 2050 forma

492 2079 585 2134 Dei
650 2092 734 2135 est
784 2083 1087 2137 substantia
1120 2083 1212 2137 Dei
1259 2084 1433 2154 (caret
1479 2087 1624 2140 enim
1677 2100 1860 2139 revera
1894 2086 2063 2140 forma

489 2170 657 2244 814
682 2189 748 2225 m.
780 2183 834 2227 et
864 2175 1053 2244 quavis
1078 2176 1257 2246 specie
1287 2175 1449 2239 Deus,
1480 2177 1570 2245 qui
1602 2188 1684 2231 est
1705 2178 1952 2244 simplex,
1988 2177 2067 2231 in-

491 2266 840 2334 compositus,
880 2277 931 2322 et
966 2269 1111 2321 omni
1150 2268 1322 2340 figura
1368 2270 1699 2340 destitutus),
1733 2271 1978 2340 sequitur
2007 2280 2065 2324 ut

488 2356 630 2410 servi
688 2359 881 2424 forma,
947 2374 1098 2429 aeque
1146 2363 1287 2416 servi
1331 2362 1632 2416 substantia
1705 2361 2056 2432 intelligatur.

491 2448 643 2502 Servi
697 2460 875 2504 autem
916 2452 1242 2519 substantia,
1291 2453 1342 2506 id
1390 2464 1474 2508 est
1521 2454 1779 2518 hominis,
1826 2469 1931 2507 non
1981 2463 2064 2509 est

489 2556 685 2609 corpus
729 2543 829 2598 hoc
885 2545 1255 2598 tantummodo
1304 2544 1444 2612 quod
1500 2555 1742 2612 apparet,
1803 2547 1895 2598 sed
1952 2555 2060 2599 tota

489 2635 724 2688 hominis
769 2646 959 2688 natura
1017 2652 1045 2688 a
1099 2636 1455 2703 prudentibus
1507 2636 1867 2690 exiStimalur.
1917 2636 2061 2692 Prae-

489 2735 633 2780 terea
668 2739 721 2780 et
750 2727 820 2780 illi
857 2728 1148 2796 impietatis
1182 2727 1547 2797 antesignani,
1601 2739 1654 2782 et
1716 2729 2062 2796 blasphemia:

486 2817 749 2872 adversus
788 2827 988 2873 rectam
1039 2818 1197 2872 ﬁdem
1231 2819 1389 2888 primi
1450 2829 1722 2882 auctores,
1779 2822 1869 2888 qui
1892 2821 2057 2888 _Chri-

485 2907 782 2962 stianerum
818 2910 1033 2978 quidem
1087 2910 1188 2964 sibi
1232 2883 1449 2967 nomina
1505 2883 1902 2981 imposuerunt:
1965 2917 2056 2969 sed

484 3000 879 3054 idololalricum
972 3001 1318 3070 polytheismi
1398 3016 1642 3056 errorem
1707 3017 2056 3074 superarunt,

483 3093 743 3157 Marcian,
793 3094 1032 3164 inquam,
1083 3103 1141 3148 et
1173 3094 1379 3157 Manes,
1431 3107 1486 3149 et
1543 3098 1722 3152 caeteri
1759 3099 2057 3167 pestilentis

2175 620 2314 678 εἶναι
2361 625 2452 678 ἶσα
2493 627 2632 697 Θεῷ,
2671 629 2800 696 παρ’
2848 629 3054 681 ἐκεῖνον
3083 623 3147 682 οὗ
3175 628 3287 690 ίσος
3335 625 3587 693 ὑπάρχει,
3637 621 3752 672 ἀλλ’

2175 717 2274 786 οὐχ
2305 718 2556 787 ἥρπασεν
2587 719 2685 788 τὴν
2728 717 2864 789 πρὸς
2907 718 3070 771 αὑτὸν
3099 717 3338 788 ἰσότητα.
3380 714 3524 785 Πρὸς
3550 712 3606 765 δὲ
3635 711 3749 763 ratio

2171 828 2284 872 τοις
2331 811 2478 864 καὶὸ
2505 810 2853 881 ψευδώνυμος
2899 809 3110 874 Παῦλος
3153 809 3250 878 (Ι),
3298 806 3452 877 ὀπὴν
3504 806 3602 874 μὲν
3643 802 3749 870 πρὸ

2172 903 2382 956 αἰώνων
2412 902 2668 974 γέννησιν
2691 903 2785 956 τοῦ
2812 904 3061 973 Σωτῆρος
3085 903 3437 972 ἀρνούμενος,
3473 893 3749 964 Ἰουδαῖκῷ

2149 995 2229 1069 ,δὲ
2257 995 2596 1064 κεχρημένος
2631 997 2959 1065 φρονήματι.
2992 995 3086 1046 καὶ
3129 991 3228 1062 τὴν
3255 993 3318 1042 ἐκ
3349 987 3625 1058 Παρθένου
3654 986 3751 1055 μό-

2172 1103 2268 1156 νην
2287 1085 2585 1155 ὁμολογῶν,
2608 1087 2672 1138 ἐκ
2693 1087 2802 1138 τῶν
2827 1086 3006 1138 αὐτῶν
3033 1085 3235 1138 τούτων
3253 1083 3446 1150 λόγων.
3474 1080 3573 1151 τὴν
3591 1077 3750 1143 ἀξίαν

2171 1180 2270 1248 τῆς
2319 1178 2574 1241 ἀσεϐείας
2618 1179 2878 1248 αἰσχύνην
2925 1177 3263 1249 καρποῦται·
3298 1175 3607 1228 διδάσκεται
3638 1174 3750 1243 γὰρ

2173 1272 2276 1324 ὑπὸ
2301 1271 2394 1323 τοῦ
2439 1271 2584 1324 θείου
2633 1271 2845 1323 Παύλου
2886 1271 2975 1324 τὸν
3003 1269 3234 1323 λαόὀντα
3261 1267 3395 1322 Θεὸν
3427 1267 3620 1334 Λόγον.
3653 1265 3751 1318 καὶ

2170 1365 2267 1433 τὴν
2295 1364 2640 1434 ἀνθρωπείαν
2674 1363 2833 1433 φύσιν
2866 1365 2962 1433 τὴν
2991 1364 3305 1432 ληφθεῖσαν,
3338 1361 3438 1431 τὴν
3470 1358 3750 1428 προϋπάρ-

2169 1475 2262 1527 χου
2273 1474 2368 1509 σαν
2390 1457 2601 1528 μορφὴν
2625 1455 2717 1508 τοῦ
2748 1454 2905 1519 Θεοῦ,
2934 1457 3028 1508 καὶ
3056 1457 3112 1507 ἐν
3138 1454 3213 1523 τῷ
3236 1453 3380 1506 τέλει
3405 1452 3513 1506 τῶν
3534 1452 3746 1505 αἰώνων

2172 1549 2611 1618 προσληφθεῖσαν
2649 1548 2741 1599 ἀπ’
2789 1546 3002 1615 ἐκείνης
3049 1544 3237 1597 δούλου
3296 1544 3529 1614 μορφήν.
3587 1541 3744 1595 Διδά-

2174 1659 2365 1694 σκεται
2394 1641 2449 1693 δὲ
2486 1639 2648 1693 πάλιν
2689 1637 3061 1706 Ἀπολινάριος
3094 1637 3189 1688 σὺν
3235 1634 3429 1704 Ἀρείῳ
3460 1633 3552 1687 καὶ
3584 1631 3746 1685 Εὐνο-

2172 1734 2299 1803 μίῳ,
2328 1733 2404 1794 ὡς
2447 1733 2545 1802 οὐχ
2574 1732 2602 1782 ὁ
2650 1729 2783 1792 θεὸς
2825 1730 2996 1796 Λόγος
3035 1731 3063 1781 ὁ
3106 1729 3394 1798 ἄτρεπτος,
3437 1727 3514 1790 εἰς
3547 1723 3747 1797 σαρκὸς

2094 1873 2135 1926 Β
2168 1826 2329 1894 φύσιν
2357 1825 2591 1893 ἐτράπη,
2624 1822 2759 1875 ἀλλὰ
2787 1823 2884 1892 τὴν
2914 1821 3193 1891 ἡμετέραν
3220 1817 3504 1873 ἀναλαϐὼν
3533 1815 3743 1926 οὐσίαν.

2169 1919 2266 1989 τὴν
2296 1917 2568 1989 ἡμετέραν
2591 1916 3083 1987 ἐπραγματεύσατο
3107 1913 3398 1982 σωτηρίαν.
3443 1909 3747 1976 Ἀπεδείξα·

2172 2027 2271 2079 μεν
2316 2010 2392 2073 δὲ,
2436 2010 2501 2062 δι’
2536 2003 2610 2061 ὧν
2656 2005 2978 2078 εἰρήκαμεν,
3019 2004 3231 2076 μορφὴν
3276 2003 3462 2056 δούλου
3507 2001 3605 2072 τὴν
3649 2000 3743 2053 τοῦ

2168 2099 2454 2170 ἀνθρώπου
2485 2097 3034 2170 προσαγορευομένην
3054 2095 3234 2147 ουσίαν
3255 2111 3268 2122 ·
3299 2094 3347 2144 εἰ
3369 2092 3474 2162 γὰρ
3503 2093 3535 2160 η
3563 2089 3745 2161 μορφὴ

2167 2190 2260 2243 τοῦ
2295 2189 2449 2249 Θεοῦ,
2476 2189 2633 2241 οὐσία
2662 2186 2756 2239 τοῦ
2787 2186 2921 2239 Θεοῦ
2948 2203 2960 2214 '
2986 2187 3310 2256 ἁμόρφωτον
3338 2182 3447 2253 γὰρ
3473 2183 3566 2235 καὶ
3598 2181 3744 2233 ἀνεί-

2165 2283 2283 2335 δεον
2310 2282 2368 2334 τδ
2393 2282 2567 2334 Θεῐον·
2597 2278 2800 2333 ἁπλοῦν
2834 2278 2892 2330 δὲ
2921 2278 3014 2330 καὶ
3046 2274 3335 2329 ἀσύνθετον
3364 2274 3456 2326 καὶ
3495 2271 3745 2340 ἀσχημὰ-

2164 2391 2364 2434 τιστον,
2397 2371 2488 2425 καὶ
2517 2375 2548 2441 ἡ
2589 2369 2682 2423 τοῦ
2711 2368 2899 2422 δούλου
2933 2367 3115 2438 μορφὴ
3145 2366 3386 2436 δηλονότι
3436 2366 3594 2418 οὐσία
3623 2365 3744 2416 δού-

2164 2464 2255 2517 λου
2297 2465 2518 2525 εἰκότως
2552 2464 2616 2516 ἂν
2661 2460 2912 2530 νοηθείη·
2946 2459 3104 2512 οὐσία
3131 2459 3189 2512 δὲ
3216 2457 3425 2522 δούλου,
3465 2457 3744 2510 τουτέστιν

2163 2552 2472 2623 ἀνθρώπου,
2498 2552 2558 2604 οὐ
2590 2551 2651 2603 τὸ
2677 2549 3002 2619 φαινόμενον
3038 2549 3195 2618 σῶμα
3232 2548 3411 2618 μόνον,
3434 2547 3569 2601 ἀλλὰ
3595 2551 3740 2601 πᾶσα

2163 2645 2256 2698 τοῦ
2287 2643 2572 2714 ἀνθρώπου
2603 2643 2636 2712 ἡ
2665 2641 2826 2711 φύσις
2857 2641 3008 2712 παρὰ
3052 2643 3163 2703 τοῖς
3191 2639 3563 2711 σωφρονοῦσιν
3591 2640 3740 2692 νενό-

2166 2755 2373 2808 μισται.
2397 2735 2538 2806 Πρὸς
2563 2735 2620 2787 δὲ
2641 2733 2850 2797 τούτοις
2869 2736 2916 2786 οἱ
2943 2733 3319 2802 πρωτοστάται
3341 2731 3441 2802 τῆς
3464 2731 3741 2798 ἀσεϐείας,

2143 2831 2255 2883 Αιαί
2302 2829 2505 2900 πρῶτοι
2560 2825 2656 2896 τὴν
2707 2825 3054 2896 βλασφημίαν
3107 2826 3252 2877 κατὰ
3306 2825 3404 2894 τῆς
3459 2822 3741 2886 εὐσεϐείας

2164 2921 2581 2990 βλαστήσαντες,
2630 2917 2725 2970 καὶ
2770 2915 3113 2987 Χριστιανῶν
3161 2915 3260 2985 μὲν
3304 2915 3475 2985 ὄνομα
3522 2915 3740 2976 ἑαυτοῖς

2161 3012 2459 3073 ἐπιθέντες,
2490 3011 2671 3063 πᾶσαν
2705 3009 2759 3062 δὲ
2790 3011 2887 3079 τὴν
2916 3009 3174 3062 πολύθεον
3202 3007 3310 3061 τῶν
3339 3008 3571 3060 εἰδώλων
3605 3007 3729 3060 πλά-

2161 3119 2258 3171 νην
2288 3101 2830 3170 ὺπερακοντίσαντες,
2861 3099 3146 3168 Μαρκίων,
3193 3101 3357 3169 φημὶ,
3393 3099 3486 3152 καὶ
3523 3099 3732 3168 Μάνης,

481 3186 693 3238 Illorum
737 3187 1009 3239 cathedrae
1064 3187 1408 3242 consectanei
1463 3197 1515 3242 et
1570 3190 1844 3256 discipuli,
1879 3208 1943 3244 ex
1971 3191 2052 3243 his

2161 3194 2253 3245 καὶ
2282 3193 2330 3245 οἰ
2357 3195 2453 3262 τῆς
2483 3191 2733 3262 λοιμικῆς
2757 3191 2935 3244 αὐτῶν
2963 3191 3231 3262 καθέδρας
3264 3192 3462 3260 μύσται
3506 3192 3600 3244 καὶ
3627 3193 3729 3258 γεί-

483 3274 611 3342 ipsis
670 3274 906 3341 Apostoli
962 3275 1139 3329 verbis
1217 3291 1367 3328 suam
1437 3278 1711 3331 vesaniam
1774 3280 1906 3332 satis
1958 3296 2050 3333 co-

481 3373 766 3433 gnoscunt.
814 3364 946 3416 Nam
983 3380 1104 3417 cum
1132 3366 1228 3433 ipsi
1263 3365 1472 3420 Domini
1509 3369 1800 3422 secundum
1835 3385 2050 3425 carnem

479 3455 819 3518 nativitatem
845 3465 899 3507 et
929 3457 1322 3509 humanitatem
1350 3474 1457 3512 non
1494 3460 1804 3518 admittant,
1828 3461 2054 3515 audiunt

479 3547 954 3615 prreclarissimum
993 3545 1212 3602 Paulum
1245 3548 1547 3613 docentem,
1577 3552 1717 3614 quod
1759 3551 1847 3606 Dei
1882 3554 2050 3607 forma

479 3640 618 3693 servi
655 3639 886 3693 formam
911 3641 1232 3709 susceperit.
1263 3641 1414 3696 Servi
1449 3652 1626 3696 autem
1687 3644 1858 3699 forma
1912 3648 2050 3700 haud

478 3728 761 3798 phantasia
788 3729 1182 3798 quaedam-erat,
1203 3743 1373 3798 neque
1400 3731 1609 3798 umbra,
1637 3749 1809 3801 neque
1834 3751 2048 3790 aereum

478 3818 848 3884 simulacrum,
884 3834 1059 3887 neque
1086 3819 1229 3873 aliud
1269 3821 1484 3887 quidvis
1515 3822 1824 3891 hujusuiodi
1864 3828 2046 3894 appel-

479 3911 640 3975 latur,
672 3911 764 3963 sed
796 3911 935 3964 servi
962 3920 1172 3963 natura.

548 4003 699 4068 Quod
734 4003 776 4056 si
815 4002 1198 4070 subsequentia
1235 4005 1322 4058 illa
1355 4004 1518 4058 verba
1579 4008 1734 4061 nobis
1768 4008 2045 4078 ohjiciant,

484 4115 499 4145 ι
536 4095 587 4147 iu
615 4093 1021 4148 similitudinem
1045 4095 1278 4148 hominis
1311 4096 1508 4163 factus,
1528 4100 1778 4153 ethahitu
1803 4101 2049 4155 inventus

478 4195 536 4239 ut
561 4190 721 4239 homo
750 4203 765 4252 ;
800 4203 818 4237 ι
849 4199 1057 4239 necnon
1095 4186 1182 4238 illa
1232 4187 1297 4241 ad
1340 4187 1613 4244 Romanos
1642 4209 1655 4244 :
1681 4209 1698 4241 ι
1728 4191 1780 4244 in
1804 4192 2048 4246 similitu-

477 4277 655 4331 dinem
681 4275 862 4328 carnis
891 4276 1096 4343 peccati
1127 4275 1147 4306 ⁸
1183 4291 1198 4329 ι
1251 4295 1268 4327 ι
1307 4279 1479 4346 primo
1516 4282 1728 4348 quidem
1766 4283 2042 4337 stultitiam

476 4367 712 4434 ipsorum
754 4367 1155 4421 convincemus.
1197 4366 1328 4420 Nam
1364 4369 1407 4422 si
1431 4370 1614 4434 verba,
1659 4391 1676 4422 ι
1715 4373 1768 4424 in
1796 4374 2047 4427 similitu-

474 4457 650 4511 dinem
712 4457 966 4522 hominis,
1018 4470 1074 4513 et
1132 4460 1316 4514 habitu
1370 4461 1618 4516 inventus
1671 4475 1727 4516 ut
1805 4467 1984 4532 homo,
2025 4488 2040 4517 ι

2157 3299 2327 3345 τονες,
2375 3281 2441 3334 δι’
2470 3282 2646 3334 αὐτῶν
2681 3281 2888 3334 τούτων
2914 3281 3023 3333 τῶν
3073 3283 3332 3352 ῥημάτων
3389 3282 3484 3351 τὴν
3530 3282 3736 3333 οἰκείαν

2156 3373 2542 3445 παραπληξίαν
2587 3374 2918 3443 μανθάνουσι
2938 3391 2952 3405 ·
2984 3373 3083 3442 τὴν
3117 3373 3254 3425 κατὰ
3298 3372 3476 3443 σάρκα
3505 3372 3612 3442 γὰρ
3644 3371 3734 3425 τοῦ

2157 3468 2361 3538 Κυρίου
2394 3466 2644 3537 γέννησίν
2673 3483 2732 3519 τε
2785 3465 2879 3518 καὶ
2902 3465 3057 3519 ἐνανο
3069 3465 3314 3536 ρώπησιν
3343 3466 3403 3518 οὐ
3431 3465 3730 3535 δεχόμενοι,

2155 3560 2414 3613 ἀκούουσι
2451 3560 2549 3613 ’τοῦ
2598 3560 2874 3613 θειοτάτου
2916 3559 3128 3612 Παύλου
3160 3559 3521 3623 διδάσκοντος,
3581 3559 3656 3622 ὡς
3700 3561 3732 3631 ὴ

2154 3651 2247 3704 τοῦ
2277 3650 2410 3703 Θεοῦ
2443 3650 2624 3720 μορφὴ
2653 3649 2809 3701 ἔλαϐε
2841 3650 2939 3719 τὴν
2972 3650 3066 3704 τοῦ
3095 3649 3283 3704 δούλου
3318 3652 3529 3720 μορφήν
3552 3665 3568 3680 ο
3600 3653 3636 3721 ή
3677 3649 3732 3702 δὲ

2152 3744 2244 3796 τοῦ
2302 3743 2487 3797 δούλου
2539 3743 2720 3812 μορφὴ
2761 3744 2821 3796 οὐ
2850 3743 3118 3811 φαντασία
3145 3760 3227 3805 τις
3273 3738 3372 3813 ἦν,
3416 3742 3537 3796 οὐδὲ
3585 3743 3730 3803 σκιὰ.

2154 3835 2272 3887 οὐδὲ
2319 3834 2502 3903 ἀέριον
2558 3832 2823 3902 ἵνδαλμα,
2878 3834 2984 3886 οὐδ’
3031 3834 3158 3888 ἄλλο
3209 3851 3262 3886 τι
3307 3835 3415 3886 τῶν
3471 3833 3730 3887 τοιούτων

2156 3925 2641 3996 προσαγορεύεται,
2671 3926 2784 3977 ἀλλ’
2820 3927 2852 3995 ή
2887 3925 2981 3978 τοῦ
3005 3926 3192 3979 δούλου
3229 3926 3410 3994 φύσις.

2225 4018 2284 4068 Εἰ
2320 4017 2374 4069 δὲ
2403 4017 2470 4069 τὰ
2497 4017 2811 4086 ὲπαγόμενα
2829 4019 2958 4088 ἡμῖν
2980 4018 3385 4088 προϐάλλοιντο,
3413 4039 3431 4070 ι
3465 4023 3518 4071 ἐν
3537 4020 3730 4089 ὁμοιώ-

2156 4125 2284 4174 ματι
2317 4106 2603 4180 ἀνθρώπου
2635 4108 2943 4178 γενόμενος,
2975 4109 3069 4161 καὶ
3109 4110 3349 4178 σχήματι
3382 4109 3626 4179 εὑρεθεὶς
3657 4109 3729 4172 ὡς

2153 4201 2457 4271 ἄνθρωπος.
2503 4221 2520 4252 ›
2551 4201 2642 4253 καὶ
2697 4201 2757 4253 τὸ
2812 4202 2872 4254 ὲν
2918 4205 2985 4272 τῇ
3018 4201 3153 4271 πρὸς
3204 4202 3527 4272 Ῥωμαίους,
3591 4222 3607 4252 ι
3674 4206 3731 4255 ὲν

2154 4291 2458 4361 ὁμοιώματι
2511 4292 2707 4361 σαρκὸς
2751 4293 3043 4362 ἁμαρτίας,
3088 4311 3106 4342 ι
3158 4292 3374 4363 πρῶτον
3417 4293 3594 4345 αὐτῶν
3634 4294 3729 4364 τὴν

2153 4383 2336 4437 ἄνοιαν
2369 4384 2729 4453 διελέγξωμεν
2752 4404 2764 4415 ·
2798 4385 2845 4436 εἰ
2883 4385 2989 4455 γὰρ
3018 4385 3096 4450 τὸ,
3143 4405 3160 4436 ι
3198 4389 3256 4439 ἐν
3295 4385 3602 4457 ὁμοιώματι
3637 4389 3727 4440 ἀν-

2154 4474 2392 4545 θρώπου,
2421 4477 2512 4526 καὶ
2549 4477 2788 4545 σχήματι
2823 4476 3066 4547 εὑρεθεὶς
3094 4477 3168 4540 ὡς
3201 4477 3506 4548 ἄνθρωπος,
3545 4498 3562 4530 ι
3597 4497 3728 4547 φαν-

474 4549 816 4617 phantasiam
882 4550 1113 4618 aliquam
1184 4551 1472 4606 humanam
1532 4556 1814 4623 denotant,
1901 4563 2041 4613 servi

2158 4567 2340 4618 τασίαν
2376 4567 2496 4618 τινὰ
2527 4567 2870 4634 ἀνθρωπείαν
2905 4567 3072 4636 δηλοῖ,
3105 4570 3137 4638 ἡ
3173 4569 3227 4621 δὲ
3263 4571 3443 4640 μορφὴ
3481 4570 3574 4624 τοῦ
3609 4571 3728 4626 δού-

474 4649 653 4691 autem
691 4637 883 4700 forma,
937 4649 1127 4692 natura
1180 4642 1414 4695 hominis
1466 4654 1546 4697 est
1575 4662 1587 4697 :
1621 4649 2044 4702 contradicentia

473 4731 653 4797 posuit
699 4730 1009 4799 Apostolus.
1065 4731 1182 4786 Jam
1243 4735 1288 4787 si
1333 4734 1572 4803 Apostoli
1633 4744 1794 4793 verba
1826 4743 2047 4797 minime

476 4823 703 4876 invicem
721 4825 1120 4888 contradicunt,
1157 4839 1287 4880 sane
1313 4827 1592 4892 discimus,
1624 4831 1764 4883 servi
1795 4831 2045 4899 formam,

476 4916 616 4968 servi
653 4929 773 4970 esse
798 4917 1178 4972 substantiam.
1221 4918 1389 4973 Porro
1412 4919 1462 4972 in
1494 4920 1768 4975 hominum
1804 4924 2050 4978 similitu-

475 5007 655 5060 dinem
706 5004 848 5072 εἰει-ἰ,
887 5016 942 5062 et
994 5007 1181 5063 habitu
1227 5019 1286 5063 ut
1326 5011 1599 5065 hominem
1645 5013 1897 5080 inveniri,
1963 5018 2040 5071 sic
2088 5026 2094 5029 ’

476 5099 836 5168 intelligemus
881 5118 898 5165 ;
953 5115 1144 5170 nempe
1213 5102 1496 5156 Dominum
1559 5115 1801 5160 nostrum
1856 5106 2038 5163 Jesum

473 5191 775 5256 Christum,
806 5200 1058 5246 naturam
1090 5202 1329 5246 nostram
1359 5195 1668 5259 habentem,
1701 5213 1803 5250 non
1837 5197 1888 5251 iu
1913 5216 2044 5253 cun-

473 5283 578 5337 ctis
629 5283 782 5339 nobis
814 5283 981 5338 fuisse
1012 5285 1293 5354 mqualcm.
1331 5285 1572 5354 Namque
1615 5297 1665 5341 et
1724 5289 1836 5357 ipse
1886 5304 2046 5346 natus

471 5386 554 5430 est
596 5377 664 5431 de
703 5377 949 5442 muliere,
1005 5378 1101 5433 sed
1158 5378 1260 5432 alia
1315 5394 1378 5433 ac
1429 5395 1525 5434 nos
1558 5383 1766 5436 ratione
1803 5400 1817 5450 ;
1849 5386 2047 5456 quippe

471 5469 562 5536 qui
619 5469 685 5522 de
739 5468 988 5539 virginali
1043 5469 1240 5539 prodiit
1293 5469 1468 5524 vulva.
1518 5471 1583 5527 Et
1615 5473 1775 5530 homo
1829 5478 2044 5546 quidem

540 5649 563 5681 ⁸
599 5649 753 5705 Rom.
787 5667 909 5716 vut,
940 5653 993 5707 5.

546 5827 620 5890 (l)
661 5827 914 5899 lutelligit
948 5827 1168 5884 Paulum
1206 5831 1656 5890 Samosatensem.

2147 4659 2258 4723 λου,
2294 4659 2452 4727 φύσις
2475 4658 2783 4729 ἀνθριδπου’
2808 4661 3026 4712 ἐναντία
3060 4661 3273 4730 τίθησιν
3297 4665 3324 4715 ὁ
3375 4665 3723 4730 Ἀπόστο>.ος’

2150 4754 2196 4803 εἰ
2245 4752 2299 4804 δὲ
2331 4753 2430 4804 οὐκ
2464 4752 2677 4805 ἐναντία
2708 4752 2800 4806 τοῦ
2850 4754 3174 4807 Ἀποστόλου
3219 4757 3286 4809 τὰ
3327 4758 3568 4828 ῥήματα.
3614 4761 3716 4830 μά-

2150 4847 2330 4914 θωμεν
2360 4844 2433 4909 ὡς
2464 4848 2495 4915 ἡ
2530 4846 2622 4898 τοῦ
2654 4847 2840 4900 δούλου
2875 4851 3078 4919 μορφὴ,
3111 4850 3268 4903 οὐσία
3298 4850 3482 4904 δούλου
3525 4856 3727 4923 τυγχά-

2149 4954 2248 4991 νει.
2283 4938 2356 4989 Τὸ
2387 4937 2442 4988 δὲ
2487 4939 2543 4990 ἐν
2577 4938 3203 5011 ὁμοιιῦματιὰνθρώπων
3231 4941 3310 5013 (‘2)
3331 4945 3606 5013 γενέσθαι,
3636 4947 3726 4999 καὶ

2154 5028 2389 5097 σχήματι
2440 5028 2729 5099 εὑρεθῆναι
2767 5031 2842 5094 ὡς
2889 5032 3196 5103 ἄνθρωπον,
3232 5033 3404 5098 οὕτως
3438 5038 3722 5107 νοήσομεν,

2148 5119 2226 5170 ὅτι
2279 5119 2306 5169 ὁ
2349 5119 2550 5189 Κύριος
2597 5122 2751 5192 ήμῶν
2792 5123 2997 5195 Ἰησοῦς
3043 5127 3274 5195 Χριστὸς
3312 5130 3411 5198 τὴν
3449 5132 3722 5203 ἡμετέραν

2146 5209 2282 5279 ἔχων
2318 5211 2496 5279 φύσιν,
2546 5213 2606 5264 οὑ
2643 5216 2783 5267 κατὰ
2826 5217 3003 5271 πάντα
3059 5219 3170 5281 ἴσος
3215 5222 3346 5289 ἡμῖν
3399 5222 3716 5292 ἐτύγχανενο

2145 5300 2406 5368 ἐγεννήθη
2442 5300 2541 5368 μὲν
2576 5303 2680 5372 γὰρ
2708 5305 2772 5356 ὲκ
2802 5308 3057 5373 γυναικὸς
3112 5308 3205 5359 καὶ
3254 5311 3435 5374 αὐτὸς,
3472 5312 3586 5364 ἀλλ’
3626 5315 3720 5383 οὐχ

2145 5389 2342 5457 ὁμοίως
2373 5391 2532 5460 ἡμῖν·
2558 5393 2621 5444 ἐκ
2649 5394 2984 5465 παρθενικῆς
3009 5397 3117 5467 γὰρ
3143 5398 3441 5471 ἐϐλάστησε
3473 5403 3681 5474 μήτρας
3704 5421 3717 5433 ·

2147 5482 2239 5533 καὶ
2277 5483 2478 5546 τέλειος
2533 5485 2629 5553 μὲν
2677 5486 2960 5556 ἄνθρωπος
3009 5485 3075 5557 ἦν
3131 5490 3205 5554 ὡς
3258 5494 3452 5562 ἡμεῖς·
3501 5488 3614 5563 εἶχε
3667 5495 3718 5549 δὲ

2216 5841 2291 5910 (2)
2337 5841 2405 5896 ita
2442 5841 2525 5898 hic.
2564 5844 2680 5899 cod.
2717 5853 2771 5899 ut
2809 5846 2857 5900 in
2901 5849 3023 5903 edit.
