4058 6328
335 445 478 504 “53
1509 437 1596 495 DE
1635 432 2168 494 INCARNATIONE
2205 433 2469 497 DQMINI.
3488 421 3630 481 ιιδι

337 563 505 617 πλέον
541 564 673 635 ἡμῖν
715 563 810 618 τοῦ
857 561 994 618 Θεοῦ
1037 561 1211 632 Λόγου
1254 560 1356 631 τὴν
1407 557 1679 628 ἐνοίκησιν
1720 573 1778 608 τε
1823 555 1919 608 καὶ

2023 553 2298 624 perfectus
2325 560 2609 620 eramque
2629 563 2693 602 ac
2721 563 2853 610 nos;
2885 547 2978 626 sed
3005 553 3204 616 praeter
3218 557 3332 598 rem
3355 549 3623 603 nostram,

335 632 700 710 lvwctva—xal
730 655 911 724 σάρκα
943 656 1041 724 μὲν
1073 650 1218 724 εἶχεν
1259 649 1500 720 ἔμψυχόν
1529 665 1588 701 τε
1630 647 1724 701 καὶ
1772 647 1924 716 λογι-

2029 646 2218 699 habuit
2239 644 2404 699 etiam
2441 642 2613 696 Deum
2643 637 2881 693 Verbum
2920 635 3090 709 815
3117 652 3189 688 ιιι.
3231 632 3546 688 inhabitans
3573 639 3629 685 et

335 748 442 816 κὴν
481 749 562 808 ὡς
607 723 1028 818 ἡμεῖςξτῶνῗδὲ
1077 723 1176 815 τῆς
1210 742 1484 815 ἁμαρτίας
1526 742 1626 794 οὐκ
1653 739 1927 810 ’ἠνέσχετο

2029 736 2262 790 unitum.
2315 735 2552 790 Carnem
2609 731 2802 786 habuit
2841 730 3143 784 auimatam
3195 734 3250 782 et
3302 723 3624 779 rationalem

337 839 658 907 κινημάτων
689 837 880 909 ὥσπερ
911 839 1092 908 ἡμεῖς,
1125 835 1238 890 ἀλλ’
1278 837 1336 888 ὲν
1369 833 1580 903 σώματι
1619 833 1710 900 ὑφ’
1745 832 1925 902 ἀμαρ-

2030 829 2104 882 uti
2137 842 2259 893 nos,
2289 836 2346 881 at
2394 824 2600 896 peccati
2659 822 3055 878 commotiones
3101 835 3208 874 non
3243 833 3399 889 aeque
3429 832 3493 872 ac
3529 831 3627 870 nos

337 930 462 992 τίας
493 928 621 981 πολε
630 945 728 995 μου
737 907 902 999 μένω,
923 907 1022 998 τὴν
1048 928 1148 998 τῆς
1179 925 1456 998 ἁμαρτίας
1482 922 1776 994 τυραννίδα
1796 938 1929 976 κατ-

2029 928 2292 988 expertus
2312 928 2395 973 est
2426 935 2441 982 ;
2477 918 2570 972 sed
2616 917 2670 970 in
2723 928 2958 983 corpore
3005 913 3147 982 quod
3207 918 3437 981 peccato
3489 907 3627 962 solet

341 1018 530 1072 έλυσε·
581 1020 669 1072 διὰ
715 1021 874 1073 τοῦτο
941 1023 998 1074 ἐν
1067 1019 1372 1090 ὁμοιώματι
1423 1015 1710 1087 ἀνθρώπου
1773 1013 1929 1083 γενό-

2028 1029 2151 1071 esse
2226 1009 2545 1075 obnoxium,
2578 1086 2582 1090 .
2617 1008 2828 1078 peccati
2897 1004 3242 1078 tyrannidem
3311 999 3624 1058 debellavit.

344 1126 522 1180 μενος,
559 1111 653 1164 καὶ
702 1113 940 1181 σχήματι
973 1086 1214 1184 εὑρεθεὶς
1245 1086 1341 1174 -ώς
1396 1086 1702 1180 ἄνθρωπος,
1735 1106 1928 1160 ἐαυτὸν

2030 1106 2324 1178 Propterea
2365 1104 2417 1158 in
2470 1086 2881 1158 similitudinem
2914 1097 3155 1153 hominis
3203 1094 3405 1160 factus,
3436 1103 3492 1148 et
3525 1093 3625 1146 ha-

338 1201 725 1262 ἐταπείνωσεν,
760 1203 1046 1273 γενόμενος
1081 1202 1322 1272 ὑπήκοος
1356 1200 1518 1272 μέχρι
1551 1199 1804 1261 θανάτου,
1831 1197 1928 1250 θα·

2029 1196 2146 1251 bitu
2204 1195 2458 1250 inventus
2492 1203 2551 1246 nt
2601 1193 2787 1253 homo,
2837 1198 3013 1244 semet
3070 1184 3398 1249 humiliavit‘,
3451 1184 3629 1238 factus

337 1292 503 1345 νάτου
533 1292 587 1345 δὲ
616 1291 848 1362 σταυροῦ
871 1307 883 1322 ·
933 1292 1025 1345 καὶ¹
1053 1292 1185 1347 αὐτὸ
1215 1292 1273 1345 δὲ
1316 1291 1374 1346 τὺ
1411 1291 1583 1360 ὄνομα
1617 1289 1716 1360 τῆς
1745 1307 1930 1344 ταπει-

2028 1284 2289 1340 obediens
2340 1296 2514 1352 usque
2546 1283 2611 1336 ad
2667 1289 2922 1344 mortem,
2985 1287 3218 1332 mortem
3261 1284 3442 1330 autem
3501 1287 3629 1327 cru—

345 1381 559 1444 νὼσεως
603 1361 765 1452 δηλοίγ
793 1381 890 1451 τὴν
934 1381 1031 1451 τῆς
1075 1384 1338 1454 ταπεινῆς
1371 1381 1649 1452 ἀνάληψιν
1690 1380 1924 1450 φύσεως.

2030 1374 2112 1429 cis
2132 1372 2247 1425 ⁹·¹⁰.
2301 1372 2367 1426 Ει
2401 1371 2615 1441 quidem
2655 1369 2831 1439 ipsum
2879 1366 3273 1421 humiliationis
3304 1361 3626 1418 vocabulum

342 1472 555 1536 ’Λλλως
593 1451 806 1542 τεγπερὶ
837 1473 933 1526 τοῦ
965 1475 1022 1526 ἐν
1055 1477 1237 1545 μορφῇ
1273 1451 1410 1527 Θεοῦ
1438 1451 1777 1544 ὑπάρχοντος
1808 1473 1926 1526 δια-

2031 1467 2369 1521 detuoustrat
2407 1459 2628 1515 humilis
2668 1469 2876 1514 naturx
2897 1455 3350 1524 assumptionem.
3394 1451 3629 1507 Aliunde

337 1564 652 1633 λεγόμενος,
701 1566 1016 1635 ἐπήγαγεν·
1073 1583 1092 1616 ι
1153 1566 1241 1619 Ἐν
1271 1563 1578 1635 ὁμοιώματι
1625 1564 1928 1634 ἀνθρώπων

2029 1558 2216 1622 etiam,
2259 1556 2327 1611 de
2355 1571 2420 1610 eo
2440 1557 2531 1624 qui
2567 1554 2817 1608 informa
2857 1553 2948 1606 Dei
2985 1562 3104 1607 erat
3139 1551 3444 1618 disserens,
3476 1545 3631 1600 addi-

339 1653 652 1720 γενόμενος,
685 1654 777 1704 καὶ
823 1656 1063 1723 σχήματι
1111 1653 1354 1724 εὑρεθεὶς
1409 1654 1486 1716 ὡς
1533 1653 1841 1725 ἄνθρωπος,
1902 1673 1922 1706 ³

2031 1651 2108 1704 dit
2142 1665 2159 1703 :
2197 1667 2216 1700 ι
2249 1647 2306 1702 In
2333 1646 2745 1702 similitudinem
2769 1644 3052 1699 hominum
3106 1641 3309 1704 factus,
3350 1647 3404 1694 et
3437 1637 3627 1693 habitu

335 1741 606 1796 διδάσκων
636 1743 718 1794 ὅτι
764 1743 793 1795 ὁ
822 1742 1114 1813 ἀσώματος
1154 1743 1289 1796 Θεοῦ
1321 1744 1514 1813 Λόγος.
1536 1746 1612 1807 ὡς
1641 1743 1928 1815 ἄνθρωπος

2031 1739 2286 1792 inventus
2337 1746 2395 1791 ut
2455 1737 2671 1801 homo;
2737 1754 2756 1786 ι
2815 1735 3022 1790 docens
3073 1732 3455 1801 incorporeum
3535 1728 3629 1784 Dei

339 1829 519 1900 ὦῳθη,
543 1830 704 1900 φύσιν
735 1832 1082 1902 ἀνθρωπείαν
1111 1832 1399 1887 ἀναλαϐών
1419 1851 1431 1864 ·
1467 1832 1548 1886 διὸ
1589 1835 1682 1888 καὶ
1713 1835 1774 1887 τὸ
1804 1855 1821 1884 ι
1851 1835 1926 1899 ώς

2035 1831 2269 1886 Verbum
2321 1831 2397 1886 uti
2450 1831 2724 1885 hominem
2754 1828 3102 1899 apparuisse,
3142 1827 3379 1879 humana
3421 1821 3631 1879 scilicet

337 1921 622 1991 ἄνθρωπος
661 1941 677 1970 ι
712 1923 976 1987 τέθεικεν,
1001 1925 1090 1978 ἵνα
1119 1923 1196 1994 μὴ
1219 1925 1429 1995 τροπήν
1452 1942 1573 1978 τινα
1600 1925 1927 1994 γεγενῆσθαι

2033 1934 2310 1993 assumpta
2347 1934 2563 1978 natura.
2597 1920 2724 1977 ldeo
2750 1932 2802 1975 et
2829 1922 2968 1976 dixit
3004 1939 3023 1971 ι
3059 1929 3119 1973 ut
3143 1918 3326 1984 homo,
3365 1934 3385 1969 ι
3418 1931 3486 1970 ne
3513 1931 3629 1968 mn-

339 2012 652 2084 νομίσωμεν
677 2013 772 2067 τοῦ
803 2015 1035 2086 ἀοράτου
1079 2016 1238 2081 Θεοῦ,
1271 2016 1409 2070 ἀλλά
1443 2017 1829 2088 πιστεύωμεν
1847 2019 1927 2072 ὅτι

2035 2014 2296 2070 tationem
2364 2013 2600 2083 aliquam
2655 2012 2858 2067 factam
2915 2009 3296 2065 existimemus
3344 2005 3632 2073 invisibilis

339 2104 521 2176 σάρκα
551 2105 734 2158 λαϐὼν
762 2106 1004 2178 ἔμψυχόν
1046 2125 1106 2162 τε
1146 2108 1242 2162 καὶ⁵
1277 2109 1524 2182 λογικὴν,
1573 2109 1707 2174 Θεὸς
1751 2108 1827 2164 ὢν
1871 2113 1936 2163 ἐν.

2031 2105 2151 2172 Dei,
2198 2107 2297 2162 sed
2343 2105 2635 2161 credamus
2664 2104 2866 2173 potius,
2919 2102 3094 2171 ipsum
3135 2115 3304 2156 carne
3351 2105 3629 2166 assumpta

337 2193 648 2264 ὁμοιώματι
685 2195 976 2268 ἀνθρώπου
1025 2198 1263 2268 ἐγένετο,
1312 2200 1406 2254 καὶ
1450 2201 1692 2272 σχήματι
1729 2199 1928 2272 εὑρέθη

2033 2199 2269 2255 animata
2321 2213 2384 2254 ac
2421 2198 2699 2260 rationali,
2731 2211 2854 2252 cum
2904 2196 3048 2253 Deus
3088 2204 3258 2260 esset,
3291 2193 3347 2250 in
3373 2192 3633 2250 similitu-

337 2284 414 2348 ὡς
452 2285 771 2356 ἄνθρωπος’
814 2287 988 2352 οὕτως
1034 2291 1062 2342 ὁ
1109 2291 1286 2360 μέγας
1324 2291 1425 2362 τῆς
1463 2291 1746 2355 εὐσεϐείας
1797 2308 1931 2363 προ-

2032 2295 2216 2348 dinem
2245 2275 2482 2348 hominis
2515 2290 2742 2357 factum,
2791 2299 2848 2345 et
2890 2290 3082 2345 habitu
3121 2290 3401 2345 inventum
3439 2297 3500 2341 nt
3534 2288 3631 2342 lio-

338 2379 667 2445 αγωνιστὴς,
698 2382 727 2432 ὁ
759 2381 1031 2452 μακάριος
1065 2381 1208 2452 λέγω
1237 2381 1470 2448 Παῦλος,
1489 2384 1558 2436 τὰ
1584 2383 1805 2437 ποικίλα
1834 2384 1930 2436 καὶ

2033 2387 2256 2443 minem.
2291 2382 2384 2440 Sic
2419 2396 2649 2454 magnus
2685 2392 2849 2437 rectae
2875 2381 3000 2438 ildei
3038 2391 3435 2452 propugnator,
3495 2379 3629 2434 beav-

336 2466 569 2537 διάφορα
623 2469 734 2522 τῶν
790 2471 1084 2540 αίρετικῶν
1135 2471 1401 2524 κατέλυσε
1451 2471 1715 2542 στόματα.
1785 2470 1929 2525 Ἀλλ’

2036 2486 2138 2541 tus,
2165 2477 2412 2546 inquam,
2443 2472 2663 2540 Paulus,
2688 2473 2905 2530 diversa
2937 2488 3005 2530 ac
3039 2474 3192 2527 varia
3241 2472 3627 2526 haereticorum

338 2559 580 2614 ἐνταῦθα
615 2561 716 2632 μὲν
763 2565 907 2634 ἡμᾶς
940 2566 967 2617 ὁ
999 2565 1172 2632 Λόγος
1201 2567 1539 2636 παρήνεγκε,
1572 2565 1675 2637 τὴν
1707 2566 1818 2620 τῶν
1848 2570 1931 2620 αί-

2031 2582 2127 2622 ora
2158 2567 2463 2636 dissipavit.
2489 2564 2598 2620 Sed
2624 2563 2854 2620 ulterius
2871 2563 2890 2633 j
2907 2579 2997 2618 am
3023 2579 3123 2620 nos
3152 2563 3414 2635 provexit
3446 2576 3633 2618 sermo

339 2650 573 2720 ρετικῶν
603 2653 842 2723 ἐλέγχων
871 2653 1297 2724 ἐμϐροντησίαν,
1329 2655 1424 2708 καὶ
1453 2655 1591 2727 δῆλα
1620 2658 1793 2710 ποιῶν
1818 2660 1930 2722 τοῖς

2035 2668 2242 2720 noster,
2297 2657 2427 2711 dum
2484 2656 2872 2713 hereticorum
2919 2656 3203 2713 vesaniam
3259 2655 3530 2726 coarguit,
3579 2661 3635 2708 et

333 2742 624 2813 τροφίμοις
657 2747 756 2815 τῆς
787 2745 1068 2809 εὐσεϐείας
1105 2747 1202 2817 τῆς
1239 2747 1498 2819 ἀληθείας
1546 2749 1618 2803 τά
1659 2750 1925 2820 δόγματα.

2035 2760 2198 2805 recta:
2225 2750 2350 2803 ﬁdei
2393 2749 2630 2806 alumnis
2659 2753 2912 2820 dogmata
2947 2749 3196 2804 veritatis
3221 2749 3432 2819 pandit.
3491 2747 3637 2816 Ergo

350 2834 679 2905 Ἀναχωρεϊν
711 2830 828 2895 οὖν,
856 2835 980 2888 ὅθεν
1019 2837 1234 2909 ἐξέϐην,
1269 2842 1480 2912 καιρός.

2029 2843 2140 2911 jam
2174 2851 2385 2911 tempus
2413 2851 2498 2896 est
2527 2842 2676 2910 illnc,
2714 2841 2857 2897 unde
2876 2841 3259 2906 discessimus,
3294 2838 3631 2897 revertendi.

338 2990 444 3048 IA'.
492 2993 659 3058 Τίνος
688 2993 864 3062 χάριν
892 2993 1008 3061 τὴν
1052 2995 1434 3062 ἀνθρωπίνην
1472 2995 1667 3064 φύσιν
1716 2999 1748 3051 ό
1785 2997 1930 3064 Θεὸς

2033 2994 2124 3049 XI.
2163 2992 2331 3062 Cujus
2361 3011 2437 3047 rei
2471 2993 2647 3063 gratia
2689 2996 2978 3046 humanam
3010 2999 3262 3046 naturam
3307 2989 3450 3044 Deus
3508 2985 3635 3043 Ver-

869 3064 1125 3118 ἀνέλαϐε
1160 3067 1371 3133 Λόγος.

2562 3065 2683 3117 bum
2724 3065 3089 3132 assumpsen’l.

409 3171 600 3226 Τοίνυν
649 3175 749 3245 τὴν
787 3175 1062 3246 ἡμετέραν
1096 3176 1258 3244 φύσιν
1294 3179 1322 3229 ὁ
1357 3178 1598 3248 Ποιητὴς
1649 3181 1926 3250 οἰκτείρας

2131 3177 2302 3249 Igitur
2367 3187 2620 3230 naturam
2689 3183 2933 3228 nostram
2992 3173 3220 3229 Creator
3279 3173 3554 3225 miserans
3603 3184 3633 3224 τι

334 3265 442 3319 ὑπὸ
462 3265 555 3319 τοῦ
587 3267 828 3338 Πονηροῦ
857 3268 1294 3340 πολεμουμένην,
1323 3270 1418 3322 καὶ
1445 3275 1559 3333 τοῖς
1579 3276 1796 3343 πικροῖς
1824 3274 1926 3344 τῆς

2033 3271 2176 3326 malo
2203 3269 2454 3324 daemone
2484 3277 2880 3337 oppugnatam,
2905 3277 2962 3320 et
2995 3265 3213 3320 acerbis
3239 3262 3451 3335 peccati
3472 3260 3635 3332 sagit-

336 3360 616 3430 ἁμαρτίας
646 3361 823 3430 βέλεσι
858 3361 1215 3433 βαλλομένην,
1265 3365 1362 3416 καὶ
1392 3364 1471 3435 τῷ
1506 3365 1720 3436 θανάτῳ
1747 3384 1931 3437 παρα-

2035 3366 2101 3419 tis
2124 3361 2492 3425 vulneratam,
2516 3360 2792 3428 mortique
2818 3358 3118 3420 addictam,
3165 3355 3442 3425 propriam
3489 3352 3635 3407 ultus

335 3453 722 3522 πεμπομένην,
761 3453 1033 3524 ἐπαμύνει
1071 3457 1136 3526 τῇ
1189 3456 1380 3521 είκόνι,
1436 3457 1530 3510 καὶ
1580 3458 1708 3520 τοὺς
1764 3457 1928 3511 πολε-

2033 3460 2114 3505 est
2164 3452 2482 3523 imaginem,
2519 3451 2821 3518 hostesque
2872 3446 3232 3520 pr0pulsavit,
3295 3444 3443 3501 haud
3499 3443 3635 3499 solis

336 3544 572 3614 μοῦντας
602 3546 1057 3613 καταγωνίζεται,
1090 3547 1151 3600 οὐ
1193 3550 1373 3620 γυμνῇ
1422 3551 1491 3620 τῇ
1533 3548 1760 3618 δυνάμει
1791 3568 1928 3622 χρη-

2031 3542 2252 3598 deitatis
2299 3544 2506 3598 viribus
2563 3552 2754 3606 utens,
2795 3555 2972 3608 neque
3029 3538 3334 3609 maiestatis
3387 3534 3633 3606 potentia

336 3635 570 3702 σάμενος
597 3638 663 3706 τῇ
696 3636 931 3701 θεότητι,
980 3636 1102 3688 οὐδὲ
1141 3639 1206 3706 τῇ
1251 3637 1472 3706 ἐξουσίᾳ
1511 3637 1615 3706 τῆς
1650 3635 1929 3706 βασιλείας

2031 3635 2423 3691 colluctatores
2487 3634 2805 3704 proﬂigaus,
2886 3648 2992 3688 non
3067 3633 3388 3700 angelorum
3455 3631 3631 3683 aciem

335 3721 688 3792 καταπλήξας
706 3725 831 3787 τοὺς
858 3725 1206 3790 ἀντιπάλους,
1235 3727 1335 3779 οὐκ
1367 3726 1636 3794 ἀγγέλους
1668 3728 1929 3797 στρατεύο

2033 3724 2333 3785 instruens,
2362 3737 2540 3791 neque
2569 3721 2928 3792 archangelos
2970 3717 3272 3776 auxiliares
3316 3732 3630 3782 asstnuens,

335 3830 456 3876 σας,
489 3815 608 3867 οὐδέ
647 3817 772 3878 τοὺς
815 3815 1187 3886 ἀρχαγγέλους
1238 3817 1318 3880 είς
1358 3817 1677 3887 συμμαχίαν
1724 3817 1925 3883 λαϐὼν,

2033 3830 2140 3870 non
2177 3813 2401 3867 fulmina
2439 3824 2534 3866 aut
2569 3815 2814 3868 turbines
2847 3824 3039 3868 ccutra
3083 3813 3336 3868 inimicos
3381 3826 3632 3874 armans,

331 3906 454 3958 οὐδὲ
516 3908 814 3977 κεραυνοὺς
867 3908 898 3977 ἢ
948 3909 1273 3978 πρηστῆρας
1324 3909 1466 3962 κατά
1515 3911 1623 3962 τῶν
1669 3911 1928 3964 ἐναντίων

2031 3919 2208 3974 neque
2226 3921 2350 3959 cum
2394 3904 2709 3960 cliernbinis
2737 3907 2789 3958 in
2819 3915 2963 3959 terra
2988 3919 3256 3973 apparens
3283 3903 3633 3958 adversarios

329 3999 577 4062 ὁπλίσας,
622 4000 742 4052 οὐδέ
794 4001 933 4069 μετά
981 4002 1090 4053 τῶν
1146 4001 1410 4072 χερουϐὶμ
1457 4003 1646 4071 φανεὶς
1695 4003 1787 4055 ἐπὶ
1830 4005 1928 4073 τῆς

2031 4012 2128 4066 pro
2160 3997 2417 4051 tribunali
2463 3998 2836 4052 coudemnans
2881 3997 3024 4061 ;sed
3085 4005 3342 4065 tanquam
3396 4010 3539 4049 unus
3566 3996 3633 4050 de

330 4092 559 4160 ἠπείρου
607 4093 702 4145 καὶ
750 4093 860 4144 τῶν
909 4094 1199 4165 ἡμετέρων
1253 4095 1546 4148 ἀντιδίκων
1594 4095 1926 4160 δικαστικῶς

2031 4090 2139 4144 reis
2165 4093 2604 4160 oppugnatisque
2625 4089 2828 4157 factus,
2885 4090 3217 4159 deitatisqne
3271 4088 3633 4158 magniﬁcen-

329 4181 852 4253 καταψηφισάμενος
897 4183 1044 4255 [οοιί.
1109 4185 1371 4241 mendose
1415 4186 1921 4259 καταψησάμενος],

2032 4182 2158 4236 tiam
2189 4181 2400 4235 vilitate
2437 4181 2796 4237 humanitatis
2842 4182 3046 4246 celans,
3113 4180 3285 4252 816
3317 4197 3389 4234 ιιι.
3441 4180 3631 4235 visibi-

327 4270 442 4322 ἀλλ’
485 4268 565 4334 εἷς
592 4272 700 4326 τῶν
732 4275 1050 4328 ὑπευθύνων
1099 4277 1193 4328 καὶ
1242 4276 1671 4347 πολεμουμένων
1706 4280 1926 4348 γινόμε-

2028 4274 2132 4328 lem
2157 4274 2430 4328 hominem
2470 4275 2534 4327 ad
2568 4289 2806 4346 pugnam
2839 4273 3329 4340 corroboravit,'et
3360 4275 3623 4327 victorem

326 4379 436 4425 νος,
470 4364 563 4416 καὶ
596 4366 956 4435 κατακρύψας
983 4367 1045 4418 τὸ
1078 4367 1491 4438 μεγαλοπρεπὲς
1537 4369 1634 4438 τῆς
1671 4369 1926 4440 θεότητος

2028 4367 2315 4422 coronavit
2355 4365 2584 4434 :etjam
2616 4367 2744 4421 inde
2779 4382 2807 4419 a
2844 4366 3028 4436 pueris
3075 4365 3339 4420 virtutem
3387 4366 3629 4426 edocuit.

326 4457 393 4523 τῇ
447 4453 690 4525 εὐτελείᾳ
738 4458 836 4526 τῆς
889 4456 1332 4528 ἀνθρωπότητος,
1379 4459 1471 4510 καὶ
1515 4459 1605 4511 τὸν
1644 4459 1924 4531 ὁρώμενον

2031 4468 2197 4527 atque
2228 4457 2294 4514 ad
2332 4457 2566 4526 iustitia:
2596 4459 2813 4512 culmen
2861 4457 3131 4526 provexit,
3185 4455 3452 4509 invictum
3513 4469 3629 4508 ser-

323 4545 612 4616 ἇνθρωπον
647 4550 725 4611 εἰς
759 4549 936 4618 πάλην
967 4549 1217 4619 ἀλείψας,
1253 4552 1346 4603 καὶ
1375 4554 1678 4623 νικήσαντα
1725 4571 1924 4624 στεφα-

2029 4567 2183 4617 vaus,
2221 4563 2275 4606 ct
2304 4553 2512 4622 peccati
2549 4552 2672 4606 telis
2706 4552 3030 4616 immunem,
3059 4582 3075 4597 ο
3105 4549 3432 4619 permittens
3468 4547 3628 4602 simul

323 4635 536 4700 νώσας·
571 4639 666 4692 καὶ
697 4639 951 4693 παιδόθεν
985 4641 1082 4711 μὲν
1128 4641 1227 4712 τὴν
1255 4644 1457 4714 ἀρετὴν
1485 4645 1789 4710 ἐκδιδάξας,
1834 4648 1925 4700 καὶ

2034 4656 2094 4702 ιιι
2159 4647 2322 4702 morti
2394 4647 2801 4709 succumberet,
2858 4658 2968 4712 quo
3026 4642 3236 4712 peccati
3307 4641 3632 4708 iniustitiam

332 4730 678 4802 δικαιοσύνης
708 4733 787 4794 είς
817 4733 1120 4802 ἀκρότατον
1161 4735 1404 4803 ἀγαγὼν,
1439 4737 1708 4808 ἀήττητον
1750 4739 1806 4791 δὲ
1830 4758 1928 4808 φυ-

1830 4758 1928 4808 φυ-
2037 4746 2384 4808 coargueret,
2412 4746 2468 4792 et
2516 4739 2711 4791 mortis
2747 4733 3049 4802 potentiam
3084 4733 3414 4787 destrueret.

323 4819 512 4886 λάξας,
560 4822 652 4874 καὶ
711 4823 819 4876 τῶν
863 4824 1034 4894 βελῶν
1073 4829 1171 4896 τῆς
1234 4827 1507 4899 ἁμαρτίας
1572 4831 1878 4902 ἐλεύθερον,
1933 4836 2298 4904 συγχωρήσας
2342 4829 2400 4883 δὲ
2449 4829 2600 4900 ὅμως
2643 4828 2752 4882 ὑπὸ
2807 4826 3040 4880 θάνατον
3092 4825 3368 4893 γενέσθαι,
3414 4825 3499 4878 ἴνα
3535 4823 3634 4896 τῆς

323 4912 598 4985 ἁμαρτίας
632 4915 730 4986 τὴν
804 4916 1019 4970 ἀδικίαν
1084 4919 1320 4993 ἐλέγξῃ,
1390 4906 1634 4976 κα“ι’τοῦ
1702 4925 1934 4980 θανάτου
1964 4925 2277 5013 ,καταλύσῃ
2339 4923 2400 4977 τὺ
2446 4924 2664 4993 κράτος.

392 5062 456 5114 Ei
490 5063 599 5133 γὰρ
625 5062 735 5116 τῶν
765 5063 873 5116 ὐπὸ
903 5065 1004 5135 τὴν
1034 5067 1312 5136 ἁμαρτίαν
1346 5072 1732 5142 γεγενημένων
1763 5075 1790 5126 ὁ
1825 5073 1919 5128 οά-

2101 5073 2234 5127 Nam
2281 5071 2324 5128 si
2366 5085 2554 5124 eorum
2607 5071 2695 5139 qui
2745 5077 2971 5139 pet-cato
3027 5067 3431 5122 succubuerunt
3469 5077 3629 5134 pmna

317 5172 480 5219 νατος
513 5157 808 5226 ἐπιτίμιον,
834 5160 862 5210 ὀ
887 5157 1092 5227 ταύτης
1115 5159 1538 5231 ἀπηλλαγμένος
1572 5165 1914 5229 παντάπασι,

2029 5181 2176 5220 tuors
2225 5176 2328 5231 est,
2382 5165 2428 5219 is
2480 5168 2570 5232 qui
2623 5174 2847 5234 peccato
2898 5177 3123 5232 prorsus
3172 5158 3348 5213 fuerat
3399 5158 3631 5219 alienus,

314 5245 560 5318 δηλονότι
596 5247 743 5317 ζωῆς
789 5249 1106 5313 ἀπολαύειν,
1148 5251 1262 5304 ἀλλ’
1300 5254 1360 5304 οὐ
1413 5253 1669 5318 θανάτου,
1714 5256 1916 5321 δίκαιος

2031 5261 2140 5313 vita
2192 5259 2406 5314 scilicet
2458 5256 2605 5322 frui,
2652 5272 2756 5309 non
2815 5263 3047 5310 mortem
3095 5253 3206 5323 pati
3251 5253 3446 5324 dignus
3491 5263 3631 5306 erat.

316 5331 421 5407 ἦν·
455 5339 635 5390 τοίνυν
674 5340 967 5410 ἡττηθεῖσα
1015 5343 1047 5410 ἡ
1089 5341 1370 5412 ἁμαρτία,
1413 5345 1506 5396 καὶ
1553 5344 1644 5397 τὸν
1690 5347 1918 5416 νικητὴν

2030 5351 2200 5406 Porro
2224 5352 2432 5404 victum
2467 5359 2752 5419 peccatum
2811 5364 2934 5402 cum
2969 5349 3147 5417 ipsum
3177 5347 3438 5402 victorem
3470 5346 3629 5398 morti

324 5431 702 5502 κατακρίνασα
747 5431 1001 5504 θανάτῳ,
1045 5434 1140 5487 καὶ
1187 5433 1285 5504 τὴν
1333 5434 1504 5507 αὐτὴν
1557 5437 1921 5506 ἐξενεγκοῦσα

2025 5444 2344 5507 addixisset,
2373 5442 2732 5510 eamdemque
2751 5443 3017 5494 adversus
3045 5439 3442 5493 dominatorem
3468 5451 3627 5491 suum

321 5523 467 5576 κατά
494 5522 591 5578 τοῦ
621 5525 969 5596 νενικηκότος
997 5525 1198 5596 ψῆφον,
1231 5528 1296 5598 ἢν
1324 5529 1412 5582 ἀεὶ
1444 5529 1586 5583 κατά
1612 5530 1719 5582 τῶν
1744 5533 1921 5599 ἡττω-

2028 5534 2348 5589 sententiam
2380 5533 2614 5597 tulisset,
2650 5547 2814 5601 quam
2843 5541 3108 5600 perpetuo
3140 5540 3334 5584 contra
3376 5528 3630 5583 subditos

321 5615 498 5685 μένων
530 5617 807 5689 ἐξέφερεν,
836 5618 1097 5672 ἁδικοῦσα
1131 5621 1291 5676 ἑάλω.
1314 5624 1492 5694 Μέχρι
1524 5621 1623 5693 μὲν
1647 5625 1761 5694 γὰρ
1790 5624 1916 5685 τοὺς

2024 5640 2148 5680 suos
2199 5625 2530 5687 exercebat,
2586 5622 2788 5689 injuste
2839 5636 3004 5692 agere
3056 5621 3461 5689 deprehensum
3521 5627 3626 5672 est.

320 5708 595 5778 ὑπηκόους
623 5710 700 5780 τῷ
726 5711 941 5781 θανάτῳ
967 5713 1350 5786 παρέπεμπεν,
1376 5716 1450 5780 ὡς
1471 5716 1655 5772 δίκαια
1689 5713 1917 5769 ποιοῦσα

2027 5716 2154 5773 Nam
2189 5716 2427 5786 quaudiu
2467 5725 2750 5786 peccatum
2788 5715 3035 5771 subditos
3097 5728 3226 5770 suos
3267 5723 3441 5768 morte
3484 5710 3629 5766 mul-

394 5895 486 5921 """
518 5893 746 5963 Philipp.
789 5909 848 5957 ιι,
882 5896 932 5960 7,
973 5896 1023 5950 8.
