4058 6328
508 391 649 450 1665

1491 387 1549 442 s.
1578 383 1850 442 cvmun
1883 377 2348 436 ALEXANDBINI
2388 363 2707 437 ancuier.

3607 382 3746 438 “56

512 510 680 573 tabat,
721 523 818 565 ceu
847 508 968 578 jure
1004 510 1058 564 id
1088 523 1253 580 agens
1280 523 1384 563 non
1416 509 1834 579 prohibebatur:
1859 508 1950 560 sed
1982 506 2066 558 ubi

2190 507 2530 573 ιυνεχωρεττο
2557 505 2714 558 τοῦτο
2755 508 2929 558 ποιεῖν
2949 523 2962 536 ·
2996 507 3184 579 ἐπειδὴ
3220 509 3276 561 δὲ
3309 507 3400 560 τὸν
3444 506 3621 561 ἀθῶον
3657 507 3740 559 καὶ

512 598 853 653 innocentem
890 609 947 652 et
982 598 1178 654 nullius
1213 599 1384 669 culpae
1419 614 1589 662 reum,
1624 599 1732 652 imo
1757 597 1993 667 praemiis
2021 607 2073 650 et

511 689 742 742 summis
792 687 1042 744 lamlibus
1092 689 1337 758 dignmn,
1396 690 1568 755 eidem
1619 703 1792 758 parum
1848 687 2069 750 addixit,

513 779 820 832 necessario
860 778 1112 846 posthinc
1164 789 1345 849 utpote
1391 781 1646 848 injustum
1691 780 1930 848 potentia
1977 794 2072 832 sua

511 867 788 933 depulsum
841 866 962 922 fuit.
1014 868 1190 938 Atque
1246 869 1346 924 hoc
1402 870 1599 933 docens
1645 868 1833 923 beatus
1883 869 2077 924 Paulus

512 957 733 1023 aiebat:
769 978 786 1011 ι
816 959 970 1026 Quod
1023 969 1139 1015 erat
1194 960 1525 1030 itiipossibile
1558 960 1684 1031 legi,
1733 962 1784 1014 in
1833 975 1939 1030 quo
1984 977 2078 1030 per

513 1065 730 1104 carnem
763 1052 1159 1127 inlirmabatur,
1196 1054 1335 1108 Deus
1368 1051 1562 1108 Filium
1584 1068 1739 1108 suum
1773 1054 1992 1107 mittens
2023 1053 2074 1106 in

517 1140 920 1196 similitudinem
946 1145 1126 1196 carnis
1142 1143 1366 1213 peccati,
1397 1154 1450 1198 et
1474 1158 1571 1212 pro
1590 1152 1830 1212 peccato,
1855 1141 2078 1198 damna-

516 1232 592 1286 vit
621 1234 670 1286 in
711 1248 877 1288 carne
908 1245 1208 1302 peccatum,
1245 1243 1300 1288 ut
1325 1234 1643 1302 juslillcatio
1673 1235 1806 1304 legis
1831 1235 2079 1305 implere-

515 1333 602 1378 tur
637 1326 687 1378 in
710 1327 984 1393 nobis,qui
1013 1341 1114 1380 non
1137 1328 1436 1382 secandum
1466 1342 1685 1389 carnem
1712 1329 2072 1391 ambulamus,

513 1416 603 1469 sed
639 1417 931 1470 secundum
973 1418 1218 1486 spiritum
1246 1420 1310 1471 ”.
1348 1437 1365 1472 ι

583 1507 736 1574 Quod
776 1523 901 1562 vero
931 1509 1023 1573 ait,
1063 1510 1161 1562 hoc
1192 1518 1273 1563 est
1307 1524 1320 1563 :
1358 1509 1564 1576 Scopus
1597 1509 1730 1579 legis
1761 1519 1876 1563 erat
1905 1512 2074 1564 homi-

515 1610 642 1647 nmu
685 1607 928 1650 naturam
970 1597 1267 1665 justillcarc
1296 1617 1308 1651 :
1339 1599 1480 1653 haud
1538 1609 1712 1653 tamen
1751 1601 1800 1652 id
1844 1609 2075 1669 poterat,

490 1700 622 1739 'non
656 1690 885 1756 proprias
918 1689 1247 1744 inﬁrmitatis
1273 1705 1456 1757 causa,
1486 1692 1576 1746 sed
1611 1702 1829 1761 pr0pter
1857 1693 2079 1747 audien-

517 1778 648 1842 tium
686 1778 750 1830 ad
782 1769 1225 1848 recte-agendum-
1252 1781 1514 1852 ignaviam
1547 1799 1560 1835 :
1595 1798 1825 1851 namque
1849 1785 1915 1838 ad
1955 1799 2076 1838 car-

2175 594 2463 648 ἀνεύθυνον
2491 597 2584 650 καὶ
2626 598 2902 666 στεφάνων
2934 599 3027 650 καὶ
3058 599 3414 669 ἀναῤῥήσεων
3447 598 3594 664 ἀξιον
3635 599 3746 658 τοῖς,

2176 688 2358 752 αὐτοῖς
2395 687 2690 757 ὲπιτιμίοις
2721 689 3041 751 ὑπέϐαλλεν,
3085 691 3399 757 ἀναγκαίως
3452 688 3636 741 λοιπὸν
3673 686 3745 748 ὡς

2174 776 2355 839 ἄδικος
2387 777 2488 844 τῆς
2512 775 2756 841 ἐξουσίας
2788 777 3126 834 ὲκδάλλεται.
3150 780 3261 833 Καὶ
3291 777 3450 832 τοῦτο
3480 777 3748 830 διδάσκων

2174 869 2203 920 ὁ
2231 867 2496 938 μακάριος
2544 867 2756 932 Παῦλος
2799 869 3011 937 ἐλεγενο
3054 889 3072 921 ι
3106 868 3179 923 Τὸ
3231 867 3340 938 γὰρ
3365 867 3625 922 ἀδύνατον
3655 863 3748 917 τοῦ

2176 957 2339 1027 νόμον
2385 961 2441 1011 ὲν
2472 950 2516 1025 ᾧ
2556 957 2768 1026 ἠσθένει
2798 959 2886 1012 διὰ
2917 959 3018 1030 τῆς
3057 959 3259 1028 σαρκὸς
3305 957 3404 1028 (l),
3435 959 3463 1009 ό
3495 955 3626 1020 θεὸς
3656 954 3748 1007 τὸν

2177 1048 2370 1102 ἑαυτοῦ
2413 1050 2538 1104 Υίὸν
2568 1051 2825 1122 πέμψας,
2874 1054 2931 1104 ὲν
2961 1051 3269 1121 ὁμοιώματι
3319 1048 3521 1119 σαρκὸς
3563 1049 3749 1118 ἀμαρ-

2177 1139 2311 1205 τίας,
2342 1139 2434 1192 κιιή⁵
2466 1141 2593 1211 περὶ
2614 1140 2909 1211 ἁμαρτίας,
2946 1141 3230 1211 κατέκρινε
3258 1138 3360 1210 τὴν
3387 1137 3661 1208 ἁμαρτίαν
3691 1138 3752 1188 tv

2176 1233 2242 1301 τῇ
2280 1231 2474 1302 σαρκὶ,
2513 1233 2598 1284 ἵνα
2645 1233 2704 1286 τὸ
2751 1233 3023 1302 δικαίωμα
3051 1230 3146 1285 τοῦ
3186 1232 3350 1301 νόμου
3384 1230 3645 1300 πληρωθῇ
3693 1229 3751 1280 ἐν

2178 1326 2307 1394 ἡμῖν
2336 1326 2448 1385 τοῖς
2487 1325 2559 1394 μὴ
2594 1325 2735 1377 κατά
2775 1326 2952 1395 σάρκα
2991 1322 3404 1392 περιπατοῦσιν,
3440 1322 3575 1374 ἀλλά
3608 1319 3754 1372 κατά

2179 1418 2413 1488 πνεῦμα.
2456 1439 2472 1469 ι

2256 1511 2320 1563 Ὀ
2362 1511 2416 1561 δὲ
2457 1509 2622 1576 λέγει,
2667 1507 2870 1562 τοιοῦτό
2919 1510 3035 1561 ἐστι
3060 1526 3073 1538 ·
3107 1508 3337 1570 Σκοπὸς,
3375 1505 3559 1576 φησὶν,
3587 1498 3654 1573 ἦν
3673 1503 3752 1572 τῷ

2181 1601 2327 1670 νόμῳ
2352 1599 2636 1652 δικαιῶσαι
2660 1599 2944 1668 τὴνφύσιν
2973 1598 3080 1651 τῶν
3109 1595 3410 1669 ἀνθρώπων
3430 1613 3442 1625 ·
3476 1595 3755 1657 ἀδυνάτως

2178 1690 2235 1744 δὲ
2265 1688 2374 1760 εἶχε
2409 1689 2566 1743 τοῦτο
2596 1694 2784 1753 ποιεῖν,
2815 1693 2876 1742 οὐ
2910 1691 3060 1759 παρά
3089 1693 3186 1758 τὴν
3213 1689 3417 1741 οἰκείαν
3443 1685 3756 1745 ἀσθένειαν,

2181 1783 2314 1836 ἀλλά
2349 1782 2434 1836 διὰ
2473 1784 2570 1853 τὴν
2601 1783 2710 1835 τῶν
2741 1783 3045 1835 ἀκουόντων
3090 1780 3371 1851 ῥαστώνην
3393 1796 3405 1808 ·
3439 1775 3762 1849 ὲπιρρεπῶς

516 1869 600 1921 nis
649 1867 973 1938 voluptatem
1010 1872 1295 1940 proclives,
1342 1873 1718 1928 mandatorum
1763 1874 1892 1944 legis
1920 1875 2080 1942 labo-

2190 1874 2293 1945 γὰρ
2336 1852 2546 1944 ἔχοντες
2587 1873 2713 1944 περὶ
2756 1873 2853 1943 τὴν
2895 1873 2997 1941 τῆς
3037 1872 3237 1942 σαρκὸς
3291 1869 3506 1940 ἡδονὴν,
3555 1868 3760 1937 ἔφυγον

517 1974 632 2011 rem
656 1959 1016 2028 deingiebant,
1046 1965 1393 2032 corporisque
1420 1963 1865 2020 delectationibus
1899 1968 2083 2022 adita:-

519 2050 727 2105 rebant.
771 2049 1081 2120 Propterea,
1119 2055 1310 2122 inquit,
1354 2055 1673 2110 universalis
1712 2056 1852 2111 Deus
1891 2057 2082 2112 Filium

520 2157 676 2194 suum
729 2143 945 2196 mittens
987 2145 1037 2193 in
1078 2145 1483 2223 similitudinem
1521 2147 1695 2200 carnis
1726 2149 1951 2216 peccati,
1985 2150 2086 2203 hoc

517 2240 600 2286 est
642 2247 764 2286 cum
802 2234 1031 2287 humana
1070 2235 1283 2301 quidem
1334 2244 1550 2301 natura,
1599 2239 1690 2292 sed
1729 2248 1906 2294 tamen
1953 2255 2082 2308 pec-

518 2333 642 2378 cato
684 2324 880 2389 aliena,
916 2336 968 2378 et
1021 2341 1116 2395 pro
1150 2337 1389 2396 peccato,
1444 2329 1716 2384 damnavit
1758 2331 1809 2384 in
1841 2328 2078 2402 817m.

521 2429 686 2469 carne
727 2429 1028 2484 peccatum,
1067 2418 1330 2485 iniustitia
1369 2421 1484 2482 ejus
1519 2432 1797 2490 coarguta,
1841 2424 1963 2491 quia
2003 2425 2082 2476 in-

523 2517 804 2559 nocentem
864 2517 915 2561 et
975 2520 1194 2575 peccato
1253 2511 1475 2564 liberum
1526 2513 1861 2580 peu-antium
1927 2529 2082 2583 poena

518 2591 803 2649 affecisset.
846 2593 960 2650 Non
1003 2607 1182 2651 autem
1233 2600 1282 2652 id
1315 2602 1441 2669 egit,
1483 2610 1537 2655 ut
1569 2618 1726 2669 quem
1773 2614 2087 2672 susceperat

522 2685 790 2739 hominem
821 2686 1164 2754 justiiicaret,
1208 2691 1299 2742 sed
1339 2701 1414 2751 ut,
1445 2691 1636 2759 inquit,
1661 2691 1791 2758 legis
1815 2693 2085 2762 jusulica-

525 2775 599 2829 tio
632 2775 942 2846 impleretur
979 2781 1026 2831 in
1068 2781 1239 2843 nobis,
1283 2781 1370 2848 qui
1407 2798 1510 2835 non
1541 2786 1833 2837 secundum
1865 2800 2086 2841 carnem

515 2867 883 2937 ambulamus,
935 2871 1026 2922 sed
1079 2874 1371 2925 secundum
1421 2873 1690 2941 spiritum.
1741 2874 1982 2945 Namque
2022 2880 2088 2930 ad

525 2958 832 3012 universam
902 2961 1176 3014 hominum
1242 2972 1487 3017 naturam
1553 2964 1858 3021 Servatoris
1919 2970 2087 3022 nostri

524 3051 845 3104 beneﬁcium
878 3052 1130 3121 pertingit
1168 3072 1180 3106 :
1217 3066 1274 3106 ut
1315 3056 1474 3109 sicuti
1508 3059 1869 3127 progenitoris
1899 3061 2087 3115 Adami

529 3139 886 3196 maledictioui
923 3148 1458 3209 communicavimus,
1488 3159 1542 3204 et
1572 3153 1752 3205 cuncti
1787 3163 1842 3204 ut
1874 3153 1959 3207 ille
1992 3157 2091 3208 sub

528 3233 720 3288 mortis
743 3234 864 3302 jura
915 3236 1266 3297 devenimus,
1318 3240 1385 3291 ita
1440 3239 1744 3295 Servatoris
1795 3241 1992 3298 Christi
2041 3256 2094 3300 et

530 3321 808 3377 victoriam
851 3340 945 3378 ceu
991 3337 1225 3380 nostram
1273 3329 1553 3393 faciamus,
1585 3340 1636 3385 et
1668 3333 1891 3402 gloriam
1924 3336 2092 3402 parti-

531 3412 790 3478 cipemus,
809 3425 860 3468 ct
885 3433 1045 3486 regno
1068 3421 1519 3487 congziudeamus.
1542 3425 1714 3490 Atque
1731 3424 1918 3477 horum
1937 3428 2094 3481 testis

530 3511 616 3556 est
643 3503 834 3558 beatus
863 3506 1056 3561 Paulus
1082 3510 1148 3572 ",
1180 3509 1306 3562 dum
1335 3522 1512 3564 vetera
1545 3513 1700 3565 simul
1734 3525 1787 3565 et
1814 3529 1950 3568 nova
1986 3531 2095 3570 me-

532 3602 727 3656 morat,
759 3605 811 3647 et
837 3597 1074 3664 priorqu
1109 3597 1298 3652 factum
1333 3601 1738 3656 dissolutionem
1774 3621 1867 3672 per
1899 3604 2094 3660 Serva-

535 3683 667 3737 toris
696 3686 862 3737 nostri
888 3686 1148 3751 justitiam
1180 3690 1524 3743 demonstrat

538 3901 644 3960 XII.
691 3905 837 3960 Sicut
867 3907 1056 3961 Adumi
1101 3921 1313 3980 mortem
1342 3913 1792 3980 participavimus,
1834 3917 1906 3968 ita
1939 3919 2092 3971 etiam

1095 3977 1309 4032 Domini
1343 3977 1530 4034 vitam.

613 4109 630 4141 ι
665 4088 796 4143 Nam
826 4091 869 4144 si
899 4105 1080 4152 nutus,
1116 4093 1306 4161 inquit,
1345 4094 1494 4162 lapsu
1535 4097 1684 4150 multi
1719 4111 1843 4151 sunt
1875 4103 2092 4166 mortui,

535 4181 701 4234 multo
736 4181 910 4247 magis
932 4184 1105 4250 gratia
1136 4182 1251 4246 Dei,
1276 4193 1331 4239 et
1361 4186 1558 4240 donum
1591 4204 1712 4240 cum
1744 4190 1914 4256 gratia
1940 4193 2095 4245 unius

537 4271 768 4325 hominis
803 4270 929 4325 Jesu
975 4272 1174 4327 Christi
1224 4274 1275 4328 in
1320 4273 1499 4342 plures
1549 4277 1840 4332 abundavit
1869 4281 1929 4333 ".
1962 4299 1981 4331 ι
2035 4284 2096 4337 Et

535 4362 691 4433 paulo
733 4375 894 4432 post:
933 4381 952 4413 ι
986 4364 1170 4432 Itaque
1223 4365 1360 4420 sicut
1405 4383 1500 4435 per
1540 4371 1696 4422 unius
1745 4372 1996 4429 delictum
2044 4375 2093 4426 in

533 4467 724 4510 omnes
752 4455 996 4509 homines
1025 4457 1428 4521 condemnatio,
1455 4457 1526 4509 ita
1560 4470 1613 4512 et
1645 4476 1736 4529 pcr
1764 4462 1920 4516 unius
1941 4462 2098 4530 justi-

2191 1966 2289 2036 μὲν
2315 1966 2373 2018 τὸ
2418 1966 2525 2018 τῶν
2555 1965 2801 2035 νομίμων
2829 1965 3103 2026 ἐπίπονον,
3154 1964 3271 2024 ταῖς
3298 1962 3352 2014 δὲ
3381 1961 3474 2014 τοῦ
3505 1958 3758 2028 σώματος

2187 2057 2566 2130 προσεχώρουν
2611 2055 2962 2127 ἡδυπαθείαις
2985 2071 2997 2085 ’
3025 2055 3112 2107 διὰ
3157 2052 3333 2116 τοῦτο,
3371 2052 3554 2121 φησιν,
3582 2051 3610 2102 ὁ
3651 2048 3761 2101 τῶν

2187 2148 2322 2201 ὅλων
2366 2149 2496 2208 Θεὸς
2536 2148 2625 2200 τὸν
2676 2146 2870 2200 ἑαυτοῦ
2927 2143 3152 2214 πέμψας
3185 2143 3313 2196 Υἰὸν
3353 2144 3410 2194 ἐν
3452 2139 3763 2211 ὁμοιώματι

2187 2234 2388 2304 σαρκὸς
2423 2234 2721 2304 ἁμαρτίας,
2763 2235 3041 2286 τουτέστιν
3074 2231 3391 2303 ἀνθρωπίνῃ
3437 2230 3536 2298 μὲν
3577 2228 3760 2297 φύσει,

2186 2319 2455 2389 ἁμαρτίας
2479 2320 2533 2372 δὲ
2561 2320 2975 2390 ἀπηλλαγμένῃ,
3008 2320 3102 2372 καὶ
3132 2319 3260 2388 περὶ
3297 2318 3594 2386 ἁμαρτίας,
3628 2333 3761 2370 κατ-

2187 2411 2366 2481 έκρινε
2392 2412 2489 2480 τὴν
2519 2409 2786 2480 ἁμαρτίαν
2819 2414 2877 2462 ὲν
2903 2413 2965 2480 τῇ
3000 2411 3182 2479 σαρκὶ,
3209 2409 3430 2476 ἐλέγξας
3461 2409 3630 2477 αὐτῆς
3663 2408 3765 2476 τὴν

2188 2501 2418 2565 ἀδικίαν,
2451 2503 2531 2554 ὅτι
2568 2502 2659 2554 τὸν
2704 2502 2994 2555 ἀνεύθυνον
3029 2503 3123 2554 καὶ
3156 2501 3433 2572 ἁμαρτίας
3479 2499 3762 2569 ἐλεύθερον

2187 2591 2300 2651 τοῖς
2347 2590 2454 2642 τῶν
2497 2591 2836 2661 ἁμαρτωλῶν
2910 2591 3206 2660 ἐπιτιμίοις
3283 2590 3614 2643 ὑπέϐαλλεν·
3667 2592 3763 2658 οὐχ

2187 2680 2274 2733 ἵνα
2326 2682 2381 2733 δὲ
2437 2682 2698 2754 δικαιώσῃ
2745 2684 2802 2735 ὃν
2865 2684 3124 2740 ἀνέλαϐεν
3185 2683 3510 2753 ἄνθρωπον,
3591 2683 3762 2736 ταῦτα

2191 2773 2508 2842 πεποίηκεν,
2555 2773 2803 2836 ἀλλ’ἵνα,
2845 2775 3001 2844 φησὶ,
3046 2775 3105 2826 τὸ
3145 2774 3422 2842 δικαίωμα
3454 2774 3550 2827 τοῦ
3597 2775 3761 2843 νόμου

2191 2865 2450 2936 πληρωθῇ
2483 2867 2538 2917 ἐν
2569 2867 2698 2935 ἡμῖν
2726 2869 2839 2928 τοῖς
2867 2867 2941 2936 μὴ
2967 2866 3109 2919 κατά
3137 2867 3313 2935 σάρκα
3346 2867 3759 2938 περιπατοῦσιν,

2191 2956 2325 3008 ἀλλά
2361 2956 2498 3009 κατὰ
2538 2957 2774 3024 πνεῦμα.
2815 2959 2939 3009 Ἐπὶ
2974 2957 3080 3027 γὰρ
3129 2959 3310 3010 πᾶσαν
3339 2959 3437 3028 τὴν
3470 2958 3633 3026 φύσιν
3660 2960 3763 3012 τῶν

2191 3047 2492 3116 ἀνθρώπων
2517 3049 2547 3117 ἡ
2574 3048 2665 3101 τοῦ
2691 3049 2939 3119 Σωτῆρος
2965 3050 3120 3119 ἡμῶν
3147 3050 3436 3120 εὐεργεσία
3463 3054 3658 3120 χωρεῖ·
3688 3053 3763 3104 ὅτι

2193 3138 2445 3209 καθάπερ
2478 3137 2554 3208 τῷ
2589 3141 2896 3211 προπάτορι
2932 3141 3137 3212 Ἀδὰμ,
3182 3143 3276 3196 καὶ
3307 3143 3407 3213 τῆς
3439 3143 3580 3212 ἀρᾶς
3625 3145 3767 3196 ἐκοι-

2120 3207 2162 3264 c
2199 3234 2537 3301 νωνήσαμεν,
2569 3233 2660 3285 καὶ
2688 3234 2989 3303 γεγόναμεν
3027 3234 3263 3297 ἅπαντες
3289 3235 3394 3287 ὑπὸ
3418 3235 3510 3288 τὸν
3543 3235 3767 3289 θάνατον

2199 3322 2385 3393 ὥσπερ
2411 3327 2636 3388 ἐκεῖνος,
2665 3323 2808 3376 οὕτω
2835 3325 2930 3377 τοῦ
2959 3326 3208 3396 Σωτῆρος
3255 3327 3492 3396 Χριστοῦ
3542 3328 3637 3382 καὶ
3672 3327 3768 3398 τὴν

2202 3415 2355 3481 νίκην
2383 3414 2750 3486 οίκειούμεθα,
2781 3417 2874 3468 καὶ
2905 3418 3001 3486 τῆς
3028 3417 3183 3486 δόξης
3215 3419 3646 3490 συμμεθέξομεν,
3679 3421 3768 3473 καὶ

2203 3501 2302 3572 τῆς
2335 3501 2608 3570 βασιλείας
2637 3504 3166 3574 συναπολαυσόμεθα.
3197 3505 3303 3557 Καὶ
3328 3505 3532 3557 τούτων
3566 3507 3770 3577 μάρτυς

2203 3595 2231 3646 ό
2268 3594 2536 3664 μακάριος
2573 3594 2801 3658 Παῦλος,
2841 3596 2948 3648 τῶν
2994 3613 3050 3648 τε
3084 3597 3330 3650 παλαιῶν
3369 3598 3602 3651 καὶτῶν
3637 3598 3773 3650 νέων

2201 3685 2652 3755 ἀναμιμνήσκων,
2674 3687 2768 3738 καὶ
2796 3686 3010 3749 δεικνὺς
3039 3687 3150 3740 τῶν
3183 3691 3464 3761 προτέρων
3495 3690 3649 3744 λύσιν
3683 3707 3771 3760 γε-

2203 3777 2528 3847 γενημένην,
2556 3778 2653 3849 τὴν
2682 3777 2774 3831 τοῦ
2801 3779 3052 3849 Σωτῆρος
3085 3779 3240 3850 ἡμῶν
3268 3782 3633 3854 δικαιοσύνην.

2205 3907 2304 3964 IB'.
2348 3910 2573 3977 Ὥσπερ
2608 3909 2686 3982 τῷ
2733 3909 3052 3982 nouos];
3089 3911 3321 3982 ρανάτῳ
3368 3912 3774 3982 enarrari-rica-

2429 3997 2563 4049 μεν,
2594 3981 2745 4032 οὕτω
2776 3980 2873 4033 καὶ
2906 3979 2980 4048 τῇ
3015 3979 3120 4034 τοῦ
3150 3983 3369 4048 Κυρίου
3406 3980 3540 4050 ζωῇ.

2281 4108 2298 4140 ι
2324 4089 2507 4160 Είγάρ
2530 4089 2607 4158 τῷ
2629 4090 2721 4142 τοῦ
2757 4090 2897 4151 ἑνὸς,
2926 4091 3081 4161 φησι,
3103 4091 3507 4162 παραπτώματι
3524 4095 3573 4146 οί
3594 4093 3776 4146 πολλοὶ

2203 4181 2496 4241 ἀπέθανον.
2537 4180 2719 4250 πολλῷ
2763 4181 2960 4251 μᾶλλον
3005 4185 3036 4253 ἡ
3083 4183 3241 4253 χάρις
3275 4183 3368 4236 τοῦ
3403 4183 3562 4251 Θεοῦ,
3604 4187 3698 4237 καὶ
3741 4188 3772 4252 ἡ

2203 4275 2378 4345 δωρεά
2399 4276 2454 4326 ἐν
2481 4276 2663 4344 χάριτι
2689 4276 2753 4344 τῇ
2778 4274 2869 4326 τοῦ
2892 4275 3004 4336 ἐνὸς
3030 4274 3317 4345 ἀνθρώπου
3349 4274 3521 4345 Ἰησοῦ
3541 4276 3774 4344 Χριστοῦ

2206 4368 2284 4430 εἰς
2297 4367 2520 4428 πολλοὺς
2539 4367 2914 4438 ἐπερίσσευσε.
2931 4385 2947 4416 ι
2969 4366 3078 4419 Καὶ
3096 4366 3234 4434 μετὰ
3257 4366 3483 4436 βραχέα·
3499 4384 3517 4416 ι
3535 4367 3676 4438 ’Ἄρα
3688 4362 3776 4419 οὖν

2205 4458 2278 4520 ὡς
2317 4456 2381 4510 δι’
2409 4457 2524 4520 ἑνὸς
2557 4457 3000 4528 παραπτώματος
3028 4459 3105 4520 εἰς
3137 4457 3343 4520 πάντας
3372 4457 3694 4528 ἀνθρώπους
3720 4457 3782 4510 τὸ

539 4546 665 4598 tlam
694 4543 1012 4613 justilicatio
1036 4547 1177 4600 vitae.
1205 4545 1359 4602 Sicut
1379 4548 1520 4602 enim
1550 4565 1643 4617 per
1680 4551 2090 4607 inoliedientiam

2203 4550 2540 4620 κατάκριμα,
2571 4549 2713 4602 οὕτω
2741 4551 2835 4602 καὶ
2867 4551 2933 4603 δι’
2960 4550 3074 4610 ἐνὸς
3105 4548 3472 4619 δικαιώματος
3501 4550 3778 4611 δικαίωσις

537 4637 694 4693 unius
747 4638 979 4692 hominis
1033 4649 1344 4707 peccatores
1402 4642 1679 4695 constituti
1733 4655 1855 4696 sunt
1911 4646 2099 4708 multi,

539 4729 610 4782 ita
653 4736 710 4782 et
759 4743 855 4797 per
907 4729 1064 4783 unius
1114 4731 1480 4784 obeditionem
1530 4731 1660 4802 justi
1707 4735 2103 4790 constituentur

540 4817 690 4872 multi
717 4819 780 4873 ".
808 4838 826 4870 ι
877 4818 1002 4874 Ηαιο
1048 4821 1100 4874 in
1152 4821 1388 4890 Epistula
1420 4837 1636 4891 quoque
1674 4826 1740 4878 ad
1792 4826 2104 4882 Corinthios

540 4910 776 4979 apertius
805 4910 960 4964 docet
997 4912 1181 4967 dicens
1211 4930 1225 4967 :
1264 4932 1282 4964 ι
1315 4913 1468 4966 Sicut
1492 4914 1632 4967 enim
1669 4915 1719 4968 in
1752 4915 1959 4972 Adamo
1992 4932 2107 4971 om-

540 5014 633 5052 nes
663 4998 988 5064 moriuntur,
1021 5001 1090 5053 ita
1118 5010 1170 5056 et
1206 5003 1256 5054 in
1287 5001 1502 5055 Christo
1532 5017 1718 5057 orunes
1752 5006 2101 5061 viviﬁcabun~

539 5088 713 5143 tur".
749 5107 766 5141 ι
821 5087 969 5144 Unde
1009 5100 1242 5156 constat,
1290 5093 1572 5146 victoriam
1626 5105 1861 5149 nostram
1913 5113 2100 5153 revera

537 5197 656 5235 esse
683 5180 988 5235 Servatoris
1016 5183 1184 5236 nostri
1212 5185 1510 5240 victoriam.
1547 5184 1678 5238 Nam
1714 5198 1767 5240 et
1799 5192 2101 5245 communis

539 5273 716 5327 clades
745 5273 844 5326 fuit
900 5274 985 5327 illa
1024 5277 1383 5344 progenitoris
1413 5279 1581 5330 nostri
1606 5279 1786 5332 clades
1818 5299 1831 5333 :
1860 5293 2098 5350 Oportet-

539 5379 643 5432 quc
687 5366 825 5420 sicut
864 5367 1220 5437 progenitoris
1265 5371 1774 5427 contaminatioucm
1815 5376 2099 5444 participa-

610 5543 650 5573 “
693 5541 847 5597 Rom.
889 5560 1004 5606 \lll,
1037 5547 1088 5610 5,
1127 5545 1176 5600 4.
1242 5547 1282 5577 ⁸⁸
1315 5544 1350 5600 ΙΙ
1377 5545 1499 5600 Cor.
1532 5563 1581 5610 ν,
1620 5548 1705 5601 l7.
1777 5550 1819 5579 ’³
1853 5548 2003 5603 Rom.
2039 5568 2084 5616 v,
2115 5551 2200 5605 15.

2202 4643 2383 4711 ζωῆς·
2417 4643 2607 4711 ὧσπερ
2637 4641 2741 4712 γὰρ
2789 4643 2874 4694 διὰ
2914 4642 3013 4711 τῆς
3062 4642 3346 4712 παρακοῆς
3376 4640 3471 4694 τοῦ
3519 4642 3636 4703 ἑνὸς
3684 4643 3776 4693 ἀν-

2199 4733 2418 4804 θρώπου
2464 4733 2778 4803 ἁμαρτωλοὶ
2825 4734 3238 4803 κατεστάθησαν
3282 4737 3330 4786 οί
3384 4732 3604 4797 πολλοὶ,
3640 4731 3780 4786 οὕτω

2201 4823 2295 4876 καὶ
2338 4822 2425 4875 διά
2474 4824 2572 4891 τῆς
2610 4823 2854 4893 ὑπακοῆς
2885 4823 2979 4876 τοῦ
3019 4823 3134 4886 ἑνὸς
3181 4822 3377 4875 δίκαιοι
3431 4823 3778 4891 κατασταθή-

2204 4932 2385 4968 σονται
2407 4917 2458 4968 οἱ
2488 4914 2726 4968 πολλοί.»
2756 4916 2940 4969 Ταῦτα
2973 4918 3068 4968 καὶ
3100 4918 3158 4969 ἐν
3194 4919 3259 4987 τῇ
3295 4916 3429 4988 πρὸς
3464 4913 3779 4984 Κορινθίους

2220 5007 2506 5076 Ἐπιστολῇ
2544 5009 2875 5078 σαφέστερον
2897 5008 3136 5061 διδάσκει
3169 5007 3362 5077 λέγων·
3403 5007 3645 5076 ι”Ωσπερ
3675 5009 3780 5074 γὰρ

2207 5103 2263 5152 ὲν
2294 5099 2369 5169 τῷ
2400 5099 2570 5169 Ἀδὰμ
2597 5102 2796 5164 πάντες
2835 5101 3291 5171 ἀποθνήσκουσιν,
3317 5099 3460 5152 οὕτω
3491 5100 3585 5153 καὶ
3621 5101 3680 5150 ὲν
3707 5097 3781 5167 τῷ

2208 5191 2426 5263 Χριστῷ
2479 5193 2674 5254 πάντες
2715 5194 3268 5264 ζωοποιηθήσονται.»
3313 5193 3399 5257 Ἐξ
3431 5185 3505 5244 ὧν
3530 5190 3772 5260 εὔδηλον,

2207 5285 2288 5348 ὡς,
2306 5287 2553 5354 ἡμετέρα
2582 5285 2702 5356 νίκη
2730 5285 2821 5337 τοῦ
2845 5287 3096 5356 Σωτῆρος
3125 5286 3278 5356 ἡμῶν
3305 5287 3335 5355 ἡ
3361 5284 3484 5354 νίκη
3509 5299 3520 5310 ·
3555 5287 3650 5335 καὶ
3677 5284 3781 5354 γὰρ

2205 5373 2343 5446 ἧττα
2374 5377 2529 5446 κοινὴ
2565 5378 2783 5445 γέγονεν
2813 5381 2846 5449 ἡ
2890 5377 2982 5430 τοῦ
3028 5378 3370 5448 προπάτορος
3405 5374 3561 5446 ἡμῶν
3606 5371 3777 5445 ἦττα⁶

2280 5553 2325 5584 ¹⁵
2363 5555 2490 5609 ibid.
2537 5554 2616 5608 18.
2700 5558 2740 5588 ¹⁸
2784 5555 2956 5610 lCor.
2991 5573 3078 5617 xv,
3115 5557 3205 5609 2‘2.

615 5719 689 5788 (Ι)
718 5720 920 5801 _(lonfer
960 5737 1077 5791 qua:
1110 5725 1208 5778 hac
1242 5740 1399 5793 super
1447 5741 1503 5778 re
1541 5726 1665 5779 dicit
1726 5728 1863 5783 idctu
1899 5728 2129 5798 liyrillus
2208 5733 2256 5787 in
2314 5732 2686 5800 explanatione
2743 5733 2994 5801 Epistula:
3048 5734 3110 5786 ad
3155 5734 3444 5797 ltnmunos,
3491 5748 3607 5799 mp.
3663 5745 3781 5789 viil.

546 5803 688 5841 vers.
717 5791 768 5843 5.
