4058 6328
511 414 653 473 “39

1485 410 1543 467 S.
1585 407 1865 466 CYRILLI
1899 402 2368 463 ALEXANDRINI
2406 403 2730 464 ARCIIEP.

3627 397 3769 459 ιιιο

512 526 684 581 voluit
704 538 891 580 eorum
914 522 1007 593 qui
1036 522 1167 578 olim
1184 522 1565 593 jejunaveraut
1590 538 1896 577 mensuram
1920 535 2078 575 exce-

2181 520 2483 589 ὑπερϐῆναι
2514 519 2623 573 τῶν
2653 518 2821 573 πάλαι
2860 514 3293 587 νενηπευκότων
3320 509 3382 567 τὸ
3415 512 3638 583 μέτρον,
3670 513 3759 566 ῖνα

512 619 663 682 dere,
706 632 771 671 ne
803 616 1065 670 adversus
1101 630 1161 670 se
1193 630 1427 685 pugnam
1483 615 1832 669 adversarius
1860 614 2077 683 tlel'uge-

515 719 616 771 ret,
646 724 733 769 ne,
760 707 1001 775 inquam,
1023 721 1091 763 eo
1122 708 1211 776 qui
1245 707 1491 762 occultus
1513 716 1629 761 erat
1652 707 1857 777 agnito,
1887 706 2075 760 luctari

511 814 632 853 cum
683 798 971 852 manifesto
1025 809 1323 853 recusaret.
1372 798 1544 861 Huius
1590 798 1668 853 rei
1722 814 1908 861 causa,
1960 806 2079 867 post

513 891 829 957 praedictum
863 890 1073 944 dierum
1107 904 1411 955 numerum,
1451 892 1698 945 humane
1726 901 1930 943 naturae
1958 904 2079 957 pas-

512 982 719 1036 sionem
750 980 1031 1050 patefecit,
1062 980 1308 1051 permisit
1343 979 1469 1035 fami
1501 981 1727 1046 aditum,
1757 980 1899 1034 fame
1934 982 2077 1034 vide-

511 1069 640 1123 licet
673 1084 859 1125 ansam
893 1070 1109 1126 diabolo
1149 1070 1415 1139 prmbens.
1463 1067 1579 1123 Non
1629 1071 1773 1124 enim
1822 1072 2080 1125 accedere

516 1163 771 1226 audebat,
804 1163 928 1229 quia
961 1162 1129 1217 multa
1163 1163 1227 1216 ab
1266 1177 1333 1216 eo
1368 1163 1527 1233 digna
1572 1162 1682 1218 Deo
1716 1163 1854 1217 facta
1883 1166 2078 1217 obser-

513 1271 753 1313 vaverat.
791 1260 1034 1327 Namque
1067 1268 1124 1313 et
1167 1257 1339 1327 angeli
1372 1271 1437 1310 eo
1468 1265 1597 1310 nato
1630 1256 2079 1325 tripudiaveraut,

513 1362 569 1409 et
601 1362 847 1408 exortum
873 1353 1022 1407 sidus
1049 1366 1238 1419 magos
1265 1352 1565 1404 deduxerat
1590 1349 1656 1403 ad
1682 1348 2077 1412 adorationem,

515 1458 706 1512 nempe
743 1444 983 1514 ejusdem
1022 1443 1231 1497 ordinis
1261 1441 1663 1510 antesignanos,
1693 1450 1747 1494 et
1791 1440 1964 1506 Ipsum
2002 1438 2080 1489 vi-

512 1534 667 1589 derat
692 1534 803 1601 jam
836 1534 960 1589 inde
992 1549 1021 1587 a
1054 1533 1283 1603 pueritia
1327 1531 1473 1586 omni
1496 1531 1725 1601 justitlte
1751 1530 2014 1591 deditum,
2049 1542 2079 1580 a

514 1625 756 1695 nequitia
792 1626 1197 1687 abhorrentem,
1233 1622 1452 1677 malitiae
1485 1636 1735 1687 osorem;
1775 1630 1937 1689 atque
1966 1620 2081 1673 haec

512 1718 808 1771 secundum
854 1716 1059 1771 editum
1128 1716 1195 1771 de
1244 1730 1311 1770 eo
1362 1729 1391 1768 a
1434 1715 1694 1785 prephcta
1722 1712 2078 1777 ‘vaticinium,

510 1807 766 1876 quoniam
806 1824 825 1857 ι
855 1805 1173 1876 Priusquam
1222 1789 1513 1875 cognoscat
1572 1806 1685 1874 ipse
1738 1805 1936 1859 bonum
1993 1803 2078 1855 vel

2183 609 2258 681 μὴ
2285 610 2430 680 φύγῃ
2463 611 2564 680 τὴν
2595 609 2734 679 πρὸς
2760 607 2923 663 αὐτὸν
2946 610 2976 660 6
2998 606 3293 669 ἀντίπαλος
3324 604 3531 675 μάχην,
3566 603 3653 657 ἵνα
3685 604 3764 675 μὴ

2178 702 2448 771 γνωρίσας
2480 703 2570 754 τὸν
2608 700 3003 773 κρυπτόμενον,
3027 698 3175 769 φύγῃ
3198 698 3299 768 τὴν
3324 697 3463 780 πρὶς
3487 694 3550 749 τὸ
3580 695 3763 764 φαινό-

2182 811 2340 865 μενον
2383 794 2581 863 πάλην.
2614 792 2818 846 Τούτου
2853 791 3014 862 χάριν
3052 788 3189 860 μετὰ
3218 787 3313 841 τὸν
3352 785 3762 859 προειρημένον

2178 886 2407 956 ἀριθμὸν
2451 885 2561 937 τῶν
2604 881 2849 955 ἡμερῶν,
2890 882 2991 952 τῆς
3036 879 3383 952 ἀνθρωπείας
3430 879 3648 947 φύσεως
3701 876 3764 930 τὸ

2182 978 2350 1041 πάθος
2400 977 2715 1047 ὑποφαίνει,
2766 977 2860 1030 καὶ
2910 975 3183 1044 συγχωρεῖ
3238 974 3309 1045 τῇ
3354 971 3514 1041 πείνῃ
3570 969 3758 1043 χώραν

2179 1070 2383 1134 λαϐεῖν,
2416 1069 2584 1140 λαϐὴν
2609 1067 2799 1137 ἐκείνῳ
2823 1065 2912 1120 διὰ
2943 1064 3042 1134 τῆς
3082 1063 3273 1133 πείνης
3308 1062 3517 1126 διδούς·
3554 1062 3617 1115 ού
3652 1062 3765 1132 γάρ

2180 1160 2500 1233 προσελθεῖν
2562 1160 2770 1230 ἐτόλμα
2793 1198 2809 1223 ,
2864 1155 3034 1210 πολλά
3084 1155 3211 1228 περὶ
3260 1153 3425 1208 αὐτὸν
3477 1151 3764 1223 θεοπρεπῆ

2179 1251 2437 1317 γινόμενα
2484 1246 2706 1316 θεωρῶν
2726 1264 2741 1277 ·
2771 1245 2864 1299 καὶ
2897 1244 3006 1315 γάρ
3036 1243 3257 1312 ἄγγελοι
3299 1242 3586 1313 τεχθέντος
3637 1241 3763 1311 ἐχό-

2183 1354 2369 1407 ρευον,
2430 1337 2716 1399 ἀνατείλας
2772 1334 2947 1406 ἀστὴρ
3008 1333 3218 1405 μάγους
3279 1333 3617 1403 ἐποδήγησεν
3681 1332 3765 1395 εἰς

2183 1428 2553 1500 προσκύνησιν
2589 1428 2715 1490 τοὺς
2754 1427 2852 1498 τῆς
2880 1426 3051 1494 αὐτῆς
3084 1425 3366 1493 φάλαγγος
3405 1423 3761 1494 κορυφαίους,

2182 1520 2276 1571 καὶ
2309 1518 2471 1571 αὑτὸν
2497 1518 2644 1588 ἐώρα
2672 1519 2852 1571 πᾶσαν
2881 1518 2945 1569 ἐκ
2976 1515 3165 1577 παιδὸς
3202 1515 3454 1585 μετιόντα
3492 1514 3765 1567 δικαιοσύ-

2181 1628 2301 1678 νην,
2332 1608 2749 1679 βδελυττόμενον
2776 1609 2996 1670 κακίαν,
3016 1606 3433 1679 μυσαττόμενον
3463 1603 3760 1674 πονηρίαν·

2182 1701 2273 1753 καὶ
2304 1701 2475 1754 ταῦτα
2505 1699 2650 1773 [cod.
2672 1699 2899 1771 ταύτην]
2931 1700 3071 1753 κατά
3102 1698 3201 1768 τὴν
3230 1699 3311 1759 είς
3338 1696 3502 1749 αὐτὸν
3527 1711 3763 1764 γεγενηο

2185 1790 2352 1860 μένην
2397 1790 2700 1863 πρόρρησιν
2750 1788 2855 1842 ὑπὸ
2902 1788 2995 1843 τοῦ
3042 1788 3343 1859 προφήτου,
3377 1786 3460 1839 ὅτι
3499 1803 3518 1836 ι
3546 1785 3685 1856 Πρὶν
3727 1784 3760 1853 ἢ

444 1924 452 1931 -
510 1875 735 1963 malum,
766 1912 871 1951 non
904 1875 1091 1951 credet.
1129 1897 1368 1961 malitiae,
1407 1905 1463 1950 ut
1503 1896 1664 1965 eligat
1688 1896 1829 1964 quod
1877 1895 2077 1948 bonum

2182 1879 2387 1947 γνῶναι
2417 1882 2576 1934 αὑτὸν
2605 1880 2807 1949 ἀγαθὸν
2840 1879 2873 1949 ἢ
2908 1880 3099 1941 κακὸν,
3143 1876 3360 1932 ἀπειθεῖ
3397 1877 3634 1947 πονηρίᾳ.
3664 1875 3763 1965 τοῦ

513 1989 661 2043 est"
693 1989 794 2059 (ί).
829 2008 847 2040 ι
917 1988 1201 2045 Clamabat
1245 2004 1461 2059 quoque
1521 1987 1759 2042 Joannes
1815 2004 1829 2042 :
1880 2006 1898 2038 ι
1946 1987 2082 2040 Ecce

517 2093 689 2147 agnus
732 2078 850 2145 Dei,
894 2080 986 2151 qui
1042 2079 1179 2135 tollit
1226 2091 1504 2147 peccatum
1553 2080 1739 2133 mundi
1763 2081 1829 2133 ".
1859 2097 1878 2129 ι
1920 2078 2083 2132 Pater

516 2169 746 2236 desuper
779 2170 1077 2223 testabatur
1105 2187 1119 2223 :
1158 2189 1176 2220 ‹
1211 2168 1308 2221 Hic
1333 2178 1417 2221 est
1449 2167 1618 2221 Filius
1642 2182 1793 2221 meus
1823 2168 2081 2231 dilectus,

517 2260 570 2313 lu
607 2274 714 2328 quo
748 2260 879 2313 mihi
921 2259 1222 2330 cnmplacui
1248 2259 1317 2314 ³⁸.
1352 2279 1370 2310 ι
1409 2259 1592 2314 Gratia
1635 2258 1867 2327 denique
1908 2258 2081 2327 Spiri-

516 2359 601 2405 tus
631 2350 802 2405 sancti
834 2351 1167 2420 supervenit.
1197 2349 1320 2405 Haec
1354 2359 1408 2405 et
1445 2349 1711 2418 ejusmodi
1755 2350 1859 2405 alia
1896 2350 2077 2403 diabo-

515 2440 624 2493 lum
670 2440 1089 2505 terrefacientia,
1139 2456 1243 2494 non
1291 2441 1541 2497 sinebant
1584 2442 1844 2497 accedere
1873 2442 1938 2495 ad
1983 2450 2080 2494 n04

515 2538 644 2584 stne
681 2538 887 2584 natura:
932 2529 1210 2585 athletam.
1246 2530 1351 2585 Sed
1392 2540 1674 2599 postquam
1720 2531 1767 2585 is
1804 2529 1959 2584 famis
1987 2544 2077 2583 ac-

515 2634 727 2674 cessum
755 2619 1000 2687 admisit,
1036 2621 1318 2689 ipsumque
1347 2622 1485 2675 vidit
1512 2622 1729 2676 humani
1763 2618 2081 2674 nutrimenti

517 2710 778 2781 mdigum,
815 2726 987 2783 neque
1026 2715 1163 2767 ultra
1194 2713 1540 2781 antiquorum
1571 2713 1850 2767 hominum
1896 2722 2083 2766 termi-

519 2814 643 2853 num
678 2801 877 2855 durare
901 2801 1192 2866 valentem,
1228 2812 1352 2856 tunc
1388 2802 1641 2865 accessit,
1674 2817 1859 2857 ansam
1893 2803 2085 2858 existi-

518 2907 674 2947 mans
722 2907 781 2948 se
830 2894 1041 2961 cepisse
1091 2894 1416 2958 maximam,
1471 2893 1796 2966 facilemque
1856 2895 2082 2951 credens

514 2980 799 3035 victoriam
843 2980 1162 3036 relaturum.

582 3092 818 3163 830m
865 3091 1001 3147 XIV.
1043 3066 1317 3157 Quomodo
1373 3095 1643 3149 diabolum
1675 3096 2009 3150 debellaverat

1029 3162 1263 3217 Christus
1305 3163 1575 3220 Dominus.

2180 1970 2501 2037 ἐκλέξασθαι
2530 1974 2590 2024 τὸ
2622 1971 2826 2039 ἀγαθόν
2847 1989 2861 2002 ·
2885 1988 2902 2021 ι
2938 1968 3141 2023 ἐϐόαδέ
3171 1968 3264 2022 καὶ
3295 1969 3547 2037 Ἰωάννης
3570 1986 3581 1995 ·
3610 1986 3627 2017 ι
3656 1964 3761 2017 Ἴδε

2180 2064 2209 2115 6
2233 2064 2402 2133 ἀμνὸς
2425 2063 2519 2117 τοῦ
2538 2062 2699 2129 Θεοῦ,
2720 2064 2747 2115 6
2770 2061 2944 2133 αἴρων
2956 2061 3057 2132 τὴν
3072 2059 3345 2131 ἁμαρτίαν
3368 2058 3461 2110 τοῦ
3484 2058 3713 2126 κόσμου,
3739 2076 3757 2106 ι

2181 2156 2370 2223 Πατὴρ
2422 2154 2628 2209 ἀνωθεν
2671 2153 3053 2225 ἐμαρτύρησεν
3079 2169 3093 2181 ·
3129 2169 3148 2202 ι
3189 2145 3357 2212 Οὗτός
3390 2151 3539 2202 ἐστιν
3573 2150 3603 2200 6
3635 2146 3763 2210 ne;

2183 2260 2283 2314 μου
2300 2246 2328 2296 6
2357 2242 2662 2313 ἀγαπητὸς,
2687 2246 2745 2295 ἐν
2774 2237 2819 2311 ᾧ
2850 2243 3147 2313 ηὐδόκησα.
3172 2260 3191 2292 ι
3223 2239 3330 2293 Τοῦ
3372 2236 3690 2308 Πνεύματος
3728 2240 3761 2305 ἡ

2179 2334 2340 2406 χάρις
2366 2335 2639 2407 ἐφοίτησε.
2669 2335 2853 2389 Ταῦτα
2884 2336 2977 2388 καὶ
3002 2337 3104 2388 ὅσα
3137 2332 3364 2387 τοιαῦτα
3397 2332 3489 2385 τὸν
3513 2330 3762 2386 διάϐολον

2178 2426 2626 2496 καταπλήττοντα
2662 2426 2976 2498 προσελθεῖν
3005 2427 3107 2479 οὐκ
3135 2427 3221 2479 εία
3248 2425 3329 2495 τῷ
3356 2427 3455 2494 τῆς
3481 2422 3761 2493 ἡμετέρας

2181 2514 2397 2583 φύσεως
2443 2515 2647 2587 ἀθλητῇ
2672 2530 2689 2547 ο
2721 2515 2889 2579 ὡς’δέ
2928 2516 3027 2585 τῆς
3073 2515 3265 2586 πείνης
3308 2515 3409 2585 τὴν
3452 2513 3759 2585 προσϐολὴν

2182 2607 2496 2673 ὑπεδέξατο,
2530 2610 2625 2661 καὶ
2665 2610 2870 2679 τροφῆς
2900 2607 3064 2661 αὑτὸν
3097 2603 3239 2660 εἶδεν
3270 2605 3617 2677 ἀνθρωπίνης
3648 2606 3761 2658 δεό-

2186 2715 2366 2769 μενον,
2414 2699 2509 2753 καὶ
2558 2703 2846 2771 καρτερεῖν
2880 2699 3190 2770 περαιτέρω
3230 2699 3337 2753 τῶν
3379 2699 3624 2752 παλαιῶν
3664 2699 3759 2751 άνο

2181 2789 2322 2861 δρῶν
2345 2791 2405 2843 ού
2434 2790 2749 2860 δυνάμενον,
2784 2790 3166 2861 προσέρχεται,
3197 2789 3366 2861 λαϐὴν
3393 2789 3639 2860 οἰόμενος
3670 2790 3759 2842 εὖ,

2187 2882 2412 2952 ρηκέναι
2444 2884 2731 2953 μεγίστην,
2762 2883 2853 2936 καὶ
2884 2884 3129 2953 νικήσειν
3162 2880 3359 2953 ῥᾳδίως
3390 2881 3686 2937 πιστεύων.

2254 3108 2354 3160 1Δ’.
2401 3108 2519 3161 Τίνι
2551 3108 2747 3176 τρόπῳ
2778 3107 3226 3174 κατηγωνίσατο
3263 3108 3373 3162 τὸν
3407 3107 3692 3166 διάϐολον

2628 3180 2665 3231 ὁ
2700 3178 3006 3241 Δεσπότης
3043 3179 3315 3245 Χριστός.

581 3282 659 3336 Ac
691 3281 1139 3350 quemadmodum
1177 3283 1229 3336 in
1283 3283 1487 3352 prteliis
1517 3298 1639 3338 cum
1674 3286 1797 3352 quis
1832 3285 1944 3339 vult
1975 3286 2076 3340 ali-

2252 3288 2364 3341 Καὶ
2410 3287 2661 3357 καθάπερ
2694 3288 2751 3340 ἐν
2783 3291 2895 3351 τοῖς
2924 3287 3183 3358 πολέμοις
3207 3289 3299 3342 τὸν
3333 3292 3669 3362 πανταχόθεν
3695 3296 3761 3364 τῇ

512 3388 674 3444 quem
702 3375 1107 3444 cataphractum
1144 3373 1249 3428 telo
1275 3384 1549 3445 appetere,
1574 3384 1744 3429 totum
1770 3377 1944 3432 oculis
1971 3378 2078 3433 cir-

512 3474 843 3531 cumtuetur,
868 3466 1079 3519 eminus
1100 3466 1415 3531 observans,
1445 3468 1642 3520 nudqu
1667 3466 1881 3536 aliquod
1914 3484 2079 3523 mem-

511 3555 666 3609 brum
700 3555 1009 3624 explorans,
1040 3564 1098 3609 ut
1123 3554 1248 3609 illuc
1278 3555 1529 3635 sagittam
1564 3556 1802 3621 dirigens
1829 3558 2081 3612 adversa-

513 3648 651 3702 rium
682 3646 963 3712 vulneret;
994 3646 1073 3702 sic
1098 3646 1345 3702 diabolus
1374 3648 1519 3701 omni
1564 3646 1774 3715 iustitia
1801 3648 2077 3704 Christum

511 3738 703 3793 videns
751 3747 1054 3803 armatum,
1107 3738 1379 3807 situmque
1415 3738 1665 3793 idoneum
1711 3750 1959 3797 scrutans
2012 3746 2078 3797 ad

512 3844 671 3898 quem
711 3828 871 3884 telum
903 3829 1178 3899 dirigeret,
1211 3841 1267 3882 ut
1299 3839 1665 3900 emergentem
1692 3832 1826 3885 vidit
1860 3829 2079 3899 famem,

511 3920 767 3975 audacter
793 3920 1003 3975 accedit
1027 3936 1125 3976 ceu
1160 3937 1219 3977 re
1244 3922 1465 3991 qumsita
1510 3921 1733 3991 potitus,
1756 3924 1878 3992 quia
1912 3924 2079 3993 ipsam

513 4012 876 4083 progenitoris
908 4013 1211 4083 passionem
1248 4016 1299 4069 in
1337 4030 1403 4070 eo
1438 4015 1887 4085 deprehenderat.
1921 4017 2082 4074 Nam-

510 4117 617 4171 que
657 4110 713 4157 et
747 4102 894 4156 illum
944 4118 1067 4159 esca
1097 4103 1274 4159 oblata
1322 4104 1465 4163 felici
1495 4106 1600 4160 vita
1645 4107 1986 4176 spoliaverat,
2028 4118 2081 4164 et

509 4193 715 4259 sudori,
748 4209 1020 4259 aerumnas,
1052 4210 1115 4249 ac
1148 4196 1305 4249 morti
1333 4196 1692 4267 implicuerat.
1729 4198 1870 4269 Ergo
1900 4201 1971 4254 ita
2002 4201 2078 4255 di-

2182 3376 2455 3447 πανοπλία
2499 3376 2915 3446 κεκαλυμμένον
2963 3377 3357 3444 κατατοξεῦσαί
3407 3397 3494 3444 τις
3538 3378 3758 3444 ἐθέλων,

2180 3468 2300 3522 ὅλον
2333 3471 2447 3531 τοῖς
2475 3468 2772 3539 ὀφθαλμοῖς
2796 3469 3167 3540 περισκοπῶν,
3192 3471 3473 3542 πόρρωθεν
3501 3474 3757 3543 ἐρευνῶν,

2185 3561 2344 3631 μέλος
2372 3560 2791 3631 γεγυμνωμένον
2816 3561 3109 3631 ἐπιζητῶν,
3149 3562 3233 3615 ἴνα
3266 3561 3327 3615 τὸ
3358 3563 3513 3633 βέλος
3539 3566 3656 3618 ἐκεῖ
3682 3566 3762 3635 ῥί-

2178 3651 2286 3721 ψας
2336 3651 2425 3704 τὸν
2466 3651 2760 3706 ἀντίπαλον
2806 3651 3003 3725 πλήξῃ,
3032 3651 3207 3716 οῦτως
3250 3655 3278 3707 6
3314 3653 3561 3718 διάϐολος
3612 3656 3761 3727 πάσῃ

2180 3742 2492 3817 δικαιοσύνῃ
2541 3742 2632 3796 τὸν
2676 3742 2911 3813 Χριστὸν
2955 3743 3403 3814 καθωπλισμένον
3441 3746 3625 3816 ὀρῶν,
3672 3748 3765 3803 καὶ

2180 3834 2347 3886 τόπον
2377 3832 2555 3903 ζητῶν
2587 3832 2866 3903 ἁρμόδιον,
2905 3833 2991 3887 ἵνα
3028 3835 3090 3888 τὸ
3124 3835 3278 3905 βέλος
3325 3838 3443 3890 ἐκεῖ
3479 3838 3762 3911 άκοντίσῃ,

2182 3922 2257 3985 ὡς
2283 3920 2391 3976 εἶδε
2415 3924 2514 3993 τὴν
2538 3926 2728 3979 πείναν
2757 3926 3142 3993 ἀναφανεῖσαν,
3168 3928 3528 3999 προσέρχεται
3560 3929 3766 4002 θάρσει⁸

2181 4014 2323 4077 λέως
2365 4016 2441 4078 ὡς
2480 4015 2665 4086 εὑρὼν
2693 4016 2753 4069 τὸ
2784 4016 3138 4087 ζητούμενον,
3175 4022 3251 4083 ὡς
3290 4021 3384 4074 τοῦ
3422 4022 3766 4095 προπάτορος

2183 4108 2241 4159 ἐν
2288 4106 2435 4177 αὐτῷ
2486 4107 2768 4180 θεωρήσας
2814 4108 2873 4161 τὺ
2914 4110 3105 4173 πάθος.
3146 4112 3256 4165 Καὶ
3293 4112 3399 4182 γὰρ
3438 4115 3647 4168 ἐκεῖνον
3680 4115 3767 4168 διὰ

2184 4198 2439 4269 βρώσεως
2492 4201 2761 4269 στερῆσας
2805 4198 2905 4268 τῆς
2944 4199 3160 4253 ἀλύπου
3206 4200 3385 4273 ζωῆς,
3432 4202 3620 4273 ἱδρῶτι
3675 4207 3766 4258 καὶ

510 4301 639 4342 cens
666 4286 871 4341 accedit
897 4303 965 4341 τι(
1002 4286 1058 4341 Si
1088 4286 1257 4342 Filius
1300 4288 1390 4342 Dei
1424 4303 1503 4352 es,
1533 4289 1621 4343 die
1662 4299 1719 4343 ut
1760 4290 1965 4359 lapides
1994 4293 2077 4347 isti

2182 4290 2526 4361 ταλαιπωρίᾳ
2597 4289 2691 4343 καὶ
2740 4289 2958 4360 θανάτῳ
3020 4291 3337 4356 συνέζευξε·
3403 4293 3763 4364 προσέρχεται

509 4392 675 4447 panes
706 4377 838 4432 (iant
872 4378 937 4430 ³¹.
976 4396 995 4431 ι
1040 4377 1199 4433 Certe
1242 4379 1293 4433 id
1342 4394 1444 4434 non
1498 4379 1739 4445 fecisset,
1780 4382 1879 4435 nisi
1925 4382 2079 4438 famis

2182 4381 2359 4433 τοίνυν
2383 4381 2557 4449 λέγων
2579 4400 2590 4412 ·
2631 4400 2649 4431 ι
2681 4382 2744 4434 Et
2778 4382 2906 4445 Υἱὸς
2938 4377 2991 4434 εί
3014 4381 3107 4435 τοῦ
3140 4382 3299 4447 Θεοῦ,
3334 4384 3455 4437 είπὲ
3489 4386 3576 4438 ’ίνα
3602 4389 3659 4451 οἱ,
3685 4388 3763 4440 λί-

510 4471 813 4540 passionem
857 4470 1112 4528 Servator
1157 4471 1481 4527 admisisset.
1532 4471 1700 4539 Quam
1746 4488 1859 4528 rem
1904 4489 1969 4528 ex
2017 4477 2079 4530 iis

2184 4472 2265 4526 θοι
2297 4468 2443 4527 οὗτοι
2468 4474 2620 4545 ἄρτοι
2644 4472 2932 4541 γένωνται.
2970 4492 2987 4525 t
3020 4474 3135 4529 Οὐκ
3160 4475 3224 4528 ἂν
3252 4475 3306 4528 δὲ
3336 4476 3496 4531 τοῦτο
3528 4481 3764 4551 πεποίη-

510 4579 629 4632 quaa
663 4573 846 4631 postea
870 4573 1166 4618 evenerunt
1196 4565 1422 4633 quilibet
1451 4566 1733 4621 manifeste
1764 4578 2075 4637 cognoscet.

2183 4580 2297 4627 κεν,
2326 4565 2374 4616 εί
2414 4563 2487 4633 μὴ
2512 4563 2573 4616 τὸ
2595 4562 2765 4626 πάθος
2793 4564 2892 4633 τῆς
2923 4565 3115 4636 πείνης
3142 4567 3169 4617 6
3197 4565 3385 4637 Σωτὴρ
3415 4568 3761 4634 κατεδέξατοο

512 4656 786 4724 Siquidem
811 4656 989 4710 statim
1017 4672 1080 4710 ac
1113 4656 1283 4711 victus
1316 4659 1366 4711 in
1393 4657 1533 4713 lucta
1568 4658 1687 4721 fuit,
1723 4670 2079 4729 expertusque

2181 4658 2273 4709 καὶ
2320 4654 2479 4709 τοῦτο
2527 4656 2688 4725 μάθοι
2722 4674 2803 4719 τις
2837 4659 2899 4710 ἐκ
2932 4657 3041 4710 τῶν
3077 4659 3215 4727 μετὰ
3243 4659 3413 4713 ταῦτα
3444 4661 3661 4730 σαφῶς·
3692 4662 3767 4729 ὡς

509 4747 695 4802 didicit
751 4748 896 4802 hunc
933 4762 1055 4803 esse
1096 4762 1251 4817 quem
1299 4750 1575 4819 propheta:
1600 4765 1789 4806 omnes
1813 4752 2078 4821 praedixe-

2181 4747 2287 4818 γὰρ
2333 4746 2541 4818 ἡττήθη
2586 4747 2873 4810 παλαίσας,
2912 4749 3008 4801 καὶ
3052 4748 3141 4801 διὰ
3174 4750 3269 4819 τῆς
3307 4752 3505 4821 πείρας
3538 4751 3763 4823 ἔμαθεν,

512 4849 667 4905 rant,
720 4855 786 4895 ne
844 4850 1119 4908 aspectum
1167 4841 1381 4910 quidem
1417 4842 1537 4911 ejus
1585 4844 1887 4898 accedentis
1942 4845 2079 4900 ferre

2181 4838 2260 4890 ὅτι
2280 4839 2440 4903 αὑτός
2462 4840 2610 4891 ἐστιν
2636 4838 2695 4892 ὃν
2717 4840 2767 4892 oi
2791 4839 3066 4910 προφῆται
3093 4842 3479 4913 προεκήρυξαν
3500 4844 3762 4910 ἅπαντες,

412 4976 417 4981 .
509 4946 672 4987 ausus
691 4944 797 4996 est,
820 4934 910 4987 sed
953 4932 1098 4987 illico
1121 4932 1349 5002 aufugit,
1393 4950 1534 4990 nunc
1568 4935 1853 4991 clamans:
1890 4953 1909 4988 ι
1943 4936 2079 5004 Quid

2181 4929 2300 4981 οὐδὲ
2347 4929 2449 5000 τὴν
2482 4929 2611 4985 θέαν
2652 4930 2817 4984 αὐτοῦ
2859 4930 3179 5003 προσιόντος
3213 4933 3406 5005 φέρειν
3436 4936 3759 5007 ἐτόλμησεν,

512 5024 666 5077 nobis
688 5033 741 5077 et
779 5024 895 5087 tibi,
929 5023 1027 5079 Fili
1067 5026 1318 5079 Dei?cur
1346 5026 1541 5081 venisti
1581 5038 1706 5082 ante
1738 5039 1945 5097 tempus
1973 5040 2079 5083 tor-

2183 5021 2295 5074 ἁλλ’
2324 5022 2485 5085 εὐθὺς
2527 5023 2942 5094 ἐδραπέτευσεν,
2979 5022 3074 5077 νῦν
3122 5022 3221 5095 μὲν
3262 5024 3422 5095 βοῶν,
3464 5046 3481 5077 ι
3515 5027 3581 5081 Τί
3630 5030 3760 5099 ἡμῖν

509 5130 675 5185 qnere
699 5130 795 5170 nos
814 5115 902 5168 ⁸ίῖ
939 5134 958 5167 ι
995 5132 1138 5172 nunc
1174 5128 1349 5173 autem
1396 5137 1411 5173 :
1448 5118 1609 5173 «Novi
1634 5121 1773 5189 quod
1800 5119 1965 5175 Filius
1992 5121 2079 5175 Dei

2184 5117 2276 5170 καὶ
2312 5117 2415 5179 σοὶ,
2443 5117 2538 5169 Υίέ
2564 5115 2659 5170 τοῦ
2688 5118 2859 5181 Θεοῦ;
2901 5118 2953 5170 τί
2986 5114 3150 5189 ἦλθες
3179 5118 3285 5188 πρὸ
3312 5119 3506 5190 καιροῦ
3537 5120 3759 5191 βασανί·

510 5209 621 5261 sis:
670 5207 860 5275 adjuro
912 5217 980 5271 te,
1030 5223 1100 5264 ne
1141 5224 1225 5263 me
1270 5217 1523 5280 torqueas
1558 5212 1625 5265 ⁸³.
1668 5230 1685 5263 ι
1744 5213 1890 5267 Adeo
1937 5213 2079 5265 illum

2186 5224 2276 5261 σαι
2310 5209 2491 5277 ήμᾶς;
2521 5228 2537 5257 ι
2570 5206 2662 5261 νῦν
2688 5209 2767 5272 δὲ,
2805 5204 2966 5263 «Οἶδά
3002 5226 3060 5261 σε
3090 5210 3173 5274 τίς
3206 5204 3277 5271 εἴ,
3299 5211 3326 5262 6
3348 5210 3474 5274 Υἱὸς
3490 5212 3585 5264 τοῦ
3602 5211 3755 5275 Θεοῦ,

512 5300 753 5361 timebat,
791 5299 1136 5369 judicemque
1183 5300 1491 5356 fatebatur!
1529 5302 1680 5357 Tune
1734 5314 1912 5358 autem
1965 5316 2079 5357 ante

2182 5297 2386 5370 ὁρκίζω
2447 5316 2507 5352 σε
2554 5301 2625 5370 μή
2686 5318 2751 5371 με
2803 5300 3121 5375 βασανίσῃς.
3156 5321 3174 5354 ι
3227 5302 3415 5367 Οὕτως
3480 5304 3755 5368 ἐδεδοίκει,

508 5390 920 5459 experientiam,
948 5392 1087 5447 haud
1116 5392 1312 5447 talibus
1338 5392 1515 5448 verbis
1537 5397 1809 5459 utebatur,
1840 5395 1932 5448 sed
1959 5409 2079 5447 con-

2187 5393 2282 5445 καὶ
2312 5393 2505 5463 κριτὴν
2532 5392 2799 5463 ὡμολόγει
2822 5410 2834 5423 °
2864 5394 2985 5446 τότε
3016 5393 3122 5465 πρὸ
3145 5394 3245 5463 τῆς
3273 5396 3471 5467 πείρας
3499 5396 3560 5448 ού
3589 5396 3758 5449 τοιούη

582 5548 628 5581 ’⁸
658 5551 763 5603 Isa.
788 5563 881 5617 vn,
924 5546 1011 5603 16.
1073 5548 1118 5578 ’³
1156 5546 1308 5602 Joan.
1345 5564 1383 5611 ι,
1416 5547 1503 5602 29.
1541 5547 1584 5578 ³ο
1618 5547 1805 5601 Matth.
1841 5564 1922 5611 ιιι,
1952 5548 2034 5601 l7.

2193 5548 2380 5602 Matth.
2418 5564 2490 5609 tv.
2524 5548 2579 5605 5.
2654 5548 2697 5580 ³⁸
2734 5548 2922 5603 Matth.
2957 5564 3075 5616 vm,
3102 5549 3191 5604 ‘29.
3270 5550 3313 5581 ³³
3348 5550 3481 5607 Luc.
3503 5567 3621 5619 Vill,
3657 5553 3746 5609 28.

586 5688 662 5754 (l)
702 5686 776 5739 lta
803 5701 862 5757 se
886 5689 1049 5744 habet
1075 5689 1293 5744 Graecus
1321 5694 1501 5743 textus
1530 5697 1640 5741 tum
1671 5690 1723 5742 in
1755 5687 1940 5743 Bibliis
1969 5700 2076 5742 tum
2191 5690 2267 5742 dit
2305 5687 2557 5751 lreuazus,
2596 5690 2684 5757 qui
2729 5699 2901 5743 tamen
2940 5706 3036 5757 pro
3074 5706 3175 5745 non
3212 5693 3401 5753 credet,
3432 5692 3618 5746 scribit
3659 5708 3756 5746 non

516 5760 653 5825 apud
680 5756 972 5831 Cyrillum;
998 5769 1160 5831 atque
1190 5760 1260 5812 ita
1293 5762 1429 5831 apud
1457 5758 1795 5831 Sabaterium
1827 5760 2081 5831 interpre-
2192 5762 2492 5831 fpttsentiel.
2533 5756 2792 5826 Vulgatus
2839 5756 3017 5812 autem
3070 5760 3336 5831 interpres
3386 5762 3591 5826 differt,
3635 5766 3754 5831 quia

522 5838 699 5883 tantur
727 5826 825 5883 SS.
851 5828 1164 5884 Ambrosius
1191 5826 1350 5897 atque
1374 5828 1717 5898 Fulgentius;
1745 5844 1913 5897 neque
1940 5826 2082 5884 aldu-
2193 5826 2515 5885 llehraicum
2548 5840 2750 5886 textum
2784 5841 3038 5886 sectatur.
