4058 6328
319 439 457 496 ΝΗ

1488 429 1577 482 DE
1616 417 2134 527 lNCAlitVA'ldtmE
2172 426 2433 483 DOMINI.

3486 429 3630 490 1M2

319 570 437 616 τοις
457 552 726 623 ἐκέχρητο
748 550 1014 620 ῥήμασιν,
1044 548 1180 603 ἀλλά
1206 546 1423 619 θαρρῶν
1456 544 1687 617 προσῄει
1711 545 1906 613 λέγων·

2029 542 2248 599 [identer
2278 544 2572 599 accedebat
2602 544 2788 599 dicens
2823 561 2837 598 :
2881 563 2900 597 ι
2935 545 3029 600 Dic
3062 555 3119 601 ut
3148 546 3356 617 lapides
3391 546 3481 603 isti
3523 562 3621 615 pa-

328 664 347 695 ι
386 643 521 697 Elui
552 644 639 695 ἵνα
665 643 714 694 οἱ
748 639 888 693 λίθοι
914 632 1061 693 οὗτοι
1094 639 1249 711 ἄρτοι
1283 638 1569 706 γένωνται.
1604 657 1622 689 ι
1663 636 1775 704 Τῆς
1814 635 1914 706 μὲν

318 733 431 804 γάρ
464 733 671 788 ἄνωθεν
704 730 969 802 ἐλθούσης
1000 732 1184 801 φωνῆς
1214 731 1443 800 ἥκουσα,
1474 728 1632 797 φησὶ,
1664 728 1823 781 τοῦτό
1853 743 1913 779 σε

322 824 655 895 καλεσάσης,
690 822 906 876 ἀπιστῶ
937 822 993 876 δὲ
1024 822 1130 885 ἕως
1162 820 1229 875 ἂν
1273 819 1422 873 λάϐω
1454 819 1553 889 τὴν
1594 820 1790 887 πεῖραν
1835 817 1915 870 δι-

321 915 616 970 δάσκαλον.
652 914 846 966 Πεῖσόν
888 931 956 984 με
999 913 1088 967 διὰ
1116 912 1225 965 τῶν
1252 911 1616 983 πραγμάτων,
1653 909 1729 973 ὼς
1762 909 1790 961 ὃ
1816 909 1913 961 κέ-

321 1008 425 1078 κλη
437 1024 544 1071 σαι,
578 1005 793 1075 ἀληθῶς
818 1006 1211 1078 ὑπάρχεις.“Δν
1240 1004 1349 1076 γὰρ
1374 1004 1536 1057 τοῦτο
1566 1002 1742 1073 μάθω,
1774 1001 1909 1070 φεύ-

321 1099 509 1166 ξομαι,
542 1095 637 1149 καὶ
660 1085 1039 1166 δραπετεύσω,
1070 1097 1165 1149 καὶ
1190 1097 1289 1165 τὴν
1323 1096 1459 1165 πρὸς
1490 1094 1551 1147 σὲ
1575 1094 1913 1163 παραιτήσο-

325 1202 425 1255 μαι
456 1184 636 1255 πάλην
657 1201 672 1216 ο
704 1179 821 1238 οἴδα
846 1186 956 1255 γάρ
977 1185 1103 1237 ὅσον
1133 1182 1267 1254 ἐμοῦ
1294 1188 1390 1236 καὶ
1421 1182 1516 1236 σοῦ
1546 1183 1607 1237 τὸ
1632 1183 1909 1253 διάφορον.

321 1272 506 1337 Δεῖξον
525 1273 707 1327 τοίνυν
731 1273 792 1325 τὸ
813 1272 998 1344 θαῦμα
1026 1274 1123 1325 καὶ
1144 1274 1240 1344 τὴν
1267 1273 1739 1344 θαυματουργίαν,
1769 1272 1915 1327 δίδα-

322 1364 414 1430 ξον
460 1364 551 1418 τὸν
586 1364 682 1419 τοῦ
717 1364 994 1435 θαύματος
1022 1368 1285 1437 ποιητήν·
1326 1385 1345 1419 ι
1380 1366 1515 1419 Εἰπὲ
1551 1366 1638 1420 ἵνα
1681 1367 1731 1418 οί
1776 1366 1914 1420 λίθοι

321 1450 466 1511 οῦτοι
506 1457 661 1526 ἄρτοι
698 1455 984 1523 γένωνται.
1015 1476 1036 1509 ι

395 1546 613 1599 Τούτων
656 1545 897 1609 ἀκούσας
925 1544 1161 1617 κρύπτει
1201 1546 1300 1616 μὲν
1336 1545 1437 1617 τὴν
1479 1545 1732 1617 θεότητα,
1764 1547 1827 1599 ὲκ
1856 1546 1914 1599 δὲ

318 1640 420 1708 τῆς
452 1638 795 1709 ἀνθρωπείας
837 1638 1142 1707 διαλέγεται
1178 1638 1395 1708 φύσεως
1414 1656 1428 1671 ο
1462 1658 1480 1689 ι
1510 1640 1625 1692 Οὐκ
1655 1639 1740 1690 ἐπ’
1764 1640 1914 1709 ἄρτῳ

325 1728 494 1798 μόνῳ,
528 1727 721 1797 λέγων,
754 1726 991 1799 ζήσηται
1024 1725 1333 1798 ἄνθρωπος,
1371 1722 1490 1779 ἀλλ’
1519 1728 1578 1779 ὲν
1614 1725 1779 1778 παντί
1815 1725 1914 1795 ῥή-

325 1836 457 1889 ματι
502 1818 589 1872 διὰ
632 1821 901 1887 στόματος
929 1817 1350 1889 ἐκπορευομένῳ
1376 1816 1536 1872 Θεοῦ.
1576 1836 1594 1868 ι
1628 1817 1903 1888 Δύναμαι,

2017 650 2114 691 nes
2162 637 2314 690 liaut.
2350 656 2368 687 ι
2402 635 2536 689 Nam
2578 652 2893 707 supernam,
2944 639 3142 707 inquit,
3176 653 3366 693 vocem
3418 639 3621 704 audivi,

2016 725 2214 781 Filium
2257 737 2309 784 te
2356 730 2723 797 vocitantetn;
2760 731 2950 801 ignoro
2981 742 3187 798 autem,
3227 732 3403 787 donec
3450 748 3619 802 expe-

2018 818 2271 872 rientiam
2306 820 2621 887 magistram
2655 820 2849 878 nactus
2883 821 3059 877 fuero.
3106 822 3288 878 Factis
3328 823 3461 878 mihi
3495 839 3624 893 per-

2015 911 2204 975 suade,
2240 913 2332 979 qui
2378 912 2694 982 appellaris,
2728 929 2851 987 eum
2883 924 2935 968 te
2967 929 3091 971 esse
3135 929 3350 971 revera.
3397 914 3530 969 Nam
3577 918 3624 967 si

2016 1002 2118 1057 hoc
2148 1005 2414 1070 didicero,
2446 1006 2670 1074 fugiam,
2703 1009 2955 1073 evadant,
2984 1009 3276 1076 quominus
3304 1018 3483 1063 tecum
3510 1008 3623 1061 eol-

2017 1094 2194 1149 lueter
2220 1095 2575 1164 deprecabor.
2614 1095 2828 1151 Etenim
2871 1108 3135 1168 quantum
3176 1100 3320 1154 inter
3353 1115 3450 1154 nos
3485 1101 3622 1156 duos

2017 1186 2252 1252 intersit,
2291 1188 2424 1243 scio.
2467 1188 2788 1244 DemOustra
2824 1206 2955 1261 ergo
2996 1193 3323 1263 prodigium,
3357 1205 3623 1264 tuamque

2015 1276 2275 1330 miracula
2308 1278 2556 1345 patrandi
2588 1277 2921 1344 efﬁcaciam;
2958 1280 3094 1335 doce
3130 1296 3215 1334 me
3246 1283 3481 1354 prodigii
3515 1299 3619 1337 au-

2015 1375 2252 1420 ctorem:
2291 1386 2308 1418 ι
2346 1367 2441 1423 Die
2476 1379 2533 1422 ut
2560 1370 2765 1441 lapides
2792 1371 2879 1425 isti
2915 1387 3083 1440 panes
3116 1372 3260 1428 ﬁant.
3304 1393 3323 1425 ι

2088 1539 2233 1610 Ergo
2272 1543 2355 1597 his
2393 1544 2616 1611 auditis,
2645 1545 2785 1601 celat
2825 1548 3084 1605 deitatem
3122 1549 3394 1619 Christus,
3426 1553 3621 1609 huma-

2022 1647 2213 1702 meque
2233 1644 2439 1690 natura:
2456 1652 2607 1693 more
2630 1638 2870 1709 loquitur
2901 1659 2915 1695 :
2944 1641 3191 1713 αξιοι.
3216 1663 3234 1696 ι
3258 1646 3372 1699 Νοη
3400 1661 3465 1701 ex
3497 1648 3620 1702 solo

2015 1738 2153 1792 pane
2181 1727 2314 1781 vivit
2358 1728 2539 1795 homo,
2583 1734 2677 1787 sed
2723 1748 2788 1787 ex
2818 1736 2967 1790 omni
3004 1738 3170 1791 verbo
3193 1739 3337 1807 quod
3368 1742 3617 1807 procedit

2017 1817 2204 1872 deore
2231 1816 2327 1874 Dei
2354 1820 2418 1874 “.
2453 1839 2472 1873 ι
2510 1822 2762 1889 Possunt,
2808 1825 3003 1896 inquit,
3035 1829 3156 1883 sine
3206 1845 3346 1897 pane
3392 1834 3614 1887 nutriri.

321 1885 512 1981 ᾧησὶν.
541 1912 667 1965 ἄνευ
692 1885 858 1981 ἄρτου
889 1885 1187 1980 τραφῆναι.
1205 1885 1289 1963 ⁷Ού
1321 1885 1483 1980 μόνον
1512 1909 1622 1980 γὰρ
1654 1885 1841 1979 ἄρτοις
1874 1911 1906 1978 ἡ

2029 1908 2204 1979 Neque
2239 1913 2384 1967 enim
2426 1916 2656 1985 panibus
2688 1928 2895 1974 tantum
2938 1920 3045 1975 vita
3085 1922 3365 1977 hominum
3401 1938 3620 1981 susten-

322 1999 433 2051 τῶν
480 1998 782 2068 ἀνθρώπων
834 2001 1215 2069 συγκροτεῖται
1262 1998 1398 2070 ζωὴ,
1430 1998 1566 2051 ἀλλά
1596 1999 1749 2071 ῥῆμα
1776 1999 1912 2052 Θεοῦ

322 2091 485 2160 ἀρκεῖ
534 2091 711 2143 πᾶσαν
762 2088 870 2142 τῶν
924 2087 1229 2159 ἀνθρώπων
1257 2090 1547 2161 διαθρέψαι
1575 2092 1674 2161 τὴν
1708 2090 1870 2159 φύσιν
1897 2108 1910 2122 ο

323 2180 498 2243 οὕτως
529 2181 556 2231 ὁ
603 2179 995 2251 Ἰσραηλιτικὸς
1025 2180 1289 2253 διετράφη
1320 2181 1467 2247 λαὸς,
1500 2183 1912 2254 τεσσαράκοντα

323 2276 419 2344 ἔτη
450 2273 720 2342 συλλέγων
743 2274 803 2326 τὸ
828 2273 1025 2343 μάννα,
1051 2274 1147 2326 καὶ
1173 2273 1347 2344 θήρας
1368 2275 1657 2329 ἀπολαύων
1684 2275 1915 2345 ὀρνίθων

326 2365 534 2434 πεπεδη
545 2365 711 2434 μένης
742 2364 903 2435 βουλῇ
928 2364 1063 2417 Θεοῦ
1090 2381 1102 2394 ·
1127 2366 1219 2418 καὶ
1245 2366 1429 2428 Ἠλίας
1457 2366 1700 2437 κόρακας
1731 2368 1917 2420 ἑστιά-

325 2471 493 2523 τορας
544 2456 708 2523 ἔσχε·
762 2455 857 2507 xai
904 2454 1171 2519 Ἑλισαῖος
1221 2456 1432 2525 ἀγρίοις
1482 2456 1738 2525 λαχάνοις
1789 2460 1919 2521 τοὺς

328 2542 605 2609 θιασώτας
649 2544 901 2615 διέθρεψε
923 2562 935 2575 ο
989 2546 1084 2598 καὶ
1112 2546 1165 2597 τί
1204 2563 1270 2615 με
1302 2546 1381 2598 δεῖ
1408 2545 1477 2598 τά
1506 2546 1711 2601 παλαιά
1752 2565 1919 2602 κατα-

328 2636 543 2703 λέγειν,
604 2635 859 2706 Ἰωάννης
902 2627 1059 2698 οὗτος
1105 2638 1133 2689 ὁ
1178 2634 1409 2706 ἔναγχος
1461 2638 1518 2690 ὲν
1568 2637 1643 2708 τῷ
1680 2639 1920 2713 Ἰορδάνῃ

331 2726 632 2796 βαπτίζων,
663 2726 843 2780 πᾶσάν
868 2745 928 2779 τε
953 2727 1051 2798 τὴν
1082 2727 1297 2797 ἡλικίαν
1326 2730 1384 2779 ὲν
1422 2731 1488 2800 τῇ
1519 2730 1714 2801 ἐρήμῳ
1736 2732 1919 2785 διατε-

331 2820 515 2883 λέσας,
543 2818 729 2890 ἀκρίσι
753 2817 1033 2889 τρέφεται,
1055 2820 1149 2871 καί
1172 2819 1440 2889 μελιττῶν
1462 2821 1672 2890 ἀγρίων
1696 2824 1915 2894 καρπῷ·

329 2911 484 2964 οὐδὲν
507 2911 686 2964 τοίνυν
722 2910 970 2975 ἀπεικὸς,
998 2914 1092 2964 καὶ
1119 2914 1266 2982 ἡμᾶς
1291 2912 1401 2964 ἀπὸ
1421 2911 1556 2966 Θεοῦ
1588 2914 1715 2989 ξένῃ
1740 2917 1923 2970 ἑστια-

332 3002 492 3074 θῆναι
530 3006 728 3073 τροφῇ,
765 3008 862 3056 καὶ
899 3002 1066 3072 ἄρτου
1110 3003 1184 3073 μὴ
1221 3003 1502 3074 δεηθῆναι.

400 3095 619 3148 Τούτων
658 3093 897 3158 ἀκούσας
924 3097 952 3148 ό
984 3094 1250 3159 διάὸολος,
1279 3096 1487 3169 ἤλγησε
1525 3103 1624 3171 μὲν
1659 3104 1734 3169 ὡς
1761 3108 1924 3179 ἡττη-

2017 2007 2184 2067 tatur,
2237 2005 2331 2056 sed
2367 2002 2463 2059 Dei
2508 2008 2738 2061 verbum
2772 2008 2971 2063 sullleit
3021 2012 3289 2067 universa:
3334 2014 3615 2073 hominum

2017 2094 2220 2149 alenda:
2253 2107 2482 2151 naturis.
2516 2097 2608 2153 Sic
2637 2099 2965 2156 lsraeliticus
3005 2115 3193 2171 pastus
3225 2104 3324 2158 fuit
3364 2108 3619 2177 populus,

2018 2187 2378 2256 quadraginta
2407 2190 2563 2244 annis
2589 2207 2789 2246 manna
2818 2194 3103 2263 colligens,
3133 2207 3187 2250 et
3211 2198 3389 2251 avium
3420 2211 3619 2255 venatu

2018 2279 2205 2334 fruens
2239 2296 2361 2348 quae
2400 2280 2493 2337 Dei
2529 2282 2811 2340 voluntate
2845 2286 3255 2343 irretiebautur.
3304 2289 3436 2345 Item
3471 2288 3622 2348 Elius

2020 2386 2216 2425 corvos
2248 2373 2448 2427 altores
2479 2374 2697 2441 habuit;
2734 2378 2958 2433 Elisaens
3008 2393 3187 2437 autem
3230 2385 3432 2453 agresti
3468 2384 3619 2439 olere

2019 2463 2236 2518 sodales
2284 2481 2413 2520 suos
2463 2467 2711 2523 nutrivit.
2771 2470 2878 2524 Sed
2931 2488 3031 2526 cur
3084 2485 3266 2528 vetera
3316 2477 3626 2532 euomere?

2020 2550 2277 2620 Joannes,
2321 2557 2412 2626 qui
2446 2574 2620 2629 nuper
2655 2562 2795 2631 apud
2818 2560 3109 2619 Jordauetn
3135 2567 3464 2636 baptizabat,
3492 2584 3617 2632 om-

2022 2660 2254 2715 nemque
2283 2659 2498 2703 mtatem
2526 2652 2580 2705 in
2624 2653 2844 2708 deserto
2882 2659 3166 2723 transegit,
3201 2660 3430 2717 locustis
3456 2661 3622 2717 alitur

2022 2745 2074 2791 et
2116 2754 2277 2806 apum
2325 2740 2654 2797 silvestrium
2687 2745 2886 2800 fructu.
2935 2747 3089 2805 llaud
3131 2766 3263 2821 ergo
3303 2753 3621 2809 incredibile

2022 2837 2130 2892 est,
2155 2845 2254 2883 nos
2278 2846 2493 2901 quoque
2538 2834 2757 2892 insolito
2781 2852 2810 2890 a
2846 2839 2955 2894 Deo
2981 2840 3102 2895 cibo
3134 2843 3357 2908 nutriri,
3392 2854 3446 2900 et
3479 2861 3625 2917 pane

2025 2934 2131 2974 non
2160 2923 2419 2991 indigere.

2098 3097 2225 3154 llaec
2252 3103 2482 3159 audiens
2509 3106 2783 3176 diabolus,
2812 3112 3015 3166 victum
3057 3116 3279 3182 quidem
3317 3134 3377 3173 se
3403 3119 3579 3176 doluit
3605 3138 3623 3185 ;

332 3185 466 3249 θεὶς,
492 3187 594 3239 οὐκ
620 3185 967 3256 ἀπηγόρευσε
999 3186 1055 3238 δὲ
1087 3186 1185 3256 τὴν
1224 3187 1404 3258 νίκην,
1441 3193 1681 3259 ἀκούσας
1717 3198 1793 3263 ὡς
1838 3204 1917 3257 ἄν-

2034 3198 2128 3248 sed
2159 3203 2339 3249 tamen
2359 3211 2479 3250 eum
2507 3198 2813 3269 intelligens
2840 3205 3113 3261 hominem
3143 3224 3285 3276 esse,
3309 3212 3375 3266 de
3399 3212 3624 3268 victoria

332 3279 550 3349 θρωπος
601 3277 721 3347 εἴη·
759 3277 839 3329 διὸ
887 3277 1148 3347 δευτέραν
1196 3279 1346 3351 αὐτῷ
1401 3285 1495 3336 καὶ
1542 3291 1732 3361 τρίτην
1766 3291 1923 3364 αὖθις

331 3372 530 3437 πεῖραν
553 3368 838 3439 προσάγει,
861 3371 938 3440 πὴ
965 3370 1063 3439 μὲν
1083 3369 1275 3439 λέγων,
1304 3392 1321 3423 ι
1341 3374 1404 3428 El
1429 3376 1553 3440 Υἱὸς
1577 3375 1628 3432 εἷ
1645 3383 1736 3436 τοῦ
1762 3387 1920 3455 Θεοῦ,

334 3460 463 3529 βάλε
514 3460 739 3512 σεαυτὸν
776 3458 981 3515 ἄνωθεν
1016 3462 1197 3515 κάτω’
1229 3482 1246 3515 t
1298 3465 1373 3536 πὴ
1412 3467 1468 3519 δὲ
1509 3472 1607 3534 τὰς
1644 3474 1924 3546 βασιλείας

330 3556 431 3622 τῆς
473 3552 800 3623 οἰκουμένης
845 3554 1185 3620 ὑποδεικνὺς,
1217 3558 1310 3610 καὶ
1359 3560 1563 3626 ταύτας
1609 3567 1923 3628 ἀντιδώσειν

332 3644 782 3713 ὑπισχνούμενος,
812 3645 859 3695 εί
891 3646 1153 3715 πρότερον
1183 3649 1312 3714 παρ’
1342 3652 1509 3706 αὐτοῦ
1542 3657 1640 3725 τὴν
1676 3667 1919 3730 προσκύ-

331 3748 489 3803 νησιν
524 3732 676 3784 λάϐοι
697 3749 711 3763 ·
749 3733 823 3797 ὠς
854 3733 911 3785 δὲ
955 3735 1116 3786 πάλιν
1149 3737 1310 3789 αὑτὸν
1340 3740 1447 3792 τῶν
1480 3745 1725 3801 παλαιῶν
1764 3754 1919 3822 νομί-

335 3843 453 3896 μων
481 3824 770 3896 ἀνέμνησε,
809 3842 827 3875 ι
857 3826 1193 3895 Γέγραπται,
1225 3830 1419 3899 λέγων,
1440 3835 1645 3906 Κύριον
1669 3841 1759 3895 τὸν
1784 3843 1915 3901 Θεόν

334 3934 429 3969 σου
464 3918 883 3987 προσκυνήσεις,
922 3918 1013 3971 κα)⁸
1046 3919 1194 3990 αύτῷ
1227 3922 1371 3994 μόνῳ
1402 3925 1742 3997 λατρεύσεις,
1772 3955 1788 3986 ι
1824 3938 1921 3991 καὶ⁵

331 4008 569 4074 ἐδίδαξεν
612 4009 695 4060 ὅτι
735 4008 835 4060 οὑκ
864 4008 1110 4075 ἀνέξεται
1140 4013 1309 4084 ἑτέρῳ
1340 4018 1449 4070 τινὶ
1484 4019 1543 4071 τὸ
1575 4020 1717 4077 θεῖον
1750 4029 1919 4099 γέρας

332 4103 741 4172 προσενεγκεῖν,
781 4102 874 4154 καὶ
920 4102 1122 4175 ἐτέρων
1151 4106 1205 4158 δὲ
1244 4108 1599 4183 ὑπομέμνησε
1658 4118 1919 4187 ῥημάτων

330 4190 427 4245 τοῦ
444 4189 577 4243 Θεοῦ
603 4191 695 4243 καὶ
717 4189 1061 4260 διδαγμάτων
1086 4193 1510 4264 διαγορευόντων
1536 4202 1611 4273 μὴ
1643 4208 1919 4278 πειράζειν

331 4283 426 4335 τὸν
471 4281 578 4334 τῶν
632 4281 766 4333 ὅλων
812 4280 965 4346 Θεὸν,
996 4283 1025 4334 δ
1060 4284 1159 4353 μὲν
1193 4286 1422 4358 ἀπέδρα,
1458 4290 1556 4360 τῆς
1603 4294 1775 4367 ἥττης
1820 4301 1919 4371 τὴν

332 4373 596 4444 αἰσχύνην
622 4374 682 4425 ού
708 4373 908 4444 φέρων,
934 4376 1025 4429 καὶ
1050 4376 1282 4443 δειλιῶν,
1312 4382 1405 4434 καὶ
1432 4384 1671 4455 τρέμων,
1703 4392 1796 4443 καὶ
1820 4396 1918 4463 τῆς

334 4466 650 4537 τυραννίδος
698 4465 1133 4536 ὲκόληθήσεσθαι
1180 4474 1518 4540 προσδοκῶν.
1572 4481 1757 4535 Πάντα
1810 4485 1919 4556 γὰρ

2033 3298 2140 3338 non
2163 3284 2494 3354 desperavit.
2522 3290 2819 3363 Propterea
2856 3301 3148 3353 secundam
3189 3303 3261 3354 illi
3296 3306 3627 3375 tertiamque

2031 3379 2284 3433 admovet
2323 3385 2708 3453 tentatioucm;
2744 3390 2913 3466 modo
2934 3391 3122 3446 dicens
3152 3412 3164 3447 :
3196 3414 3212 3445 ι
3252 3395 3307 3450 Si
3339 3397 3506 3453 Filius
3529 3401 3625 3455 Dei

2030 3479 2109 3528 es,
2138 3467 2292 3521 mitte
2333 3478 2384 3524 te
2427 3470 2555 3526 hinc
2586 3474 2839 3531 deorsum
2870 3479 2949 3543 ³³;
2987 3500 3008 3532 ›
3039 3482 3199 3536 modo
3244 3501 3404 3553 regna
3438 3492 3627 3545 mundi

2030 3560 2352 3626 ostendens,
2377 3574 2550 3631 eaque
2576 3580 2634 3620 se
2664 3568 2919 3624 daturum
2948 3576 3291 3641 promittens,
3314 3580 3357 3632 si
3384 3594 3443 3633 se
3474 3583 3630 3650 prius

2030 3649 2337 3706 adorasset.
2364 3651 2471 3707 Sed
2500 3656 2589 3711 ubi
2614 3658 2867 3715 Christus
2897 3662 2970 3716 illi
3004 3666 3181 3732 prisca
3210 3670 3351 3722 dicta
3389 3672 3442 3724 in
3474 3649 3628 3729 inen-

2035 3747 2137 3793 tem
2175 3745 2471 3809 revocavit,
2507 3765 2526 3798 ι
2575 3747 2849 3819 Scriptum
2892 3763 2995 3817 est,
3032 3756 3304 3826 inquiens,
3338 3760 3627 3823 Dominum

2033 3830 2202 3887 Deum
2231 3845 2379 3888 tuum
2413 3837 2688 3904 adorabis,
2723 3851 2777 3894 et
2810 3841 2882 3895 illi
2917 3845 3014 3897 soli
3041 3850 3247 3903 servies
3275 3850 3348 3917 3‘;
3381 3871 3399 3903 ι
3436 3854 3630 3909 adtno.

2030 3927 2274 3995 nuitque,
2320 3939 2597 3998 nunquam
2644 3948 2704 3987 se
2749 3936 3172 3993 commissurum
3219 3953 3275 3995 ut
3318 3946 3492 4002 cuivis
3536 3951 3626 4006 alii

2029 4017 2269 4071 divinum
2303 4019 2628 4091 obsequium
2654 4024 2909 4095 oll‘erret;
2942 4040 3104 4100 atque
3144 4034 3249 4088 alia
3285 4036 3508 4109 insuper
3530 4043 3626 4099 Dei

2028 4110 2187 4165 elfata
2229 4128 2293 4168 ac
2337 4128 2606 4186 praecepta
2654 4127 3125 4187 eonnnernoravit,
3177 4144 3299 4197 qua:
3337 4134 3624 4190 universa-

2030 4204 2133 4259 lem
2166 4205 2333 4260 Deum
2378 4219 2589 4266 tentare
2630 4215 2920 4285 vetabant;
2960 4219 3049 4275 ille
3094 4222 3313 4290 quidem
3360 4224 3624 4297 fugiebat,

2031 4296 2381 4363 ignominiam
2425 4301 2599 4356 eladis
2646 4320 2752 4371 nos
2795 4306 2992 4372 ferens,
3024 4308 3221 4363 timens
3256 4320 3623 4385 tremensque,

2030 4398 2085 4443 et
2108 4404 2167 4445 se
2197 4393 2482 4461 tyrannide
2511 4396 2792 4465 depulsum
2834 4400 2898 4453 iri
2932 4413 3279 4471 exspectans.
3325 4404 3459 4460 Nam
3500 4424 3626 4463 cum

2031 4480 2134 4534 tela
2170 4484 2350 4539 omnia
2378 4485 2782 4556 iusutnpsisset,
2820 4503 3157 4562 cunctasque
3211 4497 3418 4553 fraudis
3454 4498 3627 4556 luctas

334 4556 499 4610 αὐτοῦ
524 4555 763 4617 κενώσας
792 4555 859 4607 τὰ
891 4556 1036 4627 βέλη,
1064 4559 1157 4611 καὶ
1180 4562 1358 4625 πάσας
1386 4566 1550 4619 αὐτοῦ
1575 4568 1676 4639 τῆς
1700 4574 1917 4645 ἀπάτης

2031 4572 2131 4642 ipsi
2171 4574 3000 4643 admovisset,invulnerabilem
3035 4586 3409 4658 invictumque
3448 4594 3628 4649 athle-

331 4650 432 4710 τὰς
456 4648 628 4710 πάλας
656 4649 1053 4718 προσενεγκὼν,
1084 4650 1325 4721 ἄτρωτον
1352 4650 1476 4726 εὗρε
1527 4660 1619 4712 καὶ
1649 4662 1917 4735 ἀήττητον

333 4742 425 4793 τὸν
472 4740 731 4810 ἀθλητήν.
761 4741 870 4793 Καὶ
903 4741 977 4804 ὡς
1016 4741 1096 4811 τῷ
1132 4743 1301 4815 Ἀδὰμ
1337 4750 1669 4817 προσελθὼν,
1697 4756 1795 4826 οὐχ
1833 4753 1921 4811 εὗε

336 4850 429 4906 ρεν
480 4833 537 4884 δν
588 4832 1020 4903 προσεδόκησενο
1057 4835 1277 4903 ἄγγελοι
1307 4838 1363 4890 δὲ
1393 4839 1471 4909 τῷ
1517 4848 1708 4916 νικητῇ
1756 4866 1923 4919 προσ.

338 4925 533 4988 ιόντες,
564 4923 611 4975 οἶ
642 4922 923 4995 πόρρωθεν
952 4925 1137 4995 ἐώρων
1158 4928 1255 4999 τὴν
1272 4929 1469 5001 πάλην,
1502 4934 1755 5008 καθάπερ
1783 4942 1925 5004 τινὲς

336 5014 565 5084 ἐρασταὶ
601 5012 903 5083 διηκόνουν,
928 5016 1201 5086 ἐχόρευον,
1236 5020 1517 5092 εὐφήμουν
1544 5025 1635 5079 τὸν
1660 5029 1923 5103 ἀθλητὴν,

337 5105 689 5175 ἐστεφάνουν,
729 5106 1118 5178 ἀνεκήρυττον,
1157 5108 1375 5183 ἔχαιρον
1408 5115 1501 5167 ἐπὶ
1548 5120 1612 5188 τῇ
1657 5119 1764 5172 τῶν
1791 5125 1925 5192 ὁμο-

335 5198 537 5253 δούλων
562 5196 867 5268 ἀνθρώπων
906 5199 1209 5273 ἐλευθερία,
1246 5206 1537 5272 ὲγάννυντο
1565 5210 1661 5263 τοῦ
1692 5213 1925 5269 ἀντιπάο

336 5290 432 5343 λου
469 5291 570 5361 τὴν
606 5286 776 5347 ἧτταν
814 5291 1071 5361 δρῶντες.
1756 5282 1765 5291 ’

338 5383 595 5466 1Ε’;.”Οτι
626 5384 686 5466 el
723 5383 871 5466 νοῦς
896 5387 1006 5466 012x
1023 5384 1568 5466 _dré.1q6’sr,_ot’)§ér
1594 5396 1743 5466 πρὸς
1769 5398 1926 5466 ἡμᾶς

411 5455 450 5521 ἡ
499 5457 647 5506 κατὰ
835 5454 1117 5509 διαϐόλου
1151 5458 1311 5525 νίκη.
1344 5461 1504 5513 Κατὰ
1544 5453 1651 5517 τοῦ
1694 5453 1924 5523 ﬁnali:

409 5525 677 5591 rapt'0v(
747 5565 758 5575 .

410 5615 595 5668 Ἰἀῦτα
628 5616 726 5684 τὴν
765 5614 1137 5685 Ἀπολιναρίου
1178 5618 1387 5690 ἐλέγχει
1424 5625 1834 5697 ματαιολογίαν,
1864 5631 1921 5696 ὃς

412 5730 671 5784 “Matth.
712 5732 865 5816 "1,4.
953 5733 998 5766 ιι
1029 5733 1155 5787 una.
1194 5734 1247 5801 5,
1276 5736 1328 5789 6.
1405 5738 1449 5769 ³ο
1476 5740 1603 5797 una.
1632 5742 1685 5810 9,
1716 5745 1800 5799 ιο.

2022 4675 2130 4719 tatu
2158 4682 2279 4720 esse
2315 4672 2589 4737 cognovit.
2632 4672 2846 4729 Etenim
2891 4692 3013 4729 cum
3053 4692 3180 4733 eum
3218 4680 3410 4737 Adami
3455 4684 3627 4739 instar

2020 4755 2216 4813 fuisset
2234 4778 2539 4830 aggressus,
2566 4781 2670 4819 non
2694 4769 2912 4836 qualem
2937 4778 3312 4841 exspectabat,
3339 4780 3624 4847 comperit.

2022 4848 2195 4905 Porro
2240 4854 2417 4922 angeli
2465 4857 2531 4910 ad
2566 4860 2828 4915 victorem
2877 4868 3219 4931 accedentes,
3271 4869 3361 4937 qui
3410 4871 3629 4925 eminus

2026 4951 2185 4997 antea
2234 4944 2433 5001 lnctam
2479 4961 2889 5020 spectaverant,
2940 4971 3039 5011 ceu
3078 4960 3295 5027 quidam
3353 4972 3629 5020 amatores

2022 5033 2133 5103 jam
2168 5038 2576 5108 ministrabant,
2616 5046 2872 5100 choream
2920 5049 3174 5119 agebant,
3214 5052 3475 5108 athletam
3514 5074 3632 5108 ma-

2023 5123 2379 5191 guilicabant,
2416 5136 2771 5199 coronabant,
2803 5140 3190 5208 praidicabaut,
3231 5144 3475 5215 822m.
3505 5164 3630 5216 gra—

2027 5215 2342 5274 tulabantnr
2372 5239 2765 5282 conservorum
2811 5231 3094 5288 hominum
3128 5236 3390 5305 libertati,
3434 5241 3629 5296 adver-

2023 5309 2155 5363 sarii
2186 5312 2392 5367 cladem
2420 5328 2731 5384 spectantes
2758 5326 3087 5391 gaudebant.

2026 5398 2166 5489 XVI.”
2188 5403 2311 5457 Nisi
2341 5406 2582 5489 Christus
2616 5429 2837 5489 mentem
2875 5434 3081 5489 quoque
3114 5425 3504 5488 assumpsissel,
3541 5429 3626 5479 ni-

2092 5473 2166 5549 hil
2208 5490 2445 5549 nostrum
2475 5482 2747 5538 interesse!
2778 5473 3006 5541 ινέσιοιίά
3047 5495 3111 5543 de
3153 5473 3391 5547 diatreta.
3428 5473 3629 5549 (ἐδηιιά

2103 5544 2483 5609 Apollinarem.

2104 5634 2227 5692 llmc
2262 5642 2486 5696 stultum
2533 5646 2862 5716 Apollinaris
2896 5653 3318 5711 deliramentqu
3367 5658 3628 5721 refutant,

417 5853 491 5923 (l)
534 5853 609 5907 De
650 5852 813 5908 variis
851 5854 1179 5925 Apollinaris
1227 5858 1507 5917 erroribus
1562 5866 1782 5924 utemini
1838 5884 1923 5928 me
1962 5871 2091 5929 olim
2160 5874 2430 5932 disserere
2462 5876 2660 5949 Script.
2696 5890 2797 5935 ret.
2837 5890 2873 5936 t.
2906 5882 2945 5952 Ι,
2978 5885 3067 5941 ed.
3124 5885 3285 5954 prim.
3319 5904 3373 5959 p.
3409 5890 3537 5958 l85,
3567 5891 3624 5948 in
