4058 6328
477 435 619 492 Ηίὸ

1507 430 1561 481 S.
1601 425 1876 481 CYBILLI
1919 423 2385 480 ALEXANDHINI
2428 424 2742 480 AHCHIEP.

3585 427 3729 484 £4“

469 555 558 623 qui
606 552 799 605 mentis
833 551 948 604 loco
983 551 1149 603 Deum
1199 546 1432 600 Verbum
1465 547 1514 598 in
1566 553 1836 612 assumpta
1880 558 2038 596 carne

2146 543 2265 594 ἀντὶ
2309 543 2401 595 νοῦ
2435 543 2523 594 τὸν
2551 542 2683 595 Θεὸν
2715 543 2886 609 Λόγον
2929 544 3204 617 ἰνοικῆσαι
3254 545 3400 612 λέγει
3449 546 3513 614 τῇ
3552 560 3723 614 προσ-

473 646 856 709 inliabitavisse
885 642 1034 696 dicit.
1066 639 1196 694 Nam
1235 641 1281 694 si
1319 640 1454 692 lorte
1494 641 1780 691 humanam
1806 647 2042 691 mentem

472 745 745 801 assumpta
792 743 980 786 natura
1012 749 1116 785 non
1169 732 1468 790 habuisset,
1517 730 1653 782 Deus
1682 730 1868 797 utique
1899 728 2044 780 solus

469 842 589 880 cum
615 824 829 878 diabolo
861 824 1213 885 decertasset,
1249 823 1390 876 Deus
1423 821 1700 873 victoriam
1734 822 2040 881 retulisset;

475 917 580 969 Deo
604 928 777 968 autem
806 915 1029 974 victore,
1057 928 1157 984 ego
1179 913 1306 966 nihil
1338 915 1401 966 de
1427 912 1647 965 victoria
1674 909 2038 980 profecissem,

471 1009 599 1074 quia
634 1007 698 1059 ad
737 1022 854 1060 eam
887 1006 959 1058 nil
998 1004 1369 1058 contulissem.
1415 1003 1520 1056 Sed
1549 1013 1603 1056 et
1631 1003 1777 1056 omni
1822 1005 1892 1055 ob
1924 1018 2040 1054 eam

470 1096 666 1163 gaudio
708 1111 968 1157 carerem,
1030 1095 1155 1164 quia
1198 1093 1375 1148 alieno
1419 1101 1626 1146 tantum
1673 1102 1871 1160 trapeo
1925 1093 2043 1162 glo-

473 1189 666 1242 riarer.
699 1185 950 1240 Diabolus
986 1199 1111 1239 vero
1156 1185 1448 1249 laetaretur,
1481 1185 1826 1252 gloriaretur,
1859 1199 2045 1252 supcr-

476 1284 633 1348 biret,
658 1297 818 1349 seque
844 1282 1092 1348 jactaret,
1135 1296 1232 1334 ceu
1273 1295 1394 1334 cum
1430 1279 1536 1333 Deo
1572 1279 1873 1347 proeliatus,
1917 1289 1971 1333 et
2015 1295 2042 1331 a

477 1374 584 1428 Deo
622 1373 816 1425 victus.
866 1369 1114 1439 Magnum
1159 1370 1286 1438 quid
1332 1370 1474 1422 enim
1527 1371 1626 1436 ipsi
1677 1380 1816 1424 esset
1863 1383 1892 1422 ο
1936 1369 2046 1422 Deo

475 1464 636 1517 vinci.
665 1462 796 1516 Nam
821 1463 864 1514 si
893 1461 1032 1514 Deus
1058 1459 1316 1523 Verbum,
1345 1460 1540 1513 mentis
1563 1461 1699 1523 loco,
1720 1461 1771 1512 in
1794 1471 2045 1527 suscepto

471 1568 697 1625 corpore
723 1554 930 1616 fuisset,
965 1552 1329 1622 probabilibus
1355 1550 1582 1605 fortasse
1609 1553 2045 1607 excusationibus

473 1659 602 1698 usus
631 1654 773 1698 esset
798 1643 1072 1707 diabolus;
1111 1643 1310 1697 etenim
1341 1642 1478 1695 haud
1509 1642 1740 1696 absurde
1775 1643 2000 1695 dixisset
2026 1658 2040 1693 :

473 1734 607 1803 Ego,
635 1735 854 1788 Domine
883 1745 936 1788 et
963 1751 1143 1789 rerum
1171 1735 1408 1787 otnnium
1443 1744 1650 1795 auctor,
1683 1734 1823 1787 haud
1853 1743 2040 1787 contra

474 1837 525 1878 te
552 1840 781 1894 pugnam
833 1827 1041 1892 suscepi
1089 1841 1102 1878 :
1153 1826 1270 1877 novi
1321 1824 1462 1878 enim
1515 1825 1827 1891 dignitatem
1873 1835 2039 1888 tuam,

2148 632 2412 704 ληφθείσῃ
2455 634 2636 705 σαρκί.
2687 634 2748 688 Et
2781 634 2890 704 γάρ
2920 634 3048 688 νοῦν
3080 636 3180 691 οὐκ
3209 631 3354 706 εἶχεν
3386 634 3726 706 ἀνθρώπινον

2146 727 2180 792 ἠ
2211 725 2582 795 ἀναληφθεῖσα
2627 724 2808 796 φύσις,
2835 725 2966 792 Θεὸς
3013 729 3110 796 μὲν
3139 729 3167 780 6
3203 727 3340 798 πρὸς
3366 727 3454 780 τὸν
3481 719 3726 780 διάδολον

2147 811 2554 880 ἀγωνισάμενος
2584 807 2671 882 ῆν,
2700 812 2831 876 Θεὸς
2851 814 2908 868 δὲ
2930 817 2958 868 6
2985 816 3082 885 τὴν
3109 815 3265 886 νίκην
3292 817 3723 885 ἀναδησάμενος·

2145 901 2280 954 Θεοῦ
2311 903 2369 955 δὲ
2407 906 2773 975 νενικηκότος,
2806 905 2918 974 ἐγὼ
2958 906 3057 976 μὲν
3086 907 3239 959 οὐδὲν
3277 907 3585 976 ἀπωνάμην
3627 907 3726 976 τῆς

2147 995 2320 1064 νίκης,
2349 996 2423 1058 ὡς
2448 997 2598 1049 οὐδὲν
2628 999 2706 1062 είς
2735 1000 2937 1067 ταύτην
2957 997 3284 1067 εἰσενεγκὼν
3303 1015 3317 1028 ⁸
3349 997 3484 1051 ἀλλά
3512 999 3727 1070 καὶτῆς

2145 1086 2392 1138 ἐντεῦθεν
2438 1087 2779 1158 εὐφροσύνης
2805 1090 3187 1160 γεγύμνωμαι,
3214 1089 3290 1146 ὡς
3322 1090 3413 1142 ἐπὶ
3442 1091 3726 1157 τροπαίοις

2145 1179 2384 1246 γαυριῶν
2414 1179 2748 1250 ἀλλοτρίοις’
2796 1183 2824 1233 6
2867 1181 2924 1234 δὲ
2957 1180 3203 1242 διάϐολος
3242 1180 3420 1249 αὐχεῖ,
3457 1182 3551 1233 καὶ
3589 1197 3725 1249 κομ-

2145 1269 2330 1332 πάζει,
2367 1270 2459 1322 καὶ
2499 1270 2642 1340 μέγα
2689 1274 2895 1342 φρονεῖ,
2947 1273 3041 1325 καὶ
3089 1271 3431 1341 σεμνύνεται,
3476 1271 3551 1334 ὡς
3606 1271 3724 1341 Θεῷ

2146 1361 2435 1423 παλαίσας,
2468 1363 2561 1414 καὶ
2611 1363 2716 1415 ὑπὸ
2757 1363 2891 1416 Θεοῦ
2935 1363 3222 1432 ἡττηθείς·
3259 1363 3401 1432 μέγα
3437 1362 3545 1434 γὰρ
3575 1363 3724 1432 αὐτῷ

2145 1452 2238 1504 καὶ
2265 1453 2322 1504 τὸ
2356 1452 2650 1522 ἡττηθῆναι
2680 1454 2783 1506 ὑπὸ
2813 1453 2947 1506 Θεοῦ
2971 1470 2983 1483 ·
3019 1455 3101 1506 ὃτι
3145 1456 3193 1506 εί
3236 1455 3264 1505 6
3302 1454 3434 1516 Θεὸς
3458 1455 3629 1520 Λόγος
3653 1448 3723 1523 ἦν

2145 1541 2265 1592 ἀντὶ
2287 1541 2378 1593 νοῦ
2403 1545 2459 1593 ἐν
2490 1543 2566 1610 τῷ
2595 1543 2874 1611 ληφθέντι,
2898 1545 2991 1596 καὶ
3015 1547 3042 1597 6
3067 1544 3315 1607 διάϐολος
3337 1544 3723 1611 δικαιολογίαις

2144 1635 2407 1702 χρήσαιτο
2441 1635 2506 1687 ἂν
2555 1635 2814 1702 εὐλόγοις,
2848 1635 2940 1688 καὶ
2973 1636 3114 1689 εἴποι
3154 1637 3220 1690 ἂν
3269 1638 3527 1699 εἰκότως·
3558 1635 3720 1704 Ἐγὼ,

2142 1725 2386 1776 Δέσποτα
2413 1725 2504 1776 καὶ
2533 1725 2731 1793 ποιητά
2759 1726 2868 1779 τῶν
2897 1727 3053 1789 ὅλων,
3072 1728 3133 1778 οὺ
3158 1727 3292 1797 πρὸς
3323 1728 3382 1780 σὲ
3409 1728 3506 1798 τὴν
3539 1728 3722 1797 μάχην

2143 1813 2504 1885 ἀνεδεξάμηνο
2539 1811 2654 1867 οἶδα
2679 1817 2787 1884 γάρ
2828 1833 2920 1868 σου
2951 1817 3046 1886 τὴν
3080 1817 3255 1881 ἀξίαν,
3292 1818 3594 1885 ἐπίσταμαι
3623 1815 3721 1885 τὴν

471 1919 583 1972 seio
615 1917 930 1984 potentiam,
961 1932 1155 1985 agosco
1188 1917 1542 1971 dominatum.
1579 1915 1751 1969 Meum
1783 1917 2038 1972 conﬁteor

2145 1904 2393 1970 ἐξουσίαν
2420 1945 2432 1966 ,
2485 1904 2737 1974 γινώσκω
2780 1905 2877 1977 τὴν
2927 1906 3261 1960 δεσποτείαν.
3297 1907 3574 1977 Ὁμολογιῦ
3623 1907 3721 1977 τὴν

471 2007 815 2061 famulitium.
853 2023 1160 2076 quanquam
1202 2015 1444 2075 apostata
1497 2006 1670 2059 factus
1718 2022 1855 2060 sum.
1903 2009 2045 2062 Cedo

471 2111 646 2152 autem
684 2101 747 2150 de
779 2099 1004 2152 victoria
1040 2099 1168 2166 ipsis
1198 2099 1404 2167 angelis
1448 2101 1764 2167 cunctisque
1803 2101 2042 2155 cmlesti-

472 2198 570 2240 tius
599 2189 851 2250 coetibus,
886 2203 1111 2255 quorum
1144 2187 1328 2240 infelix
1363 2204 1463 2257 ego
1493 2205 1615 2256 pars
1642 2191 1770 2243 olim
1803 2191 1896 2243 fni.
1937 2191 2042 2245 Sed

469 2278 715 2346 praelium
763 2289 948 2330 contra
993 2278 1134 2331 bunc
1177 2279 1413 2347 suscepi,
1464 2294 1622 2346 quem
1657 2281 1722 2333 de
1762 2280 1888 2334 limo
1929 2281 2042 2335 for-

471 2374 670 2417 matum
701 2367 766 2417 ad
804 2366 1088 2434 imaginem
1125 2377 1269 2419 tuam
1307 2368 1618 2431 condidisti,
1675 2370 1900 2424 rationis
1943 2386 2039 2425 usu

467 2455 760 2518 exornasti,
785 2466 838 2508 et
858 2457 1090 2524 paradisi
1117 2458 1288 2511 civem
1326 2459 1671 2522 constituisti,
1699 2469 1960 2529 terrmquc
1989 2472 2042 2517 et

470 2545 638 2597 maris
670 2546 945 2598 dominum
975 2546 1290 2599 exbibuisti.
1317 2545 1468 2599 llunc
1488 2563 1587 2617 ego
1612 2552 1675 2602 ad
1706 2551 1841 2603 banc
1872 2566 2043 2620 usque

469 2637 608 2691 diem
647 2638 866 2689 vincens
894 2647 948 2691 et
971 2639 1262 2692 vulnerans
1289 2648 1345 2692 ct
1376 2643 1532 2693 morti
1560 2641 1814 2694 addicens
1838 2654 2040 2710 persto.

472 2727 604 2780 Iluic
631 2729 683 2780 in
723 2728 953 2780 stadium
993 2731 1248 2792 adducto,
1287 2740 1342 2784 et
1369 2746 1580 2785 mecum
1618 2733 1808 2788 luctari
1833 2746 2040 2800 coacto,

467 2819 626 2871 vcltm
674 2820 787 2887 ipse
825 2828 1096 2883 speetator
1142 2822 1288 2874 adsis
1331 2832 1384 2875 et
1429 2825 1780 2878 certaminum
1821 2841 2040 2894 praeses.

468 2907 619 2974 Quod
655 2911 698 2964 si
751 2911 991 2980 magistri
1027 2927 1237 2980 quoque
1280 2916 1358 2966 vis
1395 2915 1538 2983 fungi
1589 2919 1721 2976 vice,
1757 2918 1890 2970 doce
1919 2934 2040 2972 eum

470 3001 680 3062 lttctari.
727 3002 1033 3055 demOustra
1071 3005 1144 3056 illi
1194 3007 1703 3070 vicloriaeattiﬁcia,
1746 3008 1954 3064 instrue
1987 3021 2045 3064 ut

465 3091 700 3162 333m.
733 3095 812 3146 vis
839 3111 854 3161 ;
885 3105 1090 3148 tantum
1129 3112 1193 3148 ne
1221 3096 1332 3165 ipse
1355 3100 1677 3152 certaminis
1711 3100 1889 3153 socius
1922 3099 2036 3153 fias.

2145 1997 2405 2062 δουλείαν,
2434 1998 2480 2049 εἰ
2521 1998 2612 2050 καὶ
2639 1999 2977 2052 ἀποστασίαν
3005 1999 3170 2051 νοσὼυ
3199 1999 3514 2069 παραχωρῶ
3540 1999 3598 2051 δὲ
3626 2001 3720 2052 καί

2147 2088 2396 2156 ἀγγέλοις
2424 2089 2521 2158 τῆς
2549 2088 2726 2158 νίκης,
2761 2091 2854 2142 καὶ
2894 2091 3026 2142 πᾶσι
3057 2093 3166 2153 τοῖς
3193 2091 3465 2160 οὐρανίοις
3502 2091 3718 2161 δήμοις,

2144 2173 2218 2232 ὧν
2253 2196 2380 2232 ποτε
2415 2180 2506 2232 καὶ
2546 2182 2575 2232 6
2613 2179 2957 2250 ταλαίπωρος
2979 2175 3058 2243 εἷς
3088 2181 3330 2252 ὑπῆρχον
3356 2179 3466 2249 ἐγώ
3485 2198 3500 2212 °
3530 2183 3631 2249 τὴν
3663 2181 3720 2232 δὲ

2148 2272 2327 2340 μάχην
2378 2270 2513 2338 πρὸς
2564 2271 2752 2322 τοῦτον
2794 2271 3146 2341 ἀνεδεξάμην,
3175 2272 3233 2324 ὃν
3259 2272 3366 2324 ἀπὸ
3398 2272 3568 2343 πηλοῦ
3620 2273 3718 2342 μὲν

2142 2361 2453 2423 διέπλασας,
2479 2361 2792 2413 κατέίκόνα
2819 2362 2875 2413 δὲ
2905 2363 3005 2432 σὴν
3030 2365 3309 2432 ἐποίησας,
3335 2367 3428 2417 καί
3453 2365 3719 2434 ἐτίμησας

2141 2452 2218 2521 τῷ
2249 2452 2412 2519 λόγῳ,
2449 2452 2541 2504 καὶ
2589 2451 2914 2519 παραδείσου
2956 2451 3180 2520 πολίτην
3217 2455 3580 2522 κατέστησας,
3625 2458 3718 2507 καὶ

2142 2547 2245 2612 γῆς
2271 2546 2362 2596 καὶ
2397 2544 2665 2613 θαλάττης
2699 2544 2963 2614 δεσπότην
2993 2545 3308 2615 ἀπέφηναςο
3336 2548 3525 2599 τοῦτον
3555 2549 3712 2617 μέχρι

2142 2636 2239 2704 τῆς
2275 2637 2509 2706 σήμερον
2537 2637 2746 2704 ἡμέρας
2775 2637 2962 2696 νικῶν,
2992 2637 3086 2688 καὶ
3123 2637 3353 2706 βάλλων,
3383 2639 3480 2692 καὶ
3511 2639 3589 2708 τῷ
3621 2639 3718 2691 θα-

2143 2727 2286 2796 νάτῳ
2323 2726 2708 2795 παραπέμπων
2752 2726 3015 2779 διατελῶο
3050 2726 3240 2780 τοῦτον
3282 2732 3361 2791 εἰς
3404 2728 3464 2781 τὸ
3509 2729 3716 2782 στάδιον

2144 2817 2386 2886 ἀγαγὼν,
2417 2818 2510 2870 καὶ
2544 2817 2794 2871 παλαίειν
2837 2820 2961 2888 ἐμοὶ
3005 2820 3287 2882 κελεύσας,
3317 2818 3474 2888 γενοῦ
3521 2819 3719 2891 θεατὴς

2143 2911 2302 2973 αὐτὸς
2324 2909 2417 2962 καὶ
2441 2909 2546 2962 τῶν
2570 2909 2966 2978 παλαισμάτων
2989 2910 3328 2981 ἀγωνοθέτης
3348 2927 3364 2942 ο
3392 2912 3440 2963 εί
3459 2911 3513 2964 δὲ
3539 2911 3716 2981 βούλει

2145 3002 2238 3053 καὶ
2267 3001 2333 3051 τά
2371 2999 2719 3068 παιδοτρίϐου
2749 3004 2944 3063 ποιεῖν,
2973 2999 3183 3066 δίδαξον
3213 3001 3484 3066 παλαίειν,
3513 3001 3727 3054 ὑπόδει-

2145 3087 2233 3152 ξον
2267 3089 2414 3159 αὐτῴ
2459 3090 2556 3153 τὰς
2606 3091 2703 3159 τῆς
2746 3089 2903 3158 νίκης
2935 3089 3126 3154 λαϐὰς,
3155 3090 3372 3159 ἄλειψον
3411 3091 3486 3154 ὡς
3523 3091 3716 3156 θέλεις,

467 3183 581 3238 Non
618 3186 759 3239 enim
793 3202 891 3254 ego
933 3187 1004 3239 ita
1040 3202 1158 3241 sum
1201 3188 1402 3250 audax,
1431 3199 1486 3242 et
1518 3200 1697 3244 mente
1739 3201 1950 3260 captus,
1985 3200 2038 3245 ut

2147 3183 2306 3252 μόνον
2337 3182 2409 3252 μὴ
2444 3185 2809 3253 συμμαχήσῃς
2838 3182 3140 3236 παλαίοντι.
3170 3186 3244 3236 οὐ
3277 3185 3385 3255 γὰρ
3417 3183 3560 3236 οὕτω
3595 3183 3720 3256 θραο

470 3284 644 3328 tecum
670 3275 924 3328 Creatore
945 3286 1157 3330 certare
1180 3279 1478 3347 aggrediar.
1513 3279 1633 3333 llaec
1654 3281 1774 3347 jure
1803 3281 2042 3336 diabolus

470 3365 746 3419 Servatori
772 3367 990 3421 Cbristo
1019 3369 1266 3432 dixisset,
1299 3372 1344 3424 si
1373 3381 1523 3425 certe
1548 3372 1687 3426 baud
1717 3373 1878 3427 homo
1909 3377 2038 3429 ruis-

469 3466 570 3517 set,
601 3460 691 3508 sed
730 3457 866 3512 Deus
913 3459 1028 3511 vice
1071 3459 1304 3512 hominis
1337 3461 1566 3517 luctans.
1624 3462 1755 3516 Nam
1806 3465 1850 3517 si
1895 3480 2044 3520 meus

471 3551 700 3600 ltuutaua
735 3550 786 3600 in
818 3564 882 3603 eo
911 3567 1012 3603 non
1038 3560 1175 3611 erat,
1209 3551 1347 3605 Deus
1372 3553 1490 3606 loco
1520 3556 1719 3608 mentis
1748 3556 2036 3621 inltzt'ens,

467 3638 634 3693 oflicia
653 3641 843 3693 mentis
859 3641 1153 3708 implesset,
1170 3642 1308 3696 Deus
1327 3645 1399 3712 (id
1412 3653 1497 3696 est
1515 3660 1658 3698 mera
1675 3649 1868 3715 deitas)
1884 3648 2042 3701 simul

468 3745 591 3785 cum
619 3746 843 3799 corpore
865 3733 1146 3800 esurisset,
1191 3733 1328 3790 Dens
1358 3738 1581 3800 sitissct,
1621 3735 1762 3792 Deus
1801 3740 2037 3795 laborem

468 3830 524 3876 et
572 3823 806 3891 reliquas
847 3839 1036 3879 oumcs
1085 3841 1366 3894 perpessus
1415 3842 1554 3882 esset
1603 3830 1866 3885 humanas
1914 3847 2040 3901 pas-

469 3915 669 3968 siones.
713 3913 881 3969 Porro
929 3917 974 3969 si
1009 3917 1146 3970 Deus
1175 3920 1405 3972 luctatus
1435 3928 1578 3974 esset
1604 3931 1769 3989 atque
1798 3922 2039 3986 vicisset,

467 4020 569 4074 ego
597 4006 813 4073 quidem
861 4005 1084 4060 victoria
1117 4008 1432 4074 caruissem,
1480 4008 1616 4064 Deus
1651 4024 1781 4066 vero
1825 4027 2038 4068 omnem

463 4095 729 4163 justitiam
772 4095 1068 4164 implesset.
1117 4098 1417 4167 Siquidem,
1466 4109 1524 4154 ut
1565 4100 1717 4155 aiunt
1765 4103 2040 4171 Apollina-

473 4186 635 4238 rianm
661 4189 992 4255 garrulitatis
1028 4190 1379 4258 professores,
1411 4194 1532 4262 quia
1561 4195 1892 4263 impossibile
1922 4207 2040 4252 erat

473 4279 704 4330 bumaua
737 4280 1018 4344 prie-litum
1053 4292 1250 4346 mente,
1277 4281 1500 4347 iustitiae
1538 4284 1685 4354 leges
1722 4287 2035 4357 adimplere,

469 4369 608 4425 banc
638 4371 840 4426 idcirco
864 4386 968 4426 non
998 4377 1236 4442 suscepit
1264 4375 1497 4430 Verbum
1533 4378 1691 4432 Deus.

2148 3275 2243 3336 σὺς
2285 3273 2414 3340 ἐγὼ.
2465 3275 2557 3326 καὶ
2603 3274 2695 3326 τοῦ
2745 3279 2958 3343 φρονεῖν
3005 3275 3346 3344 ἐξεστηκὼς,
3388 3278 3463 3339 ὼς
3516 3277 3599 3329 soi.
3643 3275 3719 3345 τῷ

2145 3369 2350 3436 Ποιητῇ
2380 3367 2629 3420 παλαίειν
2661 3369 3025 3437 ἐπιχειρῆσαι.
3053 3368 3236 3421 Ταῦτα
3274 3369 3337 3421 ἂν
3372 3364 3523 3421 εἶπεν
3550 3371 3577 3422 6
3606 3369 3720 3422 διά-

2145 3459 2299 3522 ϐολος
2327 3459 2550 3522 δικαίως
2593 3459 2729 3529 πρὸς
2759 3459 2847 3511 τὸν
2882 3462 3109 3533 Σωτῆρα
3139 3463 3394 3533 Χριστὸν,
3431 3463 3590 3533 εἴπερ
3620 3465 3717 3516 οὐκ

2147 3552 2433 3621 ἄνθρωπος
2461 3548 2550 3621 ἦν,
2585 3552 2720 3605 ἀλλὰ
2747 3552 2899 3615 Θεὸς,
2942 3556 2969 3605 ὁ
2990 3555 3106 3606 ἀντὶ
3129 3555 3417 3624 ἀνθρώπου
3453 3556 3714 3610 παλαίων.

2145 3642 2206 3693 Εἰ
2237 3642 2342 3710 γάρ
2379 3639 2504 3703 νοῦς
2544 3639 2884 3710 ἀνθρώπινος
2922 3642 3020 3694 οὐκ
3055 3637 3122 3712 ῆν
3153 3645 3210 3694 ὲν
3241 3643 3405 3713 αὐτῷ,
3436 3643 3565 3707 Θεὸς
3599 3644 3717 3696 ἀντὶ

2143 3731 2231 3784 νοῦ
2268 3732 2527 3802 ὑπάρχων
2556 3733 2625 3784 τὰ
2664 3731 2741 3801 τῷ
2783 3732 2858 3802 νῷ
2901 3735 3117 3803 ἐνήργει
3161 3739 3536 3806 προσήκοντα·
3583 3735 3715 3798 Θεὸς

2146 3823 2242 3893 μὲν
2274 3818 2342 3893 ἦν
2371 3827 2399 3875 6
2425 3822 2503 3892 τῷ
2529 3821 2738 3893 σώματι
2763 3827 3157 3894 συμπεινάσας,
3183 3827 3313 3889 Θεὸς
3333 3827 3389 3879 δὲ
3411 3829 3439 3879 6
3462 3828 3712 3897 διψήσας.

2143 3915 2237 3966 καὶ
2262 3915 2552 3977 κοπιάσας,
2577 3915 2671 3966 καὶ
2697 3914 2832 3968 ἀλλα
2863 3917 3040 3969 πάντα
3068 3919 3136 3970 τά
3159 3917 3470 3986 ἀνθρώπινα
3491 3919 3713 3988 ὑπομεί-

2140 4024 2236 4070 νας
2270 4006 2586 4076 παθήματα.
2618 4008 2680 4059 Εῑ
2709 4007 2764 4060 δὲ
2796 4007 2926 4070 Θεὸς
2957 4011 2984 4060 6
3016 4008 3307 4071 παλαίσας,
3333 4010 3428 4061 καὶ
3460 4010 3708 4080 νικήσας,

2141 4096 2294 4166 κάγὼ
2312 4096 2404 4149 τοῦ
2428 4097 2608 4160 νίκους
2628 4098 2947 4168 ἐστέρημαι,
2969 4099 3101 4160 Θεὸς
3119 4099 3174 4152 δὲ
3195 4099 3223 4150 6
3243 4100 3342 4170 τὴν
3367 4099 3711 4169 δικαιοσύνην

2140 4188 2353 4242 ἃπασαν
2388 4187 2757 4257 κατορθώσας.
2794 4189 2987 4260 Εἴπερ,
3028 4189 3101 4254 ὥς
3136 4208 3298 4259 φασιν
3341 4192 3389 4244 οἱ
3420 4195 3518 4261 τῆς
3551 4192 3710 4244 Ἀπο-

2139 4279 2373 4349 λιναρξου
2420 4276 2704 4348 τερθρείας
2747 4279 3098 4350 δμολογηταὶ,
3132 4281 3319 4352 ἐπειδὴ
3354 4281 3615 4335 ἀδύνατον
3647 4278 3711 4350 ἦν

2139 4373 2233 4424 καὶ
2282 4372 2338 4420 ἐν
2383 4367 2709 4438 ἀνθρωπίνῳ
2741 4368 2865 4440 [νοῒ]
2901 4371 3189 4440 πληρῶσαι
3233 4371 3331 4442 τῆς
3369 4373 3710 4443 δικαιοσύνης

2136 4462 2262 4523 τοὺς
2301 4458 2517 4528 νόμους,
2558 4460 2657 4510 οὐκ
2696 4459 2988 4513 ἀνελάϐετο
3027 4462 3215 4515 τοῦτον
3251 4467 3278 4516 ὁ
3316 4463 3446 4527 Θεὸς
3483 4466 3672 4534 Λόγος.

470 4565 602 4622 XVI.
644 4565 796 4632 Quod
826 4569 1172 4647 defensionem
1204 4572 1423 4647 habeant
1459 4584 1774 4647 peccatores,
1811 4592 1855 4628 ﬂ
1885 4593 2030 4630 men-

2142 4573 2481 4647 lC,"."0zI._ol
2506 4571 2946 4647 gitaptdrot'tec
2977 4577 3312 4646 ἀπολογίαν
3336 4576 3615 4644 ἔχουσιν,
3659 4580 3710 4632 εί

533 4648 655 4717 temo,
711 4647 885 4706 utpote
945 4641 1232 4706 inﬁrmam,
1296 4643 1435 4695 Deus
1505 4641 1725 4698 Verbum
1783 4663 1884 4700 non
1923 4665 2042 4701 sus-

533 4718 685 4773 εεριι.

539 4818 649 4874 lloc
702 4820 826 4873 dum
877 4822 1046 4885 aiunt,
1097 4822 1270 4888 primo
1318 4826 1532 4891 quidem
1591 4830 1730 4882 haud
1770 4829 2036 4885 modicam

466 4910 835 4978 impotentiam
869 4910 965 4980 ipsi
994 4909 1103 4966 Deo
1136 4911 1416 4982 allii-gout.
1453 4917 1738 4985 siquidem,
1772 4933 1828 4974 ιιι
1865 4923 2034 4985 aiunt,

469 5001 582 5054 fieri
618 5018 721 5054 non
755 5010 963 5069 poterat
991 5004 1110 5056 utsi
1152 5006 1383 5059 bumana
1409 5023 1562 5062 mens
1592 5010 1639 5063 ci
1668 5011 1888 5075 inesset,
1932 5017 2030 5066 bo-

469 5095 663 5146 mincm
695 5093 1040 5162 justiﬁcaret.
1079 5094 1279 5149 Deinde
1312 5097 1684 5165 peccatoribus
1715 5105 1948 5165 cunctis,
1980 5113 2037 5156 et

465 5185 770 5236 divinarum
799 5184 971 5256 legum
999 5187 1365 5254 violatoribus,
1398 5190 1729 5245 defensionis
1761 5191 1902 5247 fores
1936 5209 2032 5258 pa-

468 5277 743 5329 tefaciunt.
791 5274 920 5330 lore
950 5279 1090 5332 enim
1128 5295 1305 5334 rerum
1333 5283 1572 5336 omnium
1607 5283 1717 5337 Deo
1746 5285 1984 5339 dicereut
2015 5302 2028 5338 :

465 5365 604 5419 Nihil
652 5369 801 5421 venia
831 5369 1138 5440 indignum,
1165 5370 1408 5440 Domine,
1455 5378 1815 5443 peccavimus,
1859 5392 2030 5447 neque

464 5473 619 5526 pruna
650 5461 904 5530 dignum;
935 5467 1365 5534 quandoquidem
1391 5468 1478 5520 int?
1522 5485 1617 5523 una:
1649 5471 1844 5526 mentis
1867 5473 2028 5526 duca-

467 5557 574 5601 tum
601 5551 776 5605 sortiti
807 5563 1012 5621 sttmus,
1045 5571 1162 5627 qua:
1194 5559 1338 5628 leges
1361 5567 1482 5615 tuas
1503 5560 1794 5617 observare
1821 5564 2026 5633 nequit.

465 5725 742 5810 adu:,_quo
763 5736 1002 5810 tempore
1025 5734 1274 5810 nonnulla
1297 5737 1412 5805 ejus
1435 5753 1486 5790 m
1508 5737 1705 5794 Lucam
1728 5739 2025 5810 fragmenta

463 5809 527 5849 ex
546 5791 804 5852 Vaticano
830 5791 1011 5856 codice
1035 5803 1173 5859 edidi
1204 5824 1216 5860 :
1245 5791 1547 5878 quanquam
1577 5791 2024 5867 multoila‘iuiorcs

2205 4647 2285 4712 ὡς
2309 4644 2534 4708 ἀσθενῆ
2570 4646 2679 4696 τόν
2718 4646 2869 4700 νοῦν
2900 4650 3009 4700 οὐκ
3040 4644 3332 4699 ἀνέλαϐεν
3356 4651 3388 4700 ὀ
3425 4650 3568 4712 Θεὸς
3599 4651 3708 4702 Λό-

2205 4733 2330 4784 rec.

2207 4831 2374 4884 Τοῦτο
2417 4833 2470 4885 δὲ
2513 4834 2780 4899 λέγοντες,
2813 4831 3024 4902 πρῶτον
3071 4831 3168 4901 μὲν
3197 4831 3501 4902 ἀδυναμίαν
3545 4850 3712 4902 προσο

2137 4921 2395 4976 ἅπτουσιν
2435 4925 2494 4975 οὐ
2538 4926 2637 4994 τὴν
2669 4923 2938 4993 τυχοῦσαν
2968 4922 3114 4992 αὐτῷ
3139 4922 3215 4993 τῷ
3250 4924 3389 4994 Θεῷ,
3423 4925 3602 4995 εἴπερ,
3637 4926 3711 4989 ὣς

2135 5033 2316 5084 φασιν,
2354 5017 2452 5085 οὐχ
2493 5011 2602 5069 οἷόν
2632 5033 2690 5068 τε
2721 5011 2789 5086 ἦν
2823 5016 2914 5068 τοῦ
2949 5016 3040 5068 νοῦ
3072 5016 3167 5069 τοῦ
3202 5017 3546 5086 ἀνθρωπίνου
3585 5036 3710 5073 sum

2135 5106 2284 5168 ὁντος
2320 5107 2601 5161 δικαιῶσαι
2632 5108 2720 5160 τὸν
2749 5108 3293 5178 ἄνθρωπον.”Επειτα
3337 5109 3391 5162 δὲ
3437 5112 3531 5163 καὶ
3581 5113 3711 5164 πᾶσι

2138 5199 2250 5260 τοῖς
2263 5199 2656 5268 ἁμαρτάνουσι,
2673 5200 2905 5262 καὶτοὺς
2926 5199 3102 5263 θείους
3120 5201 3317 5270 νόμους
3335 5202 3677 5272 παραϐαίνου
3691 5233 3708 5240 ~

2140 5305 2243 5354 σιν,
2268 5290 2557 5357 ἀπολογίας
2581 5292 2931 5360 ὑπανοίγουσι
2960 5293 3148 5364 θύραν.
3181 5293 3398 5347 Εἵποιεν
3429 5295 3536 5366 γὰρ
3568 5298 3707 5348 εἰκό.

2134 5394 2241 5441 τως
2287 5381 2424 5449 πρὸς
2465 5381 2556 5432 τὸν
2601 5382 2710 5434 τῶν
2740 5383 2876 5435 ὅλων
2906 5382 3039 5435 Θεὸν
3062 5401 3074 5412 ·
3103 5385 3215 5437 Οὐκ
3245 5385 3589 5454 ἀσύγνωσταο
3609 5389 3706 5440 Δέ·

2139 5485 2330 5534 σποτα,
2366 5471 2932 5545 πεπλημμελήκαμεν,
2970 5475 3089 5528 οὐδὲ
3121 5478 3389 5548 τιμωρίας
3413 5479 3558 5546 ἀξια,
3585 5480 3706 5534 νοῦν

2135 5562 2376 5632 ἡγεμόνα
2425 5563 2678 5630 λαϐόντες
2720 5568 2942 5638 ἀσθενῆ,
2976 5569 3072 5622 καὶ
3099 5569 3387 5637 φυλάττειν
3417 5575 3544 5637 τοὺς
3583 5576 3708 5639 σοὺς

2135 5743 2472 5824 Apollinaris
2499 5743 2666 5814 capite
2713 5761 2780 5800 ex
2824 5746 2944 5802 aliis
2982 5749 3158 5806 adhuc
3199 5750 3474 5809 codicibus
3514 5758 3702 5824 produ-

2133 5816 2311 5868 cenda:
2343 5815 2474 5869 milii
2498 5829 2804 5887 supersunt.
