4058 6328
307 448 455 505 ηδε

1487 441 1576 495 DE
1614 433 2088 497 lNCAnNATION
2101 432 2137 485 Ε
2181 430 2319 489 DOM
2332 428 2446 484 lNl.

3473 427 3617 483 μισ

306 571 371 623 ού
417 570 715 642 δυνάμενον
756 544 972 638 νόμους.
1002 566 1112 620 Καὶ
1156 564 1496 637 μαρτυροῦσι
1543 540 1905 634 πατριάρχαι,

2017 556 2204 609 Testes
2254 564 2382 607 sunt
2445 549 2767 620 patriarcha:
2822 558 2986 617 atquc
3040 547 3338 618 prophctm,
3391 554 3444 598 et
3502 545 3613 598 Deo

309 663 407 716 καὶ
434 661 729 733 προφῆται,
760 661 852 714 καὶ⁵
896 660 1003 713 τῶν
1051 657 1317 727 θεοφιλῶν
1347 654 1652 728 ἀνθρώπων
1703 653 1771 706 τὰ
1812 652 1907 705 τά·

309 771 517 824 τματα,
544 754 652 807 τῶν
679 770 737 805 τε
779 752 885 824 πρὸ
912 751 1007 805 τοῦ
1049 752 1234 821 νόμου,
1269 749 1362 802 καὶ
1391 749 1498 801 τῶν
1534 746 1674 817 μετὰ
1703 745 1793 799 τὸν
1822 744 1906 795 νό·

314 862 437 916 μον,
468 846 515 897 οἱ
549 847 607 898 ὲν
640 841 861 915 ἀζυγίᾳ,
905 844 955 896 οἱ
998 846 1057 896 ὲν
1091 842 1260 912 ζυγῷ,
1296 842 1346 893 οί
1390 842 1449 893 ὲν
1495 839 1731 905 πλούτῳ,
1765 837 1815 889 oi
1849 837 1905 889 ὲν

311 937 552 1007 ἀκτησίᾳ,
591 933 881 1008 πληρῶσαί
930 951 1023 987 σου
1058 934 1158 996 τὰς
1194 931 1415 995 ἐντολὰς
1463 932 1537 1002 μή
1583 928 1904 1000 δυνηθέντες

309 1030 400 1083 διὰ
443 1028 664 1082 τοῦτον·
717 1027 810 1081 καὶ
860 1026 1036 1080 ταῦτα
1068 1026 1145 1095 τῷ
1176 1024 1429 1094 παναγίῳ
1480 1040 1573 1076 σου
1623 1022 1904 1090 Πνεύματι

314 1117 695 1191 βοηθούμενοι.
738 1116 849 1171 Καὶ
875 1117 928 1170 τί
966 1117 1049 1170 δεῖ
1078 1116 1147 1169 τὰ
1176 1115 1351 1169 πολλὰ
1388 1115 1604 1183 λέγειν;
1634 1113 1827 1176 Αύτδς,
1860 1106 1904 1165 ὧ

310 1210 597 1272 Δέσποτα,
644 1208 703 1260 ιν
751 1206 915 1276 σαρκὶ
959 1203 1374 1275 παραγέγονας,
1428 1202 1520 1255 καὶ
1574 1200 1753 1272 σάρκα
1806 1200 1906 1269 μὲν

310 1300 590 1372 ἡμετέραν
621 1298 902 1361 ἀνέλαὸες,
930 1297 1021 1350 τὸν
1070 1297 1128 1350 δὲ
1175 1296 1301 1348 νοῦν
1348 1294 1424 1359 ὡς
1478 1293 1755 1348 κωλύοντα
1805 1293 1907 1359 τῆς

312 1393 517 1463 ἀρετῆς
565 1393 661 1464 τὴν
712 1390 926 1455 κτῆσιν,
953 1389 1049 1443 καὶ
1091 1388 1189 1458 τῆς
1226 1387 1502 1459 ἁμαρτίας
1545 1386 1643 1456 τὴν
1687 1385 1907 1453 ἀπάτην

317 1485 519 1557 ῥαδίως
568 1482 965 1554 ὑποδεχόμενον
1021 1480 1356 1552 ἀπέρριψας,
1389 1480 1485 1533 καὶ
1528 1480 1629 1532 οὐκ
1674 1478 1905 1547 ἠνέσχου

312 1576 500 1631 λαϐεῖν
521 1595 535 1609 ⁸
572 1575 804 1646 γέγονας
828 1575 885 1628 δὲ
913 1575 1034 1628 ἀντὶ
1061 1573 1152 1627 νοῦ
1179 1576 1244 1645 τῇ
1280 1575 1469 1647 σαρκὶ,
1493 1573 1589 1626 καὶ
1615 1572 1691 1642 τῷ
1718 1570 1907 1642 τρόπῳ

310 1668 489 1739 τούτῳ
546 1668 646 1739 τήν
705 1665 1054 1738 δικαιοσύνην
1121 1664 1513 1736 κατώρθωσας.
1569 1664 1758 1734 Τούτῳ
1829 1662 1909 1732 τῷ

310 1760 501 1831 τρόπῳ
549 1758 649 1829 τὴν
701 1759 979 1831 ἁμαρτίαν
1026 1760 1341 1831 νενίκηκας.
1395 1758 1528 1823 Θεδς
1577 1757 1686 1830 γὰρ
1726 1759 1907 1828 ὑπάθ*

310 1868 450 1922 χεις,
488 1850 650 1922 βουλῇ
678 1851 848 1905 ποιῶν
883 1852 946 1905 τὸ
974 1851 1187 1918 δοκοῦν,
1216 1851 1449 1921 νεύματι
1482 1849 1907 1921 μετασκευάζων

310 1942 383 1995 τὰ
405 1943 729 2013 πράγματα.
746 1943 939 2013 Ἡμεῖς
960 1941 1015 1996 δὲ
1039 1943 1163 1997 νοῦν
1190 1942 1405 2013 ἔχοντες
1425 1942 1515 1996 τὸν
1541 1942 1901 2013 ἀνθρώπινον,
1940 1925 1981 1981 Β

309 2032 371 2084 δν
424 2032 715 2086 ἀναλαῦεἶν
760 2032 861 2085 οὐκ
913 2031 1224 2102 ἠθέλησας,
1273 2032 1587 2102 ἀναγκαίως
1651 2032 1756 2085 ὑπὸ
1803 2032 1905 2101 τὴν

312 2122 592 2194 ἁμαρτίαν
620 2122 985 2193 τυγχάνομεν,
1020 2125 1129 2185 τοῖς
1166 2124 1279 2186 σοῖς
1311 2122 1676 2190 ἀκολουθῆσαι
1700 2122 1904 2193 ῐχνεσιν

311 2216 415 2269 οὐκ
445 2214 786 2287 ἰσχύσαντες.
822 2215 887 2267 Τί
916 2215 1025 2286 γὰρ
1052 2213 1177 2278 νοῦς
1207 2214 1547 2287 ἀνθρώπινος
1587 2214 1724 2286 πρὸς
1765 2213 1900 2268 Θεοῦ

312 2307 543 2378 δυνάμιν
576 2308 669 2362 καὶ
698 2307 835 2361 Θεοῦ
873 2307 1085 2376 σοφίαν,
1115 2308 1211 2361 καὶ
1246 2308 1382 2376 φῶς,
1414 2308 1508 2361 καὶ
1534 2306 1900 2376 δικαιοσύνην,

314 2399 411 2451 καὶ
446 2398 614 2470 ζωὴν,
647 2400 740 2452 καὶ
772 2398 869 2462 τάς
913 2396 1081 2462 ἄλλας
1114 2398 1395 2469 ἐνεργείας
1427 2398 1526 2469 τῆς
1564 2399 1665 2468 σῆς
1691 2398 1903 2463 οὐσίας,

312 2488 369 2541 αἶ
401 2489 654 2561 καθάπερ
684 2492 903 2555 ἀκτῖνες
942 2492 1038 2544 καὶ
1084 2489 1427 2560 λαμπηδόνες
1452 2490 1518 2543 ὲκ
1554 2490 1655 2559 τῆς
1683 2488 1781 2559 σῆς
1812 2490 1906 2541 ἀν-

317 2582 527 2653 ίσχουσι
576 2584 819 2654 φύσεωςς
864 2584 1025 2637 Ταῦτ’
1078 2584 1143 2637 ἂν
1197 2583 1423 2645 εἰκότως
1480 2583 1685 2636 εῐποιεν
1732 2584 1781 2635 oi
1835 2584 1902 2654 τῇ

2008 648 2301 699 eharorum
2334 644 2615 698 hominum
2652 644 2891 713 agmina,
2930 651 3042 707 tum
3078 650 3206 693 ante
3240 647 3351 692 tum
3384 647 3505 707 post
3537 637 3613 692 le-

2009 754 2153 807 gem,
2183 748 2294 791 turn
2322 735 2558 801 ctelibes,
2590 746 2701 788 tum
2723 734 3019 804 coniugati,
3057 742 3167 785 tum
3202 728 3470 800 apulenti,
3499 740 3611 784 tum

2011 833 2219 901 inopes,
2257 829 2349 899 qui
2381 829 2582 883 mentis
2618 842 2780 881 causa
2819 836 2942 881 tuas
2967 826 3267 895 adimplere
3295 824 3442 895 leges
3465 823 3612 877 haud

2008 931 2320 993 potuerunt,
2338 922 2702 990 nequidquam
2729 918 2935 989 Spiritu
2960 927 3052 974 tuo
3080 918 3429 973 sanctissimo
3453 916 3613 969 auxi-

2010 1015 2199 1069 liante.
2236 1013 2343 1069 Sed
2380 1028 2479 1067 cur
2520 1012 2767 1081 pluribus
2798 1012 2983 1067 verbis
3030 1026 3168 1079 Opus
3198 1010 3313 1064 sit?
3359 1009 3437 1062 Tu
3475 1010 3613 1077 ipse.

2010 1107 2257 1170 Domine,
2291 1120 2457 1161 carne
2485 1093 2708 1159 indutus
2738 1105 2975 1171 venisti;
3004 1103 3099 1159 sed
3137 1116 3359 1157 carnem
3391 1103 3610 1171 quidem

2007 1206 2253 1252 nostram
2278 1197 2649 1264 assumpsisti,
2675 1206 2912 1252 mentem
2951 1204 3130 1251 tamen
3161 1204 3219 1247 ut
3243 1194 3460 1247 virtutis
3517 1195 3616 1246 ad-

2008 1291 2210 1361 eptioni
2236 1289 2663 1351 contrariam,et
2684 1287 2894 1356 peccati
2920 1286 3090 1339 errori
3108 1284 3265 1339 facile
3293 1284 3608 1347 obnoxiam,

2009 1382 2272 1438 recusasti
2301 1396 2403 1437 nec
2424 1395 2642 1436 sumere
2672 1394 2867 1448 passus
2890 1392 2950 1433 es
2977 1392 2992 1431 :
3016 1388 3183 1447 tuque
3210 1374 3454 1448 825m.
3475 1375 3614 1429 adeo

2009 1475 2207 1529 mentis
2239 1475 2357 1530 vice
2389 1474 2441 1528 in
2477 1488 2642 1529 carne
2679 1473 2896 1527 functus
2931 1487 3010 1535 es,
3048 1481 3212 1540 atque
3242 1471 3315 1523 ita
3344 1469 3611 1538 justitiam

2010 1567 2154 1624 felici
2209 1584 2469 1624 successu
2540 1568 2818 1637 peregisti.
2888 1565 3003 1620 Hac
3073 1564 3327 1618 videlicet
3402 1562 3620 1616 ratione

2009 1670 2291 1732 peccatum
2324 1661 2528 1718 vicisti.
2566 1660 2706 1715 Deus
2742 1659 2886 1715 enim
2920 1674 3003 1721 es,
3038 1657 3338 1712 voluntatis
3372 1656 3421 1707 vi
3448 1653 3609 1724 quid-

2010 1755 2137 1825 quid
2170 1754 2388 1808 libuerit
2424 1768 2612 1825 agens,
2649 1763 2783 1809 nutu
2819 1763 2912 1807 tuo
2954 1749 3168 1821 negotia
3204 1762 3450 1805 versans.
3500 1744 3617 1800 Nos

2011 1860 2141 1901 vero
2170 1854 2351 1900 mente
2396 1845 2635 1899 humana
2674 1841 2909 1914 pra-diti,
2957 1856 3120 1912 quam
3165 1848 3220 1893 tu
3255 1839 3350 1893 tibi
3395 1850 3616 1892 sumere

2012 1937 2257 2004 noluisti,
2286 1939 2596 1995 necessario
2624 1937 2726 1993 sub
2755 1946 2983 2008 peccato
3015 1934 3286 2005 degimus,
3336 1942 3425 1985 tua
3458 1931 3612 1999 sequi

2012 2032 2239 2101 vestigia
2305 2046 2412 2086 non
2474 2030 2744 2086 valentes.
2813 2029 2954 2096 Quid
3041 2038 3125 2084 est
3172 2026 3319 2081 enim
3373 2024 3613 2079 humana

2013 2138 2169 2179 mens
2204 2139 2314 2194 pra:
2352 2125 2445 2180 Dei
2496 2124 2734 2189 viribus,
2773 2122 3068 2194 sapientia,
3112 2121 3335 2183 lumine,
3372 2117 3616 2188 iustitia.

2011 2218 2145 2283 vita,
2195 2218 2429 2287 aliisque
2459 2218 2785 2273 substantiae
2815 2226 2921 2271 ture
2964 2213 3244 2275 ellicaciis,
3291 2228 3412 2280 qum
3447 2209 3613 2263 veluti

2015 2310 2153 2364 radii
2187 2326 2250 2365 ac
2285 2309 2566 2380 lampades
2610 2326 2674 2365 ex
2724 2319 2920 2363 natura
2959 2319 3049 2363 tua
3094 2304 3443 2363 scaturiunt?
3488 2302 3617 2358 Haec

2014 2398 2350 2455 credibiliter
2386 2400 2631 2455 dicerent
2658 2399 2691 2451 ii
2725 2400 2818 2468 qui
2850 2409 3073 2469 peccato
3110 2397 3321 2452 servire
3344 2394 3618 2449 decrevis-

2013 2504 2155 2557 sent,
2181 2492 2226 2547 si
2256 2492 2395 2546 Deus
2410 2488 2650 2545 Verbum
2677 2489 2803 2549 dum
2830 2502 2959 2541 vere
2978 2488 3256 2542 hominem
3288 2496 3615 2545 assumeret,

2016 2584 2119 2638 hac
2152 2584 2365 2638 ratione
2399 2580 2817 2652 impeceantiam
2854 2596 3005 2634 suam
3039 2579 3145 2633 sibi
3175 2579 3556 2632 conciliasset.-

316 2674 564 2747 ἁμαρτίᾳ
608 2675 879 2734 δουλεύειν
928 2676 1266 2748 αἱρούμενοι,
1299 2680 1460 2748 εἰπερ
1498 2678 1526 2729 ὁ
1573 2675 1705 2738 Θεὸς
1735 2674 1906 2742 Λόγος
1949 2673 2167 2745 ἀληθῶς
2218 2674 2285 2728 ἂν
2336 2674 2697 2729 συνανέλαϐεν
2733 2672 3043 2745 ἄνθρωπον,
3085 2670 3264 2743 τούτῳ
3302 2669 3380 2740 τῷ
3427 2670 3627 2739 τρόπῳ

323 2768 780 2839 μηχανησάμενος
821 2770 883 2822 τὸ
922 2769 1331 2840 ἀναμάρτητον.

318 2964 416 3018 η’.
441 2962 822 3030 Κατασκευὴ,
839 2963 926 3017 ὅτι
946 2964 1201 3074 eiu/loro;-
1219 2966 1255 3032 ἠ
1275 2963 1381 3017 τοῦ
1398 2962 1509 3017 νοῦ
1530 2963 1913 3031 ἀνθρωπίνου

941 3034 1275 3087 ἀνάληυισ.

941 3052 1275 3101 ανακηψις.

402 3168 564 3224 Ἀλλά
599 3169 699 3239 τήν
742 3171 841 3239 μὲν
884 3169 1203 3241 ἀδολεσχίαν
1241 3170 1469 3224 ἐκείνων
1513 3170 1906 3240 καταλίπωμεν

2019 2960 2181 3019 XVII.
2224 2961 2551 3027 Argumenta
2604 2962 2673 3013 ad
2716 2961 3186 3015 demonstrandum
3235 2969 3371 3011 recte
3415 2957 3623 3026 factum

2254 3032 2419 3102 fuisse
2449 3032 2636 3085 mentis
2671 3032 2921 3085 humana!
2944 3040 3379 3094 assumptmnem.

2087 3169 2195 3225 Sed
2242 3168 2355 3239 jam
2408 3168 2637 3223 istorum
2678 3182 2849 3239 nugas
2882 3168 2935 3221 in
2970 3165 3226 3237 prmsenti
3273 3166 3616 3219 omittamus.

316 3262 411 3316 ἰπὶ
454 3260 550 3315 τοῦ
602 3238 903 3333 παρόντος·
946 3238 1111 3334 ἡμεῖς
1153 3263 1209 3316 δὲ
1256 3264 1349 3315 ἐπὶ
1391 3262 1492 3335 τήν
1536 3238 1908 3335 προκειμένην

2017 3258 2123 3314 Nos
2164 3238 2297 3314 vero
2328 3257 2394 3311 ad
2430 3238 2771 3327 propositum
2817 3266 3201 3327 argumentum
3252 3265 3619 3318 revertamur,

318 3350 580 3405 ὑπόθεσιν
602 3352 1011 3421 ἐπανέλθωμεν,
1046 3354 1140 3405 καὶ
1166 3352 1433 3424 δείξωμεν
1458 3355 1558 3424 τήν
1588 3353 1683 3407 τοῦ
1718 3353 1906 3424 Σωτῆ-

320 3458 413 3514 ρος
439 3442 597 3513 ἠμῶν
619 3444 936 3514 οἰκονομίαν
968 3444 1287 3513 ἀναγκαίως
1316 3462 1515 3517 γεγενη
1526 3446 1714 3517 μένην.
1732 3448 1911 3500 Ἐπει-

316 3534 381 3603 δὴ
406 3534 517 3605 γὰρ
546 3533 693 3598 ἅπας
718 3537 746 3587 ὁ
772 3534 1058 3605 ἄνθρωπος
1082 3536 1363 3607 ἠπατήθη,
1392 3536 1484 3590 καὶ
1510 3537 1658 3600 ἅπας
1687 3536 1791 3590 ὑπὸ
1808 3535 1908 3607 τὴν

318 3627 597 3698 ἁμαρτίαν
620 3629 857 3697 ἐγένετο,
872 3628 967 3680 καὶ
990 3628 1095 3697 πρὸ
1117 3626 1211 3681 τοῦ
1233 3626 1488 3701 σώματος
1507 3630 1676 3702 δὲτὴν
1692 3631 1910 3700 ἀπάτην

316 3722 345 3774 ὁ
366 3719 492 3784 νοῦς
518 3720 813 3785 ὑπεδέξατο
829 3738 842 3749 '
869 3724 901 3792 ἡ
925 3721 1019 3774 τοῦ
1043 3721 1135 3774 νοῦ
1159 3721 1267 3793 γὰρ
1289 3724 1555 3794 πρότερον
1576 3722 1911 3791 συγκατάθε-

319 3828 404 3876 σις
420 3812 518 3883 τὴν
541 3813 819 3884 ἁμαρτίαν
842 3817 1197 3887 σκιαγραφεῖ,
1220 3809 1321 3868 εἷθ’
1342 3807 1515 3879 οὕτως
1534 3816 1623 3869 διὰ
1644 3816 1743 3885 τῆς
1767 3818 1911 3887 ὲνερ-

318 3903 475 3972 τείας
512 3905 575 3957 τὸ
620 3905 778 3976 σῶμα
820 3904 1027 3976 ταύτην
1061 3909 1283 3977 μορφοῖ,
1326 3907 1601 3970 εἰκότωςὸ
1626 3908 1909 3978 Δεσπότης

316 3996 555 4067 Χριστὸς
594 3996 695 4068 τήν
729 4001 1083 4051 πεπτωκυῖαν
1122 3996 1285 4067 φύσιν
1312 3998 1616 4068 ἀναστῆσαι
1648 3997 1911 4069 βουλόμε-

317 4105 429 4152 νος,
476 4090 611 4141 πᾶσι
650 4090 812 4159 χεῖρα
853 4087 1072 4159 ὀρέγει,
1118 4088 1213 4141 καὶ
1255 4088 1515 4159 κειμένην
1558 4089 1764 4161 ἐγείρει
1814 4091 1915 4160 τὴν

319 4178 521 4247 σάρκα,
546 4179 710 4249 φημὶ,
729 4178 931 4231 καὶτὸν
955 4176 1104 4243 νοῦν,
1120 4179 1178 4242 ὃς
1201 4180 1445 4248 ἐγεγόνει
1467 4182 1588 4234 κατ’
1610 4180 1795 4234 εἰκόνα
1816 4181 1911 4234 τοῦ

316 4271 650 4335 κτίσαντος·
677 4271 908 4342 ἀόρατός
942 4288 1002 4324 τε
1042 4273 1152 4343 γάρ
1194 4274 1333 4337 ἐστι,
1358 4272 1450 4327 καὶ¹
1472 4272 1723 4337 ἀθέατος,
1748 4274 1913 4346 ἀνέφ-

320 4379 471 4426 ικτυς
504 4378 564 4415 τε
597 4362 693 4415 καὶ⁵
726 4362 1134 4433 ἀκατάληπτος,
1157 4364 1265 4417 οὐδ’
1289 4364 1484 4417 ἑαυτὸν
1526 4365 1907 4436 ἐπιστάμενος,

319 4455 457 4527 πρὸς
499 4454 557 4508 δὲ
599 4454 812 4519 τούτοις
850 4456 944 4509 καὶ
968 4456 1378 4529 ἀπερίγραφος·
1403 4459 1561 4530 εἴπερ
1582 4461 1661 4523 είς
1683 4460 1780 4530 τὴν
1802 4459 1913 4513 τῶν

317 4545 597 4616 λογισμῶν
633 4546 1047 4617 ἀποῦλέψαιμεν
1084 4549 1406 4617 φαντασίαν,
1433 4551 1704 4621 ηγεμονίᾳ
1730 4568 1789 4603 τε
1816 4551 1910 4604 xui.

317 4638 542 4710 ὲξουσίᾳ.
576 4639 963 4711 τετιμημένος,
987 4641 1202 4710 τέχναις
1248 4642 1343 4695 καὶ
1385 4644 1721 4715 ἐπιστήμαις
1755 4662 1915 4697 κεκο-

319 4732 628 4801 σμημένος,
656 4731 866 4803 βραχύς
904 4749 989 4795 τις
1029 4734 1123 4787 καὶ
1148 4734 1265 4797 νέος
1287 4734 1637 4806 δημιουργὸς,
1658 4737 1716 4808 ἥ,
1755 4737 1816 4790 τό
1850 4753 1915 4805 γε

318 4823 684 4894 ἀληθέστερον
725 4826 923 4891 εἰπεῖν,
965 4824 1056 4879 τοῦ
1081 4826 1426 4898 Δημιουργοῦ
1469 4829 1731 4899 μιμητὴς,
1761 4828 1915 4899 βασι-

318 4916 445 4980 λεὺς
465 4917 563 4987 τῆς
583 4918 869 4989 ὀρωμενης
892 4917 1195 4988 κτίσεως,ἦ
1225 4918 1489 4988 βασιλέως
1512 4919 1695 4983 εἰκὼν,
1716 4922 1915 4993 φόρους

322 5007 597 5076 συλλέγων
619 5008 683 5060 ὲκ
705 5008 828 5079 γῆς,
857 5010 921 5062 ὲκ
944 5008 1236 5080 θαλάττης,
1263 5010 1322 5076 ἐξ
1346 5012 1528 5083 ἀέρος,
1551 5012 1611 5077 ἐξ
1631 5012 1781 5083 ἡλίου
1820 5016 1915 5068 καὶ

319 5099 553 5171 σελήνης
580 5101 676 5154 καὶ
695 5101 964 5173 ἀστέρων,
989 5101 1048 5168 es,
1077 5102 1310 5173 ούρανοῦ
1343 5105 1436 5157 καὶ
1464 5104 1662 5172 νεφῶν,
1689 5106 1753 5159 ἐκ
1776 5122 1912 5178 προ-

320 5195 504 5248 ϐάτων
545 5194 641 5247 καὶ
680 5192 820 5264 βοῶν
864 5194 964 5248 καὶ
1000 5194 1110 5246 τῶν
1149 5194 1323 5248 ἄλλων
1364 5196 1597 5265 κτηνῶν,
1626 5197 1825 5267 μᾶλλον
1858 5199 1913 5251 δὲ

322 5287 534 5348 πάντας
575 5285 755 5339 αὐτῶν
793 5284 921 5348 τοὺς
962 5286 1209 5356 καρποὺς
1244 5287 1606 5357 δρεπόμενος·
1649 5290 1718 5342 δι’
1752 5291 1915 5344 αὐτὸν

321 5378 430 5449 γὰρ
457 5375 670 5446 ἐγένετο
690 5376 760 5430 τά
778 5377 1054 5447 ὁρώμενασ
1069 5377 1201 5441 Θεὸς
1224 5379 1331 5450 γὰρ
1358 5379 1563 5434 τούτων
1581 5382 1909 5454 ἀπροσδεής.

391 5489 603 5545 Οὔκουν
645 5490 884 5561 ἠτίμασε
925 5491 1015 5543 τὸν
1056 5491 1199 5544 οὕτω
1236 5494 1446 5563 τίμιον,
1486 5494 1576 5547 τὸν
1618 5494 1914 5567 θεραπείας

319 5582 596 5653 δεόμενον*
620 5581 742 5634 οὐδὲ
764 5580 825 5633 τὸ
848 5581 1225 5653 φθειρόμενον,
1242 5584 1489 5655 καὶνόσῳ
1513 5586 1605 5638 καὶ
1628 5588 1698 5657 γή
1712 5605 1777 5659 ρᾳ
1796 5588 1914 5641 ὅου.

322 5672 480 5729 λεῦον
500 5674 594 5728 καὶ
609 5672 826 5744 θανάτῳ
844 5673 1097 5739 ἀνέλαϐε,
1120 5675 1181 5727 τὸ
1203 5674 1259 5727 δὲ
1283 5675 1498 5745 λογικὴν
1522 5679 1617 5731 καὶ
1642 5678 1911 5734 ἀθάνατον

320 5766 415 5821 καὶ
425 5766 549 5821 κατ’
561 5766 746 5820 εἰκόνα
755 5766 1121 5836 γεγενημένον
1134 5766 1236 5820 ύπε
1246 5768 1384 5838 ρείδε
1393 5808 1406 5831 ,
1415 5769 1691 5822 καὶταῦτα
1702 5772 1909 5839 κακῶς,

320 5859 395 5927 ὥς
408 5878 481 5921 φα
490 5878 560 5925 σι,
571 5859 722 5914 διακε
734 5858 936 5927 ίμενοΨ
954 5859 1090 5913 ἀλλά
1106 5862 1284 5915 πᾶσαν
1295 5862 1391 5931 τὴν
1405 5861 1565 5931 φύσιν
1580 5862 1908 5920 παλαιωθεῖ-

2012 3362 2176 3421 atque
2214 3352 2651 3404 demonstremus
2690 3348 3062 3404 necessariam
3099 3346 3272 3403 fuisse
3302 3346 3625 3400 Servatoris

2011 3442 2183 3499 nostri
2226 3441 2684 3496 incarnationem.
2726 3441 2863 3508 Quia
2897 3441 3042 3495 enim
3076 3450 3220 3495 totus
3251 3441 3415 3494 homo
3457 3439 3624 3495 dece-

2013 3546 2138 3605 ptus
2180 3534 2380 3599 fuerat,
2416 3543 2670 3601 totusque
2702 3535 2801 3588 sub
2854 3542 3142 3603 peceatum
3202 3532 3503 3595 deciderat,
3563 3541 3622 3587 et

2014 3640 2141 3683 ante
2181 3628 2586 3697 ipsumtcorpus
2627 3641 2780 3681 mens
2810 3642 3054 3681 errorem
3088 3625 3424 3692 admiserat;
3463 3641 3625 3678 nam-

2015 3737 2120 3791 qae
2140 3729 2298 3775 antea
2324 3719 2522 3773 mentis
2545 3733 2846 3773 consensus
2869 3728 3153 3787 peccatum
3187 3719 3444 3780 delineat,
3464 3718 3623 3771 dein-

2017 3815 2082 3869 de
2131 3814 2181 3867 id
2228 3827 2427 3882 corpus
2477 3828 2573 3881 per
2615 3826 2768 3865 suam
2828 3812 3097 3866 actionem
3150 3810 3363 3882 ﬁgurat,
3423 3811 3627 3867 merito

2015 3907 2266 3963 Christus
2302 3906 2561 3961 Dominus
2605 3905 2811 3976 lapsam
2859 3915 3107 3959 naturam
3151 3908 3365 3976 erigere
3407 3907 3623 3968 volens,

2019 4001 2236 4070 utrique
2268 3998 2429 4053 simul
2465 4014 2689 4052 manmn
2739 3999 2994 4069 porrigit,
3027 4008 3079 4053 et
3121 3999 3392 4067 jacentem
3437 4000 3620 4069 erigit,

2018 4107 2267 4157 carnem,
2292 4092 2533 4160 inquam,
2562 4106 2627 4145 ac
2655 4102 2915 4146 mentem.
2946 4106 3069 4160 qum
3097 4092 3161 4145 ad
3184 4089 3464 4147 Creatoris
3485 4093 3631 4147 ima-

2018 4187 2197 4255 ginem
2233 4184 2374 4239 facta
2414 4183 2534 4239 fuit.
2565 4183 2663 4238 Est
2693 4185 2837 4238 enim
2878 4200 3032 4240 mens
3073 4185 3385 4250 invisibilis,
3434 4188 3625 4242 incon-

2020 4279 2371 4350 templabilis,
2407 4280 2669 4351 impervia
2718 4288 2771 4334 et
2817 4278 3409 4350 incomprehensibilis,
3443 4296 3635 4352 neque

2019 4390 2077 4428 se
2125 4375 2295 4445 ipsam
2343 4389 2700 4445 cognoscens,
2742 4384 2798 4428 et
2848 4374 3071 4443 insuper
3100 4372 3619 4444 incircumscripta:

2018 4478 2072 4523 et
2120 4468 2162 4521 si
2211 4467 2603 4537 cogitationum
2639 4466 2988 4536 phantasiam
3036 4473 3369 4535 spectamus.
3421 4466 3622 4520 ducatu

2020 4569 2073 4612 οι
2108 4567 2375 4629 potestate
2435 4560 2682 4629 praedita,
2743 4554 2951 4612 artibus
3000 4566 3055 4610 et
3108 4556 3355 4611 scientiis
3403 4569 3625 4621 ornata,

2024 4668 2187 4722 parva
2212 4653 2455 4722 quaedam
2480 4666 2698 4706 acnova
2717 4651 2977 4713 creatrix,
2995 4651 3101 4713 vel,
3126 4660 3184 4704 ut
3204 4652 3386 4705 verius
3414 4650 3629 4716 dicam,

2020 4746 2298 4799 Creatoris
2342 4746 2624 4808 imitatrix,
2679 4746 2864 4813 regina
2912 4754 3177 4800 creatura:
3228 4745 3487 4810 visibilis,
3535 4748 3625 4801 vel

2022 4838 2164 4908 regis
2213 4838 2415 4908 imago,
2468 4837 2668 4893 tributa
2720 4839 2786 4893 de
2838 4846 2982 4892 terra
3030 4839 3314 4905 colligens,
3358 4854 3421 4891 ex
3459 4840 3624 4903 mari,

2020 4936 2182 4997 atque
2216 4944 2365 4994 aere,
2415 4944 2480 4985 ex
2514 4930 2627 4984 sole
2678 4946 2740 4985 ac
2784 4930 2909 4983 luna
2943 4941 2993 4986 et
3049 4931 3242 4993 stellis,
3277 4948 3340 4985 ex
3373 4932 3515 4987 ccelo
3566 4941 3623 4988 et

2022 5020 2275 5085 nubibus,
2311 5037 2373 5077 ex
2418 5022 2633 5081 ovibus.
2679 5022 2875 5087 bobus,
2908 5022 3138 5093 aliisque
3165 5024 3408 5095 825m.
3457 5039 3625 5093 pecu-

2019 5112 2209 5176 dibus;
2241 5114 2352 5167 imo
2378 5129 2504 5169 vero
2531 5114 2773 5169 omnium
2800 5114 3007 5170 fructus
3030 5131 3261 5186 carpens
3289 5135 3300 5169 :
3333 5118 3449 5183 ejus
3474 5118 3626 5172 enim

2020 5206 2192 5274 gratia
2235 5206 2466 5261 visibilia
2502 5218 2699 5263 cuncta
2732 5216 2861 5263 sunt
2891 5207 3069 5263 facta:
3100 5224 3225 5263 nam
3259 5208 3399 5263 Deus
3427 5210 3625 5265 horum

2020 5312 2125 5350 non
2156 5308 2237 5352 est
2277 5299 2509 5367 indigns.

2088 5493 2203 5549 Non
2231 5510 2360 5567 ergo
2382 5501 2833 5568 eoatempsittam
2852 5503 3146 5571 pretiosam
3172 5515 3381 5574 partem
3409 5507 3620 5562 medela

2017 5598 2270 5657 egentem
2297 5606 2313 5654 ;
2345 5592 2642 5655 morboque
2672 5602 2729 5645 et
2759 5605 2976 5649 senecta
3007 5606 3322 5665 corruptam
3348 5600 3626 5668 mortique

2018 5678 2381 5747 mancipatam
2432 5681 2829 5738 humanitatem
2884 5702 2991 5740 non
3048 5686 3120 5741 ita
3185 5692 3506 5759 assumpsit,
3563 5703 3629 5747 ut

2016 5778 2225 5837 partem
2266 5770 2438 5841 ipsius
2478 5775 2798 5830 rationalem
2842 5785 2896 5831 et
2943 5776 3308 5835 immortalem
3346 5792 3507 5851 atque
3548 5786 3625 5839 ad

2016 5862 2307 5935 imaginem
2344 5883 2499 5924 suam
2537 5870 2734 5926 factam
2762 5873 3108 5943 despexerit;
3144 5875 3449 5943 praesertim
3490 5877 3620 5946 quia
