4058 6328
508 382 529 433 I
542 375 641 436 ιιτ

1525 370 1583 425 S.
1616 367 1893 424 CYRILLI
1925 363 2393 424 ALEXANDRINI
2434 362 2756 419 ARCIIIEP.

3626 357 3762 414 1468

505 496 665 560 male,
699 504 755 551 ut
784 496 956 559 aiunt,
987 507 1046 547 se
1067 490 1300 545 habebat
1329 506 1342 542 :
1376 488 1471 543 sed
1495 488 1801 542 universam
1835 500 2079 541 naturam

2186 501 2285 537 σαν
2307 484 2639 553 ἑνεοποίησε.
2656 483 2764 536 Καὶ
2782 481 2845 533 τὸ
2866 480 2965 549 μὲν
2981 480 3151 550 αὐτῆς
3168 478 3350 533 καινὸν
3367 478 3763 549 ἀπειργάσατο,

504 590 838 656 antiquatam
874 589 1171 640 renovavit.
1215 584 1369 638 Anne
1398 583 1540 636 enim
1584 590 1791 651 partem
1827 581 1945 650 ejus
1985 595 2081 634 no-

508 696 623 732 vani
676 678 911 743 fecisset,
962 677 1110 732 illam
1164 691 1313 741 vero,
1360 690 1481 745 qua:
1531 678 1828 727 inveterata
1859 682 1976 726 erat
2029 681 2082 724 et

506 779 777 839 corrupta,
809 769 928 823 sine
960 767 1202 823 remedio
1234 782 1355 823 esse
1390 763 1653 821 sivisset?
1692 777 1813 817 cum
1852 774 2080 832 praeser-

509 862 602 914 tim
642 874 768 929 pars
798 859 914 913 haec
948 857 1341 927 pretiosissima
1385 867 1550 922 esset,
1580 864 1635 908 et
1676 850 2083 907 immortalitate

507 952 733 1021 pollens,
766 959 820 1004 et
847 949 1073 1004 rationis
1101 963 1197 1001 usu
1231 955 1515 1007 exornata,
1551 955 1607 998 et
1635 943 1702 997 ad
1746 940 2081 996 intellectua-
2122 994 2129 999 _

509 1044 639 1097 lium
700 1043 942 1097 ordinem
1004 1040 1300 1108 pertinens.
1348 1036 1813 1091 Absurdissimum
1884 1034 2083 1102 quippe

510 1137 720 1198 fuisset,
748 1148 945 1201 corpus
974 1132 1178 1186 luteum
1208 1140 1263 1184 et
1292 1128 1625 1200 pulvereum,
1654 1138 1709 1182 et
1738 1126 2085 1196 passionibus

511 1226 827 1297 implicitum
870 1222 974 1279 sibi
1030 1235 1306 1277 assumere
1356 1231 1520 1288 atque
1569 1218 1883 1288 adiungere,
1930 1226 1985 1271 et
2029 1215 2082 1270 in

509 1318 729 1371 destera
757 1314 1056 1383 maiestatis
1078 1312 1341 1369 collocare
1380 1329 1392 1365 :
1426 1321 1658 1367 mentem
1690 1308 2083 1365 veroinvisibi-

509 1408 633 1471 lem,
670 1406 1053 1472 immortalem,
1084 1405 1377 1458 animantis
1421 1404 1727 1465 rectricem,
1764 1402 1829 1455 ad
1865 1400 1959 1456 Dei
2003 1398 2083 1453 [ει-

509 1508 651 1553 ctam
714 1496 1027 1567 imaginem,
1066 1494 1578 1564 incorruptibilitate
1618 1493 1921 1563 praeditam,
1962 1506 2084 1546 cor-

511 1588 659 1657 poris
684 1589 847 1643 veluti
894 1590 1159 1655 aurigam,
1195 1587 1655 1654 gubernatricem,
1687 1595 1741 1640 et
1767 1585 1922 1655 quasi
1954 1599 2084 1639 con-

512 1688 671 1734 centu
702 1684 1114 1747 temperantem,
1150 1693 1247 1745 per
1278 1694 1439 1747 quam
1472 1679 1703 1732 humana
1746 1686 1938 1731 natura
1972 1692 2080 1732 non

510 1777 594 1821 est
633 1767 810 1831 bruta,
847 1767 938 1819 sed
972 1767 1261 1834 sapientia,
1314 1767 1521 1820 artibus
1560 1775 1615 1819 et
1658 1764 1847 1834 quavis
1891 1767 2079 1834 peritia

2182 577 2241 630 τὸ
2282 575 2338 628 δὲ
2380 574 2832 643 πεπαλαιωμένον
2878 573 2968 625 καὶ
3009 571 3401 642 διεφθαρμένον
3422 570 3640 625 ἀνίατον
3683 571 3763 622 εἴ·

2183 684 2314 732 ασε;
2360 666 2453 719 καὶ
2489 664 2663 719 ταῦτα
2699 663 3029 733 τιμιώτατον
3071 662 3455 733 ὑπάρχον,καὶ
3492 660 3762 731 ἀθανασίᾳ

2182 757 2565 827 τετιμημένον,
2591 755 2685 810 καὶ
2722 754 2866 823 λόγῳ
2908 753 3343 823 κεκοσμημένον,
3384 754 3477 806 καὶ
3515 752 3612 816 τῆς
3654 752 3761 805 τῶν

2182 848 2389 919 νοητῶν
2414 849 2607 918 μοίρας
2628 848 2896 917 τυγχάνον
2916 863 2930 877 ⁸
2954 846 3062 899 τῶν
3085 846 3446 899 ἀτοπωτάτων
3462 844 3567 914 γὰρ
3591 843 3647 897 τὸ
3668 856 3768 912 μεν

2185 940 2343 1011 σῶμα
2378 940 2439 993 τὸ
2462 941 2703 1010 πήλινον.
2730 940 2822 995 καὶ
2842 940 3044 1010 χοῖκὸν,
3069 942 3160 992 καὶ
3183 939 3377 992 πάθεσι
3401 936 3735 1005 συνεζευγμέ
3751 966 3766 974 -

2183 1049 2291 1093 νον,
2318 1033 2411 1085 καὶ
2449 1031 2878 1103 προσληφθῆναι,
2908 1035 3004 1083 καὶ
3043 1029 3439 1098 ἀναληφθῆναι,
3466 1030 3557 1081 καὶ
3588 1030 3653 1080 ὲκ
3681 1027 3769 1079 δε·

2184 1122 2311 1189 ξιῶν
2368 1122 2466 1191 τῆς
2520 1120 2908 1192 μεγαλωσύνης
2952 1119 3370 1189 καθιδρυνθῆναι
3391 1136 3403 1148 ·
3436 1118 3527 1171 τὸν
3556 1118 3613 1171 δὲ
3642 1117 3769 1169 νοῦν

2182 1216 2271 1267 τὸν
2294 1215 2545 1285 ἀόρατον,
2568 1213 2661 1266 τόν
2682 1213 2968 1275 ἀθάνατον,
2992 1212 3083 1265 τὸν
3107 1212 3351 1282 ἡγεμόνα
3375 1209 3467 1264 τοῦ
3490 1211 3653 1275 ζώου,
3674 1208 3769 1263 τὸν

2185 1308 2304 1359 κατ’
2326 1308 2512 1360 εἰκόνα
2571 1305 2726 1358 θείαν
2756 1305 3138 1373 γεγενημένον,
3168 1304 3258 1356 τὸν
3306 1301 3581 1372 ἀφθαρσίᾳ
3621 1316 3767 1354 τετι-

2186 1397 2447 1467 μημένον,
2484 1398 2574 1450 τὸν
2623 1397 2717 1450 τοῦ
2756 1396 3007 1466 σώματος
3040 1397 3253 1465 ἡνίοχον
3302 1395 3394 1447 καὶ
3424 1394 3770 1465 κυϐερνήτην

2183 1490 2276 1542 καὶ
2310 1490 2587 1559 μουσικὸν,
2619 1490 2685 1542 δι’
2711 1490 2769 1541 ὃν
2810 1490 2909 1541 οὐκ
2943 1488 3133 1555 ἄλογος
3161 1490 3193 1557 ἡ
3224 1487 3535 1557 ἀνθρωπεία
3581 1488 3766 1555 φύσις,

2182 1580 2317 1633 ἀλλὰ
2353 1580 2544 1649 σοφίας
2572 1582 2665 1633 καὶ
2687 1580 2879 1649 τέχνης
2902 1580 2997 1633 καὶ
3016 1582 3326 1651 ἐπιστήμης
3357 1579 3639 1641 ἀνάπλεως
3664 1575 3767 1649 (1),

2180 1672 2369 1726 τοῦτον
2406 1666 2745 1742 ἀπερῤίφθαί
2780 1672 2949 1733 κάτω,
2983 1671 3074 1724 καὶ
3118 1671 3219 1740 τῆς
3266 1671 3358 1724 τοῦ
3406 1670 3655 1741 σώματος
3691 1670 3769 1740 μὴ

2186 1763 2615 1833 μεταλαγχάνειν
2660 1762 2856 1831 τιμῆς·
2908 1764 2975 1815 δι’
3007 1763 3065 1815 ὃν
3114 1762 3177 1814 τὸ
3225 1763 3382 1833 σῶμα
3414 1763 3512 1833 τῆς
3545 1761 3770 1831 λογικῆς

510 1858 777 1911 abundat:
819 1857 977 1919 hanc,
1000 1857 1244 1924 inquam,
1268 1866 1500 1911 mentem
1534 1857 1602 1911 ad
1625 1856 1938 1912 inferiorem
1964 1871 2083 1926 gra-

2193 1857 2408 1925 ἐγένετο
2436 1856 2694 1918 κτίσεως·
2732 1854 2798 1907 δι’
2829 1854 2887 1906 ὃν
2919 1852 3252 1923 νομοθεσίαι,
3291 1854 3384 1905 καὶ
3418 1855 3765 1923 προφητεῖαι·

509 1950 633 2001 dum
669 1947 921 2015 deprimi,
955 1961 1053 2001 nec
1076 1962 1259 2013 parem
1290 1947 1483 2002 saltem
1508 1963 1630 2001 cum
1664 1962 1892 2018 corpore
1917 1948 2088 2004 hono—

513 2052 624 2089 rem
658 2037 1015 2105 participare;
1056 2050 1176 2089 cum
1207 2047 1385 2091 tamen
1422 2035 1541 2105 ejus
1574 2052 1740 2091 causa
1774 2052 1971 2105 corpus
1999 2053 2080 2093 ra-

462 2132 477 2145 ’
514 2127 727 2181 tionalis
751 2136 997 2180 creatura
1028 2127 1301 2192 evaserit;
1337 2142 1459 2180 cum
1490 2127 1731 2197 ejusdem
1762 2144 1926 2183 causa
1956 2130 2093 2183 datae

511 2218 713 2272 fuerint
756 2216 902 2286 leges
943 2230 1006 2270 ac
1042 2216 1378 2285 prephetiai;
1413 2232 1508 2285 per
1543 2234 1706 2287 quam
1742 2219 1877 2271 nunt
1911 2230 2091 2273 certa-

511 2310 673 2375 mina,
727 2308 904 2374 luctas,
962 2308 1227 2372 victoriae,
1279 2308 1635 2376 laudationes,
1686 2324 1934 2374 coronze;
1994 2325 2091 2379 per

511 2418 670 2472 quam
731 2417 928 2471 corpus
955 2417 1079 2455 cum
1105 2416 1167 2454 ea
1198 2400 1504 2468 decertans,
1530 2403 1807 2472 praemium
1844 2403 2088 2457 laborum

511 2494 859 2563 consequitur
890 2494 1149 2547 caelorum
1188 2508 1450 2560 regnum;
1500 2495 1568 2548 ob
1610 2510 1769 2562 quam
1809 2496 1922 2565 ipse
1953 2508 2088 2563 quo-

509 2599 613 2654 que
646 2585 950 2639 Servatoris
990 2582 1160 2638 nostri
1213 2584 1475 2639 adventus
1511 2586 1761 2657 contigit,
1811 2596 1865 2641 et
1912 2587 2091 2641 incar-

512 2675 745 2730 nationis
771 2685 1047 2745 peractum
1077 2676 1388 2747 mysterium
1414 2684 1516 2729 est.
1549 2675 1665 2730 Non
1695 2678 1838 2731 enim
1874 2686 2092 2747 propter

2171 1948 2252 2001 δι’
2282 1947 2340 2001 ὂν
2377 1947 2610 2015 ἀγῶνες,
2643 1947 2739 1998 καὶ
2767 1946 2956 2010 πάλαι,
2991 1945 3083 1999 καὶ
3108 1945 3275 2005 νίκαι,
3296 1945 3388 1997 καὶ
3413 1945 3768 2014 ἀναρρήσεις,

2189 2040 2283 2093 καὶ
2312 2040 2566 2107 στέφανοι
2584 2056 2597 2068 ο
2625 2038 2692 2091 δι’
2715 2037 2774 2090 ὃν
2798 2036 2893 2089 καί⁵
2914 2036 2974 2088 τὸ
2999 2037 3157 2105 σῶμα
3183 2036 3244 2089 τὸ
3268 2036 3581 2098 συναθλοῦν,
3609 2031 3770 2087 ἆθλον

2188 2130 2297 2184 τῶν
2348 2131 2522 2183 πόνων
2571 2131 2684 2199 ἔχει
2734 2130 2834 2201 τὴν
2867 2129 2974 2182 τῶν
3003 2127 3246 2199 οὐρανῶν
3275 2128 3584 2198 βασιλείαν
3617 2127 3684 2180 δι’
3710 2127 3771 2178 ὃν

2190 2224 2282 2275 καὶ
2312 2225 2450 2292 αὑτὴ
2484 2222 2576 2274 τοῦ
2612 2223 2861 2291 Σωτῆρος
2892 2221 3047 2292 ἡμῶν
3084 2223 3115 2291 η
3147 2219 3425 2297 παρουσία.
3452 2219 3770 2289 γεγένηται,

2188 2313 2280 2365 καὶ
2317 2312 2379 2364 τὸ
2412 2313 2508 2382 τῆς
2536 2312 2849 2381 οἰκονομίας
2884 2312 3312 2383 ὲπραγματεύθη
3343 2312 3641 2381 μυστήριον
3665 2327 3678 2340 ⁶
3708 2310 3769 2362 οὑ

2187 2403 2291 2473 γὰρ
2326 2403 2466 2473 ὑπὲρ
2504 2402 2725 2472 ἀψύχων
2756 2403 2788 2471 ἢ
2816 2403 3060 2474 ἀνοήτων
3089 2404 3156 2457 τὰ
3182 2404 3424 2474 σωτήρια
3445 2402 3772 2468 κατεδέξατο

2189 2493 2371 2563 πάθη,
2432 2494 2541 2546 οὐδ’
2583 2494 2723 2565 ὑπὲρ
2770 2494 2980 2562 ἀλόγων
3032 2496 3243 2565 κτηνῶν
3294 2495 3343 2565 ἢν
3381 2495 3543 2547 λίθων
3591 2494 3771 2564 ψυχῆς

2188 2584 2589 2656 ὲστερημένων,
2631 2585 2746 2639 ἀλλ’
2783 2587 2923 2658 ὑπὲρ
2959 2586 3260 2659 ἀνθρώπων
3287 2588 3467 2659 ψυχὴν
3506 2589 3770 2643 ἀθάνατον

2190 2676 2395 2730 ἔνοικον
2436 2679 2813 2749 κεκτημένων.

512 2785 596 2823 res
639 2770 900 2825 inanimes
949 2782 1003 2824 et
1050 2782 1228 2827 mente
1275 2782 1524 2827 carentes
1567 2774 1861 2827 salutarem
1892 2774 2113 2831 admisit
2186 2777 2516 2846 passionem,
2567 2792 2740 2845 neque
2786 2777 3027 2849 826m.
3064 2790 3283 2848 propter
3318 2780 3650 2833 irrationalia
3680 2780 3768 2845 ju-

511 2868 687 2916 menta
725 2871 817 2916 aut
842 2862 1047 2932 lapides
1079 2862 1260 2917 anima
1286 2864 1599 2930 deatitutos,
1628 2867 1719 2919 sed
1749 2854 1971 2936 prepter
1996 2866 2242 2922 homines
2271 2865 2364 2936 qui
2416 2867 2774 2922 immortalem
2809 2868 3046 2921 animam
3082 2871 3223 2923 nacti
3254 2880 3377 2923 sunt
3412 2871 3661 2924 incolam.

509 2973 693 3029 XVIII.
726 2974 1107 3031 ercticorum
1139 2980 1410 3033 contraria
1432 2990 1747 3050 argumenta
1780 2982 2076 3039 solvuntur.

564 3090 667 3145 Sed
682 3093 774 3159 qui
794 3107 961 3162 nugas
996 3093 1166 3162 magis
1198 3107 1363 3162 quam
1380 3094 1661 3148 veritatem
1681 3094 1914 3149 aestimat
1932 3095 2088 3166 Apol-

510 3183 720 3244 linaris,
758 3184 1030 3249 rectisque
1061 3200 1123 3238 ac
1150 3185 1254 3253 piis
1276 3186 1619 3255 dogmatibus
1635 3201 1789 3240 suam
1810 3188 2090 3257 anteponit

511 3273 1131 3341 garrulitatem,carnem
1156 3274 1372 3342 quidem
1392 3289 1421 3327 a
1438 3274 1546 3329 Deo
1562 3273 1739 3329 Verbo
1753 3287 2086 3345 assumptam

510 3364 607 3424 ait,
644 3371 803 3428 atque
836 3362 933 3414 hac
956 3376 1057 3415 ceu
1085 3362 1203 3416 velo
1226 3364 1461 3431 quodam
1494 3377 1614 3417 esse
1644 3378 1801 3417 usum
1834 3381 1849 3428 ;
1908 3376 2089 3420 mente

509 3461 687 3505 autem
719 3468 822 3505 non
859 3451 1151 3520 indiguisse
1173 3491 1188 3517 ,
1224 3454 1318 3507 sed
1348 3454 1519 3521 ipsum
1555 3455 1675 3507 vice
1719 3456 1918 3509 mentis
1961 3470 2088 3512 cor-

509 3541 625 3606 pori
654 3541 953 3595 exstitisse.
988 3540 1116 3606 Sed,
1139 3556 1172 3594 o
1220 3541 1400 3607 sodes,
1432 3541 1579 3595 dicet
1628 3542 1679 3596 ei
1728 3542 1927 3610 aliquis
1951 3584 1967 3610 ,
2021 3559 2089 3600 ne

508 3646 734 3698 corpore
768 3632 984 3699 quidem
1015 3633 1154 3687 Deus
1192 3631 1426 3686 Verbum
1458 3633 1692 3703 egebat;
1748 3634 1883 3688 nihil
1934 3638 2079 3689 enim

510 3738 731 3793 prorsus
766 3723 988 3791 requirit
1022 3741 1036 3777 :
1075 3732 1501 3793 poteratautem
1555 3726 1674 3780 solo
1702 3726 1957 3782 mandato
1988 3744 2086 3783 no-

510 3820 676 3865 stram
708 3813 922 3881 cperari
947 3813 1197 3866 salutem.
1222 3813 1326 3867 Sed
1353 3822 1532 3868 tamen
1556 3814 1723 3869 voluit
1747 3832 1844 3871 nos
1869 3832 2085 3887 quoque

509 3904 943 3956 communionem
963 3903 1199 3972 aliquam
1218 3914 1366 3958 recte
1395 3904 1662 3959 factorum
1685 3906 1887 3963 habere
1907 3925 1920 3959 :
1939 3913 2083 3979 quod

511 4001 569 4045 ut
595 3992 847 4058 eiliccret,
877 3996 1231 4062 peccatricem
1256 4007 1589 4064 assumptam
1612 4005 1860 4051 naturain
1881 4038 1896 4062 ,
1930 4014 2085 4054 eam-

508 4098 613 4153 que
642 4086 1046 4140 suislaboribus
1066 4086 1441 4157 justilicatam,
1474 4089 1686 4143 acerbis
1705 4091 1978 4158 expedivit
1998 4102 2081 4162 ty-

510 4177 691 4228 rannis
716 4186 934 4243 peccato
983 4186 1037 4230 et
1078 4178 1292 4233 diabolo
1326 4195 1391 4234 ac
1421 4190 1624 4243 morte,
1660 4190 1715 4236 et
1763 4183 2077 4241 ccelesttbus

508 4268 726 4321 sedibus
772 4268 994 4322 donavit
1029 4285 1044 4323 :
1084 4278 1137 4322 et
1167 4284 1262 4339 per
1306 4286 1424 4323 eam
1473 4287 1635 4341 quam
1687 4273 1802 4342 ipse
1851 4279 2081 4347 sumpsit

2322 2984 2429 3038 IH’.
2460 2984 2650 3049 Λύσις
2679 2983 2798 3037 τῶν
2829 2985 3141 3053 αἰρετικῶν
3172 2989 3628 3056 προϐλημάτων.

2275 3094 2413 3147 Ἀλλ’
2445 3097 2474 3147 ό
2504 3095 2595 3147 τὸν
2619 3093 2779 3149 ὕθλον
2812 3098 3157 3168 προτιμήσας
3196 3097 3297 3167 τῆς
3324 3098 3582 3167 ἀληθείας
3611 3101 3770 3153 Ἀπο-

2188 3188 2451 3259 λινάριος,
2499 3189 2594 3242 καὶ
2626 3188 2751 3240 δτῶν
2798 3188 3038 3241 εὐσεϐῶν
3094 3190 3380 3259 δογμάτων
3426 3190 3523 3262 τὴν
3565 3193 3768 3245 οἰκείαν

2190 3278 2463 3349 προτάξας
2488 3277 2828 3349 ἀδολεσχίαν,
2858 3279 2957 3349 τὴν
2984 3280 3082 3349 μὲν
3112 3282 3290 3352 σάρκα
3322 3280 3413 3333 τὸν
3440 3282 3574 3335 θεὸν
3599 3285 3771 3353 Λόγον

2188 3368 2541 3440 ἀνειληφέναι
2575 3372 2730 3439 φησὶ,
2764 3372 2859 3424 καὶ
2894 3372 3069 3445 ταύτῃ
3101 3372 3351 3443 καθάπερ
3385 3376 3490 3427 τινὶ
3516 3393 3769 3447 παραπε-

2188 3458 2428 3526 τάσματι
2459 3459 2767 3528 χρήσασθαι
2794 3476 2808 3491 ο
2837 3461 2930 3513 τοῦ
2978 3462 3035 3514 δὲ
3064 3461 3154 3515 νοῦ
3192 3464 3266 3533 μὴ
3299 3463 3578 3534 δεηθῆναι,
3608 3468 3768 3521 αὑτὸν

2186 3549 2243 3602 δὲ
2271 3550 2392 3603 ἀντὶ
2421 3549 2514 3602 νοῦ
2559 3551 2809 3618 γενέσθαι
2842 3553 2919 3623 τῷ
2952 3552 3183 3622 σώματι.
3226 3556 3385 3621 Ἀλλ’,
3422 3550 3467 3609 ῶ
3498 3556 3762 3626 βέλτιστε,

2186 3642 2332 3696 εἴποι
2361 3661 2446 3707 τις
2480 3644 2547 3697 ἂν
2594 3644 2732 3715 πρὸς
2766 3644 2950 3707 αὐτὸν,
2990 3646 3109 3698 οὐδὲ
3149 3646 3245 3699 τοῦ
3296 3648 3544 3719 σώματος
3577 3654 3605 3704 ὁ
3635 3653 3764 3717 Θεὸς

2185 3734 2353 3801 Λόγος
2382 3735 2631 3807 ἔχρῃζεν,
2656 3737 2965 3807 ἀπροσδεὴς
2991 3740 3098 3810 γάρ
3121 3754 3134 3767 ⁸
3161 3740 3391 3808 ἠδύνατο
3413 3742 3469 3795 δὲ
3494 3746 3589 3798 καί⁵
3622 3746 3766 3817 μόνῳ

2188 3826 2573 3913 προστάγματι
2619 3828 2718 3897 τὴν
2765 3828 3043 3899 ἡμετέραν
3095 3834 3626 3902 πραγματεύσασθαι
3660 3855 3762 3892 σω-

2183 3917 2405 3987 τηρίαν·
2442 3916 2556 3971 ἀλλ’
2596 3914 2864 3987 ἠθέλησεν
2907 3918 3050 3987 ἔχειν
3094 3922 3216 3974 τινὰ
3266 3924 3361 3977 καὶ
3402 3926 3549 3995 ἡμᾶς
3592 3929 3671 3992 εἰς
3710 3931 3764 3980 τὸ

2184 4008 2622 4080 κατορθούμενον
2652 4015 2958 4077 κοινωνίαν,
2984 4005 3043 4065 οὗ
3074 4013 3232 4084 χάριν
3263 4014 3441 4069 λαϐὼν
3469 4018 3631 4087 φύσιν
3665 4016 3761 4086 τὴν

2184 4102 2585 4173 ἡμαρτηκυὴν,
2620 4103 2803 4166 πόνοις
2838 4103 3009 4174 αὐτὴν
3038 4107 3262 4170 οἰκείοις
3302 4108 3623 4176 δικαιώςας,
3654 4113 3761 4166 τῶν

2182 4211 2239 4245 τε
2264 4194 2476 4263 πικρῶν
2499 4195 2779 4266 τυράννων
2798 4197 3107 4267 ἀπήλλαξεν
3126 4202 3422 4272 ἁμαρτίας,
3454 4205 3549 4256 καὶ
3576 4206 3758 4259 διαϐό-

2182 4282 2298 4347 λου,
2318 4285 2409 4336 καὶ
2427 4284 2681 4351 θανάτου,
2707 4288 2801 4339 καὶ
2818 4289 2928 4339 τῶν
2952 4289 3290 4359 ἐπουρανίων
3313 4294 3517 4364 θρόνων
3535 4297 3756 4365 ἠξίωσε,

512 4359 921 4423 humanitatem,
951 4362 1201 4415 universo
1254 4363 1436 4431 generi
1478 4364 1782 4421 libertatem
1822 4384 2066 4425 commu-

2183 4376 2264 4427 καὶ
2287 4375 2373 4429 διὰ
2398 4376 2491 4428 τοῦ
2519 4377 2816 4446 ληφθέντος
2853 4383 3014 4434 παντὶ
3037 4381 3113 4451 τῷ
3141 4384 3287 4451 γένει
3320 4386 3417 4455 τῆς
3451 4386 3756 4460 ἐλευθερίας

511 4447 728 4502 nicavit.
764 4449 1017 4505 Sedenim
1048 4452 1181 4505 nihil
1228 4453 1421 4507 horum
1456 4465 1713 4523 reputans
1739 4458 1826 4511 hic
1859 4462 2074 4528 sapien-

512 4540 751 4593 tissimus
774 4580 788 4604 ,
817 4540 1216 4595 vocalissimum
1257 4543 1541 4612 theologia:
1566 4560 1874 4614 praeconem
1904 4549 2075 4605 Joan-

511 4645 629 4683 nem
670 4633 1078 4700 evangelistam,
1113 4637 1359 4687 amentia:
1394 4651 1506 4690 δυάς
1536 4648 1729 4691 testem
1778 4640 1983 4696 habere
2018 4659 2076 4698 se

505 4721 729 4788 judicat.
768 4738 785 4770 ι
826 4720 1059 4775 Verbum
1096 4725 1262 4787 enim,
1307 4727 1523 4793 inquit,
1576 4744 1703 4783 caro
1742 4730 1940 4784 factum
1972 4742 2073 4797 est,

509 4825 559 4867 et
583 4814 839 4867 habitavit
872 4816 922 4867 in
950 4816 1107 4869 nobis
1127 4815 1191 4870 ⁸⁷.
1220 4834 1240 4867 ι
1272 4817 1434 4886 Atqui
1460 4822 1682 4875 omnino
1703 4822 1927 4889 sciebat,
1946 4827 2074 4880 alibi

511 4921 720 4975 quoque
746 4916 951 4972 partem
983 4921 1081 4974 pro
1114 4915 1229 4960 toto
1261 4909 1498 4963 divinam
1527 4910 1866 4981 Scripturam
1894 4916 2079 4985 appel-

512 4995 819 5048 laicsolerc
854 5010 863 5043 :
900 5012 1018 5064 qua:
1074 4997 1235 5052 modo
1283 5000 1504 5068 quidem
1558 5019 1622 5056 ex
1674 5005 1855 5059 anima
1908 5017 2080 5063 totum

512 5088 777 5139 hominem
813 5099 1106 5155 nuncupat,
1143 5093 1304 5144 modo
1337 5104 1519 5145 autem
1578 5109 1645 5147 ex
1691 5112 1853 5152 carne
1911 5108 2079 5155 totmn

507 5176 702 5230 animal
734 5178 990 5233 denotat:
1030 5198 1047 5231 t
1075 5177 1274 5236 Omnes
1306 5182 1469 5248 enim,
1498 5184 1694 5254 inquit,
1740 5190 1931 5245 animae
1962 5207 2081 5261 qua:

582 5356 621 5388 ⁵⁷
648 5355 801 5408 Joan.
835 5370 871 5419 ι,
898 5357 984 5411 14.

578 5562 651 5630 (Ι)
694 5561 1111 5617 Prmciarissime
1153 5563 1237 5617 Itis
1274 5562 1467 5617 Cicero
1508 5564 1831 5631 astipulatur
1867 5564 1917 5619 in
1960 5564 2075 5619 sct-

507 5633 679 5699 pionis
701 5632 940 5685 Somnio.
971 5633 1047 5685 Tu
1084 5649 1201 5687 vero
1230 5635 1305 5687 sic
1335 5635 1541 5697 habeto,
1573 5650 1677 5686 non
1711 5650 1823 5688 esse
1854 5646 1903 5687 te
1932 5653 2071 5688 mor-

507 5702 661 5753 Ialcnt
680 5739 695 5763 ,
723 5704 811 5774 sed
840 5718 1025 5770 corpus
1054 5702 1150 5756 hoc
1181 5720 1198 5756 .'
1230 5719 1318 5757 uec
1348 5706 1483 5756 enim
1514 5714 1566 5755 tu
1600 5721 1685 5767 es,
1715 5720 1863 5774 quem
1895 5705 2067 5774 forma

508 5775 606 5824 ista
638 5772 900 5838 declarat,
935 5774 1021 5825 sed
1054 5789 1195 5827 meus
1230 5774 1477 5842 cujusque
1504 5774 1544 5827 is
1577 5784 1651 5828 est
1683 5772 1928 5844 quisque,
1962 5792 2065 5832 non

2182 4469 2502 4535 μετέδωκεν·
2523 4470 2637 4521 ἀλλ’
2655 4472 2803 4524 οὐδὲν
2820 4472 3026 4526 τούτων
3048 4478 3127 4538 εἰς
3146 4477 3265 4529 νοῦν
3279 4478 3456 4532 λαϐὼν
3474 4482 3500 4532 ὀ
3522 4480 3757 4550 σοφώτα-

2174 4575 2264 4619 τος
2281 4558 2370 4610 τὸν
2387 4560 2901 4629 μεγαλοφωνότατον
2924 4565 3137 4633 κήρυκα
3150 4567 3245 4636 τῆς
3258 4567 3555 4636 θεολογίας,
3572 4572 3662 4622 τὸν
3677 4572 3758 4623 εύ-

2176 4651 2504 4721 αγγελιστὴν
2521 4654 2797 4725 Ἰωάννην,
2821 4656 3072 4727 μάρτυρα
3091 4658 3187 4728 τῆς
3200 4659 3403 4724 οἰκείας
3416 4663 3599 4725 ἀνοίας
3614 4663 3756 4734 ἔχειν

2175 4745 2410 4813 ἡγεῖται·
2430 4761 2448 4795 ι
2468 4746 2527 4797 '0
2548 4746 2718 4814 Λόγος
2738 4746 2868 4819 γὰρ,
2892 4750 3044 4819 φησὶ,
3068 4749 3204 4820 σὰρξ
3221 4750 3453 4819 ἐγένετο,
3474 4755 3568 4806 καὶ
3590 4757 3755 4813 saxi:-

2176 4854 2347 4889 νωσεν
2374 4838 2431 4891 ὲν
2452 4839 2581 4908 ἡμῖν
2602 4856 2613 4867 ·
2645 4860 2661 4891 ι
2680 4842 2774 4895 καὶ
2792 4842 2966 4895 ταῦτα
2987 4843 3171 4912 σαφῶς
3192 4845 3367 4909 εἰδὼς,
3391 4847 3466 4910 ὡς
3488 4848 3757 4919 πολλαχοῦ

2175 4930 2236 4981 τὸ
2264 4931 2371 4982 πᾶν
2399 4931 2508 4984 ἀπὸ
2536 4932 2737 5004 μέρους
2772 4935 2943 5005 ήθεία
2978 4936 3166 5006 Γραφὴ
3204 4941 3623 5010 προσαγορεύει,
3662 4944 3756 4997 καί⁵

2181 5017 2257 5088 πὴ
2282 5019 2379 5088 μὲν
2397 5021 2504 5072 ἀπὸ
2530 5023 2625 5092 τῆς
2645 5022 3022 5105 ψυχῆςτπάντα
3048 5027 3202 5080 καλεῖ
3220 5029 3311 5081 τὸν
3335 5028 3644 5101 ἄνθρωπον,
3677 5036 3751 5103 πή

2180 5108 2237 5160 δὲ
2276 5110 2383 5162 ἀπὸ
2416 5110 2518 5179 τῆς
2551 5113 2751 5185 σαρκὸς
2777 5115 2896 5166 ὅλον
2929 5114 2987 5167 τὺ
3017 5116 3154 5179 ζῶον
3182 5117 3361 5187 δηλοῖ·
3389 5140 3407 5171 ι
3429 5120 3607 5174 Πᾶσαι
3643 5123 3753 5193 γάρ

2182 5202 2237 5252 αἱ
2268 5202 2457 5271 ψυχαὶ,
2485 5205 2540 5255 αἰ
2568 5204 2929 5272 εἰσελθοῦσαι,
2954 5209 3141 5280 φησὶν,
3173 5209 3289 5280 ἅμα
3327 5210 3519 5265 Ἰακὼὸ
3555 5213 3636 5278 εἰς
3664 5216 3755 5268 Δί-

2182 5573 2576 5667 ςξξῃβθηιξςαριξφ
2606 5581 2769 5667 digito
2792 5586 3364 5667 'dentonatraripotest.
3391 5590 3596 5647 Pudeat
3622 5610 3747 5667 ergo

2177 5658 2301 5723 eos,
2326 5646 2416 5713 qui
2452 5658 2621 5723 totum
2663 5646 2933 5711 hominem
2973 5646 3260 5715 materiam
3302 5677 3423 5718 esse
3460 5646 3746 5722 mortale};

2177 5712 2360 5771 dicens
2395 5720 2609 5774 andem.
3098 5712 3185 5715 "”
3308 5712 3419 5718 πη
3460 5712 3687 5763 -~----—-v_
