4058 6328
547 386 675 441 HM

1542 383 1599 436 S.
1637 377 1909 436 CYRILLI
1941 374 2409 432 ALI‘SXANDRINl
2458 378 2779 434 ARCIIIEP.

3650 381 3783 436 MSS

545 507 861 561 exsistcntia
891 506 955 559 ad
995 504 1364 559 exsislendum
1408 510 1670 566 traxerat,
1713 501 1802 569 qui
1841 499 1947 553 vita
1990 512 2081 553 era

2213 498 2291 560 είς
2316 499 2372 550 τὸ
2400 494 2537 552 εῖναι
2564 502 2817 569 ποιήσας,
2849 501 2879 570 ἡ
2904 498 3039 570 ζωὴ,
3072 500 3129 553 τὸ
3156 498 3269 568 φῶς
3292 498 3353 551 τὸ
3388 498 3662 569 ἀληθινὸν,
3690 501 3783 570 τὴν

545 611 600 653 ct
627 599 718 653 lux
746 612 903 659 vera;
940 598 1046 658 hic,
1083 596 1178 658 ait,
1211 596 1487 648 hominum
1507 607 1633 646 suas
1660 592 1787 645 fecit
1810 591 2109 659 passiones,

547 689 671 743 dum
714 686 989 740 hominum
1016 686 1244 739 salutem
1277 692 1618 749 operaretur.
1653 681 1895 749 Cumque
1937 679 2111 733 adhuc

549 780 719 850 magis
776 778 1157 833 beneﬁciorum
1219 776 1361 829 illius
1424 774 1851 842 magnitudinem
1889 771 2112 824 demon-

548 879 722 924 strare
746 868 922 928 vellet,
952 879 1291 935 nequaquam
1320 864 1386 917 de
1417 862 1709 917 immortali
1734 862 1911 915 anima
1947 859 2108 913 verba

547 961 691 1025 fecit,
724 961 815 1014 sed
857 960 922 1014 de
946 959 1185 1028 passibili
1216 970 1397 1017 carne,
1424 954 1635 1008 mortali
1666 963 1718 1008 et
1748 951 2106 1021 corruptibili,

545 1066 610 1105 ex
643 1051 768 1103 limo
794 1049 978 1113 facta;
1027 1056 1188 1116 atque
1226 1061 1255 1098 a
1300 1052 1451 1113 parte
1503 1053 1666 1096 totam
1713 1052 1960 1094 naturam
2011 1042 2106 1094 de-

545 1138 805 1202 claravit,
849 1148 906 1191 ut
929 1136 1209 1203 sequentia
1240 1144 1511 1187 testantur
1547 1149 1560 1185 :
1597 1148 1615 1180 t
1655 1130 1887 1184 Verbum
1919 1130 2061 1183 enim
2089 1170 2103 1193 ,

546 1230 759 1297 inquit,
831 1241 959 1281 caro
1014 1225 1215 1280 factum
1277 1233 1359 1279 est
1394 1264 1409 1288 ,
1474 1230 1527 1277 et
1582 1221 1846 1275 habitavit
1898 1222 1948 1276 in
2005 1235 2103 1275 no-

545 1320 624 1373 bis
654 1318 715 1371 “.
757 1336 775 1369 ι

610 1429 762 1483 Alius
787 1442 917 1482 vero
950 1428 995 1481 is
1022 1436 1161 1490 erat,
1208 1427 1297 1493 qui
1341 1427 1503 1479 modo
1560 1425 1788 1479 naturali
1838 1425 2106 1480 inhabita-

542 1524 651 1583 bat,
692 1519 834 1573 aliud
870 1533 995 1573 vero
1031 1516 1309 1584 templum.
1344 1516 1522 1581 Quare
1554 1525 1605 1567 et
1637 1514 1835 1568 Judzcis
1885 1514 2100 1567 aiebat:

543 1628 562 1661 ‹
602 1608 805 1663 Solvite
855 1608 1109 1677 templum
1149 1607 1268 1671 hoc,
1292 1616 1345 1659 et
1386 1620 1484 1674 ego
1531 1607 1702 1659 tribus
1732 1605 1918 1659 diebus
1953 1607 2105 1659 exci-

541 1700 665 1755 tabo
690 1700 836 1754 illud.
870 1698 936 1751 δ’.
980 1716 997 1749 ι
1038 1696 1244 1765 Templi
1285 1712 1414 1749 vero
1446 1695 1643 1749 solutio
1676 1705 1793 1749 erat
1825 1698 2021 1751 animae
2070 1713 2100 1751 a

2216 588 2466 660 φθαρτὴν
2492 591 2721 643 ἀνέλαϐε
2745 592 2927 661 φύσιν,
2944 593 3035 644 καὶ
3059 591 3125 643 τὰ
3140 591 3245 644 τῶν
3267 590 3571 663 ἀνθρώπων
3590 590 3785 661 ᾠκειώ-

2214 698 2346 734 σατο
2392 682 2560 751 πάθη,
2598 684 2694 753 τὴν
2741 683 2847 735 τῶν
2909 683 3215 753 ἀνθρώπων
3266 683 3783 753 πραγματευόμενος

2214 772 2509 842 σωτηρίαν.
2539 774 2649 826 Καὶ
2674 773 2936 842 μειζόνως
2960 773 3123 825 αὐτοῦ
3147 773 3317 836 δεῖξαι
3336 773 3438 843 τῆς
3464 772 3783 843 εὐεργεσίας

2210 860 2269 911 τδ
2302 861 2532 929 μέγεθος
2562 862 2846 931 ἐθελήσας,
2870 863 2931 915 οὐ
2962 864 3062 934 τῆς
3086 862 3265 932 ψυχῆς
3295 863 3667 931 ἐμνημόνευσε
3686 861 3783 930 τῆς

2210 951 2503 1015 ἀθανάτου,
2541 953 2678 1005 ἀλλά
2710 956 2805 1023 τῆς
2846 956 3049 1025 σαρκὸς
3074 956 3171 1025 τῆς
3208 954 3475 1024 παθητῆς,
3506 956 3607 1023 τῆς
3656 953 3779 1024 θνη-

2208 1043 2326 1111 τῆς,
2359 1042 2459 1109 τῆς
2495 1042 2883 1113 φθειρομένης,
2935 1044 3034 1112 τῆς
3077 1046 3140 1095 ἐκ
3187 1042 3357 1111 πηλοῦ
3389 1041 3779 1113 γεγενημένης*

2211 1134 2298 1184 καὶ
2322 1134 2429 1185 ἀπὸ
2472 1134 2565 1186 τοῦ
2603 1134 2801 1204 μέρους
2836 1135 2931 1203 τὴν
2959 1137 3141 1187 πᾶσαν
3173 1136 3335 1201 φύσιν
3382 1134 3676 1202 ἐδήλωσεν,
3708 1133 3782 1193 ὡς

2212 1226 2481 1292 μαρτυρεῖ
2522 1224 2591 1276 τὰ
2640 1226 2995 1294 ἐπαγόμενα·
3037 1244 3055 1275 ‹
3095 1225 3154 1277 Ὀ
3201 1225 3373 1299 Λόγος
3416 1224 3547 1293 γὰρ,
3596 1224 3778 1293 φησὶν,

2216 1314 2347 1383 σάρξ
2375 1315 2612 1381 ἐγένετο,
2647 1317 2740 1368 καὶ
2762 1318 3073 1385 ἐσκήνωσεν
3096 1317 3153 1369 ἐν
3182 1318 3383 1385 ἡμῖν..)

2278 1424 2505 1493 ’Έτερος
2542 1426 2599 1478 δὲ
2631 1428 2659 1478 6
2683 1427 3016 1495 κατοικήσας
3052 1425 3193 1477 κατά
3216 1425 3307 1476 τὸν
3350 1425 3505 1490 λόγον
3542 1424 3640 1493 τῆς
3678 1426 3780 1493 φύ-

2208 1532 2363 1577 σεως,
2389 1516 2483 1568 καὶ
2506 1516 2693 1586 ἕτερος
2714 1519 2741 1569 6
2770 1517 2914 1577 ναός.
2930 1518 3020 1567 Διὸ
3041 1516 3135 1568 καὶ
3162 1517 3273 1577 τοῖς
3305 1516 3579 1577 Ἰουδαίοις
3603 1516 3775 1584 ἔλεγε·

2211 1624 2229 1655 ‹
2258 1604 2467 1657 Λύσατε
2499 1606 2587 1658 τὸν
2634 1606 2762 1660 ναὸν
2813 1607 3021 1671 τοῦτον,
3069 1608 3166 1659 καὶ
3219 1608 3275 1661 ἐν
3323 1609 3501 1677 τρισὶν
3545 1610 3779 1679 ἡμέραις

2203 1696 2380 1765 ἐγερῶ
2414 1697 2592 1749 αὐτόν.
2625 1715 2641 1747 ι
2665 1697 2833 1760 Λύσις
2861 1698 2917 1749 δέ
2949 1698 3041 1750 τοῦ
3068 1698 3221 1760 ναοῦ,
3250 1699 3430 1767 ψυχῆς
3457 1699 3550 1751 καὶ
3590 1699 3776 1768 σώμα-

539 1805 763 1860 corpore
797 1789 1077 1843 dissolutio
1101 1805 1113 1841 :
1137 1802 1259 1840 nam
1287 1801 1435 1840 mors
1467 1795 1552 1841 est
1576 1788 1770 1840 animae
1810 1802 1838 1839 a
1869 1801 2084 1856 corpore

2201 1801 2291 1847 τος
2326 1787 2357 1854 ἡ
2397 1786 2700 1851 διάζευξις·
2745 1788 2972 1849 θάνατος
3013 1790 3119 1861 γάρ
3148 1790 3264 1841 ἐστι
3321 1790 3496 1858 ψυχῆς
3528 1790 3638 1842 ἀπὸ
3672 1790 3776 1842 σώ-

540 1896 800 1936 recessus.
836 1882 975 1949 Ergo
1013 1880 1193 1948 templi
1244 1879 1563 1932 solutionem
1609 1886 1866 1947 operatur
1906 1881 2084 1933 anima

2205 1894 2371 1945 ματος
2396 1879 2775 1949 ἀναχώρησις·
2802 1880 2996 1933 οὐκοῦν
3022 1881 3119 1949 τὴν
3160 1880 3314 1933 λύσιν
3341 1881 3434 1934 τοῦ
3465 1880 3593 1934 ναοῦ
3624 1884 3652 1934 6
3677 1881 3776 1950 τῆς

535 1990 563 2025 a
592 1986 817 2041 corpore
852 1970 1142 2036 separatio.
1186 1968 1351 2037 igitur
1403 1970 1445 2021 si
1488 1965 1655 2021 ,ιιιάιεί
1702 1968 1956 2037 templum
1997 1970 2101 2022 sol-

539 2072 768 2128 verunt,
821 2062 966 2115 cruci
1022 2061 1291 2127 mortique
1349 2060 1622 2113 trudentes
1659 2098 1673 2123 ,
1733 2060 1933 2113 solutio
1974 2075 2102 2114 vero

537 2152 716 2221 templi
767 2151 1173 2216 coniunctorum
1220 2149 1490 2217 separatio
1529 2147 1629 2200 fuit
1662 2189 1675 2210 ,
1743 2148 1885 2201 Deus
1921 2157 2097 2201 autem

539 2243 767 2297 Verbum
802 2244 901 2296 hoc
932 2241 1248 2295 dissolutum
1314 2240 1665 2293 resuscitavit
1692 2280 1705 2302 ,
1753 2239 2098 2307 exploratum

533 2333 767 2387 arbitror
804 2348 926 2387 esse
979 2332 1355 2401 prudentibus,
1412 2346 1515 2384 non
1579 2331 1869 2383 inanimem
1924 2347 2099 2399 neque

534 2435 712 2479 mente
756 2432 1051 2485 carentem,
1079 2424 1172 2477 sed
1223 2423 1522 2491 perfectum
1582 2424 1854 2478 hominem
1912 2438 1940 2476 a
1988 2424 2098 2478 Deo

537 2516 709 2567 Verbo
745 2521 1077 2581 assumptum
1140 2509 1326 2564 fuisse.
1386 2510 1517 2563 Nam
1560 2512 1605 2564 si
1658 2528 1754 2579 pro
1804 2512 2095 2567 immortali

530 2603 732 2667 anima,
772 2602 823 2654 in
866 2608 1148 2666 assumpto
1197 2613 1423 2667 corpore
1460 2599 1599 2652 Deus
1646 2599 1876 2653 Verbum
1929 2600 2095 2653 exsti-

530 2692 718 2758 tisset,
750 2690 934 2759 utique
971 2688 1170 2743 Judzeis
1220 2690 1448 2743 dixisset
1497 2706 1511 2743 :
1551 2689 1836 2744 Dissolvite
1876 2706 1982 2755 me,
2041 2702 2094 2745 et

528 2782 707 2836 triduo
740 2794 1036 2848 resurgam.
1071 2778 1224 2833 Nunc
1251 2794 1380 2833 vero
1411 2794 1532 2832 cum
1561 2779 1777 2844 doceat,
1808 2788 1861 2834 et
1911 2782 2092 2850 templi

525 2871 669 2927 illius
686 2872 1153 2932 mortalitatcm,et
1167 2870 1518 2925 inhabitantis
1532 2869 1756 2925 Deitatis
1773 2873 2091 2940 potentiam,

528 2981 551 3017 ι
592 2964 817 3028 Solvite,
852 2963 1051 3029 inquit,
1074 2961 1330 3031 templum
1369 2962 1491 3025 hoc,
1519 2969 1572 3015 et
1605 2976 1703 3031 ego
1741 2963 1917 3017 triduo
1944 2962 2093 3016 exci-

526 3056 650 3110 tabo
677 3055 823 3108 illud.
865 3073 882 3104 ι
929 3053 1043 3105 Non
1070 3054 1213 3106 enim
1247 3066 1369 3119 ego,
1400 3052 1512 3116 ait,
1549 3067 1577 3105 τι
1610 3052 1762 3106 vobis
1796 3054 2083 3121 dissolvar,

521 3147 615 3201 sed
646 3154 976 3209 assumptum
1012 3160 1042 3197 a
1071 3158 1157 3197 me
1190 3144 1485 3213 templum;
1541 3153 1594 3198 et
1622 3146 1726 3199 hoc
1757 3146 1970 3213 quidem
2006 3148 2087 3217 ip-

2202 1967 2380 2037 ψυχῆς
2418 1969 2710 2039 ἐργάζεται
2742 1972 3053 2041 χωρισμὸς’
3105 1975 3153 2024 εί
3182 1966 3359 2025 τοίνυν
3403 1972 3642 2025 Ἰουδαῖοι
3686 1973 3774 2025 τὸν

2204 2058 2331 2110 ναὸν
2380 2059 2575 2111 ἔλυσαν
2616 2062 2837 2130 σταυρῷ
2886 2063 2979 2114 καὶ
3029 2061 3243 2131 θανάτῳ
3299 2062 3772 2131 παραδεδωκότες,

2203 2148 2357 2212 λύσις
2381 2150 2435 2201 δὲ
2468 2150 2596 2203 ναοῦ
2620 2151 2728 2203 τῶν
2750 2151 3113 2222 συνημμένων
3145 2154 3171 2204 6
3199 2152 3496 2222 χωρισμὸς,
3520 2154 3547 2204 6
3568 2152 3622 2205 δὲ
3646 2153 3775 2215 Θεὸς

2202 2240 2375 2305 Λόγος
2409 2240 2594 2292 τοῦτον
2643 2241 2873 2294 λυθέντα
2929 2244 3216 2312 ἀνέστησε,
3264 2244 3432 2312 σαφὲς
3460 2239 3615 2313 οἶμαι
3664 2244 3773 2308 τοῖς

2201 2330 2487 2397 ἔμφροσιν,
2525 2331 2600 2392 ὡς
2634 2332 2733 2383 οὐκ
2781 2333 2985 2401 ἄψυχον
3019 2334 3139 2385 οὐδὲ
3165 2335 3354 2397 ἄνουν,
3403 2333 3537 2386 ἀλλά
3570 2334 3773 2388 τέλειον

2198 2415 2487 2486 ἄνθρωπον
2521 2422 2547 2471 6
2577 2420 2710 2483 Θεὸς
2751 2420 3042 2474 ἀνελάϐετο
3066 2424 3238 2490 Λόγος
3262 2443 3275 2456 θ
3311 2427 3359 2476 εί
3394 2426 3499 2495 γάρ
3528 2425 3650 2477 ἀντὶ
3676 2426 3772 2495 τῆς

2196 2507 2462 2560 ἀθανάτου
2490 2509 2687 2579 ψυχῆς,
2714 2513 2769 2563 ἐν
2799 2510 2875 2581 τῷ
2908 2512 3271 2582 ἀναληφθέντι
3310 2516 3523 2585 σώματι
3554 2517 3770 2584 γέγονεν

2196 2597 2222 2647 6
2266 2598 2397 2658 Θεὸς
2421 2600 2611 2668 Λόγος,
2645 2596 2797 2653 εἶπεν
2830 2603 2893 2656 ἂν
2935 2606 3047 2664 τοῖς
3090 2604 3389 2669 Ἰουδαίοις·
3432 2608 3645 2659 Λύσατέ
3680 2625 3768 2673 με,

2204 2689 2298 2741 καὶ
2338 2691 2395 2741 ἐν
2449 2692 2624 2759 τρισὶν
2670 2693 2907 2762 ἡμέραις
2942 2695 3352 2767 ἀναστήσομαι·
3413 2698 3505 2749 νῦν
3532 2698 3589 2751 δὲ
3626 2699 3765 2752 διδά-

2199 2793 2365 2839 σκων,
2398 2778 2490 2829 καὶ
2525 2777 2617 2829 τοῦ
2659 2780 2787 2833 ναοῦ
2822 2782 2883 2834 τὸ
2910 2782 3207 2850 τηνικαῦτα
3237 2787 3297 2836 τὸ
3341 2785 3551 2854 θνητὸν,
3583 2787 3679 2838 καὶ
3709 2786 3767 2839 τὸ

2194 2865 2417 2919 δυνατὸν
2449 2867 2547 2936 τῆς
2582 2868 2897 2940 ἐνοικούσης
2943 2871 3229 2941 Θεότητος,
3283 2892 3301 2923 ι
3346 2874 3580 2938 Λύσατε,
3614 2875 3762 2944 φησὶ,

2192 2956 2284 3008 τὸν
2311 2956 2435 3008 ναὸν
2478 2956 2698 3021 τοῦτον,
2748 2962 2840 3012 καὶ
2873 2963 2930 3013 ἐν
2974 2963 3150 3031 τρισὶν
3193 2962 3428 3033 ἡμέραις
3462 2964 3641 3035 ἐγερῶ
3668 2966 3761 3017 αύ-

2191 3047 2312 3100 τόν·
2347 3068 2365 3098 ι
2394 3051 2456 3103 οὐ
2488 3051 2597 3121 γάρ
2634 3052 2763 3119 ἐγὼ,
2782 3055 2967 3122 φησὶν,
2997 3054 3087 3123 ὑφ’
3118 3055 3271 3125 ὑμῶν
3298 3057 3621 3126 λυθήσομαι,
3652 3058 3763 3111 ἀλλ’

2190 3139 2217 3188 6
2247 3137 2476 3207 ληφθεὶς
2512 3142 2604 3194 ὑπ’
2654 3143 2789 3212 ἐμοῦ
2831 3146 2989 3207 ναός·
3022 3146 3117 3198 καί⁵
3150 3139 3303 3211 οὗτος
3333 3146 3388 3201 δέ
3432 3148 3642 3213 λύεται,
3678 3150 3761 3203 ἴνα

520 3252 639 3293 smn
671 3237 743 3290 ita
770 3236 1083 3290 dissolvitur
1114 3273 1128 3297 ,
1163 3244 1221 3289 ut
1254 3235 1477 3289 meliore
1512 3238 1909 3291 resurrectione
1937 3250 2084 3307 post-

2189 3228 2499 3296 κρείττονος
2541 3232 2894 3298 ἀναστάσεως
2948 3236 3253 3308 ἀπολαύσῃ,
3306 3238 3392 3290 ἵνα
3429 3238 3527 3309 τὴν
3561 3239 3760 3312 θνητὴν

519 3344 581 3383 ea
622 3328 853 3393 fruatur,
887 3335 942 3380 ut
969 3324 1254 3380 mortalem
1286 3326 1522 3392 deponat
1557 3337 1831 3391 naturam,
1870 3338 1927 3380 ut
1962 3344 2083 3382 cor-

520 3420 821 3489 ruptionem
850 3426 1013 3470 exuat
1041 3423 1097 3469 et
1130 3416 1314 3469 induat
1341 3417 1823 3485 incorruptionem,
1862 3420 2082 3489 829m

518 3518 575 3561 ut
607 3508 798 3560 mortis
830 3504 1117 3574 imperium
1180 3506 1445 3567 destruat,
1474 3513 1531 3556 ut
1578 3505 1671 3557 liat
1703 3506 2083 3563 dormientium

516 3598 805 3666 primitiae,
872 3606 928 3649 ut
977 3594 1347 3661 corruptionis
1396 3594 1674 3650 doloribus
1739 3598 1931 3653 solutis
1976 3615 2078 3667 ap-

516 3698 701 3754 pareat
724 3695 1055 3741 mortuorum
1086 3686 1497 3753 primogenitus,
1556 3696 1609 3740 et
1646 3692 1861 3757 propria
1902 3706 2082 3744 resur-

514 3778 755 3833 rectione
808 3777 1044 3833 omnium
1109 3777 1385 3831 hominum
1442 3780 1893 3835 resurrectionem
1950 3797 2077 3850 por-

514 3870 717 3926 tendat.

511 4004 653 4060 XIX.
693 4007 1075 4061 Demonstratio
1109 4044 1123 4068 ,
1180 4007 1321 4072 quod
1368 4007 1601 4059 animam
1671 4006 2078 4062 intellectualem

896 4075 1037 4129 Deus
1080 4075 1297 4130 Verbum
1328 4078 1685 4143 assumpserit.

584 4186 736 4254 Quod
791 4197 970 4241 autem
1019 4186 1135 4240 haec
1164 4188 1238 4240 ita
1272 4199 1330 4241 se
1367 4185 1619 4250 habeant,
1663 4197 1892 4242 testatur
1944 4204 2077 4260 apo-

509 4278 769 4333 stolorum
800 4277 1050 4348 princeps
1077 4278 1129 4330 in
1152 4276 1376 4331 Actibus
1399 4277 1715 4343 dicens,non
1742 4279 1905 4336 fuisse
1922 4282 2076 4337 dere-

507 4371 687 4425 lictam
715 4371 950 4424 animam
984 4367 1103 4439 ejus
1132 4369 1184 4423 in
1218 4369 1452 4431 inferno,
1484 4385 1658 4440 neque
1693 4386 1911 4427 carnem
1956 4375 2073 4442 ejus

507 4462 709 4515 vidisse
751 4459 1153 4529 corruptionem
1186 4458 1257 4513 '°.
1340 4458 1547 4528 Templi
1581 4473 1711 4530 ergo
1764 4461 1960 4517 solutio
1988 4472 2071 4517 est

2186 3318 2456 3388 ἀπόθηται
2489 3322 2673 3391 φύσιν,
2710 3324 2796 3377 ἴνα
2821 3326 2919 3395 τὴν
2948 3327 3157 3397 φθοράν
3190 3329 3523 3399 ἀποδύσηται
3552 3335 3647 3385 καὶ
3667 3334 3760 3404 τὴν

2185 3408 2497 3479 ἀφθαρσίαν
2535 3414 2846 3484 ἐνδύσηται,
2871 3418 2958 3469 ἵνα
2991 3418 3085 3471 τοῦ
3126 3419 3358 3473 θανάτου
3390 3422 3668 3495 καταλύσῃ
3696 3424 3760 3490 ,τὸ

2185 3500 2407 3568 κράτος,
2444 3502 2531 3555 ἵνα
2555 3503 2660 3555 τῶν
2695 3508 3111 3577 κεκοιμημένων
3132 3512 3359 3581 ἀπαρχὴ
3389 3513 3637 3584 γένηται,
3673 3517 3757 3570 ἵνα

2184 3587 2351 3653 λύσας
2380 3592 2481 3662 τῆς
2505 3594 2709 3665 φθορᾶς
2738 3598 2835 3661 τάς
2871 3599 3066 3663 ὠδῖνας
3096 3601 3384 3674 ἀναδειχθῇ
3409 3606 3517 3657 τῶν
3547 3608 3755 3677 νεκρῶν

2184 3680 2549 3748 πρωτότοκος,
2580 3684 2673 3737 καὶ
2701 3686 2787 3739 διά
2820 3689 2919 3757 τῆς
2946 3691 3152 3755 οίκεῐας
3192 3694 3542 3761 ἀναστάσεως
3595 3699 3753 3767 εὐαγ-

2180 3769 2461 3842 γελίσηται
2491 3774 2592 3840 τὴν
2618 3776 2835 3831 πάντων
2865 3780 3167 3851 ἀνθρώπων
3192 3785 3503 3840 ἀνάστασιν.

2181 4017 2279 4069 ΙΘ’.
2326 4018 2651 4084 Ἀπόδειξις
2693 4021 2781 4075 ὅτι
2822 4025 3282 4149 γοερὰν
3310 4036 3343 4085 ὁ
3379 4032 3522 4100 Θεὸς
3557 4038 3748 4108 Λόγος

2921 4111 3081 4149 αδεν.

2248 4199 2368 4251 Ὅτι
2396 4200 2451 4252 δὲ
2479 4201 2651 4255 ταῦτα
2690 4204 2863 4270 οὕτως
2893 4207 3029 4278 ἔχει,
3073 4215 3344 4282 μαρτυρεί
3371 4214 3477 4267 τῶν
3508 4217 3746 4274 ἀποστό-

2174 4290 2279 4341 λων
2308 4291 2336 4343 ό
2380 4297 2676 4363 κορυφαῖος
2715 4297 2775 4350 ἐν
2811 4300 2934 4362 ταῖς
2979 4300 3215 4371 Πράξεσι
3247 4304 3493 4374 -λέγων,
3529 4309 3612 4363 ὅτι
3650 4315 3747 4367 οὐκ

2175 4382 2627 4477 ἐκγατελείφθηή
2665 4386 2811 4457 ψυχὴ
2848 4389 3013 4443 αὑτοῦ
3046 4393 3125 4455 είς
3172 4393 3319 4464 ᾅδου,
3367 4398 3489 4452 ούδέ
3538 4404 3570 4472 ἡ
3611 4404 3747 4477 σάρξ

2172 4473 2335 4525 αὐτοῦ
2380 4470 2487 4527 οἶδε
2540 4476 2855 4549 διαφθοράν.
2905 4481 3071 4546 Λύσις
3118 4488 3403 4558 τοιγαροῦν
3447 4470 3742 4562 τοῦήναονῦ,

502 4556 697 4608 animae
735 4568 763 4605 a
798 4566 1023 4621 corpore
1051 4551 1322 4620 separatio
1357 4566 1372 4616 ;
1420 4552 1771 4622 vicissimque
1819 4568 2065 4610 resurre-

2189 4562 2349 4634 Ιίυχῆς
2379 4568 2473 4619 καὶ
2500 4567 2752 4639 σώματος
2773 4576 3084 4644 χωρισμός·
3112 4551 3393 4635 καὶ-πάλιν
3424 4551 3739 4655 ἀνάστασις,

499 4646 607 4700 ctio
637 4655 721 4699 est
751 4645 816 4697 ad
856 4643 1128 4713 propriam
1174 4657 1396 4697 carnem
1437 4644 1662 4700 reditus.
1718 4645 1777 4700 Si
1811 4660 1971 4717 ergo,
2015 4657 2071 4704 ut

499 4736 768 4791 haereseos
819 4734 1155 4804 antesignani
1214 4736 1387 4796 aiunt,
1445 4736 1657 4791 animas
1710 4736 1846 4791 duas
1896 4754 2067 4794 unus-

496 4829 725 4897 quisque
756 4827 917 4881 bomo
951 4826 1106 4881 habet
1128 4867 1143 4892 ,
1166 4826 1382 4881 vitalem
1410 4826 1685 4882 scilicetet
1721 4829 2060 4896 rationalem,

494 4928 549 4970 et
580 4932 648 4971 ne
675 4932 802 4971 caro
828 4916 1042 4985 quidem
1068 4916 1273 4986 absque
1298 4916 1446 4971 vitali
1482 4919 1662 4971 anima
1699 4919 1925 4989 cogitari
1961 4936 2057 4975 un-

494 5020 654 5075 quam
671 5014 844 5074 potest
865 5022 880 5072 ;
905 5021 1027 5058 nam
1045 5019 1258 5073 corpus,
1279 5019 1383 5059 non
1408 5020 1556 5070 caro,
1586 5007 1783 5075 inquit,
1806 5010 1948 5077 quod
1977 5019 2061 5064 est

494 5098 819 5168 huiusmodi,
852 5096 1151 5166 appellatur
1176 5112 1192 5162 ;
1217 5098 1326 5152 etsi
1366 5097 1563 5152 Petrus
1595 5099 1691 5165 ait,
1727 5116 1830 5154 non
1857 5115 2057 5172 corpus

492 5186 729 5251 Domini,
764 5186 857 5241 sed
911 5184 1120 5239 Domini
1174 5200 1395 5240 carnem
1442 5186 1584 5240 haud
1630 5188 1833 5244 vidisse
1874 5204 2057 5246 corru-

489 5278 749 5345 ptionem,
783 5291 955 5346 neque
985 5278 1220 5331 animam
1252 5278 1368 5347 ejus
1391 5280 1440 5331 in
1466 5279 1677 5334 inferno
1701 5280 2014 5337 derelictam
2037 5329 2050 5352 ,

488 5381 619 5421 sane
648 5377 860 5423 constat
888 5370 1103 5424 vitalem
1129 5368 1312 5440 (quam
1358 5372 1629 5439 quomodo
1675 5384 1923 5431 astruant
1959 5393 2055 5433 ne-

487 5456 620 5526 scio)
661 5458 939 5513 exstitisse
978 5460 1030 5513 in
1092 5474 1257 5514 carne
1298 5471 1550 5530 corrupta
1606 5464 1844 5520 animam
1871 5506 1886 5531 ,
1933 5468 2053 5524 sine

487 5563 587 5613 qua
621 5562 687 5602 ne
717 5563 846 5603 caro
882 5551 1122 5619 quidem,
1184 5560 1242 5604 ut
1286 5552 1457 5619 aiunt,
1511 5555 1894 5623 appellaretur.
1947 5560 2049 5614 lm-

553 5716 597 5748 "
639 5719 790 5777 Joan.
825 5740 863 5789 I,
898 5726 983 5782 Η.
1057 5726 1099 5759 ⁸⁷³
1129 5726 1285 5783 Joan.
1324 5744 1382 5793 ιι,
1415 5728 1497 5785 19.
1580 5732 1624 5763 ⁵ο
1652 5733 1774 5789 Act.
1807 5750 1863 5803 ιι,
1897 5736 1987 5791 27.

2172 4655 2310 4726 πρὸς
2341 4656 2439 4725 τὴν
2470 4657 2646 4728 σάρκα
2675 4660 2772 4732 τὴν
2801 4664 3011 4717 οἰκείαν
3039 4667 3295 4732 ἐπάνοδος
3315 4688 3329 4702 ο
3367 4674 3416 4725 εί
3436 4674 3642 4743 τοίνυν,
3666 4678 3743 4744 ὥς

2165 4762 2327 4817 φασιν
2347 4747 2396 4798 οἱ
2428 4748 2527 4816 τῆς
2552 4750 2818 4821 αἱρέσεως
2844 4756 3167 4823 προστάται,
3198 4757 3377 4829 ψυχὰς
3403 4762 3496 4816 δύο
3517 4750 3742 4821 τῶνάν-

2162 4835 2395 4928 θρώπων
2433 4838 2664 4905 ἕκαστος
2690 4842 2824 4914 ἔχει,
2850 4846 2951 4915 τήν
2978 4862 3037 4899 τε
3070 4845 3329 4923 ζωτικὴν,
3362 4856 3454 4909 καὶ
3474 4856 3574 4928 τὴν
3603 4857 3743 4928 λογι-

2166 4926 2290 5021 κὴν,
2319 4929 2412 5021 καὶ
2454 4931 2591 5003 σὰρξ
2622 4933 2750 4988 ἄνευ
2786 4935 2963 5006 ψυχῆς
3000 4939 3100 4993 οὐκ
3126 4940 3190 4994 ἄν
3225 4960 3353 4998 ποτε
3394 4926 3612 5021 νοηθείη
3640 4926 3740 5020 si};

2167 5017 2403 5089 ζωτικῆς
2459 5022 2644 5094 (σῶμα
2670 5026 2800 5097 γάρ,
2828 5028 2944 5081 ἀλλ’
2973 5031 3033 5083 οὐ
3067 5030 3223 5103 σὰρξ,
3244 5035 3395 5105 φησὶ,
3414 5017 3481 5090 τὸν
3497 5017 3739 5094 τοιοῦτον

2165 5112 2678 5187 προσαγορεύεται)·
2698 5118 2907 5191 Πέτρος
2932 5120 2987 5175 δὲ
3013 5122 3136 5195 ἐφη,
3163 5126 3225 5178 οὐ
3248 5127 3309 5179 τὸ
3332 5126 3487 5198 σῶμα
3506 5129 3603 5184 τοῦ
3626 5133 3709 5187 Κυ
3728 5162 3740 5173 -

2168 5201 2305 5292 ρίου,
2343 5202 2477 5256 ἀλλά
2509 5206 2608 5276 τὴν
2646 5208 2827 5281 σάρκα
2857 5212 2953 5266 τοῦ
2992 5215 3303 5289 Κυρίου,μὴ
3350 5219 3475 5272 ἰδεῖν
3513 5219 3735 5292 διαφθο-

2164 5290 2286 5381 ράν,
2330 5292 2425 5345 καὶ
2453 5294 2551 5365 την
2586 5297 2764 5371 ψυχὴν
2807 5305 2971 5359 αὑτοῦ
3023 5305 3097 5377 μὴ
3126 5290 3627 5381 ἐγκαταλειφθῆναι
3654 5317 3733 5378 είς

2348 5382 2569 5454 εὔδηλον
2599 5390 2674 5453 ὡς
2706 5393 2805 5463 τὴν
2829 5396 2924 5465 μὲν
2957 5394 3214 5468 ζωτικὴν,
3253 5400 3319 5471 ἣν
3342 5378 3442 5454 οὐκ
3469 5378 3730 5468 οἶδ’ὂπως

2160 5468 2428 5538 λέγουσιν,
2455 5470 2653 5550 εἶχενή
2688 5481 3048 5555 διαφθαρεῖσα
3086 5487 3241 5559 σὰρξ,
3276 5468 3353 5560 *ἧς
3378 5491 3506 5544 ἄνευ
3533 5494 3632 5546 οὐκ
3661 5494 3727 5548 ἂν

2158 5566 2648 5639 προσαγορευθείη,
2683 5571 2756 5636 ὥς
2786 5591 2940 5643 φασι,
2975 5578 3139 5649 σάρξ·
3175 5581 3207 5651 ἡ
3253 5581 3309 5635 δὲ
3345 5581 3613 5651 ἀθάνατος
3638 5589 3725 5640 καὶ
