4058 6328
300 453 441 510 ηδε

1474 441 1562 497 DE
1604 440 1753 507 INCA
1767 436 2120 495 RXATIONE
2161 436 2415 493 DOMINI.

3452 443 3471 495 i
3485 442 3591 497 434

310 569 505 641 λογικὴ
545 566 641 622 καὶ⁸
673 566 766 619 τοῦ
798 563 937 629 ζώου
985 564 1080 632 τὴν
1117 561 1410 634 ἡγεμονίαν
1457 559 1868 629 πεπιστευμένη

1999 554 2247 610 mortalis
2273 563 2453 610 autem
2496 561 2550 610 et
2596 555 2903 623 rationalis,
2962 556 3051 611 cui
3098 558 3394 613 animantis
3446 562 3591 629 regi-

296 664 362 717 οὐ
395 660 722 730 κατελείφθη
749 660 828 720 είς
850 656 998 727 ᾅδου,
1024 656 1157 709 ἀλλὰ
1180 655 1313 726 πρὸς
1348 654 1447 725 τὴν
1474 654 1682 706 οἰκείαν
1718 656 1887 705 ἐπαν-

296 756 405 825 ῆκε
470 754 683 823 σάρκα·
748 751 842 801 καὶ
903 750 1077 817 μάτην
1130 744 1543 817 άδολεσχοῦσιν,
1602 744 1807 813 ἄψυχον
1850 744 1883 812 ἢ

296 847 462 900 ἄνουν
492 842 586 897 τοῦ
633 838 771 893 Θεοῦ
820 839 995 906 Λόγου
1032 838 1122 891 τὸν
1166 838 1291 890 ναὸν
1356 835 1882 908 προσαγορεύοντες.

307 937 502 1005 Ἡμεῖς
524 932 581 985 δὲ
613 932 805 1001 Πέτρῳ
834 929 1100 999 ἑψόμεθα,
1125 930 1219 981 καὶ
1243 929 1421 999 σάρκα
1451 928 1774 997 κηρύττοντι
1807 926 1883 998 μὴ

294 1025 596 1093 δεξαμένην
622 1022 941 1092 διαφθορὰν,
979 1020 1071 1072 καὶ
1109 1020 1287 1089 ψυχὴν
1322 1020 1395 1090 μὴ
1426 1018 1884 1089 καταλειφθεῖσαν

296 1118 376 1179 εἰς
406 1116 549 1184 ᾅδου,
594 1114 708 1167 ἀλλ’
742 1112 1145 1168 ἐπανελθοῦσαν
1177 1114 1269 1165 καὶ
1313 1113 1390 1182 τῷ
1443 1112 1627 1181 οἰκείῳ
1668 1111 1882 1181 σώματι

300 1205 698 1273 σ·δναφθεῖσαν’
729 1202 1056 1272 πιστεύομεν
1084 1202 1140 1254 δὲ
1172 1203 1265 1256 καὶ
1300 1201 1449 1271 αὐτῷ
1474 1202 1551 1272 τῷ
1572 1202 1762 1273 Κυρίῳ
1797 1201 1883 1255 λέ-

300 1313 478 1363 γοντγ
516 1315 534 1345 ι
561 1293 864 1365 Περίλυπός
887 1296 1034 1346 ἐστιν
1062 1295 1093 1363 ἡ
1129 1292 1274 1362 ψυχή
1312 1310 1413 1362 μου
1441 1293 1542 1356 ἓως
1567 1292 1818 1348 θανάτου.
1856 1313 1876 1347 ι

299 1387 414 1456 Τῆς
440 1386 549 1456 γὰρ
578 1386 755 1454 λύπης
778 1384 875 1453 τὴν
897 1384 1146 1453 αἴσθησιν
1174 1384 1234 1435 τὸ
1264 1386 1321 1436 ὲν
1346 1386 1480 1454 ἡμῖν
1509 1386 1722 1452 λογικὸν
1744 1385 1879 1437 ὑπο-

298 1476 545 1546 δέχεται·
582 1478 629 1527 εί
682 1474 738 1525 δὲ
781 1476 901 1528 ἀντὶ
940 1474 1043 1525 νοῦ·
1068 1475 1096 1525 6
1128 1474 1259 1537 Θεὸς
1302 1476 1472 1543 Λόγος
1505 1476 1789 1546 ὑπάρχων,
1812 1477 1881 1529 τὰ

296 1566 392 1619 τοῦ
425 1565 515 1618 νοῦ
550 1564 871 1634 κατεδέχετο
908 1563 1075 1633 πάθη,
1112 1564 1275 1626 αὐτὸς
1312 1560 1380 1634 ἦν
1409 1568 1436 1618 6
1465 1565 1747 1635 λυπηθεὶς,
1787 1568 1880 1619 καὶ

298 1656 577 1725 φοϐηθεὶς,
618 1655 711 1707 καὶ¹
752 1656 1049 1724 ἀγνοήσας,
1076 1656 1169 1707 καὶ
1219 1656 1550 1721 ἀγωνιάσας,
1587 1658 1680 1708 καὶ
1709 1658 1878 1725 ἀγγε-

292 1750 421 1817 λικῇ
446 1746 733 1816 συμμαχίᾳ
764 1745 1023 1815 ῥωσθείς·
1055 1750 1104 1798 εί
1136 1746 1192 1798 δὲ
1219 1746 1508 1801 καὶταῦτα
1537 1751 1799 1818 φήσουσιν
1829 1748 1877 1801 οἱ

294 1838 394 1905 τῆς
440 1835 817 1905 Ἀπολιναρίου
880 1834 1267 1904 ματαιολογίας
1315 1836 1684 1905 κληρονόμοι,
1739 1838 1878 1905 μετὰ

1992 662 2117 702 men
2174 657 2261 703 est
2316 647 2692 712 commissum,
2746 662 2852 702 non
2909 659 2987 703 est
3038 649 3090 704 in
3154 650 3367 706 inferno
3424 653 3591 707 dere-

1991 740 2148 801 licta.
2198 740 2296 796 sed
2349 740 2417 795 ad
2453 756 2607 795 suam
2644 741 2809 797 rediit
2856 758 3077 798 carnem
3116 764 3128 799 :
3166 744 3398 814 ideoque
3468 746 3587 800 fru-

1994 840 2107 885 stra
2139 840 2414 901 nuganlur
2455 831 2531 896 bi,
2581 832 2672 900 qui
2729 832 2971 889 inauime
3015 842 3071 889 et
3110 835 3338 890 rationis
3389 851 3591 905 expers

1989 925 2157 980 fuisse
2182 926 2372 979 dicunt
2404 923 2498 979 Dei
2536 925 2696 981 Verbi
2735 927 3022 996 templum.
3067 926 3177 983 Nos
3206 940 3389 983 autem
3422 929 3588 984 Petro

1988 1018 2356 1072 assentiemur
2414 1017 2510 1086 qui
2555 1030 2609 1073 et
2654 1033 2876 1073 carnem
2922 1020 3182 1086 praedicat
3236 1022 3590 1089 corruptione

1987 1120 2288 1178 expertem,
2321 1116 2376 1163 et
2410 1109 2652 1163 animam
2700 1110 2752 1164 in
2802 1111 3019 1165 inferno
3068 1127 3179 1166 non
3237 1113 3585 1181 derelictum,

1986 1201 2080 1255 sed
2116 1201 2368 1255 reducem
2400 1210 2565 1271 atque
2606 1201 2673 1255 ad
2731 1216 2934 1270 corpus
2984 1218 3145 1257 suum
3204 1204 3584 1260 recollectam.

1986 1292 2275 1347 Credimus
2313 1294 2477 1348 etiam
2510 1294 2741 1348 Domino
2774 1295 2875 1363 ipsi
2924 1295 3129 1350 dicenti
3165 1313 3178 1349 :
3220 1317 3239 1348 ι
3274 1297 3473 1353 Tristis
3504 1310 3588 1355 est

1987 1385 2166 1438 anima
2216 1398 2335 1439 mea
2378 1399 2552 1455 usque
2592 1386 2657 1439 ad
2703 1396 2931 1441 mortem
2979 1388 3062 1454 ";
3114 1408 3132 1440 ι
3178 1405 3303 1443 nam
3347 1391 3586 1447 tristitia

1984 1491 2203 1530 sensum
2238 1491 2362 1544 pars
2414 1488 2601 1531 nostra
2652 1478 2939 1533 rationalis
2968 1480 3194 1551 excipit.
3246 1481 3401 1548 Quod
3448 1484 3582 1538 siin

1986 1568 2187 1622 mentis
2232 1568 2350 1622 loco
2400 1567 2541 1623 Dens
2588 1567 2828 1623 Verbum
2873 1573 3181 1637 eXsistens,
3230 1576 3429 1631 mentis
3460 1590 3584 1643 pas-

1984 1658 2165 1713 siones
2185 1660 2522 1728 excipiebat,
2550 1661 2739 1731 utique
2768 1663 2940 1729 ipsum
2970 1662 3205 1719 Verbum
3232 1666 3580 1731 tristabatur,

1985 1749 2281 1814 metuebat,
2321 1751 2633 1820 ignorabat,
2670 1753 2999 1823 agonizabat
3028 1795 3041 1819 ,
3086 1766 3139 1811 et
3185 1758 3432 1827 angelica
3477 1774 3582 1826 ope

1983 1839 2413 1895 conlortabatur.
2446 1840 2565 1896 Jam
2614 1843 2659 1897 si
2687 1849 2800 1900 haec
2826 1862 3044 1916 quoque
3077 1850 3259 1903 dicant
3298 1851 3582 1920 Apollina-

308 1927 521 1997 Ἀρείου
544 1928 638 1980 καὶ
664 1926 929 1995 Εὐνομίω
954 1926 1059 1978 τῶν
1084 1928 1463 1997 χριστομάχων
1485 1928 1869 1997 ταχθήτωσαν·

1988 1932 2149 1986 rianze
2178 1935 2422 1988 stultitia:
2462 1936 2725 2003 haeredes,
2749 1938 2781 1991 ii
2812 1941 3057 2006 profecto
3082 1957 3204 1995 cum
3251 1941 3455 1998 Christi
3485 1946 3582 1999 ho-

294 2013 370 2071 ὧν
405 2019 512 2088 γὰρ
566 2020 654 2085 ῐση
711 2019 743 2086 ἡ
800 2016 1138 2086 βλασφημία,
1170 2016 1374 2070 τούτων
1411 2018 1541 2088 μίαν
1590 2014 1729 2071 εἶναι
1779 2019 1876 2088 τὴν

297 2110 540 2180 ἑταιρίαν
567 2109 777 2161 δίκαιον
802 2108 880 2178 (Ι)
899 2124 912 2139 ·
940 2110 1103 2178 ἡμεῖς
1122 2108 1177 2160 δὲ
1202 2108 1528 2178 ἀκούσωμεν
1547 2109 1642 2163 τοῦ
1668 2111 1875 2179 Κυρίου

296 2203 549 2267 λέγοντος
568 2217 582 2233 ’
612 2220 629 2252 ‹
668 2200 948 2264 Ἐξουσίαν
976 2200 1083 2269 ἔχω
1107 2200 1277 2253 θεῖναι
1305 2201 1400 2271 τὴν
1423 2203 1600 2273 ψυχήν
1631 2220 1755 2273 μου,
1784 2204 1879 2257 καὶ

294 2292 545 2359 ἐξουσίαν
574 2292 681 2362 ἔχω
705 2291 866 2345 πάλιν
891 2292 1075 2345 λαϐεῖν
1101 2294 1273 2363 αὐτήν
1297 2310 1310 2323 ·
1341 2293 1512 2356 οὐδεὶς
1540 2294 1683 2364 αἴρει
1710 2295 1877 2365 αὐτὴν

294 2384 389 2436 ἀπ’
413 2381 567 2451 ἐμοῦ.
596 2400 615 2434 ι
657 2383 752 2434 Ἐκ
781 2383 889 2453 γὰρ
917 2383 1025 2436 τῶν
1056 2384 1230 2450 λόγων
1254 2384 1459 2437 τούτων
1489 2384 1871 2455 μαθησόμεθα,

291 2476 368 2537 ὡς
405 2476 592 2546 ἕτερος
620 2475 717 2544 μὲν
747 2475 775 2527 6
804 2475 998 2538 τιθεὶς,
1034 2476 1222 2548 ἕτερον
1244 2476 1301 2529 δὲ
1338 2477 1398 2530 τὸ
1432 2477 1715 2548 τιθέμενον
1736 2496 1749 2509 ·
1782 2481 1874 2533 καὶ

293 2566 426 2629 Θεὸς
460 2567 556 2636 μὲν
586 2568 611 2619 6
634 2566 804 2630 τιθεὶς
832 2568 925 2619 καὶ
945 2567 1255 2636 λαμϐάνων,
1283 2567 1429 2639 ψυχὴ
1459 2568 1514 2621 δὲ
1549 2572 1581 2639 η
1614 2569 1873 2641 τιθεμένη

291 2659 386 2709 καὶ
415 2656 835 2726 λαμϐανομένη·
870 2659 962 2710 καὶ
987 2656 1118 2721 Θεὸς
1154 2659 1251 2728 μὲν
1282 2660 1380 2729 τὴν
1415 2659 1665 2725 ἐξουσίαν
1710 2662 1866 2731 ἔχων,

288 2747 434 2819 ψυχὴ
461 2748 519 2802 δὲ
552 2750 585 2820 η
614 2747 720 2801 ὑπὸ
744 2748 841 2819 τὴν
865 2748 1111 2814 ἐξουσίαν
1140 2750 1358 2821 ἐκείνην
1395 2752 1725 2823 τεταγμένη.

288 3033 373 3087 K'.
414 3034 542 3086 "Ott
578 3036 631 3087 οἱ
668 3033 965 3114 προφῆςαι
1000 3038 1383 3114 τελείωςτὴν
1420 3044 1611 3111 φύσιν
1642 3045 1867 3114 ἀναλη-

774 3105 995 3173 φθῆναι
1034 3105 1402 3169 θεσπίζουσι.

361 3209 585 3274 Τούτοις
621 3215 832 3283 συνῳδὰ
870 3218 963 3269 καὶ
992 3218 1217 3281 Ἡσαΐας
1246 3223 1273 3272 6
1301 3226 1588 3297 προφήτης
1620 3227 1865 3291 θεσπίζει
1894 3241 1936 3297 α

289 3301 427 3369 βοῶν
443 3318 455 3331 ’
470 3322 487 3352 ι
512 3303 690 3373 Ἰδοὺὴ
720 3306 983 3375 παρθένος
1000 3309 1056 3359 ὲν
1068 3312 1265 3380 γαστρὶ
1286 3312 1534 3382 λήψεται,
1552 3318 1643 3369 καὶ
1656 3318 1867 3384 τέξεται

286 3394 528 3455 υίὸν,κα“ι
575 3395 865 3449 καλέσουσι
894 3399 952 3450 τὸ
986 3399 1154 3470 ὄνομα
1184 3404 1350 3456 αὑτοῦ
1393 3407 1760 3480 Ἐμμανουὴλ,
1791 3431 1807 3461 ι
1840 3412 1867 3463 ὃ

285 3488 400 3538 ὲστι
430 3486 992 3560 μεθερμηνευόμενον,
1022 3493 1161 3546 κατὰ
1187 3496 1285 3566 τὴν
1301 3497 1408 3549 τῶν
1427 3498 1771 3569 Εὑαγγεὶίων
1792 3504 1869 3556 διο

283 3576 743 3639 δασκαλίαν,Μεθ’
762 3581 915 3648 ήμῶν
939 3584 965 3632 6
987 3583 1137 3645 Θεός·
1155 3586 1214 3637 τὸ
1236 3586 1312 3651 δὲ,
1338 3588 1469 3641 Μεθ’
1486 3591 1643 3660 ἡμῶν
1661 3595 1687 3645 6
1710 3593 1863 3658 Θεὸς,

286 3672 425 3738 μετὰ
444 3670 746 3740 ἀνθρώπων
762 3674 1051 3742 ἑρμηνεύει
1066 3676 1213 3729 Θεον-
1232 3682 1470 3734 εἰτοίνυν
1487 3684 1544 3735 τὸ
1563 3687 1750 3755 κύημα
1766 3686 1866 3755 τῆς

285 3762 564 3833 Παρθένου
596 3762 803 3833 ταύτην
847 3766 1007 3819 ἔλαϐε
1055 3769 1153 3840 τὴν
1197 3775 1567 3845 προσηγορίαν
1594 3819 1606 3841 ,
1643 3777 1863 3847 εὔδηλον

284 3852 359 3916 ὡς
381 3855 407 3905 6
437 3853 566 3916 Θεὸς
590 3854 725 3923 ὁμοῦ
756 3856 848 3907 καὶ
872 3857 1159 3929 ἄνθρωπος
1200 3858 1266 3932 ἦν
1295 3881 1307 3894 ·
1350 3866 1410 3917 τὸ
1445 3866 1544 3935 μὲν
1575 3867 1859 3939 ὑπάρχων,

281 3943 341 3997 τὸ
364 3945 418 3997 δὲ
450 3944 649 4008 λαϐὼν,
678 3946 798 3999 καθ’
821 3950 1081 4021 ἑκάτερον
1111 3954 1313 4019 τέλειος
1331 3970 1343 3984 ⁶
1366 3956 1456 4009 διὰ
1487 3958 1586 4028 μὲν
1610 3960 1717 4031 γὰρ
1741 3961 1858 4027 τοῦ,

287 4054 304 4087 ι
340 4035 480 4089 Μεθ’
505 4036 684 4107 ἡμῶν,
712 4058 731 4089 ι
767 4038 860 4092 τοῦ
892 4041 1183 4111 ἀνθρώπου
1213 4046 1272 4097 τὸ
1312 4046 1521 4101 τέλειον
1548 4049 1857 4105 δείκνυταιο

276 4126 497 4190 τελείως
536 4129 645 4199 γὰρ
689 4130 850 4201 ἡμῶν
881 4132 1113 4199 ἕκαστος
1146 4136 1257 4206 ἔχει
1304 4139 1398 4192 τοῦ
1434 4139 1724 4212 ἀνθρώπου
1760 4143 1861 4215 τὴν

279 4218 470 4286 φύσιν’
506 4219 595 4272 διὰ
623 4220 679 4273 δὲ
704 4219 823 4286 τοῦ,
861 4243 880 4275 ι
916 4224 1067 4291 Θεὸς,
1103 4246 1121 4278 ι
1154 4228 1247 4280 καὶ
1278 4229 1377 4299 τῆς
1415 4233 1736 4305 προσθήκης
1757 4236 1852 4288 τοῦ

277 4312 505 4381 ἄρθρου,
537 4313 568 4382 ἡ
611 4312 702 4365 τοῦ
739 4314 868 4369 Υίοῦ
916 4317 1106 4390 θεότης
1134 4321 1486 4392 γνωρίζεται’
1532 4327 1626 4378 καὶ
1666 4328 1856 4381 τούτου

276 4402 593 4467 διδάσκαλος
626 4406 654 4459 6
689 4407 964 4479 μακάριος
999 4409 1212 4473 Παῦλος
1242 4412 1436 4481 λέγων·
1473 4433 1490 4466 ι
1534 4415 1623 4468 Ἐν
1722 4436 1854 4471 κατ-

275 4497 414 4547 οικεῖ
447 4498 555 4548 πᾶν
582 4496 641 4550 τὸ
692 4497 969 4571 πλήρωμα
993 4503 1091 4572 τῆς
1139 4503 1391 4573 θεότητος
1436 4509 1763 4578 σωματικῶς
1783 4526 1796 4538 ·
1829 4531 1846 4561 ι

1981 2024 2155 2077 stibus
2182 2027 2313 2079 Ario
2346 2035 2507 2095 atque
2526 2027 2745 2098 830m
2771 2028 3040 2086 Eunomio
3065 2034 3574 2092 collocentur.l\'am

1979 2129 2211 2183 quorum
2252 2131 2352 2185 par
2404 2126 2489 2171 est
2536 2119 2877 2189 blasphemia
2910 2164 2925 2189 ,
2973 2124 3167 2179 horum
3232 2143 3397 2182 unam
3453 2146 3578 2185 esse

1978 2205 2329 2262 sodalitatem
2357 2222 2571 2277 aequum
2605 2220 2709 2265 est.
2760 2210 2868 2266 Nos
2896 2229 3025 2269 vero
3061 2216 3348 2273 Dominum
3390 2222 3577 2276 dicen-

1980 2303 2088 2346 tem
2165 2296 2453 2351 audiamus
2509 2313 2522 2349 :
2581 2316 2599 2349 ι
2685 2299 3024 2357 Potestatem
3087 2304 3262 2360 habeo
3335 2312 3572 2376 ponendi

1983 2385 2220 2439 animam
2278 2401 2477 2451 meam,
2529 2397 2583 2441 et
2636 2398 2962 2457 potestatem
3015 2392 3190 2449 habeo
3229 2398 3425 2454 iterum
3481 2417 3577 2455 su-

1985 2478 2162 2532 mendi
2198 2494 2359 2545 eam;
2396 2494 2555 2534 nemo
2592 2480 2732 2535 tollit
2764 2498 2882 2536 eam
2924 2500 2952 2537 a
2980 2500 3067 2540 me
3091 2488 3159 2541 δ’.
3194 2488 3483 2562 iNamque
3506 2512 3576 2551 ex

1983 2558 2329 2625 Sermonihus
2384 2572 2470 2627 his
2518 2573 2779 2630 discimus
2850 2577 3016 2631 alium
3069 2595 3191 2634 esse
3235 2584 3325 2653 qui
3382 2590 3591 2654 ponit,

1980 2659 2121 2713 aliud
2154 2662 2294 2729 quod
2329 2665 2704 2734 estpositum;
2742 2666 3019 2738 Deumque
3042 2686 3163 2725 esse
3194 2676 3283 2743 qui
3314 2679 3486 2745 ponit,
3521 2692 3576 2735 et

1983 2754 2072 2821 qui
2112 2755 2277 2808 sumit
2308 2773 2321 2821 ;
2356 2756 2595 2811 animam
2620 2768 2801 2813 autem
2839 2771 2892 2814 et
2915 2764 3149 2829 positam
3176 2776 3229 2819 et
3255 2780 3526 2839 sumptam
3554 2791 3568 2838 ;

1979 2853 2033 2898 et
2066 2844 2156 2897 Dei
2188 2846 2407 2913 quidem
2451 2862 2573 2903 esse
2610 2858 2958 2917 potestatem,
2994 2855 3229 2910 animam
3262 2868 3441 2915 autem
3472 2868 3574 2920 sub

1994 2947 2059 2986 ea
2091 2942 2357 3002 potestate
2388 2938 2643 2992 locatam.

1980 3043 2095 3097 XX.
2139 3044 2293 3111 Quod
2321 3050 2588 3117 propheta:
2616 3052 2903 3134 perfectam
2932 3057 3096 3125 fuisse
3124 3074 3447 3134 assumptum
3478 3086 3577 3123 na-

2525 3131 2701 3175 turam
2734 3127 3014 3193 a/ﬁrmanl.

2043 3229 2137 3285 llis
2169 3247 2405 3286 consona
2446 3234 2611 3289 Isaias
2647 3254 2863 3307 quoque
2898 3244 3157 3309 propheta
3194 3248 3447 3316 afﬁrmat,
3486 3254 3571 3309 di-

1976 3336 2106 3375 cens
2137 3341 2149 3375 :
2186 3323 2357 3376 «Ecce
2398 3326 2547 3395 virgo
2577 3330 2847 3398 concipiet
2877 3342 2931 3386 et
2962 3336 3133 3401 pariet
3168 3339 3356 3408 lilium,
3392 3354 3446 3398 et
3473 3362 3565 3401 vo-

1971 3412 2183 3465 cabitur
2204 3430 2397 3467 nomen
2422 3416 2538 3483 ejus
2560 3418 2877 3475 Emmanuel
2896 3423 2961 3489 ⁸³,
2987 3443 3006 3475 ι
3032 3429 3172 3495 quod
3196 3441 3278 3483 est
3304 3433 3568 3506 interpre-

1974 3512 2167 3566 lutum,
2202 3510 2499 3560 secundum
2534 3510 2814 3581 Evangelii
2849 3517 3154 3575 doctrinam
3180 3526 3244 3589 ⁵⁸,
3266 3525 3563 3586 Nobiscum

1973 3595 2133 3650 Deus.
2170 3597 2339 3651 Porro
2374 3598 2512 3653 Deus
2552 3605 2823 3658 nobiscum
2886 3610 3056 3664 Deum
3096 3629 3216 3669 cum
3254 3618 3567 3679 hominibus

1969 3688 2257 3757 signiﬁcat.
2293 3693 2351 3746 Si
2388 3708 2519 3763 ergo
2549 3696 2783 3765 Virginis
2817 3714 3115 3770 conceptus
3150 3708 3293 3764 hanc
3324 3713 3567 3770 obtinuit.

1970 3781 2408 3849 appellationem,
2456 3796 2606 3852 patet
2657 3786 2823 3843 Deum
2874 3792 3043 3849 fuisse
3086 3798 3247 3854 simul
3291 3815 3344 3856 et
3388 3804 3565 3862 homi-

1970 3883 2124 3933 nem;
2157 3877 2268 3922 tum
2297 3874 2786 3942 prmexsistentem,
2815 3889 2926 3933 tum
2956 3884 3119 3937 etiam
3149 3892 3562 3961 suscipientem,

1970 3961 2019 4013 in
2059 3970 2289 4030 utroque
2322 3963 2643 4031 perfectum.
2678 3966 2811 4022 Nam
2848 3973 3109 4030 vocabulo
3147 3996 3165 4028 ι
3210 3980 3491 4038 nobiscum
3536 4006 3555 4038 ι

1966 4053 2243 4108 hominem
2282 4054 2584 4123 perfectum
2629 4060 2850 4115 denotat
2892 4082 2903 4117 ε
2941 4069 3143 4123 etenim
3187 4076 3561 4147 unusquisque

1967 4155 2211 4201 nostrum
2246 4146 2542 4217 perfectam
2577 4150 2741 4207 habet
2773 4155 3012 4211 hominis
3048 4170 3316 4217 naturam.
3352 4165 3429 4221 Ex
3463 4146 3559 4223 vo-

1964 4240 2154 4296 cabulo
2187 4251 2365 4295 autem
2404 4260 2423 4293 (
2462 4241 2605 4299 Deus
2641 4265 2659 4299 ι
2691 4258 2745 4302 et
2774 4249 2988 4304 articuli
3023 4251 3196 4308 Graeci
3252 4258 3559 4327 adjectione

1966 4332 2086 4386 Filii
2130 4334 2393 4388 divinitas
2428 4339 2784 4406 conspicitur.
2820 4342 2996 4413 Atque
3033 4344 3174 4401 hanc
3216 4364 3327 4403 rem
3364 4351 3558 4409 beatus

1962 4425 2116 4479 docet
2144 4423 2341 4480 Paulus
2368 4426 2555 4482 dicens
2586 4450 2602 4482 ι
2638 4448 2651 4485 :
2681 4432 2733 4487 In
2761 4448 2869 4503 quo
2897 4435 3163 4491 inhabitat
3186 4442 3363 4495 omnis
3385 4444 3558 4513 pleni-

1966 4516 2098 4570 tudo
2133 4517 2439 4574 divinitatis
2472 4523 2834 4591 corporaliter
2852 4526 2918 4581 ³⁵.
2960 4545 2979 4577 ι
3014 4526 3146 4582 Item
3176 4545 3205 4584 a
3238 4530 3347 4587 Deo
3378 4535 3551 4607 inspi-

275 4589 370 4639 καὶ
400 4589 427 4639 6
466 4586 762 4659 θεόληπτος
793 4590 849 4644 δὲ
882 4594 1095 4657 Λουκᾶς
1126 4596 1152 4648 6
1178 4596 1575 4669 εὑαγγελιστὴς
1604 4601 1853 4671 ἐναργῶς

1975 4616 2115 4661 ratus
2163 4606 2339 4665 Lucas
2386 4615 2714 4681 evangelista
2766 4621 3049 4688 perspicue
3101 4623 3261 4679 nobis
3312 4586 3556 4685 ostendit

275 4679 404 4747 ἡμῖν
428 4679 671 4734 δείκνυσι
695 4681 788 4734 τὸν
829 4683 954 4738 νοῦν
986 4686 1078 4738 τὸν
1105 4686 1447 4757 ἀνθρώπινον
1471 4689 1565 4743 τοῦ
1600 4692 1855 4763 Σωτῆρος

272 4767 513 4839 Χριστοῦ
536 4784 548 4798 ⁸
575 4787 593 4819 ι
624 4770 698 4823 Τὸ
725 4771 935 4825 παιδίον
967 4774 1096 4846 γὰρ,
1114 4777 1296 4847 φησὶν,
1330 4777 1552 4847 ηὔξανε,
1580 4782 1672 4833 καὶ
1692 4784 1855 4853 ἐκρα-

271 4856 493 4911 ταιοῦτο
532 4859 827 4929 πνεύματι,
886 4862 1263 4937 πληρούμενον
1299 4870 1508 4937 σοφίας,
1556 4874 1649 4925 καὶ
1692 4875 1853 4945 χάρις

270 4947 408 5001 Θεοῦ
430 4944 496 5020 ἦν
518 4951 602 5003 ἐπ’
621 4952 791 5023 αὐτῷ.
818 4972 837 5005 ι
864 4956 973 5011 Καὶ
1002 4961 1120 5029 μετ’
1140 4960 1324 5029 ὀλίγα·
1362 4964 1611 5039 «Ἰησοῦς
1639 4966 1697 5019 δὲ
1722 4944 1854 5039 προ.

270 5037 500 5093 ἐκοπτεν
525 5042 734 5115 ἡλικίᾳ,
761 5044 857 5098 καὶ
889 5050 1070 5119 σοφίᾳ,
1096 5052 1187 5105 καὶ
1224 5054 1409 5123 χάριτι
1437 5034 1588 5127 παρὰ
1617 5057 1736 5129 Θεῷ
1758 5034 1853 5112 καὶ

272 5129 599 5202 ἀνθρώποις.
638 5154 656 5185 ι
693 5137 767 5189 Το
794 5137 851 5189 δὲ
900 5142 1063 5211 σοφίᾳ
1101 5146 1455 5214 προκόπτειν,
1489 5150 1550 5202 οὐ
1581 5149 1717 5203 Θεοῦ
1756 5151 1850 5205 τοῦ

273 5222 460 5291 σοφοῦ,
502 5223 595 5276 τοῦ
639 5227 993 5298 ἀπροσδεοῠς,
1042 5235 1135 5286 καὶ
1169 5238 1254 5290 ἀεὶ
1309 5240 1543 5307 τελείου,
1574 5245 1669 5297 καὶ
1717 5248 1852 5317 μήτε

270 5314 531 5376 ἐπίδοσιν,
560 5318 698 5388 μήτε
720 5320 1016 5377 ἐλάττωσιν
1031 5325 1347 5398 δεχομένου,
1381 5332 1518 5387 ἀλλὰ
1534 5335 1623 5389 τοῦ
1642 5314 1734 5391 νοῦ
1753 5314 1847 5393 τοῦ

268 5404 635 5473 ἀνθρωπίνου,
668 5410 759 5463 τοῦ
783 5416 901 5478 ταῖς
924 5416 1163 5486 ἡλικίαις
1195 5427 1611 5495 συμπροῖόντος,
1648 5432 1739 5483 καὶ
1769 5432 1846 5484 δια

626 5561 772 5611 ικνι,
804 5550 892 5603 '58.
952 5553 998 5583 ⁸¹
1030 5552 1188 5609 Joan.
1222 5572 1279 5622 Χ,
1314 5558 1395 5613 18.
1474 5563 1519 5593 ⁸³
1549 5564 1652 5617 lsa.
1684 5580 1778 5629 vn,
1812 5569 1906 5623 Η.

272 5610 315 5641 ⁵’
349 5612 479 5665 ibid.
518 5611 607 5665 52.

1959 4699 2246 4754 humanam
2283 4700 2485 4759 Christi
2524 4704 2833 4765 Servatoris
2869 4721 3107 4767 mentem
3147 4734 3159 4769 :
3202 4733 3221 4766 ι
3267 4715 3425 4784 Puer,
3462 4719 3550 4774 in-

1955 4791 2102 4861 quit,
2135 4796 2417 4850 crescebat
2445 4807 2501 4852 et
2531 4799 2941 4857 confortabatur
2970 4805 3162 4872 spiritu
3184 4847 3199 4873 ,
3235 4809 3425 4878 plenus
3457 4828 3550 4867 sa-

1953 4884 2179 4953 pientia,
2224 4896 2277 4943 et
2317 4890 2489 4956 gratia
2532 4890 2626 4947 Dei
2668 4903 2786 4948 erat
2824 4910 2948 4949 cum
2992 4897 3081 4952 illo
3101 4898 3167 4952 ⁸⁸.
3214 4918 3234 4952 ι
3281 4900 3346 4955 Et
3389 4904 3550 4972 paulo

1954 4987 2075 5047 post
2116 4996 2130 5032 :
2183 4998 2201 5030 ι
2253 4980 2410 5038 Jesus
2456 4984 2775 5054 proﬁciebat
2817 4998 3007 5052 aetate.
3049 5005 3115 5046 ac
3158 4994 3454 5064 sapientia,
3494 5007 3551 5053 et

1954 5069 2129 5137 gratia
2178 5072 2320 5141 apud
2367 5073 2535 5129 Deum
2580 5086 2635 5130 et
2678 5076 2926 5133 homines
2950 5079 3014 5131 ".
3066 5100 3085 5133 ι
3126 5081 3245 5136 Jam
3284 5098 3412 5142 veno
3454 5100 3547 5139 sa-

1955 5161 2155 5229 pientia
2193 5166 2482 5233 proiicere,
2522 5183 2628 5222 non
2667 5178 2749 5227 est
2786 5170 2880 5225 Dei
2918 5172 3199 5242 sapientis,
3240 5176 3548 5249 nulliusquo

1952 5253 2029 5307 rei
2073 5253 2265 5325 indigi,
2312 5272 2637 5329 semperque
2683 5260 2942 5331 perfecti,
2985 5266 3077 5319 sed
3127 5268 3322 5321 mentis
3368 5271 3548 5337 potius

1950 5344 2223 5409 humanae,
2265 5362 2385 5416 quae
2424 5350 2584 5403 simul
2628 5366 2748 5405 cum
2792 5363 2952 5408 aetate
2997 5354 3229 5423 prolicit,
3270 5367 3325 5412 et
3364 5361 3547 5416 erudi-

1953 5435 2096 5490 tione
2118 5448 2259 5504 eget,
2285 5450 2338 5495 et
2360 5442 2461 5495 arti
2486 5442 2706 5513 831m
2736 5456 2899 5515 atque
2939 5448 3181 5503 scientiae
3214 5454 3547 5521 excipienda:

1997 5571 2044 5602 “
2071 5571 2264 5626 Matth.
2296 5590 2332 5638 ι,
2368 5575 2457 5630 εδ.
2539 5578 2584 5609 ⁵⁵
2614 5579 2819 5635 Coloss.
2843 5598 2899 5646 ιι,
2926 5583 2979 5637 9.
3056 5583 3102 5615 "
3135 5584 3263 5640 Luc.
3291 5602 3349 5654 tt,
3382 5589 3473 5648 ιο.

343 5720 1231 5836 figlillticoi‘encﬂg.n:xiﬁamque
1270 5738 1448 5793 anima
1493 5753 1682 5799 amens
1724 5758 1822 5812 par
1865 5749 1991 5803 nulli
2023 5764 2267 5821 reputata
2336 5756 2544 5814 fuisset.
2596 5765 2763 5819 Porro
2826 5764 3062 5820 animam
3095 5782 3284 5836 reapse
3315 5768 3365 5822 in
3392 5768 3545 5825 Chri-

274 5801 358 5849 sto
388 5792 577 5859 fuisse,
611 5792 879 5865 negabant
906 5802 1116 5856 Ariani.
