4058 6328
525 443 661 497 H55

1548 422 1605 477 S.
1649 415 1925 476 CYBILLI
1968 410 2437 467 ΑιιωιΑδυιιιΜ
2491 408 2811 461 Αιιωιιιρ.

3644 398 3785 449 Νδδ

520 556 712 608 idonea
740 560 840 616 est,
870 558 923 605 et
948 562 1066 618 qua:
1093 543 1349 615 paulatim
1379 550 1489 597 tum
1517 539 1750 595 humana
1778 533 1956 598 discit,
1986 539 2096 583 tum

2205 524 2501 589 δασκαλίας
2523 522 2803 593 δεομένου,
2834 522 2927 575 καὶ
2972 520 3170 591 τέχνης
3203 517 3298 570 καὶ
3343 513 3653 582 ἐπιστήμης
3691 508 3779 563 δε-

520 644 719 699 divina.

432 860 439 867 '
524 838 787 895 XXLE:
819 836 1059 905 Epistula
1090 836 1159 889 ad
1192 830 1860 905 ﬂebrwos_demans_tratnr
1881 831 2098 875 notara-

874 898 989 961 rnm
1020 905 1312 969 distinctio,
1340 913 1387 956 et
1417 900 1571 954 Verbi
1603 898 1749 951 unio.

594 1088 833 1151 Clarius,
864 1083 1074 1152 Opinor,
1107 1094 1172 1132 ex
1206 1075 1440 1144 Epistola
1476 1075 1540 1127 ad
1575 1070 1830 1127 Hebraeos
1860 1066 2098 1123 divinam

525 1181 683 1238 simul
708 1187 763 1233 et
788 1179 1075 1231 humanam
1106 1180 1357 1225 naturam
1386 1178 1711 1236 cognoscere
1741 1162 1889 1227 licet,
1908 1174 2101 1230 opera-

528 1274 761 1329 tionibus
793 1268 1007 1338 quidem
1043 1264 1359 1326 distinctas,
1397 1271 1623 1329 persona
1660 1264 1837 1308 tamen
1870 1250 2099 1319 conjun-

527 1376 660 1426 clas,
692 1371 851 1429 atque
886 1354 1569 1411 unicumdemonstrantes
1595 1343 1813 1399 Filium.
1848 1338 2101 1411 Epistolze

526 1448 1135 1526 apprimeprommium
1179 1446 1321 1499 hanc
1363 1441 1603 1496 continet
1645 1435 1965 1492 doctrinam.
2010 1434 2101 1487 Ait

524 1523 666 1601 enim
696 1545 848 1599 divus
877 1538 1075 1594 Paulus
1111 1554 1127 1592 :
1161 1554 1178 1586 ι
1217 1532 1315 1601 Qui
1348 1546 1469 1587 cum
1501 1529 1571 1584 sit
1600 1528 1853 1597 splendor
1881 1523 2095 1595 gloriae,

525 1648 579 1692 et
618 1637 786 1706 ﬁgura
824 1629 1142 1687 substantia
1176 1625 1323 1696 ejus,
1357 1631 1689 1693 portansque
1721 1616 1900 1671 omnia
1929 1613 2098 1667 verbo

526 1729 742 1783 virtutis
770 1723 960 1780 suae“.
997 1741 1017 1775 ι
1052 1719 1299 1788 Cumque
1328 1716 1759 1770 demonstrasset
1792 1708 1939 1762 illum
1971 1715 2099 1759 ante

525 1834 684 1875 omne
716 1827 924 1886 tempus
950 1828 1012 1867 ac
1037 1807 1230 1867 szecula
1259 1822 1377 1862 esse
1404 1807 1523 1876 (per
1546 1804 1720 1874 ipsum
1746 1799 1942 1869 quippe
1970 1796 2097 1851 fecit

871 1903 1077 1960 addidit
1104 1918 1117 1955 :
1149 1918 1168 1951 ι
1203 1898 1359 1953 Sedit
1486 1867 1777 1948 desterami
1798 1867 2099 1956 maiestatis
2132 1867 2173 1922 Β

525 2001 578 2055 in
623 1997 852 2054 excelsis
891 2014 904 2050 :
950 2001 1098 2047 tanto
1143 1988 1335 2044 melior
1368 1984 1579 2056 angelis
1616 1982 1860 2044 ell‘ectus,
1899 1986 2100 2047 quanto

529 2090 865 2149 diﬁcrentius
892 2100 1001 2158 prae
1029 2083 1133 2137 illis
1162 2093 1357 2135 nomen
1382 2074 1724 2131 haereditavit
1742 2072 1807 2124 ”.
1840 2090 1859 2122 ι
1887 2068 1981 2123 Est
2005 2083 2103 2122 au-

531 2190 635 2233 tem
692 2176 912 2229 verbum
954 2173 1081 2243 eﬂici
1121 2167 1452 2225 contrarium
1493 2163 1658 2217 verbo
1702 2177 1836 2216 esse.
1883 2158 2014 2214 Nam
2059 2158 2105 2213 is

526 2272 614 2340 qui
662 2278 744 2323 est
782 2266 1035 2335 splendor
1070 2261 1273 2331 gloriae,
1312 2268 1367 2311 et
1410 2256 1577 2326 ﬁgura
1620 2253 1956 2315 substantiae,
1996 2265 2103 2304 non

524 2360 752 2418 cﬂlcitur
788 2355 979 2411 melior
1015 2351 1241 2422 angelis,
1275 2348 1371 2404 sed
1406 2356 1488 2401 est
1520 2344 1729 2414 angelis
1766 2358 1871 2397 non
1912 2341 2104 2396 melior

526 2446 919 2509 tantummodo,
954 2457 1143 2498 verum
1179 2440 1342 2495 etiam
1380 2436 1619 2505 ipsorum
1657 2442 1872 2489 creator
1901 2446 1966 2486 ac
2004 2432 2100 2486 do-

526 2542 727 2595 minus.
768 2535 886 2592 lam
928 2535 974 2589 si
1017 2532 1183 2586 verbo
1223 2545 1332 2584 esse
1374 2527 1708 2582 contrarium
1752 2532 1834 2578 est
1874 2520 2102 2575 verbum

525 2630 675 2702 caici,
712 2641 807 2697 per
835 2625 963 2680 illud
996 2622 1211 2692 quidem
1269 2614 1723 2687 sempiternaliter
1750 2613 2101 2667 essistentem

526 2720 909 2789 intelligemus,
935 2729 1029 2785 per
1050 2714 1150 2766 hoc
1202 2718 1381 2765 autem
1416 2720 1537 2760 eum
1564 2706 1652 2774 qui
1682 2704 1748 2758 de
1776 2702 1930 2768 nobis
1956 2715 2107 2755 sum-

526 2819 647 2881 ptus
672 2808 793 2871 luit,
814 2815 869 2860 et
889 2803 1094 2876 angelis
1119 2800 1309 2856 melior
1326 2806 1413 2853 est
1435 2795 1679 2861 ell’ectus,
1706 2801 1925 2864 propter
1947 2806 2104 2846 suam

526 2916 648 2956 cum
679 2905 984 2955 assumente
1014 2893 1414 2949 adunationem.
1448 2885 1511 2942 Et
1543 2886 1702 2955 paulo
1754 2893 1873 2954 post
1919 2881 1985 2936 ad
2015 2882 2104 2936 Fi-

528 2988 656 3041 lium
687 2986 904 3055 quidem
935 2984 1067 3037 dicit
1098 2999 1111 3036 :
1149 2998 1169 3032 ι
1202 2978 1451 3033 'l‘hronus
1482 2985 1623 3040 tuus,
1659 2977 1817 3040 Deus,
1851 2974 1903 3027 in
1935 2988 2106 3028 szecu-

528 3076 639 3131 lum
676 3074 891 3138 smculi;
929 3072 1079 3140 virga
1120 3069 1411 3139 aequitatis,
1453 3069 1605 3136 virga
1647 3066 1797 3133 regni
1845 3064 1919 3117 tui
1964 3080 1978 3116 :
2024 3063 2105 3117 di-

528 3167 703 3222 lexisti
742 3164 1031 3233 justitiam,
1076 3171 1132 3217 et
1170 3159 1332 3217 odisti
1377 3158 1715 3227 iniquitatem
1759 3174 1773 3209 :
1818 3164 2099 3225 propterea
2128 3202 2172 3260 Β

529 3258 684 3312 unxit
725 3266 779 3312 te
819 3256 987 3318 Deus,
1033 3252 1175 3307 Deus
1217 3261 1373 3315 tuus,
1416 3250 1536 3305 oleo
1574 3247 1953 3303 exsultationis
1992 3260 2102 3315 prae

529 3347 885 3419 participibus
928 3343 1123 3400 tuis”.
1178 3360 1197 3395 ι
1244 3341 1362 3396 Jam
1406 3354 1534 3396 vero
1576 3340 1747 3403 Deus,
1788 3349 1841 3393 et
1884 3340 2103 3409 quidem

530 3440 719 3496 Graeco
745 3438 971 3494 articqu
998 3435 1287 3507 praeposito
1313 3434 1531 3505 proprie
1554 3433 1732 3487 dictus
1756 3430 1920 3497 Deus,
1949 3432 2103 3486 thro-

531 3546 767 3601 numque
804 3541 993 3585 tenens
1027 3530 1079 3581 in
1118 3525 1375 3580 saeculum
1415 3523 1619 3588 saculi,
1653 3524 1743 3592 qui
1782 3522 1897 3577 ﬁeri
1933 3532 2108 3592 potest

532 3634 589 3680 ut
629 3641 658 3678 a
702 3624 813 3679 Deo
852 3618 1118 3691 ungatur?
1152 3616 1429 3685 Quomodo
1467 3616 1537 3671 ab
1576 3614 1841 3670 electione
1882 3630 2107 3684 regnum

532 3716 816 3779 sortietur,
849 3714 939 3782 qui
968 3711 1091 3779 jure
1126 3708 1354 3762 naturali
1387 3722 1609 3777 regnum
1642 3706 1844 3760 habet?
1874 3724 1893 3757 ‹
1933 3705 2109 3760 Thro-

533 3824 637 3863 nus
660 3809 802 3862 enim
836 3817 981 3869 tuus,
1002 3802 1218 3874 833m
1244 3799 1437 3869 inquit,
1461 3798 1625 3863 Deus,
1650 3798 1702 3851 in
1723 3797 1977 3853 saeculum
2002 3812 2105 3852 sa:-

533 3898 663 3955 culi.
706 3915 728 3951 s
768 3898 904 3952 Esse
938 3895 1121 3963 itaque
1158 3905 1364 3962 regem,
1398 3889 1729 3944 contrarium
1766 3898 1849 3943 est
1884 3889 2107 3944 dictioni

534 3991 661 4061 ungi
692 3991 745 4043 in
779 4002 982 4057 regem.
1003 3984 1142 4051 Quia
1173 3981 1407 4037 dilexisti
1428 3980 1697 4048 justitiam
1726 3990 1781 4034 et
1810 3979 1975 4035 odisti
2004 3979 2110 4033 ini—

535 4084 820 4153 quitatem.
846 4077 980 4132 Nam
1012 4078 1255 4132 laborum
1291 4074 1567 4144 praemium
1598 4081 1682 4127 est
1716 4072 1824 4127 tale
1858 4087 2104 4143 regnum.

536 4174 744 4229 Rursus
783 4174 966 4241 itaque
1012 4170 1178 4224 Deum
1207 4167 1359 4235 cujus
1391 4168 1617 4221 thronus
1646 4166 1698 4219 in
1726 4166 1981 4219 saeculum
2007 4180 2110 4219 stn-

535 4266 664 4332 euli,
688 4261 1148 4333 sempiternaliter
1168 4258 1317 4313 illum
1344 4258 1693 4313 exsistenlem
1718 4256 2106 4327 intelligemus.

535 4356 672 4413 Eum
714 4367 894 4411 autem
935 4354 1026 4423 qui
1069 4361 1258 4423 postea
1301 4360 1493 4405 unctus
1534 4346 1655 4413 fuit,
1696 4352 1917 4417 propter
1951 4362 2107 4402 suum

535 4448 743 4519 peccati
776 4446 983 4506 odium,
1011 4451 1067 4497 et
1091 4440 1316 4511 justitite
1350 4451 1614 4503 amorem,
1643 4436 1791 4491 illum
1824 4436 2111 4491 credemus

2201 616 2424 681 κακοῦ,
2470 616 2564 669 καὶ
2601 613 2740 668 κατά
2793 614 2966 685 βραχὺ
3002 613 3069 666 τά
3112 627 3168 663 τε
3209 605 3527 678 ἀνθρώπινα
3580 601 3673 657 καὶ
3712 600 3782 653 τὰ

2200 709 2317 763 θεῖα
2348 707 2709 778 γνωρίζοντος
2732 704 2829 773 (1).

2199 823 2329 875 KA'.
2370 819 2695 885 Ἀπόδειξις
2730 818 2799 872 ἐκ
2821 817 2929 885 τῆς
2964 815 3115 885 πρὸς
3157 812 3782 885 Ἐϐραίους-Ἐπιστος

2266 891 2383 959 λῆς
2416 890 2525 958 τῆς
2705 875 2953 957 φύσεων
2984 875 3362 953 διακρίσεως,
3394 875 3493 935 καὶ
3529 879 3638 949 τῆς
3670 875 3777 933 τοῦ

2274 957 2482 1030 Λόγου
2504 957 2793 1026 ἐνώσεως.

2268 1074 2607 1145 Σαφέστερον
2628 1073 2671 1126 δ’
2705 1072 2770 1125 ἄν
2806 1089 2887 1134 τις
2918 1072 2979 1123 ὲκ
3009 1068 3111 1139 τῆς
3132 1068 3269 1139 πρὸς
3307 1065 3590 1137 Ἑϐραίους
3632 1061 3782 1117 Ἐπι-

2201 1166 2391 1235 στολῆς
2425 1164 2521 1235 τὴν
2545 1164 2693 1217 θείαν
2717 1162 2878 1233 φύσιν
2925 1162 3019 1213 καὶ
3047 1160 3147 1229 τὴν
3176 1157 3524 1229 ἀνθρωπείαν
3550 1153 3783 1217 κατίδοι,

2197 1261 2314 1321 ταῖς
2336 1256 2637 1327 ἐνεργείαις
2662 1254 2760 1325 μὲν
2786 1254 2947 1324 διῃρη
2958 1252 3147 1321 μένας,
3173 1249 3251 1320 τῷ
3282 1251 3563 1319 προσώπῳ
3586 1247 3642 1301 δὲ
3665 1263 3785 1300 συν-

2200 1349 2470 1420 ημμένας,
2497 1348 2589 1401 καὶ
2616 1348 2707 1399 τὸν
2722 1346 2819 1399 Eva
2849 1341 3239 1405 ὑποδεικνύσας
3275 1341 3422 1393 Υίόν.
3446 1341 3557 1409 θύχ
3581 1341 3784 1410 ἥκιστα

2199 1440 2255 1493 δὲ
2280 1440 2370 1492 καὶ
2398 1439 2495 1509 τῆς
2539 1436 2859 1505 Ἐπιστολῆς
2889 1435 2948 1487 τὸ
2974 1433 3286 1504 προοίμιον,
3321 1430 3527 1501 ταύτην
3552 1430 3783 1499 ἐχειτὴν

2198 1529 2567 1583 διδασκαλίαν.
2594 1524 2728 1581 Eine
2759 1526 2866 1597 γάρ
2889 1527 2917 1577 6
2938 1524 3227 1587 Θεσπέσιος
3251 1523 3465 1587 Παῦλος
3487 1540 3499 1553 ·
3534 1541 3551 1573 ι
3587 1524 3684 1582 ’ος
3704 1521 3781 1573 ῶν

2200 1620 2539 1689 ἀπαύγασμα
2586 1620 2684 1689 τῆς
2725 1618 2903 1687 δόξης,
2946 1617 3040 1669 καὶ
3095 1614 3381 1686 χαρακτὴρ
3412 1613 3511 1683 τῆς
3546 1611 3783 1665 ὑποστά-

2201 1730 2338 1775 σεως
2367 1710 2557 1775 αὑτοῦ,
2590 1710 2773 1781 φέρων
2808 1726 2867 1762 τε
2894 1708 2961 1761 τά
3004 1708 3185 1761 πάντα
3213 1706 3292 1776 τῷ
3323 1706 3530 1776 ῥήματι
3563 1707 3663 1775 τῆς
3694 1703 3784 1756 δυ-

2200 1804 2420 1873 νάμεως
2448 1801 2636 1857 αὑτοῦ.
2675 1819 2693 1853 ι
2731 1800 2841 1854 Καὶ
2884 1798 3066 1866 δείξας
3120 1798 3283 1853 αὑτὸν
3311 1798 3649 1867 ὑπέρχρονον
3689 1793 3784 1850 καὶ

2204 1890 2533 1961 προαιιίηιον
2570 1888 2672 1960 (δι’
2698 1887 2866 1941 αὐτοῦ
2910 1888 3041 1957 γὰρ,
3076 1886 3263 1958 φησὶν,
3307 1884 3403 1939 καὶ
3433 1886 3559 1948 τοὺς
3581 1884 3783 1949 αἰῶνας

2203 1979 2506 2049 εποίησεν),
2534 1978 2835 2048 ἐπήγαγεν·
2866 1997 2883 2027 ι
2908 1975 3193 2029 Ἐκάθισεν
3226 1978 3286 2029 ὲν
3315 1974 3464 2046 δεξιᾷ
3482 1975 3582 2044 τῆς
3612 1991 3783 2046 μεγα-

2203 2070 2450 2140 λωσύνης
2498 2072 2554 2123 ιν
2600 2069 2848 2140 ὑψηλοῖς,
2889 2068 3132 2138 τοσούτῳ
3182 2066 3452 2136 κρείττων
3494 2065 3786 2136 γενόμενος

2202 2159 2313 2213 τῶν
2337 2159 2609 2228 ἀγγέλων,
2637 2159 2747 2230 ὅσῳ
2780 2158 3184 2231 διαφορώτερον
3217 2158 3347 2225 παρ’
3372 2156 3557 2219 αὐτοῖς
3585 2155 3785 2225 κεκλη-

2207 2251 2511 2322 ρονόμηκεν
2552 2249 2748 2320 ὄνομα.
2780 2268 2799 2302 ι
2853 2249 3127 2304 Ἐναντίον
3158 2248 3215 2302 δὲ
3258 2246 3355 2301 τοῦ
3400 2245 3694 2317 γενέσθαι,
3728 2244 3787 2299 τὸ

2204 2337 2342 2395 εἶναι
2361 2358 2374 2371 ·
2404 2343 2432 2395 ὁ
2454 2340 2564 2412 γὰρ
2586 2339 2661 2393 ῶν
2684 2342 3028 2412 ἀπαύγασμα
3052 2341 3153 2410 τῆς
3184 2340 3363 2410 δόξης,
3384 2339 3478 2393 καὶ
3502 2338 3787 2410 χαρακτὴρ

2202 2433 2303 2503 τῆς
2332 2432 2707 2497 ὑποστάσεως,
2738 2432 2799 2485 ού
2830 2432 3037 2501 γίνεται
3068 2430 3335 2502 κρείττων
3367 2430 3639 2499 ἀγγέλων,
3672 2430 3786 2483 ἀλλ’

2204 2523 2349 2577 ἐστιν
2371 2523 2620 2592 ἀγγέλων
2641 2524 2701 2577 ού
2726 2523 2992 2595 κρείττων
3019 2521 3202 2592 μόνον,
3230 2520 3368 2576 ἀλλά
3398 2522 3493 2576 καὶ
3519 2521 3783 2594 Ποιητὴς,

2204 2615 2298 2667 καὶ
2333 2614 2614 2685 Δεσπότης
2635 2630 2651 2646 ο
2678 2616 2727 2667 εί
2760 2614 2817 2667 δὲ
2848 2612 3089 2666 ἐναντίον
3116 2611 3210 2665 τοῦ
3242 2607 3383 2665 εἶναι
3412 2611 3473 2665 τὸ
3506 2610 3785 2679 γενέσθαι,

2202 2706 2269 2760 δι’
2304 2706 2514 2759 ἐκείνου
2545 2706 2646 2776 μὲν
2674 2706 2765 2759 τὸν
2793 2708 2880 2759 ἀεὶ
2911 2704 3039 2757 ὄντα
3075 2709 3365 2776 νοησομεν,
3389 2703 3477 2757 διά
3511 2703 3705 2757 τούτου
3733 2702 3788 2757 δὲ

2203 2797 2264 2851 τὸ
2286 2799 2344 2864 εξ
2370 2796 2530 2869 ἡμῶν
2556 2797 2891 2867 ἀναληφθὲν,
2916 2796 3011 2850 καὶ
3031 2800 3277 2867 κρεῖττον
3298 2796 3405 2849 τῶν
3431 2796 3685 2865 ἀγγέλων
3701 2812 3789 2865 γε-

2204 2890 2523 2960 γενημένον,
2537 2888 2628 2943 διά
2644 2890 2741 2958 τὴν
2755 2889 2893 2960 πρὸς
2910 2888 3002 2942 τὸν
3024 2888 3358 2959 ἀνειληφότα
3378 2887 3575 2942 ἕνωσιν
3592 2904 3605 2918 ’
3628 2886 3788 2942 πάλιν

2209 2982 2325 3052 μετ’
2341 2980 2523 3050 ὀλίγα,
2566 2981 2707 3053 πρὸς
2730 2982 2828 3053 μὲν
2854 2982 2945 3035 τὸν
2969 2981 3097 3035 Υίόν
3117 2997 3282 3052 φησιν
3297 2996 3310 3009 ·
3333 3000 3351 3032 ι
3375 2982 3431 3034 '0
3462 2979 3652 3050 θρόνος
3674 2996 3788 3042 σου,

2203 3076 2233 3127 6
2260 3073 2411 3136 Θεὸς,
2444 3074 2524 3136 εἰς
2545 3072 2636 3126 τὸν
2664 3072 2837 3127 αίῶνα
2857 3072 2951 3126 τοῦ
2987 3071 3181 3136 αἰῶνος
3206 3087 3220 3100 ·
3251 3071 3445 3141 ῥάϐδος
3473 3070 3787 3141 εὐθύτητος.

2205 3167 2238 3237 ἡ
2272 3164 2469 3236 ῥάϐδος
2496 3169 2597 3238 τῆς
2628 3165 2906 3236 βασιλείας
2937 3182 3031 3219 σου
3055 3182 3069 3196 ·
3093 3165 3391 3235 ἠγάπησας
3417 3163 3788 3235 δικαιοσύνην,

2206 3258 2298 3311 καὶ
2326 3258 2595 3329 ἐμίσησας
2632 3256 2861 3328 ἀνομίαν
2882 3271 2896 3285 ⁸
2924 3256 3012 3309 διά
3036 3255 3197 3310 τοῦτο
3228 3255 3413 3327 ἔχρισε
3443 3273 3501 3309 σε
3532 3256 3559 3307 6
3580 3256 3735 3320 Θεὸς,
3763 3258 3791 3310 6

2205 3349 2341 3413 Θεός
2368 3366 2485 3413 σου,
2537 3348 2715 3402 Ελαιον
2763 3348 3141 3417 ἀγαλλιάσεως
3179 3349 3333 3418 παρά
3362 3348 3489 3411 τοὺς
3528 3347 3792 3420 μετόχους

2209 3458 2321 3495 σου.
2355 3460 2372 3492 ι
2416 3443 2474 3494 '0
2500 3442 2557 3495 δὲ
2586 3441 2743 3505 Θεὸς,
2776 3441 2871 3494 καὶ
2902 3439 3041 3511 μετά
3061 3438 3157 3493 τοῦ
3188 3439 3393 3511 ἄρθρου
3421 3456 3794 3513 προσαγορευο

2208 3531 2319 3596 θεὶς
2344 3532 2498 3597 Θεὸς,
2519 3532 2727 3587 καὶτὸν
2749 3531 2936 3602 θρόνον
2958 3530 3098 3601 ἔχων
3123 3530 3202 3592 είς
3230 3530 3323 3583 τὸν
3348 3529 3521 3583 αίῶνα
3546 3530 3640 3583 τοῦ
3661 3530 3792 3585 αίῶ⁸

2208 3641 2319 3687 νος,
2353 3622 2470 3687 πῶς
2498 3622 2564 3676 ἀν
2596 3621 2700 3675 ὑπὸ
2737 3621 2831 3675 τοῦ
2859 3620 2991 3675 Θεοῦ
3026 3621 3275 3693 χρισθείη
3302 3638 3316 3686 ;
3348 3622 3473 3685 Πῶς
3516 3622 3583 3675 ἂν
3609 3640 3794 3695 χειρο·

2207 3715 2438 3787 τονητὴν
2482 3714 2639 3769 λάϐοι
2676 3713 2975 3785 βασιλείαν,
3024 3715 3263 3783 φυσικὴν
3300 3712 3440 3782 ἔχων
3474 3712 3789 3783 βασιλείανς

2216 3825 2235 3857 ι
2263 3807 2321 3859 '0
2340 3805 2527 3877 θρόνος
2552 3824 2648 3859 σου
2678 3807 2810 3878 γὰρ,
2839 3807 3023 3875 φησιν,
3049 3807 3077 3857 6
3102 3804 3259 3867 Θεὸς,
3288 3806 3367 3867 είς
3384 3803 3474 3857 τὸν
3504 3804 3676 3859 αἰῶνα
3700 3805 3792 3859 τοῦ

2208 3899 2422 3961 αἰῶνος.
2452 3918 2469 3949 ι
2509 3897 2720 3951 Οὐκοῦν
2751 3898 2995 3952 ἐναντίον
3033 3897 3094 3950 τὸ
3141 3891 3285 3949 εἶναι
3320 3896 3547 3965 βασιλέα
3582 3897 3676 3950 τοῦ
3716 3898 3792 3963 είς

2212 3987 2435 4059 βασιλέα
2490 3988 2805 4059 χρισθῆναι,
2854 3987 2942 4041 διὰ
2984 3986 3046 4039 τὸ
3095 3987 3382 4057 ἀγαπῆσαι
3423 3986 3790 4058 δικαιοσύνην,

2210 4080 2306 4134 καὶ
2338 4079 2569 4150 μισῆσαι
2615 4080 2865 4149 ἀνομίαν.
2906 4079 3089 4131 Πόνων
3130 4081 3239 4149 γάρ
3295 4075 3457 4134 ἆθλον
3497 4082 3531 4150 ἡ
3566 4080 3793 4153 τοιαύτη

2212 4170 2479 4242 βασιλεία.
2502 4170 2713 4225 Οὐκοῦν
2744 4171 2904 4225 πάλιν
2925 4171 3016 4224 τὸν
3049 4171 3148 4241 μὲν
3174 4171 3328 4235 Θεὸν,
3348 4164 3411 4225 οὗ
3432 4174 3461 4226 6
3492 4172 3684 4243 θρόνος
3717 4174 3795 4236 είς

2209 4260 2381 4314 αἰῶνα
2410 4259 2629 4325 αίῶνος,
2670 4260 2760 4313 τὸν
2785 4261 2873 4315 ἀεὶ
2893 4260 3024 4314 ὸντα
3045 4262 3309 4332 νοήσομεν
3328 4277 3341 4291 ·
3372 4261 3465 4315 τὸν
3484 4261 3541 4314 δὲ
3572 4261 3797 4335 ὕστερόν

2210 4368 2343 4405 ποτε
2372 4351 2668 4422 χρισθέντα
2690 4352 2778 4415 διὰ
2807 4352 2869 4405 τὸ
2894 4352 3025 4423 περὶ
3051 4346 3150 4424 τὴν
3182 4354 3460 4423 ἁμαρτίαν
3494 4357 3671 4424 μῖσος,
3703 4355 3797 4407 καὶ

2210 4444 2309 4513 τὴν
2341 4443 2719 4514 ἀγαπηθεῖσαν
2751 4444 2840 4497 ὑπ’
2870 4443 3036 4497 αὑτοῦ
3069 4444 3441 4515 δικαιοσύνην,
3462 4445 3522 4497 τὸ
3554 4446 3613 4512 ἐξ
3639 4446 3796 4518 ἡμῶν

535 4541 601 4595 de
626 4537 786 4594 nobis
816 4544 1120 4603 sumptum,
1154 4543 1208 4587 et
1238 4545 1304 4586 ex
1346 4529 1544 4583 Davide
1579 4540 1738 4598 atque
1768 4528 2107 4596 Abrahamo,

2211 4534 2436 4607 ληφθὲν,
2468 4536 2529 4588 τὸ
2568 4538 2634 4590 ὲκ
2675 4536 2862 4602 Δαϐὶδ,
2906 4539 2967 4593 τὸ
3007 4537 3067 4602 ἐξ
3116 4536 3391 4608 Ἀϐραάμ,
3438 4538 3499 4590 τὸ
3534 4540 3797 4609 μετόχους

534 4641 591 4687 et
627 4629 719 4699 qui
760 4627 896 4681 alios
936 4624 1228 4695 participes
1268 4621 1353 4675 sui
1391 4621 1576 4686 habet,
1614 4634 1749 4689 quos
1790 4620 1932 4673 inter
1968 4618 2112 4673 chri-

2212 4624 2357 4696 ἔχον,
2403 4620 2485 4690 οἷς
2516 4626 2833 4680 πλεονεκτεῖ
2868 4626 2946 4698 τῷ
2982 4628 3267 4700 χρίσματι,
3315 4630 3375 4681 ὲν
3428 4627 3606 4698 έαντῷ
3645 4629 3799 4694 sese-

535 4732 709 4776 smate
744 4717 993 4782 excellit,
1032 4718 1235 4786 quique
1274 4716 1456 4769 omnia
1513 4712 1837 4769 sanctissimi
1880 4710 2107 4781 Spiritus

2216 4736 2374 4789 μενον
2405 4719 2583 4772 πάντα
2616 4718 2683 4773 τὰ
2728 4719 3047 4791 χαρίσματα
3077 4718 3173 4773 τοῦ
3223 4720 3497 4789 παναγίου
3539 4721 3797 4793 Πνεύμα-

534 4814 866 4870 charismata
908 4812 961 4865 in
1001 4825 1060 4865 se
1100 4808 1322 4877 recepit.
1362 4808 1613 4877 Attamen
1651 4807 1704 4859 in
1748 4815 1976 4872 utraque
2014 4820 2111 4858 na-

537 4918 657 4961 tura
688 4921 850 4959 unum
882 4902 1075 4957 Filium
1106 4898 1472 4954 adorabimns.

609 4995 808 5051 lterum
848 4998 1038 5050 beatus
1076 4990 1275 5047 Paulus
1314 4989 1571 5043 Davidem
1608 4996 1806 5043 testem
1850 4988 2109 5043 invocans

538 5090 631 5161 qui
664 5090 741 5143 ait
774 5106 787 5143 :
825 5106 843 5138 ι
882 5086 1126 5150 Domine,
1160 5085 1287 5152 quid
1322 5089 1405 5136 est
1428 5084 1612 5145 homo,
1642 5082 1785 5150 quod
1817 5096 2022 5136 memor
2050 5095 2111 5135 es

536 5182 677 5251 ejus,
713 5188 806 5234 aut
842 5178 983 5232 [ilius
1018 5177 1251 5231 hominis
1292 5175 1546 5242 quoniam
1586 5173 1775 5227 visitas
1810 5171 1973 5227 eum?
2008 5172 2106 5227 Mi-

540 5274 703 5327 nuisti
734 5287 854 5326 eum
878 5270 1032 5340 paulo
1061 5270 1236 5322 minus
1263 5270 1327 5322 ab
1354 5267 1586 5336 angelis;
1616 5266 1787 5336 gloria
1818 5276 1872 5321 et
1902 5268 2108 5323 honore

540 5365 811 5419 eoronasti
842 5380 964 5417 eum
996 5362 1074 5427 ⁶¹;
1108 5380 1127 5413 ι
1156 5361 1397 5415 addidit:
1430 5379 1447 5409 ι
1482 5360 1615 5413 Eum
1651 5370 1829 5414 autem
1862 5360 1954 5429 qui
1987 5374 2103 5415 mo-

2208 4827 2299 4875 τος
2320 4828 2331 4839 ·
2364 4814 2422 4864 ὲν
2450 4810 2689 4883 ἑκατέρᾳ
2716 4811 2772 4867 δὲ
2797 4812 2956 4881 φύσει
2984 4811 3061 4883 (2)
3092 4812 3182 4865 τὸν
3207 4812 3305 4867 ἕνα
3333 4813 3460 4867 Υἱὸν
3483 4814 3796 4885 προσκυνή-

2214 4920 2419 4974 σωμεν.

2284 4997 2395 5050 Καὶ
2424 4992 2579 5059 αὖθις
2612 4990 2668 5049 δὲ
2690 4998 2718 5050 6
2755 4997 3024 5069 μακάριος
3067 4994 3279 5060 Παῦλος
3311 4998 3404 5050 τὸν
3436 4996 3602 5050 Δαϐιδ
3639 4997 3799 5051 καλέ·

2216 5105 2315 5151 σας
2354 5090 2435 5152 είς
2480 5089 2787 5161 μαρτυρίαν
2826 5090 3052 5159 λέγοντα
3076 5107 3089 5120 ’
3125 5109 3143 5141 ι
3171 5090 3367 5160 Κύριε,
3408 5090 3460 5142 τί
3503 5091 3657 5143 ἐστιν
3702 5092 3796 5145 dv-

2213 5177 2430 5249 θρωπος
2464 5180 2547 5233 ὅτι
2590 5182 2877 5254 μιμνήσκῃ
2915 5180 3116 5249 αὐτοῦ,
3156 5182 3188 5253 ἢ
3223 5180 3339 5246 υίὸς
3391 5182 3682 5253 ἀνθρώπου
3715 5182 3796 5235 ὅτι

2213 5270 2522 5343 ἐπισκέπτῃ
2554 5272 2754 5339 αύτόν;
2792 5274 3141 5339 Ἰιλάττωσας
3177 5276 3339 5329 αὑτὸν
3378 5275 3554 5347 βραχύ
3583 5293 3635 5329 τι
3666 5277 3792 5345 παρ’

2213 5363 2498 5433 ἀγγέλους,
2537 5364 2662 5438 δόξῃ
2693 5367 2788 5421 καὶ
2817 5371 2951 5440 τιμῇ
2988 5368 3369 5435 ἐστεφάνωσας
3404 5368 3570 5422 αὐτόν
3594 5386 3607 5397 ·
3634 5387 3653 5419 ι
3694 5368 3791 5420 ἑπ-

610 5543 655 5579 ³⁸
692 5542 854 5597 Hebr.
882 5558 922 5607 ι,
958 5543 1011 5595 '5.
1086 5540 1133 5571 ”
1167 5540 1294 5595 ibid.
1330 5540 1384 5595 4.
1464 5538 1506 5570 ⁸⁸
1539 5537 1667 5593 ibid.
1693 5538 1745 5605 8,
1774 5538 1827 5593 9.
1908 5541 1947 5570 ⁶¹
1986 5537 2149 5597 Hebr.
2188 5557 2249 5606 ll,
2295 5544 2349 5607 6,
2378 5543 2433 5601 7.

610 5699 685 5769 (l)
726 5700 803 5769 Ad
828 5699 969 5769 hunc
995 5696 1146 5750 Lucae
1171 5695 1513 5769 locnm‘quod
1542 5693 1731 5769 attinet
1756 5694 1963 5764 legatur
1993 5696 2111 5769 pul-

534 5765 674 5839 chra
700 5768 888 5839 Cyrilli
922 5770 1090 5839 nostri
1123 5766 1398 5839 enarratio
1426 5765 1583 5839 etiam
1627 5766 1681 5816 in
1712 5767 2113 5839 commenilarjis

534 5837 651 5902 eius
671 5831 802 5903 quos
831 5853 926 5896 nos
953 5838 1237 5895 edidimus.
1264 5832 1521 5903 (Hujusce
1543 5833 1747 5889 Patrol.
1777 5845 1815 5892 ι.
1847 5831 2110 5905 LXXII.)

2294 5700 2373 5771 (2)
2418 5700 2513 5754 Hic
2544 5718 2756 5773 quoque
2786 5705 2920 5757 duas
2947 5702 2999 5756 in
3024 5718 3135 5773 uno
3160 5701 3381 5756 Christo
3409 5713 3634 5756 naturas
3662 5702 3794 5773 apud

2222 5770 2477 5843 Cyrillum
2517 5770 2764 5845 legimus,
2798 5773 2980 5830 invitis
3015 5772 3214 5829 frustra
3250 5773 3587 5828 Severianis.
