4058 6328
293 459 427 514 “57

1467 460 1554 514 DE
1593 455 2108 515 INCARNATIONE
2149 452 2407 510 DOMINI.

3449 435 3590 493 MSS

286 579 495 650 ἠγάγεο
534 599 554 634 ι
584 581 688 636 Τὸν
726 582 785 637 δὲ
825 582 1000 655 βραχύ
1049 599 1101 635 τι
1147 581 1278 652 παρ’
1319 581 1587 650 ἀγγέλους
1632 583 1878 651 ἠλαττω-

1991 580 2110 635 dico
2155 592 2318 649 quam
2364 575 2542 647 angeli
2587 573 2896 629 minoratus
2938 577 3042 631 est,
3084 563 3333 618 videmus
3371 559 3584 620 Jesum,

293 673 455 742 μόνον
496 671 767 745 βλέπομεν
803 675 1032 744 Ἰησοῦν,
1076 673 1166 728 διά
1203 673 1264 729 τὺ
1307 673 1540 744 πάθημα
1580 671 1678 728 τοῦ
1713 671 1880 724 θανά-

286 780 416 827 του,
461 765 590 838 δόξῃ
628 766 726 820 καὶ
773 770 907 838 τιμῇ
961 765 1435 837 ἑστεφανωμένον,
1497 767 1642 828 ὃπως
1698 765 1880 834 χάριτι

287 852 426 908 Θεοῦ
457 855 598 927 ὑπὲρ
627 857 828 920 παντὸς
856 858 1122 928 γεύσηται
1151 857 1406 912 θανάτου.
1434 875 1451 907 ι
1488 856 1661 909 Τοῦτο
1690 855 1747 908 δὲ
1785 854 1882 924 μά-

289 943 451 999 λιστα
504 947 692 1016 σαφῶς
731 949 970 1002 δείκνυσι
999 949 1093 1003 τοῦ
1137 948 1539 1018 ἀναληφθέντος
1589 947 1880 1018 ἀνθρώπου

288 1037 352 1090 τὺ
384 1038 618 1093 τέλειον·
648 1042 743 1094 καὶ
774 1044 882 1114 γάρ
935 1059 1067 1114 φησι
1087 1060 1100 1074 ο
1139 1061 1158 1094 t
1187 1042 1253 1095 Τί
1283 1043 1430 1094 ἐστιν
1459 1041 1768 1112 ἄνθρωπος,
1798 1041 1879 1092 ὅτι

295 1133 582 1205 μιμνήσκῃ
638 1135 840 1202 αὐτοῦς
880 1156 896 1187 ι
938 1137 1076 1190 ἀλλά
1121 1135 1173 1188 τί
1219 1135 1368 1190 ἐστιν
1415 1133 1736 1206 ἄνθρωπος,
1786 1131 1880 1185 καλ⁸

291 1226 475 1280 πᾶσαν
514 1228 647 1297 ὁμοῦ
678 1228 776 1301 τὴν
815 1230 978 1298 φύσιν
1015 1228 1353 1300 περιλαϐών·
1388 1228 1484 1282 καὶ
1532 1227 1736 1298 Κύριον
1784 1225 1881 1297 μὲν

291 1321 778 1390 προσαγορεύσας,
824 1323 916 1375 τὸν
970 1325 1326 1393 ὲνοικήσαντα
1373 1320 1505 1374 Θεὸν
1548 1321 1744 1388 Λόγον,
1789 1317 1882 1371 τὸν

289 1409 391 1483 τῆς
428 1412 635 1474 οἰκείας
675 1414 881 1477 εἰκόνος
930 1414 1258 1483 μνησθέντα,
1305 1414 1397 1466 τὸν
1427 1413 1653 1483 ἀρρήτῳ
1694 1410 1882 1480 φιλαν-

292 1503 511 1576 θρωπία
570 1507 961 1577 χρησάμενον·
1021 1505 1310 1576 ἄνθρωπον
1366 1505 1422 1558 δὲ
1467 1503 1557 1556 τὸν
1601 1503 1661 1569 ἐξ
1722 1500 1880 1573 ἡμῶν

292 1596 671 1669 ἀναληφθέντα
702 1598 848 1663 ναὸν,
879 1598 938 1652 ὃν
968 1601 1036 1668 τῇ
1073 1598 1348 1670 παρουσίᾳ
1377 1595 1746 1664 ἐπεσκέψατο,
1784 1593 1882 1647 καὶ

291 1688 471 1759 ἑαυτῷ
504 1690 730 1760 συνῆψε,
761 1692 856 1743 καὶ
885 1693 950 1761 τῇ
987 1689 1176 1743 ὲνώσει
1217 1689 1316 1760 τὴν
1361 1687 1638 1758 σωτηρίαν
1693 1684 1883 1756 είργά-

293 1794 426 1833 σατο
445 1796 460 1810 ’
490 1780 584 1833 καὶ
615 1778 775 1833 τοῦτο
824 1779 1144 1851 ἑρμηνεύων
1175 1779 1278 1849 ἔφη
1299 1797 1314 1810 ο
1348 1796 1366 1830 ι
1397 1779 1501 1831 Τὸν
1520 1777 1577 1830 δὲ
1613 1776 1790 1848 βραχύ
1830 1794 1881 1830 τι

1986 680 2210 742 propter
2238 670 2545 740 passionem
2578 665 2794 730 mortis,
2824 661 2996 742 gloria
3030 667 3084 714 et
3115 660 3323 713 honore
3352 668 3588 719 corona-

1985 739 2131 828 tum,
2179 739 2250 816 ut
2283 760 2456 832 gratia
2506 756 2635 823 Dei,
2679 770 2778 828 pro
2820 739 3075 810 omnibus
3119 755 3353 804 mortem
3401 753 3587 814 gusta-

1985 865 2068 910 ret
2093 856 2161 909 “.
2203 874 2221 906 ›
2254 831 2370 909 Hoc
2401 860 2583 907 autem
2615 845 3068 906 manifestissime
3099 838 3368 908 assumpti
3405 831 3586 890 homi-

1983 948 2070 1001 nis
2102 945 2495 1016 perfectionem
2527 942 2890 998 demonstrat.
2923 935 3013 990 Ait
3042 933 3187 989 enim
3219 949 3234 985 :
3274 947 3293 981 ι
3331 927 3472 994 Quid
3501 935 3588 980 est

1983 1041 2167 1104 homo,
2202 1037 2347 1108 quod
2384 1049 2593 1090 memor
2623 1048 2684 1089 es
2719 1031 2875 1099 ejus?
2915 1048 2932 1080 ι
2975 1027 3082 1081 Sed
3120 1022 3249 1095 quid
3291 1027 3378 1077 est
3416 1019 3587 1075 homo

1982 1134 2109 1186 dum
2153 1134 2247 1196 ait,
2288 1129 2600 1183 universam
2642 1124 2803 1180 simul
2842 1130 3097 1176 naturam
3140 1109 3582 1186 comprehendit.

1982 1224 2046 1278 Et
2087 1224 2214 1277 dum
2260 1221 2546 1276 Dominum
2588 1215 2846 1287 appellat,
2887 1211 3054 1266 Deum
3085 1206 3327 1263 Verbum
3368 1201 3588 1258 inhabi—

1983 1326 2105 1370 tans
2138 1314 2286 1379 dicit,
2313 1312 2459 1382 quod
2491 1325 2603 1365 sua:
2636 1306 2893 1375 imaginis
2924 1315 3134 1358 memor
3162 1297 3289 1362 fuit,
3318 1295 3464 1366 quod
3504 1293 3589 1346 in-

1980 1407 2249 1464 effabilem
2273 1403 2618 1461 clementiam
2642 1398 3000 1470 exprompsit.
3026 1390 3316 1448 Hominem
3342 1385 3583 1466 denique

1981 1503 2055 1555 ait
2108 1499 2236 1554 illud
2263 1497 2406 1568 quod
2433 1497 2501 1552 de
2529 1493 2686 1549 nobis
2713 1498 2991 1558 sumptum
3019 1495 3102 1542 est
3132 1481 3412 1554 templum,
3438 1478 3584 1548 quod

1984 1590 2271 1662 praesentia
2300 1604 2397 1644 sua
2424 1585 2693 1651 visitavit,
2721 1583 2940 1653 sibique
2964 1577 3264 1649 c0pulavit,
3287 1585 3464 1641 eaque
3491 1569 3587 1623 ad-

1983 1660 2242 1738 unatione
2266 1679 2496 1736 salutem
2523 1677 2753 1749 peregit.
2775 1674 2907 1744 Qua:
2931 1673 3048 1744 ipse
3074 1670 3448 1739 interpretans
3470 1660 3581 1715 ait:

1988 1796 2006 1828 ι
2054 1775 2188 1830 Eum
2230 1785 2409 1829 autem
2448 1772 2542 1843 qui
2585 1770 2803 1827 modico
2844 1782 3008 1838 quam
3055 1761 3234 1832 angeli
3277 1759 3584 1812 minoratus

293 1869 426 1938 mp‘
445 1868 713 1936 ἀγγέλους
740 1868 1126 1940 ἠλαττωμένον
1157 1868 1429 1939 βλέπομεν
1465 1866 1673 1938 Ἰησοῦν
1703 1867 1792 1920 διὰ
1818 1866 1881 1919 τὸ

1991 1877 2091 1935 est,
2130 1866 2379 1922 videmus
2419 1864 2638 1932 Jesum,
2677 1869 2902 1935 propter
2940 1857 3136 1914 mortis
3172 1853 3510 1926 passionem.
3558 1866 3580 1900 ι

293 1935 526 2031 πάθημα
562 1959 658 2015 τοῦ
693 1935 1004 2016 θανάτου.)
1041 1935 1308 2015 ’Δπεθανε
1332 1935 1395 2016 δὲ
1427 1935 1583 2032 οὐχνὸ
1613 1960 1881 2024 ἀθάνατος

1991 1959 2230 2014 Mortuus
2253 1966 2338 2014 est
2363 1958 2546 2028 itaque
2569 1971 2677 2011 non
2710 1950 3037 2010 immortalis
3067 1949 3232 2012 Deus,
3259 1944 3355 2000 sed
3384 1949 3584 1996 natura

291 2049 424 2116 Θεὸς
455 2051 648 2121 Λόγος,
682 2051 799 2106 ἀλλ’
831 2053 864 2123 ἡ
900 2051 1070 2124 θνητὴ
1105 2052 1287 2124 φύσις.
1322 2053 1415 2105 Διὸ
1449 2054 1545 2105 καὶ
1581 2050 1885 2122 ἠλαττοῦτο

294 2139 469 2212 βραχύ
505 2157 558 2194 τι
620 2143 752 2213 παρ’
781 2139 1083 2209 ἀγγέλους,
1124 2139 1204 2211 τῷ
1245 2141 1371 2204 τοὺς
1439 2139 1537 2210 μὲν
1579 2139 1883 2203 ἀθανάτους

292 2229 456 2296 εἶναι,
487 2232 586 2305 τὴν
625 2233 682 2287 δὲ
714 2233 936 2304 θνητήν.
978 2232 1038 2289 ⁸0
1067 2233 1124 2287 δὲ
1146 2232 1279 2296 Θεὸς
1309 2232 1481 2301 Λόγος
1505 2233 1604 2285 οὐκ
1642 2232 1882 2285 ἐλάττων

293 2324 564 2394 ἀγγέλων,
605 2326 741 2380 ἀλλά
767 2317 1352 2396 δεσπότηςδάγγέλων·
1394 2345 1413 2378 ι
1453 2325 1542 2378 Ἐν
1573 2322 1725 2393 αὐτῷ
1772 2322 1884 2394 γὰρ

294 2419 520 2490 ἐκτίσθη
559 2419 630 2473 τά
669 2418 883 2482 πάντα,
916 2417 1027 2472 εῐτε
1073 2417 1279 2485 ὁρατὰ,
1325 2416 1438 2471 εἴτε
1482 2416 1730 2488 ἀόρατα,
1771 2414 1882 2468 εἴτε

292 2509 506 2579 Θρόνοι,
538 2512 649 2563 εἴτε
682 2510 1037 2580 κυριότητες,
1062 2509 1169 2562 εῐτε
1200 2510 1410 2580 ’Δρχαὶ,
1439 2507 1548 2561 εἴτε
1587 2507 1882 2574 Ἐξουσίαι,

295 2596 407 2654 εἴτε
435 2595 713 2669 Ἄγγελοι,
735 2601 844 2654 εἴτε
869 2601 1168 2673 Δυνάμεις·
1201 2603 1380 2657 πάντα
1405 2603 1462 2656 δὲ
1484 2603 1549 2656 δι’
1577 2602 1767 2668 αὐτοῦ,
1791 2603 1884 2657 καὶ

293 2694 374 2756 εἰς
406 2693 571 2747 αὐτὸν
602 2693 867 2748 ἔκτισται.
904 2713 921 2745 ι
975 2694 1086 2748 Καὶ
1129 2695 1268 2765 μετά
1300 2695 1470 2748 πολλὰ
1513 2695 1676 2748 πάλιν
1697 2713 1710 2725 ·
1743 2713 1760 2747 t
1788 2698 1885 2760 Ὃς

293 2787 354 2840 ἐν
376 2789 498 2850 ταῖς
528 2787 786 2858 ἡμέραις,
813 2789 968 2857 φησὶ,
996 2788 1096 2858 τῆς
1132 2787 1334 2857 σαρκὸς
1365 2788 1528 2841 αὐτοῦ
1553 2790 1765 2860 δεήσεις
1791 2791 1887 2843 καὶ

297 2878 580 2948 ἱκετηρίας
612 2879 749 2950 πρὸς
790 2880 880 2931 τὸν
923 2879 1221 2948 δυνάμενον
1245 2880 1406 2933 αὐτὸν
1432 2881 1495 2933 ὲκ
1525 2879 1758 2934 θανάτου
1794 2882 1887 2951 ρύ-

297 2970 496 3024 σασθαι
546 2971 684 3040 μετά
736 2974 984 3042 κραυγῆς
1026 2973 1251 3043 ἰσχυρᾶς
1296 2972 1673 3044 καὶ-δακρύων
1718 2991 1887 3045 προσ-

295 3062 568 3130 ενεγκὼν,
614 3063 709 3116 καὶ
773 3063 1149 3128 εἰσακουσθεὶς
1204 3065 1311 3118 ἀπὸ
1363 3065 1462 3135 τῆς
1509 3065 1817 3130 εὐλαϐείας.
1860 3085 1878 3118 ι

297 3154 518 3226 Καίπερ
547 3154 623 3208 ὢν
657 3155 805 3218 Υἱὸς,
843 3155 1046 3225 ἔμαθεν
1079 3156 1138 3222 ἐξ
1187 3150 1262 3210 ὧν
1288 3157 1456 3210 ἔπαθε
1487 3156 1587 3228 τὴν
1619 3158 1882 3230 ὑπακοὴν,

297 3245 392 3298 καὶ
415 3245 721 3309 τελειωθεὶς
752 3245 973 3314 γέγονεν
1003 3247 1175 3301 ἆπασι
1203 3247 1312 3309 τοῖς
1338 3248 1705 3302 ὑπακούουσιν
1735 3249 1885 3321 αὐτῷ

295 3337 469 3399 αἴτιος
501 3337 774 3406 σωτηρίας
814 3339 1057 3393 αἰωνίου.

367 3513 467 3577 Τίς
501 3515 679 3567 τοίνυν
705 3517 734 3568 6
765 3517 1232 3587 προσευχόμενος,
1275 3518 1369 3571 καὶ
1401 3519 1616 3590 δεήσεις
1646 3522 1740 3574 κα)⁴
1778 3523 1889 3574 ίκε-

296 3605 493 3676 τηρίας
513 3605 651 3675 μετὰ
681 3607 930 3676 κραυγῆς
954 3609 1182 3678 ἰσχυρᾶς
1201 3609 1295 3664 καὶ
1315 3610 1569 3682 δακρύων
1591 3629 1861 3682 προσενεγ
1875 3642 1893 3653 -

298 3697 442 3763 κών;
492 3699 587 3762 Τίς
632 3701 661 3751 6
690 3701 747 3751 ὲν
780 3700 1034 3772 εὐλαϐείᾳ
1075 3703 1346 3774 συζήσας,
1381 3705 1476 3757 καὶ
1507 3705 1594 3758 διὰ
1625 3706 1785 3760 τοῦτο
1831 3707 1890 3760 ὃν

298 3791 544 3843 ἱκέτευσε
600 3791 832 3857 πείσας;
867 3792 963 3854 Τίς
993 3794 1022 3846 6
1058 3793 1246 3862 μαθὼν
1294 3796 1387 3862 ἀφ’
1437 3789 1514 3849 ὧν
1566 3796 1736 3851 ἔπαθε
1792 3799 1890 3871 τὴν

297 3882 566 3954 ὑπακοὴν,
595 3885 687 3935 καὶ
713 3884 811 3953 τὴν
838 3887 1036 3953 πεῖραν
1063 3884 1244 3938 λαϐὼν
1269 3886 1611 3953 διδάσκαλον,
1641 3891 1737 3943 καὶ
1770 3891 1894 3944 ταύ-

296 3991 395 4044 την
421 3974 634 4042 ἀγνοῶν
658 3975 763 4045 πρὸ
789 3979 886 4045 τῆς
916 3977 1108 4047 πείρας
1131 3996 1144 4042 ;
1171 3978 1266 4042 Τίς
1293 3982 1320 4031 6
1344 3978 1523 4033 λαϐὼν
1550 3982 1692 4035 κατά
1726 3983 1892 4054 μέρος

296 4065 397 4134 τὴν
434 4063 784 4135 τελειότητα;
815 4068 931 4136 Οὐχ
971 4070 1000 4118 6
1040 4068 1170 4130 θεὸς
1204 4070 1397 4138 Λόγος,
1430 4073 1457 4124 6
1491 4071 1716 4138 τέλειος,
1752 4075 1780 4126 6
1817 4077 1892 4127 si-

296 4156 402 4222 Gt‘u;
440 4158 618 4212 πάντα
659 4159 790 4228 πρὶν
835 4161 1104 4226 γενέσεως
1137 4162 1336 4224 αὐτῶν,
1370 4162 1486 4215 ἀλλ’
1509 4166 1570 4217 οὐ
1612 4169 1678 4237 τῇ
1729 4167 1894 4239 πείρᾳ

303 4249 621 4322 μανθάνωνο
650 4250 679 4304 6
726 4252 934 4315 πάντας
969 4253 1107 4322 ἔχων
1155 4255 1613 4324 εὐλαϐουμένους,
1649 4258 1763 4311 ἀλλ’
1790 4261 1893 4314 οὐκ

299 4342 463 4405 αὐτὸς
492 4342 888 4411 εὐλαϐούμενος
914 4362 924 4373 -
959 4346 987 4395 6
1021 4345 1354 4414 ἀφελόμενος
1381 4349 1489 4401 πᾶν
1521 4348 1757 4420 δάκρυον
1785 4353 1893 4406 ἀπὸ

300 4434 504 4497 παντὸς
543 4432 858 4501 προσώπου,
889 4433 1004 4485 ἀλλ’
1031 4437 1092 4488 οὐ
1123 4434 1383 4506 δακρύειν
1420 4438 1511 4491 ὐπ’
1536 4439 1729 4510 ὀδύνης
1763 4443 1893 4495 ἀνα-

298 4526 670 4596 γκαζόμενος·
708 4528 736 4578 6
765 4527 982 4595 ἀπαθὴς
1025 4531 1118 4580 καὶ
1153 4529 1437 4593 ἀθάνατος,
1469 4531 1584 4584 ἀλλ’
1611 4534 1670 4586 οὺ
1706 4534 1892 4601 δεδιὼς

1987 2049 2256 2104 mortalis.
2304 2048 2428 2103 Ideo
2468 2055 2524 2104 et
2568 2045 2784 2102 modico
2827 2041 2969 2098 infra
3014 2037 3239 2109 angelos
3279 2033 3586 2089 minoratus

1983 2148 2090 2204 est,
2117 2139 2243 2207 quia
2272 2139 2324 2193 hi
2353 2147 2483 2193 sunt
2511 2133 2873 2197 immortales,
2902 2132 2992 2186 illa
3021 2143 3182 2184 secus
3213 2135 3409 2180 natura
3439 2135 3588 2176 mor-

1986 2232 2114 2286 talis
2138 2240 2242 2286 est.
2270 2229 2441 2290 Porro
2472 2228 2614 2283 Deus
2639 2226 2876 2282 Verbum
2903 2239 3011 2278 non
3041 2229 3127 2276 est
3155 2217 3296 2275 infra
3326 2214 3549 2285 angelos
3569 2252 3586 2277 ,

1984 2324 2081 2380 sed
2110 2322 2428 2390 angelorum
2455 2318 2675 2390 833m
2707 2316 2988 2372 Dominus.
3035 2330 3053 2363 ι
3086 2309 3354 2378 Quoniam
3382 2306 3436 2360 in
3469 2305 3589 2372 ipso

1986 2416 2208 2472 condita
2243 2422 2370 2468 sunt
2403 2412 2693 2472 universa,
2730 2408 2845 2463 sive
2882 2404 3151 2468 visibilia,
3189 2401 3306 2456 sive
3341 2396 3591 2452 invisibi-

1985 2506 2082 2572 lia,
2113 2506 2231 2563 sive
2260 2504 2491 2570 Throni,
2523 2501 2642 2557 sive
2678 2498 3115 2561 Dominationes,
3151 2494 3267 2547 sive
3304 2489 3590 2558 Principa-

1989 2609 2107 2664 tus,
2132 2598 2248 2653 sive
2275 2595 2612 2658 Potestates,
2639 2593 2755 2648 sive
2777 2588 2969 2660 Angeli
2990 2628 3006 2654 ,
3034 2587 3148 2642 sive
3167 2581 3443 2646 Virtutes;
3471 2588 3588 2635 om-

1988 2692 2290 2747 niaautem
2323 2701 2420 2758 per
2446 2687 2646 2757 ipsum,
2673 2693 2730 2739 et
2757 2683 2813 2737 in
2848 2682 2969 2751 ipso
2999 2686 3185 2734 creata
3218 2683 3346 2730 sunt
3369 2673 3436 2725 ⁸⁸.
3475 2690 3493 2722 ι
3525 2670 3592 2724 Ει

1988 2783 2116 2838 alibi
2159 2782 2340 2837 denuo
2378 2797 2394 2835 :
2437 2799 2456 2832 ι
2502 2778 2604 2846 Qui
2649 2778 2705 2832 in
2750 2775 2967 2837 diebus,
3012 2772 3210 2840 inquit,
3249 2766 3433 2822 carnis
3477 2777 3591 2818 sua:

1988 2888 2180 2945 preces
2216 2869 2754 2941 supplicationesque
2791 2866 2857 2921 ad
2894 2880 3019 2919 eum
3041 2903 3057 2928 ,
3091 2861 3186 2932 qui
3227 2860 3397 2930 pOSsit
3435 2855 3590 2910 illum

1988 2967 2197 3020 salvum
2233 2963 2415 3018 facere
2452 2977 2480 3017 a
2523 2970 2720 3027 morte,
2758 2974 2883 3014 cum
2917 2957 3157 3012 clamore
3192 2952 3370 3006 valido
3409 2957 3464 3003 et
3507 2948 3590 3001 la-

1989 3058 2192 3128 crymis
2234 3054 2500 3119 olIerens,
2549 3052 2842 3108 exauditus
2895 3057 2980 3105 est
3031 3061 3130 3116 pro
3176 3059 3275 3099 sua
3327 3054 3591 3096 reveren-

1991 3153 2062 3204 tia
2089 3149 2156 3203 “.
2203 3168 2223 3201 ι
2262 3148 2327 3203 Et
2359 3147 2580 3217 quidem
2623 3161 2745 3200 rum
2784 3153 2929 3199 esset
2968 3140 3166 3204 Filius,
3205 3136 3393 3193 didicit
3419 3148 3485 3188 ex
3523 3135 3591 3187 iis

1991 3257 2112 3312 qua:
2149 3255 2345 3311 passus
2377 3249 2464 3294 est
2493 3237 2859 3292 obedientiam
2895 3254 2910 3290 :
2942 3246 2995 3290 et
3032 3239 3468 3292 consummatus,
3503 3226 3589 3280 fa-

1993 3344 2114 3388 ctus
2144 3340 2231 3388 est
2264 3330 2520 3386 omnibus
2549 3326 3059 3397 obtemperantibus
3091 3323 3214 3386 sibi,
3246 3334 3410 3377 causa
3445 3318 3590 3374 salu-

1993 3427 2060 3481 tis
2090 3436 2329 3482 aeternae.

2062 3515 2197 3582 Quis
2225 3529 2357 3584 ergo
2393 3522 2480 3568 est
2510 3526 2699 3576 orans,
2731 3520 2784 3566 et
2820 3523 3014 3581 preces
3049 3506 3592 3577 supplicationesque

1991 3620 2115 3660 cum
2146 3606 2388 3659 clamore
2415 3605 2593 3658 valido
2623 3611 2676 3657 et
2707 3601 2965 3672 lacrymis
2995 3596 3268 3655 offerens?
3297 3595 3433 3663 Quis
3466 3609 3590 3648 cum

1993 3698 2245 3769 religiosa
2279 3697 2578 3751 reverentia
2608 3696 2817 3759 vivens,
2849 3694 3080 3763 ideoque
3109 3692 3176 3746 ab
3208 3705 3273 3745 eo
3305 3702 3466 3758 quem
3502 3702 3593 3741 ro-

1990 3791 2138 3862 gavit
2169 3789 2502 3860 impetrans?
2528 3788 2661 3852 Quis
2690 3789 2912 3842 discens
2937 3801 3002 3840 ex
3034 3786 3099 3838 iis
3128 3798 3252 3854 qua:
3281 3797 3477 3852 passus
3505 3789 3596 3835 est

1990 3883 2380 3947 obedientiam,
2409 3892 2464 3938 et
2494 3880 2742 3948 magistri
2776 3879 2896 3933 loco
2925 3875 3322 3945 experientiam
3355 3874 3592 3937 habens,

1993 3979 2217 4047 ignarus
2245 3977 2364 4045 ejus
2395 3974 2470 4028 rei
2504 3983 2802 4042 antequam
2832 3968 3214 4039 experiretur?
3262 3967 3399 4034 Quis
3428 3966 3594 4036 pede-

1995 4072 2185 4127 tentim
2223 4070 2454 4140 adeptus
2492 4077 2577 4124 est
2615 4062 3045 4137 perfectionem?
3083 4061 3236 4116 Haud
3275 4074 3408 4114 sane
3451 4060 3594 4114 Deus

1993 4164 2255 4230 Verbum,
2292 4162 2591 4232 perfectum
2630 4160 2780 4222 illud,
2807 4166 2864 4212 et
2898 4158 3043 4228 quod
3077 4156 3263 4210 omnia
3298 4163 3592 4221 antequam

1996 4261 2127 4311 fiant
2155 4257 2326 4320 novit,
2358 4255 2583 4309 minime
2613 4269 2741 4307 vero
2771 4249 3108 4320 experientia
3145 4248 3362 4302 discens
3398 4264 3413 4300 :
3447 4245 3594 4314 quod

1992 4364 2183 4404 omnes
2208 4348 2374 4402 habet
2395 4347 2478 4400 sui
2503 4346 2762 4408 cultores,
2785 4344 2916 4397 dum
2942 4341 3011 4395 ab
3032 4342 3150 4408 ipso
3173 4339 3372 4395 colitur
3393 4351 3593 4403 nemo;

1993 4440 2248 4496 auferens
2282 4438 2350 4492 ab
2377 4438 2524 4492 omni
2562 4437 2702 4491 facie
2734 4436 3055 4504 lacrymam,
3085 4433 3261 4502 ipsum
3287 4445 3419 4485 vero
3450 4429 3597 4484 nullo

1994 4537 2182 4591 dolore
2217 4532 2509 4603 lacrymari
2545 4529 2885 4599 compulsum
2922 4546 2937 4595 ;
2973 4525 3337 4596 impassibile,
3375 4525 3597 4577 immor-

297 4619 390 4671 τὸν
424 4617 672 4682 θάνατον,
707 4617 799 4669 καὶ
852 4618 990 4685 μετά
1042 4619 1292 4690 κραυγῆς
1339 4622 1598 4676 ἱκετεύων
1644 4624 1888 4678 ἀπαλλα-

2001 4630 2130 4693 tale,
2168 4643 2271 4682 non
2316 4634 2498 4678 autem
2545 4633 2774 4677 mortem
2825 4622 3045 4685 timens,
3095 4632 3272 4687 neque
3316 4625 3375 4669 ut
3420 4617 3488 4670 ah
3530 4631 3594 4669 ea

299 4710 465 4779 γῆναι
499 4708 751 4762 θανάτου.
787 4710 999 4762 Οὐκοῦν
1029 4709 1134 4763 ἴδια
1162 4712 1335 4765 ταῦτα
1360 4716 1459 4784 τῆς
1491 4716 1894 4787 ἀναληφθείσης

299 4800 760 4872 ἀνθρωπότητος,
797 4803 829 4869 ἦ
866 4803 959 4855 καὶ
1004 4802 1093 4855 τὸν
1128 4803 1359 4858 θάνατον
1408 4806 1622 4871 ἐδεδίει,
1675 4811 1771 4862 καὶ
1814 4809 1892 4863 δι-

299 4893 477 4945 ετέλει
516 4893 967 4963 προσευχομένη,
1015 4895 1112 4963 τῆς
1167 4897 1484 4969 ὲνοικούσης
1531 4899 1797 4972 Θεότητος
1819 4901 1897 4972 τῷ

300 4986 455 5057 φόϐῳ
495 4985 966 5057 παραγωρούσης,
1006 4987 1093 5040 ἵνα
1126 4989 1213 5041 διὰ
1247 4990 1354 5043 τῶν
1393 4993 1734 5061 παθημάτων
1785 4996 1896 5049 δει-

301 5079 408 5150 χθῇ
454 5076 546 5131 τοῦ
581 5078 878 5148 ληφθέντος
923 5083 955 5150 ἡ
993 5079 1174 5148 φύσις.
1225 5084 1336 5136 Καὶ
1387 5084 1580 5137 πάλινσ
1621 5107 1638 5138 ι
1670 5091 1745 5141 Οὐ
1789 5090 1898 5161 γὰρ

301 5172 476 5244 δήπου
540 5170 791 5239 ἀγγέλων
854 5172 1321 5242 ἐπιλαμϐάνεται,
1384 5176 1520 5230 ἁλλά
1581 5179 1899 5250 σπέρματος

316 5264 565 5334 Ἀϐραὰμ
618 5264 1086 5334 ἐπιλαμϐάνεται·
1125 5267 1246 5319 ὅθεν
1292 5267 1491 5336 ὤφειλε
1543 5272 1682 5326 κατά
1720 5273 1900 5327 πάντα

302 5360 416 5420 τοῖς
463 5356 711 5425 ἀδελφοῖς
747 5358 1116 5428 ὁμοιωθῆναι,
1166 5361 1244 5422 εἰς
1290 5361 1351 5412 τὸ
1409 5363 1730 5418 ἱλάσκεσθαι
1774 5369 1893 5431 ταῖς

305 5447 606 5518 ἁμαρτίαις
648 5449 741 5501 τοῦ
788 5450 938 5504 λαοῦ.
971 5471 989 5503 ›
1042 5453 1128 5504 Ἐν
1173 5445 1215 5518 ᾧ
1256 5455 1365 5524 γὰρ
1416 5457 1683 5510 πέπονθεν
1739 5460 1900 5524 αὐτὸς

310 5541 654 5609 πειρασθείς,
705 5541 929 5596 δύναται
978 5548 1090 5609 τοῖς
1150 5549 1567 5617 πειραζομένοις
1611 5551 1896 5622 βοηθῆσαι.

312 5635 418 5686 Καὶ
453 5637 571 5703 μετ’
612 5635 802 5703 ὀλίγα·
842 5657 856 5684 ι
890 5638 962 5689 Οὐ
999 5639 1106 5707 γὰρ
1147 5641 1344 5710 ἔχομεν
1389 5644 1652 5713 ἀρχιερέα
1698 5645 1772 5713 μὴ
1808 5645 1898 5697 δυ-

310 5725 538 5792 νάμενον
590 5725 945 5795 συμπαθῆσαι
981 5730 1100 5786 ταῖς
1130 5729 1437 5794 ἀσθενείαις
1485 5732 1663 5799 ἡμῶν,
1711 5749 1901 5786 πεπει-

380 5899 422 5927 ’¹
451 5899 611 5955 llxbr.
647 5915 706 5970 It,
749 5902 801 5959 9.

880 5906 922 5929 *⁸³
957 5903 1165 5960 Cultus.
1197 5923 1230 5972 t,
1278 5907 1353 5959 H3.
1517 5907 1676 5964 Hebr.
1711 5927 1757 5975 \,
1798 5914 1822 5960 7

1997 4723 2260 4776 liberetur
2293 4733 2417 4772 cum
2463 4715 2702 4769 clamore
2743 4712 3082 4780 supplicans.
3121 4709 3388 4774 Superest
3429 4706 3597 4774 igitur

1999 4822 2057 4867 ut
2092 4813 2206 4866 hmo
2241 4807 2598 4863 humanitatis
2637 4815 2927 4872 assumpta:
2965 4803 3075 4856 sint
3111 4799 3354 4870 propria,
3391 4812 3511 4865 qme
3544 4805 3599 4850 et

2002 4914 2232 4960 mortem
2262 4900 2559 4962 metuebat,
2585 4909 2639 4951 et
2668 4898 2720 4950 in
2751 4896 3002 4950 oratione
3032 4891 3442 4963 perseverabat,
3469 4902 3597 4956 qua-

2003 5009 2162 5051 tenus
2199 4993 2511 5050 inhabitans
2545 4991 2726 5045 Deitas
2756 4989 2936 5043 timori
2976 4988 3152 5040 locum
3189 4999 3313 5039 esse
3345 4983 3598 5044 sinebat;

1998 5101 2054 5144 ut
2093 5107 2160 5145 ex
2201 5086 2545 5157 passionibus
2587 5084 2848 5150 assumpti
2895 5079 3129 5133 hominis
3170 5087 3362 5132 natura
3406 5075 3600 5143 digno-

1998 5188 2265 5235 sccrelur.
2302 5178 2366 5231 Et
2402 5191 2590 5229 rursus
2629 5195 2641 5229 :
2686 5192 2704 5225 ι
2749 5173 3025 5240 Nusquam
3064 5171 3210 5224 enim
3249 5167 3470 5235 angelos
3505 5181 3601 5233 ap-

2000 5271 2321 5343 prehendit,
2358 5270 2453 5323 sed
2499 5283 2682 5323 semen
2727 5267 2967 5321 Abrahae
3011 5262 3368 5332 apprehendit
3407 5276 3420 5313 :
3460 5263 3602 5313 unde

2004 5365 2190 5419 debuit
2228 5377 2323 5430 per
2357 5362 2541 5415 omnia
2580 5359 2840 5413 fratribus
2875 5357 3135 5419 similari,
3175 5363 3233 5408 ut
3269 5355 3464 5408 delicta
3502 5369 3602 5421 pu-

2001 5458 2110 5529 pnli
2145 5455 2616 5526 repr0pitiaret".
2653 5473 2670 5504 ι
2705 5453 2760 5506 lit
2789 5467 2855 5506 eo
2885 5453 3030 5506 enim
3065 5451 3120 5504 in
3153 5465 3262 5519 quo
3294 5462 3490 5516 passus
3519 5457 3603 5501 est

1976 5549 2114 5615 ipse
2154 5556 2208 5602 et
2253 5555 2524 5607 tentatus,
2569 5554 2765 5613 potens
2805 5553 2889 5599 est
2931 5555 2987 5597 et
3031 5542 3111 5597 eis
3157 5540 3249 5610 qui
3297 5547 3604 5600 tentantur,

2000 5640 2272 5693 auxiliari.
2312 5639 2376 5693 Et
2418 5639 2560 5691 haud
2605 5637 2790 5692 multis
2833 5635 3139 5705 interiectis
3175 5651 3186 5684 :
3232 5652 3248 5681 ι
3295 5630 3412 5684 Non
3455 5629 3602 5683 enim

2003 5733 2265 5787 habemus
2302 5731 2649 5801 pontiﬁcem,
2689 5731 2780 5800 qtti
2823 5745 2928 5786 non
2968 5729 3137 5797 possit
3177 5725 3414 5793 compati
3453 5721 3605 5775 infir-

1953 5913 1968 5936 ‘
2009 5911 2169 5966 licbt‘.
2211 5912 2272 5978 ιιῖ
2316 5913 2390 5966 ιῡ,
