4058 6328
531 423 661 476 ΗΞᾹΞ)

1514 415 1568 468 S.
1612 415 1887 468 (LYlllILI
1916 416 2385 469 ALEXANDRINI
2423 414 2744 473 AIiCIiIEI‘.

3632 415 3768 475 I460

526 538 799 592 mitatibus
824 534 1049 595 nostris,
1078 540 1333 585 tentatum
1354 539 1527 585 autem
1552 532 1767 603 835m
1796 548 1887 602 per
1916 534 2075 585 omni;

2196 534 2430 604 ραμένον
2463 534 2515 586 δὲ
2543 534 2683 587 κατὰ
2718 534 2891 587 πάντα
2930 533 3048 585 καθ’
3070 535 3358 603 ὁμοιότητα
3396 533 3561 604 χωρίς
3593 534 3769 603 ἁμαρ-

522 646 619 698 prn
644 626 992 681 similitudine
1018 625 1218 691 absque
1243 631 1462 692 peccatu
1482 622 1543 675 ".
1574 643 1590 673 ι
1615 622 1706 676 Est
1734 626 1893 693 igitur
1915 625 2082 677 Abra-

527 720 667 773 hami
713 732 891 771 semen
937 718 1147 770 diversa
1194 731 1276 769 res
1315 716 1382 768 ab
1421 715 1507 768 illo
1547 715 1636 783 qui
1681 717 1731 767 id
1772 714 2076 781 assumpsit.

526 809 717 863 Semen
758 822 885 860 \cro
926 806 1215 858 Abrahami
1256 804 1461 857 sciebat
1502 805 1688 857 beatus
1726 802 1922 855 Paulus
1961 816 2080 854 esse

525 902 863 955 Servatorem
900 898 1169 952 Christum
1205 899 1495 949 secundum
1512 910 1781 948 carnem.t
1814 894 1927 947 Non
1947 893 2081 946 dixit

521 1001 575 1045 et
614 990 909 1043 seminibus
950 986 1087 1049 tuis,
1130 985 1283 1054 quasi
1325 985 1389 1039 de
1432 984 1645 1047 multis;
1688 985 1779 1036 sed
1819 982 1971 1051 quasi
2015 982 2080 1035 de

524 1096 627 1134 uno
655 1099 667 1133 :
701 1100 717 1131 ι
744 1077 807 1131 Ει
836 1076 1025 1131 semini
1061 1087 1174 1139 tuo,
1200 1079 1288 1144 qui
1318 1084 1399 1129 est
1426 1072 1759 1127 Christus".
1794 1091 1811 1124 ι
1845 1073 2079 1141 Denique

520 1170 678 1225 etiam
712 1168 901 1221 tentari
936 1166 1000 1220 ad
1033 1164 1433 1219 similitudinem
1463 1163 1665 1231 absque
1697 1171 1942 1231 peccato,
1972 1177 2078 1215 non

520 1269 601 1311 est
629 1257 719 1313 Dei
748 1256 925 1317 Verbi,
952 1255 1044 1309 sed
1074 1254 1334 1321 assumpti
1366 1252 1591 1306 seminis
1620 1252 1917 1320 proprium.

520 1365 679 1420 XXII.
721 1366 871 1431 Quod
901 1365 1053 1418 Jews
1087 1373 1134 1418 et
1166 1362 1302 1415 Deus
1352 1361 1566 1415 Verbum
1598 1371 1644 1413 et
1682 1364 1835 1413 homo
1862 1361 2074 1413 dicitur.

552 1547 629 1601 Ita
650 1540 1087 1615 punclarissimus
1116 1536 1311 1591 Paulus
1337 1549 1430 1605 per
1461 1544 1623 1588 totam
1652 1533 1938 1602 Epistolam
1966 1542 2077 1586 tum

518 1649 722 1692 natura;
756 1634 1132 1704 proprietates,
1173 1638 1279 1681 tum
1328 1638 1570 1694 persona:
1620 1624 1871 1692 praedicat
1902 1624 2079 1676 unita-

516 1738 621 1780 tem
657 1743 672 1777 :
702 1726 925 1791 ideoque
950 1719 1130 1774 Jesum
1153 1717 1430 1771 Christum
1458 1725 1510 1769 et
1536 1715 1808 1768 hominem
1844 1714 2078 1783 appellat

513 1826 565 1867 et
610 1814 795 1868 Deum.
850 1829 866 1861 ι
897 1808 1065 1871 Unus,
1104 1807 1296 1875 inquit,
1339 1805 1596 1859 Dominus
1626 1802 1783 1859 Jesus
1810 1804 2072 1866 Christus,

2187 624 2324 688 τὶας.
2358 625 2585 694 Ἕτερον
2630 626 2807 677 τοίνυν
2840 626 2900 677 τὸ
2931 624 3022 677 τοῦ
3071 624 3316 694 Ἀϐραάμ
3364 625 3581 693 σπέρμα
3616 625 3767 693 παρὰ

2186 714 2275 765 τὸν
2317 716 2817 785 ἐπιλαμϐανόμενον
2856 715 3065 769 τούτου.
3096 736 3113 767 ι
3153 716 3381 786 Σπέρμα
3418 716 3472 767 δὲ
3513 716 3766 785 Ἁϐραάμ

2185 800 2325 857 οἶδεν
2352 806 2379 856 6
2416 807 2682 875 μακάριος
2713 807 2921 869 Παῦλος
2962 808 3053 858 τὸν
3088 807 3314 877 Μτῆρα
3356 807 3591 875 Χριστὸν
3623 806 3764 859 κατὰ

2188 896 2383 964 σάρκα·
2427 915 2443 946 ι
2468 897 2538 948 Οὐ
2568 896 2675 966 γάρ
2695 894 2836 960 εἷπε,
2867 898 3017 965 φησὶ,
3043 898 3153 949 Καὶ
3184 900 3297 959 τοῖς
3336 896 3612 966 σπέρμασι
3647 911 3759 957 σου,

2186 984 2258 1047 ὡς
2286 985 2377 1037 ἐπὶ
2408 986 2634 1049 πολλῶν,
2663 989 2775 1040 ἀλλ’
2797 987 2870 1050 ὡς
2902 988 2984 1055 ἐφ’
3011 988 3148 1049 ἐνὸς,
3199 988 3310 1040 Καὶ
3375 987 3451 1056 τῷ
3484 987 3759 1057 σπέρματί

2188 1090 2300 1136 σου,
2332 1075 2387 1138 ὃς
2423 1078 2534 1129 ἐστι
2573 1078 2823 1147 Χριστός.
2855 1097 2873 1129 ι
2927 1078 3035 1129 Καὶ
3079 1077 3137 1129 τὸ
3184 1077 3509 1146 πειραθῆναι
3550 1078 3605 1130 δὲ
3639 1077 3759 1130 καθ’

2184 1166 2473 1234 ὁμοιότητα
2510 1168 2675 1237 χωρὶς
2707 1169 2999 1238 ἁμαρτίας,
3030 1168 3091 1219 οὐ
3116 1166 3209 1219 τοῦ
3239 1167 3375 1219 Θεοῦ
3401 1170 3574 1235 Λόγου
3605 1168 3757 1232 ἴδιον,

2184 1255 2319 1307 ἀλλὰ
2351 1256 2443 1308 τοῦ
2471 1257 2867 1326 ἀναληφθέντος
2896 1258 3225 1329 σπέρματος.

2186 1369 2309 1422 ΚΒ’.
2348 1370 2465 1423 ’Ότι
2502 1370 2730 1437 Ἰησοῦς
2769 1371 2876 1424 ,καὶ
2902 1371 3052 1439 ,Θεὸς
3082 1371 3271 1438 Λόγος
3322 1370 3420 1423 καὶ
3450 1372 3760 1439 ἄνθρωπος

2774 1508 2779 1511 ¹
2837 1438 3093 1506 λέγεται.

2257 1545 2441 1609 Οὕτως
2468 1547 2780 1611 όθειότατος
2800 1548 3029 1613 Παῦλος,
3060 1538 3147 1602 διὰ
3182 1550 3362 1619 πάσης
3386 1550 3485 1617 τῆς
3512 1523 3766 1604 Ἐπιστοί

2184 1638 2303 1706 λῆς,
2325 1639 2423 1700 τάς
2449 1655 2507 1691 τε
2532 1638 2639 1691 τῶν
2667 1640 2881 1706 φύσεων
2910 1640 3194 1709 ἰδιότητας,
3220 1640 3313 1692 καὶ
3341 1640 3436 1693 τοῦ
3464 1641 3754 1711 προσώπου

2184 1728 2440 1797 κηρύττει
2491 1728 2587 1799 τὴν
2634 1730 2856 1782 ἕνωσιν·
2894 1728 2974 1782 διὸ
3006 1729 3212 1799 Ἰησοῦν
3245 1731 3481 1800 Χριστὸν
3526 1732 3620 1784 καλ⁵
3659 1733 3752 1785 άν-

2184 1818 2401 1889 θρωπον
2453 1820 2547 1873 καὶ
2592 1819 2722 1872 Θεὸν
2758 1820 3184 1890 προσαγορεύει·
3226 1841 3245 1873 ι
3280 1816 3376 1885 Εἷς
3421 1822 3550 1891 γὰρ,
3590 1826 3751 1893 φησὶ,

512 1920 607 1974 per
625 1918 780 1971 quem
809 1900 988 1954 omnia
1012 1899 1077 1950 ⁸⁸.
1111 1918 1127 1949 ι
1152 1898 1464 1964 Rursusque
1489 1895 1773 1949 Timotheo
1799 1893 2073 1947 scribens:

2183 1878 2383 1981 Ιέύριος
2415 1912 2619 1981 Ἰησοῦς
2646 1878 2900 1983 Χριστὸς,
2924 1878 2991 1964 δἰν
3009 1878 3072 1966 οὗ
3095 1913 3162 1965 τά
3184 1878 3383 1967 πάντα..
3407 1878 3569 1967 ι’ΚΙαὶ

520 2015 538 2045 ο
575 1992 726 2049 Unus
763 1991 1043 2051 mediator,
1092 1990 1287 2055 inquit,
1340 1987 1432 2041 Dei
1481 1997 1535 2041 et
1586 1986 1882 2048 hominum,
1920 1984 2078 2036 homo

514 2084 759 2137 Christus
797 2079 954 2133 Justus
998 2080 1062 2132 ".
1099 2096 1116 2127 ι
1157 2076 1222 2129 Ει
1261 2078 1312 2128 iu
1340 2076 1525 2129 eadem
1553 2075 1617 2127 ad
1670 2073 1920 2127 Hebraeos
1949 2070 2063 2137 Epi-

513 2177 645 2230 stola
691 2194 705 2229 :
757 2193 774 2225 t
811 2171 969 2226 Jesus
1001 2171 1247 2225 Christus
1286 2168 1400 2220 heri
1446 2177 1498 2219 et
1534 2166 1712 2228 hodie,
1759 2165 1870 2233 ipse
1919 2172 1973 2217 et
2024 2163 2075 2215 in

512 2264 703 2319 saecula
754 2263 825 2315 ’°.
858 2280 876 2313 ι
912 2260 1028 2314 Alia
1082 2272 1317 2327 quoque,
1367 2255 1412 2310 si
1459 2255 1579 2323 quis
1630 2253 1793 2317 volet,
1842 2253 2077 2307 inveniet

510 2364 761 2409 sexcenta
808 2350 1113 2406 testimonia
1163 2349 1213 2401 in
1254 2346 1429 2400 divina
1476 2343 1754 2411 Scriptura
1800 2356 1916 2407 quae
1949 2356 2067 2408 per-

513 2442 708 2499 fectum
768 2441 1034 2495 hominem
1095 2437 1409 2507 praedicant,
1480 2444 1641 2503 atque
1700 2432 2073 2487 hereticorum

508 2542 803 2601 coarguunt
826 2531 1111 2585 insaniam.
1145 2526 1309 2581 Nobis
1337 2538 1513 2580 tamen
1539 2525 1705 2579 otium
1741 2525 1790 2575 in
1827 2523 2073 2591 prmsenti

508 2641 612 2681 non
640 2633 721 2679 est
751 2637 813 2677 ea
836 2619 1136 2688 colligendi.
1164 2618 1432 2671 Studiosis
1464 2616 1641 2682 itaque
1665 2612 1902 2666 laborem
1935 2611 2077 2663 hunc

508 2719 863 2777 dimittentes,
918 2728 1016 2767 nos
1048 2710 1261 2780 quidem
1316 2708 1644 2777 propositum
1697 2712 2075 2774 argumentum

508 2820 913 2879 prosequamur.

744 2918 929 2973 XXIII.
972 2917 1047 2971 De
1090 2915 1343 2984 ineffabili
1385 2912 1609 2981 Virgini:
1646 2920 1823 2978 partu.

576 3036 741 3105 Igitur
762 3032 1033 3102 propriam
1072 3028 1360 3097 imaginem
1407 3024 1546 3079 bello
1588 3023 1926 3076 fatiscentem
1971 3019 2073 3073 mi-

505 3135 719 3182 seratus
749 3123 997 3185 Creator,
1027 3130 1079 3176 et
1106 3119 1264 3174 morti
1294 3117 1565 3178 traditam,
1600 3113 1877 3168 inclinavit
1905 3111 2073 3165 cmlns

2182 2000 2430 2070 Τιμοθέῳ
2489 2000 2752 2070 γράφωνθ
2791 2020 2808 2051 ι
2840 1996 2933 2064 Εἷς
2971 2002 3227 2070 μεσίτης,
3277 2004 3443 2071 φησὶ,
3479 2000 3612 2054 Θεοῦ
3659 2002 3755 2054 καὶ

2182 2090 2502 2161 ἀνθρώπων,
2520 2090 2801 2161 ᾶνθρωπος
2825 2092 3056 2161 Χριστὸς
3088 2090 3293 2161 Ἰησοῦς
3314 2107 3326 2118 ·
3354 2109 3371 2141 ι
3406 2093 3497 2145 καὶ
3526 2093 3583 2144 ὲν
3616 2093 3753 2161 αὐτῇ

2178 2179 2234 2231 δὲ
2276 2182 2340 2249 τῇ
2392 2180 2529 2249 πρὸς
2563 2181 2880 2253 Ἐϐραιουςο
2920 2201 2937 2232 ι
2980 2180 3186 2251 Ἰησοῦς
3220 2182 3458 2253 Χριστὸς
3488 2181 3624 2251 χθὲς
3659 2183 3755 2235 καὶ

2182 2273 2420 2342 σήμερον
2446 2273 2474 2323 6
2502 2272 2683 2335 αὐτὸς,
2710 2274 2802 2325 καὶ
2824 2275 2905 2335 εις
2936 2275 3061 2335 τοὺς
3083 2274 3287 2335 αἰῶνας
3306 2291 3319 2305 ο
3348 2292 3366 2324 ι
3401 2275 3493 2325 καὶ
3518 2273 3681 2336 ἄλλας
3708 2273 3754 2325 δ’

2179 2360 2244 2413 ἄν
2266 2378 2346 2423 τις
2372 2359 2628 2429 ἐθελήσας
2654 2360 2803 2429 εῦροι
2836 2361 3034 2431 μυρίας
3064 2360 3369 2431 μαρτυρίας
3397 2363 3460 2414 ὲκ
3482 2361 3580 2430 τῆς
3604 2361 3756 2425 Θείας

2179 2449 2217 2500 Γ
2224 2448 2400 2518 ραφῆς
2430 2449 2523 2502 τὸν
2562 2449 2766 2501 τέλειον
2788 2448 3069 2519 ἄνθρωπον
3102 2449 3498 2519 κηρυττούσας.
3527 2451 3754 2503 καὶτῶν

2178 2538 2469 2607 αἱρετικῶν
2492 2537 2816 2606 ὲλεγχούσας
2836 2536 2934 2606 τὴν
2958 2536 3164 2591 ἄνοιαν.
3192 2538 3331 2589 Ἀλλ’
3354 2540 3483 2607 ⁴ἡμῖν
3506 2540 3565 2590 ού
3588 2539 3752 2609 σχολὴ

2176 2626 2348 2680 ταῦτα
2379 2627 2656 2693 συλλέγειν
2693 2628 2784 2679 ἐπὶ
2812 2626 2905 2680 τοῦ
2950 2627 3233 2696 παρόντος.
3276 2628 3401 2690 Τοῖς
3448 2628 3754 2696 φιλοπόνοις

2178 2715 2355 2767 τοίνυν
2380 2716 2467 2767 τὸν
2499 2716 2655 2769 πόνον
2682 2714 2865 2767 τοῦτον
2890 2714 3295 2780 καταλιπόντες,
3318 2718 3477 2785 ἡμεῖς
3504 2720 3599 2785 τῆς
3626 2733 3753 2787 προ-

2178 2805 2435 2875 κειμένης
2470 2807 2848 2876 πραγματείας
2877 2804 3147 2876 ἐχώμεθα.

2178 2915 2303 2968 KI".
2338 2918 2474 2984 Περὶ
2500 2915 2609 2982 τῆς
2630 2917 2890 2985 ἁρῤήτου
2915 2917 3026 2986 τῆς
3050 2917 3357 2984 Παρθένου
3383 2916 3750 2986 γεννήσεως.

2248 3026 2544 3095 Τοιγαροῦν
2589 3027 2683 3097 τὴν
2733 3028 2937 3081 οἰκείαν
2988 3031 3169 3082 εἰκόνα
3225 3028 3635 3098 πολεμουμένην
3668 3030 3751 3081 ol-

2177 3117 2397 3185 κτείρας
2444 3118 2473 3168 6
2507 3114 2762 3185 Ποιητής,
2809 3117 2903 3168 καὶ
2956 3115 3170 3186 θανάτῳ
3214 3118 3749 3188 παραπεμπομὲνην,

508 3225 559 3270 et
580 3213 942 3276 descendit",
977 3209 1118 3265 haud
1144 3221 1275 3262 sane
1304 3206 1479 3260 locum
1509 3213 1744 3266 mutans,
1771 3216 1943 3268 neque
1966 3199 2071 3251 alio

2181 3205 2384 3259 ἔκλινεν
2436 3207 2717 3277 οὐρανοὺς,
2748 3208 2842 3258 καὶ
2866 3208 3093 3275 κατέϐη,
3150 3208 3210 3260 οὐ
3254 3208 3347 3260 τὸν
3384 3208 3545 3260 τόπον
3589 3208 3751 3277 ἀμεί-

509 3317 567 3357 se
597 3301 963 3365 transferens;
994 3297 1193 3353 etenim
1221 3294 1402 3349 omnia
1432 3293 1645 3363 implet;
1694 3296 1801 3346 imo
1832 3290 2072 3344 infinitus

2181 3296 2299 3363 ῲας,
2326 3298 2432 3348 οὐδ’
2456 3297 2687 3366 ἑτέρωσε
2719 3297 2973 3366 μεταϐὰς·
2996 3297 3193 3367 πληροῖ
3216 3296 3325 3366 γὰρ
3350 3298 3417 3349 τά
3440 3295 3749 3366 σύμπαντα,

509 3403 616 3457 est,
662 3392 808 3445 nullo
868 3390 1098 3443 termino
1148 3388 1592 3456 comprehensus,
1645 3393 1859 3447 cuncta,
1884 3392 1944 3435 ut
2001 3382 2074 3433 ait

507 3484 790 3554 propheta,
827 3496 984 3535 manu
1039 3479 1323 3534 continens
1365 3494 1378 3529 :
1415 3494 1435 3526 ί
1471 3475 1601 3542 Quis
1660 3476 1825 3538 enim,
1880 3473 2071 3541 inquit,

512 3588 729 3627 mensus
761 3582 843 3626 est
873 3585 1029 3624 manu
1078 3585 1173 3624 sua
1225 3581 1414 3635 aquas,
1459 3576 1513 3619 et
1547 3564 1739 3619 coelum
1791 3564 1986 3632 palmo,
2022 3572 2075 3616 et

510 3664 816 3719 universam
843 3674 1037 3717 terram
1061 3658 1317 3729 pugillo"
1342 3658 1365 3711 ’ἶ
1389 3677 1409 3708 ι
1433 3656 1667 3724 Itemque
1685 3655 1874 3708 David:
1897 3671 1913 3704 ι
1939 3652 2071 3718 Quia

508 3757 564 3811 in
599 3769 757 3809 manu
806 3752 923 3821 ejus
952 3764 1079 3805 sunt
1124 3764 1311 3805 omnes
1360 3747 1492 3801 lines
1519 3755 1677 3801 terra:
1699 3745 1764 3797 ⁷³.
1799 3764 1817 3795 ι
1854 3744 1920 3797 Ει
1962 3744 2076 3811 ipse

510 3846 649 3900 Deus
678 3860 772 3914 per
818 3844 1131 3912 prephetam
1180 3858 1193 3894 :
1241 3858 1258 3891 ι
1289 3838 1493 3893 leum
1544 3838 1701 3891 sedes
1755 3849 1895 3897 mea,
1934 3843 2074 3887 terra

509 3948 686 3992 autem
714 3936 1004 3992 scabellum
1033 3934 1223 4001 pedum
1266 3946 1507 3986 meorum
1540 3928 1605 3983 '".
1647 3929 1822 3996 iErgn
1858 3927 2075 3997 335m

511 4032 826 4085 descensum
892 4024 1402 4080 condescensionem
1468 4022 1645 4089 potius
1683 4022 2070 4073 existimemus.

513 4119 791 4174 lnclinavit
816 4119 994 4183 itaque
1020 4114 1187 4169 caelos
1215 4120 1269 4165 et
1300 4113 1595 4171 descendit,
1626 4120 1679 4164 et
1707 4110 1947 4179 virgineo
1981 4109 2075 4161 de-

512 4212 651 4263 lecto
680 4218 833 4263 utero
875 4221 1076 4261 sancta:
1116 4204 1303 4274 puella:
1348 4214 1507 4271 atque
1552 4205 1602 4256 in
1643 4214 1785 4256 recta
1820 4200 2077 4270 religione

512 4302 744 4362 nutrite,
776 4299 1016 4365 angelica
1046 4312 1176 4351 voce
1204 4304 1412 4363 partum
1440 4294 1847 4361 praznuntiante,
1873 4300 1925 4345 et
1948 4306 2073 4345 cou-

512 4392 771 4461 ceptionis
806 4390 1070 4443 rationem
1118 4396 1272 4441 antea
1307 4385 1629 4452 explicante,
1667 4384 2077 4450 virgineumque

2180 3388 2378 3455 μᾶλλον
2413 3388 2468 3440 δὲ
2494 3388 2719 3457 ἄπειρός
2760 3390 2908 3451 ἐστι,
2948 3388 3043 3440 καὶ
3084 3386 3390 3456 άχὼρητος,
3436 3388 3529 3440 καὶ
3573 3387 3752 3440 πάντα

2175 3476 2479 3546 ἔχων,κατά
2500 3476 2587 3529 τὸν
2607 3478 2906 3546 προφήτην,
2926 3478 2982 3527 ὲν
3002 3479 3067 3547 τῇ
3088 3478 3280 3547 χειρία
3294 3476 3389 3539 Τίς
3411 3476 3539 3547 γὰρ,
3562 3478 3750 3545 φησὶν.

2174 3569 2444 3638 ἐμέτρησε
2474 3568 2539 3636 τῇ
2575 3568 2717 3637 χειρὶ
2761 3562 2925 3619 αὑτοῦ
2969 3566 3031 3619 τὸ
3075 3567 3236 3638 ὓδωρ,
3269 3566 3364 3619 καὶ
3395 3568 3488 3618 τὸν
3522 3566 3754 3635 οὐρανὸν

2178 3659 2455 3730 σπιθαμῇ,
2500 3661 2593 3712 καὶ
2628 3660 2808 3711 πᾶσαν
2836 3658 2933 3727 τὴν
2977 3660 3078 3727 γῆν
3107 3657 3304 3726 δρακί;
3332 3676 3349 3708 ι
3388 3657 3500 3708 Καὶ
3536 3656 3697 3708 πάλιν
3724 3659 3754 3709 6

2176 3751 2336 3803 Δαϐίδ
2355 3767 2367 3780 ο
2399 3769 2418 3801 ‹
2446 3752 2566 3803 Ὀτι
2596 3752 2653 3803 ὲν
2677 3753 2743 3820 τῇ
2773 3750 2913 3820 χειρὶ
2934 3749 3097 3802 αὑτοῦ
3124 3748 3192 3801 τὰ
3222 3749 3434 3821 πέρατα
3459 3749 3558 3818 τῆς
3587 3748 3744 3817 γῆς.)

2178 3842 2285 3893 Καὶ
2311 3842 2470 3904 αὐτὸς
2498 3842 2553 3893 δὲ
2582 3845 2609 3893 6
2640 3841 2771 3904 Θεὸς
2798 3840 2883 3893 διὰ
2913 3841 3007 3893 τοῦ
3035 3841 3313 3911 προφήτου
3336 3856 3348 3868 ⁸
3390 3830 3407 3890 ἆ
3437 3840 3496 3892 '0
3522 3839 3752 3909 οὐρανός

2179 3950 2279 4002 μου
2319 3933 2534 4003 θρόνος,
2576 3936 2609 4002 ἡ
2660 3934 2715 3985 δὲ
2761 3935 2830 4003 γῆ
2870 3934 3155 3987 ὑποπόδιον
3204 3933 3313 3986 τῶν
3347 3932 3521 3984 ποδῶν
3573 3949 3693 4001 μου.
3724 3951 3746 3984 ο

2178 4023 2383 4077 Οὐκοῦν
2398 4025 2493 4093 τὴν
2515 4024 2814 4077 κατάϐασιν
2832 4025 3110 4094 νοήσωμεν
3128 4022 3554 4092 συγκατάϐασιν·
3575 4023 3752 4076 ἔκλινε

2177 4115 2354 4168 τοίνυν
2384 4117 2664 4185 οὐρανοὺς,
2704 4116 2797 4167 καὶ⁶
2845 4116 3070 4184 κατέϐη,
3102 4118 3195 4169 καὶ
3230 4115 3563 4186 παρθενικὴν
3597 4115 3753 4167 ἔκλε-

2179 4205 2409 4275 ξάμενος
2442 4205 2599 4275 νηδὺν
2625 4206 2789 4276 κόρης
2828 4207 2988 4274 ἁγίας
3017 4206 3109 4259 καὶ
3143 4207 3393 4276 εὐσεϐείᾳ
3418 4206 3751 4276 συντεθραμ-

2184 4298 2372 4367 μένης,
2402 4296 2469 4349 δι’
2494 4297 2791 4364 ἀγγελικῆς
2822 4298 3003 4365 φωνῆς
3047 4296 3138 4348 τὸν
3186 4297 3346 4349 τόκον
3396 4290 3753 4366 προμηνυσά-

2182 4405 2299 4459 σης,
2332 4389 2424 4441 καὶ
2450 4388 2551 4455 τῆς
2581 4387 2891 4459 συλλήψεως
2935 4389 3027 4441 τὸν
3056 4388 3256 4459 τρόπον
3301 4388 3752 4457 προερμηνευσάο

510 4496 764 4550 pavorem
806 4495 867 4533 ea
916 4479 1279 4532 declarations
1322 4478 1595 4537 solvente,
1645 4477 1918 4541 pr0prium
1974 4473 2073 4527 sibi

2184 4494 2302 4545 σης,
2342 4479 2434 4529 καὶ
2476 4479 2573 4546 τῆς
2607 4478 2899 4547 παρθενίας
2930 4480 3020 4531 τὸν
3065 4478 3226 4547 φόϐον
3256 4482 3323 4548 τῇ
3360 4479 3623 4548 ἑρμηνεία
3658 4479 3751 4530 λυ-

514 4574 643 4625 facit
672 4578 1054 4639 comparatque
1081 4568 1358 4633 templum,
1402 4576 1453 4619 et
1494 4582 1665 4633 neque
1698 4578 1869 4618 satam
1904 4579 2075 4633 neque

2183 4571 2373 4639 σάσης,
2398 4570 2745 4632 εἰσοικίζεταί
2766 4586 2844 4635 τε,
2872 4574 2963 4622 καὶ
2984 4571 3109 4623 ναὸν
3133 4570 3309 4637 ἑαυτῷ
3331 4568 3751 4633 κατασκευάζει,

515 4664 621 4717 nilo
656 4661 799 4716 cultu
834 4661 1147 4729 dispositam
1178 4658 1279 4711 sibi
1316 4657 1510 4710 format
1545 4657 1829 4709 stationem
1870 4674 1881 4707 :
1922 4655 2077 4708 sicuti

514 4752 601 4803 ille
635 4753 724 4818 qui
776 4750 980 4817 primus
1013 4746 1202 4801 sterviit
1247 4754 1488 4813 peccato,
1531 4744 1646 4798 sine
1689 4752 1840 4812 patre
1882 4743 2077 4808 fuerat,

514 4856 783 4908 unamque
811 4838 1041 4891 habebat
1068 4847 1265 4890 terram
1293 4846 1539 4889 matrem.
1588 4853 1605 4885 ι
1648 4832 1888 4902 Sumpsit
1912 4833 2078 4898 enim,

516 4931 712 4998 inquit,
756 4931 894 4983 Deus
942 4927 1211 4997 pulverem
1243 4928 1309 4981 de
1348 4937 1511 4992 terra,
1552 4927 1934 4995 hominemque
1966 4926 2079 4981 for-

515 5022 775 5076 mavit/7‘.
815 5039 833 5072 ι
874 5019 1229 5085 Quamobrem
1260 5020 1449 5074 beatus
1478 5034 1690 5088 quoque
1732 5018 1925 5072 Paulus
1956 5018 2032 5072 ait
2060 5034 2074 5071 :

520 5130 538 5162 ι
578 5112 790 5165 Primus
818 5111 979 5164 homo
1008 5113 1071 5163 de
1107 5121 1246 5163 terra
1298 5120 1578 5176 terrenus;
1616 5112 1882 5164 secundus
1916 5110 2077 5164 homo

519 5204 772 5257 Dominus
797 5204 861 5255 de
895 5201 1033 5255 caelo
1059 5202 1124 5255 ⁷⁸.
1166 5220 1182 5252 ι
1226 5200 1395 5269 llnjus
1426 5204 1499 5254 rei
1536 5204 1707 5270 gratia
1740 5202 2075 5271 unigenitum

519 5293 610 5347 Dei
644 5290 878 5346 Verbum
906 5307 972 5345 ex
1017 5292 1127 5344 sola
1161 5292 1379 5359 Virgine
1412 5293 1687 5346 materiam
1738 5292 1951 5345 fabrica:
1982 5307 2076 5347 su-

518 5396 691 5446 mens,
722 5389 881 5450 atque
914 5383 983 5435 ita
1011 5381 1348 5434 illaboratnm
1383 5383 1619 5435 formans
1652 5385 1924 5451 templum,
1953 5382 2083 5436 sibi-

517 5484 620 5539 que
662 5473 875 5534 uniens,
922 5472 1094 5539 prodit
1139 5486 1201 5524 ex
1259 5469 1493 5540 Virgine,
1534 5472 1674 5525 haud
1724 5472 1975 5540 equidem
2031 5472 2081 5524 in

521 5572 774 5629 conceptu
833 5562 1045 5617 solvens
1093 5564 1388 5631 virgineam
1447 5580 1659 5629 zonam,
1722 5578 1893 5635 neque
1947 5565 2083 5618 hanc

2179 4660 2274 4711 καὶ
2301 4662 2399 4729 τὴν
2429 4662 2727 4729 ἄσπαρτον,
2759 4662 2851 4712 καὶ
2877 4662 3138 4730 ἀνήροτον
3168 4662 3372 4729 σκηνὴν
3402 4660 3747 4712 διαπλάττει·

2180 4751 2367 4820 ἐπειδὴ
2412 4752 2439 4802 6
2478 4750 2705 4820 πρώτως
2749 4751 3039 4814 δουλεύσας
3082 4754 3148 4821 τῇ
3201 4750 3475 4820 ἁμαρτίᾳ,
3524 4752 3754 4821 ἀπάτωρ

2179 4840 2459 4908 ἐτύγχανε,
2499 4840 2709 4909 μητέρα
2737 4841 2793 4892 δὲ
2840 4840 3007 4910 μόνην
3043 4835 3155 4909 εἶχε
3180 4842 3280 4909 τὴν
3325 4843 3428 4910 γῆν
3453 4856 3466 4869 ⁸
3519 4839 3754 4893 «Ἐλαϐε

2182 4929 2309 4997 γὰρ,
2331 4928 2515 4997 φησὶν,
2537 4930 2563 4981 6
2588 4928 2717 4991 Θεὸς
2738 4928 2865 4998 χοῦν
2899 4932 3005 4983 ἀπὸ
3028 4931 3123 4999 τῆς
3150 4930 3285 4999 γῆς,
3311 4929 3405 4981 καὶ
3443 4929 3643 4982 ἔπλασε
3666 4930 3756 4983 τὸν

2182 5019 2487 5089 ἄνθρωπον.
2508 5038 2524 5068 ι
2562 5019 2649 5071 Διὸ
2681 5021 2773 5071 καὶ
2796 5021 2823 5073 6
2870 5021 3135 5089 μακάριος
3182 5018 3391 5081 Παῦλός
3422 5036 3619 5088 φησιν⁹
3656 5037 3674 5071 ι
3696 5019 3756 5071 '0

2183 5112 2397 5182 πρῶτος
2428 5110 2709 5179 ἄνθρωπος
2745 5115 2808 5164 ἐκ
2848 5113 2947 5180 γῆς
2979 5113 3180 5181 χοῖκὸς,
3211 5113 3238 5163 6
3266 5110 3515 5179 δεύτερος
3550 5110 3758 5182 ἄνθρω-

2187 5219 2285 5263 πος
2311 5204 2338 5254 6
2372 5201 2573 5270 Κύριος
2608 5202 2666 5266 ὲξ
2695 5201 2943 5271 ούρανοῦ.
2972 5222 2990 5254 ι
3026 5202 3229 5255 Τούτου
3264 5202 3425 5272 χάριν
3458 5202 3488 5253 ό
3531 5219 3756 5270 μονογε-

2185 5292 2279 5360 νὴς
2318 5290 2414 5343 τοῦ
2445 5291 2577 5343 Θεοῦ
2608 5293 2776 5359 Λόγος
2821 5294 2884 5345 ὲκ
2919 5292 3084 5362 μόνης
3126 5292 3403 5359 Παρθένου
3448 5292 3545 5353 τὰς
3586 5296 3756 5363 ἀφορ-

2183 5380 2287 5451 μὰς
2313 5379 2493 5434 λαϐὼν
2520 5382 2615 5449 τῆς
2642 5382 3004 5443 διαπλάσεως,
3029 5382 3123 5433 καὶ
3151 5382 3325 5451 τούτῳ
3351 5380 3426 5450 τῷ
3451 5382 3639 5451 τρόπῳ
3665 5383 3758 5435 τὸν

2180 5471 2530 5541 ἀγεώργητον
2555 5473 2963 5542 δημιουργήσας
2987 5473 3132 5535 ναὸν,
3162 5474 3258 5526 καὶ
3288 5471 3464 5541 ἑαυτῷ
3492 5474 3753 5541 συνάψας,

2182 5566 2427 5635 πρόεισιν
2453 5565 2514 5617 ἐκ
2545 5566 2639 5635 τῆς
2666 5566 2963 5635 Παρθένου,
2988 5568 3047 5619 ού
3072 5566 3238 5628 λύσας
3271 5568 3334 5635 τῇ
3371 5564 3629 5634 συλλήψει
3658 5564 3756 5635 τὴν

586 5716 631 5789 ‘_‘
663 5712 823 5768 llebr.
858 5731 933 5789 tv.
958 5717 1052 5789 I5._
1093 5718 1161 5789 ιε’
1186 5716 1357 5770 Galat.
1385 5720 1564 5778 nt,-l6.
1644 5721 1685 5751 5"
1715 5719 1991 5782 Ιειιι-Αηιι,
2021 5719 2071 5773 6.

2181 5717 2411 5772 'ITitn.
2445 5734 2504 5777 ιι,
2532 5719 2581 5772 5.
2642 5718 2686 5748 ⁷⁰
2717 5716 2879 5772 Ilehr.
2914 5735 3025 5779 xm,
3050 5721 3099 5771 8.
3181 5723 3219 5752 '“
3253 5721 3291 5774 Il
3322 5720 3450 5789 Reg.
3491 5737 3623 5783 uti,
3665 5718 3749 5773 I0.

518 5784 562 5811 "’
592 5780 697 5838 [εει.
728 5797 817 5850 ιι,
854 5786 935 5839 I2.
1014 5787 1056 5817 ⁷³
1088 5786 1229 5841 l‘sal.
1269 5803 1407 5855 \Ctv,
1446 5790 1491 5842 ι.
1569 5792 1611 5821 ⁷³
1642 5790 1737 5843 ιτς..
1778 5806 1917 5851 L\\l,
1948 5805 1981 5842 ι.

2060 5791 2102 5820 ⁷⁵
2132 5788 2262 5844 Gen.
2295 5806 2348 5851 ιι,
2384 5792 2431 5841 7.

2511 5791 2553 5817 7°
2584 5791 2595 5841 l
2624 5789 2749 5841 Cor.
2780 5805 2865 5853 av,
2896 5790 2980 5842 67.
