4058 6328
322 400 452 459 Ηϐἰ

1491 408 1578 463 DE
1623 403 2145 462 lNCARNATlONE
2186 402 2440 463 DOMlNl.

3494 403 3517 457 ί
3537 400 3635 457 16‘!

320 522 662 594 παρθενικὴν
694 522 891 595 ζώνην,
926 526 986 578 ού
1022 528 1088 597 τῇ
1126 528 1378 596 γεννήσει
1422 525 1757 599 διαρρήξας,
1793 524 1909 579 ἀλλ’

2026 526 2307 580 nativitate
2338 524 2683 592 dirumpens,
2732 522 2826 576 sed
2874 516 3206 573 incolumem
3250 516 3635 585 intactamque

318 614 597 685 ἀκήρατον
646 615 743 669 καὶ
784 617 1068 687 ἀνέπαφον
1124 618 1480 687 διαφυλάξας,
1524 619 1620 671 καὶ
1658 618 1721 672 τὸ
1770 617 1914 687 μέγα

318 701 484 756 τοῦτο
533 704 629 759 καὶ
678 706 919 777 άρῤητον
975 706 1160 777 θαῦμα
1200 708 1733 779 θαυματουργήσας·
1773 707 1914 777 μέγα

318 792 431 865 γὰρ
457 794 537 866 τῷ
566 796 682 849 δντι
712 798 804 850 καὶ
849 799 1277 869 άνερμήνευτον,
1322 801 1422 853 ,καὶ
1470 800 1631 869 λόγου
1681 798 1914 868 δύναμιν

320 888 669 959 ὑπερσαῖνον,
702 890 898 964 βότρυν
926 893 1053 946 ίδεῖν
1080 893 1145 946 ὲκ
1177 893 1280 963 γῆς
1306 894 1434 947 ἄνευ
1462 892 1759 963 κλημάτων
1789 891 1915 962 βλα-

326 980 643 1051 στήσαντα,
695 985 840 1036 σῖτον
889 984 1020 1038 ἄνευ
1062 984 1398 1054 σπερμάτων
1452 984 1659 1055 φύντα,
1710 983 1914 1054 χιτῶνα

320 1074 494 1145 χωρὶς
545 1075 803 1147 νημάτων
849 1076 943 1129 καὶ
986 1075 1187 1147 χειρῶν
1223 1076 1536 1147 ὑφαντικῶν
1577 1076 1912 1147 ὑφασμένον,

320 1165 487 1238 ἄρτον
530 1168 589 1222 ού
630 1168 773 1241 μύλῃ
802 1168 895 1221 καὶ
928 1168 1084 1239 χερσὶ
1111 1168 1206 1221 καὶ
1240 1168 1376 1240 πυρὶ
1417 1166 1911 1240 δημιουργηθέντα,

320 1256 439 1310 ἀλλ’
462 1258 716 1330 άρῤήτως
745 1260 809 1311 ὲκ
844 1257 1194 1328 παρθενικῶν
1236 1258 1486 1330 ἀλεύρων
1521 1257 1913 1330 γεγενημένον,

322 1347 418 1399 καὶ
463 1347 565 1418 τὴν
620 1347 950 1420 οἰκουμένην
1001 1348 1353 1418 καλύψαντα·
1388 1350 1527 1419 πρὸς
1570 1348 1629 1403 δὲ
1678 1348 1912 1412 τούτοις,

322 1436 601 1509 Παρθένον
647 1438 834 1509 οἰκείῳ
870 1438 1061 1510 βρέφει
1102 1438 1273 1511 θηλὴν
1317 1441 1643 1512 ὀρέγουσαν,
1680 1440 1777 1494 καί⁸
1808 1440 1915 1508 γά·

318 1528 517 1595 λακτος
558 1529 905 1602 χορηγοῦσαν
951 1531 1166 1603 πηγὰς,
1212 1533 1306 1587 καὶ
1353 1534 1567 1605 μητέρα
1614 1531 1918 1603 γενομένην

319 1621 419 1691 τὴν
454 1622 634 1694 γάμου
680 1622 847 1694 νόμον
889 1623 952 1677 ού
992 1623 1321 1695 δεξαμένην,
1363 1624 1577 1697 μητέρα
1615 1623 1917 1695 γενομένην

316 1714 419 1785 τὴν
454 1715 573 1780 πῶς
612 1715 821 1786 γίνεται
871 1717 1056 1788 μήτηρ
1101 1718 1203 1771 οὐκ
1248 1718 1644 1789 ἐπισταμένην,
1701 1716 1917 1789 μητέρα

318 1808 623 1880 γενομένην
650 1809 749 1881 τὴν
787 1812 1022 1878 γυναῖκα
1056 1809 1322 1881 πρότερον
1351 1810 1413 1863 οὐ
1449 1809 1768 1880 γενομένην,
1797 1808 1914 1861 ἀλλ’

320 1900 381 1953 ὲν
414 1879 823 1973 παρθενίᾳνκαὶ
856 1902 949 1956 τὸν
994 1879 1158 1971 ὄγκον
1192 1903 1290 1972 τῆς
1337 1879 1588 1973 γαστρὸς
1612 1900 1920 1955 ἑπιδεικνῦ-
1952 1879 1994 1933 Β

322 2006 445 2055 σαν,
477 1992 572 2047 καὶ
613 1994 707 2046 τὸν
755 1994 967 2065 καρπὸν
1009 1995 1068 2047 ὲν
1116 1996 1237 2058 ταῖς
1285 1996 1443 2065 χερσὶ
1492 1995 1917 2067 περιφέρουσαν,

318 2084 418 2137 καὶ
460 2083 527 2137 τά
561 2084 765 2156 μητρὸς
794 2084 1193 2157 ἐργαζομένην,
1232 2084 1548 2157 σωζομένης
1577 2086 1678 2156 τῆς
1708 2086 1916 2156 παρθει

319 2175 465 2239 νίας,
494 2176 588 2229 καὶ
629 2175 898 2247 παρθένον
944 2178 1159 2249 μητέρα
1200 2177 1566 2249 καλουμένην,
1596 2179 1689 2231 καὶ
1718 2180 1917 2233 τάναν-

316 2279 412 2318 τια
460 2265 705 2337 ὀνόματά
747 2283 807 2320 τε
854 2268 950 2320 καὶ
1000 2270 1302 2341 πράγματα
1350 2270 1493 2324 κατὰ
1537 2270 1737 2324 ταύτὸν
1790 2288 1915 2324 συν-

322 2356 592 2425 άγουσαν.

320 2470 447 2524 KA’.
483 2471 581 2524 Ἔν
608 2473 918 2552 κεφαλαίῳ
941 2472 1226 2552 διήγησις
1244 2473 1350 2552 τῆς
1376 2475 1523 2552 μετὰ
1554 2475 1670 2544 τὴν
1699 2478 1919 2545 γέννη-

677 2558 781 2595 σιν
812 2542 917 2596 τοῦ
941 2542 1201 2610 Χριστοῦ
1231 2546 1563 2611 πολιτείας.

394 2657 582 2722 Οὕτως
613 2659 828 2729 τεχθεὶς
850 2662 877 2714 ό
902 2661 1182 2732 Δεσπότης
1208 2662 1443 2731 Χριστὸς
1475 2662 1560 2732 (ού
1591 2661 1699 2733 γὰρ
1718 2663 1917 2733 εὐαγὲς

326 2752 468 2823 μετά
508 2752 603 2806 τὸν
644 2753 801 2807 τόκον
851 2754 884 2824 ἥ
926 2752 1059 2808 Θεὸν
1108 2753 1282 2822 Λόγον
1332 2754 1492 2825 μόνον
1526 2755 1690 2808 αὐτὸν
1744 2771 1916 2825 προσ-

321 2844 609 2915 αγορεύειν
634 2884 650 2909 ,
705 2844 740 2915 ἢ
792 2844 1081 2917 ἄνθρωπον
1131 2846 1563 2916 γεγυμνωμένον
1637 2846 1915 2917 θεότητος,

322 2936 461 2989 ἀλλὰ
505 2935 764 3006 Χριστὸν,
803 2934 833 2988 ὃ
877 2936 1147 3007 ἑκατέραν
1192 2935 1355 3005 φύσιν
1393 2938 1493 3008 τήν
1530 2953 1592 2989 τε
1634 2936 1918 2991 λαϐοῦσαν

323 3029 417 3082 καὶ
444 3029 543 3099 τὴν
568 3028 864 3099 ληφθεῖσαν
884 3028 1038 3098 δηλοῖ
1062 3030 1105 3097 ),
1140 3028 1363 3093 πάντως
1396 3029 1464 3082 τὰ
1491 3028 1739 3100 ἡμέτερα
1777 3028 1918 3096 πλὴν

322 3119 425 3188 τῆς
480 3118 759 3190 ἁμαρτίας
815 3118 1177 3188 καταδέχεται
1241 3119 1432 3189 πάθη,
1503 3120 1918 3191 σπαργανοῦται

2020 630 2390 679 conservans,
2433 622 2602 682 atque
2630 613 2702 667 ita
2736 624 2990 681 magnum
3029 611 3132 665 hoc
3165 618 3220 664 et
3260 608 3633 664 inenarrabile

2019 718 2245 779 patrans
2286 706 2619 777 prodigium.
2652 703 2867 759 Etenim
2900 716 3157 773 magnum
3205 716 3398 770 reapse
3430 710 3537 764 cat,
3578 707 3636 752 et

2020 800 2422 870 inexplicabile,
2462 808 2519 853 et
2549 797 2818 852 orationis
2865 795 2972 848 vim
3008 794 3307 861 excedens,
3350 805 3629 848 racemum

2017 908 2245 949 cernere
2285 893 2351 947 de
2378 900 2520 945 terra
2552 890 2670 944 sine
2700 886 3018 959 palmitibus
3057 885 3481 956 germinantem,
3518 882 3633 935 fru-

2018 990 2257 1036 mentum
2282 980 2400 1034 sine
2423 977 2726 1033 seminibus
2748 985 2955 1039 ortum,
2979 976 3225 1029 tunicam
3248 975 3369 1029 sine
3389 971 3631 1027 stamine

2018 1084 2073 1128 et
2099 1074 2221 1128 sine
2253 1080 2471 1127 texente
2502 1084 2663 1123 manu
2695 1076 3049 1133 contextam;
3082 1079 3282 1137 panem
3319 1063 3439 1117 sine
3485 1062 3631 1116 mola

2019 1181 2085 1220 ac
2114 1164 2367 1220 manibus
2414 1171 2469 1219 et
2510 1164 2636 1231 igne
2666 1160 3021 1225 fabricatum,
3066 1160 3162 1215 sed
3193 1171 3396 1213 arcane
3421 1171 3490 1211 ex
3520 1155 3633 1209 vir-

2019 1255 2184 1326 ginali
2239 1255 2412 1309 farina
2466 1253 2810 1317 confectura,
2880 1259 2937 1307 et
2989 1251 3305 1307 universum
3367 1246 3629 1302 mundum

2020 1346 2418 1417 complentem;
2453 1355 2725 1417 praeterea
2764 1342 3047 1414 Virginem
3092 1342 3316 1413 proprio
3358 1336 3632 1395 infantulo

2021 1452 2314 1493 mammam
2346 1438 2738 1509 porrigentem,
2762 1436 3033 1506 lactisque
3062 1433 3246 1490 fontes
3270 1432 3627 1503 praebentem,

2020 1540 2251 1586 matrem
2290 1528 2538 1585 ell'ectam
2584 1544 2707 1599 qua:
2751 1530 3069 1597 nuptiarum
3113 1525 3287 1597 legem
3316 1539 3422 1579 non
3452 1522 3632 1578 admi-

2021 1632 2194 1689 serat,
2224 1634 2478 1687 matrem,
2502 1623 2746 1691 inquam,
2781 1619 3031 1685 etl'ectam
3066 1632 3187 1688 qua:
3211 1617 3487 1685 quomodo
3535 1613 3631 1669 flat

2023 1727 2197 1772 mater
2248 1716 2573 1787 ignorabat,
2621 1723 2853 1769 matrem
2905 1711 3152 1781 denique
3204 1707 3453 1765 cll'ectam
3507 1722 3632 1777 qua:

2022 1818 2267 1865 matrona
2292 1818 2453 1865 antea
2478 1822 2582 1862 non
2609 1806 2809 1873 fuerat,
2828 1805 2922 1861 sed
2946 1804 2998 1859 in
3020 1803 3336 1872 virginitate
3357 1810 3630 1857 tumorem

2021 1901 2228 1957 ventris
2261 1898 2662 1964 ostendentem,
2691 1898 2921 1966 ejusque
2961 1896 3201 1951 fructum
3231 1892 3487 1948 manibus
3518 1890 3631 1947 cir-

2023 1991 2437 2056 cumferentem,
2474 1998 2529 2045 et
2555 1988 2731 2044 oﬂicia
2764 1988 2955 2044 matris
2996 1986 3147 2042 salva
3178 1984 3497 2055 virginitate
3536 1996 3633 2036 ex-

2021 2093 2360 2155 sequentem,
2386 2092 2442 2138 et
2474 2097 2600 2138 cum
2631 2082 2825 2137 matris
2845 2080 3067 2135 nomine
3093 2079 3390 2145 virginem,
3417 2083 3629 2145 postre-

2022 2192 2111 2233 mo
2137 2176 2413 2232 contraria
2464 2173 2684 2228 nomina
2723 2180 2778 2229 et
2819 2170 3138 2228 contrarias
3169 2183 3257 2224 res
3284 2166 3447 2223 simul
3475 2178 3630 2221 com-

2022 2266 2469 2338 prehendentem.

2019 2472 2241 2544 836m
2290 2468 2481 2524 XXIV.
2537 2468 2635 2522 Res
2688 2476 2805 2548 post
2838 2465 3037 2520 Christi
3090 2463 3419 2517 nativitatem
3463 2476 3623 2530 getae

2501 2544 2807 2593 summatim
2850 2544 3165 2588 narrantur.

2092 2656 2185 2712 Sic
2214 2666 2376 2709 natus
2404 2654 2661 2710 Christus
2697 2649 2963 2706 Dominus
2994 2653 3127 2714 (non
3159 2648 3308 2701 enim
3343 2646 3492 2715 piunt
3534 2646 3629 2704 sit.

2020 2758 2143 2817 post
2182 2756 2399 2816 partum
2442 2743 2528 2800 vel
2556 2743 2747 2798 ‘Deum
2785 2739 3024 2795 Verbum
3069 2737 3449 2793 tantummodo
3482 2735 3635 2791 illum

2021 2839 2315 2911 appellare,
2335 2837 2419 2893 vel
2440 2837 2739 2902 hominem,
2758 2834 3048 2891 divinitate
3069 2832 3356 2895 nudatum,
3373 2829 3469 2884 sed
3485 2829 3639 2885 Chri.

2022 2942 2140 2987 stus
2185 2940 2271 2985 est
2323 2928 2713 2999 appellandus,
2763 2929 2909 2996 quod
2960 2924 3290 2981 vocabulum
3345 2932 3640 2991 utramque

2024 3034 2298 3091 naturam,
2320 3032 2374 3079 et
2395 3031 2702 3078 sumentem
2731 3020 2947 3075 scilicet
2972 3028 3027 3075 et
3052 3027 3351 3087 sumptam,
3377 3014 3637 3083 denOtat)

2023 3118 2208 3171 omnia
2252 3124 2441 3171 nostra
2475 3122 2707 3180 excepto
2743 3119 2974 3181 peccato
3005 3110 3227 3181 recipit,
3264 3107 3449 3164 fasciis
3485 3120 3640 3161 more

326 3211 725 3282 παραπλησίως
770 3216 886 3274 τοῖς
932 3211 1182 3283 βρέφεσι,
1226 3206 1321 3267 καὶ
1364 3213 1599 3282 γάλακτι
1638 3215 1918 3286 τρέφεται,

2028 3208 2317 3264 infantium
2366 3205 2683 3269 involvitur.
2726 3204 2869 3259 lacte
2914 3203 3083 3257 alitur
3136 3212 3303 3272 atque
3348 3198 3637 3262 educatur,

326 3301 422 3356 καὶ
446 3301 769 3373 τιθηνεῖται,
804 3303 900 3356 καὶ
945 3304 1104 3373 χερσὶ
1134 3305 1515 3377 περιφέρεται,
1557 3305 1652 3359 καὶ
1697 3307 1920 3370 κόλποις

325 3391 615 3457 ὲντίθεται,
648 3393 741 3446 καὶ
774 3392 916 3446 κατὰ
945 3393 1112 3463 νόμον
1135 3394 1547 3464 περιτέμνεται,
1574 3395 1671 3449 καὶ
1704 3395 1918 3469 καθαρ-

328 3484 467 3545 σίοις
506 3482 723 3547 θυσίαις
784 3482 1130 3554 καθαίρεται,
1180 3487 1213 3553 ἡ
1260 3487 1422 3555 καινὴ
1488 3487 1585 3539 καὶ
1636 3488 1775 3558 μόνη
1820 3489 1921 3559 τῆς

327 3573 656 3643 οἰκουμένης
688 3573 869 3639 θυσία,
901 3575 930 3626 ὁ
958 3573 1054 3627 τοῦ
1092 3574 1302 3645 κόσμου
1337 3577 1436 3646 τὴν
1469 3576 1750 3649 ἁμαρτίαν
1784 3580 1923 3650 ἄρας

342 3666 539 3735 Ἀμνός
561 3681 573 3693 ·
603 3666 707 3718 ὑπὸ
743 3664 839 3718 τοῦ
872 3664 1101 3735 Συμεὼν
1133 3670 1547 3736 προσκυνεῖται,
1598 3669 1695 3722 καὶ
1733 3670 1924 3742 Σωτὴρ

328 3754 464 3825 ὁμοῦ
530 3755 625 3809 καὶ
679 3755 957 3827 Δεσπότης
1012 3758 1511 3828 προσαγορεύεταιο
1584 3760 1777 3829 φεύγει
1835 3763 1925 3817 τὸν

344 3844 594 3917 Ἡρώδην
654 3848 795 3917 μετά
842 3847 945 3918 τῆς
1004 3848 1211 3920 μητρὸς
1280 3850 1375 3903 καὶ
1427 3849 1523 3904 τοῦ
1583 3853 1921 3924 κηδεμόνος,

331 3936 743 4007 καταλαμϐάνει
798 3937 895 4009 τὴν
946 3940 1257 4009 Αἴγυπτον,
1310 3942 1676 4014 ἐπανέρχεται
1738 3948 1922 4010 πάλιν,

328 4030 563 4101 ἀγωνιᾷ,
592 4031 674 4094 εἰς
741 4028 842 4102 τὴν
874 4032 1134 4104 Ναζαρὲτ
1172 4034 1561 4106 παραγίνεται,
1605 4038 1792 4110 ἡλικίᾳ
1831 4042 1926 4094 καὶ

332 4119 496 4191 σοφίᾳ
525 4118 848 4189 προκόπτει,
881 4124 992 4187 τοῖς
1036 4123 1288 4192 γονεῦσιν
1314 4126 1703 4194 ὑποτάσσεται,
1742 4130 1926 4201 πάσης

331 4211 500 4283 τιμῆς
527 4212 669 4277 ἀξιοῖ
692 4212 755 4265 ού
789 4212 950 4283 μόνον
985 4215 1085 4285 τὴν
1114 4216 1349 4287 μητέρα,
1381 4218 1521 4272 ἀλλὰ
1554 4221 1648 4273 καὶ
1692 4221 1783 4274 τὸν
1826 4223 1926 4292 τῆς

335 4304 542 4377 μητρὸς
587 4305 757 4359 πάλαι
804 4307 903 4377 μὲν
932 4309 1241 4380 μνηστῆρα,
1293 4310 1431 4381 μετὰ
1471 4311 1645 4366 ταῦτα
1677 4314 1733 4367 δὲ
1768 4315 1928 4385 κηδε·

335 4397 473 4469 μόνα
498 4397 593 4449 καὶ
627 4397 870 4466 φύλακα,
901 4399 1000 4463 τὰς
1028 4400 1293 4470 ἐννόμους
1320 4402 1515 4474 ἑορτὰς
1555 4405 1827 4476 ἑορτάζει,
1847 4406 1928 4478 τῷ

335 4488 467 4561 ἰερῷ
500 4489 880 4561 προσεδρεύει,
904 4491 1007 4562 τὴν
1043 4491 1345 4564 Ἰουδαῖκὴν
1370 4494 1585 4565 ἐλέγχει
1615 4496 1924 4568 παχύτητα⁸

2026 3302 2280 3359 manibus
2330 3298 2741 3364 circumfertur,
2794 3295 2921 3350 sinu
2956 3294 3251 3362 excipitur,
3314 3291 3475 3361 legali
3532 3289 3638 3345 ritu

2026 3393 2464 3460 circumciditur,
2492 3390 2816 3461 expiatoriis
2840 3385 3129 3442 sacriﬁciis
3153 3383 3478 3456 purificatur
3496 3396 3637 3437 nova

2028 3499 2084 3543 et
2116 3488 2277 3542 unica
2317 3484 2508 3540 mundi
2541 3482 2745 3546 hostia,
2768 3481 2957 3549 Agnus
2990 3478 3176 3532 mundi
3207 3482 3496 3547 peccatum
3539 3472 3642 3529 tol-

2025 3582 2164 3647 lens;
2190 3595 2219 3634 a
2242 3578 2498 3634 Simeone
2518 3578 2859 3637 adoratur,et
2883 3571 3145 3628 Servator
3168 3569 3332 3625 simul
3353 3568 3642 3623 Dominus-

2027 3691 2132 3747 que
2155 3672 2485 3744 appellatur.
2516 3668 2679 3734 Fugit
2710 3681 2835 3721 cum
2875 3672 3051 3720 matre
3082 3672 3139 3716 ct
3179 3662 3404 3718 ouatode
3430 3659 3500 3714 ab
3530 3657 3641 3714 lle-

2030 3769 2194 3833 rode,
2248 3767 2396 3820 venit
2449 3764 2503 3817 in
2562 3760 2901 3831 Egyptum,
2968 3757 3286 3818 revertitur,
3337 3751 3642 3823 periculum

2031 3868 2212 3930 pavet,
2248 3855 2619 3912 Nazarethum
2653 3842 2895 3914 accedit,
2928 3857 3091 3905 relate
3120 3857 3173 3901 et
3206 3846 3476 3918 sapientia
3512 3857 3644 3915 pro.

2033 3952 2165 4019 licit,
2213 3949 2533 4021 parentibus
2578 3945 2945 4013 obtemperat,
2993 3939 3141 3996 omni
3191 3940 3403 3995 honore
3449 3951 3638 4007 prose-

2030 4042 2213 4112 quitur
2240 4054 2349 4093 non
2383 4047 2615 4091 matrem
2647 4032 3051 4096 tantummodo,
3088 4045 3277 4084 verum
3314 4028 3483 4084 etiam
3522 4043 3640 4081 ma-

2031 4135 2131 4189 tris
2160 4134 2288 4188 olim
2316 4128 2536 4201 quidem
2567 4141 2853 4195 sponsum,
2889 4123 3145 4193 posthinc
3171 4137 3301 4178 vero
3331 4128 3643 4177 curatorem

2029 4236 2193 4296 atque
2225 4222 2528 4285 custodem,
2573 4218 2769 4288 legalia
2804 4216 2944 4272 festa
2989 4214 3254 4279 celebrat,
3292 4213 3347 4268 in
3380 4214 3643 4284 templum

2030 4318 2289 4385 frequens
2318 4313 2494 4377 venit,
2529 4309 2882 4366 Judaicorum
2931 4307 3277 4377 ingeniorum
3325 4306 3642 4359 tarditatem

2029 4408 2315 4478 coarguit;
2351 4406 2513 4474 idque
2542 4402 2655 4473 agit
2685 4401 2773 4455 vix
2821 4398 3191 4455 duodecennis
3221 4406 3347 4467 post
3381 4396 3641 4451 nativita-

2033 4510 2165 4555 tem.
2206 4496 2484 4563 Quazritur
2517 4511 2549 4550 a
2582 4494 2858 4565 cognatis,
2891 4490 3185 4545 derelictus
3221 4490 3645 4559 reprehenditur

335 4582 429 4635 καὶ
454 4581 617 4635 τοῦτο
642 4585 787 4636 ποιεῖ
813 4582 907 4635 δύο
936 4587 1031 4637 καὶ
1049 4585 1180 4637 δέκα
1210 4584 1453 4655 γεγονὼς
1482 4588 1642 4658 μόνον
1666 4588 1761 4660 ἔτη
1788 4590 1922 4654 τέως

2033 4608 2062 4646 a
2096 4598 2299 4652 matre,
2332 4587 2538 4643 factum
2573 4584 2839 4648 defendit,
2868 4591 2925 4639 et
2964 4582 3200 4639 latenter
3238 4582 3645 4651 quodammodo

336 4671 477 4743 μετὰ
521 4673 613 4726 τὸν
646 4674 843 4727 τόκον·
880 4676 1226 4747 ὲπιξητεῖται
1273 4679 1427 4749 παρὰ
1472 4680 1583 4733 τῶν
1623 4682 1933 4754 προσηκόν-

333 4781 441 4818 των
470 4763 570 4834 (l),
600 4765 957 4836 ἀπολειφθεὶς
992 4768 1313 4836 ἐγκαλεῖται
1345 4772 1497 4843 παρὰ
1546 4773 1645 4842 τῆς
1693 4775 1931 4845 μητρὸς,

336 4856 709 4924 ἀπολογεῖται,
762 4858 855 4911 καὶ
884 4858 1074 4929 ἠρέμα
1102 4877 1221 4923 πως
1268 4867 1622 4933 παραγυμνοῖ
1672 4864 1771 4937 τὴν
1812 4865 1935 4918 θεόο

2034 4681 2376 4738 divinitatem
2437 4692 2594 4732 suam
2662 4675 2874 4731 revelat
2924 4688 2939 4727 :
2993 4692 3011 4726 ‹
3045 4672 3408 4739 Nesciebatis,
3441 4672 3644 4743 inquit.

2035 4773 2296 4844 quoniam
2344 4771 2400 4825 in
2450 4770 2518 4824 iis
2557 4782 2679 4839 quae.
2733 4765 2913 4821 Patris
2948 4766 3055 4820 mei
3089 4772 3239 4830 sunt,
3290 4773 3508 4833 oportet
3556 4779 3644 4820 me

2037 4882 2157 4922 esse
2180 4864 2270 4919 ’7?
2306 4883 2323 4916 ι
2353 4862 2682 4934 Signiﬁcans
2712 4874 2771 4914 se
2796 4873 2905 4913 non
2943 4872 3069 4913 eum
3108 4870 3230 4912 esse
3263 4860 3644 4912 tantummodo

334 4964 495 5015 τητα.
536 4967 553 4999 ι
585 4950 699 5002 Ούκ
744 4950 922 5003 οἴδατε
966 4951 1099 5024 γὰρ,
1148 4954 1333 5025 φησὶν,
1367 4956 1529 5009 ὃτιὲν
1557 4960 1670 5020 τοῖς
1715 4958 1922 5022 οἰκείοις

2038 4960 2130 5029 qui
2178 4956 2527 5021 cernebatur,
2581 4954 2677 5009 sed
2729 4951 2895 5006 Deum
2948 4963 3168 5019 quoque
3216 4963 3341 5004 esse
3399 4950 3500 5003 sub
3552 4947 3644 5004 illo

334 5038 431 5092 τοῦ
461 5039 676 5110 Πατρός
710 5059 813 5112 μου
844 5043 925 5097 δεῖ
950 5039 1091 5097 εἷναί
1116 5063 1222 5115 με;
1266 5066 1283 5097 ι
1319 5050 1545 5112 Δεικνὺς
1580 5049 1655 5112 ὼς
1680 5052 1741 5102 ού
1771 5050 1931 5121 μόνον

338 5132 456 5185 ἐστὶ
500 5130 561 5184 τὸ
590 5132 890 5204 δρώμενον,
941 5135 1079 5190 ἀλλὰ
1129 5138 1227 5191 καὶ
1275 5138 1408 5202 θεὸς
1455 5142 1512 5193 ὲν
1548 5142 1629 5211 τῷ
1669 5144 1933 5215 ὁρωμένῳ

338 5222 748 5295 κρυπτόμενος,
810 5227 1149 5300 ὑπέρχρονος
1196 5230 1292 5283 καὶ
1336 5234 1661 5301 προαιώνιος
1710 5236 1773 5287 ὲκ
1837 5233 1933 5288 τοῦ

340 5314 554 5386 Πατρὸς
583 5317 894 5386 προελθών*
942 5321 1039 5375 καὶ
1086 5322 1171 5375 ἵνα
1210 5324 1492 5395 συντόμως
1542 5326 1707 5394 εῖπω,
1753 5346 1933 5400 παρα-

339 5408 549 5475 γίνεται
583 5409 721 5478 πρὸς
758 5411 1011 5486 Ἰωάννην
1048 5417 1402 5486 βαπτίζοντα,
1442 5419 1622 5473 πείθει
1669 5420 1933 5491 βαπτίσαι

342 5500 809 5570 παραιτούμενον,
861 5512 1130 5576 προτυποῖ
1174 5512 1234 5565 τὸ
1272 5513 1537 5582 ἡμέτερον
1588 5516 1644 5566 ὲν
1684 5515 1760 5583 τῷ
1805 5516 1934 5584 Ἰορ-

415 5677 460 5709 ”
494 5679 630 5738 Luc.
675 5699 729 5747 ιι,
772 5682 861 5737 49.

419 5832 494 5903 (Ι)
537 5836 617 5891 An
667 5838 953 5893 dicentium
999 5841 1053 5891 ἐν
1100 5840 1207 5902 τοῖς
1257 5840 1547 5909 συγγενέσι
1595 5842 1684 5895 καί
1732 5845 1785 5897 ὲν
1831 5849 1938 5907 τοῖς

2040 5061 2263 5121 aspectu
2324 5047 2584 5112 celatum,
2624 5054 2752 5100 ante
2783 5059 2946 5099 omne
2990 5053 3203 5113 tempus
3233 5052 3289 5097 et
3324 5040 3543 5107 saecula,
3577 5056 3643 5096 ex

2040 5144 2200 5199 Patre
2232 5141 2663 5214 provenientem.
2693 5137 2894 5207 Atque,
2921 5145 2977 5191 ut
3000 5135 3313 5191 sunimatim
3328 5134 3526 5201 dicam,
3554 5151 3643 5190 ve-

2035 5241 2115 5293 nit
2140 5237 2208 5293 ad
2241 5238 2505 5293 Joannem
2539 5235 2929 5304 baptizautem,
2963 5233 3260 5302 persuadet
3290 5230 3338 5284 ei
3365 5230 3643 5284 recusanti

2035 5341 2092 5385 ut
2136 5344 2195 5385 se
2239 5328 2505 5397 baptizet,
2557 5320 2870 5396 pra-ﬁgurat
2920 5322 2975 5377 in
3026 5320 3264 5379 Jordane
3312 5320 3643 5389 baptismum

2037 5429 2307 5483 nostrum,
2331 5417 2493 5471 linem
2514 5416 2618 5487 legi
2653 5416 2906 5484 imponit,
2931 5414 3123 5484 gratia
3150 5412 3377 5482 ianuam
3414 5422 3643 5475 reserat,

2035 5530 2062 5565 a
2095 5510 2256 5564 Patre
2307 5507 2526 5565 caelitus
2572 5506 2898 5577 publicatur,
2936 5502 3175 5575 Spiritus
3210 5502 3499 5571 prmsentia
3551 5502 3646 5555 de-

1980 5847 2263 5912 γνωστοῖς,
2298 5845 2435 5899 inter
2499 5854 2748 5914 Cognatas
2781 5855 2826 5899 tt
2863 5857 3035 5911 notos,
3068 5854 3123 5901 ul
3156 5844 3283 5900 Luc.
3316 5860 3374 5911 ιι,
3413 5842 3519 5899 442
