  <div class='ocr_page' id='page_1' title='image "/cluster/home/n/w/nwhite01/storage/ocr_20150623/75/pst.000005712748/771.png"; bbox 0 0 4058 6328; ppageno 0'>
   <div class='ocr_carea' id='block_1_1' title="bbox 503 460 640 516">
    <p class='ocr_par' dir='ltr' id='par_1_1' title="bbox 503 460 640 516">
     <span class='ocr_line' id='line_1_1' title="bbox 503 460 640 516; baseline 0 -1"><span class='ocrx_word' id='word_1_1' title='bbox 503 460 640 516; x_wconf 70' lang='grc'><strong>1663</strong></span> 
     </span>
    </p>
   </div>
   <div class='ocr_carea' id='block_1_2' title="bbox 1494 434 2730 501">
    <p class='ocr_par' dir='ltr' id='par_1_2' title="bbox 1494 434 2730 501">
     <span class='ocr_line' id='line_1_2' title="bbox 1494 434 2730 501; baseline -0.007 -2"><span class='ocrx_word' id='word_1_2' title='bbox 1494 445 1550 501; x_wconf 84' lang='lat' dir='ltr'><strong>S.</strong></span> <span class='ocrx_word' id='word_1_3' title='bbox 1593 440 1864 500; x_wconf 77' lang='lat' dir='ltr'><strong>CYRILLI</strong></span> <span class='ocrx_word' id='word_1_4' title='bbox 1902 434 2366 494; x_wconf 76' lang='lat' dir='ltr'><strong>ALEXANDRINI</strong></span> <span class='ocrx_word' id='word_1_5' title='bbox 2407 434 2730 490; x_wconf 80' lang='lat' dir='ltr'><strong>AltClllEP.</strong></span> 
     </span>
    </p>
   </div>
   <div class='ocr_carea' id='block_1_3' title="bbox 3619 431 3753 488">
    <p class='ocr_par' dir='ltr' id='par_1_3' title="bbox 3619 431 3753 488">
     <span class='ocr_line' id='line_1_3' title="bbox 3619 431 3753 488; baseline 0.022 -3"><span class='ocrx_word' id='word_1_6' title='bbox 3619 431 3753 488; x_wconf 65' lang='lat' dir='ltr'><strong>MM</strong></span> 
     </span>
    </p>
   </div>
   <div class='ocr_carea' id='block_1_4' title="bbox 503 550 2072 634">
    <p class='ocr_par' dir='ltr' id='par_1_4' title="bbox 503 562 2072 634">
     <span class='ocr_line' id='line_1_4' title="bbox 503 562 2072 634; baseline -0.008 -6"><span class='ocrx_word' id='word_1_7' title='bbox 503 582 854 634; x_wconf 71' lang='lat' dir='ltr'><strong>monstratur,</strong></span> <span class='ocrx_word' id='word_1_8' title='bbox 885 568 1099 624; x_wconf 90' lang='lat' dir='ltr'><strong>ducitur</strong></span> <span class='ocrx_word' id='word_1_9' title='bbox 1135 569 1188 622; x_wconf 94' lang='lat' dir='ltr'><strong>in</strong></span> <span class='ocrx_word' id='word_1_10' title='bbox 1227 568 1499 623; x_wconf 87' lang='lat' dir='ltr'><strong>desertum</strong></span> <span class='ocrx_word' id='word_1_11' title='bbox 1535 567 1680 620; x_wconf 89' lang='lat' dir='ltr'><strong>velut</strong></span> <span class='ocrx_word' id='word_1_12' title='bbox 1713 565 1778 618; x_wconf 88' lang='lat' dir='ltr'><strong>ad</strong></span> <span class='ocrx_word' id='word_1_13' title='bbox 1824 562 2072 617; x_wconf 89' lang='lat' dir='ltr'><strong>idoncam</strong></span> 
     </span>
    </p>
   </div>
   <div class='ocr_carea' id='block_1_5' title="bbox 2173 550 3750 634">
    <p class='ocr_par' dir='ltr' id='par_1_5' title="bbox 2183 550 3750 628">
     <span class='ocr_line' id='line_1_5' title="bbox 2183 550 3750 628; baseline -0.003 -18"><span class='ocrx_word' id='word_1_14' title='bbox 2183 558 2314 628; x_wconf 77' lang='grc' dir='ltr'><strong>δάνη</strong></span> <span class='ocrx_word' id='word_1_15' title='bbox 2344 558 2654 628; x_wconf 79' lang='grc' dir='ltr'><strong>βάπτισμα,</strong></span> <span class='ocrx_word' id='word_1_16' title='bbox 2681 557 2861 610; x_wconf 86' lang='grc' dir='ltr'><strong>δίδωσι</strong></span> <span class='ocrx_word' id='word_1_17' title='bbox 2899 556 3050 619; x_wconf 86' lang='grc' dir='ltr'><strong>τέλος</strong></span> <span class='ocrx_word' id='word_1_18' title='bbox 3080 556 3156 627; x_wconf 83' lang='grc' dir='ltr'><strong>τῷ</strong></span> <span class='ocrx_word' id='word_1_19' title='bbox 3185 557 3352 627; x_wconf 84' lang='grc' dir='ltr'><strong>νόμῳ,</strong></span> <span class='ocrx_word' id='word_1_20' title='bbox 3389 556 3480 610; x_wconf 79' lang='grc' dir='ltr'><strong>καὶ</strong></span> <span class='ocrx_word' id='word_1_21' title='bbox 3516 553 3615 625; x_wconf 72' lang='grc' dir='ltr'><strong>τὴν</strong></span> <span class='ocrx_word' id='word_1_22' title='bbox 3654 550 3750 606; x_wconf 81' lang='grc' dir='ltr'><strong>θύο</strong></span> 
     </span>
    </p>
   </div>
   <div class='ocr_carea' id='block_1_6' title="bbox 502 655 2071 732">
    <p class='ocr_par' dir='ltr' id='par_1_6' title="bbox 502 655 2071 732">
     <span class='ocr_line' id='line_1_6' title="bbox 502 655 2071 732; baseline -0.008 -15"><span class='ocrx_word' id='word_1_23' title='bbox 502 665 787 732; x_wconf 84' lang='lat' dir='ltr'><strong>qnamdam</strong></span> <span class='ocrx_word' id='word_1_24' title='bbox 835 661 1178 732; x_wconf 64' lang='lat' dir='ltr'><strong>palestram,</strong></span> <span class='ocrx_word' id='word_1_25' title='bbox 1231 670 1283 714; x_wconf 94' lang='lat' dir='ltr'><strong>et</strong></span> <span class='ocrx_word' id='word_1_26' title='bbox 1329 658 1534 727; x_wconf 73' lang='lat' dir='ltr'><strong>ieiunat</strong></span> <span class='ocrx_word' id='word_1_27' title='bbox 1574 655 1790 727; x_wconf 72' lang='lat' dir='ltr'><strong>837m</strong></span> <span class='ocrx_word' id='word_1_28' title='bbox 1834 655 2071 723; x_wconf 85' lang='lat' dir='ltr'><strong>quidem,</strong></span> 
     </span>
    </p>
   </div>
   <div class='ocr_carea' id='block_1_7' title="bbox 504 743 2071 815">
    <p class='ocr_par' dir='ltr' id='par_1_7' title="bbox 504 743 2071 815">
     <span class='ocr_line' id='line_1_7' title="bbox 504 743 2071 815; baseline -0.008 -6"><span class='ocrx_word' id='word_1_29' title='bbox 504 772 610 810; x_wconf 89' lang='lat' dir='ltr'><strong>non</strong></span> <span class='ocrx_word' id='word_1_30' title='bbox 641 766 816 808; x_wconf 85' lang='lat' dir='ltr'><strong>tamen</strong></span> <span class='ocrx_word' id='word_1_31' title='bbox 849 753 986 806; x_wconf 87' lang='lat' dir='ltr'><strong>ultra</strong></span> <span class='ocrx_word' id='word_1_32' title='bbox 1011 759 1216 805; x_wconf 67' lang='lat' dir='ltr'><strong>natura</strong></span> <span class='ocrx_word' id='word_1_33' title='bbox 1240 762 1582 812; x_wconf 76' lang='lat' dir='ltr'><strong>mensuram;</strong></span> <span class='ocrx_word' id='word_1_34' title='bbox 1609 757 1663 800; x_wconf 91' lang='lat' dir='ltr'><strong>et</strong></span> <span class='ocrx_word' id='word_1_35' title='bbox 1691 747 1831 800; x_wconf 88' lang='lat' dir='ltr'><strong>vesci</strong></span> <span class='ocrx_word' id='word_1_36' title='bbox 1857 743 2071 815; x_wconf 82' lang='lat' dir='ltr'><strong>quidem</strong></span> 
     </span>
    </p>
   </div>
   <div class='ocr_carea' id='block_1_8' title="bbox 501 833 2071 914">
    <p class='ocr_par' dir='ltr' id='par_1_8' title="bbox 501 833 2071 914">
     <span class='ocr_line' id='line_1_8' title="bbox 501 833 2071 914; baseline -0.008 -16"><span class='ocrx_word' id='word_1_37' title='bbox 501 848 671 914; x_wconf 83' lang='lat' dir='ltr'><strong>cupit,</strong></span> <span class='ocrx_word' id='word_1_38' title='bbox 715 844 1063 898; x_wconf 84' lang='lat' dir='ltr'><strong>nihilominus</strong></span> <span class='ocrx_word' id='word_1_39' title='bbox 1105 840 1397 910; x_wconf 91' lang='lat' dir='ltr'><strong>appetitum</strong></span> <span class='ocrx_word' id='word_1_40' title='bbox 1441 839 1677 900; x_wconf 87' lang='lat' dir='ltr'><strong>cohibet,</strong></span> <span class='ocrx_word' id='word_1_41' title='bbox 1710 851 1881 905; x_wconf 85' lang='lat' dir='ltr'><strong>neque</strong></span> <span class='ocrx_word' id='word_1_42' title='bbox 1918 833 2071 888; x_wconf 84' lang='lat' dir='ltr'><strong>volu-</strong></span> 
     </span>
    </p>
   </div>
   <div class='ocr_carea' id='block_1_9' title="bbox 505 923 2076 1004">
    <p class='ocr_par' dir='ltr' id='par_1_9' title="bbox 505 923 2076 1004">
     <span class='ocr_line' id='line_1_9' title="bbox 505 923 2076 1004; baseline -0.006 -17"><span class='ocrx_word' id='word_1_43' title='bbox 505 935 741 1004; x_wconf 85' lang='lat' dir='ltr'><strong>ptatibus</strong></span> <span class='ocrx_word' id='word_1_44' title='bbox 769 935 957 987; x_wconf 90' lang='lat' dir='ltr'><strong>servit.</strong></span> <span class='ocrx_word' id='word_1_45' title='bbox 993 932 1058 986; x_wconf 83' lang='lat' dir='ltr'><strong>Et</strong></span> <span class='ocrx_word' id='word_1_46' title='bbox 1091 930 1246 984; x_wconf 88' lang='lat' dir='ltr'><strong>famis</strong></span> <span class='ocrx_word' id='word_1_47' title='bbox 1274 929 1489 998; x_wconf 84' lang='lat' dir='ltr'><strong>quidem</strong></span> <span class='ocrx_word' id='word_1_48' title='bbox 1532 941 1693 982; x_wconf 88' lang='lat' dir='ltr'><strong>causa</strong></span> <span class='ocrx_word' id='word_1_49' title='bbox 1718 926 1953 980; x_wconf 91' lang='lat' dir='ltr'><strong>concitat</strong></span> <span class='ocrx_word' id='word_1_50' title='bbox 1980 923 2076 978; x_wconf 82' lang='lat' dir='ltr'><strong>ad-</strong></span> 
     </span>
    </p>
   </div>
   <div class='ocr_carea' id='block_1_10' title="bbox 505 1015 2072 1088">
    <p class='ocr_par' dir='ltr' id='par_1_10' title="bbox 505 1015 2072 1088">
     <span class='ocr_line' id='line_1_10' title="bbox 505 1015 2072 1088; baseline -0.003 -15"><span class='ocrx_word' id='word_1_51' title='bbox 505 1023 804 1077; x_wconf 85' lang='lat' dir='ltr'><strong>versarium</strong></span> <span class='ocrx_word' id='word_1_52' title='bbox 830 1024 894 1076; x_wconf 89' lang='lat' dir='ltr'><strong>ad</strong></span> <span class='ocrx_word' id='word_1_53' title='bbox 925 1022 1144 1085; x_wconf 89' lang='lat' dir='ltr'><strong>luctam,</strong></span> <span class='ocrx_word' id='word_1_54' title='bbox 1177 1033 1335 1088; x_wconf 86' lang='lat' dir='ltr'><strong>quem</strong></span> <span class='ocrx_word' id='word_1_55' title='bbox 1361 1028 1538 1072; x_wconf 90' lang='lat' dir='ltr'><strong>tamen</strong></span> <span class='ocrx_word' id='word_1_56' title='bbox 1569 1016 1804 1070; x_wconf 88' lang='lat' dir='ltr'><strong>humana</strong></span> <span class='ocrx_word' id='word_1_57' title='bbox 1837 1015 2072 1083; x_wconf 83' lang='lat' dir='ltr'><strong>philoso-</strong></span> 
     </span>
    </p>
   </div>
   <div class='ocr_carea' id='block_1_11' title="bbox 505 1106 2072 1184">
    <p class='ocr_par' dir='ltr' id='par_1_11' title="bbox 505 1106 2072 1184">
     <span class='ocr_line' id='line_1_11' title="bbox 505 1106 2072 1184; baseline -0.006 -17"><span class='ocrx_word' id='word_1_58' title='bbox 505 1114 630 1184; x_wconf 90' lang='lat' dir='ltr'><strong>phia</strong></span> <span class='ocrx_word' id='word_1_59' title='bbox 679 1122 918 1184; x_wconf 88' lang='lat' dir='ltr'><strong>supcrat,</strong></span> <span class='ocrx_word' id='word_1_60' title='bbox 962 1128 1069 1166; x_wconf 93' lang='lat' dir='ltr'><strong>non</strong></span> <span class='ocrx_word' id='word_1_61' title='bbox 1125 1110 1422 1164; x_wconf 80' lang='lat' dir='ltr'><strong>divinitatis</strong></span> <span class='ocrx_word' id='word_1_62' title='bbox 1463 1116 1762 1178; x_wconf 83' lang='lat' dir='ltr'><strong>potestate;</strong></span> <span class='ocrx_word' id='word_1_63' title='bbox 1817 1106 2072 1170; x_wconf 89' lang='lat' dir='ltr'><strong>luctatur,</strong></span> 
     </span>
    </p>
   </div>
   <div class='ocr_carea' id='block_1_12' title="bbox 504 1197 2076 1274">
    <p class='ocr_par' dir='ltr' id='par_1_12' title="bbox 504 1197 2076 1274">
     <span class='ocr_line' id='line_1_12' title="bbox 504 1197 2076 1274; baseline -0.005 -17"><span class='ocrx_word' id='word_1_64' title='bbox 504 1215 740 1273; x_wconf 86' lang='lat' dir='ltr'><strong>superat,</strong></span> <span class='ocrx_word' id='word_1_65' title='bbox 766 1204 954 1267; x_wconf 91' lang='lat' dir='ltr'><strong>vincit,</strong></span> <span class='ocrx_word' id='word_1_66' title='bbox 985 1202 1253 1274; x_wconf 82' lang='lat' dir='ltr'><strong>proﬂigat,</strong></span> <span class='ocrx_word' id='word_1_67' title='bbox 1281 1199 1616 1271; x_wconf 80' lang='lat' dir='ltr'><strong>tyrannidem</strong></span> <span class='ocrx_word' id='word_1_68' title='bbox 1633 1197 1899 1260; x_wconf 78' lang='lat' dir='ltr'><strong>dissolvit,</strong></span> <span class='ocrx_word' id='word_1_69' title='bbox 1926 1197 2076 1250; x_wconf 84' lang='lat' dir='ltr'><strong>infir-</strong></span> 
     </span>
    </p>
   </div>
   <div class='ocr_carea' id='block_1_13' title="bbox 505 1287 2071 1358">
    <p class='ocr_par' dir='ltr' id='par_1_13' title="bbox 505 1287 2071 1358">
     <span class='ocr_line' id='line_1_13' title="bbox 505 1287 2071 1358; baseline -0.006 -9"><span class='ocrx_word' id='word_1_70' title='bbox 505 1297 745 1349; x_wconf 89' lang='lat' dir='ltr'><strong>mitatem</strong></span> <span class='ocrx_word' id='word_1_71' title='bbox 779 1295 923 1349; x_wconf 88' lang='lat' dir='ltr'><strong>illius</strong></span> <span class='ocrx_word' id='word_1_72' title='bbox 971 1296 1323 1356; x_wconf 83' lang='lat' dir='ltr'><strong>demonstrat,</strong></span> <span class='ocrx_word' id='word_1_73' title='bbox 1355 1291 1668 1358; x_wconf 81' lang='lat' dir='ltr'><strong>clademque</strong></span> <span class='ocrx_word' id='word_1_74' title='bbox 1693 1287 2017 1358; x_wconf 62' lang='lat' dir='ltr'><strong>deprasdicat</strong></span> <span class='ocrx_word' id='word_1_75' title='bbox 2057 1301 2071 1339; x_wconf 89' lang='lat'><strong>:</strong></span> 
     </span>
    </p>
   </div>
   <div class='ocr_carea' id='block_1_14' title="bbox 509 1378 2074 1456">
    <p class='ocr_par' dir='ltr' id='par_1_14' title="bbox 509 1378 2074 1456">
     <span class='ocr_line' id='line_1_14' title="bbox 509 1378 2074 1456; baseline -0.005 -18"><span class='ocrx_word' id='word_1_76' title='bbox 509 1407 528 1438; x_wconf 74' lang='grc' dir='ltr'><strong>ι</strong></span> <span class='ocrx_word' id='word_1_77' title='bbox 552 1386 836 1450; x_wconf 83' lang='lat' dir='ltr'><strong>Contidite,</strong></span> <span class='ocrx_word' id='word_1_78' title='bbox 861 1386 1052 1456; x_wconf 88' lang='lat' dir='ltr'><strong>inquit,</strong></span> <span class='ocrx_word' id='word_1_79' title='bbox 1083 1401 1180 1455; x_wconf 91' lang='lat' dir='ltr'><strong>ego</strong></span> <span class='ocrx_word' id='word_1_80' title='bbox 1201 1385 1301 1438; x_wconf 91' lang='lat' dir='ltr'><strong>vici</strong></span> <span class='ocrx_word' id='word_1_81' title='bbox 1325 1383 1582 1437; x_wconf 90' lang='lat' dir='ltr'><strong>mundum</strong></span> <span class='ocrx_word' id='word_1_82' title='bbox 1607 1381 1686 1432; x_wconf 79' lang='lat' dir='ltr'><strong>&quot;z</strong></span> <span class='ocrx_word' id='word_1_83' title='bbox 1714 1400 1731 1431; x_wconf 71' lang='grc' dir='ltr'><strong>ι</strong></span> <span class='ocrx_word' id='word_1_84' title='bbox 1767 1389 1993 1433; x_wconf 88' lang='lat' dir='ltr'><strong>cunctos</strong></span> <span class='ocrx_word' id='word_1_85' title='bbox 2010 1378 2074 1431; x_wconf 87' lang='lat' dir='ltr'><strong>ad</strong></span> 
     </span>
    </p>
   </div>
   <div class='ocr_carea' id='block_1_15' title="bbox 503 1471 2073 1542">
    <p class='ocr_par' dir='ltr' id='par_1_15' title="bbox 503 1471 2073 1542">
     <span class='ocr_line' id='line_1_15' title="bbox 503 1471 2073 1542; baseline -0.004 -14"><span class='ocrx_word' id='word_1_86' title='bbox 503 1480 752 1532; x_wconf 84' lang='lat' dir='ltr'><strong>virtutem</strong></span> <span class='ocrx_word' id='word_1_87' title='bbox 783 1478 1045 1539; x_wconf 83' lang='lat' dir='ltr'><strong>hortatur.</strong></span> <span class='ocrx_word' id='word_1_88' title='bbox 1067 1477 1366 1530; x_wconf 88' lang='lat' dir='ltr'><strong>divinorum</strong></span> <span class='ocrx_word' id='word_1_89' title='bbox 1391 1475 1696 1542; x_wconf 89' lang='lat' dir='ltr'><strong>dogmatum</strong></span> <span class='ocrx_word' id='word_1_90' title='bbox 1719 1471 1925 1525; x_wconf 87' lang='lat' dir='ltr'><strong>tabulas</strong></span> <span class='ocrx_word' id='word_1_91' title='bbox 1943 1485 2073 1524; x_wconf 78' lang='lat' dir='ltr'><strong>con-</strong></span> 
     </span>
    </p>
   </div>
   <div class='ocr_carea' id='block_1_16' title="bbox 503 1563 2070 1636">
    <p class='ocr_par' dir='ltr' id='par_1_16' title="bbox 503 1563 2070 1636">
     <span class='ocr_line' id='line_1_16' title="bbox 503 1563 2070 1636; baseline -0.005 -15"><span class='ocrx_word' id='word_1_92' title='bbox 503 1570 601 1634; x_wconf 87' lang='lat' dir='ltr'><strong>dit,</strong></span> <span class='ocrx_word' id='word_1_93' title='bbox 638 1569 943 1623; x_wconf 86' lang='lat' dir='ltr'><strong>nuntiatum</strong></span> <span class='ocrx_word' id='word_1_94' title='bbox 975 1582 1070 1621; x_wconf 89' lang='lat' dir='ltr'><strong>ore</strong></span> <span class='ocrx_word' id='word_1_95' title='bbox 1105 1569 1380 1636; x_wconf 79' lang='lat' dir='ltr'><strong>propheta:</strong></span> <span class='ocrx_word' id='word_1_96' title='bbox 1427 1563 1832 1620; x_wconf 80' lang='lat' dir='ltr'><strong>Testamentum</strong></span> <span class='ocrx_word' id='word_1_97' title='bbox 1877 1577 2070 1616; x_wconf 86' lang='lat' dir='ltr'><strong>novum</strong></span> 
     </span>
    </p>
   </div>
   <div class='ocr_carea' id='block_1_17' title="bbox 505 1653 2072 1726">
    <p class='ocr_par' dir='ltr' id='par_1_17' title="bbox 505 1653 2072 1726">
     <span class='ocr_line' id='line_1_17' title="bbox 505 1653 2072 1726; baseline -0.004 -15"><span class='ocrx_word' id='word_1_98' title='bbox 505 1661 668 1713; x_wconf 84' lang='lat' dir='ltr'><strong>tradit</strong></span> <span class='ocrx_word' id='word_1_99' title='bbox 694 1660 763 1724; x_wconf 84' lang='lat'><strong>&quot;,</strong></span> <span class='ocrx_word' id='word_1_100' title='bbox 785 1658 1042 1713; x_wconf 73' lang='lat' dir='ltr'><strong>cmlorum</strong></span> <span class='ocrx_word' id='word_1_101' title='bbox 1074 1672 1298 1726; x_wconf 83' lang='lat' dir='ltr'><strong>regnum</strong></span> <span class='ocrx_word' id='word_1_102' title='bbox 1322 1656 1607 1726; x_wconf 85' lang='lat' dir='ltr'><strong>promittit,</strong></span> <span class='ocrx_word' id='word_1_103' title='bbox 1645 1653 1802 1708; x_wconf 84' lang='lat' dir='ltr'><strong>oliicii</strong></span> <span class='ocrx_word' id='word_1_104' title='bbox 1831 1665 2072 1708; x_wconf 87' lang='lat' dir='ltr'><strong>contem-</strong></span> 
     </span>
    </p>
   </div>
   <div class='ocr_carea' id='block_1_18' title="bbox 504 1747 1663 1820">
    <p class='ocr_par' dir='ltr' id='par_1_18' title="bbox 504 1747 1663 1820">
     <span class='ocr_line' id='line_1_18' title="bbox 504 1747 1663 1820; baseline 0.001 -17"><span class='ocrx_word' id='word_1_105' title='bbox 504 1751 748 1820; x_wconf 87' lang='lat' dir='ltr'><strong>ptoribus</strong></span> <span class='ocrx_word' id='word_1_106' title='bbox 775 1752 1031 1819; x_wconf 72' lang='lat' dir='ltr'><strong>gehennae</strong></span> <span class='ocrx_word' id='word_1_107' title='bbox 1073 1750 1246 1819; x_wconf 86' lang='lat' dir='ltr'><strong>ignem</strong></span> <span class='ocrx_word' id='word_1_108' title='bbox 1284 1747 1663 1804; x_wconf 84' lang='lat' dir='ltr'><strong>comminatur.</strong></span> 
     </span>
    </p>
   </div>
   <div class='ocr_carea' id='block_1_19' title="bbox 2186 646 3751 722">
    <p class='ocr_par' dir='ltr' id='par_1_19' title="bbox 2186 646 3751 722">
     <span class='ocr_line' id='line_1_19' title="bbox 2186 646 3751 722; baseline -0.002 -19"><span class='ocrx_word' id='word_1_109' title='bbox 2186 669 2283 722; x_wconf 91' lang='grc' dir='ltr'><strong>ραν</strong></span> <span class='ocrx_word' id='word_1_110' title='bbox 2315 650 2596 718; x_wconf 79' lang='grc' dir='ltr'><strong>ὑπανοίγει</strong></span> <span class='ocrx_word' id='word_1_111' title='bbox 2621 651 2719 720; x_wconf 81' lang='grc' dir='ltr'><strong>τῆς</strong></span> <span class='ocrx_word' id='word_1_112' title='bbox 2748 651 2988 721; x_wconf 85' lang='grc' dir='ltr'><strong>χάριτος,</strong></span> <span class='ocrx_word' id='word_1_113' title='bbox 3017 651 3121 703; x_wconf 81' lang='grc' dir='ltr'><strong>ὑπὸ</strong></span> <span class='ocrx_word' id='word_1_114' title='bbox 3155 650 3246 703; x_wconf 83' lang='grc' dir='ltr'><strong>τοῦ</strong></span> <span class='ocrx_word' id='word_1_115' title='bbox 3277 649 3488 718; x_wconf 76' lang='grc' dir='ltr'><strong>[ἰατρὸς</strong></span> <span class='ocrx_word' id='word_1_116' title='bbox 3522 646 3751 718; x_wconf 81' lang='grc' dir='ltr'><strong>οὐρανό-</strong></span> 
     </span>
    </p>
   </div>
   <div class='ocr_carea' id='block_1_20' title="bbox 2182 739 3753 812">
    <p class='ocr_par' dir='ltr' id='par_1_20' title="bbox 2182 739 3753 812">
     <span class='ocr_line' id='line_1_20' title="bbox 2182 739 3753 812; baseline -0.003 -18"><span class='ocrx_word' id='word_1_117' title='bbox 2182 741 2273 794; x_wconf 86' lang='grc' dir='ltr'><strong>θεν</strong></span> <span class='ocrx_word' id='word_1_118' title='bbox 2330 741 2784 811; x_wconf 87' lang='grc' dir='ltr'><strong>ἀνακηρύττεται,</strong></span> <span class='ocrx_word' id='word_1_119' title='bbox 2838 744 2905 812; x_wconf 78' lang='grc' dir='ltr'><strong>τῇ</strong></span> <span class='ocrx_word' id='word_1_120' title='bbox 2957 741 3227 812; x_wconf 74' lang='grc' dir='ltr'><strong>παρουσία</strong></span> <span class='ocrx_word' id='word_1_121' title='bbox 3282 740 3374 793; x_wconf 81' lang='grc' dir='ltr'><strong>τοῦ</strong></span> <span class='ocrx_word' id='word_1_122' title='bbox 3436 739 3753 808; x_wconf 86' lang='grc' dir='ltr'><strong>Πνεύματος</strong></span> 
     </span>
    </p>
   </div>
   <div class='ocr_carea' id='block_1_21' title="bbox 2178 831 3750 906">
    <p class='ocr_par' dir='ltr' id='par_1_21' title="bbox 2178 831 3750 906">
     <span class='ocr_line' id='line_1_21' title="bbox 2178 831 3750 906; baseline -0.002 -20"><span class='ocrx_word' id='word_1_123' title='bbox 2178 834 2479 894; x_wconf 86' lang='grc' dir='ltr'><strong>δείκνυται,</strong></span> <span class='ocrx_word' id='word_1_124' title='bbox 2513 835 2775 902; x_wconf 77' lang='grc' dir='ltr'><strong>ἀνάγεται</strong></span> <span class='ocrx_word' id='word_1_125' title='bbox 2807 836 2884 897; x_wconf 86' lang='grc' dir='ltr'><strong>είς</strong></span> <span class='ocrx_word' id='word_1_126' title='bbox 2908 834 3005 906; x_wconf 80' lang='grc' dir='ltr'><strong>τὴν</strong></span> <span class='ocrx_word' id='word_1_127' title='bbox 3039 834 3243 905; x_wconf 76' lang='grc' dir='ltr'><strong>ἔρημον</strong></span> <span class='ocrx_word' id='word_1_128' title='bbox 3272 833 3345 897; x_wconf 78' lang='grc' dir='ltr'><strong>ὡς</strong></span> <span class='ocrx_word' id='word_1_129' title='bbox 3374 835 3452 895; x_wconf 85' lang='grc' dir='ltr'><strong>είς</strong></span> <span class='ocrx_word' id='word_1_130' title='bbox 3484 831 3750 902; x_wconf 84' lang='grc' dir='ltr'><strong>άρμοδίαν</strong></span> 
     </span>
    </p>
   </div>
   <div class='ocr_carea' id='block_1_22' title="bbox 2173 922 3751 996">
    <p class='ocr_par' dir='ltr' id='par_1_22' title="bbox 2173 922 3751 996">
     <span class='ocr_line' id='line_1_22' title="bbox 2173 922 3751 996; baseline -0.003 -19"><span class='ocrx_word' id='word_1_131' title='bbox 2173 924 2294 978; x_wconf 85' lang='grc' dir='ltr'><strong>τινά</strong></span> <span class='ocrx_word' id='word_1_132' title='bbox 2331 925 2672 995; x_wconf 77' lang='grc' dir='ltr'><strong>παλαίστραν</strong></span> <span class='ocrx_word' id='word_1_133' title='bbox 2714 925 2816 979; x_wconf 80' lang='grc' dir='ltr'><strong>ὑπὸ</strong></span> <span class='ocrx_word' id='word_1_134' title='bbox 2867 925 2960 978; x_wconf 74' lang='grc' dir='ltr'><strong>τοῦ</strong></span> <span class='ocrx_word' id='word_1_135' title='bbox 3001 926 3338 996; x_wconf 82' lang='grc' dir='ltr'><strong>Πνεύματος,</strong></span> <span class='ocrx_word' id='word_1_136' title='bbox 3375 925 3467 977; x_wconf 77' lang='grc' dir='ltr'><strong>καὶ</strong></span> <span class='ocrx_word' id='word_1_137' title='bbox 3501 922 3751 994; x_wconf 78' lang='grc' dir='ltr'><strong>νηστεύει</strong></span> 
     </span>
    </p>
   </div>
   <div class='ocr_carea' id='block_1_23' title="bbox 2176 1014 3750 1088">
    <p class='ocr_par' dir='ltr' id='par_1_23' title="bbox 2176 1014 3750 1088">
     <span class='ocr_line' id='line_1_23' title="bbox 2176 1014 3750 1088; baseline -0.003 -18"><span class='ocrx_word' id='word_1_138' title='bbox 2176 1018 2315 1088; x_wconf 84' lang='grc' dir='ltr'><strong>μὲν,</strong></span> <span class='ocrx_word' id='word_1_139' title='bbox 2369 1019 2430 1070; x_wconf 82' lang='grc' dir='ltr'><strong>ού</strong></span> <span class='ocrx_word' id='word_1_140' title='bbox 2491 1019 2634 1088; x_wconf 89' lang='grc' dir='ltr'><strong>πέρα</strong></span> <span class='ocrx_word' id='word_1_141' title='bbox 2691 1019 2748 1070; x_wconf 79' lang='grc' dir='ltr'><strong>δὲ</strong></span> <span class='ocrx_word' id='word_1_142' title='bbox 2797 1017 2903 1071; x_wconf 85' lang='grc' dir='ltr'><strong>τῶν</strong></span> <span class='ocrx_word' id='word_1_143' title='bbox 2959 1019 3171 1088; x_wconf 64' lang='grc' dir='ltr'><strong>μέτςκυν</strong></span> <span class='ocrx_word' id='word_1_144' title='bbox 3221 1018 3322 1085; x_wconf 73' lang='grc' dir='ltr'><strong>τῆς</strong></span> <span class='ocrx_word' id='word_1_145' title='bbox 3371 1019 3606 1084; x_wconf 75' lang='grc' dir='ltr'><strong>φύσεως,</strong></span> <span class='ocrx_word' id='word_1_146' title='bbox 3656 1014 3750 1067; x_wconf 61' lang='grc' dir='ltr'><strong>καὶ⁵</strong></span> 
     </span>
    </p>
   </div>
   <div class='ocr_carea' id='block_1_24' title="bbox 2171 1105 3751 1181">
    <p class='ocr_par' dir='ltr' id='par_1_24' title="bbox 2171 1105 3751 1181">
     <span class='ocr_line' id='line_1_24' title="bbox 2171 1105 3751 1181; baseline -0.003 -19"><span class='ocrx_word' id='word_1_147' title='bbox 2171 1110 2372 1181; x_wconf 82' lang='grc' dir='ltr'><strong>τροφῆς</strong></span> <span class='ocrx_word' id='word_1_148' title='bbox 2409 1109 2507 1179; x_wconf 80' lang='grc' dir='ltr'><strong>μὲν</strong></span> <span class='ocrx_word' id='word_1_149' title='bbox 2539 1109 2777 1178; x_wconf 74' lang='grc' dir='ltr'><strong>ἐφίεται,</strong></span> <span class='ocrx_word' id='word_1_150' title='bbox 2827 1110 2961 1163; x_wconf 80' lang='grc' dir='ltr'><strong>ἀλλά</strong></span> <span class='ocrx_word' id='word_1_151' title='bbox 3009 1111 3200 1180; x_wconf 81' lang='grc' dir='ltr'><strong>κρατεῖ</strong></span> <span class='ocrx_word' id='word_1_152' title='bbox 3243 1109 3342 1178; x_wconf 80' lang='grc' dir='ltr'><strong>τῆς</strong></span> <span class='ocrx_word' id='word_1_153' title='bbox 3387 1108 3617 1176; x_wconf 81' lang='grc' dir='ltr'><strong>ὀρέξεως</strong></span> <span class='ocrx_word' id='word_1_154' title='bbox 3645 1149 3659 1172; x_wconf 91' lang='grc'><strong>,</strong></span> <span class='ocrx_word' id='word_1_155' title='bbox 3689 1105 3751 1158; x_wconf 73' lang='grc' dir='ltr'><strong>οὐ</strong></span> 
     </span>
    </p>
   </div>
   <div class='ocr_carea' id='block_1_25' title="bbox 2172 1198 3751 1272">
    <p class='ocr_par' dir='ltr' id='par_1_25' title="bbox 2172 1198 3751 1272">
     <span class='ocr_line' id='line_1_25' title="bbox 2172 1198 3751 1272; baseline -0.003 -18"><span class='ocrx_word' id='word_1_156' title='bbox 2172 1202 2412 1254; x_wconf 79' lang='grc' dir='ltr'>δουλεύει</span> <span class='ocrx_word' id='word_1_157' title='bbox 2456 1204 2574 1265; x_wconf 83' lang='grc' dir='ltr'><strong>ταῖς</strong></span> <span class='ocrx_word' id='word_1_158' title='bbox 2617 1203 2858 1272; x_wconf 81' lang='grc' dir='ltr'><strong>ἡδοναῖς·</strong></span> <span class='ocrx_word' id='word_1_159' title='bbox 2913 1203 3006 1255; x_wconf 75' lang='grc' dir='ltr'><strong>καὶ</strong></span> <span class='ocrx_word' id='word_1_160' title='bbox 3050 1201 3207 1254; x_wconf 79' lang='grc' dir='ltr'><strong>καλεῖ</strong></span> <span class='ocrx_word' id='word_1_161' title='bbox 3254 1201 3354 1271; x_wconf 85' lang='grc' dir='ltr'><strong>μὲν</strong></span> <span class='ocrx_word' id='word_1_162' title='bbox 3380 1204 3444 1271; x_wconf 80' lang='grc' dir='ltr'><strong>τῇ</strong></span> <span class='ocrx_word' id='word_1_163' title='bbox 3474 1201 3632 1270; x_wconf 85' lang='grc' dir='ltr'><strong>πείνῃ</strong></span> <span class='ocrx_word' id='word_1_164' title='bbox 3663 1198 3751 1253; x_wconf 74' lang='grc' dir='ltr'><strong>τὸν</strong></span> 
     </span>
    </p>
   </div>
   <div class='ocr_carea' id='block_1_26' title="bbox 2173 1289 3750 1364">
    <p class='ocr_par' dir='ltr' id='par_1_26' title="bbox 2173 1289 3750 1364">
     <span class='ocr_line' id='line_1_26' title="bbox 2173 1289 3750 1364; baseline -0.001 -20"><span class='ocrx_word' id='word_1_165' title='bbox 2173 1291 2466 1344; x_wconf 79' lang='grc' dir='ltr'><strong>ἀντίπαλον</strong></span> <span class='ocrx_word' id='word_1_166' title='bbox 2521 1294 2600 1354; x_wconf 86' lang='grc' dir='ltr'><strong>είς</strong></span> <span class='ocrx_word' id='word_1_167' title='bbox 2649 1293 2746 1363; x_wconf 83' lang='grc' dir='ltr'><strong>τὴν</strong></span> <span class='ocrx_word' id='word_1_168' title='bbox 2808 1293 3024 1364; x_wconf 81' lang='grc' dir='ltr'><strong>πάλην,</strong></span> <span class='ocrx_word' id='word_1_169' title='bbox 3094 1293 3428 1364; x_wconf 82' lang='grc' dir='ltr'><strong>περιγίνεται</strong></span> <span class='ocrx_word' id='word_1_170' title='bbox 3475 1292 3531 1344; x_wconf 81' lang='grc' dir='ltr'><strong>δὲ</strong></span> <span class='ocrx_word' id='word_1_171' title='bbox 3587 1289 3750 1343; x_wconf 80' lang='grc' dir='ltr'><strong>αὑτοῦ</strong></span> 
     </span>
    </p>
   </div>
   <div class='ocr_carea' id='block_1_27' title="bbox 2176 1382 3748 1455">
    <p class='ocr_par' dir='ltr' id='par_1_27' title="bbox 2176 1382 3748 1455">
     <span class='ocr_line' id='line_1_27' title="bbox 2176 1382 3748 1455; baseline 0 -20"><span class='ocrx_word' id='word_1_172' title='bbox 2176 1382 2491 1454; x_wconf 73' lang='grc' dir='ltr'><strong>ἀνθρωπίνῃ</strong></span> <span class='ocrx_word' id='word_1_173' title='bbox 2542 1382 2866 1455; x_wconf 68' lang='grc' dir='ltr'><strong>φιλοσοφίᾳ,</strong></span> <span class='ocrx_word' id='word_1_174' title='bbox 2919 1383 3032 1438; x_wconf 88' lang='grc' dir='ltr'><strong>ἀλλ’</strong></span> <span class='ocrx_word' id='word_1_175' title='bbox 3083 1385 3182 1437; x_wconf 76' lang='grc' dir='ltr'><strong>οὐκ</strong></span> <span class='ocrx_word' id='word_1_176' title='bbox 3223 1383 3441 1453; x_wconf 67' lang='grc' dir='ltr'><strong>ἐξουσία</strong></span> <span class='ocrx_word' id='word_1_177' title='bbox 3480 1384 3748 1453; x_wconf 86' lang='grc' dir='ltr'><strong>θεότητος,</strong></span> 
     </span>
    </p>
   </div>
   <div class='ocr_carea' id='block_1_28' title="bbox 2177 1471 3750 1545">
    <p class='ocr_par' dir='ltr' id='par_1_28' title="bbox 2177 1471 3750 1545">
     <span class='ocr_line' id='line_1_28' title="bbox 2177 1471 3750 1545; baseline -0.001 -19"><span class='ocrx_word' id='word_1_178' title='bbox 2177 1471 2506 1538; x_wconf 72' lang='grc' dir='ltr'><strong>ἀγωνίζεται</strong></span> <span class='ocrx_word' id='word_1_179' title='bbox 2533 1513 2548 1539; x_wconf 91' lang='grc'><strong>,</strong></span> <span class='ocrx_word' id='word_1_180' title='bbox 2595 1475 3022 1541; x_wconf 74' lang='grc' dir='ltr'><strong>καταγωνίζεται</strong></span> <span class='ocrx_word' id='word_1_181' title='bbox 3047 1515 3062 1536; x_wconf 90' lang='grc'><strong>,</strong></span> <span class='ocrx_word' id='word_1_182' title='bbox 3106 1477 3232 1545; x_wconf 78' lang='grc' dir='ltr'><strong>νικᾷ</strong></span> <span class='ocrx_word' id='word_1_183' title='bbox 3257 1513 3271 1537; x_wconf 98' lang='grc'><strong>,</strong></span> <span class='ocrx_word' id='word_1_184' title='bbox 3306 1474 3579 1541; x_wconf 81' lang='grc' dir='ltr'><strong>ἐξελαύνει</strong></span> <span class='ocrx_word' id='word_1_185' title='bbox 3607 1515 3620 1532; x_wconf 90' lang='grc'><strong>,</strong></span> <span class='ocrx_word' id='word_1_186' title='bbox 3653 1473 3750 1544; x_wconf 75' lang='grc' dir='ltr'><strong>τὴν</strong></span> 
     </span>
    </p>
   </div>
   <div class='ocr_carea' id='block_1_29' title="bbox 2177 1559 3749 1636">
    <p class='ocr_par' dir='ltr' id='par_1_29' title="bbox 2177 1559 3749 1636">
     <span class='ocr_line' id='line_1_29' title="bbox 2177 1559 3749 1636; baseline 0.001 -22"><span class='ocrx_word' id='word_1_187' title='bbox 2177 1564 2465 1630; x_wconf 77' lang='grc' dir='ltr'><strong>τυραννίδα</strong></span> <span class='ocrx_word' id='word_1_188' title='bbox 2496 1564 2756 1619; x_wconf 79' lang='grc' dir='ltr'><strong>καταλύει</strong></span> <span class='ocrx_word' id='word_1_189' title='bbox 2775 1605 2791 1626; x_wconf 87' lang='grc'><strong>,</strong></span> <span class='ocrx_word' id='word_1_190' title='bbox 2839 1566 2898 1619; x_wconf 83' lang='grc' dir='ltr'><strong>τὺ</strong></span> <span class='ocrx_word' id='word_1_191' title='bbox 2922 1565 3146 1629; x_wconf 77' lang='grc' dir='ltr'><strong>ἀσθενὲς</strong></span> <span class='ocrx_word' id='word_1_192' title='bbox 3171 1566 3382 1636; x_wconf 73' lang='grc' dir='ltr'><strong>ἐλέγχει</strong></span> <span class='ocrx_word' id='word_1_193' title='bbox 3407 1607 3420 1629; x_wconf 90' lang='grc'><strong>,</strong></span> <span class='ocrx_word' id='word_1_194' title='bbox 3457 1566 3554 1636; x_wconf 80' lang='grc' dir='ltr'><strong>τήν</strong></span> <span class='ocrx_word' id='word_1_195' title='bbox 3585 1559 3749 1634; x_wconf 73' lang='grc' dir='ltr'><strong>ἧτταν</strong></span> 
     </span>
    </p>
   </div>
   <div class='ocr_carea' id='block_1_30' title="bbox 2180 1651 3750 1725">
    <p class='ocr_par' dir='ltr' id='par_1_30' title="bbox 2180 1651 3750 1725">
     <span class='ocr_line' id='line_1_30' title="bbox 2180 1651 3750 1725; baseline 0 -22"><span class='ocrx_word' id='word_1_196' title='bbox 2180 1651 2442 1720; x_wconf 78' lang='grc' dir='ltr'><strong>κηρύττει</strong></span> <span class='ocrx_word' id='word_1_197' title='bbox 2463 1669 2475 1682; x_wconf 78' lang='grc'><em>’</em></span> <span class='ocrx_word' id='word_1_198' title='bbox 2518 1671 2535 1704; x_wconf 84' lang='lat' dir='ltr'><strong>t</strong></span> <span class='ocrx_word' id='word_1_199' title='bbox 2567 1654 2832 1723; x_wconf 83' lang='grc' dir='ltr'><strong>Θαρσεῖτε</strong></span> <span class='ocrx_word' id='word_1_200' title='bbox 2857 1654 2987 1725; x_wconf 87' lang='grc' dir='ltr'><strong>γάρ,</strong></span> <span class='ocrx_word' id='word_1_201' title='bbox 3021 1656 3205 1725; x_wconf 79' lang='grc' dir='ltr'><strong>φησὶν,</strong></span> <span class='ocrx_word' id='word_1_202' title='bbox 3241 1653 3354 1722; x_wconf 75' lang='grc' dir='ltr'><strong>ἐγὼ</strong></span> <span class='ocrx_word' id='word_1_203' title='bbox 3379 1654 3637 1724; x_wconf 81' lang='grc' dir='ltr'><strong>νενίκηκα</strong></span> <span class='ocrx_word' id='word_1_204' title='bbox 3661 1653 3750 1704; x_wconf 81' lang='grc' dir='ltr'><strong>τδν</strong></span> 
     </span>
    </p>
   </div>
   <div class='ocr_carea' id='block_1_31' title="bbox 2182 1744 3749 1819">
    <p class='ocr_par' dir='ltr' id='par_1_31' title="bbox 2182 1744 3749 1819">
     <span class='ocr_line' id='line_1_31' title="bbox 2182 1744 3749 1819; baseline 0.002 -24"><span class='ocrx_word' id='word_1_205' title='bbox 2182 1744 2384 1814; x_wconf 83' lang='grc' dir='ltr'><strong>κόσμον</strong></span> <span class='ocrx_word' id='word_1_206' title='bbox 2427 1762 2440 1775; x_wconf 80' lang='grc'><em>’</em></span> <span class='ocrx_word' id='word_1_207' title='bbox 2501 1764 2520 1797; x_wconf 74' lang='grc' dir='ltr'><strong>ι</strong></span> <span class='ocrx_word' id='word_1_208' title='bbox 2567 1747 2871 1818; x_wconf 77' lang='grc' dir='ltr'><strong>προτρέπει</strong></span> <span class='ocrx_word' id='word_1_209' title='bbox 2937 1747 3144 1810; x_wconf 83' lang='grc' dir='ltr'><strong>πάντας</strong></span> <span class='ocrx_word' id='word_1_210' title='bbox 3205 1749 3284 1810; x_wconf 85' lang='grc' dir='ltr'><strong>είς</strong></span> <span class='ocrx_word' id='word_1_211' title='bbox 3349 1747 3583 1819; x_wconf 82' lang='grc' dir='ltr'><strong>ἀρετὴν,</strong></span> <span class='ocrx_word' id='word_1_212' title='bbox 3654 1746 3749 1816; x_wconf 74' lang='grc' dir='ltr'><strong>τὴν</strong></span> 
     </span>
    </p>
   </div>
   <div class='ocr_carea' id='block_1_32' title="bbox 506 1835 3748 1912">
    <p class='ocr_par' dir='ltr' id='par_1_32' title="bbox 506 1835 3748 1912">
     <span class='ocr_line' id='line_1_32' title="bbox 506 1835 3748 1912; baseline 0.001 -20"><span class='ocrx_word' id='word_1_213' title='bbox 506 1840 822 1912; x_wconf 83' lang='grc' dir='ltr'><strong>νομοθεσίαν</strong></span> <span class='ocrx_word' id='word_1_214' title='bbox 852 1841 958 1895; x_wconf 85' lang='grc' dir='ltr'><strong>τῶν</strong></span> <span class='ocrx_word' id='word_1_215' title='bbox 993 1840 1153 1894; x_wconf 86' lang='grc' dir='ltr'><strong>θείων</strong></span> <span class='ocrx_word' id='word_1_216' title='bbox 1199 1839 1483 1909; x_wconf 81' lang='grc' dir='ltr'><strong>δογμάτων</strong></span> <span class='ocrx_word' id='word_1_217' title='bbox 1522 1839 1685 1902; x_wconf 84' lang='grc' dir='ltr'><strong>ποιεῖ,</strong></span> <span class='ocrx_word' id='word_1_218' title='bbox 1727 1838 1826 1908; x_wconf 78' lang='grc' dir='ltr'><strong>τὴν</strong></span> <span class='ocrx_word' id='word_1_219' title='bbox 1883 1835 1974 1890; x_wconf 80' lang='grc' dir='ltr'><strong>διὰ</strong></span> <span class='ocrx_word' id='word_1_220' title='bbox 2009 1836 2103 1888; x_wconf 80' lang='grc' dir='ltr'><strong>τοῦ</strong></span> <span class='ocrx_word' id='word_1_221' title='bbox 2150 1839 2434 1907; x_wconf 80' lang='grc' dir='ltr'><strong>προφήτου</strong></span> <span class='ocrx_word' id='word_1_222' title='bbox 2485 1839 2906 1911; x_wconf 80' lang='grc' dir='ltr'><strong>ἐπηγγελμένην</strong></span> <span class='ocrx_word' id='word_1_223' title='bbox 2952 1840 3149 1912; x_wconf 80' lang='grc' dir='ltr'><strong>καινήν</strong></span> <span class='ocrx_word' id='word_1_224' title='bbox 3176 1838 3452 1912; x_wconf 74' lang='grc' dir='ltr'><strong>Διαθήκην</strong></span> <span class='ocrx_word' id='word_1_225' title='bbox 3514 1840 3748 1901; x_wconf 86' lang='grc' dir='ltr'><strong>δίδωσιν,</strong></span> 
     </span>
    </p>
   </div>
   <div class='ocr_carea' id='block_1_33' title="bbox 505 1929 2964 2004">
    <p class='ocr_par' dir='ltr' id='par_1_33' title="bbox 505 1929 2964 2004">
     <span class='ocr_line' id='line_1_33' title="bbox 505 1929 2964 2004; baseline 0 -19"><span class='ocrx_word' id='word_1_226' title='bbox 505 1932 746 2004; x_wconf 83' lang='grc' dir='ltr'><strong>ούρανῶν</strong></span> <span class='ocrx_word' id='word_1_227' title='bbox 814 1932 1093 2003; x_wconf 86' lang='grc' dir='ltr'><strong>βασιλείαν</strong></span> <span class='ocrx_word' id='word_1_228' title='bbox 1148 1933 1509 2002; x_wconf 78' lang='grc' dir='ltr'><strong>ὑπισχνεῖται,</strong></span> <span class='ocrx_word' id='word_1_229' title='bbox 1563 1934 1673 1996; x_wconf 82' lang='grc' dir='ltr'><strong>τοῖς</strong></span> <span class='ocrx_word' id='word_1_230' title='bbox 1703 1929 1994 2001; x_wconf 78' lang='grc' dir='ltr'><strong>ἀμελοῦσιν</strong></span> <span class='ocrx_word' id='word_1_231' title='bbox 2033 1929 2245 1984; x_wconf 87' lang='grc' dir='ltr'><strong>ἀπειλεῖ</strong></span> <span class='ocrx_word' id='word_1_232' title='bbox 2271 1931 2369 2000; x_wconf 85' lang='grc' dir='ltr'><strong>τῆς</strong></span> <span class='ocrx_word' id='word_1_233' title='bbox 2391 1931 2617 2003; x_wconf 79' lang='grc' dir='ltr'><strong>γεέννης</strong></span> <span class='ocrx_word' id='word_1_234' title='bbox 2648 1931 2747 2002; x_wconf 79' lang='grc' dir='ltr'><strong>τὴν</strong></span> <span class='ocrx_word' id='word_1_235' title='bbox 2772 1932 2964 2002; x_wconf 76' lang='grc' dir='ltr'><strong>φλόγα.</strong></span> 
     </span>
    </p>
   </div>
   <div class='ocr_carea' id='block_1_34' title="bbox 565 2043 2012 2126">
    <p class='ocr_par' dir='ltr' id='par_1_34' title="bbox 565 2043 2012 2126">
     <span class='ocr_line' id='line_1_34' title="bbox 565 2043 2012 2126; baseline -0.001 -27"><span class='ocrx_word' id='word_1_236' title='bbox 565 2044 732 2099; x_wconf 73' lang='lat' dir='ltr'><strong>XXV.</strong></span> <span class='ocrx_word' id='word_1_237' title='bbox 773 2043 1175 2115; x_wconf 81' lang='lat' dir='ltr'><strong>Compmdiaria</strong></span> <span class='ocrx_word' id='word_1_238' title='bbox 1205 2045 1603 2126; x_wconf 72' lang='lat' dir='ltr'><strong>ﬂaminicarum</strong></span> <span class='ocrx_word' id='word_1_239' title='bbox 1633 2045 2012 2099; x_wconf 80' lang='lat' dir='ltr'><strong>miraculorum</strong></span> 
     </span>
    </p>
   </div>
   <div class='ocr_carea' id='block_1_35' title="bbox 1161 2126 1418 2169">
    <p class='ocr_par' dir='ltr' id='par_1_35' title="bbox 1161 2126 1418 2169">
     <span class='ocr_line' id='line_1_35' title="bbox 1161 2126 1418 2169; baseline -0.004 0"><span class='ocrx_word' id='word_1_240' title='bbox 1161 2126 1418 2169; x_wconf 77' lang='lat' dir='ltr'><strong>narratio.</strong></span> 
     </span>
    </p>
   </div>
   <div class='ocr_carea' id='block_1_36' title="bbox 575 2228 2077 2300">
    <p class='ocr_par' dir='ltr' id='par_1_36' title="bbox 575 2228 2077 2300">
     <span class='ocr_line' id='line_1_36' title="bbox 575 2228 2077 2300; baseline -0.003 -15"><span class='ocrx_word' id='word_1_241' title='bbox 575 2232 740 2286; x_wconf 84' lang='lat' dir='ltr'><strong>Dictis</strong></span> <span class='ocrx_word' id='word_1_242' title='bbox 769 2230 930 2286; x_wconf 81' lang='lat' dir='ltr'><strong>ﬁdem</strong></span> <span class='ocrx_word' id='word_1_243' title='bbox 970 2228 1103 2284; x_wconf 86' lang='lat' dir='ltr'><strong>facit</strong></span> <span class='ocrx_word' id='word_1_244' title='bbox 1128 2229 1316 2300; x_wconf 88' lang='lat' dir='ltr'><strong>grandi</strong></span> <span class='ocrx_word' id='word_1_245' title='bbox 1349 2238 1559 2299; x_wconf 87' lang='lat' dir='ltr'><strong>patrato</strong></span> <span class='ocrx_word' id='word_1_246' title='bbox 1587 2228 1866 2293; x_wconf 85' lang='lat' dir='ltr'><strong>miraculo,</strong></span> <span class='ocrx_word' id='word_1_247' title='bbox 1895 2228 2077 2282; x_wconf 92' lang='lat' dir='ltr'><strong>vinum</strong></span> 
     </span>
    </p>
   </div>
   <div class='ocr_carea' id='block_1_37' title="bbox 506 2319 2075 2391">
    <p class='ocr_par' dir='ltr' id='par_1_37' title="bbox 506 2319 2075 2391">
     <span class='ocr_line' id='line_1_37' title="bbox 506 2319 2075 2391; baseline -0.002 -15"><span class='ocrx_word' id='word_1_248' title='bbox 506 2337 696 2391; x_wconf 91' lang='lat' dir='ltr'><strong>nempe</strong></span> <span class='ocrx_word' id='word_1_249' title='bbox 727 2321 867 2375; x_wconf 88' lang='lat' dir='ltr'><strong>nulla</strong></span> <span class='ocrx_word' id='word_1_250' title='bbox 893 2319 1099 2374; x_wconf 86' lang='lat' dir='ltr'><strong>cultura</strong></span> <span class='ocrx_word' id='word_1_251' title='bbox 1128 2319 1452 2389; x_wconf 88' lang='lat' dir='ltr'><strong>acqulsitutn</strong></span> <span class='ocrx_word' id='word_1_252' title='bbox 1485 2320 1684 2390; x_wconf 84' lang='lat' dir='ltr'><strong>nuptiis</strong></span> <span class='ocrx_word' id='word_1_253' title='bbox 1707 2320 2075 2390; x_wconf 80' lang='lat' dir='ltr'><strong>suppeditans,</strong></span> 
     </span>
    </p>
   </div>
   <div class='ocr_carea' id='block_1_38' title="bbox 502 2407 2076 2478">
    <p class='ocr_par' dir='ltr' id='par_1_38' title="bbox 502 2407 2076 2478">
     <span class='ocr_line' id='line_1_38' title="bbox 502 2407 2076 2478; baseline 0.001 -18"><span class='ocrx_word' id='word_1_254' title='bbox 502 2409 687 2461; x_wconf 89' lang='lat' dir='ltr'><strong>vinum</strong></span> <span class='ocrx_word' id='word_1_255' title='bbox 726 2407 842 2461; x_wconf 83' lang='lat' dir='ltr'><strong>sine</strong></span> <span class='ocrx_word' id='word_1_256' title='bbox 879 2407 1189 2476; x_wconf 86' lang='lat' dir='ltr'><strong>palmitibus</strong></span> <span class='ocrx_word' id='word_1_257' title='bbox 1235 2423 1303 2462; x_wconf 78' lang='lat' dir='ltr'><strong>ex</strong></span> <span class='ocrx_word' id='word_1_258' title='bbox 1350 2423 1490 2478; x_wconf 88' lang='lat' dir='ltr'><strong>aqua</strong></span> <span class='ocrx_word' id='word_1_259' title='bbox 1543 2409 1860 2472; x_wconf 83' lang='lat' dir='ltr'><strong>conficiens,</strong></span> <span class='ocrx_word' id='word_1_260' title='bbox 1891 2410 2076 2463; x_wconf 86' lang='lat' dir='ltr'><strong>vinum</strong></span> 
     </span>
    </p>
   </div>
   <div class='ocr_carea' id='block_1_39' title="bbox 507 2495 2076 2567">
    <p class='ocr_par' dir='ltr' id='par_1_39' title="bbox 507 2495 2076 2567">
     <span class='ocr_line' id='line_1_39' title="bbox 507 2495 2076 2567; baseline 0.003 -19"><span class='ocrx_word' id='word_1_261' title='bbox 507 2496 710 2564; x_wconf 79' lang='lat' dir='ltr'><strong>absque</strong></span> <span class='ocrx_word' id='word_1_262' title='bbox 751 2511 851 2549; x_wconf 91' lang='lat' dir='ltr'><strong>uva</strong></span> <span class='ocrx_word' id='word_1_263' title='bbox 897 2495 1205 2566; x_wconf 87' lang='lat' dir='ltr'><strong>nuptiarum</strong></span> <span class='ocrx_word' id='word_1_264' title='bbox 1235 2496 1479 2552; x_wconf 83' lang='lat' dir='ltr'><strong>convivis</strong></span> <span class='ocrx_word' id='word_1_265' title='bbox 1512 2497 1768 2567; x_wconf 74' lang='lat' dir='ltr'><strong>largiens,</strong></span> <span class='ocrx_word' id='word_1_266' title='bbox 1800 2499 1852 2551; x_wconf 95' lang='lat' dir='ltr'><strong>in</strong></span> <span class='ocrx_word' id='word_1_267' title='bbox 1894 2499 2076 2552; x_wconf 91' lang='lat' dir='ltr'><strong>vinum</strong></span> 
     </span>
    </p>
   </div>
   <div class='ocr_carea' id='block_1_40' title="bbox 507 2587 2080 2654">
    <p class='ocr_par' dir='ltr' id='par_1_40' title="bbox 507 2587 2080 2654">
     <span class='ocr_line' id='line_1_40' title="bbox 507 2587 2080 2654; baseline 0.006 -18"><span class='ocrx_word' id='word_1_268' title='bbox 507 2595 722 2638; x_wconf 80' lang='lat' dir='ltr'><strong>mutans</strong></span> <span class='ocrx_word' id='word_1_269' title='bbox 753 2599 1013 2654; x_wconf 89' lang='lat' dir='ltr'><strong>aquarum</strong></span> <span class='ocrx_word' id='word_1_270' title='bbox 1053 2596 1323 2650; x_wconf 88' lang='lat' dir='ltr'><strong>naturam,</strong></span> <span class='ocrx_word' id='word_1_271' title='bbox 1365 2587 1512 2640; x_wconf 89' lang='lat' dir='ltr'><strong>nulla</strong></span> <span class='ocrx_word' id='word_1_272' title='bbox 1553 2587 1944 2644; x_wconf 88' lang='lat' dir='ltr'><strong>interveniente</strong></span> <span class='ocrx_word' id='word_1_273' title='bbox 1973 2590 2080 2645; x_wconf 85' lang='lat' dir='ltr'><strong>vite</strong></span> 
     </span>
    </p>
   </div>
   <div class='ocr_carea' id='block_1_41' title="bbox 509 2677 2078 2748">
    <p class='ocr_par' dir='ltr' id='par_1_41' title="bbox 509 2677 2078 2748">
     <span class='ocr_line' id='line_1_41' title="bbox 509 2677 2078 2748; baseline 0.005 -20"><span class='ocrx_word' id='word_1_274' title='bbox 509 2678 786 2730; x_wconf 82' lang='lat' dir='ltr'><strong>humorem</strong></span> <span class='ocrx_word' id='word_1_275' title='bbox 827 2687 986 2730; x_wconf 70' lang='lat' dir='ltr'><strong>terra:</strong></span> <span class='ocrx_word' id='word_1_276' title='bbox 1016 2677 1356 2746; x_wconf 64' lang='lat' dir='ltr'><strong>depraedans,</strong></span> <span class='ocrx_word' id='word_1_277' title='bbox 1402 2688 1564 2748; x_wconf 89' lang='lat' dir='ltr'><strong>atque</strong></span> <span class='ocrx_word' id='word_1_278' title='bbox 1611 2680 1685 2734; x_wconf 90' lang='lat' dir='ltr'><strong>ita</strong></span> <span class='ocrx_word' id='word_1_279' title='bbox 1720 2683 1932 2748; x_wconf 87' lang='lat' dir='ltr'><strong>nuptias</strong></span> <span class='ocrx_word' id='word_1_280' title='bbox 1975 2696 2078 2736; x_wconf 88' lang='lat' dir='ltr'><strong>non</strong></span> 
     </span>
    </p>
   </div>
   <div class='ocr_carea' id='block_1_42' title="bbox 504 2765 2079 2840">
    <p class='ocr_par' dir='ltr' id='par_1_42' title="bbox 504 2765 2079 2840">
     <span class='ocr_line' id='line_1_42' title="bbox 504 2765 2079 2840; baseline 0.005 -22"><span class='ocrx_word' id='word_1_281' title='bbox 504 2765 788 2832; x_wconf 69' lang='lat' dir='ltr'><strong>praesentia</strong></span> <span class='ocrx_word' id='word_1_282' title='bbox 815 2767 1206 2832; x_wconf 88' lang='lat' dir='ltr'><strong>tantummodo,</strong></span> <span class='ocrx_word' id='word_1_283' title='bbox 1241 2783 1426 2822; x_wconf 88' lang='lat' dir='ltr'><strong>verum</strong></span> <span class='ocrx_word' id='word_1_284' title='bbox 1445 2771 1607 2824; x_wconf 90' lang='lat' dir='ltr'><strong>etiam</strong></span> <span class='ocrx_word' id='word_1_285' title='bbox 1638 2772 1881 2840; x_wconf 91' lang='lat' dir='ltr'><strong>prodigio</strong></span> <span class='ocrx_word' id='word_1_286' title='bbox 1911 2772 2079 2826; x_wconf 91' lang='lat' dir='ltr'><strong>hono-</strong></span> 
     </span>
    </p>
   </div>
   <div class='ocr_carea' id='block_1_43' title="bbox 507 2854 2077 2930">
    <p class='ocr_par' dir='ltr' id='par_1_43' title="bbox 507 2854 2077 2930">
     <span class='ocr_line' id='line_1_43' title="bbox 507 2854 2077 2930; baseline 0.006 -23"><span class='ocrx_word' id='word_1_287' title='bbox 507 2869 654 2909; x_wconf 88' lang='lat' dir='ltr'><strong>raus.</strong></span> <span class='ocrx_word' id='word_1_288' title='bbox 689 2854 822 2908; x_wconf 82' lang='lat' dir='ltr'><strong>Nam</strong></span> <span class='ocrx_word' id='word_1_289' title='bbox 859 2856 984 2926; x_wconf 88' lang='lat' dir='ltr'><strong>quia</strong></span> <span class='ocrx_word' id='word_1_290' title='bbox 1013 2859 1123 2925; x_wconf 90' lang='lat' dir='ltr'><strong>ipse</strong></span> <span class='ocrx_word' id='word_1_291' title='bbox 1147 2858 1210 2912; x_wconf 89' lang='lat' dir='ltr'><strong>de</strong></span> <span class='ocrx_word' id='word_1_292' title='bbox 1238 2858 1474 2928; x_wconf 86' lang='lat' dir='ltr'><strong>virginea</strong></span> <span class='ocrx_word' id='word_1_293' title='bbox 1508 2861 1662 2914; x_wconf 87' lang='lat' dir='ltr'><strong>vulva</strong></span> <span class='ocrx_word' id='word_1_294' title='bbox 1698 2863 1991 2930; x_wconf 86' lang='lat' dir='ltr'><strong>prodierat,</strong></span> <span class='ocrx_word' id='word_1_295' title='bbox 2024 2873 2077 2917; x_wconf 91' lang='lat' dir='ltr'><strong>et</strong></span> 
     </span>
    </p>
   </div>
   <div class='ocr_carea' id='block_1_44' title="bbox 504 2947 2079 3017">
    <p class='ocr_par' dir='ltr' id='par_1_44' title="bbox 504 2947 2079 3017">
     <span class='ocr_line' id='line_1_44' title="bbox 504 2947 2079 3017; baseline 0.007 -21"><span class='ocrx_word' id='word_1_296' title='bbox 504 2947 870 3014; x_wconf 76' lang='lat' dir='ltr'><strong>virginitatem</strong></span> <span class='ocrx_word' id='word_1_297' title='bbox 906 2963 1001 3000; x_wconf 80' lang='lat' dir='ltr'><strong>usu</strong></span> <span class='ocrx_word' id='word_1_298' title='bbox 1045 2949 1260 3016; x_wconf 90' lang='lat' dir='ltr'><strong>proprio</strong></span> <span class='ocrx_word' id='word_1_299' title='bbox 1294 2957 1348 3002; x_wconf 91' lang='lat' dir='ltr'><strong>et</strong></span> <span class='ocrx_word' id='word_1_300' title='bbox 1381 2950 1561 3004; x_wconf 84' lang='lat' dir='ltr'><strong>verbis</strong></span> <span class='ocrx_word' id='word_1_301' title='bbox 1589 2951 1900 3017; x_wconf 79' lang='lat' dir='ltr'><strong>extollebat,</strong></span> <span class='ocrx_word' id='word_1_302' title='bbox 1935 2954 2079 3007; x_wconf 69' lang='lat' dir='ltr'><strong>cadi-</strong></span> 
     </span>
    </p>
   </div>
   <div class='ocr_carea' id='block_1_45' title="bbox 504 3036 2078 3115">
    <p class='ocr_par' dir='ltr' id='par_1_45' title="bbox 504 3036 2078 3115">
     <span class='ocr_line' id='line_1_45' title="bbox 504 3036 2078 3115; baseline 0.006 -25"><span class='ocrx_word' id='word_1_303' title='bbox 504 3036 795 3105; x_wconf 87' lang='lat' dir='ltr'><strong>batnmque</strong></span> <span class='ocrx_word' id='word_1_304' title='bbox 819 3051 980 3106; x_wconf 90' lang='lat' dir='ltr'><strong>opere</strong></span> <span class='ocrx_word' id='word_1_305' title='bbox 1021 3053 1082 3092; x_wconf 88' lang='lat' dir='ltr'><strong>ac</strong></span> <span class='ocrx_word' id='word_1_306' title='bbox 1125 3039 1468 3094; x_wconf 87' lang='lat' dir='ltr'><strong>sermonibus</strong></span> <span class='ocrx_word' id='word_1_307' title='bbox 1505 3042 1827 3108; x_wconf 86' lang='lat' dir='ltr'><strong>honorabat,</strong></span> <span class='ocrx_word' id='word_1_308' title='bbox 1865 3060 1929 3098; x_wconf 91' lang='lat' dir='ltr'><strong>ne</strong></span> <span class='ocrx_word' id='word_1_309' title='bbox 1961 3047 2078 3115; x_wconf 87' lang='lat' dir='ltr'><strong>quis</strong></span> 
     </span>
    </p>
   </div>
   <div class='ocr_carea' id='block_1_46' title="bbox 508 3127 2078 3199">
    <p class='ocr_par' dir='ltr' id='par_1_46' title="bbox 508 3127 2078 3199">
     <span class='ocr_line' id='line_1_46' title="bbox 508 3127 2078 3199; baseline 0.006 -21"><span class='ocrx_word' id='word_1_310' title='bbox 508 3127 646 3181; x_wconf 89' lang='lat' dir='ltr'><strong>forte</strong></span> <span class='ocrx_word' id='word_1_311' title='bbox 700 3129 1008 3198; x_wconf 70' lang='lat' dir='ltr'><strong>coniugium</strong></span> <span class='ocrx_word' id='word_1_312' title='bbox 1049 3130 1480 3198; x_wconf 60' lang='lat' dir='ltr'><strong>intemperantia</strong></span> <span class='ocrx_word' id='word_1_313' title='bbox 1531 3131 1647 3186; x_wconf 86' lang='lat' dir='ltr'><strong>loco</strong></span> <span class='ocrx_word' id='word_1_314' title='bbox 1689 3133 1930 3199; x_wconf 84' lang='lat' dir='ltr'><strong>haberet,</strong></span> <span class='ocrx_word' id='word_1_315' title='bbox 1976 3151 2078 3188; x_wconf 88' lang='lat' dir='ltr'><strong>nu-</strong></span> 
     </span>
    </p>
   </div>
   <div class='ocr_carea' id='block_1_47' title="bbox 506 3217 2073 3289">
    <p class='ocr_par' dir='ltr' id='par_1_47' title="bbox 506 3217 2073 3289">
     <span class='ocr_line' id='line_1_47' title="bbox 506 3217 2073 3289; baseline 0.004 -19"><span class='ocrx_word' id='word_1_316' title='bbox 506 3217 754 3286; x_wconf 88' lang='lat' dir='ltr'><strong>ptiasque</strong></span> <span class='ocrx_word' id='word_1_317' title='bbox 802 3232 897 3272; x_wconf 91' lang='lat' dir='ltr'><strong>ceu</strong></span> <span class='ocrx_word' id='word_1_318' title='bbox 953 3218 1167 3273; x_wconf 90' lang='lat' dir='ltr'><strong>illicitas</strong></span> <span class='ocrx_word' id='word_1_319' title='bbox 1214 3220 1541 3286; x_wconf 87' lang='lat' dir='ltr'><strong>traduceret,</strong></span> <span class='ocrx_word' id='word_1_320' title='bbox 1590 3222 1801 3289; x_wconf 86' lang='lat' dir='ltr'><strong>nuptias</strong></span> <span class='ocrx_word' id='word_1_321' title='bbox 1829 3223 2073 3278; x_wconf 88' lang='lat' dir='ltr'><strong>honestat</strong></span> 
     </span>
    </p>
   </div>
   <div class='ocr_carea' id='block_1_48' title="bbox 505 3309 2073 3384">
    <p class='ocr_par' dir='ltr' id='par_1_48' title="bbox 505 3309 2073 3384">
     <span class='ocr_line' id='line_1_48' title="bbox 505 3309 2073 3384; baseline 0.004 -24"><span class='ocrx_word' id='word_1_322' title='bbox 505 3309 788 3376; x_wconf 58' lang='lat' dir='ltr'><strong>prasentia</strong></span> <span class='ocrx_word' id='word_1_323' title='bbox 850 3324 983 3374; x_wconf 87' lang='lat' dir='ltr'><strong>sua,</strong></span> <span class='ocrx_word' id='word_1_324' title='bbox 1047 3310 1304 3364; x_wconf 90' lang='lat' dir='ltr'><strong>honorem</strong></span> <span class='ocrx_word' id='word_1_325' title='bbox 1376 3312 1571 3380; x_wconf 75' lang='lat' dir='ltr'><strong>insigni</strong></span> <span class='ocrx_word' id='word_1_326' title='bbox 1621 3329 1846 3368; x_wconf 89' lang='lat' dir='ltr'><strong>munere</strong></span> <span class='ocrx_word' id='word_1_327' title='bbox 1895 3326 2073 3384; x_wconf 78' lang='lat' dir='ltr'><strong>auget,</strong></span> 
     </span>
    </p>
   </div>
   <div class='ocr_carea' id='block_1_49' title="bbox 504 3401 2079 3468">
    <p class='ocr_par' dir='ltr' id='par_1_49' title="bbox 504 3401 2079 3468">
     <span class='ocr_line' id='line_1_49' title="bbox 504 3401 2079 3468; baseline 0.006 -18"><span class='ocrx_word' id='word_1_328' title='bbox 504 3411 762 3464; x_wconf 80' lang='lat' dir='ltr'><strong>sponsum</strong></span> <span class='ocrx_word' id='word_1_329' title='bbox 796 3401 1068 3452; x_wconf 83' lang='lat' dir='ltr'><strong>anxietate</strong></span> <span class='ocrx_word' id='word_1_330' title='bbox 1093 3401 1330 3468; x_wconf 81' lang='lat' dir='ltr'><strong>expedit,</strong></span> <span class='ocrx_word' id='word_1_331' title='bbox 1368 3402 1623 3456; x_wconf 82' lang='lat' dir='ltr'><strong>convivas</strong></span> <span class='ocrx_word' id='word_1_332' title='bbox 1656 3403 1783 3457; x_wconf 88' lang='lat' dir='ltr'><strong>facit</strong></span> <span class='ocrx_word' id='word_1_333' title='bbox 1825 3406 2079 3459; x_wconf 87' lang='lat' dir='ltr'><strong>attonitos</strong></span> 
     </span>
    </p>
   </div>
   <div class='ocr_carea' id='block_1_50' title="bbox 504 3488 2079 3563">
    <p class='ocr_par' dir='ltr' id='par_1_50' title="bbox 504 3488 2079 3563">
     <span class='ocr_line' id='line_1_50' title="bbox 504 3488 2079 3563; baseline 0.006 -24"><span class='ocrx_word' id='word_1_334' title='bbox 504 3501 656 3540; x_wconf 66' lang='lat' dir='ltr'><strong>novae</strong></span> <span class='ocrx_word' id='word_1_335' title='bbox 703 3488 777 3541; x_wconf 91' lang='lat' dir='ltr'><strong>rei</strong></span> <span class='ocrx_word' id='word_1_336' title='bbox 835 3489 1157 3557; x_wconf 87' lang='lat' dir='ltr'><strong>fragrantia,</strong></span> <span class='ocrx_word' id='word_1_337' title='bbox 1214 3505 1273 3544; x_wconf 86' lang='lat' dir='ltr'><strong>se</strong></span> <span class='ocrx_word' id='word_1_338' title='bbox 1311 3491 1484 3559; x_wconf 91' lang='lat' dir='ltr'><strong>ipsum</strong></span> <span class='ocrx_word' id='word_1_339' title='bbox 1541 3492 1642 3546; x_wconf 91' lang='lat' dir='ltr'><strong>hoc</strong></span> <span class='ocrx_word' id='word_1_340' title='bbox 1670 3493 1811 3548; x_wconf 90' lang='lat' dir='ltr'><strong>dono</strong></span> <span class='ocrx_word' id='word_1_341' title='bbox 1867 3495 2079 3563; x_wconf 88' lang='lat' dir='ltr'><strong>publice</strong></span> 
     </span>
    </p>
   </div>
   <div class='ocr_carea' id='block_1_51' title="bbox 503 3577 2074 3652">
    <p class='ocr_par' dir='ltr' id='par_1_51' title="bbox 503 3577 2074 3652">
     <span class='ocr_line' id='line_1_51' title="bbox 503 3577 2074 3652; baseline 0.005 -22"><span class='ocrx_word' id='word_1_342' title='bbox 503 3577 836 3632; x_wconf 79' lang='lat' dir='ltr'><strong>manifestat.</strong></span> <span class='ocrx_word' id='word_1_343' title='bbox 890 3578 1022 3632; x_wconf 76' lang='lat' dir='ltr'><strong>Nam</strong></span> <span class='ocrx_word' id='word_1_344' title='bbox 1074 3581 1166 3647; x_wconf 90' lang='lat' dir='ltr'><strong>qui</strong></span> <span class='ocrx_word' id='word_1_345' title='bbox 1215 3581 1536 3634; x_wconf 88' lang='lat' dir='ltr'><strong>naturaliter</strong></span> <span class='ocrx_word' id='word_1_346' title='bbox 1588 3583 1903 3639; x_wconf 87' lang='lat' dir='ltr'><strong>illaboratus</strong></span> <span class='ocrx_word' id='word_1_347' title='bbox 1939 3596 2074 3652; x_wconf 86' lang='lat' dir='ltr'><strong>erat,</strong></span> 
     </span>
    </p>
   </div>
   <div class='ocr_carea' id='block_1_52' title="bbox 503 3666 2077 3742">
    <p class='ocr_par' dir='ltr' id='par_1_52' title="bbox 503 3666 2077 3742">
     <span class='ocr_line' id='line_1_52' title="bbox 503 3666 2077 3742; baseline 0.005 -22"><span class='ocrx_word' id='word_1_348' title='bbox 503 3666 843 3721; x_wconf 89' lang='lat' dir='ltr'><strong>illaboratum</strong></span> <span class='ocrx_word' id='word_1_349' title='bbox 900 3669 1078 3721; x_wconf 91' lang='lat' dir='ltr'><strong>vinum</strong></span> <span class='ocrx_word' id='word_1_350' title='bbox 1119 3670 1498 3739; x_wconf 84' lang='lat' dir='ltr'><strong>suppeditavit.</strong></span> <span class='ocrx_word' id='word_1_351' title='bbox 1545 3669 1801 3726; x_wconf 78' lang='lat' dir='ltr'><strong>Posdtinc</strong></span> <span class='ocrx_word' id='word_1_352' title='bbox 1846 3684 2077 3742; x_wconf 67' lang='lat' dir='ltr'><strong>aegrotos</strong></span> 
     </span>
    </p>
   </div>
   <div class='ocr_carea' id='block_1_53' title="bbox 503 3760 2073 3834">
    <p class='ocr_par' dir='ltr' id='par_1_53' title="bbox 503 3760 2073 3834">
     <span class='ocr_line' id='line_1_53' title="bbox 503 3760 2073 3834; baseline 0.004 -22"><span class='ocrx_word' id='word_1_353' title='bbox 503 3768 678 3822; x_wconf 87' lang='lat' dir='ltr'><strong>sanat,</strong></span> <span class='ocrx_word' id='word_1_354' title='bbox 720 3774 967 3812; x_wconf 88' lang='lat' dir='ltr'><strong>sermone</strong></span> <span class='ocrx_word' id='word_1_355' title='bbox 1013 3761 1230 3814; x_wconf 89' lang='lat' dir='ltr'><strong>morbos</strong></span> <span class='ocrx_word' id='word_1_356' title='bbox 1269 3760 1507 3828; x_wconf 87' lang='lat' dir='ltr'><strong>resolvit,</strong></span> <span class='ocrx_word' id='word_1_357' title='bbox 1545 3773 1675 3816; x_wconf 91' lang='lat' dir='ltr'><strong>nutu</strong></span> <span class='ocrx_word' id='word_1_358' title='bbox 1719 3763 1910 3818; x_wconf 87' lang='lat' dir='ltr'><strong>liberat</strong></span> <span class='ocrx_word' id='word_1_359' title='bbox 1950 3781 2073 3834; x_wconf 88' lang='lat' dir='ltr'><strong>pas-</strong></span> 
     </span>
    </p>
   </div>
   <div class='ocr_carea' id='block_1_54' title="bbox 503 3847 2076 3921">
    <p class='ocr_par' dir='ltr' id='par_1_54' title="bbox 503 3847 2076 3921">
     <span class='ocr_line' id='line_1_54' title="bbox 503 3847 2076 3921; baseline 0.004 -17"><span class='ocrx_word' id='word_1_360' title='bbox 503 3849 746 3904; x_wconf 89' lang='lat' dir='ltr'><strong>sionibus</strong></span> <span class='ocrx_word' id='word_1_361' title='bbox 781 3847 1110 3913; x_wconf 82' lang='lat' dir='ltr'><strong>laborantes,</strong></span> <span class='ocrx_word' id='word_1_362' title='bbox 1158 3850 1516 3905; x_wconf 71' lang='lat' dir='ltr'><strong>daemoniacos</strong></span> <span class='ocrx_word' id='word_1_363' title='bbox 1551 3853 1697 3920; x_wconf 74' lang='lat' dir='ltr'><strong>rabie</strong></span> <span class='ocrx_word' id='word_1_364' title='bbox 1741 3853 1953 3921; x_wconf 86' lang='lat' dir='ltr'><strong>liberat,</strong></span> <span class='ocrx_word' id='word_1_365' title='bbox 1995 3856 2076 3910; x_wconf 87' lang='lat' dir='ltr'><strong>fu-</strong></span> 
     </span>
    </p>
   </div>
   <div class='ocr_carea' id='block_1_55' title="bbox 504 3941 2074 4016">
    <p class='ocr_par' dir='ltr' id='par_1_55' title="bbox 504 3941 2074 4016">
     <span class='ocr_line' id='line_1_55' title="bbox 504 3941 2074 4016; baseline 0.005 -23"><span class='ocrx_word' id='word_1_366' title='bbox 504 3949 684 3994; x_wconf 85' lang='lat' dir='ltr'><strong>rentes</strong></span> <span class='ocrx_word' id='word_1_367' title='bbox 724 3941 786 3992; x_wconf 88' lang='lat' dir='ltr'><strong>ad</strong></span> <span class='ocrx_word' id='word_1_368' title='bbox 816 3941 1055 4008; x_wconf 87' lang='lat' dir='ltr'><strong>quietam</strong></span> <span class='ocrx_word' id='word_1_369' title='bbox 1089 3951 1320 3994; x_wconf 89' lang='lat' dir='ltr'><strong>mentem</strong></span> <span class='ocrx_word' id='word_1_370' title='bbox 1366 3953 1599 4005; x_wconf 90' lang='lat' dir='ltr'><strong>revocat,</strong></span> <span class='ocrx_word' id='word_1_371' title='bbox 1639 3945 1961 4016; x_wconf 82' lang='lat' dir='ltr'><strong>paralyticos</strong></span> <span class='ocrx_word' id='word_1_372' title='bbox 1991 3962 2074 4000; x_wconf 93' lang='lat' dir='ltr'><strong>so-</strong></span> 
     </span>
    </p>
   </div>
   <div class='ocr_carea' id='block_1_56' title="bbox 503 4032 2074 4102">
    <p class='ocr_par' dir='ltr' id='par_1_56' title="bbox 503 4032 2074 4102">
     <span class='ocr_line' id='line_1_56' title="bbox 503 4032 2074 4102; baseline 0.005 -18"><span class='ocrx_word' id='word_1_373' title='bbox 503 4032 652 4094; x_wconf 87' lang='lat' dir='ltr'><strong>lidat,</strong></span> <span class='ocrx_word' id='word_1_374' title='bbox 683 4033 989 4085; x_wconf 82' lang='lat' dir='ltr'><strong>claudorum</strong></span> <span class='ocrx_word' id='word_1_375' title='bbox 1023 4033 1183 4100; x_wconf 87' lang='lat' dir='ltr'><strong>pedes</strong></span> <span class='ocrx_word' id='word_1_376' title='bbox 1206 4032 1550 4102; x_wconf 80' lang='lat' dir='ltr'><strong>redintegrat,</strong></span> <span class='ocrx_word' id='word_1_377' title='bbox 1587 4036 1752 4088; x_wconf 79' lang='lat' dir='ltr'><strong>solem</strong></span> <span class='ocrx_word' id='word_1_378' title='bbox 1773 4038 1886 4090; x_wconf 85' lang='lat' dir='ltr'><strong>visu</strong></span> <span class='ocrx_word' id='word_1_379' title='bbox 1905 4039 2074 4092; x_wconf 82' lang='lat' dir='ltr'><strong>cassis</strong></span> 
     </span>
    </p>
   </div>
   <div class='ocr_carea' id='block_1_57' title="bbox 501 4121 2073 4197">
    <p class='ocr_par' dir='ltr' id='par_1_57' title="bbox 501 4121 2073 4197">
     <span class='ocr_line' id='line_1_57' title="bbox 501 4121 2073 4197; baseline 0.01 -29"><span class='ocrx_word' id='word_1_380' title='bbox 501 4121 718 4190; x_wconf 75' lang='lat' dir='ltr'><strong>838m</strong></span> <span class='ocrx_word' id='word_1_381' title='bbox 761 4122 1013 4183; x_wconf 86' lang='lat' dir='ltr'><strong>ostendit,</strong></span> <span class='ocrx_word' id='word_1_382' title='bbox 1052 4121 1195 4176; x_wconf 84' lang='lat' dir='ltr'><strong>fores</strong></span> <span class='ocrx_word' id='word_1_383' title='bbox 1242 4123 1492 4176; x_wconf 88' lang='lat' dir='ltr'><strong>nimirum</strong></span> <span class='ocrx_word' id='word_1_384' title='bbox 1532 4128 1777 4194; x_wconf 86' lang='lat' dir='ltr'><strong>corporis</strong></span> <span class='ocrx_word' id='word_1_385' title='bbox 1824 4130 2073 4197; x_wconf 86' lang='lat' dir='ltr'><strong>aperiens</strong></span> 
     </span>
    </p>
   </div>
   <div class='ocr_carea' id='block_1_58' title="bbox 503 4210 2072 4286">
    <p class='ocr_par' dir='ltr' id='par_1_58' title="bbox 503 4210 2072 4286">
     <span class='ocr_line' id='line_1_58' title="bbox 503 4210 2072 4286; baseline 0.006 -22"><span class='ocrx_word' id='word_1_386' title='bbox 503 4225 599 4278; x_wconf 87' lang='lat' dir='ltr'><strong>per</strong></span> <span class='ocrx_word' id='word_1_387' title='bbox 618 4225 753 4278; x_wconf 89' lang='lat' dir='ltr'><strong>quas</strong></span> <span class='ocrx_word' id='word_1_388' title='bbox 782 4210 973 4263; x_wconf 81' lang='lat' dir='ltr'><strong>animae</strong></span> <span class='ocrx_word' id='word_1_389' title='bbox 996 4211 1216 4264; x_wconf 82' lang='lat' dir='ltr'><strong>visualis</strong></span> <span class='ocrx_word' id='word_1_390' title='bbox 1243 4212 1472 4267; x_wconf 81' lang='lat' dir='ltr'><strong>facultas</strong></span> <span class='ocrx_word' id='word_1_391' title='bbox 1499 4223 1651 4268; x_wconf 81' lang='lat' dir='ltr'><strong>extra</strong></span> <span class='ocrx_word' id='word_1_392' title='bbox 1678 4217 1878 4282; x_wconf 90' lang='lat' dir='ltr'><strong>prodit;</strong></span> <span class='ocrx_word' id='word_1_393' title='bbox 1915 4217 2072 4286; x_wconf 89' lang='lat' dir='ltr'><strong>idque</strong></span> 
     </span>
    </p>
   </div>
   <div class='ocr_carea' id='block_1_59' title="bbox 503 4301 2072 4374">
    <p class='ocr_par' dir='ltr' id='par_1_59' title="bbox 503 4301 2072 4374">
     <span class='ocr_line' id='line_1_59' title="bbox 503 4301 2072 4374; baseline 0.008 -22"><span class='ocrx_word' id='word_1_394' title='bbox 503 4301 662 4353; x_wconf 90' lang='lat' dir='ltr'><strong>modo</strong></span> <span class='ocrx_word' id='word_1_395' title='bbox 701 4301 814 4354; x_wconf 91' lang='lat' dir='ltr'><strong>solo</strong></span> <span class='ocrx_word' id='word_1_396' title='bbox 842 4316 1093 4355; x_wconf 90' lang='lat' dir='ltr'><strong>sermone</strong></span> <span class='ocrx_word' id='word_1_397' title='bbox 1120 4303 1310 4368; x_wconf 84' lang='lat' dir='ltr'><strong>efﬁcit,</strong></span> <span class='ocrx_word' id='word_1_398' title='bbox 1345 4305 1501 4357; x_wconf 89' lang='lat' dir='ltr'><strong>modo</strong></span> <span class='ocrx_word' id='word_1_399' title='bbox 1544 4316 1701 4374; x_wconf 89' lang='lat' dir='ltr'><strong>sputo</strong></span> <span class='ocrx_word' id='word_1_400' title='bbox 1732 4322 1795 4360; x_wconf 88' lang='lat' dir='ltr'><strong>ac</strong></span> <span class='ocrx_word' id='word_1_401' title='bbox 1841 4308 1953 4364; x_wconf 88' lang='lat' dir='ltr'><strong>luto</strong></span> <span class='ocrx_word' id='word_1_402' title='bbox 1982 4311 2072 4365; x_wconf 82' lang='lat' dir='ltr'><strong>de-</strong></span> 
     </span>
    </p>
   </div>
   <div class='ocr_carea' id='block_1_60' title="bbox 504 4379 2072 4476">
    <p class='ocr_par' dir='ltr' id='par_1_60' title="bbox 504 4379 2072 4476">
     <span class='ocr_line' id='line_1_60' title="bbox 504 4379 2072 4476; baseline 0.01 -35"><span class='ocrx_word' id='word_1_403' title='bbox 504 4391 768 4445; x_wconf 78' lang='lat' dir='ltr'><strong>iicientem</strong></span> <span class='ocrx_word' id='word_1_404' title='bbox 799 4401 1001 4460; x_wconf 87' lang='lat' dir='ltr'><strong>partem</strong></span> <span class='ocrx_word' id='word_1_405' title='bbox 1046 4379 1275 4461; x_wconf 76' lang='lat' dir='ltr'><strong>Sttpplcl,</strong></span> <span class='ocrx_word' id='word_1_406' title='bbox 1311 4394 1547 4464; x_wconf 85' lang='lat' dir='ltr'><strong>facitque</strong></span> <span class='ocrx_word' id='word_1_407' title='bbox 1585 4398 1775 4463; x_wconf 92' lang='lat' dir='ltr'><strong>lutum,</strong></span> <span class='ocrx_word' id='word_1_408' title='bbox 1801 4401 1942 4469; x_wconf 91' lang='lat' dir='ltr'><strong>quod</strong></span> <span class='ocrx_word' id='word_1_409' title='bbox 1977 4419 2072 4476; x_wconf 89' lang='lat' dir='ltr'><strong>per</strong></span> 
     </span>
    </p>
   </div>
   <div class='ocr_carea' id='block_1_61' title="bbox 503 4482 2069 4557">
    <p class='ocr_par' dir='ltr' id='par_1_61' title="bbox 503 4482 2069 4557">
     <span class='ocr_line' id='line_1_61' title="bbox 503 4482 2069 4557; baseline 0.01 -22"><span class='ocrx_word' id='word_1_410' title='bbox 503 4497 562 4535; x_wconf 88' lang='lat' dir='ltr'><strong>se</strong></span> <span class='ocrx_word' id='word_1_411' title='bbox 588 4482 757 4536; x_wconf 88' lang='lat' dir='ltr'><strong>oculis</strong></span> <span class='ocrx_word' id='word_1_412' title='bbox 793 4493 874 4536; x_wconf 81' lang='lat' dir='ltr'><strong>est</strong></span> <span class='ocrx_word' id='word_1_413' title='bbox 906 4484 1180 4549; x_wconf 88' lang='lat' dir='ltr'><strong>infcstmn,</strong></span> <span class='ocrx_word' id='word_1_414' title='bbox 1209 4485 1484 4541; x_wconf 91' lang='lat' dir='ltr'><strong>oculorum</strong></span> <span class='ocrx_word' id='word_1_415' title='bbox 1521 4490 1807 4557; x_wconf 88' lang='lat' dir='ltr'><strong>medicum,</strong></span> <span class='ocrx_word' id='word_1_416' title='bbox 1853 4504 1905 4547; x_wconf 90' lang='lat' dir='ltr'><strong>et</strong></span> <span class='ocrx_word' id='word_1_417' title='bbox 1943 4511 2069 4550; x_wconf 88' lang='lat' dir='ltr'><strong>con-</strong></span> 
     </span>
    </p>
   </div>
   <div class='ocr_carea' id='block_1_62' title="bbox 504 4574 2063 4641">
    <p class='ocr_par' dir='ltr' id='par_1_62' title="bbox 504 4574 2063 4641">
     <span class='ocr_line' id='line_1_62' title="bbox 504 4574 2063 4641; baseline 0.011 -18"><span class='ocrx_word' id='word_1_418' title='bbox 504 4574 669 4626; x_wconf 86' lang='lat' dir='ltr'><strong>trario</strong></span> <span class='ocrx_word' id='word_1_419' title='bbox 699 4574 992 4641; x_wconf 86' lang='lat' dir='ltr'><strong>pharmaco</strong></span> <span class='ocrx_word' id='word_1_420' title='bbox 1017 4575 1205 4640; x_wconf 88' lang='lat' dir='ltr'><strong>utitur,</strong></span> <span class='ocrx_word' id='word_1_421' title='bbox 1254 4588 1308 4630; x_wconf 88' lang='lat' dir='ltr'><strong>et</strong></span> <span class='ocrx_word' id='word_1_422' title='bbox 1348 4591 1457 4630; x_wconf 90' lang='lat' dir='ltr'><strong>rem</strong></span> <span class='ocrx_word' id='word_1_423' title='bbox 1489 4581 1700 4633; x_wconf 78' lang='lat' dir='ltr'><strong>noxiam</strong></span> <span class='ocrx_word' id='word_1_424' title='bbox 1741 4586 1953 4637; x_wconf 79' lang='lat' dir='ltr'><strong>exhibet</strong></span> <span class='ocrx_word' id='word_1_425' title='bbox 1985 4602 2063 4640; x_wconf 90' lang='lat' dir='ltr'><strong>sa-</strong></span> 
     </span>
    </p>
   </div>
   <div class='ocr_carea' id='block_1_63' title="bbox 503 4663 2138 4746">
    <p class='ocr_par' dir='ltr' id='par_1_63' title="bbox 503 4663 2138 4746">
     <span class='ocr_line' id='line_1_63' title="bbox 503 4663 2138 4746; baseline 0.009 -32"><span class='ocrx_word' id='word_1_426' title='bbox 503 4663 747 4718; x_wconf 88' lang='lat' dir='ltr'><strong>lutarem.</strong></span> <span class='ocrx_word' id='word_1_427' title='bbox 778 4663 1010 4717; x_wconf 85' lang='lat' dir='ltr'><strong>Auribus</strong></span> <span class='ocrx_word' id='word_1_428' title='bbox 1039 4666 1107 4717; x_wconf 89' lang='lat' dir='ltr'><strong>ab</strong></span> <span class='ocrx_word' id='word_1_429' title='bbox 1137 4666 1400 4721; x_wconf 89' lang='lat' dir='ltr'><strong>audiendo</strong></span> <span class='ocrx_word' id='word_1_430' title='bbox 1428 4669 1609 4734; x_wconf 86' lang='lat' dir='ltr'><strong>dictis,</strong></span> <span class='ocrx_word' id='word_1_431' title='bbox 1636 4673 1727 4725; x_wconf 88' lang='lat' dir='ltr'><strong>sed</strong></span> <span class='ocrx_word' id='word_1_432' title='bbox 1758 4683 1933 4728; x_wconf 87' lang='lat' dir='ltr'><strong>tamen</strong></span> <span class='ocrx_word' id='word_1_433' title='bbox 1971 4691 2064 4728; x_wconf 88' lang='lat' dir='ltr'><strong>an-</strong></span> <span class='ocrx_word' id='word_1_434' title='bbox 2097 4693 2138 4746; x_wconf 76' lang='grc' dir='ltr'>υ</span> 
     </span>
    </p>
   </div>
   <div class='ocr_carea' id='block_1_64' title="bbox 501 4752 2064 4829">
    <p class='ocr_par' dir='ltr' id='par_1_64' title="bbox 501 4752 2064 4829">
     <span class='ocr_line' id='line_1_64' title="bbox 501 4752 2064 4829; baseline 0.013 -25"><span class='ocrx_word' id='word_1_435' title='bbox 501 4752 611 4805; x_wconf 90' lang='lat' dir='ltr'><strong>ditu</strong></span> <span class='ocrx_word' id='word_1_436' title='bbox 657 4755 987 4821; x_wconf 88' lang='lat' dir='ltr'><strong>carentibus,</strong></span> <span class='ocrx_word' id='word_1_437' title='bbox 1036 4759 1332 4811; x_wconf 86' lang='lat' dir='ltr'><strong>naturalem</strong></span> <span class='ocrx_word' id='word_1_438' title='bbox 1370 4760 1605 4829; x_wconf 91' lang='lat' dir='ltr'><strong>impertit</strong></span> <span class='ocrx_word' id='word_1_439' title='bbox 1639 4780 1812 4820; x_wconf 90' lang='lat' dir='ltr'><strong>usum.</strong></span> <span class='ocrx_word' id='word_1_440' title='bbox 1873 4767 2064 4825; x_wconf 82' lang='lat' dir='ltr'><strong>Paucis</strong></span> 
     </span>
    </p>
   </div>
   <div class='ocr_carea' id='block_1_65' title="bbox 501 4843 2061 4927">
    <p class='ocr_par' dir='ltr' id='par_1_65' title="bbox 501 4843 2061 4927">
     <span class='ocr_line' id='line_1_65' title="bbox 501 4843 2061 4927; baseline 0.014 -34"><span class='ocrx_word' id='word_1_441' title='bbox 501 4843 729 4908; x_wconf 89' lang='lat' dir='ltr'><strong>panibus</strong></span> <span class='ocrx_word' id='word_1_442' title='bbox 756 4844 806 4897; x_wconf 92' lang='lat' dir='ltr'><strong>in</strong></span> <span class='ocrx_word' id='word_1_443' title='bbox 849 4846 1063 4900; x_wconf 90' lang='lat' dir='ltr'><strong>deserto</strong></span> <span class='ocrx_word' id='word_1_444' title='bbox 1096 4849 1257 4902; x_wconf 89' lang='lat' dir='ltr'><strong>multa</strong></span> <span class='ocrx_word' id='word_1_445' title='bbox 1295 4851 1570 4907; x_wconf 89' lang='lat' dir='ltr'><strong>hominum</strong></span> <span class='ocrx_word' id='word_1_446' title='bbox 1621 4856 1782 4910; x_wconf 86' lang='lat' dir='ltr'><strong>millia</strong></span> <span class='ocrx_word' id='word_1_447' title='bbox 1827 4859 2061 4927; x_wconf 87' lang='lat' dir='ltr'><strong>satiavit,</strong></span> 
     </span>
    </p>
   </div>
   <div class='ocr_carea' id='block_1_66' title="bbox 500 4935 2063 5017">
    <p class='ocr_par' dir='ltr' id='par_1_66' title="bbox 500 4935 2063 5017">
     <span class='ocr_line' id='line_1_66' title="bbox 500 4935 2063 5017; baseline 0.017 -39"><span class='ocrx_word' id='word_1_448' title='bbox 500 4935 738 5002; x_wconf 82' lang='lat' dir='ltr'><strong>quinque</strong></span> <span class='ocrx_word' id='word_1_449' title='bbox 779 4936 982 4990; x_wconf 89' lang='lat' dir='ltr'><strong>scilicet</strong></span> <span class='ocrx_word' id='word_1_450' title='bbox 1015 4953 1201 5005; x_wconf 88' lang='lat' dir='ltr'><strong>panes,</strong></span> <span class='ocrx_word' id='word_1_451' title='bbox 1239 4949 1490 5010; x_wconf 88' lang='lat' dir='ltr'><strong>tauquam</strong></span> <span class='ocrx_word' id='word_1_452' title='bbox 1534 4944 1586 4997; x_wconf 93' lang='lat' dir='ltr'><strong>in</strong></span> <span class='ocrx_word' id='word_1_453' title='bbox 1623 4961 1808 5000; x_wconf 88' lang='lat' dir='ltr'><strong>arvum</strong></span> <span class='ocrx_word' id='word_1_454' title='bbox 1856 4964 2063 5017; x_wconf 88' lang='lat' dir='ltr'><strong>semen,</strong></span> 
     </span>
    </p>
   </div>
   <div class='ocr_carea' id='block_1_67' title="bbox 500 5025 2060 5102">
    <p class='ocr_par' dir='ltr' id='par_1_67' title="bbox 500 5025 2060 5102">
     <span class='ocr_line' id='line_1_67' title="bbox 500 5025 2060 5102; baseline 0.013 -27"><span class='ocrx_word' id='word_1_455' title='bbox 500 5025 746 5078; x_wconf 89' lang='lat' dir='ltr'><strong>manibus</strong></span> <span class='ocrx_word' id='word_1_456' title='bbox 787 5029 1022 5091; x_wconf 87' lang='lat' dir='ltr'><strong>tradens,</strong></span> <span class='ocrx_word' id='word_1_457' title='bbox 1065 5040 1118 5083; x_wconf 91' lang='lat' dir='ltr'><strong>et</strong></span> <span class='ocrx_word' id='word_1_458' title='bbox 1156 5031 1346 5102; x_wconf 86' lang='lat' dir='ltr'><strong>linguae</strong></span> <span class='ocrx_word' id='word_1_459' title='bbox 1380 5035 1802 5092; x_wconf 88' lang='lat' dir='ltr'><strong>benedictionem</strong></span> <span class='ocrx_word' id='word_1_460' title='bbox 1845 5056 1940 5096; x_wconf 86' lang='lat' dir='ltr'><strong>ceu</strong></span> <span class='ocrx_word' id='word_1_461' title='bbox 1988 5045 2060 5096; x_wconf 91' lang='lat' dir='ltr'><strong>ri-</strong></span> 
     </span>
    </p>
   </div>
   <div class='ocr_carea' id='block_1_68' title="bbox 500 5114 2061 5200">
    <p class='ocr_par' dir='ltr' id='par_1_68' title="bbox 500 5114 2061 5200">
     <span class='ocr_line' id='line_1_68' title="bbox 500 5114 2061 5200; baseline 0.015 -37"><span class='ocrx_word' id='word_1_462' title='bbox 500 5127 661 5178; x_wconf 84' lang='lat' dir='ltr'><strong>guum</strong></span> <span class='ocrx_word' id='word_1_463' title='bbox 686 5114 925 5169; x_wconf 87' lang='lat' dir='ltr'><strong>nimbum</strong></span> <span class='ocrx_word' id='word_1_464' title='bbox 952 5120 1244 5182; x_wconf 87' lang='lat' dir='ltr'><strong>adducens,</strong></span> <span class='ocrx_word' id='word_1_465' title='bbox 1269 5122 1485 5176; x_wconf 87' lang='lat' dir='ltr'><strong>densam</strong></span> <span class='ocrx_word' id='word_1_466' title='bbox 1511 5124 1782 5194; x_wconf 87' lang='lat' dir='ltr'><strong>altamque</strong></span> <span class='ocrx_word' id='word_1_467' title='bbox 1809 5141 2061 5200; x_wconf 77' lang='lat' dir='ltr'><strong>segetem,</strong></span> 
     </span>
    </p>
   </div>
   <div class='ocr_carea' id='block_1_69' title="bbox 499 5203 2064 5277">
    <p class='ocr_par' dir='ltr' id='par_1_69' title="bbox 499 5203 2064 5277">
     <span class='ocr_line' id='line_1_69' title="bbox 499 5203 2064 5277; baseline 0.015 -23"><span class='ocrx_word' id='word_1_468' title='bbox 499 5211 553 5256; x_wconf 86' lang='lat' dir='ltr'><strong>et</strong></span> <span class='ocrx_word' id='word_1_469' title='bbox 579 5203 791 5269; x_wconf 83' lang='lat' dir='ltr'><strong>plenam</strong></span> <span class='ocrx_word' id='word_1_470' title='bbox 825 5221 1004 5260; x_wconf 86' lang='lat' dir='ltr'><strong>aream</strong></span> <span class='ocrx_word' id='word_1_471' title='bbox 1029 5211 1390 5277; x_wconf 80' lang='lat' dir='ltr'><strong>apostolorum</strong></span> <span class='ocrx_word' id='word_1_472' title='bbox 1421 5231 1611 5270; x_wconf 89' lang='lat' dir='ltr'><strong>manus</strong></span> <span class='ocrx_word' id='word_1_473' title='bbox 1631 5217 1807 5274; x_wconf 75' lang='lat' dir='ltr'><strong>eﬂ&#39;ecit</strong></span> <span class='ocrx_word' id='word_1_474' title='bbox 1838 5239 1848 5272; x_wconf 92' lang='lat'><strong>:</strong></span> <span class='ocrx_word' id='word_1_475' title='bbox 1885 5237 2064 5277; x_wconf 76' lang='lat' dir='ltr'><strong>arcam</strong></span> 
     </span>
    </p>
   </div>
   <div class='ocr_carea' id='block_1_70' title="bbox 501 5295 2064 5374">
    <p class='ocr_par' dir='ltr' id='par_1_70' title="bbox 501 5295 2064 5374">
     <span class='ocr_line' id='line_1_70' title="bbox 501 5295 2064 5374; baseline 0.015 -31"><span class='ocrx_word' id='word_1_476' title='bbox 501 5307 599 5345; x_wconf 92' lang='lat' dir='ltr'><strong>nec</strong></span> <span class='ocrx_word' id='word_1_477' title='bbox 630 5295 929 5349; x_wconf 84' lang='lat' dir='ltr'><strong>ventilabro</strong></span> <span class='ocrx_word' id='word_1_478' title='bbox 974 5313 1073 5350; x_wconf 86' lang='lat' dir='ltr'><strong>nec</strong></span> <span class='ocrx_word' id='word_1_479' title='bbox 1109 5303 1419 5369; x_wconf 87' lang='lat' dir='ltr'><strong>purgatorio</strong></span> <span class='ocrx_word' id='word_1_480' title='bbox 1466 5318 1731 5374; x_wconf 87' lang='lat' dir='ltr'><strong>egentem,</strong></span> <span class='ocrx_word' id='word_1_481' title='bbox 1777 5327 1880 5363; x_wconf 83' lang='lat' dir='ltr'><strong>non</strong></span> <span class='ocrx_word' id='word_1_482' title='bbox 1929 5315 2064 5367; x_wconf 87' lang='lat' dir='ltr'><strong>mola</strong></span> 
     </span>
    </p>
   </div>
   <div class='ocr_carea' id='block_1_71' title="bbox 498 5391 2064 5471">
    <p class='ocr_par' dir='ltr' id='par_1_71' title="bbox 498 5391 2064 5471">
     <span class='ocr_line' id='line_1_71' title="bbox 498 5391 2064 5471; baseline 0.015 -33"><span class='ocrx_word' id='word_1_483' title='bbox 498 5399 596 5439; x_wconf 90' lang='lat' dir='ltr'><strong>nec</strong></span> <span class='ocrx_word' id='word_1_484' title='bbox 627 5397 828 5440; x_wconf 91' lang='lat' dir='ltr'><strong>mactra</strong></span> <span class='ocrx_word' id='word_1_485' title='bbox 869 5404 967 5444; x_wconf 91' lang='lat' dir='ltr'><strong>uec</strong></span> <span class='ocrx_word' id='word_1_486' title='bbox 999 5391 1118 5459; x_wconf 88' lang='lat' dir='ltr'><strong>igne</strong></span> <span class='ocrx_word' id='word_1_487' title='bbox 1147 5403 1237 5446; x_wconf 91' lang='lat' dir='ltr'><strong>aut</strong></span> <span class='ocrx_word' id='word_1_488' title='bbox 1283 5393 1516 5462; x_wconf 88' lang='lat' dir='ltr'><strong>clibano,</strong></span> <span class='ocrx_word' id='word_1_489' title='bbox 1560 5400 1652 5454; x_wconf 88' lang='lat' dir='ltr'><strong>sed</strong></span> <span class='ocrx_word' id='word_1_490' title='bbox 1695 5401 1837 5467; x_wconf 91' lang='lat' dir='ltr'><strong>ipsos</strong></span> <span class='ocrx_word' id='word_1_491' title='bbox 1866 5419 1960 5471; x_wconf 90' lang='lat' dir='ltr'><strong>per</strong></span> <span class='ocrx_word' id='word_1_492' title='bbox 2007 5423 2064 5462; x_wconf 88' lang='lat' dir='ltr'><strong>se</strong></span> 
     </span>
    </p>
   </div>
   <div class='ocr_carea' id='block_1_72' title="bbox 567 5544 1666 5615">
    <p class='ocr_par' dir='ltr' id='par_1_72' title="bbox 567 5544 1666 5615">
     <span class='ocr_line' id='line_1_72' title="bbox 567 5544 1666 5615; baseline 0.01 -17"><span class='ocrx_word' id='word_1_493' title='bbox 567 5544 610 5576; x_wconf 79' lang='grc'><strong>’⁸</strong></span> <span class='ocrx_word' id='word_1_494' title='bbox 632 5545 784 5599; x_wconf 79' lang='lat' dir='ltr'><strong>Joau.</strong></span> <span class='ocrx_word' id='word_1_495' title='bbox 811 5561 921 5608; x_wconf 80' lang='lat' dir='ltr'><strong>xvi,</strong></span> <span class='ocrx_word' id='word_1_496' title='bbox 951 5546 1040 5600; x_wconf 72' lang='lat'><strong>33.</strong></span> <span class='ocrx_word' id='word_1_497' title='bbox 1117 5549 1158 5578; x_wconf 83' lang='lat'>&quot;</span> <span class='ocrx_word' id='word_1_498' title='bbox 1184 5547 1382 5603; x_wconf 83' lang='lat' dir='ltr'><strong>Jcrem.</strong></span> <span class='ocrx_word' id='word_1_499' title='bbox 1407 5567 1556 5615; x_wconf 66' lang='lat' dir='ltr'><strong>xxxi,</strong></span> <span class='ocrx_word' id='word_1_500' title='bbox 1579 5554 1666 5609; x_wconf 75' lang='lat' dir='ltr'><strong>5i.</strong></span> 
     </span>
    </p>
   </div>
   <div class='ocr_carea' id='block_1_73' title="bbox 565 5699 2051 5767">
    <p class='ocr_par' dir='ltr' id='par_1_73' title="bbox 565 5699 2051 5767">
     <span class='ocr_line' id='line_1_73' title="bbox 565 5699 2051 5767; baseline 0.01 -16"><span class='ocrx_word' id='word_1_501' title='bbox 565 5699 640 5767; x_wconf 83' lang='grc' dir='ltr'><strong>(Ι)</strong></span> <span class='ocrx_word' id='word_1_502' title='bbox 680 5701 934 5754; x_wconf 87' lang='lat' dir='ltr'><strong>Eamdem</strong></span> <span class='ocrx_word' id='word_1_503' title='bbox 977 5703 1295 5754; x_wconf 85' lang='lat' dir='ltr'><strong>sententiam</strong></span> <span class='ocrx_word' id='word_1_504' title='bbox 1335 5705 1497 5759; x_wconf 87' lang='lat' dir='ltr'><strong>habes</strong></span> <span class='ocrx_word' id='word_1_505' title='bbox 1537 5708 1586 5761; x_wconf 90' lang='lat' dir='ltr'><strong>in</strong></span> <span class='ocrx_word' id='word_1_506' title='bbox 1627 5723 1764 5763; x_wconf 83' lang='lat' dir='ltr'><strong>novo</strong></span> <span class='ocrx_word' id='word_1_507' title='bbox 1803 5714 1961 5765; x_wconf 81' lang='lat' dir='ltr'><strong>ctiam</strong></span> <span class='ocrx_word' id='word_1_508' title='bbox 1999 5724 2051 5766; x_wconf 85' lang='lat' dir='ltr'><strong>et</strong></span> 
     </span>
    </p>
   </div>
   <div class='ocr_carea' id='block_1_74' title="bbox 496 5771 2052 5842">
    <p class='ocr_par' dir='ltr' id='par_1_74' title="bbox 496 5771 2052 5842">
     <span class='ocr_line' id='line_1_74' title="bbox 496 5771 2052 5842; baseline 0.01 -21"><span class='ocrx_word' id='word_1_509' title='bbox 496 5773 732 5836; x_wconf 85' lang='lat' dir='ltr'><strong>apprime</strong></span> <span class='ocrx_word' id='word_1_510' title='bbox 772 5771 1002 5835; x_wconf 78' lang='lat' dir='ltr'><strong>genuino</strong></span> <span class='ocrx_word' id='word_1_511' title='bbox 1043 5772 1212 5823; x_wconf 72' lang='lat' dir='ltr'><strong>sancti</strong></span> <span class='ocrx_word' id='word_1_512' title='bbox 1253 5775 1528 5842; x_wconf 77' lang='lat' dir='ltr'><strong>Augustini</strong></span> <span class='ocrx_word' id='word_1_513' title='bbox 1570 5793 1814 5833; x_wconf 79' lang='lat' dir='ltr'><strong>sermone</strong></span> <span class='ocrx_word' id='word_1_514' title='bbox 1858 5784 1921 5835; x_wconf 89' lang='lat' dir='ltr'><strong>de</strong></span> <span class='ocrx_word' id='word_1_515' title='bbox 1963 5801 2052 5836; x_wconf 90' lang='lat' dir='ltr'><strong>nu-</strong></span> 
     </span>
    </p>
   </div>
   <div class='ocr_carea' id='block_1_75' title="bbox 497 5841 2049 5909">
    <p class='ocr_par' dir='ltr' id='par_1_75' title="bbox 497 5841 2049 5909">
     <span class='ocr_line' id='line_1_75' title="bbox 497 5841 2049 5909; baseline 0.01 -17"><span class='ocrx_word' id='word_1_516' title='bbox 497 5842 619 5902; x_wconf 79' lang='lat' dir='ltr'><strong>ptiis</strong></span> <span class='ocrx_word' id='word_1_517' title='bbox 649 5841 786 5909; x_wconf 83' lang='lat' dir='ltr'><strong>apud</strong></span> <span class='ocrx_word' id='word_1_518' title='bbox 818 5841 1037 5904; x_wconf 65' lang='lat' dir='ltr'><strong>(lanam,</strong></span> <span class='ocrx_word' id='word_1_519' title='bbox 1071 5854 1226 5908; x_wconf 90' lang='lat' dir='ltr'><strong>quem</strong></span> <span class='ocrx_word' id='word_1_520' title='bbox 1264 5841 1358 5897; x_wconf 69' lang='lat' dir='ltr'><strong>nos</strong></span> <span class='ocrx_word' id='word_1_521' title='bbox 1393 5859 1455 5898; x_wconf 78' lang='lat' dir='ltr'><strong>ex</strong></span> <span class='ocrx_word' id='word_1_522' title='bbox 1492 5848 1625 5902; x_wconf 87' lang='lat' dir='ltr'><strong>miro</strong></span> <span class='ocrx_word' id='word_1_523' title='bbox 1662 5851 1843 5905; x_wconf 78' lang='lat' dir='ltr'><strong>codice</strong></span> <span class='ocrx_word' id='word_1_524' title='bbox 1872 5855 2049 5908; x_wconf 76' lang='lat' dir='ltr'><strong>saeculi</strong></span> 
     </span>
    </p>
   </div>
   <div class='ocr_carea' id='block_1_76' title="bbox 2111 2029 3749 2118">
    <p class='ocr_par' dir='ltr' id='par_1_76' title="bbox 2111 2029 3749 2118">
     <span class='ocr_line' id='line_1_76' title="bbox 2111 2029 3749 2118; baseline 0.004 -22"><span class='ocrx_word' id='word_1_525' title='bbox 2111 2029 2151 2084; x_wconf 79' lang='grc' dir='ltr'><strong>Β</strong></span> <span class='ocrx_word' id='word_1_526' title='bbox 2183 2044 2310 2098; x_wconf 74' lang='grc' dir='ltr'><strong>κεν.</strong></span> <span class='ocrx_word' id='word_1_527' title='bbox 2366 2047 2671 2116; x_wconf 81' lang='grc' dir='ltr'><strong>Σύντομος</strong></span> <span class='ocrx_word' id='word_1_528' title='bbox 2710 2047 2828 2101; x_wconf 71' lang='grc' dir='ltr'><strong>τῶν</strong></span> <span class='ocrx_word' id='word_1_529' title='bbox 2863 2047 3244 2102; x_wconf 81' lang='grc' dir='ltr'><strong>Δεσποτικῶν</strong></span> <span class='ocrx_word' id='word_1_530' title='bbox 3293 2047 3612 2118; x_wconf 80' lang='grc' dir='ltr'><strong>θαυμάτων</strong></span> <span class='ocrx_word' id='word_1_531' title='bbox 3667 2048 3749 2102; x_wconf 74' lang='grc' dir='ltr'><strong>διο</strong></span> 
     </span>
    </p>
   </div>
   <div class='ocr_carea' id='block_1_77' title="bbox 2847 2118 3083 2188">
    <p class='ocr_par' dir='ltr' id='par_1_77' title="bbox 2847 2118 3083 2188">
     <span class='ocr_line' id='line_1_77' title="bbox 2847 2118 3083 2188; baseline 0 -17"><span class='ocrx_word' id='word_1_532' title='bbox 2847 2118 3083 2188; x_wconf 76' lang='grc' dir='ltr'><strong>ήγησις.</strong></span> 
     </span>
    </p>
   </div>
   <div class='ocr_carea' id='block_1_78' title="bbox 2251 2228 3745 2305">
    <p class='ocr_par' dir='ltr' id='par_1_78' title="bbox 2251 2228 3745 2305">
     <span class='ocr_line' id='line_1_78' title="bbox 2251 2228 3745 2305; baseline 0.002 -23"><span class='ocrx_word' id='word_1_533' title='bbox 2251 2228 2544 2283; x_wconf 84' lang='grc' dir='ltr'><strong>Πιστοῢται</strong></span> <span class='ocrx_word' id='word_1_534' title='bbox 2584 2229 2652 2284; x_wconf 81' lang='grc' dir='ltr'><strong>τά</strong></span> <span class='ocrx_word' id='word_1_535' title='bbox 2679 2230 2946 2301; x_wconf 87' lang='grc' dir='ltr'><strong>λεγόμενα</strong></span> <span class='ocrx_word' id='word_1_536' title='bbox 2971 2234 3037 2302; x_wconf 77' lang='grc' dir='ltr'><strong>τῇ</strong></span> <span class='ocrx_word' id='word_1_537' title='bbox 3065 2232 3275 2305; x_wconf 79' lang='grc' dir='ltr'><strong>μεγάλῃ</strong></span> <span class='ocrx_word' id='word_1_538' title='bbox 3316 2232 3745 2303; x_wconf 73' lang='grc' dir='ltr'><strong>θαυματουργία,</strong></span> 
     </span>
    </p>
   </div>
   <div class='ocr_carea' id='block_1_79' title="bbox 2179 2317 3749 2398">
    <p class='ocr_par' dir='ltr' id='par_1_79' title="bbox 2179 2317 3749 2398">
     <span class='ocr_line' id='line_1_79' title="bbox 2179 2317 3749 2398; baseline 0.003 -23"><span class='ocrx_word' id='word_1_539' title='bbox 2179 2317 2319 2376; x_wconf 81' lang='grc' dir='ltr'>οἶνον</span> <span class='ocrx_word' id='word_1_540' title='bbox 2352 2324 2703 2395; x_wconf 87' lang='grc' dir='ltr'><strong>ἀγεώργητον</strong></span> <span class='ocrx_word' id='word_1_541' title='bbox 2733 2325 2811 2396; x_wconf 84' lang='grc' dir='ltr'><strong>τῷ</strong></span> <span class='ocrx_word' id='word_1_542' title='bbox 2836 2327 3002 2396; x_wconf 84' lang='grc' dir='ltr'><strong>γάμῳ</strong></span> <span class='ocrx_word' id='word_1_543' title='bbox 3025 2326 3386 2397; x_wconf 88' lang='grc' dir='ltr'><strong>δωρούμενος,</strong></span> <span class='ocrx_word' id='word_1_544' title='bbox 3420 2321 3561 2379; x_wconf 77' lang='grc' dir='ltr'><strong>οἶνον</strong></span> <span class='ocrx_word' id='word_1_545' title='bbox 3584 2326 3749 2398; x_wconf 69' lang='grc' dir='ltr'><strong>χωρὶς</strong></span> 
     </span>
    </p>
   </div>
   <div class='ocr_carea' id='block_1_80' title="bbox 2181 2413 3748 2489">
    <p class='ocr_par' dir='ltr' id='par_1_80' title="bbox 2181 2413 3748 2489">
     <span class='ocr_line' id='line_1_80' title="bbox 2181 2413 3748 2489; baseline 0.002 -23"><span class='ocrx_word' id='word_1_546' title='bbox 2181 2414 2472 2485; x_wconf 82' lang='grc' dir='ltr'><strong>κλημάτων</strong></span> <span class='ocrx_word' id='word_1_547' title='bbox 2505 2415 2564 2480; x_wconf 69' lang='grc' dir='ltr'><strong>ἐξ</strong></span> <span class='ocrx_word' id='word_1_548' title='bbox 2603 2415 2791 2480; x_wconf 80' lang='grc' dir='ltr'><strong>ὓδατος</strong></span> <span class='ocrx_word' id='word_1_549' title='bbox 2826 2416 3212 2489; x_wconf 73' lang='grc' dir='ltr'><strong>ἐργαζόμενος,</strong></span> <span class='ocrx_word' id='word_1_550' title='bbox 3259 2413 3402 2470; x_wconf 82' lang='grc' dir='ltr'><strong>οἶνον</strong></span> <span class='ocrx_word' id='word_1_551' title='bbox 3444 2417 3748 2484; x_wconf 80' lang='grc' dir='ltr'><strong>ἀστάφυλον</strong></span> 
     </span>
    </p>
   </div>
   <div class='ocr_carea' id='block_1_81' title="bbox 2179 2502 3749 2579">
    <p class='ocr_par' dir='ltr' id='par_1_81' title="bbox 2179 2502 3749 2579">
     <span class='ocr_line' id='line_1_81' title="bbox 2179 2502 3749 2579; baseline 0.003 -24"><span class='ocrx_word' id='word_1_552' title='bbox 2179 2508 2290 2568; x_wconf 79' lang='grc' dir='ltr'><strong>τοῖς</strong></span> <span class='ocrx_word' id='word_1_553' title='bbox 2336 2504 2430 2558; x_wconf 82' lang='grc' dir='ltr'><strong>τοῦ</strong></span> <span class='ocrx_word' id='word_1_554' title='bbox 2482 2505 2660 2575; x_wconf 88' lang='grc' dir='ltr'><strong>γάμου</strong></span> <span class='ocrx_word' id='word_1_555' title='bbox 2701 2505 2986 2578; x_wconf 82' lang='grc' dir='ltr'><strong>δαιτυμόσι</strong></span> <span class='ocrx_word' id='word_1_556' title='bbox 3044 2507 3424 2579; x_wconf 77' lang='grc' dir='ltr'><strong>χαριζόμενος,</strong></span> <span class='ocrx_word' id='word_1_557' title='bbox 3478 2509 3558 2570; x_wconf 85' lang='grc' dir='ltr'><strong>είς</strong></span> <span class='ocrx_word' id='word_1_558' title='bbox 3612 2502 3749 2559; x_wconf 81' lang='grc' dir='ltr'><strong>οἶνον</strong></span> 
     </span>
    </p>
   </div>
   <div class='ocr_carea' id='block_1_82' title="bbox 2184 2595 3750 2672">
    <p class='ocr_par' dir='ltr' id='par_1_82' title="bbox 2184 2595 3750 2672">
     <span class='ocr_line' id='line_1_82' title="bbox 2184 2595 3750 2672; baseline 0.002 -24"><span class='ocrx_word' id='word_1_559' title='bbox 2184 2595 2505 2666; x_wconf 74' lang='grc' dir='ltr'><strong>μεταϐαλὼν</strong></span> <span class='ocrx_word' id='word_1_560' title='bbox 2538 2597 2646 2650; x_wconf 84' lang='grc' dir='ltr'><strong>τῶν</strong></span> <span class='ocrx_word' id='word_1_561' title='bbox 2668 2598 2874 2651; x_wconf 81' lang='grc' dir='ltr'><strong>ὑδάτων</strong></span> <span class='ocrx_word' id='word_1_562' title='bbox 2902 2600 3000 2670; x_wconf 83' lang='grc' dir='ltr'><strong>τὴν</strong></span> <span class='ocrx_word' id='word_1_563' title='bbox 3029 2598 3213 2668; x_wconf 77' lang='grc' dir='ltr'><strong>φύσιν,</strong></span> <span class='ocrx_word' id='word_1_564' title='bbox 3250 2601 3324 2672; x_wconf 79' lang='grc' dir='ltr'><strong>μὴ</strong></span> <span class='ocrx_word' id='word_1_565' title='bbox 3363 2600 3750 2669; x_wconf 85' lang='grc' dir='ltr'><strong>μεσιτευούσης</strong></span> 
     </span>
    </p>
   </div>
   <div class='ocr_carea' id='block_1_83' title="bbox 2181 2687 3747 2760">
    <p class='ocr_par' dir='ltr' id='par_1_83' title="bbox 2181 2687 3747 2760">
     <span class='ocr_line' id='line_1_83' title="bbox 2181 2687 3747 2760; baseline 0.001 -21"><span class='ocrx_word' id='word_1_566' title='bbox 2181 2687 2427 2756; x_wconf 82' lang='grc' dir='ltr'><strong>ἀμπέλου</strong></span> <span class='ocrx_word' id='word_1_567' title='bbox 2454 2727 2469 2751; x_wconf 95' lang='grc'><strong>,</strong></span> <span class='ocrx_word' id='word_1_568' title='bbox 2500 2688 2596 2741; x_wconf 77' lang='grc' dir='ltr'><strong>καὶ</strong></span> <span class='ocrx_word' id='word_1_569' title='bbox 2640 2689 2738 2758; x_wconf 83' lang='grc' dir='ltr'><strong>τῆς</strong></span> <span class='ocrx_word' id='word_1_570' title='bbox 2778 2689 2883 2758; x_wconf 85' lang='grc' dir='ltr'><strong>γῆς</strong></span> <span class='ocrx_word' id='word_1_571' title='bbox 2916 2689 3014 2760; x_wconf 78' lang='grc' dir='ltr'><strong>τήν</strong></span> <span class='ocrx_word' id='word_1_572' title='bbox 3063 2691 3243 2743; x_wconf 85' lang='grc' dir='ltr'><strong>νοτίδα</strong></span> <span class='ocrx_word' id='word_1_573' title='bbox 3285 2691 3542 2760; x_wconf 84' lang='grc' dir='ltr'><strong>συλήσας,</strong></span> <span class='ocrx_word' id='word_1_574' title='bbox 3581 2691 3747 2759; x_wconf 68' lang='grc' dir='ltr'><strong>τιμῶν</strong></span> 
     </span>
    </p>
   </div>
   <div class='ocr_carea' id='block_1_84' title="bbox 2179 2779 3751 2851">
    <p class='ocr_par' dir='ltr' id='par_1_84' title="bbox 2179 2779 3751 2851">
     <span class='ocr_line' id='line_1_84' title="bbox 2179 2779 3751 2851; baseline 0.003 -22"><span class='ocrx_word' id='word_1_575' title='bbox 2179 2779 2269 2830; x_wconf 83' lang='grc' dir='ltr'><strong>τὸν</strong></span> <span class='ocrx_word' id='word_1_576' title='bbox 2301 2779 2477 2847; x_wconf 84' lang='grc' dir='ltr'><strong>γάμον</strong></span> <span class='ocrx_word' id='word_1_577' title='bbox 2509 2781 2569 2832; x_wconf 86' lang='grc' dir='ltr'><strong>ού</strong></span> <span class='ocrx_word' id='word_1_578' title='bbox 2597 2781 2662 2849; x_wconf 82' lang='grc' dir='ltr'><strong>τῇ</strong></span> <span class='ocrx_word' id='word_1_579' title='bbox 2714 2779 2987 2850; x_wconf 78' lang='grc' dir='ltr'><strong>παρουσία</strong></span> <span class='ocrx_word' id='word_1_580' title='bbox 3017 2781 3198 2850; x_wconf 91' lang='grc' dir='ltr'><strong>μόνον,</strong></span> <span class='ocrx_word' id='word_1_581' title='bbox 3228 2781 3362 2833; x_wconf 87' lang='grc' dir='ltr'><strong>ἀλλά</strong></span> <span class='ocrx_word' id='word_1_582' title='bbox 3393 2783 3486 2834; x_wconf 79' lang='grc' dir='ltr'><strong>καὶ</strong></span> <span class='ocrx_word' id='word_1_583' title='bbox 3527 2784 3592 2851; x_wconf 78' lang='grc' dir='ltr'><strong>τῇ</strong></span> <span class='ocrx_word' id='word_1_584' title='bbox 3626 2782 3751 2834; x_wconf 83' lang='grc' dir='ltr'><strong>θαυ-</strong></span> 
     </span>
    </p>
   </div>
   <div class='ocr_carea' id='block_1_85' title="bbox 2183 2869 3749 2942">
    <p class='ocr_par' dir='ltr' id='par_1_85' title="bbox 2183 2869 3749 2942">
     <span class='ocr_line' id='line_1_85' title="bbox 2183 2869 3749 2942; baseline 0.003 -22"><span class='ocrx_word' id='word_1_585' title='bbox 2183 2869 2526 2939; x_wconf 67' lang='grc' dir='ltr'><strong>ματουργία·</strong></span> <span class='ocrx_word' id='word_1_586' title='bbox 2577 2871 2762 2940; x_wconf 76' lang='grc' dir='ltr'><strong>ἐπειδὴ</strong></span> <span class='ocrx_word' id='word_1_587' title='bbox 2810 2869 2918 2941; x_wconf 85' lang='grc' dir='ltr'><strong>γάρ</strong></span> <span class='ocrx_word' id='word_1_588' title='bbox 2961 2873 3024 2922; x_wconf 83' lang='grc' dir='ltr'><strong>ὲκ</strong></span> <span class='ocrx_word' id='word_1_589' title='bbox 3067 2871 3404 2942; x_wconf 85' lang='grc' dir='ltr'><strong>παρθενικῆς</strong></span> <span class='ocrx_word' id='word_1_590' title='bbox 3453 2871 3749 2940; x_wconf 79' lang='grc' dir='ltr'><strong>ἐϐλάστησε</strong></span> 
     </span>
    </p>
   </div>
   <div class='ocr_carea' id='block_1_86' title="bbox 2183 2961 3749 3032">
    <p class='ocr_par' dir='ltr' id='par_1_86' title="bbox 2183 2961 3749 3032">
     <span class='ocr_line' id='line_1_86' title="bbox 2183 2961 3749 3032; baseline 0.002 -21"><span class='ocrx_word' id='word_1_591' title='bbox 2183 2962 2391 3030; x_wconf 80' lang='grc' dir='ltr'><strong>μήτρας</strong></span> <span class='ocrx_word' id='word_1_592' title='bbox 2417 2999 2430 3023; x_wconf 98' lang='grc'><strong>,</strong></span> <span class='ocrx_word' id='word_1_593' title='bbox 2478 2965 2571 3012; x_wconf 74' lang='grc' dir='ltr'><strong>καὶ</strong></span> <span class='ocrx_word' id='word_1_594' title='bbox 2604 2961 2898 3031; x_wconf 74' lang='grc' dir='ltr'><strong>παρθενίαν</strong></span> <span class='ocrx_word' id='word_1_595' title='bbox 2929 2963 3136 3032; x_wconf 78' lang='grc' dir='ltr'><strong>ήσκησέ</strong></span> <span class='ocrx_word' id='word_1_596' title='bbox 3180 2979 3237 3015; x_wconf 90' lang='grc' dir='ltr'><strong>τε</strong></span> <span class='ocrx_word' id='word_1_597' title='bbox 3281 2963 3376 3016; x_wconf 70' lang='grc' dir='ltr'><strong>καὶ</strong></span> <span class='ocrx_word' id='word_1_598' title='bbox 3415 2966 3525 3024; x_wconf 79' lang='grc' dir='ltr'><strong>τοῖς</strong></span> <span class='ocrx_word' id='word_1_599' title='bbox 3577 2963 3749 3031; x_wconf 85' lang='grc' dir='ltr'><strong>λόγοις</strong></span> 
     </span>
    </p>
   </div>
   <div class='ocr_carea' id='block_1_87' title="bbox 2180 3051 3746 3125">
    <p class='ocr_par' dir='ltr' id='par_1_87' title="bbox 2180 3051 3746 3125">
     <span class='ocr_line' id='line_1_87' title="bbox 2180 3051 3746 3125; baseline 0.003 -22"><span class='ocrx_word' id='word_1_600' title='bbox 2180 3051 2366 3121; x_wconf 77' lang='grc' dir='ltr'><strong>ἐξῆρε,</strong></span> <span class='ocrx_word' id='word_1_601' title='bbox 2394 3051 2488 3104; x_wconf 72' lang='grc' dir='ltr'><strong>καὶ</strong></span> <span class='ocrx_word' id='word_1_602' title='bbox 2527 3053 2625 3122; x_wconf 81' lang='grc' dir='ltr'><strong>τὴν</strong></span> <span class='ocrx_word' id='word_1_603' title='bbox 2657 3052 2888 3120; x_wconf 74' lang='grc' dir='ltr'><strong>ἀξυγίαν</strong></span> <span class='ocrx_word' id='word_1_604' title='bbox 2931 3053 3110 3122; x_wconf 78' lang='grc' dir='ltr'><strong>ἔργοις</strong></span> <span class='ocrx_word' id='word_1_605' title='bbox 3137 3057 3232 3106; x_wconf 73' lang='grc' dir='ltr'><strong>καὶ</strong></span> <span class='ocrx_word' id='word_1_606' title='bbox 3261 3055 3437 3122; x_wconf 85' lang='grc' dir='ltr'><strong>λόγοις</strong></span> <span class='ocrx_word' id='word_1_607' title='bbox 3472 3056 3746 3125; x_wconf 81' lang='grc' dir='ltr'><strong>ἐτίμησεν,</strong></span> 
     </span>
    </p>
   </div>
   <div class='ocr_carea' id='block_1_88' title="bbox 2180 3142 3747 3218">
    <p class='ocr_par' dir='ltr' id='par_1_88' title="bbox 2180 3142 3747 3218">
     <span class='ocr_line' id='line_1_88' title="bbox 2180 3142 3747 3218; baseline 0.003 -22"><span class='ocrx_word' id='word_1_608' title='bbox 2180 3145 2266 3196; x_wconf 81' lang='grc' dir='ltr'><strong>ἵνα</strong></span> <span class='ocrx_word' id='word_1_609' title='bbox 2319 3145 2391 3216; x_wconf 87' lang='grc' dir='ltr'><strong>μή</strong></span> <span class='ocrx_word' id='word_1_610' title='bbox 2442 3162 2525 3207; x_wconf 88' lang='grc' dir='ltr'><strong>τις</strong></span> <span class='ocrx_word' id='word_1_611' title='bbox 2572 3146 2866 3198; x_wconf 81' lang='grc' dir='ltr'><strong>ἀκολασίαν</strong></span> <span class='ocrx_word' id='word_1_612' title='bbox 2905 3142 3045 3201; x_wconf 83' lang='grc' dir='ltr'><strong>εἶναι</strong></span> <span class='ocrx_word' id='word_1_613' title='bbox 3077 3148 3270 3218; x_wconf 75' lang='grc' dir='ltr'><strong>νομίζῃ</strong></span> <span class='ocrx_word' id='word_1_614' title='bbox 3317 3148 3415 3217; x_wconf 82' lang='grc' dir='ltr'><strong>τὴν</strong></span> <span class='ocrx_word' id='word_1_615' title='bbox 3464 3148 3747 3217; x_wconf 78' lang='grc' dir='ltr'><strong>συζυγίαν,</strong></span> 
     </span>
    </p>
   </div>
   <div class='ocr_carea' id='block_1_89' title="bbox 2180 3235 3750 3310">
    <p class='ocr_par' dir='ltr' id='par_1_89' title="bbox 2180 3235 3750 3310">
     <span class='ocr_line' id='line_1_89' title="bbox 2180 3235 3750 3310; baseline 0.003 -23"><span class='ocrx_word' id='word_1_616' title='bbox 2180 3236 2273 3288; x_wconf 74' lang='grc' dir='ltr'><strong>καὶ</strong></span> <span class='ocrx_word' id='word_1_617' title='bbox 2303 3235 2377 3299; x_wconf 90' lang='grc' dir='ltr'><strong>ώς</strong></span> <span class='ocrx_word' id='word_1_618' title='bbox 2411 3237 2728 3306; x_wconf 82' lang='grc' dir='ltr'><strong>παρανόμου</strong></span> <span class='ocrx_word' id='word_1_619' title='bbox 2759 3238 2852 3290; x_wconf 77' lang='grc' dir='ltr'><strong>τοῦ</strong></span> <span class='ocrx_word' id='word_1_620' title='bbox 2884 3237 3065 3306; x_wconf 80' lang='grc' dir='ltr'><strong>γάμου</strong></span> <span class='ocrx_word' id='word_1_621' title='bbox 3109 3240 3470 3308; x_wconf 83' lang='grc' dir='ltr'><strong>κατηγοροίη,</strong></span> <span class='ocrx_word' id='word_1_622' title='bbox 3502 3243 3636 3310; x_wconf 84' lang='grc' dir='ltr'><strong>τιμᾷ</strong></span> <span class='ocrx_word' id='word_1_623' title='bbox 3660 3241 3750 3293; x_wconf 70' lang='grc' dir='ltr'><strong>τὸν</strong></span> 
     </span>
    </p>
   </div>
   <div class='ocr_carea' id='block_1_90' title="bbox 2180 3327 3747 3400">
    <p class='ocr_par' dir='ltr' id='par_1_90' title="bbox 2180 3327 3747 3400">
     <span class='ocr_line' id='line_1_90' title="bbox 2180 3327 3747 3400; baseline 0.004 -24"><span class='ocrx_word' id='word_1_624' title='bbox 2180 3327 2356 3392; x_wconf 83' lang='grc' dir='ltr'><strong>γάμον</strong></span> <span class='ocrx_word' id='word_1_625' title='bbox 2387 3329 2452 3395; x_wconf 82' lang='grc' dir='ltr'><strong>τῇ</strong></span> <span class='ocrx_word' id='word_1_626' title='bbox 2494 3327 2765 3397; x_wconf 78' lang='grc' dir='ltr'><strong>παρουσίᾳ</strong></span> <span class='ocrx_word' id='word_1_627' title='bbox 2799 3328 2905 3397; x_wconf 80' lang='grc'><strong>(1),</strong></span> <span class='ocrx_word' id='word_1_628' title='bbox 2932 3327 3082 3391; x_wconf 71' lang='grc' dir='ltr'><strong>αὔξει</strong></span> <span class='ocrx_word' id='word_1_629' title='bbox 3109 3329 3205 3398; x_wconf 74' lang='grc' dir='ltr'><strong>τὴν</strong></span> <span class='ocrx_word' id='word_1_630' title='bbox 3245 3329 3408 3400; x_wconf 81' lang='grc' dir='ltr'><strong>τιμὴν</strong></span> <span class='ocrx_word' id='word_1_631' title='bbox 3433 3333 3498 3400; x_wconf 79' lang='grc' dir='ltr'><strong>τῇ</strong></span> <span class='ocrx_word' id='word_1_632' title='bbox 3527 3329 3620 3382; x_wconf 81' lang='grc' dir='ltr'><strong>τοῦ</strong></span> <span class='ocrx_word' id='word_1_633' title='bbox 3647 3330 3747 3383; x_wconf 88' lang='grc' dir='ltr'><strong>δώ-</strong></span> 
     </span>
    </p>
   </div>
   <div class='ocr_carea' id='block_1_91' title="bbox 2185 3413 3749 3490">
    <p class='ocr_par' dir='ltr' id='par_1_91' title="bbox 2185 3413 3749 3490">
     <span class='ocr_line' id='line_1_91' title="bbox 2185 3413 3749 3490; baseline 0.008 -27"><span class='ocrx_word' id='word_1_634' title='bbox 2185 3429 2275 3480; x_wconf 85' lang='grc' dir='ltr'><strong>ρου</strong></span> <span class='ocrx_word' id='word_1_635' title='bbox 2312 3413 2608 3486; x_wconf 75' lang='grc' dir='ltr'><strong>φιλοτιμίᾳ,</strong></span> <span class='ocrx_word' id='word_1_636' title='bbox 2660 3414 2777 3468; x_wconf 87' lang='grc' dir='ltr'><strong>λύει</strong></span> <span class='ocrx_word' id='word_1_637' title='bbox 2830 3416 2923 3468; x_wconf 74' lang='grc' dir='ltr'><strong>τοῦ</strong></span> <span class='ocrx_word' id='word_1_638' title='bbox 2956 3418 3187 3487; x_wconf 83' lang='grc' dir='ltr'><strong>νυμφίου</strong></span> <span class='ocrx_word' id='word_1_639' title='bbox 3227 3421 3326 3490; x_wconf 74' lang='grc' dir='ltr'><strong>τὴν</strong></span> <span class='ocrx_word' id='word_1_640' title='bbox 3369 3421 3624 3490; x_wconf 86' lang='grc' dir='ltr'><strong>ἀπορίαν,</strong></span> <span class='ocrx_word' id='word_1_641' title='bbox 3659 3424 3749 3475; x_wconf 76' lang='grc' dir='ltr'><strong>ὲκο</strong></span> 
     </span>
    </p>
   </div>
   <div class='ocr_carea' id='block_1_92' title="bbox 2181 3505 3748 3582">
    <p class='ocr_par' dir='ltr' id='par_1_92' title="bbox 2181 3505 3748 3582">
     <span class='ocr_line' id='line_1_92' title="bbox 2181 3505 3748 3582; baseline 0.006 -27"><span class='ocrx_word' id='word_1_642' title='bbox 2181 3505 2405 3574; x_wconf 86' lang='grc' dir='ltr'><strong>πλήττει</strong></span> <span class='ocrx_word' id='word_1_643' title='bbox 2467 3506 2594 3570; x_wconf 81' lang='grc' dir='ltr'><strong>τοὺς</strong></span> <span class='ocrx_word' id='word_1_644' title='bbox 2630 3508 2908 3576; x_wconf 84' lang='grc' dir='ltr'><strong>συμπότας</strong></span> <span class='ocrx_word' id='word_1_645' title='bbox 2944 3512 3008 3578; x_wconf 76' lang='grc' dir='ltr'><strong>τῇ</strong></span> <span class='ocrx_word' id='word_1_646' title='bbox 3059 3509 3152 3561; x_wconf 76' lang='grc' dir='ltr'><strong>τοῦ</strong></span> <span class='ocrx_word' id='word_1_647' title='bbox 3200 3510 3383 3563; x_wconf 84' lang='grc' dir='ltr'><strong>καινοῦ</strong></span> <span class='ocrx_word' id='word_1_648' title='bbox 3430 3513 3748 3582; x_wconf 87' lang='grc' dir='ltr'><strong>πράγματος</strong></span> 
     </span>
    </p>
   </div>
   <div class='ocr_carea' id='block_1_93' title="bbox 2179 3595 3745 3672">
    <p class='ocr_par' dir='ltr' id='par_1_93' title="bbox 2179 3595 3745 3672">
     <span class='ocr_line' id='line_1_93' title="bbox 2179 3595 3745 3672; baseline 0.006 -27"><span class='ocrx_word' id='word_1_649' title='bbox 2179 3595 2429 3666; x_wconf 68' lang='grc' dir='ltr'><strong>εὐοσμία,</strong></span> <span class='ocrx_word' id='word_1_650' title='bbox 2466 3598 2656 3649; x_wconf 70' lang='grc' dir='ltr'><strong>έαυτδν</strong></span> <span class='ocrx_word' id='word_1_651' title='bbox 2692 3597 2776 3650; x_wconf 81' lang='grc' dir='ltr'><strong>διὰ</strong></span> <span class='ocrx_word' id='word_1_652' title='bbox 2818 3599 2909 3650; x_wconf 71' lang='grc' dir='ltr'><strong>τοῦ</strong></span> <span class='ocrx_word' id='word_1_653' title='bbox 2941 3600 3112 3669; x_wconf 81' lang='grc' dir='ltr'><strong>δώρου</strong></span> <span class='ocrx_word' id='word_1_654' title='bbox 3160 3601 3437 3672; x_wconf 85' lang='grc' dir='ltr'><strong>κηρύττει.</strong></span> <span class='ocrx_word' id='word_1_655' title='bbox 3509 3602 3745 3672; x_wconf 88' lang='grc' dir='ltr'><strong>Ἀγεώρ-</strong></span> 
     </span>
    </p>
   </div>
   <div class='ocr_carea' id='block_1_94' title="bbox 2176 3687 3745 3760">
    <p class='ocr_par' dir='ltr' id='par_1_94' title="bbox 2176 3687 3745 3760">
     <span class='ocr_line' id='line_1_94' title="bbox 2176 3687 3745 3760; baseline 0.006 -22"><span class='ocrx_word' id='word_1_656' title='bbox 2176 3704 2339 3755; x_wconf 91' lang='grc' dir='ltr'><strong>γητος</strong></span> <span class='ocrx_word' id='word_1_657' title='bbox 2366 3687 2472 3758; x_wconf 79' lang='grc' dir='ltr'><strong>γάρ</strong></span> <span class='ocrx_word' id='word_1_658' title='bbox 2508 3687 2604 3749; x_wconf 79' lang='grc' dir='ltr'><strong>ὢν,</strong></span> <span class='ocrx_word' id='word_1_659' title='bbox 2633 3689 2722 3741; x_wconf 81' lang='grc' dir='ltr'><strong>τὸν</strong></span> <span class='ocrx_word' id='word_1_660' title='bbox 2748 3690 3098 3760; x_wconf 80' lang='grc' dir='ltr'><strong>ἀγεώργητον</strong></span> <span class='ocrx_word' id='word_1_661' title='bbox 3124 3688 3264 3746; x_wconf 76' lang='grc' dir='ltr'>οἶνον</span> <span class='ocrx_word' id='word_1_662' title='bbox 3288 3694 3537 3746; x_wconf 87' lang='grc' dir='ltr'><strong>δέδωκεν.</strong></span> <span class='ocrx_word' id='word_1_663' title='bbox 3581 3695 3745 3747; x_wconf 77' lang='grc' dir='ltr'><strong>Ἐκεῖ-</strong></span> 
     </span>
    </p>
   </div>
   <div class='ocr_carea' id='block_1_95' title="bbox 2179 3778 3741 3854">
    <p class='ocr_par' dir='ltr' id='par_1_95' title="bbox 2179 3778 3741 3854">
     <span class='ocr_line' id='line_1_95' title="bbox 2179 3778 3741 3854; baseline 0.004 -23"><span class='ocrx_word' id='word_1_664' title='bbox 2179 3779 2269 3831; x_wconf 90' lang='grc' dir='ltr'><strong>θεν</strong></span> <span class='ocrx_word' id='word_1_665' title='bbox 2295 3780 2420 3841; x_wconf 84' lang='grc' dir='ltr'><strong>τοὺς</strong></span> <span class='ocrx_word' id='word_1_666' title='bbox 2444 3778 2762 3851; x_wconf 70' lang='grc' dir='ltr'><strong>ἀρρώστους</strong></span> <span class='ocrx_word' id='word_1_667' title='bbox 2795 3783 3066 3845; x_wconf 80' lang='grc' dir='ltr'><strong>ίᾶται,κα“ι</strong></span> <span class='ocrx_word' id='word_1_668' title='bbox 3092 3783 3235 3854; x_wconf 84' lang='grc' dir='ltr'><strong>λόγῳ</strong></span> <span class='ocrx_word' id='word_1_669' title='bbox 3268 3784 3384 3836; x_wconf 87' lang='grc' dir='ltr'><strong>λύει</strong></span> <span class='ocrx_word' id='word_1_670' title='bbox 3407 3785 3506 3847; x_wconf 68' lang='grc' dir='ltr'><strong>τὰς</strong></span> <span class='ocrx_word' id='word_1_671' title='bbox 3538 3787 3741 3850; x_wconf 78' lang='grc' dir='ltr'><strong>νόσους,</strong></span> 
     </span>
    </p>
   </div>
   <div class='ocr_carea' id='block_1_96' title="bbox 2177 3871 3739 3946">
    <p class='ocr_par' dir='ltr' id='par_1_96' title="bbox 2177 3871 3739 3946">
     <span class='ocr_line' id='line_1_96' title="bbox 2177 3871 3739 3946; baseline 0.005 -24"><span class='ocrx_word' id='word_1_672' title='bbox 2177 3872 2268 3923; x_wconf 76' lang='grc' dir='ltr'><strong>καὶ</strong></span> <span class='ocrx_word' id='word_1_673' title='bbox 2294 3871 2522 3940; x_wconf 83' lang='grc' dir='ltr'><strong>νεύματι</strong></span> <span class='ocrx_word' id='word_1_674' title='bbox 2551 3873 2660 3925; x_wconf 82' lang='grc' dir='ltr'><strong>τῶν</strong></span> <span class='ocrx_word' id='word_1_675' title='bbox 2694 3872 2883 3925; x_wconf 82' lang='grc' dir='ltr'><strong>παθῶν</strong></span> <span class='ocrx_word' id='word_1_676' title='bbox 2905 3875 3232 3928; x_wconf 85' lang='grc' dir='ltr'><strong>ἀπαλλάττει</strong></span> <span class='ocrx_word' id='word_1_677' title='bbox 3264 3878 3388 3939; x_wconf 74' lang='grc' dir='ltr'><strong>τοὺς</strong></span> <span class='ocrx_word' id='word_1_678' title='bbox 3418 3876 3739 3946; x_wconf 84' lang='grc' dir='ltr'><strong>κάμνοντας,</strong></span> 
     </span>
    </p>
   </div>
   <div class='ocr_carea' id='block_1_97' title="bbox 2177 3962 3740 4038">
    <p class='ocr_par' dir='ltr' id='par_1_97' title="bbox 2177 3962 3740 4038">
     <span class='ocr_line' id='line_1_97' title="bbox 2177 3962 3740 4038; baseline 0.006 -26"><span class='ocrx_word' id='word_1_679' title='bbox 2177 3963 2301 4024; x_wconf 71' lang='grc' dir='ltr'><strong>τοὺς</strong></span> <span class='ocrx_word' id='word_1_680' title='bbox 2355 3962 2727 4032; x_wconf 81' lang='grc' dir='ltr'><strong>δαιμονῶντας</strong></span> <span class='ocrx_word' id='word_1_681' title='bbox 2777 3965 2876 4033; x_wconf 81' lang='grc' dir='ltr'><strong>τῆς</strong></span> <span class='ocrx_word' id='word_1_682' title='bbox 2926 3966 3124 4036; x_wconf 88' lang='grc' dir='ltr'><strong>λύττης</strong></span> <span class='ocrx_word' id='word_1_683' title='bbox 3167 3967 3458 4038; x_wconf 76' lang='grc' dir='ltr'><strong>ἐλευθεροῖ,</strong></span> <span class='ocrx_word' id='word_1_684' title='bbox 3507 3969 3740 4022; x_wconf 84' lang='grc' dir='ltr'><strong>δείκνυσι</strong></span> 
     </span>
    </p>
   </div>
   <div class='ocr_carea' id='block_1_98' title="bbox 2175 4052 3739 4130">
    <p class='ocr_par' dir='ltr' id='par_1_98' title="bbox 2175 4052 3739 4130">
     <span class='ocr_line' id='line_1_98' title="bbox 2175 4052 3739 4130; baseline 0.008 -28"><span class='ocrx_word' id='word_1_685' title='bbox 2175 4052 2300 4112; x_wconf 58' lang='grc' dir='ltr'><strong>τους</strong></span> <span class='ocrx_word' id='word_1_686' title='bbox 2338 4054 2645 4121; x_wconf 83' lang='grc' dir='ltr'><strong>μεμηνότας</strong></span> <span class='ocrx_word' id='word_1_687' title='bbox 2692 4054 3114 4125; x_wconf 85' lang='grc' dir='ltr'><strong>καθεστηκότας,</strong></span> <span class='ocrx_word' id='word_1_688' title='bbox 3164 4059 3381 4127; x_wconf 70' lang='grc' dir='ltr'><strong>σφίγγει</strong></span> <span class='ocrx_word' id='word_1_689' title='bbox 3429 4061 3554 4122; x_wconf 71' lang='grc' dir='ltr'><strong>τοὺς</strong></span> <span class='ocrx_word' id='word_1_690' title='bbox 3603 4078 3739 4130; x_wconf 73' lang='grc' dir='ltr'><strong>παρα</strong></span> 
     </span>
    </p>
   </div>
   <div class='ocr_carea' id='block_1_99' title="bbox 2177 4143 3738 4219">
    <p class='ocr_par' dir='ltr' id='par_1_99' title="bbox 2177 4143 3738 4219">
     <span class='ocr_line' id='line_1_99' title="bbox 2177 4143 3738 4219; baseline 0.007 -26"><span class='ocrx_word' id='word_1_691' title='bbox 2177 4143 2442 4210; x_wconf 89' lang='grc' dir='ltr'><strong>ειμένους,</strong></span> <span class='ocrx_word' id='word_1_692' title='bbox 2476 4145 2767 4214; x_wconf 78' lang='grc' dir='ltr'><strong>ἀρτίποδας</strong></span> <span class='ocrx_word' id='word_1_693' title='bbox 2800 4149 2926 4209; x_wconf 74' lang='grc' dir='ltr'><strong>τοὺς</strong></span> <span class='ocrx_word' id='word_1_694' title='bbox 2953 4148 3160 4216; x_wconf 71' lang='grc' dir='ltr'><strong>χωλοὺς</strong></span> <span class='ocrx_word' id='word_1_695' title='bbox 3207 4151 3602 4219; x_wconf 82' lang='grc' dir='ltr'><strong>ἀπεργάζεται.</strong></span> <span class='ocrx_word' id='word_1_696' title='bbox 3635 4153 3738 4204; x_wconf 79' lang='grc' dir='ltr'><strong>δεί-</strong></span> 
     </span>
    </p>
   </div>
   <div class='ocr_carea' id='block_1_100' title="bbox 2174 4234 3738 4313">
    <p class='ocr_par' dir='ltr' id='par_1_100' title="bbox 2174 4234 3738 4313">
     <span class='ocr_line' id='line_1_100' title="bbox 2174 4234 3738 4313; baseline 0.007 -29"><span class='ocrx_word' id='word_1_697' title='bbox 2174 4251 2326 4286; x_wconf 86' lang='grc' dir='ltr'><strong>κνυσι</strong></span> <span class='ocrx_word' id='word_1_698' title='bbox 2353 4234 2442 4286; x_wconf 78' lang='grc' dir='ltr'><strong>τὸν</strong></span> <span class='ocrx_word' id='word_1_699' title='bbox 2476 4235 2623 4304; x_wconf 78' lang='grc' dir='ltr'><strong>ἥλιον</strong></span> <span class='ocrx_word' id='word_1_700' title='bbox 2645 4239 2755 4299; x_wconf 81' lang='grc' dir='ltr'><strong>τοῖς</strong></span> <span class='ocrx_word' id='word_1_701' title='bbox 2783 4237 2844 4289; x_wconf 81' lang='grc' dir='ltr'><strong>τὸ</strong></span> <span class='ocrx_word' id='word_1_702' title='bbox 2875 4238 3089 4307; x_wconf 82' lang='grc' dir='ltr'><strong>βλέπειν</strong></span> <span class='ocrx_word' id='word_1_703' title='bbox 3117 4242 3300 4313; x_wconf 74' lang='grc' dir='ltr'><strong>ἀφῃρη</strong></span> <span class='ocrx_word' id='word_1_704' title='bbox 3311 4243 3508 4311; x_wconf 81' lang='grc' dir='ltr'><strong>μένοις,</strong></span> <span class='ocrx_word' id='word_1_705' title='bbox 3541 4243 3738 4310; x_wconf 82' lang='grc' dir='ltr'><strong>ἀνοίγει</strong></span> 
     </span>
    </p>
   </div>
   <div class='ocr_carea' id='block_1_101' title="bbox 2173 4323 3738 4403">
    <p class='ocr_par' dir='ltr' id='par_1_101' title="bbox 2173 4323 3738 4403">
     <span class='ocr_line' id='line_1_101' title="bbox 2173 4323 3738 4403; baseline 0.006 -28"><span class='ocrx_word' id='word_1_706' title='bbox 2173 4323 2269 4385; x_wconf 70' lang='grc' dir='ltr'><strong>τὰς</strong></span> <span class='ocrx_word' id='word_1_707' title='bbox 2301 4324 2469 4393; x_wconf 77' lang='grc' dir='ltr'><strong>θύρας</strong></span> <span class='ocrx_word' id='word_1_708' title='bbox 2525 4326 2615 4378; x_wconf 77' lang='grc' dir='ltr'><strong>τοῦ</strong></span> <span class='ocrx_word' id='word_1_709' title='bbox 2647 4327 2898 4398; x_wconf 86' lang='grc' dir='ltr'><strong>σώματος</strong></span> <span class='ocrx_word' id='word_1_710' title='bbox 2943 4331 3009 4382; x_wconf 84' lang='grc' dir='ltr'><strong>δι’</strong></span> <span class='ocrx_word' id='word_1_711' title='bbox 3037 4325 3109 4383; x_wconf 82' lang='grc' dir='ltr'><strong>ὧν</strong></span> <span class='ocrx_word' id='word_1_712' title='bbox 3143 4333 3230 4383; x_wconf 75' lang='grc' dir='ltr'><strong>ἐπὶ</strong></span> <span class='ocrx_word' id='word_1_713' title='bbox 3254 4333 3320 4385; x_wconf 77' lang='grc' dir='ltr'><strong>τὰ</strong></span> <span class='ocrx_word' id='word_1_714' title='bbox 3349 4332 3452 4397; x_wconf 77' lang='grc' dir='ltr'><strong>ἔξω</strong></span> <span class='ocrx_word' id='word_1_715' title='bbox 3477 4335 3738 4403; x_wconf 84' lang='grc' dir='ltr'><strong>διαχεῖται</strong></span> 
     </span>
    </p>
   </div>
   <div class='ocr_carea' id='block_1_102' title="bbox 2170 4415 3739 4496">
    <p class='ocr_par' dir='ltr' id='par_1_102' title="bbox 2170 4415 3739 4496">
     <span class='ocr_line' id='line_1_102' title="bbox 2170 4415 3739 4496; baseline 0.011 -32"><span class='ocrx_word' id='word_1_716' title='bbox 2170 4415 2230 4465; x_wconf 80' lang='grc' dir='ltr'><strong>τὸ</strong></span> <span class='ocrx_word' id='word_1_717' title='bbox 2261 4416 2357 4483; x_wconf 84' lang='grc' dir='ltr'><strong>τῆς</strong></span> <span class='ocrx_word' id='word_1_718' title='bbox 2385 4415 2562 4485; x_wconf 59' lang='grc' dir='ltr'><strong>ψυχῆς</strong></span> <span class='ocrx_word' id='word_1_719' title='bbox 2597 4419 2838 4482; x_wconf 75' lang='grc' dir='ltr'><strong>ὀπτικδν,</strong></span> <span class='ocrx_word' id='word_1_720' title='bbox 2874 4423 2967 4474; x_wconf 77' lang='grc' dir='ltr'><strong>καὶ</strong></span> <span class='ocrx_word' id='word_1_721' title='bbox 2996 4423 3087 4474; x_wconf 83' lang='grc' dir='ltr'><strong>νῦν</strong></span> <span class='ocrx_word' id='word_1_722' title='bbox 3121 4424 3216 4492; x_wconf 85' lang='grc' dir='ltr'><strong>μὲν</strong></span> <span class='ocrx_word' id='word_1_723' title='bbox 3250 4425 3392 4496; x_wconf 84' lang='grc' dir='ltr'><strong>λόγῳ</strong></span> <span class='ocrx_word' id='word_1_724' title='bbox 3420 4427 3562 4495; x_wconf 78' lang='grc' dir='ltr'><strong>μόνῳ</strong></span> <span class='ocrx_word' id='word_1_725' title='bbox 3585 4428 3739 4482; x_wconf 77' lang='grc' dir='ltr'><strong>τοῦτο</strong></span> 
     </span>
    </p>
   </div>
   <div class='ocr_carea' id='block_1_103' title="bbox 2172 4509 3736 4590">
    <p class='ocr_par' dir='ltr' id='par_1_103' title="bbox 2172 4509 3736 4590">
     <span class='ocr_line' id='line_1_103' title="bbox 2172 4509 3736 4590; baseline 0.01 -33"><span class='ocrx_word' id='word_1_726' title='bbox 2172 4511 2332 4568; x_wconf 85' lang='grc' dir='ltr'><strong>ποιεῖ,</strong></span> <span class='ocrx_word' id='word_1_727' title='bbox 2361 4509 2450 4560; x_wconf 81' lang='grc' dir='ltr'><strong>τὸν</strong></span> <span class='ocrx_word' id='word_1_728' title='bbox 2489 4510 2653 4578; x_wconf 73' lang='grc' dir='ltr'><strong>πηλὸν</strong></span> <span class='ocrx_word' id='word_1_729' title='bbox 2679 4513 2768 4564; x_wconf 73' lang='grc' dir='ltr'><strong>τὸν</strong></span> <span class='ocrx_word' id='word_1_730' title='bbox 2797 4514 2905 4565; x_wconf 83' lang='grc' dir='ltr'><strong>τῶν</strong></span> <span class='ocrx_word' id='word_1_731' title='bbox 2940 4515 3202 4584; x_wconf 80' lang='grc' dir='ltr'><strong>ὀμμάτων</strong></span> <span class='ocrx_word' id='word_1_732' title='bbox 3249 4517 3530 4570; x_wconf 76' lang='grc' dir='ltr'><strong>ἐπίϐουλον</strong></span> <span class='ocrx_word' id='word_1_733' title='bbox 3559 4521 3736 4590; x_wconf 73' lang='grc' dir='ltr'><strong>ὀμμάο</strong></span> 
     </span>
    </p>
   </div>
   <div class='ocr_carea' id='block_1_104' title="bbox 2171 4597 3736 4682">
    <p class='ocr_par' dir='ltr' id='par_1_104' title="bbox 2171 4597 3736 4682">
     <span class='ocr_line' id='line_1_104' title="bbox 2171 4597 3736 4682; baseline 0.022 -34"><span class='ocrx_word' id='word_1_734' title='bbox 2171 4614 2274 4649; x_wconf 88' lang='grc' dir='ltr'><strong>των</strong></span> <span class='ocrx_word' id='word_1_735' title='bbox 2309 4597 2664 4671; x_wconf 74' lang='grc' dir='ltr'><strong>θεραπευτὴν,</strong></span> <span class='ocrx_word' id='word_1_736' title='bbox 2694 4605 2885 4673; x_wconf 70' lang='grc' dir='ltr'><strong>καὶτῴ</strong></span> <span class='ocrx_word' id='word_1_737' title='bbox 2934 4605 3174 4674; x_wconf 73' lang='grc' dir='ltr'><strong>πολεμίῳ</strong></span> <span class='ocrx_word' id='word_1_738' title='bbox 3222 4609 3497 4678; x_wconf 66' lang='grc' dir='ltr'><strong>φαρμάκῳ</strong></span> <span class='ocrx_word' id='word_1_739' title='bbox 3536 4613 3736 4682; x_wconf 79' lang='grc' dir='ltr'><strong>κέχρη-</strong></span> 
     </span>
    </p>
   </div>
   <div class='ocr_carea' id='block_1_105' title="bbox 2167 4689 3736 4767">
    <p class='ocr_par' dir='ltr' id='par_1_105' title="bbox 2167 4689 3736 4767">
     <span class='ocr_line' id='line_1_105' title="bbox 2167 4689 3736 4767; baseline 0.011 -30"><span class='ocrx_word' id='word_1_740' title='bbox 2167 4703 2272 4749; x_wconf 79' lang='grc' dir='ltr'><strong>ται,</strong></span> <span class='ocrx_word' id='word_1_741' title='bbox 2301 4689 2394 4739; x_wconf 79' lang='grc' dir='ltr'><strong>καὶ</strong></span> <span class='ocrx_word' id='word_1_742' title='bbox 2433 4689 2493 4742; x_wconf 86' lang='grc' dir='ltr'><strong>τὸ</strong></span> <span class='ocrx_word' id='word_1_743' title='bbox 2536 4690 2862 4763; x_wconf 84' lang='grc' dir='ltr'><strong>δηλητήριον</strong></span> <span class='ocrx_word' id='word_1_744' title='bbox 2915 4695 3266 4767; x_wconf 77' lang='grc' dir='ltr'><strong>ἀλεξητήριον</strong></span> <span class='ocrx_word' id='word_1_745' title='bbox 3308 4699 3580 4753; x_wconf 76' lang='grc' dir='ltr'><strong>δείκνυσιο</strong></span> <span class='ocrx_word' id='word_1_746' title='bbox 3623 4706 3736 4765; x_wconf 86' lang='grc' dir='ltr'><strong>ταῖς</strong></span> 
     </span>
    </p>
   </div>
   <div class='ocr_carea' id='block_1_106' title="bbox 2126 4779 3736 4864">
    <p class='ocr_par' dir='ltr' id='par_1_106' title="bbox 2126 4779 3736 4864">
     <span class='ocr_line' id='line_1_106' title="bbox 2126 4779 3736 4864; baseline 0.011 -35"><span class='ocrx_word' id='word_1_747' title='bbox 2126 4793 2152 4804; x_wconf 82' lang='lat'><strong><em>&quot;</em></strong></span> <span class='ocrx_word' id='word_1_748' title='bbox 2170 4779 2358 4841; x_wconf 83' lang='grc' dir='ltr'><strong>ἀκοαῖς</strong></span> <span class='ocrx_word' id='word_1_749' title='bbox 2389 4780 2766 4850; x_wconf 83' lang='grc' dir='ltr'><strong>καλουμέναις,</strong></span> <span class='ocrx_word' id='word_1_750' title='bbox 2791 4785 2850 4837; x_wconf 74' lang='grc' dir='ltr'><strong>τὸ</strong></span> <span class='ocrx_word' id='word_1_751' title='bbox 2877 4785 2932 4838; x_wconf 83' lang='grc' dir='ltr'><strong>δὲ</strong></span> <span class='ocrx_word' id='word_1_752' title='bbox 2961 4787 3177 4840; x_wconf 87' lang='grc' dir='ltr'><strong>ἀκούειν</strong></span> <span class='ocrx_word' id='word_1_753' title='bbox 3205 4790 3609 4861; x_wconf 72' lang='grc' dir='ltr'><strong>ἀφῃρημέναις,</strong></span> <span class='ocrx_word' id='word_1_754' title='bbox 3642 4793 3736 4864; x_wconf 76' lang='grc' dir='ltr'><strong>τὴν</strong></span> 
     </span>
    </p>
   </div>
   <div class='ocr_carea' id='block_1_107' title="bbox 2169 4869 3735 4954">
    <p class='ocr_par' dir='ltr' id='par_1_107' title="bbox 2169 4869 3735 4954">
     <span class='ocr_line' id='line_1_107' title="bbox 2169 4869 3735 4954; baseline 0.021 -35"><span class='ocrx_word' id='word_1_755' title='bbox 2169 4869 2374 4921; x_wconf 83' lang='grc' dir='ltr'><strong>οἰκείαν</strong></span> <span class='ocrx_word' id='word_1_756' title='bbox 2397 4871 2674 4942; x_wconf 81' lang='grc' dir='ltr'><strong>ἐνέργειαν</strong></span> <span class='ocrx_word' id='word_1_757' title='bbox 2697 4877 3217 4948; x_wconf 80' lang='grc' dir='ltr'><strong>ἐπιδίδωσι.”Αρτοις</strong></span> <span class='ocrx_word' id='word_1_758' title='bbox 3236 4880 3435 4948; x_wconf 78' lang='grc' dir='ltr'><strong>ὀλίγοις</strong></span> <span class='ocrx_word' id='word_1_759' title='bbox 3462 4885 3517 4933; x_wconf 71' lang='grc' dir='ltr'>ἐν</span> <span class='ocrx_word' id='word_1_760' title='bbox 3548 4885 3735 4954; x_wconf 76' lang='grc' dir='ltr'><strong>ἐρήμῳ</strong></span> 
     </span>
    </p>
   </div>
   <div class='ocr_carea' id='block_1_108' title="bbox 2171 4962 3734 5046">
    <p class='ocr_par' dir='ltr' id='par_1_108' title="bbox 2171 4962 3734 5046">
     <span class='ocr_line' id='line_1_108' title="bbox 2171 4962 3734 5046; baseline 0.01 -34"><span class='ocrx_word' id='word_1_761' title='bbox 2171 4962 2369 5024; x_wconf 84' lang='grc' dir='ltr'><strong>πολλὰς</strong></span> <span class='ocrx_word' id='word_1_762' title='bbox 2418 4965 2639 5034; x_wconf 79' lang='grc' dir='ltr'><strong>ἐκόρεσε</strong></span> <span class='ocrx_word' id='word_1_763' title='bbox 2668 4968 2929 5036; x_wconf 83' lang='grc' dir='ltr'><strong>χιλιάδας,</strong></span> <span class='ocrx_word' id='word_1_764' title='bbox 2965 4972 3088 5034; x_wconf 75' lang='grc' dir='ltr'><strong>τοὺς</strong></span> <span class='ocrx_word' id='word_1_765' title='bbox 3119 4972 3275 5024; x_wconf 75' lang='grc' dir='ltr'><strong>πέντε</strong></span> <span class='ocrx_word' id='word_1_766' title='bbox 3304 4975 3522 5041; x_wconf 84' lang='grc' dir='ltr'><strong>ἄρτους,</strong></span> <span class='ocrx_word' id='word_1_767' title='bbox 3549 4974 3734 5046; x_wconf 81' lang='grc' dir='ltr'><strong>ὥσπερ</strong></span> 
     </span>
    </p>
   </div>
   <div class='ocr_carea' id='block_1_109' title="bbox 2171 5051 3732 5134">
    <p class='ocr_par' dir='ltr' id='par_1_109' title="bbox 2171 5051 3732 5134">
     <span class='ocr_line' id='line_1_109' title="bbox 2171 5051 3732 5134; baseline 0.011 -33"><span class='ocrx_word' id='word_1_768' title='bbox 2171 5051 2247 5113; x_wconf 87' lang='grc' dir='ltr'><strong>εἰς</strong></span> <span class='ocrx_word' id='word_1_769' title='bbox 2275 5052 2511 5122; x_wconf 81' lang='grc' dir='ltr'><strong>ἄρουραν</strong></span> <span class='ocrx_word' id='word_1_770' title='bbox 2549 5058 2769 5127; x_wconf 84' lang='grc' dir='ltr'><strong>σπέρμα</strong></span> <span class='ocrx_word' id='word_1_771' title='bbox 2790 5101 2804 5124; x_wconf 92' lang='grc'><strong>,</strong></span> <span class='ocrx_word' id='word_1_772' title='bbox 2833 5063 2949 5123; x_wconf 87' lang='grc' dir='ltr'><strong>ταῖς</strong></span> <span class='ocrx_word' id='word_1_773' title='bbox 2989 5064 3175 5132; x_wconf 69' lang='grc' dir='ltr'><strong>χερσὶν</strong></span> <span class='ocrx_word' id='word_1_774' title='bbox 3205 5063 3478 5132; x_wconf 74' lang='grc' dir='ltr'><strong>ἐμϐαλὼν,</strong></span> <span class='ocrx_word' id='word_1_775' title='bbox 3513 5067 3605 5116; x_wconf 75' lang='grc' dir='ltr'><strong>καὶ</strong></span> <span class='ocrx_word' id='word_1_776' title='bbox 3638 5066 3732 5134; x_wconf 74' lang='grc' dir='ltr'><strong>τῆς</strong></span> 
     </span>
    </p>
   </div>
   <div class='ocr_carea' id='block_1_110' title="bbox 2163 5141 3730 5223">
    <p class='ocr_par' dir='ltr' id='par_1_110' title="bbox 2163 5141 3730 5223">
     <span class='ocr_line' id='line_1_110' title="bbox 2163 5141 3730 5223; baseline 0.011 -32"><span class='ocrx_word' id='word_1_777' title='bbox 2163 5141 2408 5208; x_wconf 84' lang='grc' dir='ltr'><strong>γλώττης</strong></span> <span class='ocrx_word' id='word_1_778' title='bbox 2434 5146 2528 5214; x_wconf 79' lang='grc' dir='ltr'><strong>τὴν</strong></span> <span class='ocrx_word' id='word_1_779' title='bbox 2554 5148 2803 5215; x_wconf 73' lang='grc' dir='ltr'><strong>εὐλογίαν</strong></span> <span class='ocrx_word' id='word_1_780' title='bbox 2834 5147 2943 5204; x_wconf 72' lang='grc' dir='ltr'><strong>οἷόν</strong></span> <span class='ocrx_word' id='word_1_781' title='bbox 2974 5171 3024 5204; x_wconf 83' lang='grc' dir='ltr'><strong>τι</strong></span> <span class='ocrx_word' id='word_1_782' title='bbox 3056 5155 3212 5219; x_wconf 75' lang='grc' dir='ltr'><strong>νέφος</strong></span> <span class='ocrx_word' id='word_1_783' title='bbox 3249 5156 3564 5223; x_wconf 78' lang='grc' dir='ltr'><strong>ἐπαγαγὼν,</strong></span> <span class='ocrx_word' id='word_1_784' title='bbox 3600 5157 3730 5209; x_wconf 79' lang='grc' dir='ltr'><strong>δασὺ</strong></span> 
     </span>
    </p>
   </div>
   <div class='ocr_carea' id='block_1_111' title="bbox 2163 5232 3728 5311">
    <p class='ocr_par' dir='ltr' id='par_1_111' title="bbox 2163 5232 3728 5311">
     <span class='ocr_line' id='line_1_111' title="bbox 2163 5232 3728 5311; baseline 0.011 -30"><span class='ocrx_word' id='word_1_785' title='bbox 2163 5232 2254 5282; x_wconf 71' lang='grc' dir='ltr'><strong>καὶ</strong></span> <span class='ocrx_word' id='word_1_786' title='bbox 2299 5232 2432 5300; x_wconf 69' lang='grc' dir='ltr'><strong>βαθὺ</strong></span> <span class='ocrx_word' id='word_1_787' title='bbox 2465 5235 2610 5304; x_wconf 81' lang='grc' dir='ltr'><strong>λήϊον</strong></span> <span class='ocrx_word' id='word_1_788' title='bbox 2659 5241 2750 5290; x_wconf 71' lang='grc' dir='ltr'><strong>καὶ</strong></span> <span class='ocrx_word' id='word_1_789' title='bbox 2782 5239 2892 5293; x_wconf 65' lang='lat' dir='ltr'><strong>ana</strong></span> <span class='ocrx_word' id='word_1_790' title='bbox 2925 5242 3104 5311; x_wconf 80' lang='grc' dir='ltr'><strong>πλήρη</strong></span> <span class='ocrx_word' id='word_1_791' title='bbox 3134 5243 3230 5306; x_wconf 81' lang='grc' dir='ltr'><strong>τὰς</strong></span> <span class='ocrx_word' id='word_1_792' title='bbox 3269 5246 3376 5297; x_wconf 79' lang='grc' dir='ltr'><strong>τῶν</strong></span> <span class='ocrx_word' id='word_1_793' title='bbox 3421 5247 3728 5300; x_wconf 84' lang='grc' dir='ltr'><strong>ἀποστόλων</strong></span> 
     </span>
    </p>
   </div>
   <div class='ocr_carea' id='block_1_112' title="bbox 2163 5323 3728 5405">
    <p class='ocr_par' dir='ltr' id='par_1_112' title="bbox 2163 5323 3728 5405">
     <span class='ocr_line' id='line_1_112' title="bbox 2163 5323 3728 5405; baseline 0.013 -34"><span class='ocrx_word' id='word_1_794' title='bbox 2163 5323 2350 5391; x_wconf 77' lang='grc' dir='ltr'><strong>χεῖρας</strong></span> <span class='ocrx_word' id='word_1_795' title='bbox 2394 5323 2701 5395; x_wconf 74' lang='grc' dir='ltr'><strong>ἀπέφηνεν,</strong></span> <span class='ocrx_word' id='word_1_796' title='bbox 2735 5327 2846 5382; x_wconf 77' lang='grc' dir='ltr'><strong>ἅλω</strong></span> <span class='ocrx_word' id='word_1_797' title='bbox 2878 5332 2937 5382; x_wconf 77' lang='grc' dir='ltr'><strong>οὐ</strong></span> <span class='ocrx_word' id='word_1_798' title='bbox 2972 5333 3138 5385; x_wconf 84' lang='grc' dir='ltr'><strong>πτύου</strong></span> <span class='ocrx_word' id='word_1_799' title='bbox 3180 5335 3442 5405; x_wconf 81' lang='grc' dir='ltr'><strong>δεομένην</strong></span> <span class='ocrx_word' id='word_1_800' title='bbox 3485 5339 3578 5389; x_wconf 74' lang='grc' dir='ltr'><strong>καὶ</strong></span> <span class='ocrx_word' id='word_1_801' title='bbox 3623 5340 3728 5390; x_wconf 85' lang='grc' dir='ltr'><strong>δια-</strong></span> 
     </span>
    </p>
   </div>
   <div class='ocr_carea' id='block_1_113' title="bbox 2163 5416 3725 5498">
    <p class='ocr_par' dir='ltr' id='par_1_113' title="bbox 2163 5416 3725 5498">
     <span class='ocr_line' id='line_1_113' title="bbox 2163 5416 3725 5498; baseline 0.012 -34"><span class='ocrx_word' id='word_1_802' title='bbox 2163 5416 2414 5482; x_wconf 83' lang='grc' dir='ltr'><strong>κρίσεως,</strong></span> <span class='ocrx_word' id='word_1_803' title='bbox 2448 5421 2506 5470; x_wconf 84' lang='grc' dir='ltr'><strong>ού</strong></span> <span class='ocrx_word' id='word_1_804' title='bbox 2541 5421 2706 5488; x_wconf 84' lang='grc' dir='ltr'><strong>μύτου</strong></span> <span class='ocrx_word' id='word_1_805' title='bbox 2735 5426 2826 5477; x_wconf 72' lang='grc' dir='ltr'><strong>καὶ</strong></span> <span class='ocrx_word' id='word_1_806' title='bbox 2874 5427 3120 5496; x_wconf 83' lang='grc' dir='ltr'><strong>μάκτρας</strong></span> <span class='ocrx_word' id='word_1_807' title='bbox 3153 5431 3240 5480; x_wconf 72' lang='grc' dir='ltr'><strong>καὶ</strong></span> <span class='ocrx_word' id='word_1_808' title='bbox 3277 5430 3447 5498; x_wconf 72' lang='grc' dir='ltr'><strong>πυρὸς</strong></span> <span class='ocrx_word' id='word_1_809' title='bbox 3487 5431 3577 5482; x_wconf 72' lang='grc' dir='ltr'><strong>καὶ</strong></span> <span class='ocrx_word' id='word_1_810' title='bbox 3615 5431 3725 5482; x_wconf 85' lang='grc' dir='ltr'><strong>κλι-</strong></span> 
     </span>
    </p>
   </div>
   <div class='ocr_carea' id='block_1_114' title="bbox 2161 5723 3721 5845">
    <p class='ocr_par' dir='ltr' id='par_1_114' title="bbox 2161 5723 3721 5845">
     <span class='ocr_line' id='line_1_114' title="bbox 2161 5723 3721 5845; baseline 0.032 -75"><span class='ocrx_word' id='word_1_811' title='bbox 2161 5723 2369 5845; x_wconf 52' lang='lat' dir='ltr'><strong>sr-cptinii</strong></span> <span class='ocrx_word' id='word_1_812' title='bbox 2416 5726 2675 5785; x_wconf 78' lang='lat' dir='ltr'><strong>edidimus</strong></span> <span class='ocrx_word' id='word_1_813' title='bbox 2713 5733 2761 5785; x_wconf 85' lang='lat' dir='ltr'><strong>in</strong></span> <span class='ocrx_word' id='word_1_814' title='bbox 2797 5733 3073 5806; x_wconf 41' lang='grc' dir='ltr'><strong>θηλώ-ἐρῶ</strong></span> <span class='ocrx_word' id='word_1_815' title='bbox 3117 5740 3290 5808; x_wconf 61' lang='lat' dir='ltr'><strong>Rom.</strong></span> <span class='ocrx_word' id='word_1_816' title='bbox 3346 5759 3379 5799; x_wconf 68' lang='grc' dir='ltr'><strong>ιι</strong></span> <span class='ocrx_word' id='word_1_817' title='bbox 3421 5748 3544 5813; x_wconf 61' lang='grc' dir='ltr'><strong>ΠΗ,</strong></span> <span class='ocrx_word' id='word_1_818' title='bbox 3587 5753 3721 5805; x_wconf 49' lang='lat' dir='ltr'><strong>nihil</strong></span> 
     </span>
     <span class='ocr_line' id='line_1_115' title="bbox 2181 5807 2338 5845; baseline 0.019 -3"><span class='ocrx_word' id='word_1_819' title='bbox 2181 5807 2300 5845; x_wconf 79' lang='lat' dir='ltr'><strong>men</strong></span> <span class='ocrx_word' id='word_1_820' title='bbox 2326 5831 2338 5844; x_wconf 88' lang='lat'><strong>.</strong></span> 
     </span>
    </p>
   </div>
   <div class='ocr_carea' id='block_1_115' title="bbox 2181 5807 2338 5846">
    <p class='ocr_par' dir='ltr' id='par_1_115' title="bbox 2181 5807 2338 5846">
     <span class='ocr_line' id='line_1_116' title="bbox 2181 5807 2338 5846; baseline 0.013 -4"><span class='ocrx_word' id='word_1_821' title='bbox 2181 5807 2338 5846; x_wconf 76' lang='lat' dir='ltr'><strong>mem.</strong></span> 
     </span>
    </p>
   </div>
  </div>
