4058 6328
329 455 464 510 Ηιῖὃ

1489 449 1578 507 DE
1619 448 2140 509 INCARNATIONE
2180 447 2438 506 DOMINI.

3474 446 3617 504 ΗΕΒ

327 570 518 633 δάνον,
570 567 685 622 ἀλλ’
729 566 927 628 αὐτοὺς
976 565 1100 629 τοὺς
1153 565 1352 633 ἄρτους
1403 565 1674 636 βρύουσάν
1714 586 1773 621 τε
1815 569 1910 621 καὶ

2032 581 2183 622 mnes
2235 565 2637 637 germinantem
2689 569 2854 634 atque
2907 569 3272 618 eructaotem.
3330 561 3510 631 Atque
3555 575 3619 621 ut

329 658 717 730 πηγάζουσαν·
768 657 860 708 καὶ
904 657 992 710 ἵνα
1039 658 1098 709 ἐν
1138 655 1421 726 κεφαλαίῳ
1469 657 1630 720 sine).
1674 659 1906 728 αἵματος

330 750 556 820 ιστησεν
598 748 823 818 ὀχετοὺς
852 747 951 818 τὴν
1001 748 1144 800 ίασιν
1174 748 1354 800 ἑκοντὶ
1395 747 1682 818 συληθείς·
1736 749 1907 819 κόρην

333 843 506 910 ἄωρον
531 841 875 911 ἁρπαγεῖσαν
905 839 1008 890 ὑπὸ
1031 837 1259 892 θανάτου
1286 838 1380 891 καὶ
1409 839 1782 911 πενθουμένην
1804 840 1910 893 ύπδ

331 934 438 987 τῶν
470 932 686 987 οἰκείων
723 931 1082 1000 ἀνθαρπάσας
1106 933 1217 994 τοῖς
1248 932 1485 1002 φύσασιν
1522 932 1868 985 ἀποδέδωκεν
1891 947 1907 964 ο

331 1025 517 1096 ἕτερον
565 1023 782 1076 νεανίαν
828 1025 908 1084 είς
954 1022 1046 1075 τὸν
1093 1024 1262 1091 τάφον
1302 1022 1790 1094 προπεμπόμενον,
1831 1025 1910 1086 εἰς

333 1099 479 1184 ζωὴν
505 1116 842 1183 ἐπανήγαγε,
876 1115 971 1167 καὶ
1002 1116 1082 1177 εἰς
1106 1114 1280 1185 χαρὰν
1309 1115 1369 1167 τὸ
1395 1115 1589 1178 πένθος
1621 1115 1909 1185 μετέϐαλε,

332 1206 426 1259 καὶ
452 1206 542 1259 τὸν
574 1206 859 1274 ἐπιτάφιον
889 1205 1087 1276 θρῆνον
1117 1206 1198 1268 είς
1219 1204 1404 1275 ὓμνων
1439 1205 1596 1277 λόγον
1627 1207 1912 1278 γαμηλίων

331 1298 525 1368 ἐτρεψε
544 1313 558 1327 -
589 1297 683 1350 καὶ
711 1296 801 1348 τὸν
831 1295 1042 1366 δυσώδη
1072 1296 1269 1367 νεκρὸν
1320 1298 1458 1367 μετὰ
1507 1298 1775 1370 τετάρτην
1814 1301 1913 1370 τῆς

331 1389 588 1457 τελευτῆς
624 1390 689 1441 ἐκ
718 1387 818 1457 τῆς
851 1386 1026 1458 θήκης
1058 1388 1316 1459 ἐξήγαγε,
1348 1391 1442 1440 καὶ
1473 1389 1563 1441 τὸν
1597 1389 1913 1460 πεπεδημέ-

335 1499 424 1534 νον
452 1479 686 1550 βαδίζειν
717 1479 1024 1542 ἐκέλευσεν,
1052 1479 1146 1532 καὶ
1172 1479 1518 1551 παραχρῆμα
1547 1479 1575 1532 ὃ
1603 1497 1661 1532 τε
1680 1479 1916 1542 θάνατος

335 1573 750 1646 ἐδραπέτευσεν,
801 1574 895 1626 καὶ
942 1575 971 1625 ὸ
1004 1571 1194 1643 νεκρὸς
1234 1572 1436 1642 έδραμε
1483 1576 1584 1642 τῆς
1618 1573 1917 1641 σηπεδόνος

334 1663 702 1732 ἀπαλλαγεὶς,
756 1665 851 1717 καὶ
897 1665 997 1733 τὴν
1055 1663 1153 1732 τῆς
1221 1663 1514 1732 σηπεδόνος
1575 1663 1918 1732 ἀποθέμενος

333 1756 620 1818 δυσωδίαν,
663 1757 756 1809 καὶ
781 1754 879 1820 τάς
907 1754 1002 1808 τοῦ
1034 1754 1265 1808 θανάτου
1293 1755 1465 1819 πύλας
1495 1753 1796 1824 διαφυγὼν,
1821 1755 1919 1808 καὶ

337 1847 444 1900 ὑπὸ
484 1846 592 1900 τῶν
620 1847 836 1918 δεσμῶν
869 1848 1085 1916 τρέχειν
1111 1847 1170 1899 ού
1203 1849 1567 1918 κωλυόμενος,
1596 1850 1691 1902 καὶ
1715 1847 1792 1919 τῷ
1819 1851 1918 1919 μὲν

2008 641 2174 714 τάδε
2206 657 2275 712 ad
2319 655 2706 728 compendium
2736 655 3041 720 conferam,
3087 654 3373 726 sanguinis
3405 654 3616 710 ﬂuxmn

2009 752 2274 816 cohibuit,
2305 751 2539 805 sanitate
2590 750 2659 803 ab
2684 763 2750 804 eo
2785 758 2979 817 sponte
3029 747 3274 819 quidem,
3312 747 3408 802 sed
3457 750 3618 817 quasi

2013 844 2224 906 furtim,
2259 842 2576 912 impetrata.
2604 839 2847 895 Puellam
2881 840 3223 908 impuberem
3258 850 3434 894 morte
3459 840 3623 893 bre-

2012 947 2158 1005 ptam
2187 973 2202 999 ,
2235 943 2289 988 et
2316 949 2344 986 a
2376 933 2490 990 suis
2525 932 2799 998 deﬂetam,
2827 931 3069 987 vicissim
3115 930 3379 1000 eripiens,
3424 945 3623 1001 paren-

2016 1031 2160 1085 tibus
2205 1027 2462 1082 reddidit.
2502 1026 2682 1080 Alium
2728 1025 3128 1080 adolescentem
3167 1024 3236 1077 ad
3280 1022 3618 1087 sepulturam

2014 1122 2240 1185 elatum,
2273 1120 2395 1173 vitae
2430 1119 2692 1181 restituit,
2739 1116 2881 1172 etin
2933 1116 3191 1186 gaudium
3243 1115 3447 1169 luctum
3490 1128 3623 1170 eon-

2015 1212 2199 1274 vertit,
2232 1220 2287 1266 et
2313 1207 2595 1264 funebrem
2631 1207 3082 1262 lamentationem
3115 1205 3169 1260 in
3207 1203 3481 1273 nuptiales
3521 1206 3622 1276 hy-

2017 1317 2173 1356 mnos
2214 1299 2616 1355 transmutavit.
2675 1297 2945 1352 Praeterea
3014 1295 3190 1350 fetens
3253 1303 3372 1366 post
3406 1296 3623 1364 quatri-

2018 1394 2184 1448 duum
2231 1395 2299 1447 ab
2333 1392 2481 1446 obitu
2511 1391 2748 1445 cadaver
2793 1404 2861 1445 ex
2901 1404 3027 1444 arca
3061 1389 3272 1452 eduxit,
3317 1397 3370 1441 ct
3415 1387 3626 1442 institis

2019 1488 2282 1557 illigatum
2332 1485 2613 1540 ambulare
2648 1485 2847 1556 jussit;
2910 1499 3080 1555 reque
3133 1499 3262 1538 vera
3306 1482 3628 1553 diffugiente

2019 1590 2213 1646 morte,
2247 1588 2497 1634 mortuus
2526 1577 2807 1643 discurrit,
2852 1576 3144 1647 putredine
3187 1574 3345 1642 liber,
3375 1577 3629 1644 putredi-

2020 1671 2214 1741 nisque
2268 1669 2444 1726 fetore
2495 1669 2784 1738 deposito,
2814 1682 2866 1723 ιο
2912 1668 3106 1722 mortis
3157 1667 3346 1735 jannis
3400 1667 3623 1722 evasit:

2022 1772 2187 1833 atque
2221 1762 2295 1816 ita
2327 1760 2470 1816 haud
2497 1759 2612 1829 jam
2646 1760 2895 1829 ligaturis
2925 1775 2954 1814 a
2986 1775 3148 1814 cursu
3198 1759 3529 1829 prohibitus,
3568 1771 3628 1815 et

2023 1867 2052 1905 a
2098 1852 2323 1908 funereo
2353 1851 2513 1907 faciei
2557 1852 2675 1907 velo
2726 1852 2870 1907 haud
2924 1851 3125 1906 diutius
3168 1854 3289 1907 visu
3337 1851 3624 1922 spoliatus,

332 1938 430 1992 τοῦ
462 1916 754 2008 προσώπου
802 1937 1122 2008 καλύμματι
1168 1939 1230 1990 τὸ
1277 1916 1495 2009 βλέπειν
1539 1916 1915 2011 ἀφῃρημένος,

2032 1947 2140 2001 sine
2181 1945 2289 2000 ullo
2321 1945 2734 2016 impedimento,
2780 1943 2850 2001 ad
2900 1955 3212 2010 vocantem,
3259 1916 3452 2017 agnita
3492 1959 3627 2001 voce

336 2029 631 2092 ἀκωλύτως
662 2029 719 2083 δὲ
744 2029 953 2101 τρέχων
988 2030 1128 2100 πρὸς
1165 2031 1257 2083 τὸν
1304 2031 1634 2096 καλέσαντα,
1686 2033 1783 2085 καὶ
1821 2030 1888 2102 τὴ

335 2122 674 2191 Δεσποτικην
704 2119 1086 2190 ἐπιγινώσκων
1115 2123 1321 2194 φωνήν.
1856 2139 1864 2149 ·

341 2238 483 2306 KG’.
504 2238 624 2290 Ὀτι
645 2238 942 2304 ἑκουσίως
966 2239 1039 2292 τὰ
1061 2237 1328 2307 σωτήρια
1347 2239 1510 2298 πάθη
1532 2225 1918 2302 κατεδέξατο.

410 2415 506 2470 Διά
537 2415 742 2469 τούτων
774 2415 867 2469 καὶ
892 2414 1068 2490 ἄλλων
1108 2412 1256 2485 [cod.
1295 2412 1406 2465 τῶν
1436 2428 1533 2483 pro
1558 2410 1759 2484 ἄλλων]
1786 2411 1920 2464 θαυ-

342 2508 550 2580 μάτων,
579 2506 686 2560 τῶν
730 2506 1073 2576 ἐπαγγελιῶν
1106 2505 1432 2576 ἐμπεδὼσας
1456 2504 1514 2557 τὸ
1549 2504 1798 2574 μέγεθος,
1831 2503 1922 2556 καὶ

338 2597 432 2650 τὸν
462 2596 622 2665 χορὸν
645 2595 754 2648 τῶν
780 2594 1097 2647 ἀποστόλων
1124 2597 1204 2657 εις
1236 2593 1440 2664 ἀρετὴν
1471 2592 1918 2662 παιδοτριϐήσας,

340 2686 670 2758 προστρέχει
729 2689 843 2748 τοῖς
898 2684 1271 2754 ἀναγράπτοις
1322 2684 1550 2738 πάθεσιν
1604 2683 1921 2753 ἐθελοντήςο

339 2778 604 2841 πολλάκις
658 2777 759 2846 μὲν
801 2775 977 2829 ταῦτα
1016 2779 1130 2839 τοῖς
1187 2779 1472 2846 φοιτηταῖς
1522 2774 1920 2845 προμηνύσας,

338 2871 673 2939 ἐπιτιμήσας
708 2868 766 2920 δὲ
789 2866 865 2937 τῷ
891 2868 1105 2937 Πέτρῳ,
1131 2865 1250 2936 μεθ’
1277 2865 1472 2937 ἡδονῆς
1501 2868 1577 2936 μὴ
1613 2864 1921 2928 καταδεξαοο

341 2963 488 3032 μένῳ
536 2961 603 3014 τὰ
632 2960 739 3013 τῶν
784 2957 972 3011 παθῶν
1004 2958 1321 3026 εὐαγγέλια,
1370 2960 1465 3011 καὶ¹
1511 2958 1691 3021 δείξας
1724 2957 1798 3019 ὼς
1835 2956 1926 3009 διὰ.

335 3055 542 3108 τούτων
571 3051 930 3122 κατορθοῦται
965 3052 1065 3120 τῆς
1103 3050 1432 3121 οἰκουμένης
1467 3051 1500 3120 ἠ
1533 3049 1780 3118 σωτηρία
1802 3065 1814 3076 ·
1843 3047 1924 3100 διὸ

337 3147 566 3208 καὶτοῖς
595 3143 914 3198 ἐπελθοῦσιν
952 3143 1143 3196 ἑαυτὸν
1178 3142 1460 3206 ὑπέδειξεν
1494 3142 1668 3210 λέγων
1688 3159 1699 3171 ·
1739 3162 1756 3193 ι
1783 3140 1926 3209 Ἐγώ

2027 2036 2330 2102 Dominica,
2355 2038 2614 2092 accurrit.

2024 2235 2216 2294 XXVI.
2260 2239 2421 2304 Quod
2462 2247 2648 2306 sponte
2698 2235 2930 2308 (Iesus)
2978 2236 3271 2291 salutarem
3325 2238 3656 2304 passionem:

2681 2311 2966 2376 exceperit.

2097 2417 2192 2473 llis
2216 2417 2448 2488 aliisque
2478 2418 2757 2472 miraculis
2788 2417 3212 2487 promissionum
3254 2433 3479 2474 suarum
3514 2435 3631 2474 ma-

2024 2510 2309 2581 gnitudine
2346 2509 2694 2576 conﬁrmata,
2728 2518 2782 2564 et
2813 2510 3188 2580 apostolorum
3223 2511 3397 2566 choro
3429 2511 3497 2567 ad
3519 2511 3631 2568 vir-

2028 2609 2195 2655 tutem
2240 2602 2477 2666 erudito,
2530 2609 2725 2669 sponte
2770 2602 3016 2656 accurrit
3055 2603 3124 2656 ad
3168 2617 3263 2657 eas
3294 2618 3416 2673 quae
3458 2603 3526 2658 de
3558 2598 3632 2658 ’ρο

2025 2694 2243 2760 scriptae
2290 2691 2503 2746 fuerant
2547 2692 2767 2763 839m
2819 2696 3134 2762 passiones;
3178 2709 3313 2761 quas
3356 2708 3498 2763 satpe
3544 2696 3630 2748 di-

2025 2784 2250 2851 scipulis
2276 2785 2391 2837 suis
2425 2787 2908 2852 praenuntiaverat,
2953 2782 3119 2838 Petro
3151 2786 3317 2839 etiam
3363 2785 3633 2854 increpito

2027 2876 2116 2943 qui
2166 2875 2306 2928 haud
2355 2874 2588 2929 libenter
2633 2876 2947 2944 passionum
2983 2878 3232 2932 nuntium
3282 2877 3630 2948 excipiebat;

2028 2966 2405 3019 demonstrans
2447 2967 2683 3036 denique
2730 2968 2965 3023 salutem
3015 2971 3204 3024 mundi
3237 2984 3334 3037 per
3377 2971 3475 3024 has
3500 2987 3634 3026 con-

2030 3057 2167 3111 iieri.
2219 3056 2510 3125 Propterea
2567 3067 2621 3111 et
2669 3059 3086 3113 advenientibus
3148 3069 3321 3115 semet
3374 3061 3630 3115 exhibuit

2030 3148 2216 3201 dicens
2250 3166 2264 3200 :
2305 3168 2323 3199 ι
2361 3149 2470 3218 Ego
2498 3165 2615 3203 sum
2646 3166 2806 3219 quem
2836 3152 3082 3220 qnznritis
3106 3153 3174 3207 ⁸⁸.
3203 3172 3220 3204 ι
3253 3153 3314 3206 Ει
3343 3162 3634 3208 accusatus

337 3240 454 3306 εξμι
481 3237 539 3289 ὃν
567 3235 803 3306 ζητεῖτε.
836 3253 854 3286 s
879 3235 988 3287 Καὶ
1010 3235 1485 3304 κατηγορούμενος
1515 3235 1614 3286 οὐκ
1648 3234 1922 3298 ἀντεῖπεν,

2032 3253 2133 3292 ιιοη
2164 3242 2462 3308 respondit,
2499 3252 2702 3294 etcum
2739 3256 2922 3312 posset
2956 3243 3146 3312 latere,
3186 3244 3396 3311 noluit;
3451 3262 3631 3314 qum-

339 3330 435 3384 xai.
476 3328 774 3396 δυνάμενος
821 3325 1030 3383 λαθεῖν.
1075 3325 1234 3378 τοῦτο
1285 3329 1455 3376 ποιεῖν
1492 3327 1593 3377 οὑκ
1634 3326 1924 3395 ἠνέσχετο·

339 3422 434 3475 καὶ
465 3420 640 3473 ταῦτα
682 3418 940 3481 πολλάκις
964 3418 1128 3487 ἡνίκα
1154 3416 1431 3486 ἠϐουλήθη
1461 3416 1771 3484 διαφυγών
1793 3417 1930 3470 ἀλλὰ

339 3514 435 3567 καὶ
468 3513 643 3564 κλαίει
677 3511 776 3581 μὲν
805 3509 904 3580 τὴν
939 3508 1318 3579 Ἰερουσαλὴμ,
1351 3508 1426 3570 ὼς
1451 3508 1514 3578 δὴ
1543 3510 1642 3579 τῆς
1673 3509 1931 3573 ἀπιστίας

339 3604 734 3671 ἐπισπωμένης
782 3599 878 3651 τὸν
909 3599 1152 3668 ὄλεθρον,
1201 3597 1643 3668 καταψηφίζεται
1693 3599 1749 3651 δὲ
1789 3617 1929 3652 παν-

341 3696 617 3766 ωλεθρίως
663 3693 758 3745 τοῦ
794 3693 1233 3763 πολυθρυλλήτου
1280 3691 1450 3745 πάλαι
1491 3691 1626 3744 νεώ·
1676 3693 1929 3762 ἀνέχεται

343 3788 438 3839 καὶ
471 3785 564 3837 ἐπὶ
590 3787 766 3854 κάρης
796 3782 954 3854 [cod.
983 3783 1154 3852 κόρης
1180 3779 1202 3852 ]
1240 3781 1556 3851 παιόμενος,
1598 3781 1702 3834 ὑπὸ
1731 3781 1928 3851 διπλῆν

341 3876 587 3931 δουλείαν
617 3875 958 3937 δουλεύοντος
988 3873 1134 3944 [cod.
1167 3872 1535 3944 δουλεύοντες]
1565 3873 1929 3943 κολαφιζόμε-

342 3988 467 4036 νος,
534 3969 943 4037 ἐμπτυόμενος,
992 3964 1411 4034 ὀνειδιζόμενος,
1474 3965 1926 4034 στρεϐλούμενος,

348 4060 814 4132 μαστιγούμενος,
868 4060 960 4110 καὶ
1011 4059 1073 4110 τὸ
1123 4059 1434 4111 τελευταῖον
1501 4058 1924 4128 σταυρούμενος,

345 4155 440 4208 xui.
472 4155 766 4223 λαμϐάνων
803 4152 1006 4222 λῃστὰς
1051 4152 1149 4221 τῆς
1182 4151 1452 4222 τιμωρίας
1479 4152 1770 4214 κοινωνοὺς
1802 4152 1929 4204 ἑκα-

343 4245 607 4317 τέρωθεν,
635 4245 728 4297 καὶ
756 4243 1102 4312 ἀνδροφόνοις
1143 4245 1236 4296 καὶ
1268 4243 1601 4314 κακούργοις
1634 4243 1927 4295 συνταττό-

350 4354 531 4407 μενος,
566 4337 658 4389 κα¹ι
682 4335 801 4399 ὅξος
835 4337 929 4387 καὶ
970 4335 1130 4405 χολὴν
1163 4335 1310 4404 παρὰ
1335 4333 1428 4388 τοῦ
1464 4333 1636 4387 κακοῦ
1669 4335 1928 4404 ἀμπελῶ-

346 4447 435 4492 νος
462 4428 867 4500 καρπούμενος,
911 4429 1002 4479 καὶ
1036 4427 1297 4490 ἀκάνθαις
1346 4427 1467 4479 ἀντὶ
1499 4426 1794 4496 κλημάτων
1833 4426 1926 4479 καὶ

349 4519 588 4590 βοτρύων
656 4517 1001 4586 στεφόμενος,
1053 4519 1146 4570 καὶ
1197 4515 1488 4586 πορφυρίδι
1531 4516 1950 4585 χλευαζόμενος,

346 4613 726 4684 ὀρυττόμενος,
754 4614 845 4665 καὶ
870 4613 1019 4674 τέλος
1051 4611 1207 4680 τάφῳ
1239 4609 1769 4680 παραπεμπόμενος.

2029 3345 2192 3399 quam
2238 3331 2344 3385 alio
2393 3347 2498 3385 non
2555 3334 2725 3387 semel
2774 3345 3017 3404 tempore
3069 3337 3342 3406 appetitus
3393 3337 3632 3402 insidiis,

2030 3420 2422 3475 declinaverat.
2475 3421 2701 3492 Insuper
2748 3433 2802 3479 et
2849 3425 3154 3481 Jerusalem
3208 3429 3475 3496 deplorat,
3513 3444 3636 3498 qua:

2031 3511 2413 3568 incredulitate
2455 3531 2551 3568 sua
2597 3517 2823 3570 exitium
2865 3519 2968 3572 sibi
3015 3521 3391 3588 comparabat,
3442 3529 3498 3574 et
3539 3536 3638 3575 su-

2031 3619 2234 3674 prema:
2281 3608 2451 3660 ruina
2483 3608 2685 3662 addicit
2736 3609 2994 3678 templum
3045 3611 3175 3665 olim
3227 3611 3631 3681 famigeratum.

2031 3692 2310 3748 Patienter
2332 3712 2547 3766 quoque
2579 3713 2637 3753 se
2667 3699 2717 3752 in
2744 3701 2927 3769 capite
2953 3716 3271 3769 percussum
3306 3702 3410 3756 fert
3434 3704 3502 3758 ab
3537 3703 3638 3758 ho-

2033 3787 2178 3842 mine
2213 3789 2503 3857 dupliciter
2551 3791 2758 3845 servili.
2805 3793 3161 3862 Exalapatus,
3199 3806 3516 3862 censputus,
3553 3797 3636 3850 vi-

2036 3887 2337 3947 tuperatus,
2375 3883 2740 3947 excruciatus,
2791 3884 3116 3953 ﬂagellatus,
3159 3896 3213 3941 et
3257 3897 3534 3956 poslremo
3579 3889 3632 3942 in

2034 3986 2249 4027 crucem
2280 3983 2455 4038 actus,
2480 3985 2535 4028 et
2566 3977 2744 4031 socios
2766 3978 3017 4046 supplicii
3041 3979 3334 4033 admittens
3357 3979 3634 4049 utrimque

2038 4062 2294 4128 latrones,
2341 4077 2395 4120 et
2442 4083 2564 4122 cum
2616 4069 2903 4125 homicidis
2936 4081 3100 4141 atque
3129 4072 3374 4128 scelestis
3414 4087 3638 4142 compu-

2041 4164 2206 4218 tatus,
2240 4168 2563 4228 acetutnque
2611 4171 2661 4214 et
2720 4160 2789 4216 fel
2843 4178 2907 4217 ex
2962 4163 3100 4216 mala
3154 4165 3263 4218 vite
3309 4164 3634 4233 percipiens,

2039 4247 2316 4317 spinisque
2353 4264 2450 4318 pro
2485 4252 2801 4320 palmitibus
2835 4265 2997 4325 atque
3039 4259 3276 4311 racemis
3320 4267 3635 4320 coronatus,

2036 4347 2091 4392 et
2140 4354 2377 4409 purpura
2431 4343 2646 4408 illusus,
2705 4348 3024 4416 calamoque
3080 4365 3389 4416 percussus,
3451 4349 3637 4405 lancea

2037 4431 2179 4484 latus
2212 4432 2514 4500 perfossus,
2545 4445 2598 4488 et
2633 4436 2868 4506 denique
2898 4441 3149 4509 sepulcro
3181 4440 3386 4495 illatus.

2033 4522 2126 4573 καὶ
2177 4523 2410 4595 καλάμῳ
2469 4527 2807 4597 παιόμενος,
2860 4531 2955 4584 καὶ
3019 4533 3194 4604 λόγχῃ
3245 4532 3345 4602 τὴν
3396 4532 3642 4602 πλευρὰν

386 4736 508 4790 ΚΖ’.
552 4737 645 4801 Τίς
675 4733 795 4788 τῶν
826 4732 1216 4788 Δεσποτικῶν
1247 4731 1611 4801 παθημάτων
1643 4734 1680 4801 ἡ
1715 4735 1894 4786 αἰτία.

2037 4731 2252 4787 XXVII.
2299 4733 2556 4799 Quantam
2601 4735 2895 4789 Dominicw
2934 4737 3198 4803 passionis
3246 4753 3407 4790 causa
3454 4737 3640 4806 fuerit.

432 4843 719 4914 ’Υπέμεινε
768 4843 825 4896 δὲ
856 4843 1046 4904 ταῦτα,
1084 4843 1182 4912 τὴν
1217 4844 1492 4912 ἡμετέραν
1541 4843 1932 4913 μηχανώμενος

353 4937 626 5006 σωτηρίαν
647 4951 662 4965 ⁸
694 4935 882 5004 ἐπειδὴ
917 4937 1025 5003 γὰρ
1057 4936 1106 4985 οἱ
1136 4937 1200 5003 τῇ
1253 4934 1499 5003 ἁμαρτίᾳ
1541 4934 1934 4999 δουλεύσαντες

351 5030 460 5089 τοῖς
494 5026 790 5095 ἐπιτιμίοις
825 5025 1117 5077 ὑπεύθυνοι
1165 5024 1261 5092 τῆς
1309 5025 1583 5094 ἁμαρτίας
1613 5025 1930 5094 ἐτύγχανον,

353 5117 512 5178 αὐτὸς
537 5117 812 5187 ἁμαρτίας
847 5115 1290 5186 ἀπηλλαγμένος,
1331 5116 1425 5166 καὶ
1452 5116 1538 5168 διὰ
1567 5117 1745 5186 πάσης
1788 5117 1936 5169 ὁδεύ-

356 5227 454 5273 σας
505 5209 870 5276 δικαιοσύνης,
913 5208 1010 5277 τὴν
1063 5208 1170 5258 τῶν
1222 5207 1566 5275 ἁμαρτωλῶν
1617 5207 1938 5270 κατεδέξατο

354 5303 645 5371 τιμωρίαν,
681 5300 766 5353 διὰ
800 5301 899 5370 μὲν
942 5299 1036 5350 τοῦ
1088 5298 1341 5366 σταυροῦ,
1374 5297 1472 5366 τῆς
1522 5299 1756 5359 παλαιᾶς
1807 5315 1939 5350 κατ-

357 5394 494 5462 άρας
548 5391 645 5458 τὴν
692 5392 964 5460 ἀπόφασιν
1007 5391 1148 5441 λύων
1195 5407 1211 5439 ι
1248 5389 1519 5459 (Χριστὸς
1569 5389 1698 5458 γὰρ,
1751 5391 1935 5460 φησὶν,

357 5483 688 5553 ἐξηγόρασεν
714 5485 859 5552 ἡμᾶς
890 5484 952 5534 ἐκ
991 5482 1088 5550 τῆς
1134 5482 1380 5550 κατάρας
1422 5481 1518 5532 τοῦ
1564 5484 1752 5551 νόμου,
1786 5485 1940 5549 γενό-

359 5591 516 5645 μενος
582 5576 721 5644 ὑπὲρ
755 5576 909 5644 ἡμῶν
949 5576 1193 5642 κατάρα·
1251 5572 1563 5643 γέγραπται
1617 5575 1744 5645 γαρ·
1789 5577 1940 5629 Ἐπιο

358 5666 670 5736 κατάρατος
705 5668 808 5728 πᾶς
832 5668 859 5718 ὁ
882 5667 1226 5735 κρεμάμενος
1261 5666 1316 5715 έν
1359 5665 1502 5733 ξύλῳ
1530 5669 1597 5731 ι),
1621 5668 1707 5719 διὰ
1733 5667 1788 5718 δὲ
1831 5668 1936 5722 τῶν

429 5842 472 5875 ⁸ο
505 5840 638 5896 Ioan
697 5857 846 5904 κγιιι,
884 5843 933 5896 6.
1008 5846 1045 5867 “
1076 5845 1247 5898 Calui.
1285 5859 1366 5905 ιιι,
1409 5844 1485 5906 l3,
1525 5846 1606 5896 lt.

2117 4845 2240 4900 [ltec
2273 4859 2452 4901 autem
2486 4863 2779 4918 perpessus
2815 4857 2921 4909 est,
2955 4849 3080 4902 dum
3122 4849 3283 4902 saluti
3323 4858 3522 4905 nostra:
3552 4853 3643 4904 dat

2041 4952 2285 5008 operam.
2323 4938 2452 4992 Nam
2475 4941 2601 5008 quia
2639 4941 2672 4994 ii
2703 4941 2795 5010 qui
2827 4949 3051 5010 peccato
3074 4943 3402 5006 servierant,
3431 4943 3641 5012 peccati

2042 5031 2216 5100 poenis
2250 5030 2372 5085 facti
2407 5041 2561 5084 erant
2584 5032 2827 5094 obnoxii,
2863 5032 2979 5099 ipse
3009 5033 3156 5086 omni
3193 5041 3416 5099 peccato
3444 5033 3644 5086 immu-

2045 5124 2149 5187 nis,
2190 5133 2242 5177 et
2271 5124 2361 5192 qui
2401 5124 2578 5177 omnis
2617 5123 2844 5189 justitim
2888 5139 3103 5177 cursum
3153 5123 3482 5190 confecerat,
3523 5139 3647 5190 pec-

2047 5216 2287 5268 cantium
2317 5216 2640 5285 supplicium
2681 5216 2871 5281 subiit,
2912 5217 3112 5269 veteris
3150 5216 3422 5269 maledicti
3451 5217 3644 5272 decre-

2050 5314 2159 5356 tum
2190 5320 2353 5358 ernce
2378 5321 2471 5359 sua
2505 5306 2713 5360 dclens.
2748 5306 3042 5361 «Christus
3070 5309 3236 5371 enim,
3268 5309 3444 5375 inquit
3479 5308 3645 5376 (Pan-

2051 5396 2185 5466 lns),
2224 5412 2319 5449 nos
2353 5399 2583 5452 redemit
2613 5399 2677 5453 de
2711 5399 2998 5453 maledicto
3030 5399 3187 5469 legis,
3216 5399 3392 5452 factus
3423 5415 3522 5468 pro
3545 5417 3645 5454 no-

2050 5489 2134 5542 bis
2180 5489 2528 5542 maledictum
2569 5508 2580 5544 :
2632 5491 2760 5558 quia
2817 5495 3079 5560 scriptum
3130 5502 3212 5545 cst
3259 5509 3272 5546 :
3325 5492 3645 5548 Maledirtns

2048 5580 2228 5633 omnis
2259 5581 2348 5646 qui
2391 5582 2584 5649 pendet
2614 5583 2666 5635 in
2704 5583 2849 5651 ligno
2880 5583 2957 5648 ⁸¹;
3002 5603 3019 5634 ›
3053 5585 3237 5652 spinea
3274 5600 3400 5636 vero
3446 5600 3643 5636 corona

2049 5671 2207 5730 finem
2238 5673 2426 5727 Adatni
2455 5674 2735 5743 suppliciis
2764 5677 3066 5744 imponens.
3115 5676 3328 5730 Etenim
3366 5687 3483 5746 post
3521 5691 3643 5744 pce-
