4058 6328
484 364 619 419 N67

1502 372 1557 427 S.
1600 372 1876 433 CYRILLI
1905 373 2371 432 ALEXANDBINI
2409 373 2727 433 ARCHIEP.

3582 355 3722 414 {568

486 420 786 559 catum/Ille
816 479 1060 536 audierat
1094 504 1107 539 :
1148 501 1166 535 ι
1197 483 1475 542 Maledicta
1517 496 1658 541 terra
1708 488 1763 542 in
1794 488 2047 559 operibus

2173 488 2423 553 ικανθῶν,
2448 488 2603 551 τέλος
2640 485 2814 547 διδοὺς
2854 484 2971 544 ταῖς
3008 477 3179 549 Ἀδάμ
3210 470 3500 547 τιμωρίαις
3540 471 3560 540 (
3580 468 3721 541 μιτά

491 567 599 621 tuis
632 542 865 637 :/spinas
918 581 971 626 et
1014 573 1237 629 tribulos
1282 576 1601 646 germinabit
1634 576 1729 633 tibi
1756 542 1877 632 αι’»
1913 542 2055 634 Felle

491 659 906 717 amaritudinem
949 678 1012 719 ac
1049 666 1348 721 molestiam
1394 668 1638 724 mortalis
1678 669 2057 742 passibilisque

492 746 769 801 hominum
817 750 936 805 vitae
972 752 1023 805 in
1072 767 1132 807 se
1177 754 1395 821 recepit.
1449 756 1616 809 Aceto
1664 754 1944 810 hominum
2000 756 2054 811 in

494 837 643 906 pejus
676 842 1027 895 mutationem
1060 842 1168 910 ipse
1199 842 1298 896 sibi
1333 842 1632 911 imputavit,
1660 851 1714 897 et
1743 842 1809 896 ad
1836 842 2054 897 meliora

495 930 727 983 reditum
772 930 993 1000 largitus
1021 940 1121 986 est.
1160 932 1399 1002 Purpura
1446 948 1667 1004 regnum
1715 933 2055 1004 signiﬁcavit,

493 1016 736 1091 mm
781 1022 985 1079 calamo
1032 1022 1396 1079 infirmitatem
1443 1022 1897 1093 fragilitatemque
1960 1039 2059 1095 po-

497 1110 679 1161 tentias
706 1109 900 1163 diaboli
938 1111 1134 1175 innuit,
1180 1112 1335 1181 alapa
1384 1123 1623 1168 nostram
1662 1114 1954 1183 publicavit
1997 1114 2062 1168 li-

499 1199 780 1266 bertatem,
810 1200 963 1256 nobis
992 1203 1200 1257 debitas
1232 1204 1468 1260 tolerans
1496 1204 1611 1275 ipse
1657 1205 1901 1272 injurias,
1942 1220 2061 1260 cor-

497 1292 763 1347 rectiones
789 1304 950 1363 atque
968 1294 1168 1363 plagas.
1190 1295 1373 1362 Latus,
1391 1311 1545 1367 atque
1572 1312 1637 1351 ac
1660 1298 1922 1364 Adamus,
1938 1312 2062 1367 per-

499 1378 693 1449 fossus,
739 1395 1055 1441 nontamen
1106 1385 1359 1442 feminam
1412 1388 1537 1443 inde
1565 1398 1928 1459 emergentem
1970 1404 2065 1444 ex-

499 1471 707 1540 hibens,
738 1490 857 1543 qua:
909 1487 1135 1533 mortem
1184 1494 1283 1534 suo
1330 1494 1515 1535 errore
1545 1482 1749 1550 genuit,
1799 1482 1893 1535 sed
1943 1482 2065 1536 vitae

498 1563 699 1619 fontem
723 1569 812 1635 qui
840 1568 1036 1638 duplici
1070 1571 1239 1625 rivulo
1262 1572 1517 1626 mundum
1539 1572 1811 1638 vivificat;
1836 1587 2063 1641 quorum

498 1652 634 1709 alter
665 1657 716 1710 in
750 1659 1065 1726 baptisterio
1102 1676 1201 1716 nos
1247 1669 1473 1715 renovat
1503 1670 1558 1716 et
1603 1662 1893 1717 immortali
1918 1660 2063 1717 stola

497 1748 679 1810 vestit,
724 1747 859 1802 alter
888 1749 1098 1820 genitos
1135 1751 1230 1805 alit
1262 1754 1314 1807 in
1364 1752 1544 1807 divina
1588 1767 1796 1819 mensa,
1837 1767 1933 1808 ceu
1987 1754 2068 1809 lac

499 1839 770 1907 parvulos.

2156 580 2265 653 γάρ
2294 581 2393 650 τὴν
2427 577 2705 649 ἁμαρτίαν
2736 573 2880 647 lead.
2906 566 3221 641 τιμωρίαν],
3240 567 3469 637 ἡκουσεν
3493 563 3727 653 έκεῖνος·

2162 689 2180 722 ι
2230 651 2659 739 Ἐπικατάρατος
2692 668 2725 737 ἡ
2756 664 2828 734 γῆ
2862 663 2918 715 ὲν
2945 661 3059 725 τοῖς
3089 659 3272 731 Ξργοις
3326 672 3443 720 σου,
3483 651 3726 712 ἀκάνθας

2156 761 2251 815 καί
2295 760 2577 831 τριϐόλους
2622 756 2872 813 ἀνατελεῖ
2902 769 2985 807 σοι
3018 753 3091 822 ι),
3122 750 3208 804 διὰ
3240 749 3299 805 δὲ
3341 748 3439 817 τῆς
3466 744 3627 814 χολῆς
3663 742 3727 794 τὸ

2158 852 2352 921 πικρὸν
2382 852 2475 905 καί
2502 850 2759 905 έπίπονον
2789 846 2891 915 τῆς
2930 843 3131 916 θνητῆς
3168 842 3262 895 καὶ
3293 836 3541 908 παθητῆς
3581 831 3727 902 ζωῆς

2158 943 2267 995 τῶν
2301 941 2604 1013 ἀνθρώπων
2634 942 2715 1004 εἰς
2745 937 2934 991 ἑαυτὸν
2960 934 3360 1003 ἀναλαμϐάνων
3379 947 3394 961 °
3429 929 3518 983 διά
3546 927 3603 981 δὲ
3630 923 3726 978 τοῦ

2159 1028 2313 1093 ὄξους
2359 1029 2459 1097 τὴν
2504 1030 2596 1082 ἐπὶ
2623 1028 2683 1081 τὸ
2712 1028 2891 1097 χεῖρον
2938 1025 3048 1078 τῶν
3092 1020 3392 1093 ἀνθρώπων
3426 1015 3730 1089 μεταϐολήν

2160 1117 2319 1179 αὐτὸς
2361 1117 2673 1187 δεχόμενος,
2714 1116 2807 1170 καί
2838 1114 2938 1185 τὴν
2968 1115 3047 1178 εἰς
3080 1112 3140 1167 τὺ
3172 1112 3421 1182 κρεῖττον
3473 1106 3733 1160 έπάνοδον

2161 1208 2550 1280 χαριζόμενος·
2619 1209 2686 1278 τῇ
2736 1204 3030 1277 πορφυρίδι
3083 1202 3369 1274 σημαίνων
3425 1199 3525 1267 τὴν
3575 1196 3731 1266 βασι-

2161 1300 2340 1365 λείαν,
2387 1298 2465 1369 τῷ
2496 1298 2726 1368 καλάμῳ
2768 1297 2828 1353 τὸ
2866 1295 3090 1358 ἀσθενὲς
3131 1294 3225 1348 καί⁸
3276 1282 3472 1363 σῖιθρδν
3504 1290 3600 1359 τῆς
3637 1285 3732 1339 τοῦ

2162 1391 2411 1445 διαϐόλου
2450 1390 2730 1459 δυνάμεως
2755 1387 3123 1458 αἰνιττόμενος
3143 1424 3159 1450 ,
3187 1382 3266 1454 τῷ
3301 1382 3603 1456 ῥαπίσματι
3636 1374 3735 1447 τὴν

2162 1482 2435 1554 ἡμετέραν
2460 1481 2748 1552 κηρύττων
2795 1478 3129 1549 ἐλευθερίαν,
3171 1476 3271 1540 τάς
3302 1471 3576 1545 ἡμετέρας
3606 1469 3739 1521 ὐποο

2169 1573 2344 1643 μένων
2389 1572 2574 1644 ὕϐρεις
2604 1611 2619 1635 ,
2670 1572 2764 1626 καί
2802 1570 3084 1633 παιδείας,
3132 1569 3227 1621 καὶ
3280 1565 3567 1636 μάστιγας.
3627 1558 3738 1627 Τὴν

2167 1662 2407 1735 πλευράν
2452 1662 2531 1733 τῷ
2576 1656 2764 1734 Ἀδάμ
2796 1660 3177 1734 παραπλήσιον
3224 1655 3582 1725 νυττόμενος,
3624 1648 3737 1702 ἀλλ’

2167 1756 2229 1809 οὐ
2265 1756 2501 1823 γυναῖκα
2543 1751 2837 1821 προϊοῦσαν
2878 1751 3085 1807 ἐκεῖθεν
3119 1748 3353 1811 δεικνὺς,
3382 1746 3473 1799 τὸν
3512 1742 3739 1797 θάνατον

2103 1832 2144 1887 Β
2171 1846 2259 1899 διά
2299 1846 2398 1916 τῆς
2436 1844 2652 1915 ἀπάτης
2690 1846 3050 1915 γεννήσασαν,
3084 1840 3222 1895 ἀλλά
3250 1837 3435 1909 πηγὴν
3478 1833 3625 1902 ζωῆς
3662 1828 3741 1899 τῷ

498 1930 671 2000 διπλῷ
703 1935 904 2004 νάματι
936 1934 1034 2004 τήν
1064 1936 1390 2006 οἰκουμένην
1436 1936 1842 2008 ζωογονοῦσανο
1888 1929 1966 1992 ὧν
2003 1936 2065 1990 τὸ
2104 1938 2202 2007 μὲν
2232 1938 2379 2007 ἡμᾶς
2412 1941 2471 1993 ιν
2538 1935 2894 2008 κολυμϐήθρᾳ
2956 1935 3209 1997 νεοποιεῐ,
3257 1930 3351 1983 καί
3379 1930 3446 1999 τῇ
3491 1921 3742 1992 ἀθανάτῳ

502 2026 817 2095 περιϐάλλει
849 2028 1006 2101 στολῇ
1034 2046 1045 2059 ·
1080 2030 1140 2083 τδ
1181 2030 1238 2083 δὲ
1282 2031 1474 2102 τρέφει
1502 2032 1863 2104 γεννηθέντας
1901 2034 1961 2086 έν
1994 2034 2063 2102 τῇ
2102 2031 2349 2104 τραπέζῃ
2372 2035 2439 2104 τῇ
2468 2030 2609 2103 θείᾳ,
2643 2031 2898 2101 καθάπερ
2924 2027 2996 2082 τὰ
3028 2027 3204 2098 βρέφη
3232 2025 3291 2078 τδ
3324 2023 3486 2092 γάλα-

498 2159 730 2218 XXVIII.
790 2160 942 2225 Quod
975 2177 1041 2216 ea:
1064 2158 1261 2284 Christ:
1315 2163 1631 2285 cr‘uciatibus
1691 2163 1837 2219 salua
1882 2170 2065 2217 nostra

1170 2248 1230 2285 or
1255 2248 1287 2284 α
1311 2248 1355 2285 at
1388 2270 1402 2285 .

1170 2248 1287 2285 οηιι
1311 2248 1402 2287 ιιι.

566 2361 868 2418 Pharmaca
907 2364 1090 2432 itaque
1122 2374 1306 2418 nostra
1350 2374 1475 2420 sunt
1527 2366 1838 2425 Servatoris
1900 2371 2073 2425 nostri

501 2457 790 2510 cruciatus.
821 2454 972 2521 Quod
1000 2456 1255 2525 propheta
1274 2458 1475 2512 docens
1509 2459 1586 2513 ait
1614 2476 1629 2514 :
1661 2455 1823 2529 «ipse
1852 2471 2072 2530 peccata

502 2554 683 2600 nostra
722 2544 941 2613 perfert,
980 2554 1034 2599 et
1065 2561 1161 2614 pro
1185 2546 1337 2601 nobis
1368 2547 1511 2602 dolet
1546 2567 1560 2602 :
1593 2563 1691 2605 nos
1716 2561 1893 2605 autem
1914 2567 2073 2621 repu-

503 2636 732 2690 tavimus
770 2650 893 2690 eum
949 2636 1001 2690 in
1059 2636 1245 2691 labore
1281 2646 1336 2691 et
1372 2637 1524 2707 plaga
1572 2647 1735 2710 atque
1789 2640 2077 2696 aﬂlictioue

502 2728 729 2781 versari.
765 2724 882 2795 Ipse
920 2727 1230 2782 vulneratus
1260 2738 1342 2783 est
1370 2739 1590 2799 propter
1614 2742 1833 2800 peccata
1868 2745 2075 2797 nostra,

504 2818 721 2873 attritus
748 2827 833 2873 est
872 2826 1089 2887 propter
1123 2818 1327 2873 scelera
1356 2828 1538 2872 nostra
1576 2835 1591 2876 :
1620 2820 1905 2890 disciplina
1927 2823 2078 2892 pacis

507 2918 706 2964 nostra:
731 2923 891 2977 super
925 2923 1046 2963 eum
1076 2927 1089 2963 :
1128 2908 1295 2963 livore
1321 2910 1437 2977 ejus
1496 2923 1593 2963 nos
1647 2910 1823 2965 sanati
1868 2926 2076 2968 sumus.

506 3002 708 3055 Omnes
745 3002 898 3070 quasi
930 3015 1060 3055 oves
1095 3000 1397 3055 erravimus
1430 3016 1444 3066 ;
1489 3001 1608 3056 ideo
1662 3010 1914 3070 tanquam
1962 3003 2079 3059 ovis

506 3094 573 3147 ad
595 3092 918 3147 occisionem
954 3092 1147 3146 ductus
1164 3100 1266 3157 est,
1295 3101 1349 3145 et
1378 3092 1521 3145 sicut
1545 3105 1716 3159 agnus
1748 3107 1929 3145 coram
1963 3103 2079 3147 ton-

508 3185 669 3239 dente
710 3199 770 3239 se
813 3184 1082 3238 obmutuit
1109 3181 1175 3238 ⁸⁸.
1218 3200 1237 3233 ι
1289 3181 1356 3235 Et
1397 3182 1537 3237 sicut
1573 3192 1758 3252 pastor
1808 3182 2082 3252 dispersas

507 3290 638 3332 oves
661 3290 909 3339 cernens,
951 3289 1109 3329 unam
1137 3289 1204 3329 ex
1236 3274 1426 3329 ovibus
1480 3289 1639 3326 manu
1697 3284 1904 3339 tenens,
1936 3284 1991 3329 et
2012 3277 2079 3331 ad

2170 2162 2306 2215 κη’.
2342 2161 2471 2213 Ὀτι
2494 2157 2593 2212 διὰ
2615 2157 2734 2212 τῶν
2770 2156 2876 2211 τοῦ
2907 2155 3163 2224 Χριστοῦ
3189 2152 3395 2208 παθῶν
3422 2152 3461 2218 ἠ
3492 2150 3745 2222 ἡμετέρα

2687 2225 2894 2296 γέγονε
2941 2225 3225 2292 σωτηρία.

2240 2362 2510 2433 Φάρμακα
2535 2361 2714 2415 τοίνυν
2768 2357 2918 2412 ἐστὶν
2965 2356 3207 2428 ἡμέτερα
3256 2352 3327 2407 τὰ
3360 2351 3457 2407 τοῦ
3500 2350 3748 2421 Σωτῆρος

2171 2454 2329 2525 ἡμῶν
2358 2453 2697 2523 παθήματα·
2747 2450 2843 2505 καὶ
2889 2449 3046 2504 τοῦτο
3087 2448 3353 2502 διδάσκων
3390 2447 3421 2498 ὁ
3462 2445 3749 2515 προφήτης

2176 2544 2275 2617 βοᾷ
2296 2563 2310 2576 ο
2354 2565 2372 2598 ι
2401 2546 2573 2609 Αὐτὸς
2621 2544 2721 2608 τὰς
2770 2542 3043 2614 ἁμαρτίας
3075 2541 3235 2613 ἡμῶν
3265 2540 3442 2613 φέρει,
3476 2539 3571 2592 καί
3611 2538 3751 2608 ὑπὲρ

2175 2636 2330 2707 ἡμῶν
2356 2636 2607 2690 ὀδυνᾶται
2627 2649 2641 2664 ⁶
2672 2638 2833 2706 ἡμεῖς
2857 2635 2914 2689 δὲ
2940 2634 3309 2705 ὶλογισάμεθα
3333 2632 3497 2686 αὑτὸν
3522 2628 3665 2685 εἶναι
3688 2633 3747 2684 ιν

2176 2728 2342 2798 πόνῳ,
2382 2726 2474 2780 καὶ
2520 2728 2579 2781 ὲν
2630 2726 2839 2797 πληγῇ,
2896 2726 2991 2779 καί.
3041 2728 3101 2779 έν
3141 2722 3418 2777 κακώσει·
3478 2721 3644 2785 αὐτὸς
3697 2720 3751 2774 δέ

2176 2820 2583 2894 ἐτραυματίσθη
2611 2819 2700 2873 διὰ.
2726 2819 2828 2884 τάς
2860 2819 3136 2891 ἁμαρτίας
3164 2817 3345 2889 ἡμῶν,
3380 2817 3476 2870 καὶ
3506 2814 3753 2887 μεμαλά-

2175 2928 2360 2964 κισται
2390 2911 2477 2964 διά
2506 2911 2605 2974 τάς
2627 2909 2858 2981 ἀνομίας
2883 2909 3041 2979 ἡμῶν
3064 2926 3076 2938 ·
3110 2906 3327 2961 παιδεία
3351 2907 3573 2977 εἰρήνης
3598 2904 3754 2975 ἡμῶν

2181 3003 2267 3053 ἐπ’
2290 3001 2438 3071 αὺτῷ
2464 3019 2478 3030 ·
2512 3001 2590 3070 τῷ
2620 3000 2847 3071 μώλωπι
2876 3000 3039 3053 αὑτοῦ
3069 3002 3232 3070 ἡμεῖς
3255 2997 3484 3066 ἰάθημεν
3506 3014 3523 3028 ο
3555 2996 3753 3058 πάντες

2176 3091 2251 3155 ὡς
2282 3090 2534 3161 πρόϐατα
2561 3090 2966 3162 ὲπλανήθημεν,
2990 3090 3071 3143 διδ
3093 3090 3169 3153 ὡς
3199 3086 3471 3159 πρόϐατον
3495 3085 3589 3139 ἐπὶ
3620 3101 3753 3153 σφα-

2177 3182 2279 3251 γὴν
2330 3182 2494 3253 ἡχθη,
2548 3182 2643 3236 καί.
2684 3182 2761 3245 ὡς
2819 3182 2991 3252 ἀμνὸς
3038 3180 3280 3233 ἐναντίον
3329 3177 3423 3232 τοῦ
3475 3178 3754 3249 κείραντος

2178 3271 2340 3324 αὐτὸν
2370 3270 2605 3339 ἄφωνος.
2638 3289 2657 3322 ι
2709 3272 2819 3325 Καὶ
2866 3270 3115 3340 καθάπερ
3154 3270 3357 3341 ποιμὴν
3396 3268 3467 3322 τά
3515 3268 3759 3339 πρόϐατα

508 3366 763 3436 placitum
792 3366 893 3419 sibi
924 3380 1177 3434 pascuum
1206 3364 1433 3428 ducens,
1463 3364 1698 3434 reliquas
1727 3364 1891 3419 etiam
1916 3365 2074 3436 hujus

2182 3362 2615 3433 διεσκεδασμένα
2653 3362 2897 3434 θεωρῶν,
2931 3363 2991 3415 ἓν
3035 3363 3142 3416 τῶν
3172 3360 3457 3432 προϐάτων
3490 3361 3753 3430 κατέχων,

508 3456 757 3527 exemplo
803 3457 869 3511 ad
910 3469 969 3510 se
1021 3453 1442 3524 pertrahit;sic
1464 3451 1607 3508 Deus
1658 3451 1893 3509 Verbum
1951 3470 2073 3510 cum

510 3563 681 3619 genus
713 3548 990 3602 hominum
1020 3545 1380 3600 errabundum
1427 3544 1670 3608 vidisset,
1713 3546 1854 3598 servi
1905 3544 2077 3599 forma

511 3647 811 3709 assumpta,
841 3651 1010 3706 eaque
1032 3635 1132 3692 sibi
1171 3633 1441 3703 copulata,
1481 3635 1549 3689 ad
1579 3650 1638 3690 se
1664 3650 1759 3705 per
1779 3636 1923 3691 illaut
1949 3651 2079 3691 con-

511 3730 677 3783 vertit
729 3729 1033 3783 universam
1067 3726 1345 3780 hominum
1380 3735 1650 3789 naturam,
1683 3736 1846 3795 atque
1884 3726 1950 3780 ad
1994 3725 2079 3780 di-

511 3824 637 3878 vina
688 3836 884 3892 pascua
918 3820 1141 3875 deduxit
1193 3834 1287 3874 eos
1315 3818 1405 3887 qui
1448 3816 1586 3873 male
1620 3818 1981 3887 pascebantur
2026 3828 2082 3874 et

510 3913 653 3983 lupis
692 3922 848 3967 erant
877 3910 1097 3978 objecti.
1116 3910 1407 3978 Propterea
1427 3907 1684 3964 Servator
1710 3918 1894 3963 noster
1921 3919 2082 3964 natu-

511 4018 627 4057 ram
658 4011 898 4055 nostram
928 3999 1216 4070 assumpsit
1246 4017 1259 4053 :
1299 4009 1584 4069 pr0pterea
1614 3996 1864 4053 Christus
1904 3998 2083 4054 Domi-

513 4110 612 4149 nus
647 4092 978 4149 salutiferam
1003 4092 1219 4161 excepit
1257 4088 1585 4159 passionem,
1623 4089 1892 4158 mortique
1930 4091 2082 4146 dedi-

514 4197 620 4251 tus,
662 4184 906 4255 sepulcro
953 4182 1201 4246 traditus,
1245 4181 1519 4250 antiquam
1556 4181 1699 4235 illam
1737 4183 2078 4253 tyrannidem

512 4277 737 4344 depulit,
770 4287 825 4332 et
871 4272 1175 4343 corruptela
1224 4275 1458 4328 detentis
1518 4273 2078 4343 incorruptibilitatem

513 4366 781 4439 promisit.
841 4361 975 4418 Nam
1015 4361 1338 4417 dissolutum
1398 4362 1655 4432 tcmplum
1686 4370 1999 4418 restaurans
2028 4369 2083 4415 et

512 4458 867 4520 resuscitans,
889 4456 1118 4511 mortuis
1143 4468 1355 4524 quoque
1379 4463 1541 4524 atque
1583 4452 1700 4521 ejus
1735 4453 2084 4508 resurrectio-

511 4565 637 4607 nem
674 4548 1115 4618 exspectantibus
1166 4562 1323 4602 veras
1361 4546 1652 4613 ﬁrmasque
1690 4545 1851 4618 841
1883 4563 1932 4599 m
1967 4562 2085 4618 pro-

508 4641 803 4698 missiones
862 4638 1117 4694 ostendit.
1171 4637 1307 4692 Nam
1356 4638 1831 4706 quemadmodum,
1882 4637 2079 4705 inquit,

2182 3454 2276 3505 καί
2301 3455 2385 3522 ἐφ’
2412 3454 2478 3524 ἡν
2508 3452 2758 3523 βούλεται
2796 3453 2967 3524 νομὴν
3010 3453 3181 3521 άγων,
3221 3453 3369 3506 ἕλκει
3398 3452 3468 3506 τά
3500 3452 3664 3506 λοιπά
3690 3451 3757 3505 δι’

2178 3543 2390 3597 ἐκείνου
2423 3544 2557 3614 πρὸς
2577 3544 2788 3598 ἑαυτόνο
2820 3545 2993 3609 οὕτως
3013 3548 3042 3597 ό
3062 3544 3197 3608 Θεὸς
3224 3545 3397 3612 Λόγος
3424 3545 3534 3597 τῶν
3556 3543 3758 3615 ἀνθρώ·

2182 3650 2300 3687 πων
2334 3633 2395 3687 τὸ
2424 3634 2584 3703 γένος
2621 3632 3044 3705 πεπλανημένον
3077 3634 3223 3699 ἰδὼν,
3256 3633 3351 3686 τοῦ
3373 3634 3561 3687 δούλου
3580 3630 3758 3687 λαϐὼν

2180 3724 2277 3796 τὴν
2309 3726 2545 3797 μορφὴν,
2590 3725 2687 3778 καὶ
2718 3725 2925 3795 ταύτην
2956 3725 3205 3795 συνάψας
3236 3728 3435 3797 ἑαυτῷ,
3466 3728 3604 3798 πρὸς
3634 3729 3757 3780 ἑαυ-

2181 3813 2273 3868 τὸν
2300 3815 2367 3868 δι’
2399 3815 2618 3887 ἐκείνης
2650 3815 2951 3888 ἐπέστρεψε
2994 3817 3176 3872 πᾶσαν
3202 3818 3300 3889 τὴν
3322 3818 3430 3872 τῶν
3455 3818 3756 3890 ἀνθρώπιον

2182 3904 2364 3973 φύσιν,
2405 3907 2500 3959 καί
2541 3909 2620 3970 είς
2665 3908 2766 3977 τὴν
2806 3907 2957 3961 θείαν
3004 3909 3177 3980 νομὴν
3228 3910 3403 3981 ἡγαγε
3453 3910 3524 3965 τά
3575 3913 3759 3977 κακῶς

2182 3998 2476 4067 νεμόμενα,
2507 4000 2602 4053 καὶ
2630 4000 2743 4063 τοῖς
2773 3998 2961 4063 λύκοις
2992 4000 3351 4072 προκείμενα.
3396 4002 3496 4057 Διά
3536 4003 3710 4059 ταῦτα
3732 4007 3760 4058 ό

2183 4088 2373 4159 Σωτὴρ
2425 4090 2455 4142 ό
2507 4090 2781 4160 ἡμέτερος
2837 4090 2936 4160 τὴν
2984 4091 3259 4163 ἡμετέραν
3302 4094 3464 4162 φύσιν
3509 4094 3755 4150 ἀνέλαϐε.

2181 4179 2281 4232 Διά
2295 4179 2466 4234 ταῦτα
2490 4181 2518 4233 ὁ
2532 4182 2810 4251 Δεσπότης
2834 4182 3070 4254 Χριστὸς
3082 4182 3152 4237 τὰ
3168 4187 3409 4257 σωτήρια
3438 4186 3760 4254 κατεδέξατο

2182 4270 2355 4343 πάθη,
2386 4271 2483 4324 καί
2502 4270 2721 4342 θανάτῳ
2751 4274 3200 4345 παραπεμφθείς,
3235 4278 3330 4331 καί
3354 4281 3499 4350 ταφῇ
3528 4279 3761 4349 παραδο-

2182 4363 2316 4427 θεὶς,
2347 4364 2408 4417 τὸ
2437 4364 2537 4434 μὲν
2578 4364 2811 4419 παλαιὸν
2840 4368 3016 4421 έκεῖνο
3045 4368 3139 4421 καί
3168 4368 3521 4439 πολυχρόνιον
3562 4372 3759 4440 κράτος

2183 4456 2358 4521 ἔλυσε,
2395 4460 2506 4521 τοῖς
2532 4458 2590 4511 δὲ
2615 4461 2681 4530 τῇ
2705 4459 2880 4531 φθορᾷ
2902 4461 3297 4531 πεπεδημένοις
3320 4462 3421 4535 τὴν
3452 4464 3762 4535 ἀφθαρσίαν

2183 4546 2474 4617 ὑπέσχετο.
2512 4548 2614 4601 Τὸν
2642 4549 2750 4618 γὰρ
2778 4548 3007 4602 λυθέντα
3040 4549 3164 4602 ναὸν
3190 4552 3635 4621 ἀνοικοδομήσας,
3672 4552 3764 4606 καί

2184 4638 2491 4711 ἀνεγείρας,
2552 4640 2646 4693 καὶ
2686 4644 2797 4705 τοῖς
2852 4643 3128 4713 κειμένοις
3178 4644 3270 4696 καί
3312 4644 3763 4715 προσδεχομένοις

508 4740 728 4800 sumpta
751 4746 815 4785 ex
842 4729 996 4785 vobis
1024 4738 1237 4794 natura,
1270 4728 1491 4784 deitatis
1515 4728 2074 4798 inhabitationeatque

2186 4730 2350 4784 αὑτοῦ
2378 4731 2479 4801 τὴν
2512 4732 2810 4787 ἀνάστασιν
2840 4734 3061 4805 ἀληθεῖς
3091 4736 3183 4789 καὶ
3208 4734 3431 4806 βεϐαίας
3458 4736 3558 4801 τάς
3616 4737 3762 4790 ὑπο-

508 4821 863 4885 atlunatione,
883 4818 1333 4875 resurrectionem
1360 4818 1613 4884 obtinuit,
1637 4828 1690 4875 et
1719 4819 2084 4889 corruptibili-

510 4923 627 4967 tate
652 4912 1101 4982 passionibusqae
1124 4911 1400 4981 depositis,
1429 4911 1495 4963 ad
1514 4910 2080 4981 incorruptibilitatem

510 5002 1083 5071 immortalitatemth
1111 5001 1380 5064 transivit,
1414 5001 1493 5055 sic
1522 5008 1577 5055 et
1603 5015 1697 5055 vos
1727 5000 1863 5055 dura
1890 5002 2081 5055 mortis

510 5094 777 5150 servitute
810 5092 1180 5159 absolvemini,
1210 5091 1528 5159 abjectaque
1572 5092 1921 5161 corruptione
1957 5105 2077 5145 cum

513 5184 880 5256 passionihus,
934 5182 1365 5253 impassibilitate
1408 5182 1733 5236 vestiemini.
1782 5180 2002 5237 Idcirco'
2035 5191 2089 5237 et

514 5274 771 5346 baptismi
831 5276 1028 5331 donum
1080 5275 1289 5329 cunctis
1333 5273 1641 5329 hominibus
1691 5288 1786 5342 per
1814 5273 2087 5342 apostolos

515 5368 685 5422 misit.
722 5384 741 5418 ι
777 5364 975 5420 Euntes
1004 5367 1173 5431 enim,
1211 5365 1408 5435 inquit,
1437 5367 1624 5420 docete
1653 5378 1843 5419 omnes
1875 5376 2083 5433 gentes,

516 5460 859 5530 baptizantes
885 5475 978 5515 eas
1026 5461 1077 5514 in
1126 5460 1342 5517 nomine
1386 5458 1566 5513 Patris
1592 5466 1649 5513 et
1682 5456 1804 5512 Filii
1832 5466 1885 5512 et
1915 5455 2087 5528 Spiri-

519 5561 609 5606 tus
642 5552 813 5606 sancti
841 5551 905 5605 “.
952 5571 970 5603 ι
1000 5550 1305 5621 Baptismus
1354 5548 1695 5604 adumbratio
1721 5547 1966 5616 quaedam
2001 5557 2086 5605 est

591 5728 639 5759 "
674 5729 807 5786 Gen.
842 5746 920 5797 ιιι,
949 5730 1031 5783 l7.
1108 5733 1151 5763 ⁸³
1182 5730 1279 5786 lsn.
1312 5745 1422 5793 Llil,
1456 5728 1475 5781 ἰ
1511 5744 1663 5800 seqq.

2191 4821 2405 4891 σχέσεις
2425 4821 2719 4889 ὑπέδειξεν.
2749 4826 2846 4877 Ὃν
2865 4825 3066 4895 τρόπον
3096 4827 3224 4896 γάρ,
3256 4826 3496 4897 φησὶν,ή
3527 4826 3585 4892 ἐξ
3612 4828 3762 4899 ὑμῶν

2184 4912 2556 4982 ἀναληφθείσα
2582 4913 2745 4982 φύσις
2766 4918 2833 4985 τῇ
2864 4916 2963 4987 τῆς
2996 4915 3248 4987 θεότητος
3274 4918 3542 4988 ὲνοικὴσει
3575 4934 3636 4970 τε
3670 4918 3762 4971 καὶ

2188 5001 2397 5065 ὲνώσει,
2440 5006 2539 5074 τῆς
2566 5005 2916 5070 ἀναστάσεως
2946 5006 3127 5076 ἔτυχε,
3154 5008 3247 5060 καί
3282 5008 3344 5061 τὸ
3373 5007 3609 5079 φθαρτὸν
3635 5009 3762 5062 ἀνα-

2186 5094 2447 5167 τιθεμένη
2493 5098 2590 5151 σὺν
2644 5101 2757 5162 τοῖς
2810 5098 3131 5169 παθήμασιν
3180 5100 3261 5162 είς
3308 5099 3619 5171 ἀφθαρσίαν
3670 5098 3761 5154 καί

2181 5186 2485 5241 ἀθανασίαν
2522 5190 2743 5264 μετέϐη·
2783 5190 2926 5245 οὕτω
2957 5194 3053 5245 καί
3085 5191 3242 5261 ὑμεῖς
3271 5191 3371 5263 τῆς
3394 5191 3635 5263 χαλεπῆς
3668 5189 3759 5246 τοῦ

2184 5280 2415 5334 θανάτου
2461 5281 2709 5347 δουλείας
2748 5283 3226 5353 ἀπαλλαγήσεσθε,
3282 5284 3378 5337 καὶ
3414 5284 3513 5354 τὴν
3556 5283 3759 5357 φθοράν

2182 5371 2586 5442 ἀπορρίψαντες
2612 5375 2709 5429 σὺν
2733 5377 2846 5439 τοῖς
2882 5374 3132 5439 πάθεσιν,
3155 5373 3447 5429 ἐνδύσασθε
3486 5373 3587 5447 τὴν
3622 5376 3758 5429 ἀπά·

2183 5462 2353 5517 θειαν.
2396 5463 2487 5516 Διὺ
2518 5465 2610 5517 καί
2641 5466 2702 5519 τὸ
2746 5466 2917 5538 δῶρον
2944 5465 3039 5519 τοῦ
3074 5466 3446 5538 βαπτίσματος
3470 5466 3756 5520 πᾶσιν.ἀν·

2181 5552 2420 5623 θρώποις
2451 5553 2540 5608 διά
2562 5556 2671 5610 τῶν
2706 5557 3022 5611 ἀποστόλων
3067 5556 3361 5627 ἐξέπεμψε.
3420 5576 3438 5609 ι
3464 5556 3755 5630 Πορευθέν·

1739 5728 1784 5759 ⁸³
1816 5728 2004 5785 Matth.
2039 5733 2345 5801 xxvm,19.
