4058 6328
356 440 493 497 “69

1515 430 1605 485 DE
1646 422 2162 486 [NCARNATIONE
2202 418 2460 476 DOMINI.

3493 395 3631 449 14Το

354 574 447 621 τες
476 555 607 626 γάρ,
640 553 794 625 φησι,
834 552 1210 625 μαθητεύσατε
1258 549 1434 601 πάντα
1463 546 1531 599 τά
1576 545 1725 614 εθνη,
1753 544 1942 615 βαπτί-

2056 551 2098 597 et
2134 550 2294 612 typus
2349 534 2542 591 mortis
2605 526 2919 585 Dominicm.
2954 540 2972 574 ι
3014 519 3148 575 Nam
3179 515 3222 571 ai
3248 509 3624 581 compiamati,

2594 622 2658 626 --
2875 618 2887 626 .
3251 606 3435 626 μληη,
3504 600 3624 626 mm

355 649 538 714 ζοντες
569 646 765 707 αὐτοὺς
794 646 873 708 είς
895 644 954 695 τὸ
976 643 1147 711 ὄνομα
1175 639 1267 692 τοῦ
1287 639 1399 690 Πατ
1410 638 1520 707 ρδς.
1543 634 1751 689 καὶτοῦ
1779 632 1928 696 Υίοῦ,

353 738 451 792 καὶ
476 736 571 789 τοῦ
599 736 752 803 άγίου
783 733 1115 803 Πνεύματος.
1146 750 1163 781 ι
1185 730 1256 781 T6
1276 728 1558 797 βάπτισμα
1575 726 1666 779 τοῦ
1682 728 1934 778 Δεσποτι-

356 829 450 883 κοῦ
482 827 707 881 Θανάτου
736 796 1075 893 σκιαγραφία
1120 839 1204 884 τις
1247 796 1483 890 ὑπάρχει
1551 818 1645 871 καὶ
1687 816 1878 877 τύπος.
1922 833 1940 866 t
1992 814 2055 867 Ei
2100 814 2210 883 γὰρ
2249 809 2545 877 σύμφυτοι,
2610 803 2774 873 φησὶν
2827 802 2854 854 ό
2902 796 3134 856 Παῦλος,

2039 600 2211 701 inquit
2280 628 2515 691 Paulus,
2586 622 2791 677 fuimus
2843 609 3185 671 similitudini
3250 606 3439 660 mortis
3504 600 3628 658 Filii

2039 720 2179 788 ejus,
2214 718 2419 773 erimus
2458 726 2512 768 et
2538 710 2960 768 resurrectionis
2985 705 3031 736 ⁸⁸
3066 722 3085 754 ι

3198 789 3503 860 γεγόναμεν
3554 778 3630 850 τῷ

354 919 659 993 ὁμοιώματι
710 917 803 969 τοῦ
848 915 1075 969 Θανάτου
1122 913 1215 966 τοῦ
1249 912 1380 965 Υίοῦ
1412 910 1600 974 αὐτοῦ,
1630 907 1773 963 ἀλλὰ
1818 908 1912 961 καὶ
1952 908 2054 977 τῆς
2088 902 2443 965 ἀναστάσεως
2482 896 2741 967 ἐσόμεθα.
2774 912 2792 945 ι

359 1050 485 1106 ΚΘ.
554 1046 887 1127 ’ᾼποξδειξις
935 1046 1009 1127 ῥκ
1068 1042 1189 1123 tri)!-
1237 1044 1651 1127 .‘Anrrolo'rdlov'
1701 1040 1946 1110 πραςρῶν

464 1119 596 1186 περὶ
637 1117 746 1185 τῆς
785 1117 1019 1181 τελείας
1062 1112 1169 1167 τοῦ
1217 1113 1532 1180 ἀνθρώπου
1575 1112 1835 1181 φύσεως.

429 1229 587 1282 Οὐτω
628 1228 908 1297 γεννηθεὶς
952 1227 980 1278 6
1024 1225 1307 1295 Δεσπότης
1345 1224 1601 1295 Χριστὸς,
1631 1222 1776 1276 οὕτω
1808 1240 1940 1290 τρα-

360 1318 502 1387 φεὶς,
561 1316 704 1370 οὕτω
766 1316 1277 1385 θαυματουργήσας,
1339 1313 1428 1367 διὰ
1488 1311 1663 1365 ταῦτα
1727 1311 1937 1375 παθὼν,

363 1408 715 1478 σταυρωθεὶς,
754 1405 1060 1472 ἀποθανὼν,
1108 1407 1359 1476 κήρυκας
1405 1402 1733 1465 ἀποστείλας
1776 1403 1941 1455 πᾶσιν

361 1498 667 1569 ἀνθρώποις
708 1497 834 1559 τοὺς
876 1496 1054 1566 ίεροὺς
1095 1495 1365 1565 μαθητὰς,
1431 1493 1513 1555 είς
1567 1492 1660 1545 τὸν
1714 1490 1942 1560 οὐρανὸν

363 1587 673 1657 ἀνελήφθη·
732 1586 826 1639 καὶ
869 1586 1040 1638 ταῦτα
1102 1588 1159 1637 ὲν
1214 1584 1496 1653 κεφαλαίῳ
1548 1585 1605 1636 ἐν
1650 1584 1763 1643 τοῖς
1808 1580 1945 1650 πρὸς

362 1679 625 1748 Τιμόθεον
644 1681 954 1748 γραφεῖσιν.
971 1681 999 1731 6
1016 1678 1335 1740 Ἀπόστολος
1357 1678 1504 1746 ἡμᾶς
1526 1674 1731 1739 ἐδίδαξε
1751 1673 1945 1741 λέγων·

369 1792 386 1823 ι
410 1769 889 1840 Ὀμολογουμένως
916 1770 1059 1840 μέγα
1088 1770 1204 1822 ἐστὶ
1228 1769 1288 1821 τὸ
1315 1768 1415 1837 τῆς
1436 1765 1715 1828 εὐσεϐείας
1740 1763 1948 1834 μυστή-

2046 1036 2240 1094 XXIX.
2263 1034 2345 1089 Ex-
2369 1030 2606 1096 Apoatoli
2630 1026 2839 1092 scriptis
2860 1023 2919 1091 fit
2944 1014 3323 1096 demonstratio
3348 1007 3632 1078 perfectam

2315 1091 2479 1172 fuisse
2505 1103 2558 1155 in
2593 1097 2807 1154 Christo
2827 1091 3055 1146 hominis
3089 1094 3358 1139 naturam.

2120 1221 2214 1277 Si'c
2245 1228 2409 1273 natus
2441 1214 2695 1270 Christus
2734 1205 3019 1265 Dominus,
3081 1199 3163 1254 sic
3217 1191 3511 1252 enutritus.
3555 1194 3635 1241 tot

2047 1311 2331 1369 miraculis
2366 1307 2553 1365 editis.
2582 1311 2750 1372 atque
2803 1299 2873 1352 ob
2935 1294 3050 1349 haec
3106 1285 3344 1359 passioni
3395 1281 3632 1342 deditus,

2046 1402 2363 1466 crucitixus,
2416 1403 2682 1459 mortuus,
2732 1382 3177 1461 praedicatoribus
3230 1377 3298 1431 ad
3353 1374 3635 1429 universos

2048 1493 2295 1549 homines
2319 1488 2498 1543 missis
2520 1485 2693 1541 sacris
2714 1477 3012 1547 discipulis,
3029 1473 3083 1527 in
3100 1470 3299 1527 calum
3324 1471 3638 1531 assumptus

2048 1585 2172 1640 fuit.
2216 1581 2343 1635 Haec
2385 1578 2604 1648 quidem
2640 1568 2973 1631 summatim,
3012 1563 3140 1619 dum
3190 1560 3259 1614 ad
3290 1556 3637 1611 Timotheum

2053 1673 2344 1733 scriberet,
2404 1641 2514 1721 hos
2570 1662 2760 1718 docuit
2824 1653 3115 1725 Apostolus
3172 1649 3403 1704 dicens:
3449 1662 3467 1696 ι
3507 1641 3641 1697 Sine

2056 1762 2223 1817 dubio
2253 1727 2509 1830 magnum
2538 1762 2625 1809 est
2649 1747 2869 1821 pietatis
2905 1747 3330 1800 sacramentum,
3389 1735 3532 1788 Deus
3581 1727 3637 1785 in

366 1880 501 1936 ριον,
525 1862 659 1925 Θεὸς
696 1824 1016 1932 ἐφανερώθη
1054 1864 1111 1914 ὲν
1154 1860 1335 1931 σαρκὶ,
1371 1824 1661 1926 ξδικαιώθη
1781 1824 1949 1907 Πνεύ-

2056 1867 2218 1909 carne
2267 1824 2541 1919 apparuit,
2600 1841 2930 1912 justiﬁeatus
2974 1841 3058 1890 est
3102 1832 3156 1886 in
3210 1826 3443 1898 Spiritu.
3488 1824 3639 1875 visus

367 1971 520 2025 ματι,
567 1915 1038 2023 ὧφθηιάγγέλοις,
1083 1915 1360 2022 ἐκηρύχθη
1395 1949 1621 2014 ἔθνεσιν,
1651 1915 1946 2016 ’ἐπιστώθη

2056 1956 2135 2001 εει
2172 1915 2399 2011 angelis,
2432 1935 2758 2006 prmdicatus
2807 1939 2891 1983 est
2930 1928 2983 1981 in
3038 1922 3313 1992 gentibus,
3368 1915 3636 1970 creditum

3002 2015 3022 2025 -
3500 2004 3547 2025 ..ι
3614 2015 3629 2025 .

366 2049 425 2101 tv
457 2047 669 2116 κόσμῳ,
698 2044 975 2115 ἀνελήφθη
1002 2046 1060 2097 ὲν
1086 2043 1233 2113 δόξῃ.
1265 2062 1283 2094 ι
1316 2042 1425 2096 Καὶ
1457 2042 1555 2111 τὴν
1579 2042 1677 2111 μὲν
1703 2041 1950 2109 φανέρω-

368 2155 454 2192 οἰκ.¹
485 2135 774 2203 συνέζευξε
809 2140 874 2207 τῇ
920 2137 1106 2206 σαρκὶ,
1149 2135 1247 2205 τὴν
1281 2134 1336 2186 δὲ
1368 2134 1651 2187 δικαίωσιν
1679 2133 1819 2186 κατὰ
1852 2130 1949 2200 τὴν

366 2232 475 2285 τῶν
500 2231 794 2301 αίρετικῶν
827 2230 1187 2300 άϐελτηρίαν·
1235 2228 1531 2295 ἐδικαιώθη
1568 2227 1622 2279 δὲ
1660 2228 1725 2293 τῇ
1758 2238 1949 2293 συνερ-

366 2323 493 2392 γείᾳ
542 2322 636 2375 τοῦ
688 2323 1024 2391 Πνεύματος.
1074 2316 1220 2385 Ἀρα
1266 2319 1328 2372 τὸ
1373 2318 1670 2371 δικαιῶσαν
1697 2313 1944 2383 Πνεῦμα,

368 2419 619 2487 κρεῖττον
664 2416 755 2468 τοῦ
794 2413 1173 2475 δικαιωθέντος
1206 2410 1369 2474 rios;
1411 2410 1549 2462 Ἀλλ’
1568 2408 1751 2461 οὐκέτι
1777 2405 1950 2459 ταῦτα

369 2506 471 2557 οὐκ
512 2505 663 2556 ἐστι·
709 2504 771 2555 τὸ
812 2504 920 2573 γάρ
973 2502 1242 2573 ἡμέτερον
1295 2498 1585 2568 ἐδικαιώθη
1623 2497 1711 2551 διὰ
1747 2496 1841 2551 τοῦ
1893 2512 1951 2551 εν

370 2596 520 2665 αὐτῷ
550 2594 956 2663 φανερωθέντος
989 2593 1143 2657 Θεοῦ,
1194 2592 1252 2653 ὃς
1289 2590 1610 2660 ἀχωρίστως
1643 2587 1793 2658 αὐτῷ
1826 2604 1951 2640 συν-

367 2687 633 2755 ημμένος,
660 2686 759 2754 τήν
783 2700 841 2735 τε
871 2683 1045 2753 ἄκραν
1093 2683 1415 2735 ἐπαίδευσεν
1436 2681 1659 2750 ἀρετὴν,
1694 2680 1790 2732 xui.
1836 2677 1950 2731 τῶν

372 2776 541 2845 βελῶν
568 2778 666 2845 τῆς
690 2774 965 2845 ἁμαρτίας
1026 2770 1289 2841 ἐφύλαξεν
1319 2773 1603 2839 ἄγευστον,
1646 2772 1739 2823 καὶ
1771 2770 1953 2841 ἀμύη-

368 2885 481 2929 τον,
525 2868 617 2920 καὶ
644 2868 740 2936 τῆς
777 2865 1085 2933 διαϐολικῆς
1116 2864 1328 2934 ἀπάτης
1371 2865 1699 2934 ὑπέρτερον·
1731 2863 1824 2916 καλ⁵
1860 2862 1956 2915 θα-

370 2961 532 3012 νάτου
580 2958 714 3026 πρὸς
763 2958 936 3027 βραχὺ
983 2955 1285 3023 γεύσασθαι
1332 2956 1716 3025 συγχωρήσας,
1743 2970 1958 3024 παραυ-

370 3049 498 3101 τίκα
514 3049 610 3116 τῆς
631 3046 839 3098 ἐκείνου
863 3043 1177 3114 τυραννίδος
1199 3041 1497 3113 ἀπήλλαξε,
1518 3042 1611 3095 καὶ
1629 3041 1729 3109 τῆς
1750 3039 1958 3102 οἰκείας

372 3138 519 3207 αὐτῷ
548 3138 693 3205 ζωῆς
738 3135 1095 3205 μεταδέδωκε,
1138 3134 1232 3187 καὶ
1264 3135 1339 3197 είς
1383 3133 1645 3203 οὐρανοὺς
1690 3132 1955 3201 ἀνήγαγε,

374 3230 468 3281 καὶ
503 3230 567 3281 ὲκ
597 3227 785 3291 δεξιῶν
813 3227 910 3295 τῆς
935 3225 1324 3294 μεγαλωσύνης
1350 3224 1622 3287 ἐκάθισεν,
1658 3224 1753 3275 καὶ
1782 3223 1953 3290 ὄνομα

374 3318 522 3388 αὐτῷ
548 3318 839 3388 ἐχαρίσατο
856 3317 915 3369 τὸ
939 3316 1079 3387 ὑπὲρ
1107 3317 1214 3367 πᾶν
1238 3315 1428 3385 ὄνομα,
1456 3315 1554 3384 τὴν
1580 3314 1785 3365 οίκείαν
1807 3310 1955 3381 αὐτῷ

374 3411 529 3475 ἀξίαν
554 3410 938 3479 δωρησάμενος
956 3424 969 3437 ·
1003 3409 1095 3460 καὶ
1124 3405 1220 3477 τὴν
1242 3407 1342 3476 τῆς
1371 3405 1583 3473 φύσεως
1607 3403 1769 3456 αὐτοῦ
1789 3418 1957 3474 προσ-

376 3502 604 3572 ηγορίαν
652 3500 852 3561 λαϐὼν,
882 3499 1010 3563 Υἱὸς
1058 3498 1347 3569 ἀνθρώπου
1399 3499 1429 3549 6
1485 3497 1811 3569 προαιώνιος
1858 3493 1954 3547 τοῦ

374 3592 512 3647 Θεοῦ
550 3593 721 3660 Λόγος
753 3591 1054 3662 ηὐδόκησεν
1104 3588 1485 3660 ὀνομάζεσθαι.
1551 3606 1568 3636 ι
1595 3588 1783 3650 Οὐδεὶς
1824 3588 1954 3658 γὰρ,

377 3683 563 3752 φησὶν,
591 3682 928 3752 ἀναϐέϐηκεν
954 3684 1031 3745 είς
1064 3682 1155 3734 τὸν
1187 3680 1434 3751 οὐρανὸν,
1470 3682 1519 3732 εί
1548 3678 1621 3751 μὴ
1649 3680 1678 3731 6
1710 3680 1767 3743 ἐξ
1795 3679 1958 3747 οὐρα-

377 3773 469 3827 νοῦ
500 3772 744 3836 καταϐὰς
772 3774 800 3823 ὁ
839 3772 965 3835 Υἱὸς
989 3769 1084 3824 τοῦ
1125 3757 1437 3835 ἀνθρώπου,
1464 3772 1492 3822 6
1517 3767 1590 3822 ὢν
1617 3771 1673 3821 ὲν
1694 3766 1772 3836 τῷ
1798 3768 1959 3836 οὐρα-

378 3862 473 3935 νῷ.
504 3881 523 3917 ι
556 3864 775 3932 Κατὲϐη
808 3863 858 3915 δὲ
888 3863 987 3932 οὐχ
1014 3865 1042 3915 6
1080 3861 1144 3916 hc
1185 3861 1499 3931 σπέρματος
1543 3859 1709 3913 Δαϐὶδ
1751 3860 1815 3911 ὲκ
1850 3857 1957 3910 τῶν

377 3954 644 4024 οὐρανῶν,
676 3953 790 4006 ἀλλ’
813 3955 841 4006 6
862 3952 969 4005 τῶν
1008 3949 1325 4024 [οὐρανῶν]
1360 3949 1611 4020 ποιητὴς,
1642 3951 1670 4002 6
1692 3950 1960 4020 ὐπέρχρο-

378 4063 467 4105 νος
495 4044 630 4098 Θεοῦ
666 4046 858 4112 Λόγος,
886 4045 914 4096 6
938 4044 1043 4114 πρὸ
1067 4044 1177 4098 τῶν
1206 4042 1418 4096 αἰώνων
1446 4041 1735 4111 ὑπάρχων
1776 4040 1871 4093 διὰ
1901 4040 1958 4093 δὲ

378 4139 477 4210 τὴν
506 4138 641 4208 πρὸς
668 4137 727 4190 1:6
768 4135 1106 4208 ἀνθρώπινον
1134 4136 1350 4200 ἕνωσιν,
1382 4134 1649 4205 λαμϐάνει
1693 4131 1785 4185 τοῦ
1824 4130 1957 4185 Υἱοῦ

380 4227 473 4281 τοῦ
504 4227 792 4296 ἀνθρώπου
826 4228 886 4279 τὸ
904 4227 1072 4296 δνομα
1097 4241 1111 4255 ·
1134 4227 1229 4279 καὶ
1258 4224 1490 4295 ἑτέρωθι
1517 4224 1574 4277 δὲ
1598 4223 1759 4277 πάλιν
1786 4221 1959 4287 οῦτως

382 4316 543 4370 αὐτὸν
581 4314 1005 4385 προσαγορεύει·
1074 4334 1091 4365 ι
1114 4313 1238 4366 Ἐὰν
1273 4313 1420 4384 ἴδητε
1448 4313 1541 4365 τὸν
1576 4312 1703 4365 Υίὺν
1740 4311 1834 4365 τοῦ
1866 4311 1960 4365 ἀν-

383 4406 602 4477 θρώπου
649 4408 1009 4476 ἀνερχόμενον
1050 4405 1185 4479 ὅπου
1225 4398 1293 4475 ἦν
1336 4403 1398 4456 τὸ
1452 4403 1716 4475 πρότερον
1743 4421 1756 4435 ’
1788 4423 1807 4456 ι
1863 4403 1959 4474 οὐχ

383 4502 417 4570 ή
459 4498 551 4550 τοῦ
594 4496 778 4550 δούλου
829 4496 1032 4566 μορφὴ,
1059 4494 1173 4547 ἀλλ’
1214 4497 1247 4563 ή
1299 4493 1393 4546 τοῦ
1440 4494 1575 4547 Θεοῦ
1608 4498 1824 4565 μορφή·
1866 4496 1959 4548 καὶ

383 4584 561 4651 αὖθιςσ
597 4606 614 4638 ι
644 4588 766 4639 ’Ότι
807 4586 917 4648 υἱὸς
948 4583 1233 4654 ἀνθρώπου
1266 4584 1402 4647 ἐστὶ,
1436 4583 1590 4652 φησὶ,
1644 4585 1716 4653 μὴ
1746 4583 1959 4654 Θαυμά-

383 4681 506 4745 ζετε
528 4679 706 4742 τοῦτο,
737 4679 817 4730 ὅτι
864 4677 1077 4746 ἔρχεται
1113 4676 1230 4744 ὥρα
1280 4677 1336 4727 ὲν
1449 4674 1772 4727 ἀκούσονται
1809 4677 1857 4727 oi
1902 4677 1959 4729 ἐν

382 4777 494 4838 τοῖς
531 4776 774 4843 μνήμασι
800 4771 896 4840 τῆς
928 4770 1109 4841 φωνῆς
1144 4767 1331 4830 αὐτοῦ,
1380 4769 1474 4821 καὶ
1516 4767 1885 4834 ἐξελεύσονται
1909 4769 1958 4820 οἱ

384 4867 454 4921 τὰ
487 4864 668 4933 ἀγαθὰ
703 4864 1047 4933 ποιήσαντες,
1084 4862 1163 4923 εἰς
1193 4861 1489 4913 ἀνάστασιν
1520 4858 1691 4929 ζωῆς·
1724 4860 1773 4912 οί
1803 4860 1861 4912 δὲ
1894 4858 1963 4913 τά

386 4959 568 5030 φαῦλα
592 4956 920 5027 πράξαντες,
956 4956 1033 5015 εἰς
1067 4952 1364 5006 ἀνάστασιν
1409 4949 1664 5021 κρίσεως.
1692 4968 1711 4999 ›
1763 4951 1836 5002 Οὐ
1863 4948 1963 5020 τῆς

385 5049 802 5120 άνθρωπότητος
851 5046 907 5099 δὲ
949 5045 1109 5114 ψιλῆς
1151 5044 1309 5097 τοῦτο
1356 5043 1418 5096 τὸ
1474 5042 1623 5108 ἴδιον,
1682 5042 1819 5096 ἀλλὰ
1865 5042 1965 5113 τῆς

384 5139 715 5211 ἐνεργούσης
745 5138 1017 5207 θεότητος,
1061 5135 1272 5204 καὶτῆς
1298 5134 1630 5203 φαινομένης
1665 5133 1727 5205 δὴ
1756 5134 1966 5205 ἀνθρω-

385 5233 621 5375 1ἔτότητος
649 5230 737 5284 διὰ
762 5230 858 5301 τὴν
885 5228 1021 5301 πρὸς
1048 5228 1147 5299 τὴν
1186 5226 1413 5297 θεότητα
1456 5226 1750 5295 συνάφειάν
1782 5243 1838 5277 τε
1872 5227 1964 5278 καὶ

418 5338 598 5375 νωσιν.

418 5338 598 5376 νωσιν.

388 5431 471 5484 A'.
527 5418 657 5481 ⁸οη
704 5428 834 5510 Υἱὸς
883 5429 921 5493 ἠ
963 5426 1103 5511 ,σοῦ’
1156 5425 1381 5477 δούλου
1433 5423 1636 5510 μορφὴ
1688 5421 1785 5475 διὰ
1849 5424 1964 5491 τὴν

567 5497 904 5565 συν-ἀφείην
944 5497 1225 5560 ὡσαύτως
1260 5495 1783 5561 προσαγορεύεται.

460 5610 648 5673 υῦτως
682 5612 710 5663 6
760 5611 893 5673 Θεὸς
934 5610 1102 5677 Λόγος
1151 5606 1441 5661 οἰκειοῦται
1494 5608 1593 5677 τῆς
1632 5605 1725 5660 τοῦ
1778 5606 1962 5659 δούλου

2049 2044 2136 2091 est
2186 2034 2233 2086 ei
2283 2032 2335 2085 in
2369 2027 2594 2089 mundo,
2642 2028 2953 2087 assumptus
2998 2013 3182 2068 fuitin
3229 2009 3460 2078 gloriam
3500 2004 3569 2057 “.
3614 2015 3632 2048 ι

2054 2120 2641 2182 Etmnnifestationem
2676 2114 2896 2184 quidem
2946 2108 3034 2162 hic
3066 2102 3362 2160 connexnit
3416 2109 3642 2167 propter

2052 2230 2297 2277 carnem,
2326 2208 2767 2283 justiiicationem
2797 2208 2977 2256 autem
3010 2206 3231 2268 propter
3251 2190 3638 2247 haereticorum

2051 2309 2378 2366 stultitiam:
2407 2300 2739 2372 justifieatus
2766 2303 2849 2351 est
2888 2302 3069 2346 autem
3129 2291 3461 2355 cooperante
3516 2277 3641 2346 Spi-

2053 2402 2184 2457 ritu.
2218 2399 2355 2453 Num
2383 2370 2514 2466 ergo
2538 2390 2778 2461 Spiritus
2802 2385 3108 2458 justiﬂcans
3146 2379 3327 2451 potior
3352 2383 3437 2430 est
3473 2370 3641 2438 justi-

2055 2496 2219 2549 licato
2244 2491 2384 2546 Filio
2414 2489 2438 2542 ?
2489 2485 2637 2555 Nego
2664 2481 2947 2539 enimvero
2983 2489 3149 2532 :nam
3216 2479 3402 2525 nostra
3463 2464 3642 2534 potius

2054 2595 2252 2642 natura
2278 2553 2590 2652 justiticata-
2618 2574 2741 2638 fuit,
2805 2578 3027 2641 propter
3081 2556 3572 2633 supervenientem.
3590 2553 3639 2607 ei

2056 2676 2247 2737 Deum,
2280 2650 2373 2743 qui
2404 2668 2579 2725 eident
2612 2658 3048 2733 inseparabiliter
3077 2651 3400 2719 coniunctus
3440 2652 3542 2707 est,
3588 2650 3645 2694 et

2056 2778 2322 2823 summam
2356 2759 2544 2814 docuit
2563 2757 2840 2814 virtutem,
2885 2757 2994 2803 eta
3023 2740 3231 2815 peccati
3286 2735 3410 2792 telis
3460 2739 3647 2787 custoc

2056 2857 2193 2913 divit
2274 2853 2538 2907 intactam
2595 2856 2761 2916 atque
2816 2842 3216 2898 intemeratam,
3268 2840 3325 2884 et
3372 2822 3642 2882 diabolica

2058 2945 2250 3003 fraude
2274 2942 2611 3013 superiorem
2644 2953 2660 3003 ;
2692 2947 2856 3004 quam
2883 2944 3005 2985 cum
3034 2923 3186 2981 brevi
3222 2930 3468 2989 tempore
3500 2928 3647 2969 mor-

2059 3047 2165 3092 tem
2197 3005 2416 3103 gusta-re
2472 3026 2836 3099 permisisset,
2884 3034 3007 3074 mox
3050 3014 3295 3088 ejusdem
3356 3005 3648 3079 tyrannide

2060 3096 2227 3200 θεέ
2258 3142 2305 3178 m
2339 3096 2561 3191 eripuit,
2594 3117 2752 3186 eique
2797 3111 3072 3184 pr0priam
3123 3106 3295 3159 vitam
3339 3096 3649 3168 impertitus

1985 3202 2030 3263 Ο
2060 3184 2258 3281 est—in
2294 3212 2491 3268 coelum
2524 3184 2744 3270 extulit,
2770 3213 2825 3258 et
2855 3204 2908 3257 in
2949 3201 3171 3256 dextera
3205 3190 3508 3261 maiestatis
3536 3184 3649 3239 col-

2060 3308 2279 3368 locavit,
2310 3305 2470 3373 eique
2501 3312 2698 3354 nomen
2717 3293 2939 3350 donavit
2971 3289 3115 3361 quod
3142 3295 3230 3341 est
3272 3293 3438 3351 super
3485 3289 3649 3332 omne

2060 3415 2258 3458 nomen
2290 3398 2360 3464 ⁸⁷,
2392 3408 2545 3450 suam
2583 3402 2776 3459 nempe
2812 3385 3131 3454 dignitatem
3167 3379 3269 3448 ipsi
3317 3371 3645 3429 conferens:

2060 3510 2121 3549 ac
2140 3501 2347 3546 natura:
2371 3483 2791 3555 appellationem
2822 3477 2967 3532 illius
2989 3485 3233 3531 sumens,
3264 3466 3355 3536 qui
3373 3470 3494 3519 erat
3516 3469 3646 3515 ante

2058 3582 2257 3639 saecula
2288 3580 2382 3634 Dei
2407 3575 2671 3638 Verbum,
2700 3570 2872 3627 Filius
2902 3562 3139 3620 hominis
3167 3556 3433 3614 nominari
3479 3552 3652 3606 liben-

2061 3686 2143 3729 ter
2181 3671 2369 3727 voluit.
2411 3687 2429 3720 ι
2468 3665 2640 3721 Nemo
2662 3663 2831 3725 enim,
2866 3657 3044 3727 inquit
3067 3650 3335 3724 (Paulus),
3367 3648 3421 3701 in
3450 3643 3649 3701 catlutn

2060 3762 2330 3825 ascendit,
2354 3760 2459 3814 nisi
2482 3758 2573 3827 qui
2608 3757 2674 3810 dc
2701 3752 2843 3809 caelo
2876 3747 3155 3804 descendit
3186 3743 3353 3799 Filius
3390 3735 3650 3803 hominis,

2060 3861 2151 3931 qui
2187 3861 2240 3913 in
2277 3855 2431 3912 cretis
2494 3863 2579 3908 est
2610 3850 2679 3904 ⁸⁸.
2723 3866 2746 3902 ο
2802 3843 3093 3901 Descendit
3154 3848 3336 3894 autem
3388 3836 3455 3889 de
3510 3830 3651 3886 coelo

2062 3967 2172 4007 non
2200 3952 2245 4005 is
2271 3948 2363 4019 qui
2405 3953 2525 4000 erat
2555 3943 2622 3997 de
2678 3937 2895 3994 Davidis
2944 3933 3175 3996 semine,
3224 3929 3322 3985 sed
3380 3925 3648 3980 «telorum

2060 4052 2301 4107 creator,
2335 4038 2431 4095 Dei
2458 4044 2585 4092 ante
2622 4046 2784 4087 omne
2848 4037 3064 4095 tempus
3118 4021 3358 4078 Verbum
3416 4025 3473 4073 et
3526 4024 3652 4071 ante

2061 4133 2286 4190 saecula.
2316 4129 2415 4185 llic
2448 4134 2668 4197 propter
2697 4135 2853 4177 suam
2897 4132 3019 4173 cum
3061 4113 3399 4170 humanitate
3442 4108 3653 4163 aduna-

2062 4229 2289 4292 tionem,
2325 4221 2450 4277 Filii
2478 4216 2718 4275 hominis
2748 4206 3177 4276 nomenaccipit.
3207 4202 3275 4257 Et
3301 4204 3409 4257 alio
3457 4212 3649 4253 rursus

2062 4317 2185 4372 loco
2210 4288 2357 4369 hunc
2392 4312 2465 4368 ita
2487 4306 2763 4378 appellat:
2799 4320 2819 4355 ι
2856 4300 2915 4356 Si
2940 4297 3188 4355 videritis
3225 4293 3425 4348 Filium
3473 4288 3650 4345 homi-

2065 4410 2149 4465 nis
2174 4408 2302 4462 illuc
2326 4402 2713 4460 ascendentem
2742 4394 2833 4449 ubi
2865 4392 3018 4462 prius
3040 4396 3162 4443 erat
3190 4384 3260 4450 ",
3317 4402 3337 4437 ι
3375 4396 3481 4437 non
3510 4378 3654 4435 servi

2068 4502 2268 4566 forma,
2316 4495 2410 4551 sed
2461 4494 2637 4547 forma
2684 4486 2803 4541 Dei.
2868 4482 2938 4538 Et
2981 4493 3211 4535 rursus:
3248 4494 3267 4528 ι
3297 4473 3453 4543 Quod
3515 4471 3656 4526 illius

2068 4590 2305 4650 hominis
2325 4586 2418 4651 sit,
2444 4581 2639 4652 inquit,
2668 4592 2736 4633 ne
2769 4571 3040 4630 miremini
3076 4587 3091 4637 ;
3127 4566 3277 4622 venit
3301 4566 3446 4620 enim
3495 4562 3653 4629 hora,

2066 4699 2175 4756 qua
2205 4682 2241 4737 ii
2265 4679 2359 4750 qui
2392 4676 2446 4729 in
2472 4666 2839 4728 monumentis
2867 4659 3233 4718 suntaudient
3260 4653 3612 4713 vocemillius
3638 4670 3651 4706 :

2067 4744 2121 4829 et
2154 4744 2450 4842 procedent
2481 4761 2576 4833 qui
2627 4760 2764 4815 bona
2822 4754 3075 4810 fecerunt
3100 4751 3154 4805 in
3196 4744 3655 4804 resurrectionem

2066 4863 2235 4926 vitae;
2272 4859 2363 4929 qui
2406 4868 2537 4910 vero
2591 4851 2731 4906 mala
2785 4852 3035 4917 egerunt,
3088 4842 3142 4897 in
3200 4836 3657 4894 resurrectionem

2067 4952 2254 5024 judicii
2285 4928 2353 5003 δ’.
2379 4966 2397 4999 ι
2420 4946 2538 5002 Νοη
2573 4952 2650 4998 est
2676 4942 2779 4995 hoc.
2798 4938 2957 4992 unius
2981 4932 3338 4990 humanitatis
3354 4928 3655 4999 proprium,

2062 5048 2157 5103 sed
2191 5040 2469 5113 nperantis
2504 5033 2827 5095 divinitatis,
2861 5037 2917 5084 et
2942 5026 3101 5083 simul
3126 5022 3484 5079 humanitatis
3528 5034 3660 5072 con-

2062 5133 2265 5201 spicum
2328 5137 2554 5197 propter
2608 5136 2761 5177 suam
2808 5132 2931 5173 cum
2975 5114 3264 5171 divinitate
3317 5108 3657 5180 conjunctio-

2064 5238 2186 5279 nem
2221 5232 2387 5291 atque
2427 5214 2833 5272 adunationem.

2076 5422 2246 5479 XXX.
2284 5419 2439 5487 Quod
2472 5418 2644 5487 forma
2670 5410 2904 5487 servi__ob
2956 5409 3191 5487 eamdem
3236 5406 3657 5475 conjunctionem

2478 5480 2652 5541 Filius
2676 5482 2916 5538 similiter
2940 5480 3250 5549 appetletur.

2142 5605 2215 5658 lta
2275 5604 2414 5658 Deus
2464 5594 3036 5665 Verbum'propriam
3091 5592 3194 5646 sibi
3252 5588 3381 5643 facit
3446 5584 3660 5642 servilis

461 5792 505 5825 “
531 5791 764 5855 Romm,
792 5790 841 5844 5.
877 5790 920 5820 ⁸⁸
950 5790 965 5843 ι
995 5788 1226 5843 Timoth.
1261 5802 1339 5853 ιιι,
1372 5786 1458 5845 16.
1494 5786 1533 5817 ⁸⁷
1572 5784 1801 5857 Philipp.
1838 5800 1900 5850 tt,
1930 5784 1953 5839 9

2061 5782 2105 5815 ’⁸
2134 5781 2328 5851 Ephes.
2364 5796 2432 5847 tv,
2474 5780 2560 5834 10.
2604 5775 2826 5831 "Joan.
2866 5790 2935 5841 τι,
2968 5771 3058 5827 65.
3101 5768 3147 5801 '°
3181 5766 3338 5823 Joan.
3379 5778 3434 5830 ι’,
3458 5756 3659 5814 97-29.
