  <div class='ocr_page' id='page_1' title='image "/cluster/home/n/w/nwhite01/storage/ocr_20150623/75/pst.000005712748/775.png"; bbox 0 0 4058 6328; ppageno 0'>
   <div class='ocr_carea' id='block_1_1' title="bbox 501 408 3723 493">
    <p class='ocr_par' dir='ltr' id='par_1_1' title="bbox 501 408 3723 493">
     <span class='ocr_line' id='line_1_1' title="bbox 501 408 3723 493; baseline 0.001 -14"><span class='ocrx_word' id='word_1_1' title='bbox 501 425 629 480; x_wconf 84' lang='lat' dir='ltr'><strong>tm</strong></span> <span class='ocrx_word' id='word_1_2' title='bbox 1517 434 1572 487; x_wconf 89' lang='lat' dir='ltr'><strong>s.</strong></span> <span class='ocrx_word' id='word_1_3' title='bbox 1614 435 1887 492; x_wconf 67' lang='lat' dir='ltr'><strong>unum</strong></span> <span class='ocrx_word' id='word_1_4' title='bbox 1922 430 2386 493; x_wconf 75' lang='lat' dir='ltr'><strong>ALEXANDRINI</strong></span> <span class='ocrx_word' id='word_1_5' title='bbox 2428 427 2745 484; x_wconf 79' lang='lat' dir='ltr'><strong>ARCllIEP.</strong></span> <span class='ocrx_word' id='word_1_6' title='bbox 3589 408 3723 466; x_wconf 65' lang='lat'><strong>“~73</strong></span> 
     </span>
    </p>
   </div>
   <div class='ocr_carea' id='block_1_2' title="bbox 500 530 2057 635">
    <p class='ocr_par' dir='ltr' id='par_1_2' title="bbox 500 548 2057 620">
     <span class='ocr_line' id='line_1_2' title="bbox 500 548 2057 620; baseline 0.003 -19"><span class='ocrx_word' id='word_1_7' title='bbox 500 548 683 602; x_wconf 61' lang='lat' dir='ltr'><strong>forma</strong></span> <span class='ocrx_word' id='word_1_8' title='bbox 715 548 970 601; x_wconf 84' lang='lat' dir='ltr'><strong>vilitatem</strong></span> <span class='ocrx_word' id='word_1_9' title='bbox 998 566 1012 615; x_wconf 86' lang='lat'><strong>;</strong></span> <span class='ocrx_word' id='word_1_10' title='bbox 1037 558 1090 603; x_wconf 90' lang='lat' dir='ltr'><strong>et</strong></span> <span class='ocrx_word' id='word_1_11' title='bbox 1122 550 1258 604; x_wconf 90' lang='lat' dir='ltr'><strong>Deus</strong></span> <span class='ocrx_word' id='word_1_12' title='bbox 1300 566 1419 604; x_wconf 90' lang='lat' dir='ltr'><strong>cum</strong></span> <span class='ocrx_word' id='word_1_13' title='bbox 1474 564 1635 620; x_wconf 87' lang='lat' dir='ltr'><strong>esset,</strong></span> <span class='ocrx_word' id='word_1_14' title='bbox 1697 556 1857 610; x_wconf 91' lang='lat' dir='ltr'><strong>homo</strong></span> <span class='ocrx_word' id='word_1_15' title='bbox 1895 556 2057 610; x_wconf 89' lang='lat' dir='ltr'><strong>voluit</strong></span> 
     </span>
    </p>
   </div>
   <div class='ocr_carea' id='block_1_3' title="bbox 2161 530 3726 635">
    <p class='ocr_par' dir='ltr' id='par_1_3' title="bbox 2166 530 3726 635">
     <span class='ocr_line' id='line_1_3' title="bbox 2166 530 3726 635; baseline -0.015 -31"><span class='ocrx_word' id='word_1_16' title='bbox 2166 550 2376 621; x_wconf 78' lang='grc' dir='ltr'><strong>μορφῆς</strong></span> <span class='ocrx_word' id='word_1_17' title='bbox 2398 551 2497 621; x_wconf 81' lang='grc' dir='ltr'><strong>τὴν</strong></span> <span class='ocrx_word' id='word_1_18' title='bbox 2534 548 2822 611; x_wconf 85' lang='grc' dir='ltr'><strong>εὐτέλειαν,</strong></span> <span class='ocrx_word' id='word_1_19' title='bbox 2852 545 2944 597; x_wconf 82' lang='grc' dir='ltr'><strong>καὶ</strong></span> <span class='ocrx_word' id='word_1_20' title='bbox 2972 542 3103 604; x_wconf 77' lang='grc' dir='ltr'><strong>Θεὸς</strong></span> <span class='ocrx_word' id='word_1_21' title='bbox 3132 530 3726 635; x_wconf 39' lang='grc' dir='ltr'><strong>ὑπάρχιρνιᾶνθρωποε</strong></span> 
     </span>
    </p>
   </div>
   <div class='ocr_carea' id='block_1_4' title="bbox 502 624 2057 730">
    <p class='ocr_par' dir='ltr' id='par_1_4' title="bbox 502 636 2057 715">
     <span class='ocr_line' id='line_1_4' title="bbox 502 636 2057 715; baseline 0.003 -23"><span class='ocrx_word' id='word_1_22' title='bbox 502 641 800 706; x_wconf 81' lang='lat' dir='ltr'><strong>nominari;</strong></span> <span class='ocrx_word' id='word_1_23' title='bbox 827 652 985 709; x_wconf 80' lang='lat' dir='ltr'><strong>alque</strong></span> <span class='ocrx_word' id='word_1_24' title='bbox 1014 650 1070 693; x_wconf 94' lang='lat' dir='ltr'><strong>ut</strong></span> <span class='ocrx_word' id='word_1_25' title='bbox 1100 642 1331 695; x_wconf 82' lang='lat' dir='ltr'><strong>hominis</strong></span> <span class='ocrx_word' id='word_1_26' title='bbox 1355 636 1712 698; x_wconf 85' lang='lat' dir='ltr'><strong>humilitatem</strong></span> <span class='ocrx_word' id='word_1_27' title='bbox 1749 646 2057 715; x_wconf 91' lang='lat' dir='ltr'><strong>assumpsit,</strong></span> 
     </span>
    </p>
   </div>
   <div class='ocr_carea' id='block_1_5' title="bbox 2161 624 3725 730">
    <p class='ocr_par' dir='ltr' id='par_1_5' title="bbox 2166 624 3725 730">
     <span class='ocr_line' id='line_1_5' title="bbox 2166 624 3725 730; baseline -0.015 -34"><span class='ocrx_word' id='word_1_28' title='bbox 2166 643 2427 712; x_wconf 74' lang='grc' dir='ltr'><strong>ἠθέλησεν</strong></span> <span class='ocrx_word' id='word_1_29' title='bbox 2458 637 2834 709; x_wconf 76' lang='grc' dir='ltr'><strong>ὀνομάζεσθαι.</strong></span> <span class='ocrx_word' id='word_1_30' title='bbox 2865 634 2973 687; x_wconf 74' lang='grc' dir='ltr'><strong>Καὶ</strong></span> <span class='ocrx_word' id='word_1_31' title='bbox 2996 632 3181 700; x_wconf 81' lang='grc' dir='ltr'><strong>ὥσπερ</strong></span> <span class='ocrx_word' id='word_1_32' title='bbox 3219 624 3615 730; x_wconf 46' lang='grc' dir='ltr'><strong>με.τέλαῦε“τῶν</strong></span> <span class='ocrx_word' id='word_1_33' title='bbox 3634 624 3725 673; x_wconf 87' lang='grc' dir='ltr'><strong>τοῦ</strong></span> 
     </span>
    </p>
   </div>
   <div class='ocr_carea' id='block_1_6' title="bbox 503 720 2057 818">
    <p class='ocr_par' dir='ltr' id='par_1_6' title="bbox 503 732 2057 791">
     <span class='ocr_line' id='line_1_6' title="bbox 503 732 2057 791; baseline 0.003 -7"><span class='ocrx_word' id='word_1_34' title='bbox 503 734 573 785; x_wconf 81' lang='lat' dir='ltr'><strong>ita</strong></span> <span class='ocrx_word' id='word_1_35' title='bbox 604 732 726 786; x_wconf 87' lang='lat' dir='ltr'><strong>huic</strong></span> <span class='ocrx_word' id='word_1_36' title='bbox 764 733 1002 786; x_wconf 81' lang='lat' dir='ltr'><strong>vicissim</strong></span> <span class='ocrx_word' id='word_1_37' title='bbox 1034 732 1412 787; x_wconf 74' lang='lat' dir='ltr'><strong>sublimitatem</strong></span> <span class='ocrx_word' id='word_1_38' title='bbox 1439 737 1873 789; x_wconf 76' lang='lat' dir='ltr'><strong>communicavit.</strong></span> <span class='ocrx_word' id='word_1_39' title='bbox 1896 736 2057 791; x_wconf 84' lang='lat' dir='ltr'><strong>Voca-</strong></span> 
     </span>
    </p>
   </div>
   <div class='ocr_carea' id='block_1_7' title="bbox 2161 720 3725 818">
    <p class='ocr_par' dir='ltr' id='par_1_7' title="bbox 2164 720 3725 818">
     <span class='ocr_line' id='line_1_7' title="bbox 2164 720 3725 818; baseline -0.012 -29"><span class='ocrx_word' id='word_1_40' title='bbox 2164 733 2448 806; x_wconf 83' lang='grc' dir='ltr'><strong>ἀνθρώπου</strong></span> <span class='ocrx_word' id='word_1_41' title='bbox 2481 732 2770 795; x_wconf 81' lang='grc' dir='ltr'><strong>ταπεινῶν,</strong></span> <span class='ocrx_word' id='word_1_42' title='bbox 2805 728 2947 782; x_wconf 80' lang='grc' dir='ltr'><strong>οὕτω</strong></span> <span class='ocrx_word' id='word_1_43' title='bbox 2985 726 3092 780; x_wconf 83' lang='grc' dir='ltr'><strong>τῶν</strong></span> <span class='ocrx_word' id='word_1_44' title='bbox 3120 720 3520 818; x_wconf 44' lang='grc' dir='ltr'><strong>ὑψηλῶνξῦτῷ</strong></span> <span class='ocrx_word' id='word_1_45' title='bbox 3560 731 3725 818; x_wconf 52' lang='grc' dir='ltr'><strong>μετα-</strong></span> 
     </span>
    </p>
   </div>
   <div class='ocr_carea' id='block_1_8' title="bbox 502 806 2057 896">
    <p class='ocr_par' dir='ltr' id='par_1_8' title="bbox 502 823 2057 896">
     <span class='ocr_line' id='line_1_8' title="bbox 502 823 2057 896; baseline 0.003 -19"><span class='ocrx_word' id='word_1_46' title='bbox 502 835 658 877; x_wconf 91' lang='lat' dir='ltr'><strong>catur</strong></span> <span class='ocrx_word' id='word_1_47' title='bbox 694 825 834 876; x_wconf 86' lang='lat' dir='ltr'><strong>enim</strong></span> <span class='ocrx_word' id='word_1_48' title='bbox 861 824 1097 892; x_wconf 77' lang='lat' dir='ltr'><strong>Virginis</strong></span> <span class='ocrx_word' id='word_1_49' title='bbox 1120 825 1371 892; x_wconf 88' lang='lat' dir='ltr'><strong>parvulus</strong></span> <span class='ocrx_word' id='word_1_50' title='bbox 1422 823 1736 879; x_wconf 83' lang='lat' dir='ltr'><strong>Emmanuel</strong></span> <span class='ocrx_word' id='word_1_51' title='bbox 1762 828 1828 891; x_wconf 81' lang='lat'><strong>&quot;,</strong></span> <span class='ocrx_word' id='word_1_52' title='bbox 1874 841 2057 896; x_wconf 81' lang='lat' dir='ltr'><strong>nempe</strong></span> 
     </span>
    </p>
   </div>
   <div class='ocr_carea' id='block_1_9' title="bbox 2161 806 3729 896">
    <p class='ocr_par' dir='ltr' id='par_1_9' title="bbox 2161 806 3729 896">
     <span class='ocr_line' id='line_1_9' title="bbox 2161 806 3729 896; baseline -0.015 -15"><span class='ocrx_word' id='word_1_53' title='bbox 2161 828 2377 881; x_wconf 74' lang='grc' dir='ltr'><strong>δέδωκε.</strong></span> <span class='ocrx_word' id='word_1_54' title='bbox 2408 824 2668 877; x_wconf 80' lang='grc' dir='ltr'><strong>Καλεῖται</strong></span> <span class='ocrx_word' id='word_1_55' title='bbox 2707 823 2815 891; x_wconf 74' lang='grc' dir='ltr'><strong>γὰρ</strong></span> <span class='ocrx_word' id='word_1_56' title='bbox 2841 820 2901 872; x_wconf 80' lang='grc' dir='ltr'><strong>τὸ</strong></span> <span class='ocrx_word' id='word_1_57' title='bbox 2926 818 3026 888; x_wconf 81' lang='grc' dir='ltr'><strong>τῆς</strong></span> <span class='ocrx_word' id='word_1_58' title='bbox 3056 814 3333 883; x_wconf 81' lang='grc' dir='ltr'><strong>Παρθένου</strong></span> <span class='ocrx_word' id='word_1_59' title='bbox 3346 806 3561 881; x_wconf 73' lang='grc' dir='ltr'><strong>’βρέφος</strong></span> <span class='ocrx_word' id='word_1_60' title='bbox 3599 806 3729 896; x_wconf 42' lang='grc' dir='ltr'><strong>Ἐμέ</strong></span> 
     </span>
    </p>
   </div>
   <div class='ocr_carea' id='block_1_10' title="bbox 504 893 2057 987">
    <p class='ocr_par' dir='ltr' id='par_1_10' title="bbox 504 893 2057 985">
     <span class='ocr_line' id='line_1_10' title="bbox 504 893 2057 985; baseline 0.003 -19"><span class='ocrx_word' id='word_1_61' title='bbox 504 914 550 968; x_wconf 90' lang='lat' dir='ltr'><strong>is</strong></span> <span class='ocrx_word' id='word_1_62' title='bbox 580 914 668 983; x_wconf 88' lang='lat' dir='ltr'><strong>qui</strong></span> <span class='ocrx_word' id='word_1_63' title='bbox 701 916 891 983; x_wconf 83' lang='lat' dir='ltr'><strong>pannis</strong></span> <span class='ocrx_word' id='word_1_64' title='bbox 935 924 1021 970; x_wconf 86' lang='lat' dir='ltr'><strong>est</strong></span> <span class='ocrx_word' id='word_1_65' title='bbox 1064 915 1332 969; x_wconf 90' lang='lat' dir='ltr'><strong>involutus</strong></span> <span class='ocrx_word' id='word_1_66' title='bbox 1364 916 1430 976; x_wconf 84' lang='lat'><strong>&quot;,</strong></span> <span class='ocrx_word' id='word_1_67' title='bbox 1459 924 1516 968; x_wconf 87' lang='lat' dir='ltr'><strong>et</strong></span> <span class='ocrx_word' id='word_1_68' title='bbox 1575 917 1739 970; x_wconf 86' lang='lat' dir='ltr'><strong>ubera</strong></span> <span class='ocrx_word' id='word_1_69' title='bbox 1797 918 1959 985; x_wconf 86' lang='lat' dir='ltr'><strong>sugit,</strong></span> <span class='ocrx_word' id='word_1_70' title='bbox 1999 893 2057 971; x_wconf 21' lang='lat' dir='ltr'><strong>rel</strong></span> 
     </span>
    </p>
   </div>
   <div class='ocr_carea' id='block_1_11' title="bbox 2161 893 3730 987">
    <p class='ocr_par' dir='ltr' id='par_1_11' title="bbox 2170 893 3730 987">
     <span class='ocr_line' id='line_1_11' title="bbox 2170 893 3730 987; baseline -0.015 -16"><span class='ocrx_word' id='word_1_71' title='bbox 2170 916 2426 987; x_wconf 83' lang='grc' dir='ltr'><strong>μανουὴλ,</strong></span> <span class='ocrx_word' id='word_1_72' title='bbox 2458 914 2632 968; x_wconf 77' lang='grc' dir='ltr'><strong>καὶτὸ</strong></span> <span class='ocrx_word' id='word_1_73' title='bbox 2659 916 2770 976; x_wconf 83' lang='grc' dir='ltr'><strong>τοῖς</strong></span> <span class='ocrx_word' id='word_1_74' title='bbox 2814 910 3150 981; x_wconf 77' lang='grc' dir='ltr'><strong>σπαργάνοις</strong></span> <span class='ocrx_word' id='word_1_75' title='bbox 3185 901 3598 973; x_wconf 75' lang='grc' dir='ltr'><strong>ὲνειλημμένον,</strong></span> <span class='ocrx_word' id='word_1_76' title='bbox 3635 893 3730 950; x_wconf 75' lang='grc' dir='ltr'><strong>καὶ</strong></span> 
     </span>
    </p>
   </div>
   <div class='ocr_carea' id='block_1_12' title="bbox 506 991 2057 1080">
    <p class='ocr_par' dir='ltr' id='par_1_12' title="bbox 506 1004 2057 1075">
     <span class='ocr_line' id='line_1_12' title="bbox 506 1004 2057 1075; baseline 0.001 -19"><span class='ocrx_word' id='word_1_77' title='bbox 506 1004 643 1057; x_wconf 82' lang='lat' dir='ltr'><strong>lacte</strong></span> <span class='ocrx_word' id='word_1_78' title='bbox 673 1007 928 1067; x_wconf 85' lang='lat' dir='ltr'><strong>nutritur,</strong></span> <span class='ocrx_word' id='word_1_79' title='bbox 972 1004 1274 1073; x_wconf 84' lang='lat' dir='ltr'><strong>diciturque</strong></span> <span class='ocrx_word' id='word_1_80' title='bbox 1326 1006 1501 1072; x_wconf 82' lang='lat' dir='ltr'><strong>magni</strong></span> <span class='ocrx_word' id='word_1_81' title='bbox 1545 1005 1756 1059; x_wconf 83' lang='lat' dir='ltr'><strong>consilii</strong></span> <span class='ocrx_word' id='word_1_82' title='bbox 1816 1006 2057 1075; x_wconf 86' lang='lat' dir='ltr'><strong>angelus,</strong></span> 
     </span>
    </p>
   </div>
   <div class='ocr_carea' id='block_1_13' title="bbox 2161 991 3729 1080">
    <p class='ocr_par' dir='ltr' id='par_1_13' title="bbox 2170 991 3729 1080">
     <span class='ocr_line' id='line_1_13' title="bbox 2170 991 3729 1080; baseline -0.013 -18"><span class='ocrx_word' id='word_1_83' title='bbox 2170 1007 2337 1080; x_wconf 82' lang='grc' dir='ltr'><strong>θηλὴν</strong></span> <span class='ocrx_word' id='word_1_84' title='bbox 2357 1007 2533 1070; x_wconf 71' lang='grc' dir='ltr'><strong>ἕλκον,</strong></span> <span class='ocrx_word' id='word_1_85' title='bbox 2560 1007 2655 1060; x_wconf 75' lang='grc' dir='ltr'><strong>καὶ</strong></span> <span class='ocrx_word' id='word_1_86' title='bbox 2683 1004 3015 1073; x_wconf 79' lang='grc' dir='ltr'><strong>τρεφόμενον</strong></span> <span class='ocrx_word' id='word_1_87' title='bbox 3056 1001 3310 1067; x_wconf 79' lang='grc' dir='ltr'><strong>γάλακτι,</strong></span> <span class='ocrx_word' id='word_1_88' title='bbox 3352 996 3446 1048; x_wconf 76' lang='grc' dir='ltr'><strong>καὶ</strong></span> <span class='ocrx_word' id='word_1_89' title='bbox 3484 991 3729 1045; x_wconf 83' lang='grc' dir='ltr'><strong>καλεῖται</strong></span> 
     </span>
    </p>
   </div>
   <div class='ocr_carea' id='block_1_14' title="bbox 503 1080 2057 1169">
    <p class='ocr_par' dir='ltr' id='par_1_14' title="bbox 503 1092 2057 1159">
     <span class='ocr_line' id='line_1_14' title="bbox 503 1092 2057 1159; baseline 0.003 -13"><span class='ocrx_word' id='word_1_90' title='bbox 503 1093 838 1147; x_wconf 86' lang='lat' dir='ltr'><strong>admirabilis</strong></span> <span class='ocrx_word' id='word_1_91' title='bbox 868 1092 1230 1154; x_wconf 83' lang='lat' dir='ltr'><strong>consiliarius,</strong></span> <span class='ocrx_word' id='word_1_92' title='bbox 1283 1104 1337 1147; x_wconf 92' lang='lat' dir='ltr'><strong>et</strong></span> <span class='ocrx_word' id='word_1_93' title='bbox 1381 1093 1519 1147; x_wconf 90' lang='lat' dir='ltr'><strong>Dens</strong></span> <span class='ocrx_word' id='word_1_94' title='bbox 1566 1094 1741 1159; x_wconf 87' lang='lat' dir='ltr'><strong>fortis,</strong></span> <span class='ocrx_word' id='word_1_95' title='bbox 1796 1111 1858 1148; x_wconf 89' lang='lat' dir='ltr'><strong>ac</strong></span> <span class='ocrx_word' id='word_1_96' title='bbox 1888 1097 2057 1150; x_wconf 88' lang='lat' dir='ltr'><strong>domi-</strong></span> 
     </span>
    </p>
   </div>
   <div class='ocr_carea' id='block_1_15' title="bbox 2161 1080 3726 1169">
    <p class='ocr_par' dir='ltr' id='par_1_15' title="bbox 2174 1080 3726 1169">
     <span class='ocr_line' id='line_1_15' title="bbox 2174 1080 3726 1169; baseline -0.012 -18"><span class='ocrx_word' id='word_1_97' title='bbox 2174 1099 2411 1169; x_wconf 83' lang='grc' dir='ltr'><strong>μεγάλης</strong></span> <span class='ocrx_word' id='word_1_98' title='bbox 2441 1096 2635 1166; x_wconf 79' lang='grc' dir='ltr'><strong>βουλῆς</strong></span> <span class='ocrx_word' id='word_1_99' title='bbox 2658 1091 2939 1161; x_wconf 70' lang='grc' dir='ltr'><strong>Ἄγγελος,</strong></span> <span class='ocrx_word' id='word_1_100' title='bbox 2963 1090 3057 1142; x_wconf 72' lang='grc' dir='ltr'><strong>καὶ</strong></span> <span class='ocrx_word' id='word_1_101' title='bbox 3081 1084 3390 1157; x_wconf 76' lang='grc' dir='ltr'><strong>θαυμαστὸς</strong></span> <span class='ocrx_word' id='word_1_102' title='bbox 3408 1080 3726 1152; x_wconf 74' lang='grc' dir='ltr'><strong>σύμϐουλος,</strong></span> 
     </span>
    </p>
   </div>
   <div class='ocr_carea' id='block_1_16' title="bbox 505 1184 2060 1253">
    <p class='ocr_par' dir='ltr' id='par_1_16' title="bbox 505 1184 2060 1253">
     <span class='ocr_line' id='line_1_16' title="bbox 505 1184 2060 1253; baseline 0.004 -18"><span class='ocrx_word' id='word_1_103' title='bbox 505 1194 680 1244; x_wconf 87' lang='lat' dir='ltr'><strong>nator,</strong></span> <span class='ocrx_word' id='word_1_104' title='bbox 711 1194 762 1235; x_wconf 90' lang='lat' dir='ltr'><strong>et</strong></span> <span class='ocrx_word' id='word_1_105' title='bbox 798 1185 1047 1251; x_wconf 81' lang='lat' dir='ltr'><strong>princeps</strong></span> <span class='ocrx_word' id='word_1_106' title='bbox 1076 1184 1243 1251; x_wconf 89' lang='lat' dir='ltr'><strong>pacis,</strong></span> <span class='ocrx_word' id='word_1_107' title='bbox 1280 1195 1337 1238; x_wconf 90' lang='lat' dir='ltr'><strong>et</strong></span> <span class='ocrx_word' id='word_1_108' title='bbox 1363 1184 1520 1239; x_wconf 83' lang='lat' dir='ltr'><strong>Pater</strong></span> <span class='ocrx_word' id='word_1_109' title='bbox 1573 1184 1735 1239; x_wconf 90' lang='lat' dir='ltr'><strong>futuri</strong></span> <span class='ocrx_word' id='word_1_110' title='bbox 1768 1187 1945 1240; x_wconf 73' lang='lat' dir='ltr'><strong>saeculi</strong></span> <span class='ocrx_word' id='word_1_111' title='bbox 1973 1188 2019 1217; x_wconf 82' lang='lat'>”</span> <span class='ocrx_word' id='word_1_112' title='bbox 2046 1204 2060 1253; x_wconf 93' lang='lat'><strong>;</strong></span> 
     </span>
    </p>
   </div>
   <div class='ocr_carea' id='block_1_17' title="bbox 504 1272 2060 1343">
    <p class='ocr_par' dir='ltr' id='par_1_17' title="bbox 504 1272 2060 1343">
     <span class='ocr_line' id='line_1_17' title="bbox 504 1272 2060 1343; baseline 0.004 -18"><span class='ocrx_word' id='word_1_113' title='bbox 504 1288 605 1327; x_wconf 90' lang='lat' dir='ltr'><strong>nec</strong></span> <span class='ocrx_word' id='word_1_114' title='bbox 634 1290 735 1325; x_wconf 90' lang='lat' dir='ltr'><strong>non</strong></span> <span class='ocrx_word' id='word_1_115' title='bbox 762 1272 927 1327; x_wconf 84' lang='lat' dir='ltr'><strong>Filius</strong></span> <span class='ocrx_word' id='word_1_116' title='bbox 955 1273 1238 1338; x_wconf 80' lang='lat' dir='ltr'><strong>Altissimi,</strong></span> <span class='ocrx_word' id='word_1_117' title='bbox 1286 1282 1341 1328; x_wconf 91' lang='lat' dir='ltr'><strong>et</strong></span> <span class='ocrx_word' id='word_1_118' title='bbox 1389 1274 1666 1343; x_wconf 86' lang='lat' dir='ltr'><strong>Servator,</strong></span> <span class='ocrx_word' id='word_1_119' title='bbox 1697 1286 1749 1329; x_wconf 92' lang='lat' dir='ltr'><strong>et</strong></span> <span class='ocrx_word' id='word_1_120' title='bbox 1787 1279 2060 1341; x_wconf 79' lang='lat' dir='ltr'><strong>Dominus,</strong></span> 
     </span>
    </p>
   </div>
   <div class='ocr_carea' id='block_1_18' title="bbox 502 1362 2058 1435">
    <p class='ocr_par' dir='ltr' id='par_1_18' title="bbox 502 1362 2058 1435">
     <span class='ocr_line' id='line_1_18' title="bbox 502 1362 2058 1435; baseline 0.002 -21"><span class='ocrx_word' id='word_1_121' title='bbox 502 1374 556 1415; x_wconf 87' lang='lat' dir='ltr'><strong>et</strong></span> <span class='ocrx_word' id='word_1_122' title='bbox 587 1362 819 1413; x_wconf 76' lang='lat' dir='ltr'><strong>universi</strong></span> <span class='ocrx_word' id='word_1_123' title='bbox 875 1362 1058 1415; x_wconf 87' lang='lat' dir='ltr'><strong>mundi</strong></span> <span class='ocrx_word' id='word_1_124' title='bbox 1115 1362 1357 1418; x_wconf 83' lang='lat' dir='ltr'><strong>Creator.</strong></span> <span class='ocrx_word' id='word_1_125' title='bbox 1396 1381 1415 1415; x_wconf 85' lang='grc' dir='ltr'><strong>ι</strong></span> <span class='ocrx_word' id='word_1_126' title='bbox 1454 1363 1605 1418; x_wconf 89' lang='lat' dir='ltr'><strong>Unus</strong></span> <span class='ocrx_word' id='word_1_127' title='bbox 1651 1364 1819 1428; x_wconf 90' lang='lat' dir='ltr'><strong>enim,</strong></span> <span class='ocrx_word' id='word_1_128' title='bbox 1868 1366 2058 1435; x_wconf 87' lang='lat' dir='ltr'><strong>inquit,</strong></span> 
     </span>
    </p>
   </div>
   <div class='ocr_carea' id='block_1_19' title="bbox 503 1449 2062 1527">
    <p class='ocr_par' dir='ltr' id='par_1_19' title="bbox 503 1449 2062 1527">
     <span class='ocr_line' id='line_1_19' title="bbox 503 1449 2062 1527; baseline 0.004 -22"><span class='ocrx_word' id='word_1_129' title='bbox 503 1452 762 1505; x_wconf 84' lang='lat' dir='ltr'><strong>Dominus</strong></span> <span class='ocrx_word' id='word_1_130' title='bbox 797 1449 954 1505; x_wconf 77' lang='lat' dir='ltr'><strong>Jesus</strong></span> <span class='ocrx_word' id='word_1_131' title='bbox 995 1451 1261 1517; x_wconf 83' lang='lat' dir='ltr'><strong>Christus,</strong></span> <span class='ocrx_word' id='word_1_132' title='bbox 1322 1468 1415 1523; x_wconf 88' lang='lat' dir='ltr'><strong>per</strong></span> <span class='ocrx_word' id='word_1_133' title='bbox 1461 1470 1619 1523; x_wconf 88' lang='lat' dir='ltr'><strong>quem</strong></span> <span class='ocrx_word' id='word_1_134' title='bbox 1662 1456 1825 1527; x_wconf 61' lang='lat'><strong>853</strong></span> <span class='ocrx_word' id='word_1_135' title='bbox 1855 1474 1902 1509; x_wconf 85' lang='lat' dir='ltr'><strong>nt</strong></span> <span class='ocrx_word' id='word_1_136' title='bbox 1944 1471 2062 1511; x_wconf 89' lang='lat' dir='ltr'><strong>om-</strong></span> 
     </span>
    </p>
   </div>
   <div class='ocr_carea' id='block_1_20' title="bbox 502 1542 2063 1613">
    <p class='ocr_par' dir='ltr' id='par_1_20' title="bbox 502 1542 2063 1613">
     <span class='ocr_line' id='line_1_20' title="bbox 502 1542 2063 1613; baseline 0.003 -16"><span class='ocrx_word' id='word_1_137' title='bbox 502 1544 591 1597; x_wconf 84' lang='lat' dir='ltr'><strong>nia</strong></span> <span class='ocrx_word' id='word_1_138' title='bbox 616 1542 684 1596; x_wconf 77' lang='lat'><strong>“.</strong></span> <span class='ocrx_word' id='word_1_139' title='bbox 722 1563 741 1595; x_wconf 83' lang='lat' dir='ltr'><strong>s</strong></span> <span class='ocrx_word' id='word_1_140' title='bbox 782 1542 851 1597; x_wconf 87' lang='lat' dir='ltr'><strong>Et</strong></span> <span class='ocrx_word' id='word_1_141' title='bbox 880 1543 1096 1613; x_wconf 87' lang='lat' dir='ltr'><strong>quidem</strong></span> <span class='ocrx_word' id='word_1_142' title='bbox 1146 1543 1306 1600; x_wconf 81' lang='lat' dir='ltr'><strong>Jesus</strong></span> <span class='ocrx_word' id='word_1_143' title='bbox 1339 1554 1390 1600; x_wconf 84' lang='lat' dir='ltr'><strong>et</strong></span> <span class='ocrx_word' id='word_1_144' title='bbox 1420 1545 1667 1601; x_wconf 88' lang='lat' dir='ltr'><strong>Christus</strong></span> <span class='ocrx_word' id='word_1_145' title='bbox 1691 1548 1905 1601; x_wconf 90' lang='lat' dir='ltr'><strong>nomina</strong></span> <span class='ocrx_word' id='word_1_146' title='bbox 1938 1555 2063 1603; x_wconf 89' lang='lat' dir='ltr'><strong>sunt</strong></span> 
     </span>
    </p>
   </div>
   <div class='ocr_carea' id='block_1_21' title="bbox 501 1634 2061 1706">
    <p class='ocr_par' dir='ltr' id='par_1_21' title="bbox 501 1634 2061 1706">
     <span class='ocr_line' id='line_1_21' title="bbox 501 1634 2061 1706; baseline 0.004 -18"><span class='ocrx_word' id='word_1_147' title='bbox 501 1635 890 1690; x_wconf 89' lang='lat' dir='ltr'><strong>incarnationis</strong></span> <span class='ocrx_word' id='word_1_148' title='bbox 920 1636 1293 1706; x_wconf 83' lang='lat' dir='ltr'><strong>signiticativa.</strong></span> <span class='ocrx_word' id='word_1_149' title='bbox 1349 1634 1657 1692; x_wconf 89' lang='lat' dir='ltr'><strong>lncarnatio</strong></span> <span class='ocrx_word' id='word_1_150' title='bbox 1690 1649 1870 1692; x_wconf 88' lang='lat' dir='ltr'><strong>autem</strong></span> <span class='ocrx_word' id='word_1_151' title='bbox 1917 1638 2061 1694; x_wconf 89' lang='lat' dir='ltr'><strong>haud</strong></span> 
     </span>
    </p>
   </div>
   <div class='ocr_carea' id='block_1_22' title="bbox 499 1727 2062 1798">
    <p class='ocr_par' dir='ltr' id='par_1_22' title="bbox 499 1727 2062 1798">
     <span class='ocr_line' id='line_1_22' title="bbox 499 1727 2062 1798; baseline 0.006 -21"><span class='ocrx_word' id='word_1_152' title='bbox 499 1734 625 1779; x_wconf 84' lang='lat' dir='ltr'><strong>ante</strong></span> <span class='ocrx_word' id='word_1_153' title='bbox 661 1740 837 1779; x_wconf 90' lang='lat' dir='ltr'><strong>rerum</strong></span> <span class='ocrx_word' id='word_1_154' title='bbox 856 1727 1183 1779; x_wconf 80' lang='lat' dir='ltr'><strong>creationem</strong></span> <span class='ocrx_word' id='word_1_155' title='bbox 1228 1740 1401 1794; x_wconf 88' lang='lat' dir='ltr'><strong>neque</strong></span> <span class='ocrx_word' id='word_1_156' title='bbox 1426 1728 1607 1781; x_wconf 70' lang='lat' dir='ltr'><strong>statim</strong></span> <span class='ocrx_word' id='word_1_157' title='bbox 1657 1740 1780 1798; x_wconf 87' lang='lat' dir='ltr'><strong>post</strong></span> <span class='ocrx_word' id='word_1_158' title='bbox 1829 1734 2062 1787; x_wconf 74' lang='lat' dir='ltr'><strong>creatio~</strong></span> 
     </span>
    </p>
   </div>
   <div class='ocr_carea' id='block_1_23' title="bbox 499 1816 2062 1890">
    <p class='ocr_par' dir='ltr' id='par_1_23' title="bbox 499 1816 2062 1890">
     <span class='ocr_line' id='line_1_23' title="bbox 499 1816 2062 1890; baseline 0.005 -22"><span class='ocrx_word' id='word_1_159' title='bbox 499 1831 642 1877; x_wconf 87' lang='lat' dir='ltr'><strong>nem,</strong></span> <span class='ocrx_word' id='word_1_160' title='bbox 676 1816 771 1869; x_wconf 90' lang='lat' dir='ltr'><strong>sed</strong></span> <span class='ocrx_word' id='word_1_161' title='bbox 798 1816 1057 1870; x_wconf 77' lang='lat' dir='ltr'><strong>extremis</strong></span> <span class='ocrx_word' id='word_1_162' title='bbox 1111 1817 1441 1886; x_wconf 80' lang='lat' dir='ltr'><strong>temporibus</strong></span> <span class='ocrx_word' id='word_1_163' title='bbox 1468 1820 1679 1873; x_wconf 89' lang='lat' dir='ltr'><strong>accidit.</strong></span> <span class='ocrx_word' id='word_1_164' title='bbox 1714 1819 2062 1890; x_wconf 86' lang='lat' dir='ltr'><strong>Quandoqui-</strong></span> 
     </span>
    </p>
   </div>
   <div class='ocr_carea' id='block_1_24' title="bbox 2163 1176 3729 1258">
    <p class='ocr_par' dir='ltr' id='par_1_24' title="bbox 2163 1176 3729 1258">
     <span class='ocr_line' id='line_1_24' title="bbox 2163 1176 3729 1258; baseline -0.013 -13"><span class='ocrx_word' id='word_1_165' title='bbox 2163 1192 2255 1245; x_wconf 76' lang='grc' dir='ltr'><strong>καὶ</strong></span> <span class='ocrx_word' id='word_1_166' title='bbox 2278 1190 2408 1252; x_wconf 85' lang='grc' dir='ltr'><strong>Θεὸς</strong></span> <span class='ocrx_word' id='word_1_167' title='bbox 2443 1188 2678 1258; x_wconf 72' lang='grc' dir='ltr'><strong>ἰσχυρὸς,</strong></span> <span class='ocrx_word' id='word_1_168' title='bbox 2723 1187 2816 1239; x_wconf 70' lang='grc' dir='ltr'><strong>καὶ</strong></span> <span class='ocrx_word' id='word_1_169' title='bbox 2848 1181 3217 1251; x_wconf 82' lang='grc' dir='ltr'><strong>ὲξουσιαστὴς,</strong></span> <span class='ocrx_word' id='word_1_170' title='bbox 3251 1180 3345 1232; x_wconf 81' lang='grc' dir='ltr'><strong>καὶ</strong></span> <span class='ocrx_word' id='word_1_171' title='bbox 3372 1178 3551 1247; x_wconf 79' lang='grc' dir='ltr'><strong>ἄρχων</strong></span> <span class='ocrx_word' id='word_1_172' title='bbox 3578 1176 3729 1243; x_wconf 75' lang='grc' dir='ltr'><strong>εἰρή-</strong></span> 
     </span>
    </p>
   </div>
   <div class='ocr_carea' id='block_1_25' title="bbox 2164 1263 3731 1353">
    <p class='ocr_par' dir='ltr' id='par_1_25' title="bbox 2164 1263 3731 1353">
     <span class='ocr_line' id='line_1_25' title="bbox 2164 1263 3731 1353; baseline -0.015 -15"><span class='ocrx_word' id='word_1_173' title='bbox 2164 1300 2281 1353; x_wconf 86' lang='grc' dir='ltr'><strong>νης,</strong></span> <span class='ocrx_word' id='word_1_174' title='bbox 2344 1281 2438 1334; x_wconf 79' lang='grc' dir='ltr'><strong>καὶ</strong></span> <span class='ocrx_word' id='word_1_175' title='bbox 2493 1278 2681 1347; x_wconf 77' lang='grc' dir='ltr'><strong>Πατὴρ</strong></span> <span class='ocrx_word' id='word_1_176' title='bbox 2734 1275 2829 1329; x_wconf 88' lang='grc' dir='ltr'><strong>τοῦ</strong></span> <span class='ocrx_word' id='word_1_177' title='bbox 2887 1272 3170 1343; x_wconf 81' lang='grc' dir='ltr'><strong>μέλλοντος</strong></span> <span class='ocrx_word' id='word_1_178' title='bbox 3206 1269 3419 1332; x_wconf 77' lang='grc' dir='ltr'><strong>αἰῶνος,</strong></span> <span class='ocrx_word' id='word_1_179' title='bbox 3466 1266 3559 1319; x_wconf 73' lang='grc' dir='ltr'><strong>καὶ</strong></span> <span class='ocrx_word' id='word_1_180' title='bbox 3606 1263 3731 1328; x_wconf 77' lang='grc' dir='ltr'>Υἱὸς</span> 
     </span>
    </p>
   </div>
   <div class='ocr_carea' id='block_1_26' title="bbox 2174 1356 3730 1443">
    <p class='ocr_par' dir='ltr' id='par_1_26' title="bbox 2174 1356 3730 1443">
     <span class='ocr_line' id='line_1_26' title="bbox 2174 1356 3730 1443; baseline -0.015 -14"><span class='ocrx_word' id='word_1_181' title='bbox 2174 1374 2449 1443; x_wconf 75' lang='grc' dir='ltr'><strong>Ὑψίστου,</strong></span> <span class='ocrx_word' id='word_1_182' title='bbox 2484 1372 2583 1426; x_wconf 71' lang='grc' dir='ltr'><strong>καὶ</strong></span> <span class='ocrx_word' id='word_1_183' title='bbox 2636 1369 2845 1438; x_wconf 82' lang='grc' dir='ltr'><strong>Σωτὴρ,</strong></span> <span class='ocrx_word' id='word_1_184' title='bbox 2898 1366 2990 1419; x_wconf 75' lang='grc' dir='ltr'><strong>καὶ</strong></span> <span class='ocrx_word' id='word_1_185' title='bbox 3031 1364 3255 1431; x_wconf 64' lang='grc' dir='ltr'><strong>Κύρος,</strong></span> <span class='ocrx_word' id='word_1_186' title='bbox 3300 1360 3395 1414; x_wconf 74' lang='grc' dir='ltr'><strong>καὶ</strong></span> <span class='ocrx_word' id='word_1_187' title='bbox 3443 1357 3550 1411; x_wconf 78' lang='grc' dir='ltr'><strong>τῶν</strong></span> <span class='ocrx_word' id='word_1_188' title='bbox 3596 1356 3730 1409; x_wconf 83' lang='grc' dir='ltr'><strong>ὅλων</strong></span> 
     </span>
    </p>
   </div>
   <div class='ocr_carea' id='block_1_27' title="bbox 2163 1450 3730 1538">
    <p class='ocr_par' dir='ltr' id='par_1_27' title="bbox 2163 1450 3730 1538">
     <span class='ocr_line' id='line_1_27' title="bbox 2163 1450 3730 1538; baseline -0.013 -17"><span class='ocrx_word' id='word_1_189' title='bbox 2163 1466 2521 1538; x_wconf 86' lang='grc' dir='ltr'><strong>Δημιουργός.</strong></span> <span class='ocrx_word' id='word_1_190' title='bbox 2574 1484 2591 1515; x_wconf 84' lang='grc' dir='ltr'><strong>ι</strong></span> <span class='ocrx_word' id='word_1_191' title='bbox 2620 1456 2713 1524; x_wconf 75' lang='grc' dir='ltr'><strong>Εἷς</strong></span> <span class='ocrx_word' id='word_1_192' title='bbox 2746 1462 2874 1531; x_wconf 87' lang='grc' dir='ltr'><strong>γὰρ,</strong></span> <span class='ocrx_word' id='word_1_193' title='bbox 2913 1459 3065 1528; x_wconf 65' lang='grc' dir='ltr'><strong>φησι,</strong></span> <span class='ocrx_word' id='word_1_194' title='bbox 3112 1454 3316 1527; x_wconf 79' lang='grc' dir='ltr'><strong>Κύριος</strong></span> <span class='ocrx_word' id='word_1_195' title='bbox 3356 1450 3558 1522; x_wconf 81' lang='grc' dir='ltr'><strong>Ἰησοῦς</strong></span> <span class='ocrx_word' id='word_1_196' title='bbox 3597 1450 3730 1519; x_wconf 85' lang='grc' dir='ltr'><strong>Χρι-</strong></span> 
     </span>
    </p>
   </div>
   <div class='ocr_carea' id='block_1_28' title="bbox 2171 1543 3730 1625">
    <p class='ocr_par' dir='ltr' id='par_1_28' title="bbox 2171 1543 3730 1625">
     <span class='ocr_line' id='line_1_28' title="bbox 2171 1543 3730 1625; baseline -0.013 -11"><span class='ocrx_word' id='word_1_197' title='bbox 2171 1561 2312 1625; x_wconf 74' lang='grc' dir='ltr'><strong>στὸς,</strong></span> <span class='ocrx_word' id='word_1_198' title='bbox 2343 1560 2411 1613; x_wconf 80' lang='grc' dir='ltr'><strong>δι’</strong></span> <span class='ocrx_word' id='word_1_199' title='bbox 2434 1551 2494 1611; x_wconf 74' lang='grc' dir='ltr'><strong>οῦ</strong></span> <span class='ocrx_word' id='word_1_200' title='bbox 2525 1556 2593 1610; x_wconf 73' lang='grc' dir='ltr'><strong>τὰ</strong></span> <span class='ocrx_word' id='word_1_201' title='bbox 2621 1552 2963 1610; x_wconf 61' lang='grc' dir='ltr'><strong>πάνταδΚαὶ</strong></span> <span class='ocrx_word' id='word_1_202' title='bbox 2998 1550 3105 1622; x_wconf 78' lang='grc' dir='ltr'><strong>μὴν</strong></span> <span class='ocrx_word' id='word_1_203' title='bbox 3120 1548 3188 1602; x_wconf 83' lang='grc' dir='ltr'><strong>τὰ</strong></span> <span class='ocrx_word' id='word_1_204' title='bbox 3226 1545 3459 1613; x_wconf 74' lang='grc' dir='ltr'><strong>Ἰησοῦς</strong></span> <span class='ocrx_word' id='word_1_205' title='bbox 3477 1543 3573 1597; x_wconf 73' lang='grc' dir='ltr'><strong>καὶ</strong></span> <span class='ocrx_word' id='word_1_206' title='bbox 3596 1544 3730 1610; x_wconf 82' lang='grc' dir='ltr'><strong>Χρι-</strong></span> 
     </span>
    </p>
   </div>
   <div class='ocr_carea' id='block_1_29' title="bbox 2168 1630 3731 1720">
    <p class='ocr_par' dir='ltr' id='par_1_29' title="bbox 2168 1630 3731 1720">
     <span class='ocr_line' id='line_1_29' title="bbox 2168 1630 3731 1720; baseline -0.012 -16"><span class='ocrx_word' id='word_1_207' title='bbox 2168 1652 2270 1717; x_wconf 77' lang='grc' dir='ltr'><strong>τὸς</strong></span> <span class='ocrx_word' id='word_1_208' title='bbox 2300 1651 2560 1720; x_wconf 84' lang='grc' dir='ltr'><strong>ὀνόματα,</strong></span> <span class='ocrx_word' id='word_1_209' title='bbox 2591 1647 2690 1716; x_wconf 82' lang='grc' dir='ltr'><strong>τῆς</strong></span> <span class='ocrx_word' id='word_1_210' title='bbox 2722 1643 3035 1714; x_wconf 77' lang='grc' dir='ltr'><strong>οἰκονομίας</strong></span> <span class='ocrx_word' id='word_1_211' title='bbox 3058 1641 3164 1694; x_wconf 75' lang='grc' dir='ltr'><strong>εἰσὶ</strong></span> <span class='ocrx_word' id='word_1_212' title='bbox 3192 1634 3501 1708; x_wconf 84' lang='grc' dir='ltr'><strong>σημαντικά</strong></span> <span class='ocrx_word' id='word_1_213' title='bbox 3531 1632 3647 1704; x_wconf 86' lang='grc'><strong>(1)·</strong></span> <span class='ocrx_word' id='word_1_214' title='bbox 3697 1630 3731 1701; x_wconf 76' lang='grc' dir='ltr'><strong>ἡ</strong></span> 
     </span>
    </p>
   </div>
   <div class='ocr_carea' id='block_1_30' title="bbox 2164 1721 3731 1811">
    <p class='ocr_par' dir='ltr' id='par_1_30' title="bbox 2164 1721 3731 1811">
     <span class='ocr_line' id='line_1_30' title="bbox 2164 1721 3731 1811; baseline -0.015 -14"><span class='ocrx_word' id='word_1_215' title='bbox 2164 1744 2222 1797; x_wconf 70' lang='grc' dir='ltr'><strong>δὲ</strong></span> <span class='ocrx_word' id='word_1_216' title='bbox 2254 1741 2558 1811; x_wconf 76' lang='grc' dir='ltr'><strong>οἰκονομία,</strong></span> <span class='ocrx_word' id='word_1_217' title='bbox 2592 1738 2653 1791; x_wconf 82' lang='grc' dir='ltr'><strong>οὐ</strong></span> <span class='ocrx_word' id='word_1_218' title='bbox 2697 1736 2803 1806; x_wconf 74' lang='grc' dir='ltr'><strong>πρὸ</strong></span> <span class='ocrx_word' id='word_1_219' title='bbox 2828 1736 2926 1802; x_wconf 81' lang='grc' dir='ltr'><strong>τῆς</strong></span> <span class='ocrx_word' id='word_1_220' title='bbox 2959 1733 3209 1793; x_wconf 80' lang='grc' dir='ltr'><strong>κτίσεως,</strong></span> <span class='ocrx_word' id='word_1_221' title='bbox 3256 1728 3375 1782; x_wconf 78' lang='grc' dir='ltr'><strong>οὐδὲ</strong></span> <span class='ocrx_word' id='word_1_222' title='bbox 3400 1725 3563 1788; x_wconf 76' lang='grc' dir='ltr'><strong>εὐθὺς</strong></span> <span class='ocrx_word' id='word_1_223' title='bbox 3595 1721 3731 1793; x_wconf 82' lang='grc' dir='ltr'><strong>μετά</strong></span> 
     </span>
    </p>
   </div>
   <div class='ocr_carea' id='block_1_31' title="bbox 2161 1816 3730 1905">
    <p class='ocr_par' dir='ltr' id='par_1_31' title="bbox 2161 1816 3730 1905">
     <span class='ocr_line' id='line_1_31' title="bbox 2161 1816 3730 1905; baseline -0.013 -18"><span class='ocrx_word' id='word_1_224' title='bbox 2161 1835 2261 1905; x_wconf 76' lang='grc' dir='ltr'><strong>τὴν</strong></span> <span class='ocrx_word' id='word_1_225' title='bbox 2287 1833 2484 1899; x_wconf 88' lang='grc' dir='ltr'><strong>κτίσιν,</strong></span> <span class='ocrx_word' id='word_1_226' title='bbox 2524 1830 2639 1885; x_wconf 79' lang='grc' dir='ltr'><strong>ἀλλ’</strong></span> <span class='ocrx_word' id='word_1_227' title='bbox 2682 1829 2768 1882; x_wconf 73' lang='grc' dir='ltr'><strong>ἐπ’</strong></span> <span class='ocrx_word' id='word_1_228' title='bbox 2802 1829 3045 1896; x_wconf 73' lang='grc' dir='ltr'><strong>ἐσχάτων</strong></span> <span class='ocrx_word' id='word_1_229' title='bbox 3072 1821 3183 1877; x_wconf 85' lang='grc' dir='ltr'><strong>τῶν</strong></span> <span class='ocrx_word' id='word_1_230' title='bbox 3218 1819 3440 1891; x_wconf 78' lang='grc' dir='ltr'><strong>ἡμερῶν</strong></span> <span class='ocrx_word' id='word_1_231' title='bbox 3473 1816 3690 1885; x_wconf 65' lang='grc' dir='ltr'><strong>ἐγένετο</strong></span> <span class='ocrx_word' id='word_1_232' title='bbox 3715 1830 3730 1844; x_wconf 77' lang='grc'><strong><em>⁸</em></strong></span> 
     </span>
    </p>
   </div>
   <div class='ocr_carea' id='block_1_32' title="bbox 496 1902 2057 1995">
    <p class='ocr_par' dir='ltr' id='par_1_32' title="bbox 496 1906 2057 1980">
     <span class='ocr_line' id='line_1_32' title="bbox 496 1906 2057 1980; baseline 0.004 -19"><span class='ocrx_word' id='word_1_233' title='bbox 496 1906 619 1961; x_wconf 88' lang='lat' dir='ltr'><strong>dem</strong></span> <span class='ocrx_word' id='word_1_234' title='bbox 652 1907 811 1976; x_wconf 88' lang='lat' dir='ltr'><strong>igitur</strong></span> <span class='ocrx_word' id='word_1_235' title='bbox 850 1920 1040 1961; x_wconf 87' lang='lat' dir='ltr'><strong>nomen</strong></span> <span class='ocrx_word' id='word_1_236' title='bbox 1080 1906 1350 1972; x_wconf 90' lang='lat' dir='ltr'><strong>Christus,</strong></span> <span class='ocrx_word' id='word_1_237' title='bbox 1402 1924 1507 1963; x_wconf 90' lang='lat' dir='ltr'><strong>non</strong></span> <span class='ocrx_word' id='word_1_238' title='bbox 1552 1923 1889 1980; x_wconf 84' lang='lat' dir='ltr'><strong>assumptum</strong></span> <span class='ocrx_word' id='word_1_239' title='bbox 1942 1924 2057 1967; x_wconf 88' lang='lat' dir='ltr'><strong>tan-</strong></span> 
     </span>
    </p>
   </div>
   <div class='ocr_carea' id='block_1_33' title="bbox 2161 1902 3734 1995">
    <p class='ocr_par' dir='ltr' id='par_1_33' title="bbox 2166 1902 3734 1995">
     <span class='ocr_line' id='line_1_33' title="bbox 2166 1902 3734 1995; baseline -0.012 -15"><span class='ocrx_word' id='word_1_240' title='bbox 2166 1902 2352 1995; x_wconf 80' lang='grc' dir='ltr'><strong>ὲπειδὴ</strong></span> <span class='ocrx_word' id='word_1_241' title='bbox 2388 1925 2569 1978; x_wconf 80' lang='grc' dir='ltr'><strong>τοίνυν</strong></span> <span class='ocrx_word' id='word_1_242' title='bbox 2596 1921 2657 1975; x_wconf 78' lang='grc' dir='ltr'><strong>τὸ</strong></span> <span class='ocrx_word' id='word_1_243' title='bbox 2695 1918 2946 1990; x_wconf 78' lang='grc' dir='ltr'><strong>Χριστὸς</strong></span> <span class='ocrx_word' id='word_1_244' title='bbox 2984 1917 3177 1985; x_wconf 76' lang='grc' dir='ltr'><strong>δνομα,</strong></span> <span class='ocrx_word' id='word_1_245' title='bbox 3216 1914 3278 1966; x_wconf 76' lang='grc' dir='ltr'><strong>οὐ</strong></span> <span class='ocrx_word' id='word_1_246' title='bbox 3318 1910 3410 1965; x_wconf 81' lang='grc' dir='ltr'><strong>τὸν</strong></span> <span class='ocrx_word' id='word_1_247' title='bbox 3458 1908 3734 1978; x_wconf 74' lang='grc' dir='ltr'><strong>ληφθέντα</strong></span> 
     </span>
    </p>
   </div>
   <div class='ocr_carea' id='block_1_34' title="bbox 501 1996 2058 2061">
    <p class='ocr_par' dir='ltr' id='par_1_34' title="bbox 501 1996 2058 2061">
     <span class='ocr_line' id='line_1_34' title="bbox 501 1996 2058 2061; baseline 0.006 -12"><span class='ocrx_word' id='word_1_248' title='bbox 501 1996 796 2061; x_wconf 85' lang='lat' dir='ltr'><strong>tummodo,</strong></span> <span class='ocrx_word' id='word_1_249' title='bbox 866 2011 1055 2052; x_wconf 75' lang='lat' dir='ltr'><strong>verum</strong></span> <span class='ocrx_word' id='word_1_250' title='bbox 1105 1998 1267 2052; x_wconf 87' lang='lat' dir='ltr'><strong>etiam</strong></span> <span class='ocrx_word' id='word_1_251' title='bbox 1319 2014 1601 2055; x_wconf 85' lang='lat' dir='ltr'><strong>assumens</strong></span> <span class='ocrx_word' id='word_1_252' title='bbox 1656 1998 1891 2057; x_wconf 83' lang='lat' dir='ltr'><strong>Verbum</strong></span> <span class='ocrx_word' id='word_1_253' title='bbox 1956 2022 2058 2059; x_wconf 87' lang='lat' dir='ltr'><strong>una</strong></span> 
     </span>
    </p>
   </div>
   <div class='ocr_carea' id='block_1_35' title="bbox 498 2087 2059 2157">
    <p class='ocr_par' dir='ltr' id='par_1_35' title="bbox 498 2087 2059 2157">
     <span class='ocr_line' id='line_1_35' title="bbox 498 2087 2059 2157; baseline 0.008 -21"><span class='ocrx_word' id='word_1_254' title='bbox 498 2101 621 2139; x_wconf 86' lang='lat' dir='ltr'><strong>cum</strong></span> <span class='ocrx_word' id='word_1_255' title='bbox 650 2097 927 2153; x_wconf 86' lang='lat' dir='ltr'><strong>assumpto</strong></span> <span class='ocrx_word' id='word_1_256' title='bbox 960 2087 1183 2140; x_wconf 89' lang='lat' dir='ltr'><strong>denotat</strong></span> <span class='ocrx_word' id='word_1_257' title='bbox 1231 2089 1487 2157; x_wconf 79' lang='lat' dir='ltr'><strong>(namque</strong></span> <span class='ocrx_word' id='word_1_258' title='bbox 1549 2091 1598 2143; x_wconf 90' lang='lat' dir='ltr'><strong>id</strong></span> <span class='ocrx_word' id='word_1_259' title='bbox 1644 2107 1841 2145; x_wconf 89' lang='lat' dir='ltr'><strong>nomen</strong></span> <span class='ocrx_word' id='word_1_260' title='bbox 1894 2095 2059 2149; x_wconf 87' lang='lat' dir='ltr'><strong>Deum</strong></span> 
     </span>
    </p>
   </div>
   <div class='ocr_carea' id='block_1_36' title="bbox 496 2174 2060 2249">
    <p class='ocr_par' dir='ltr' id='par_1_36' title="bbox 496 2174 2060 2249">
     <span class='ocr_line' id='line_1_36' title="bbox 496 2174 2060 2249; baseline 0.008 -19"><span class='ocrx_word' id='word_1_261' title='bbox 496 2174 654 2231; x_wconf 86' lang='lat' dir='ltr'><strong>simul</strong></span> <span class='ocrx_word' id='word_1_262' title='bbox 703 2186 757 2228; x_wconf 87' lang='lat' dir='ltr'><strong>et</strong></span> <span class='ocrx_word' id='word_1_263' title='bbox 808 2176 1075 2230; x_wconf 84' lang='lat' dir='ltr'><strong>hominem</strong></span> <span class='ocrx_word' id='word_1_264' title='bbox 1121 2176 1436 2249; x_wconf 80' lang='lat' dir='ltr'><strong>significat),</strong></span> <span class='ocrx_word' id='word_1_265' title='bbox 1466 2178 1662 2236; x_wconf 83' lang='lat' dir='ltr'><strong>Paulus</strong></span> <span class='ocrx_word' id='word_1_266' title='bbox 1709 2185 1957 2239; x_wconf 81' lang='lat' dir='ltr'><strong>attribuit</strong></span> <span class='ocrx_word' id='word_1_267' title='bbox 2009 2188 2060 2242; x_wconf 90' lang='lat' dir='ltr'><strong>ei</strong></span> 
     </span>
    </p>
   </div>
   <div class='ocr_carea' id='block_1_37' title="bbox 498 2265 2058 2337">
    <p class='ocr_par' dir='ltr' id='par_1_37' title="bbox 498 2265 2058 2337">
     <span class='ocr_line' id='line_1_37' title="bbox 498 2265 2058 2337; baseline 0.007 -17"><span class='ocrx_word' id='word_1_268' title='bbox 498 2266 590 2334; x_wconf 90' lang='lat' dir='ltr'><strong>qui</strong></span> <span class='ocrx_word' id='word_1_269' title='bbox 616 2265 845 2321; x_wconf 86' lang='lat' dir='ltr'><strong>visibilis</strong></span> <span class='ocrx_word' id='word_1_270' title='bbox 872 2276 974 2329; x_wconf 87' lang='lat' dir='ltr'><strong>est,</strong></span> <span class='ocrx_word' id='word_1_271' title='bbox 1020 2279 1238 2337; x_wconf 87' lang='lat' dir='ltr'><strong>propter</strong></span> <span class='ocrx_word' id='word_1_272' title='bbox 1288 2284 1442 2324; x_wconf 90' lang='lat' dir='ltr'><strong>suam</strong></span> <span class='ocrx_word' id='word_1_273' title='bbox 1487 2285 1611 2325; x_wconf 89' lang='lat' dir='ltr'><strong>cum</strong></span> <span class='ocrx_word' id='word_1_274' title='bbox 1642 2271 1896 2328; x_wconf 84' lang='lat' dir='ltr'><strong>invisibili</strong></span> <span class='ocrx_word' id='word_1_275' title='bbox 1926 2291 2058 2331; x_wconf 90' lang='lat' dir='ltr'><strong>con-</strong></span> 
     </span>
    </p>
   </div>
   <div class='ocr_carea' id='block_1_38' title="bbox 492 2355 2057 2429">
    <p class='ocr_par' dir='ltr' id='par_1_38' title="bbox 492 2355 2057 2429">
     <span class='ocr_line' id='line_1_38' title="bbox 492 2355 2057 2429; baseline 0.008 -20"><span class='ocrx_word' id='word_1_276' title='bbox 492 2355 848 2426; x_wconf 62' lang='lat' dir='ltr'><strong>iunctionem,</strong></span> <span class='ocrx_word' id='word_1_277' title='bbox 878 2359 1143 2423; x_wconf 86' lang='lat' dir='ltr'><strong>attribuit,</strong></span> <span class='ocrx_word' id='word_1_278' title='bbox 1168 2359 1407 2429; x_wconf 87' lang='lat' dir='ltr'><strong>inquam,</strong></span> <span class='ocrx_word' id='word_1_279' title='bbox 1438 2363 1677 2419; x_wconf 83' lang='lat' dir='ltr'><strong>universi</strong></span> <span class='ocrx_word' id='word_1_280' title='bbox 1694 2367 1877 2421; x_wconf 89' lang='lat' dir='ltr'><strong>mundi</strong></span> <span class='ocrx_word' id='word_1_281' title='bbox 1904 2376 2057 2422; x_wconf 70' lang='lat' dir='ltr'><strong>orca-</strong></span> 
     </span>
    </p>
   </div>
   <div class='ocr_carea' id='block_1_39' title="bbox 500 2448 2059 2521">
    <p class='ocr_par' dir='ltr' id='par_1_39' title="bbox 500 2448 2059 2521">
     <span class='ocr_line' id='line_1_39' title="bbox 500 2448 2059 2521; baseline 0.01 -22"><span class='ocrx_word' id='word_1_282' title='bbox 500 2448 698 2502; x_wconf 88' lang='lat' dir='ltr'><strong>tionem</strong></span> <span class='ocrx_word' id='word_1_283' title='bbox 751 2458 805 2502; x_wconf 89' lang='lat' dir='ltr'><strong>et</strong></span> <span class='ocrx_word' id='word_1_284' title='bbox 854 2450 1280 2518; x_wconf 86' lang='lat' dir='ltr'><strong>dispositionem.</strong></span> <span class='ocrx_word' id='word_1_285' title='bbox 1314 2454 1493 2521; x_wconf 80' lang='lat' dir='ltr'><strong>Quare</strong></span> <span class='ocrx_word' id='word_1_286' title='bbox 1523 2465 1579 2511; x_wconf 91' lang='lat' dir='ltr'><strong>et</strong></span> <span class='ocrx_word' id='word_1_287' title='bbox 1615 2457 1742 2513; x_wconf 81' lang='lat' dir='ltr'><strong>alibi</strong></span> <span class='ocrx_word' id='word_1_288' title='bbox 1786 2457 2059 2515; x_wconf 87' lang='lat' dir='ltr'><strong>Christum</strong></span> 
     </span>
    </p>
   </div>
   <div class='ocr_carea' id='block_1_40' title="bbox 496 2540 2060 2620">
    <p class='ocr_par' dir='ltr' id='par_1_40' title="bbox 496 2540 2060 2620">
     <span class='ocr_line' id='line_1_40' title="bbox 496 2540 2060 2620; baseline 0.012 -30"><span class='ocrx_word' id='word_1_289' title='bbox 496 2554 659 2607; x_wconf 84' lang='lat' dir='ltr'><strong>super</strong></span> <span class='ocrx_word' id='word_1_290' title='bbox 696 2541 875 2593; x_wconf 88' lang='lat' dir='ltr'><strong>omnia</strong></span> <span class='ocrx_word' id='word_1_291' title='bbox 906 2540 1068 2595; x_wconf 89' lang='lat' dir='ltr'><strong>Deum</strong></span> <span class='ocrx_word' id='word_1_292' title='bbox 1104 2544 1377 2612; x_wconf 78' lang='lat' dir='ltr'><strong>appellat;</strong></span> <span class='ocrx_word' id='word_1_293' title='bbox 1418 2546 1494 2600; x_wconf 92' lang='lat' dir='ltr'><strong>ait</strong></span> <span class='ocrx_word' id='word_1_294' title='bbox 1525 2549 1669 2602; x_wconf 89' lang='lat' dir='ltr'><strong>enim</strong></span> <span class='ocrx_word' id='word_1_295' title='bbox 1706 2568 1718 2603; x_wconf 89' lang='lat'><strong>:</strong></span> <span class='ocrx_word' id='word_1_296' title='bbox 1760 2570 1778 2603; x_wconf 83' lang='grc' dir='ltr'><strong>ι</strong></span> <span class='ocrx_word' id='word_1_297' title='bbox 1813 2550 1889 2606; x_wconf 80' lang='lat' dir='ltr'><strong>Ex</strong></span> <span class='ocrx_word' id='word_1_298' title='bbox 1937 2554 2060 2620; x_wconf 83' lang='lat' dir='ltr'><strong>qni-</strong></span> 
     </span>
    </p>
   </div>
   <div class='ocr_carea' id='block_1_41' title="bbox 497 2630 2061 2712">
    <p class='ocr_par' dir='ltr' id='par_1_41' title="bbox 497 2630 2061 2712">
     <span class='ocr_line' id='line_1_41' title="bbox 497 2630 2061 2712; baseline 0.01 -30"><span class='ocrx_word' id='word_1_299' title='bbox 497 2630 596 2683; x_wconf 87' lang='lat' dir='ltr'><strong>bus</strong></span> <span class='ocrx_word' id='word_1_300' title='bbox 624 2640 704 2683; x_wconf 86' lang='lat' dir='ltr'><strong>est</strong></span> <span class='ocrx_word' id='word_1_301' title='bbox 744 2632 1035 2685; x_wconf 87' lang='lat' dir='ltr'><strong>secundum</strong></span> <span class='ocrx_word' id='word_1_302' title='bbox 1070 2648 1287 2687; x_wconf 79' lang='lat' dir='ltr'><strong>cantem</strong></span> <span class='ocrx_word' id='word_1_303' title='bbox 1322 2636 1592 2703; x_wconf 90' lang='lat' dir='ltr'><strong>Christus,</strong></span> <span class='ocrx_word' id='word_1_304' title='bbox 1628 2640 1721 2709; x_wconf 90' lang='lat' dir='ltr'><strong>qui</strong></span> <span class='ocrx_word' id='word_1_305' title='bbox 1768 2652 1851 2697; x_wconf 90' lang='lat' dir='ltr'><strong>est</strong></span> <span class='ocrx_word' id='word_1_306' title='bbox 1897 2658 2061 2712; x_wconf 86' lang='lat' dir='ltr'><strong>super</strong></span> 
     </span>
    </p>
   </div>
   <div class='ocr_carea' id='block_1_42' title="bbox 494 2721 2062 2803">
    <p class='ocr_par' dir='ltr' id='par_1_42' title="bbox 494 2721 2062 2803">
     <span class='ocr_line' id='line_1_42' title="bbox 494 2721 2062 2803; baseline 0.011 -30"><span class='ocrx_word' id='word_1_307' title='bbox 494 2722 674 2775; x_wconf 82' lang='lat' dir='ltr'><strong>omnia</strong></span> <span class='ocrx_word' id='word_1_308' title='bbox 704 2721 844 2777; x_wconf 90' lang='lat' dir='ltr'><strong>Deus</strong></span> <span class='ocrx_word' id='word_1_309' title='bbox 870 2723 937 2776; x_wconf 85' lang='lat'><strong>&quot;.</strong></span> <span class='ocrx_word' id='word_1_310' title='bbox 978 2742 998 2775; x_wconf 71' lang='grc' dir='ltr'><strong>ι</strong></span> <span class='ocrx_word' id='word_1_311' title='bbox 1038 2722 1305 2794; x_wconf 79' lang='lat' dir='ltr'><strong>Nonquia</strong></span> <span class='ocrx_word' id='word_1_312' title='bbox 1346 2727 1563 2783; x_wconf 87' lang='lat' dir='ltr'><strong>Davidis</strong></span> <span class='ocrx_word' id='word_1_313' title='bbox 1608 2746 1775 2801; x_wconf 88' lang='lat' dir='ltr'><strong>nepos</strong></span> <span class='ocrx_word' id='word_1_314' title='bbox 1820 2734 1935 2803; x_wconf 88' lang='lat' dir='ltr'><strong>ipse</strong></span> <span class='ocrx_word' id='word_1_315' title='bbox 1967 2750 2062 2803; x_wconf 89' lang='lat' dir='ltr'><strong>per</strong></span> 
     </span>
    </p>
   </div>
   <div class='ocr_carea' id='block_1_43' title="bbox 494 2812 2062 2889">
    <p class='ocr_par' dir='ltr' id='par_1_43' title="bbox 494 2812 2062 2889">
     <span class='ocr_line' id='line_1_43' title="bbox 494 2812 2062 2889; baseline 0.01 -22"><span class='ocrx_word' id='word_1_316' title='bbox 494 2827 553 2867; x_wconf 82' lang='lat' dir='ltr'><strong>se</strong></span> <span class='ocrx_word' id='word_1_317' title='bbox 581 2812 651 2865; x_wconf 89' lang='lat' dir='ltr'><strong>sit</strong></span> <span class='ocrx_word' id='word_1_318' title='bbox 678 2812 842 2875; x_wconf 89' lang='lat' dir='ltr'><strong>Deus,</strong></span> <span class='ocrx_word' id='word_1_319' title='bbox 873 2823 928 2867; x_wconf 90' lang='lat' dir='ltr'><strong>et</strong></span> <span class='ocrx_word' id='word_1_320' title='bbox 953 2829 1115 2881; x_wconf 89' lang='lat' dir='ltr'><strong>super</strong></span> <span class='ocrx_word' id='word_1_321' title='bbox 1148 2819 1351 2882; x_wconf 85' lang='lat' dir='ltr'><strong>omnia,</strong></span> <span class='ocrx_word' id='word_1_322' title='bbox 1400 2822 1494 2875; x_wconf 90' lang='lat' dir='ltr'><strong>sed</strong></span> <span class='ocrx_word' id='word_1_323' title='bbox 1530 2823 1654 2889; x_wconf 87' lang='lat' dir='ltr'><strong>quia</strong></span> <span class='ocrx_word' id='word_1_324' title='bbox 1716 2824 1807 2878; x_wconf 87' lang='lat' dir='ltr'><strong>Dei</strong></span> <span class='ocrx_word' id='word_1_325' title='bbox 1865 2828 2062 2882; x_wconf 89' lang='lat' dir='ltr'><strong>sunnni</strong></span> 
     </span>
    </p>
   </div>
   <div class='ocr_carea' id='block_1_44' title="bbox 496 2901 2059 2982">
    <p class='ocr_par' dir='ltr' id='par_1_44' title="bbox 496 2901 2059 2982">
     <span class='ocr_line' id='line_1_44' title="bbox 496 2901 2059 2982; baseline 0.012 -27"><span class='ocrx_word' id='word_1_326' title='bbox 496 2901 751 2969; x_wconf 86' lang='lat' dir='ltr'><strong>templum</strong></span> <span class='ocrx_word' id='word_1_327' title='bbox 780 2914 915 2971; x_wconf 89' lang='lat' dir='ltr'><strong>erat,</strong></span> <span class='ocrx_word' id='word_1_328' title='bbox 948 2906 1152 2962; x_wconf 91' lang='lat' dir='ltr'><strong>unitam</strong></span> <span class='ocrx_word' id='word_1_329' title='bbox 1201 2910 1614 2982; x_wconf 79' lang='lat' dir='ltr'><strong>copulatamque</strong></span> <span class='ocrx_word' id='word_1_330' title='bbox 1645 2915 1852 2970; x_wconf 87' lang='lat' dir='ltr'><strong>habens</strong></span> <span class='ocrx_word' id='word_1_331' title='bbox 1878 2932 2059 2976; x_wconf 88' lang='lat' dir='ltr'><strong>secum</strong></span> 
     </span>
    </p>
   </div>
   <div class='ocr_carea' id='block_1_45' title="bbox 496 2993 857 3049">
    <p class='ocr_par' dir='ltr' id='par_1_45' title="bbox 496 2993 857 3049">
     <span class='ocr_line' id='line_1_45' title="bbox 496 2993 857 3049; baseline 0.011 -4"><span class='ocrx_word' id='word_1_332' title='bbox 496 2993 857 3049; x_wconf 82' lang='lat' dir='ltr'><strong>divinitatem.</strong></span> 
     </span>
    </p>
   </div>
   <div class='ocr_carea' id='block_1_46' title="bbox 494 3106 2059 3192">
    <p class='ocr_par' dir='ltr' id='par_1_46' title="bbox 494 3106 2059 3192">
     <span class='ocr_line' id='line_1_46' title="bbox 494 3106 2059 3192; baseline 0.012 -29"><span class='ocrx_word' id='word_1_333' title='bbox 494 3106 685 3163; x_wconf 60' lang='lat' dir='ltr'><strong>XXXI.</strong></span> <span class='ocrx_word' id='word_1_334' title='bbox 723 3107 876 3174; x_wconf 83' lang='lat' dir='ltr'><strong>Quod</strong></span> <span class='ocrx_word' id='word_1_335' title='bbox 922 3111 1043 3165; x_wconf 70' lang='lat' dir='ltr'><strong>duce</strong></span> <span class='ocrx_word' id='word_1_336' title='bbox 1086 3114 1206 3192; x_wconf 47' lang='lat' dir='ltr'><strong>sini</strong></span> <span class='ocrx_word' id='word_1_337' title='bbox 1222 3124 1465 3192; x_wconf 63' lang='lat' dir='ltr'><strong>naturae,</strong></span> <span class='ocrx_word' id='word_1_338' title='bbox 1494 3134 1599 3173; x_wconf 81' lang='lat' dir='ltr'><strong>una</strong></span> <span class='ocrx_word' id='word_1_339' title='bbox 1630 3129 1804 3175; x_wconf 74' lang='lat' dir='ltr'><strong>autent</strong></span> <span class='ocrx_word' id='word_1_340' title='bbox 1837 3140 2059 3192; x_wconf 82' lang='lat' dir='ltr'><strong>persona</strong></span> 
     </span>
    </p>
   </div>
   <div class='ocr_carea' id='block_1_47' title="bbox 1166 3182 1380 3239">
    <p class='ocr_par' dir='ltr' id='par_1_47' title="bbox 1166 3182 1380 3239">
     <span class='ocr_line' id='line_1_47' title="bbox 1166 3182 1380 3239; baseline 0.009 -2"><span class='ocrx_word' id='word_1_341' title='bbox 1166 3182 1380 3239; x_wconf 79' lang='lat' dir='ltr'><strong>Christi.</strong></span> 
     </span>
    </p>
   </div>
   <div class='ocr_carea' id='block_1_48' title="bbox 561 3287 2057 3364">
    <p class='ocr_par' dir='ltr' id='par_1_48' title="bbox 561 3287 2057 3364">
     <span class='ocr_line' id='line_1_48' title="bbox 561 3287 2057 3364; baseline 0.015 -24"><span class='ocrx_word' id='word_1_342' title='bbox 561 3287 685 3343; x_wconf 86' lang='lat' dir='ltr'><strong>Ideo</strong></span> <span class='ocrx_word' id='word_1_343' title='bbox 718 3308 734 3339; x_wconf 82' lang='grc' dir='ltr'><strong>ι</strong></span> <span class='ocrx_word' id='word_1_344' title='bbox 763 3288 921 3346; x_wconf 85' lang='lat' dir='ltr'><strong>.lesus</strong></span> <span class='ocrx_word' id='word_1_345' title='bbox 948 3291 1198 3349; x_wconf 88' lang='lat' dir='ltr'><strong>Christus</strong></span> <span class='ocrx_word' id='word_1_346' title='bbox 1257 3296 1371 3351; x_wconf 87' lang='lat' dir='ltr'><strong>heri</strong></span> <span class='ocrx_word' id='word_1_347' title='bbox 1396 3305 1450 3351; x_wconf 90' lang='lat' dir='ltr'><strong>et</strong></span> <span class='ocrx_word' id='word_1_348' title='bbox 1491 3299 1669 3364; x_wconf 87' lang='lat' dir='ltr'><strong>hodie,</strong></span> <span class='ocrx_word' id='word_1_349' title='bbox 1697 3301 1838 3357; x_wconf 88' lang='lat' dir='ltr'><strong>idem</strong></span> <span class='ocrx_word' id='word_1_350' title='bbox 1873 3314 1955 3360; x_wconf 89' lang='lat' dir='ltr'><strong>est</strong></span> <span class='ocrx_word' id='word_1_351' title='bbox 2001 3317 2057 3362; x_wconf 89' lang='lat' dir='ltr'><strong>et</strong></span> 
     </span>
    </p>
   </div>
   <div class='ocr_carea' id='block_1_49' title="bbox 494 3380 2056 3466">
    <p class='ocr_par' dir='ltr' id='par_1_49' title="bbox 494 3380 2056 3466">
     <span class='ocr_line' id='line_1_49' title="bbox 494 3380 2056 3466; baseline 0.012 -33"><span class='ocrx_word' id='word_1_352' title='bbox 494 3381 546 3433; x_wconf 90' lang='lat' dir='ltr'><strong>in</strong></span> <span class='ocrx_word' id='word_1_353' title='bbox 578 3380 773 3435; x_wconf 65' lang='lat' dir='ltr'><strong>secula</strong></span> <span class='ocrx_word' id='word_1_354' title='bbox 797 3382 862 3434; x_wconf 78' lang='lat'><strong>&quot;.</strong></span> <span class='ocrx_word' id='word_1_355' title='bbox 905 3400 923 3432; x_wconf 72' lang='grc' dir='ltr'><strong>ι</strong></span> <span class='ocrx_word' id='word_1_356' title='bbox 960 3382 1074 3435; x_wconf 85' lang='grc' dir='ltr'><strong>Νοιι</strong></span> <span class='ocrx_word' id='word_1_357' title='bbox 1108 3386 1250 3439; x_wconf 89' lang='lat' dir='ltr'><strong>enim</strong></span> <span class='ocrx_word' id='word_1_358' title='bbox 1284 3388 1335 3439; x_wconf 91' lang='lat' dir='ltr'><strong>in</strong></span> <span class='ocrx_word' id='word_1_359' title='bbox 1373 3388 1506 3443; x_wconf 89' lang='lat' dir='ltr'><strong>duas</strong></span> <span class='ocrx_word' id='word_1_360' title='bbox 1538 3403 1801 3458; x_wconf 88' lang='lat' dir='ltr'><strong>personas</strong></span> <span class='ocrx_word' id='word_1_361' title='bbox 1838 3396 2056 3466; x_wconf 89' lang='lat' dir='ltr'><strong>dispen-</strong></span> 
     </span>
    </p>
   </div>
   <div class='ocr_carea' id='block_1_50' title="bbox 490 3470 2057 3555">
    <p class='ocr_par' dir='ltr' id='par_1_50' title="bbox 490 3470 2057 3555">
     <span class='ocr_line' id='line_1_50' title="bbox 490 3470 2057 3555; baseline 0.011 -32"><span class='ocrx_word' id='word_1_362' title='bbox 490 3470 719 3524; x_wconf 79' lang='lat' dir='ltr'><strong>sationis</strong></span> <span class='ocrx_word' id='word_1_363' title='bbox 770 3486 905 3540; x_wconf 84' lang='lat' dir='ltr'><strong>0pus</strong></span> <span class='ocrx_word' id='word_1_364' title='bbox 960 3472 1270 3539; x_wconf 83' lang='lat' dir='ltr'><strong>dividimus,</strong></span> <span class='ocrx_word' id='word_1_365' title='bbox 1337 3492 1511 3547; x_wconf 90' lang='lat' dir='ltr'><strong>neque</strong></span> <span class='ocrx_word' id='word_1_366' title='bbox 1576 3482 1712 3536; x_wconf 88' lang='lat' dir='ltr'><strong>duos</strong></span> <span class='ocrx_word' id='word_1_367' title='bbox 1765 3484 1904 3539; x_wconf 86' lang='lat' dir='ltr'><strong>filios</strong></span> <span class='ocrx_word' id='word_1_368' title='bbox 1958 3502 2057 3555; x_wconf 89' lang='lat' dir='ltr'><strong>pro</strong></span> 
     </span>
    </p>
   </div>
   <div class='ocr_carea' id='block_1_51' title="bbox 492 3555 2055 3633">
    <p class='ocr_par' dir='ltr' id='par_1_51' title="bbox 492 3555 2055 3633">
     <span class='ocr_line' id='line_1_51' title="bbox 492 3555 2055 3633; baseline 0.011 -19"><span class='ocrx_word' id='word_1_369' title='bbox 492 3555 783 3629; x_wconf 83' lang='lat' dir='ltr'><strong>Unigenito</strong></span> <span class='ocrx_word' id='word_1_370' title='bbox 818 3560 1173 3629; x_wconf 61' lang='lat' dir='ltr'><strong>praedicamus</strong></span> <span class='ocrx_word' id='word_1_371' title='bbox 1210 3574 1263 3618; x_wconf 92' lang='lat' dir='ltr'><strong>et</strong></span> <span class='ocrx_word' id='word_1_372' title='bbox 1296 3569 1584 3633; x_wconf 90' lang='lat' dir='ltr'><strong>credimus,</strong></span> <span class='ocrx_word' id='word_1_373' title='bbox 1616 3572 1709 3625; x_wconf 88' lang='lat' dir='ltr'><strong>sed</strong></span> <span class='ocrx_word' id='word_1_374' title='bbox 1756 3573 1888 3629; x_wconf 90' lang='lat' dir='ltr'><strong>duas</strong></span> <span class='ocrx_word' id='word_1_375' title='bbox 1934 3590 2055 3632; x_wconf 83' lang='lat' dir='ltr'><strong>esse</strong></span> 
     </span>
    </p>
   </div>
   <div class='ocr_carea' id='block_1_52' title="bbox 493 3651 2055 3723">
    <p class='ocr_par' dir='ltr' id='par_1_52' title="bbox 493 3651 2055 3723">
     <span class='ocr_line' id='line_1_52' title="bbox 493 3651 2055 3723; baseline 0.015 -22"><span class='ocrx_word' id='word_1_376' title='bbox 493 3661 715 3702; x_wconf 83' lang='lat' dir='ltr'><strong>naturas</strong></span> <span class='ocrx_word' id='word_1_377' title='bbox 748 3658 801 3703; x_wconf 87' lang='lat' dir='ltr'><strong>et</strong></span> <span class='ocrx_word' id='word_1_378' title='bbox 833 3651 1119 3706; x_wconf 89' lang='lat' dir='ltr'><strong>didicimus</strong></span> <span class='ocrx_word' id='word_1_379' title='bbox 1169 3664 1224 3707; x_wconf 92' lang='lat' dir='ltr'><strong>et</strong></span> <span class='ocrx_word' id='word_1_380' title='bbox 1250 3656 1522 3712; x_wconf 86' lang='lat' dir='ltr'><strong>docemus.</strong></span> <span class='ocrx_word' id='word_1_381' title='bbox 1578 3660 1735 3716; x_wconf 84' lang='lat' dir='ltr'><strong>Aliud</strong></span> <span class='ocrx_word' id='word_1_382' title='bbox 1766 3665 1909 3720; x_wconf 89' lang='lat' dir='ltr'><strong>enim</strong></span> <span class='ocrx_word' id='word_1_383' title='bbox 1972 3680 2055 3723; x_wconf 90' lang='lat' dir='ltr'><strong>est</strong></span> 
     </span>
    </p>
   </div>
   <div class='ocr_carea' id='block_1_53' title="bbox 492 3738 2036 3824">
    <p class='ocr_par' dir='ltr' id='par_1_53' title="bbox 492 3738 2036 3824">
     <span class='ocr_line' id='line_1_53' title="bbox 492 3738 2036 3824; baseline 0.015 -33"><span class='ocrx_word' id='word_1_384' title='bbox 492 3738 681 3803; x_wconf 88' lang='lat' dir='ltr'><strong>deitas,</strong></span> <span class='ocrx_word' id='word_1_385' title='bbox 706 3748 759 3792; x_wconf 90' lang='lat' dir='ltr'><strong>et</strong></span> <span class='ocrx_word' id='word_1_386' title='bbox 790 3740 929 3793; x_wconf 84' lang='lat' dir='ltr'><strong>aliud</strong></span> <span class='ocrx_word' id='word_1_387' title='bbox 971 3743 1279 3798; x_wconf 88' lang='lat' dir='ltr'><strong>humanitas</strong></span> <span class='ocrx_word' id='word_1_388' title='bbox 1310 3763 1324 3799; x_wconf 93' lang='lat'><strong>:</strong></span> <span class='ocrx_word' id='word_1_389' title='bbox 1354 3748 1495 3800; x_wconf 88' lang='lat' dir='ltr'><strong>aliud</strong></span> <span class='ocrx_word' id='word_1_390' title='bbox 1532 3765 1627 3816; x_wconf 91' lang='lat' dir='ltr'><strong>per</strong></span> <span class='ocrx_word' id='word_1_391' title='bbox 1659 3766 1717 3807; x_wconf 85' lang='lat' dir='ltr'><strong>se</strong></span> <span class='ocrx_word' id='word_1_392' title='bbox 1743 3756 2036 3824; x_wconf 79' lang='lat' dir='ltr'><strong>exsistens,</strong></span> 
     </span>
    </p>
   </div>
   <div class='ocr_carea' id='block_1_54' title="bbox 489 3828 2057 3911">
    <p class='ocr_par' dir='ltr' id='par_1_54' title="bbox 489 3828 2057 3911">
     <span class='ocr_line' id='line_1_54' title="bbox 489 3828 2057 3911; baseline 0.015 -31"><span class='ocrx_word' id='word_1_393' title='bbox 489 3839 544 3881; x_wconf 84' lang='lat' dir='ltr'><strong>et</strong></span> <span class='ocrx_word' id='word_1_394' title='bbox 578 3828 721 3883; x_wconf 90' lang='lat' dir='ltr'><strong>aliud</strong></span> <span class='ocrx_word' id='word_1_395' title='bbox 776 3834 919 3899; x_wconf 91' lang='lat' dir='ltr'><strong>quod</strong></span> <span class='ocrx_word' id='word_1_396' title='bbox 984 3834 1185 3888; x_wconf 87' lang='lat' dir='ltr'><strong>factum</strong></span> <span class='ocrx_word' id='word_1_397' title='bbox 1244 3840 1546 3895; x_wconf 86' lang='lat' dir='ltr'><strong>est:aliud</strong></span> <span class='ocrx_word' id='word_1_398' title='bbox 1610 3841 1700 3897; x_wconf 90' lang='lat' dir='ltr'><strong>Dei</strong></span> <span class='ocrx_word' id='word_1_399' title='bbox 1760 3844 1955 3911; x_wconf 83' lang='lat' dir='ltr'><strong>forma,</strong></span> <span class='ocrx_word' id='word_1_400' title='bbox 2004 3862 2057 3904; x_wconf 90' lang='lat' dir='ltr'><strong>et</strong></span> 
     </span>
    </p>
   </div>
   <div class='ocr_carea' id='block_1_55' title="bbox 489 3919 2054 4003">
    <p class='ocr_par' dir='ltr' id='par_1_55' title="bbox 489 3919 2054 4003">
     <span class='ocr_line' id='line_1_55' title="bbox 489 3919 2054 4003; baseline 0.015 -31"><span class='ocrx_word' id='word_1_401' title='bbox 489 3919 634 3972; x_wconf 84' lang='lat' dir='ltr'><strong>aliud</strong></span> <span class='ocrx_word' id='word_1_402' title='bbox 668 3921 837 3975; x_wconf 87' lang='lat' dir='ltr'><strong>forma</strong></span> <span class='ocrx_word' id='word_1_403' title='bbox 870 3924 1103 3980; x_wconf 88' lang='lat' dir='ltr'><strong>hominis</strong></span> <span class='ocrx_word' id='word_1_404' title='bbox 1134 3944 1147 3979; x_wconf 92' lang='lat'><strong>:</strong></span> <span class='ocrx_word' id='word_1_405' title='bbox 1177 3928 1319 3980; x_wconf 87' lang='lat' dir='ltr'><strong>aliud</strong></span> <span class='ocrx_word' id='word_1_406' title='bbox 1379 3945 1597 3988; x_wconf 84' lang='lat' dir='ltr'><strong>sumens</strong></span> <span class='ocrx_word' id='word_1_407' title='bbox 1647 3946 1863 4003; x_wconf 84' lang='lat' dir='ltr'><strong>natura,</strong></span> <span class='ocrx_word' id='word_1_408' title='bbox 1906 3941 2054 3996; x_wconf 88' lang='lat' dir='ltr'><strong>aliud</strong></span> 
     </span>
    </p>
   </div>
   <div class='ocr_carea' id='block_1_56' title="bbox 489 4014 2053 4101">
    <p class='ocr_par' dir='ltr' id='par_1_56' title="bbox 489 4014 2053 4101">
     <span class='ocr_line' id='line_1_56' title="bbox 489 4014 2053 4101; baseline 0.017 -40"><span class='ocrx_word' id='word_1_409' title='bbox 489 4019 698 4101; x_wconf 81' lang='lat' dir='ltr'><strong>sumpta</strong></span> <span class='ocrx_word' id='word_1_410' title='bbox 743 4029 755 4065; x_wconf 94' lang='lat'><strong>:</strong></span> <span class='ocrx_word' id='word_1_411' title='bbox 800 4014 940 4066; x_wconf 88' lang='lat' dir='ltr'><strong>aliud</strong></span> <span class='ocrx_word' id='word_1_412' title='bbox 991 4020 1244 4084; x_wconf 90' lang='lat' dir='ltr'><strong>tetnplum</strong></span> <span class='ocrx_word' id='word_1_413' title='bbox 1293 4022 1634 4092; x_wconf 89' lang='lat' dir='ltr'><strong>dissolutum,</strong></span> <span class='ocrx_word' id='word_1_414' title='bbox 1682 4036 1737 4081; x_wconf 90' lang='lat' dir='ltr'><strong>et</strong></span> <span class='ocrx_word' id='word_1_415' title='bbox 1778 4030 1924 4085; x_wconf 89' lang='lat' dir='ltr'><strong>aliud</strong></span> <span class='ocrx_word' id='word_1_416' title='bbox 1963 4034 2053 4101; x_wconf 89' lang='lat' dir='ltr'><strong>qui</strong></span> 
     </span>
    </p>
   </div>
   <div class='ocr_carea' id='block_1_57' title="bbox 490 4100 1499 4169">
    <p class='ocr_par' dir='ltr' id='par_1_57' title="bbox 490 4100 1499 4169">
     <span class='ocr_line' id='line_1_57' title="bbox 490 4100 1499 4169; baseline 0.014 -14"><span class='ocrx_word' id='word_1_417' title='bbox 490 4100 591 4157; x_wconf 90' lang='lat' dir='ltr'><strong>hoc</strong></span> <span class='ocrx_word' id='word_1_418' title='bbox 628 4103 941 4159; x_wconf 88' lang='lat' dir='ltr'><strong>dissolutum</strong></span> <span class='ocrx_word' id='word_1_419' title='bbox 974 4111 1315 4165; x_wconf 83' lang='lat' dir='ltr'><strong>resuscitavit</strong></span> <span class='ocrx_word' id='word_1_420' title='bbox 1339 4114 1499 4169; x_wconf 90' lang='lat' dir='ltr'><strong>Deus.</strong></span> 
     </span>
    </p>
   </div>
   <div class='ocr_carea' id='block_1_58' title="bbox 488 4297 2054 4377">
    <p class='ocr_par' dir='ltr' id='par_1_58' title="bbox 488 4297 2054 4377">
     <span class='ocr_line' id='line_1_58' title="bbox 488 4297 2054 4377; baseline 0.015 -23"><span class='ocrx_word' id='word_1_421' title='bbox 488 4297 700 4357; x_wconf 79' lang='lat' dir='ltr'><strong>XXXII.</strong></span> <span class='ocrx_word' id='word_1_422' title='bbox 755 4304 908 4377; x_wconf 63' lang='lat' dir='ltr'><strong>Quod</strong></span> <span class='ocrx_word' id='word_1_423' title='bbox 967 4324 1067 4361; x_wconf 81' lang='lat' dir='ltr'><strong>non</strong></span> <span class='ocrx_word' id='word_1_424' title='bbox 1122 4314 1519 4376; x_wconf 79' lang='lat' dir='ltr'><strong>concretionem,</strong></span> <span class='ocrx_word' id='word_1_425' title='bbox 1551 4318 1641 4368; x_wconf 79' lang='lat' dir='ltr'><strong>sed</strong></span> <span class='ocrx_word' id='word_1_426' title='bbox 1706 4320 1948 4375; x_wconf 83' lang='lat' dir='ltr'><strong>unionem</strong></span> <span class='ocrx_word' id='word_1_427' title='bbox 2001 4326 2054 4377; x_wconf 82' lang='lat' dir='ltr'><strong>in</strong></span> 
     </span>
    </p>
   </div>
   <div class='ocr_carea' id='block_1_59' title="bbox 844 4374 1673 4452">
    <p class='ocr_par' dir='ltr' id='par_1_59' title="bbox 844 4374 1673 4452">
     <span class='ocr_line' id='line_1_59' title="bbox 844 4374 1673 4452; baseline 0.012 -23"><span class='ocrx_word' id='word_1_428' title='bbox 844 4374 1049 4430; x_wconf 79' lang='lat' dir='ltr'><strong>Christo</strong></span> <span class='ocrx_word' id='word_1_429' title='bbox 1068 4379 1237 4433; x_wconf 80' lang='lat' dir='ltr'><strong>dicere</strong></span> <span class='ocrx_word' id='word_1_430' title='bbox 1270 4374 1563 4452; x_wconf 77' lang='lat' dir='ltr'><strong>religiosth</strong></span> <span class='ocrx_word' id='word_1_431' title='bbox 1588 4388 1673 4439; x_wconf 84' lang='lat' dir='ltr'><strong>sit.</strong></span> 
     </span>
    </p>
   </div>
   <div class='ocr_carea' id='block_1_60' title="bbox 554 4483 2049 4568">
    <p class='ocr_par' dir='ltr' id='par_1_60' title="bbox 554 4483 2049 4568">
     <span class='ocr_line' id='line_1_60' title="bbox 554 4483 2049 4568; baseline 0.015 -31"><span class='ocrx_word' id='word_1_432' title='bbox 554 4483 668 4539; x_wconf 80' lang='lat' dir='ltr'><strong>Non</strong></span> <span class='ocrx_word' id='word_1_433' title='bbox 682 4502 809 4553; x_wconf 81' lang='lat' dir='ltr'><strong>ergo</strong></span> <span class='ocrx_word' id='word_1_434' title='bbox 830 4497 1049 4543; x_wconf 88' lang='lat' dir='ltr'><strong>naturas</strong></span> <span class='ocrx_word' id='word_1_435' title='bbox 1064 4492 1637 4568; x_wconf 84' lang='lat' dir='ltr'><strong>c0nfumlimus,neque</strong></span> <span class='ocrx_word' id='word_1_436' title='bbox 1652 4506 2049 4561; x_wconf 87' lang='lat' dir='ltr'><strong>concretionem</strong></span> 
     </span>
    </p>
   </div>
   <div class='ocr_carea' id='block_1_61' title="bbox 2164 1997 3732 2099">
    <p class='ocr_par' dir='ltr' id='par_1_61' title="bbox 2164 1997 3732 2099">
     <span class='ocr_line' id='line_1_61' title="bbox 2164 1997 3732 2099; baseline -0.015 -26"><span class='ocrx_word' id='word_1_437' title='bbox 2164 2018 2344 2091; x_wconf 82' lang='grc' dir='ltr'><strong>μόνον,</strong></span> <span class='ocrx_word' id='word_1_438' title='bbox 2372 2017 2507 2071; x_wconf 78' lang='grc' dir='ltr'><strong>ἀλλὰ</strong></span> <span class='ocrx_word' id='word_1_439' title='bbox 2533 2016 2628 2068; x_wconf 75' lang='grc' dir='ltr'><strong>καὶ</strong></span> <span class='ocrx_word' id='word_1_440' title='bbox 2654 2015 2745 2067; x_wconf 79' lang='grc' dir='ltr'><strong>τὸν</strong></span> <span class='ocrx_word' id='word_1_441' title='bbox 2771 2010 3001 2064; x_wconf 77' lang='grc' dir='ltr'><strong>λαϐόντα</strong></span> <span class='ocrx_word' id='word_1_442' title='bbox 3025 2008 3198 2075; x_wconf 79' lang='grc' dir='ltr'><strong>Λόγον</strong></span> <span class='ocrx_word' id='word_1_443' title='bbox 3230 2002 3367 2099; x_wconf 72' lang='grc' dir='ltr'><strong>μετὰ</strong></span> <span class='ocrx_word' id='word_1_444' title='bbox 3386 1998 3479 2099; x_wconf 73' lang='grc' dir='ltr'><strong>τοῦ</strong></span> <span class='ocrx_word' id='word_1_445' title='bbox 3501 1997 3732 2099; x_wconf 50' lang='grc' dir='ltr'><strong>ληφθέν-</strong></span> 
     </span>
    </p>
   </div>
   <div class='ocr_carea' id='block_1_62' title="bbox 2162 2091 3732 2179">
    <p class='ocr_par' dir='ltr' id='par_1_62' title="bbox 2162 2091 3732 2179">
     <span class='ocr_line' id='line_1_62' title="bbox 2162 2091 3732 2179; baseline -0.015 -15"><span class='ocrx_word' id='word_1_446' title='bbox 2162 2128 2250 2174; x_wconf 86' lang='grc' dir='ltr'><strong>τος</strong></span> <span class='ocrx_word' id='word_1_447' title='bbox 2296 2109 2448 2179; x_wconf 84' lang='grc' dir='ltr'><strong>δηλοῖ</strong></span> <span class='ocrx_word' id='word_1_448' title='bbox 2479 2105 2610 2179; x_wconf 89' lang='grc' dir='ltr'><strong>(τοῦ</strong></span> <span class='ocrx_word' id='word_1_449' title='bbox 2648 2102 2782 2157; x_wconf 82' lang='grc' dir='ltr'><strong>Θεοῦ</strong></span> <span class='ocrx_word' id='word_1_450' title='bbox 2822 2101 2931 2170; x_wconf 79' lang='grc' dir='ltr'><strong>γὰρ</strong></span> <span class='ocrx_word' id='word_1_451' title='bbox 2971 2098 3064 2152; x_wconf 77' lang='grc' dir='ltr'><strong>καὶ</strong></span> <span class='ocrx_word' id='word_1_452' title='bbox 3099 2096 3194 2149; x_wconf 87' lang='grc' dir='ltr'><strong>τοῦ</strong></span> <span class='ocrx_word' id='word_1_453' title='bbox 3242 2091 3531 2162; x_wconf 80' lang='grc' dir='ltr'><strong>ἀνθρώπου</strong></span> <span class='ocrx_word' id='word_1_454' title='bbox 3572 2091 3732 2142; x_wconf 87' lang='grc' dir='ltr'><strong>τοῦτο</strong></span> 
     </span>
    </p>
   </div>
   <div class='ocr_carea' id='block_1_63' title="bbox 2163 2180 3731 2273">
    <p class='ocr_par' dir='ltr' id='par_1_63' title="bbox 2163 2180 3731 2273">
     <span class='ocr_line' id='line_1_63' title="bbox 2163 2180 3731 2273; baseline -0.015 -17"><span class='ocrx_word' id='word_1_455' title='bbox 2163 2199 2495 2273; x_wconf 85' lang='grc' dir='ltr'><strong>σημαντικόν</strong></span> <span class='ocrx_word' id='word_1_456' title='bbox 2524 2197 2710 2266; x_wconf 56' lang='lat' dir='ltr'><strong>emn-</strong></span> <span class='ocrx_word' id='word_1_457' title='bbox 2741 2197 2769 2247; x_wconf 90' lang='grc' dir='ltr'><strong>ό</strong></span> <span class='ocrx_word' id='word_1_458' title='bbox 2805 2192 3012 2254; x_wconf 79' lang='grc' dir='ltr'><strong>Παῦλος</strong></span> <span class='ocrx_word' id='word_1_459' title='bbox 3041 2187 3324 2254; x_wconf 77' lang='grc' dir='ltr'><strong>ἀνατίθησι</strong></span> <span class='ocrx_word' id='word_1_460' title='bbox 3361 2184 3453 2238; x_wconf 79' lang='grc' dir='ltr'><strong>καὶ</strong></span> <span class='ocrx_word' id='word_1_461' title='bbox 3482 2180 3560 2252; x_wconf 84' lang='grc' dir='ltr'><strong>τῷ</strong></span> <span class='ocrx_word' id='word_1_462' title='bbox 3588 2184 3731 2252; x_wconf 79' lang='grc' dir='ltr'><strong>ὁρω-</strong></span> 
     </span>
    </p>
   </div>
   <div class='ocr_carea' id='block_1_64' title="bbox 2164 2274 3737 2362">
    <p class='ocr_par' dir='ltr' id='par_1_64' title="bbox 2164 2274 3737 2362">
     <span class='ocr_line' id='line_1_64' title="bbox 2164 2274 3737 2362; baseline -0.012 -17"><span class='ocrx_word' id='word_1_463' title='bbox 2164 2293 2312 2362; x_wconf 76' lang='grc' dir='ltr'><strong>μένῳ</strong></span> <span class='ocrx_word' id='word_1_464' title='bbox 2339 2290 2428 2344; x_wconf 84' lang='grc' dir='ltr'><strong>διὰ</strong></span> <span class='ocrx_word' id='word_1_465' title='bbox 2454 2289 2551 2360; x_wconf 83' lang='grc' dir='ltr'><strong>τὴν</strong></span> <span class='ocrx_word' id='word_1_466' title='bbox 2579 2287 2715 2355; x_wconf 86' lang='grc' dir='ltr'><strong>πρὸς</strong></span> <span class='ocrx_word' id='word_1_467' title='bbox 2746 2285 2805 2338; x_wconf 88' lang='grc' dir='ltr'><strong>τὸ</strong></span> <span class='ocrx_word' id='word_1_468' title='bbox 2845 2285 3221 2355; x_wconf 68' lang='grc' dir='ltr'><strong>κρυπτόμενον</strong></span> <span class='ocrx_word' id='word_1_469' title='bbox 3249 2282 3461 2343; x_wconf 71' lang='grc' dir='ltr'><strong>ἕνωσιν,</strong></span> <span class='ocrx_word' id='word_1_470' title='bbox 3509 2275 3609 2345; x_wconf 78' lang='grc' dir='ltr'><strong>τὴν</strong></span> <span class='ocrx_word' id='word_1_471' title='bbox 3642 2274 3737 2327; x_wconf 89' lang='grc' dir='ltr'><strong>τοῦ</strong></span> 
     </span>
    </p>
   </div>
   <div class='ocr_carea' id='block_1_65' title="bbox 2162 2365 3737 2451">
    <p class='ocr_par' dir='ltr' id='par_1_65' title="bbox 2162 2365 3737 2451">
     <span class='ocr_line' id='line_1_65' title="bbox 2162 2365 3737 2451; baseline -0.012 -14"><span class='ocrx_word' id='word_1_472' title='bbox 2162 2383 2360 2446; x_wconf 80' lang='grc' dir='ltr'><strong>παντὸς</strong></span> <span class='ocrx_word' id='word_1_473' title='bbox 2388 2379 2604 2451; x_wconf 84' lang='grc' dir='ltr'><strong>ποίησίν</strong></span> <span class='ocrx_word' id='word_1_474' title='bbox 2641 2396 2700 2432; x_wconf 89' lang='grc' dir='ltr'><strong>τε</strong></span> <span class='ocrx_word' id='word_1_475' title='bbox 2733 2378 2826 2432; x_wconf 75' lang='grc' dir='ltr'><strong>καὶ</strong></span> <span class='ocrx_word' id='word_1_476' title='bbox 2857 2375 3245 2444; x_wconf 81' lang='grc' dir='ltr'><strong>διακόσμησιν·</strong></span> <span class='ocrx_word' id='word_1_477' title='bbox 3273 2370 3353 2425; x_wconf 78' lang='grc' dir='ltr'><strong>διὸ</strong></span> <span class='ocrx_word' id='word_1_478' title='bbox 3384 2370 3479 2424; x_wconf 79' lang='grc' dir='ltr'><strong>καὶ</strong></span> <span class='ocrx_word' id='word_1_479' title='bbox 3508 2365 3737 2437; x_wconf 80' lang='grc' dir='ltr'><strong>ἑτέρωθι</strong></span> 
     </span>
    </p>
   </div>
   <div class='ocr_carea' id='block_1_66' title="bbox 2159 2457 3737 2545">
    <p class='ocr_par' dir='ltr' id='par_1_66' title="bbox 2159 2457 3737 2545">
     <span class='ocr_line' id='line_1_66' title="bbox 2159 2457 3737 2545; baseline -0.011 -17"><span class='ocrx_word' id='word_1_480' title='bbox 2159 2474 2251 2528; x_wconf 80' lang='grc' dir='ltr'><strong>τὸν</strong></span> <span class='ocrx_word' id='word_1_481' title='bbox 2284 2473 2516 2545; x_wconf 81' lang='grc' dir='ltr'><strong>Χριστὸν</strong></span> <span class='ocrx_word' id='word_1_482' title='bbox 2554 2472 2645 2524; x_wconf 67' lang='grc' dir='ltr'><strong>ἐπὶ</strong></span> <span class='ocrx_word' id='word_1_483' title='bbox 2683 2470 2900 2523; x_wconf 81' lang='grc' dir='ltr'><strong>πάντων</strong></span> <span class='ocrx_word' id='word_1_484' title='bbox 2947 2463 3344 2537; x_wconf 82' lang='grc' dir='ltr'><strong>προσαγορεύει</strong></span> <span class='ocrx_word' id='word_1_485' title='bbox 3375 2461 3507 2515; x_wconf 87' lang='grc' dir='ltr'><strong>Θεόν</strong></span> <span class='ocrx_word' id='word_1_486' title='bbox 3529 2478 3545 2491; x_wconf 86' lang='grc'><strong>·</strong></span> <span class='ocrx_word' id='word_1_487' title='bbox 3586 2477 3607 2511; x_wconf 84' lang='lat' dir='ltr'><strong>s</strong></span> <span class='ocrx_word' id='word_1_488' title='bbox 3648 2457 3737 2524; x_wconf 81' lang='grc' dir='ltr'><strong>Ἐξ</strong></span> 
     </span>
    </p>
   </div>
   <div class='ocr_carea' id='block_1_67' title="bbox 2160 2550 3736 2636">
    <p class='ocr_par' dir='ltr' id='par_1_67' title="bbox 2160 2550 3736 2636">
     <span class='ocr_line' id='line_1_67' title="bbox 2160 2550 3736 2636; baseline -0.012 -16"><span class='ocrx_word' id='word_1_489' title='bbox 2160 2560 2234 2620; x_wconf 81' lang='grc' dir='ltr'><strong>ὧν</strong></span> <span class='ocrx_word' id='word_1_490' title='bbox 2274 2566 2401 2636; x_wconf 80' lang='grc' dir='ltr'><strong>γὰρ,</strong></span> <span class='ocrx_word' id='word_1_491' title='bbox 2440 2565 2624 2635; x_wconf 73' lang='grc' dir='ltr'><strong>φησὶν,</strong></span> <span class='ocrx_word' id='word_1_492' title='bbox 2650 2562 2883 2631; x_wconf 83' lang='grc' dir='ltr'><strong>Χριστὸς</strong></span> <span class='ocrx_word' id='word_1_493' title='bbox 2924 2559 2984 2612; x_wconf 81' lang='grc' dir='ltr'><strong>τὸ</strong></span> <span class='ocrx_word' id='word_1_494' title='bbox 3029 2556 3171 2610; x_wconf 80' lang='grc' dir='ltr'><strong>κατὰ</strong></span> <span class='ocrx_word' id='word_1_495' title='bbox 3209 2555 3409 2626; x_wconf 80' lang='grc' dir='ltr'><strong>σάρκα,</strong></span> <span class='ocrx_word' id='word_1_496' title='bbox 3448 2554 3477 2606; x_wconf 84' lang='grc' dir='ltr'>ὁ</span> <span class='ocrx_word' id='word_1_497' title='bbox 3522 2550 3597 2604; x_wconf 84' lang='grc' dir='ltr'><strong>ὣν</strong></span> <span class='ocrx_word' id='word_1_498' title='bbox 3645 2550 3736 2602; x_wconf 71' lang='grc' dir='ltr'><strong>ἐπὶ</strong></span> 
     </span>
    </p>
   </div>
   <div class='ocr_carea' id='block_1_68' title="bbox 2164 2644 3734 2723">
    <p class='ocr_par' dir='ltr' id='par_1_68' title="bbox 2164 2644 3734 2723">
     <span class='ocr_line' id='line_1_68' title="bbox 2164 2644 3734 2723; baseline -0.009 -12"><span class='ocrx_word' id='word_1_499' title='bbox 2164 2660 2380 2713; x_wconf 77' lang='grc' dir='ltr'><strong>πάντων</strong></span> <span class='ocrx_word' id='word_1_500' title='bbox 2423 2656 2578 2719; x_wconf 90' lang='grc' dir='ltr'><strong>Θεός.</strong></span> <span class='ocrx_word' id='word_1_501' title='bbox 2608 2674 2625 2707; x_wconf 78' lang='grc' dir='ltr'><strong>ι</strong></span> <span class='ocrx_word' id='word_1_502' title='bbox 2679 2655 2793 2707; x_wconf 85' lang='grc' dir='ltr'><strong>υὺκ</strong></span> <span class='ocrx_word' id='word_1_503' title='bbox 2830 2652 3014 2723; x_wconf 73' lang='grc' dir='ltr'><strong>ἐπειδὴ</strong></span> <span class='ocrx_word' id='word_1_504' title='bbox 3049 2652 3143 2703; x_wconf 90' lang='grc' dir='ltr'><strong>τοῦ</strong></span> <span class='ocrx_word' id='word_1_505' title='bbox 3181 2648 3344 2703; x_wconf 78' lang='grc' dir='ltr'><strong>Δαόὶδ</strong></span> <span class='ocrx_word' id='word_1_506' title='bbox 3387 2648 3418 2700; x_wconf 79' lang='grc' dir='ltr'><strong>ό</strong></span> <span class='ocrx_word' id='word_1_507' title='bbox 3469 2644 3734 2712; x_wconf 82' lang='grc' dir='ltr'><strong>ἀπόγονος</strong></span> 
     </span>
    </p>
   </div>
   <div class='ocr_carea' id='block_1_69' title="bbox 2163 2736 3727 2815">
    <p class='ocr_par' dir='ltr' id='par_1_69' title="bbox 2163 2736 3727 2815">
     <span class='ocr_line' id='line_1_69' title="bbox 2163 2736 3727 2815; baseline -0.012 -7"><span class='ocrx_word' id='word_1_508' title='bbox 2163 2753 2326 2815; x_wconf 80' lang='grc' dir='ltr'><strong>αὐτὸς</strong></span> <span class='ocrx_word' id='word_1_509' title='bbox 2355 2751 2476 2806; x_wconf 82' lang='grc' dir='ltr'><strong>καθ’</strong></span> <span class='ocrx_word' id='word_1_510' title='bbox 2504 2750 2665 2803; x_wconf 80' lang='grc' dir='ltr'><strong>αὐτὸν</strong></span> <span class='ocrx_word' id='word_1_511' title='bbox 2698 2749 2831 2810; x_wconf 81' lang='grc' dir='ltr'><strong>Θεός</strong></span> <span class='ocrx_word' id='word_1_512' title='bbox 2865 2748 2999 2809; x_wconf 80' lang='grc' dir='ltr'><strong>ἐστι,</strong></span> <span class='ocrx_word' id='word_1_513' title='bbox 3031 2744 3124 2798; x_wconf 79' lang='grc' dir='ltr'><strong>καὶ</strong></span> <span class='ocrx_word' id='word_1_514' title='bbox 3180 2743 3272 2795; x_wconf 72' lang='grc' dir='ltr'><strong>ἐπὶ</strong></span> <span class='ocrx_word' id='word_1_515' title='bbox 3303 2741 3522 2795; x_wconf 80' lang='grc' dir='ltr'><strong>πάντων</strong></span> <span class='ocrx_word' id='word_1_516' title='bbox 3571 2736 3727 2801; x_wconf 78' lang='grc' dir='ltr'><strong>Θεὸς,</strong></span> 
     </span>
    </p>
   </div>
   <div class='ocr_carea' id='block_1_70' title="bbox 2162 2828 3732 2901">
    <p class='ocr_par' dir='ltr' id='par_1_70' title="bbox 2162 2828 3732 2901">
     <span class='ocr_line' id='line_1_70' title="bbox 2162 2828 3732 2901; baseline -0.013 -2"><span class='ocrx_word' id='word_1_517' title='bbox 2162 2845 2276 2900; x_wconf 76' lang='grc' dir='ltr'><strong>ἀλλ’</strong></span> <span class='ocrx_word' id='word_1_518' title='bbox 2310 2846 2390 2898; x_wconf 84' lang='grc' dir='ltr'><strong>ὅτι</strong></span> <span class='ocrx_word' id='word_1_519' title='bbox 2418 2840 2510 2896; x_wconf 86' lang='grc' dir='ltr'><strong>τοῦ</strong></span> <span class='ocrx_word' id='word_1_520' title='bbox 2541 2838 2675 2894; x_wconf 89' lang='grc' dir='ltr'>Θεοῦ</span> <span class='ocrx_word' id='word_1_521' title='bbox 2704 2837 2797 2891; x_wconf 89' lang='grc' dir='ltr'><strong>τοῦ</strong></span> <span class='ocrx_word' id='word_1_522' title='bbox 2827 2838 2918 2890; x_wconf 69' lang='grc' dir='ltr'><strong>ἰπὶ</strong></span> <span class='ocrx_word' id='word_1_523' title='bbox 2947 2836 3166 2889; x_wconf 79' lang='grc' dir='ltr'><strong>πάντων</strong></span> <span class='ocrx_word' id='word_1_524' title='bbox 3196 2831 3407 2901; x_wconf 79' lang='grc' dir='ltr'><strong>ὑπῆρχε</strong></span> <span class='ocrx_word' id='word_1_525' title='bbox 3431 2828 3578 2891; x_wconf 73' lang='grc' dir='ltr'><strong>ναὸς,</strong></span> <span class='ocrx_word' id='word_1_526' title='bbox 3597 2829 3732 2896; x_wconf 82' lang='grc' dir='ltr'><strong>ήνω·</strong></span> 
     </span>
    </p>
   </div>
   <div class='ocr_carea' id='block_1_71' title="bbox 2165 2922 3633 3010">
    <p class='ocr_par' dir='ltr' id='par_1_71' title="bbox 2165 2922 3633 3010">
     <span class='ocr_line' id='line_1_71' title="bbox 2165 2922 3633 3010; baseline -0.013 -18"><span class='ocrx_word' id='word_1_527' title='bbox 2165 2938 2335 3010; x_wconf 83' lang='grc' dir='ltr'><strong>μένην</strong></span> <span class='ocrx_word' id='word_1_528' title='bbox 2366 2936 2461 2990; x_wconf 67' lang='grc' dir='ltr'><strong>καὶ</strong></span> <span class='ocrx_word' id='word_1_529' title='bbox 2486 2933 2837 3005; x_wconf 80' lang='grc' dir='ltr'><strong>συνημμένην</strong></span> <span class='ocrx_word' id='word_1_530' title='bbox 2873 2930 3013 3000; x_wconf 71' lang='grc' dir='ltr'><strong>ἔχων</strong></span> <span class='ocrx_word' id='word_1_531' title='bbox 3049 2925 3227 2996; x_wconf 71' lang='grc' dir='ltr'><strong>ἑαυτῷ</strong></span> <span class='ocrx_word' id='word_1_532' title='bbox 3253 2926 3351 2997; x_wconf 78' lang='grc' dir='ltr'><strong>τὴν</strong></span> <span class='ocrx_word' id='word_1_533' title='bbox 3382 2922 3633 2992; x_wconf 76' lang='grc' dir='ltr'><strong>ϐιότητα.</strong></span> 
     </span>
    </p>
   </div>
   <div class='ocr_carea' id='block_1_72' title="bbox 2233 3122 3663 3201">
    <p class='ocr_par' dir='ltr' id='par_1_72' title="bbox 2233 3122 3663 3201">
     <span class='ocr_line' id='line_1_72' title="bbox 2233 3122 3663 3201; baseline -0.013 -8"><span class='ocrx_word' id='word_1_534' title='bbox 2233 3140 2358 3193; x_wconf 76' lang='lat' dir='ltr'><strong>AA’.</strong></span> <span class='ocrx_word' id='word_1_535' title='bbox 2412 3137 2541 3189; x_wconf 84' lang='grc' dir='ltr'><strong>Ὀτι</strong></span> <span class='ocrx_word' id='word_1_536' title='bbox 2594 3134 2704 3186; x_wconf 84' lang='grc' dir='ltr'><strong>δύο</strong></span> <span class='ocrx_word' id='word_1_537' title='bbox 2748 3132 2864 3201; x_wconf 72' lang='grc' dir='ltr'><strong>μὲν</strong></span> <span class='ocrx_word' id='word_1_538' title='bbox 2910 3129 3027 3201; x_wconf 74' lang='grc' dir='ltr'><strong>εισι</strong></span> <span class='ocrx_word' id='word_1_539' title='bbox 3079 3128 3317 3201; x_wconf 53' lang='grc' dir='ltr'><strong>φύσεις,</strong></span> <span class='ocrx_word' id='word_1_540' title='bbox 3370 3124 3440 3178; x_wconf 80' lang='grc' dir='ltr'><strong>ἓν</strong></span> <span class='ocrx_word' id='word_1_541' title='bbox 3480 3122 3550 3177; x_wconf 80' lang='grc' dir='ltr'><strong>δὲ</strong></span> <span class='ocrx_word' id='word_1_542' title='bbox 3596 3122 3663 3175; x_wconf 81' lang='grc' dir='ltr'><strong>τὸ</strong></span> 
     </span>
    </p>
   </div>
   <div class='ocr_carea' id='block_1_73' title="bbox 2545 3196 3340 3271">
    <p class='ocr_par' dir='ltr' id='par_1_73' title="bbox 2545 3196 3340 3271">
     <span class='ocr_line' id='line_1_73' title="bbox 2545 3196 3340 3271; baseline -0.01 -14"><span class='ocrx_word' id='word_1_543' title='bbox 2545 3196 2869 3271; x_wconf 63' lang='grc' dir='ltr'><strong>πρόσωπον</strong></span> <span class='ocrx_word' id='word_1_544' title='bbox 2914 3199 3018 3253; x_wconf 87' lang='grc' dir='ltr'><strong>τοῦ</strong></span> <span class='ocrx_word' id='word_1_545' title='bbox 3063 3196 3340 3265; x_wconf 79' lang='grc' dir='ltr'><strong>Χριστοῦ.</strong></span> 
     </span>
    </p>
   </div>
   <div class='ocr_carea' id='block_1_74' title="bbox 2230 3306 3731 3385">
    <p class='ocr_par' dir='ltr' id='par_1_74' title="bbox 2230 3306 3731 3385">
     <span class='ocr_line' id='line_1_74' title="bbox 2230 3306 3731 3385; baseline -0.011 -12"><span class='ocrx_word' id='word_1_546' title='bbox 2230 3320 2328 3373; x_wconf 81' lang='grc' dir='ltr'><strong>Διὰ</strong></span> <span class='ocrx_word' id='word_1_547' title='bbox 2374 3318 2532 3372; x_wconf 88' lang='grc' dir='ltr'><strong>τοῦτο</strong></span> <span class='ocrx_word' id='word_1_548' title='bbox 2583 3336 2599 3366; x_wconf 83' lang='grc' dir='ltr'><strong>ι</strong></span> <span class='ocrx_word' id='word_1_549' title='bbox 2638 3313 2841 3383; x_wconf 84' lang='grc' dir='ltr'><strong>Ἰησοῦς</strong></span> <span class='ocrx_word' id='word_1_550' title='bbox 2874 3311 3107 3385; x_wconf 84' lang='grc' dir='ltr'><strong>Χριστὸς</strong></span> <span class='ocrx_word' id='word_1_551' title='bbox 3137 3309 3264 3379; x_wconf 80' lang='grc' dir='ltr'><strong>χθὲς</strong></span> <span class='ocrx_word' id='word_1_552' title='bbox 3295 3308 3386 3361; x_wconf 72' lang='grc' dir='ltr'><strong>καὶ</strong></span> <span class='ocrx_word' id='word_1_553' title='bbox 3420 3308 3676 3377; x_wconf 85' lang='grc' dir='ltr'><strong>σήμερον,</strong></span> <span class='ocrx_word' id='word_1_554' title='bbox 3701 3306 3731 3359; x_wconf 81' lang='grc' dir='ltr'><strong>ό</strong></span> 
     </span>
    </p>
   </div>
   <div class='ocr_carea' id='block_1_75' title="bbox 2160 3397 3729 3473">
    <p class='ocr_par' dir='ltr' id='par_1_75' title="bbox 2160 3397 3729 3473">
     <span class='ocr_line' id='line_1_75' title="bbox 2160 3397 3729 3473; baseline -0.012 -8"><span class='ocrx_word' id='word_1_555' title='bbox 2160 3412 2319 3473; x_wconf 74' lang='grc' dir='ltr'><strong>αὐτὸς</strong></span> <span class='ocrx_word' id='word_1_556' title='bbox 2368 3410 2460 3462; x_wconf 73' lang='grc' dir='ltr'><strong>καὶ</strong></span> <span class='ocrx_word' id='word_1_557' title='bbox 2492 3408 2571 3469; x_wconf 82' lang='grc' dir='ltr'><strong>είς</strong></span> <span class='ocrx_word' id='word_1_558' title='bbox 2598 3406 2723 3467; x_wconf 75' lang='grc' dir='ltr'><strong>τοὺς</strong></span> <span class='ocrx_word' id='word_1_559' title='bbox 2767 3404 2986 3464; x_wconf 73' lang='grc' dir='ltr'><strong>αἰῶνας.</strong></span> <span class='ocrx_word' id='word_1_560' title='bbox 3016 3420 3033 3451; x_wconf 73' lang='grc' dir='ltr'><strong>ι</strong></span> <span class='ocrx_word' id='word_1_561' title='bbox 3076 3400 3149 3453; x_wconf 85' lang='grc' dir='ltr'><strong>Οὐ</strong></span> <span class='ocrx_word' id='word_1_562' title='bbox 3193 3399 3300 3469; x_wconf 81' lang='grc' dir='ltr'><strong>γὰρ</strong></span> <span class='ocrx_word' id='word_1_563' title='bbox 3343 3399 3423 3460; x_wconf 85' lang='grc' dir='ltr'><strong>είς</strong></span> <span class='ocrx_word' id='word_1_564' title='bbox 3464 3397 3729 3467; x_wconf 77' lang='grc' dir='ltr'><strong>πρόσωπα</strong></span> 
     </span>
    </p>
   </div>
   <div class='ocr_carea' id='block_1_76' title="bbox 2157 3488 3729 3572">
    <p class='ocr_par' dir='ltr' id='par_1_76' title="bbox 2157 3488 3729 3572">
     <span class='ocr_line' id='line_1_76' title="bbox 2157 3488 3729 3572; baseline -0.011 -16"><span class='ocrx_word' id='word_1_565' title='bbox 2157 3503 2251 3556; x_wconf 77' lang='grc' dir='ltr'><strong>δύο</strong></span> <span class='ocrx_word' id='word_1_566' title='bbox 2287 3501 2384 3572; x_wconf 84' lang='grc' dir='ltr'><strong>τὴν</strong></span> <span class='ocrx_word' id='word_1_567' title='bbox 2421 3497 2732 3566; x_wconf 73' lang='grc' dir='ltr'><strong>οἱκονομὲαν</strong></span> <span class='ocrx_word' id='word_1_568' title='bbox 2764 3494 3076 3564; x_wconf 76' lang='grc' dir='ltr'><strong>μερίζομεν,</strong></span> <span class='ocrx_word' id='word_1_569' title='bbox 3126 3490 3244 3543; x_wconf 71' lang='grc' dir='ltr'><strong>οὐδὲ</strong></span> <span class='ocrx_word' id='word_1_570' title='bbox 3286 3489 3434 3551; x_wconf 76' lang='grc' dir='ltr'><strong>υἱοὺς</strong></span> <span class='ocrx_word' id='word_1_571' title='bbox 3476 3488 3571 3540; x_wconf 75' lang='grc' dir='ltr'><strong>δύο</strong></span> <span class='ocrx_word' id='word_1_572' title='bbox 3611 3488 3729 3540; x_wconf 70' lang='grc' dir='ltr'><strong>ἀντὶ</strong></span> 
     </span>
    </p>
   </div>
   <div class='ocr_carea' id='block_1_77' title="bbox 2156 3578 3725 3658">
    <p class='ocr_par' dir='ltr' id='par_1_77' title="bbox 2156 3578 3725 3658">
     <span class='ocr_line' id='line_1_77' title="bbox 2156 3578 3725 3658; baseline -0.011 -12"><span class='ocrx_word' id='word_1_573' title='bbox 2156 3593 2247 3646; x_wconf 86' lang='grc' dir='ltr'><strong>τοῦ</strong></span> <span class='ocrx_word' id='word_1_574' title='bbox 2282 3589 2618 3658; x_wconf 83' lang='grc' dir='ltr'><strong>Μονογενοῦς</strong></span> <span class='ocrx_word' id='word_1_575' title='bbox 2658 3586 3001 3657; x_wconf 81' lang='grc' dir='ltr'><strong>κηρύττομέν</strong></span> <span class='ocrx_word' id='word_1_576' title='bbox 3047 3600 3105 3635; x_wconf 79' lang='grc' dir='ltr'><strong>τε</strong></span> <span class='ocrx_word' id='word_1_577' title='bbox 3161 3584 3253 3635; x_wconf 77' lang='grc' dir='ltr'><strong>καὶ</strong></span> <span class='ocrx_word' id='word_1_578' title='bbox 3290 3578 3725 3649; x_wconf 82' lang='grc' dir='ltr'><strong>δογματίζομεν,</strong></span> 
     </span>
    </p>
   </div>
   <div class='ocr_carea' id='block_1_78' title="bbox 2157 3669 3727 3751">
    <p class='ocr_par' dir='ltr' id='par_1_78' title="bbox 2157 3669 3727 3751">
     <span class='ocr_line' id='line_1_78' title="bbox 2157 3669 3727 3751; baseline -0.01 -13"><span class='ocrx_word' id='word_1_579' title='bbox 2157 3685 2293 3738; x_wconf 82' lang='grc' dir='ltr'><strong>ἀλλὰ</strong></span> <span class='ocrx_word' id='word_1_580' title='bbox 2312 3684 2403 3735; x_wconf 75' lang='grc' dir='ltr'><strong>δύο</strong></span> <span class='ocrx_word' id='word_1_581' title='bbox 2437 3682 2533 3751; x_wconf 77' lang='grc' dir='ltr'><strong>μὲν</strong></span> <span class='ocrx_word' id='word_1_582' title='bbox 2562 3682 2661 3741; x_wconf 79' lang='grc' dir='ltr'><strong>τὰς</strong></span> <span class='ocrx_word' id='word_1_583' title='bbox 2690 3678 2876 3747; x_wconf 74' lang='grc' dir='ltr'><strong>φύσεις</strong></span> <span class='ocrx_word' id='word_1_584' title='bbox 2913 3672 3050 3728; x_wconf 76' lang='grc' dir='ltr'><strong>εἶναι</strong></span> <span class='ocrx_word' id='word_1_585' title='bbox 3092 3675 3185 3726; x_wconf 72' lang='grc' dir='ltr'><strong>καὶ</strong></span> <span class='ocrx_word' id='word_1_586' title='bbox 3229 3672 3629 3743; x_wconf 82' lang='grc' dir='ltr'><strong>μεμαθήκαμεν</strong></span> <span class='ocrx_word' id='word_1_587' title='bbox 3654 3669 3727 3738; x_wconf 76' lang='grc'><strong>(2)</strong></span> 
     </span>
    </p>
   </div>
   <div class='ocr_carea' id='block_1_79' title="bbox 2160 3760 3729 3835">
    <p class='ocr_par' dir='ltr' id='par_1_79' title="bbox 2160 3760 3729 3835">
     <span class='ocr_line' id='line_1_79' title="bbox 2160 3760 3729 3835; baseline -0.019 -12"><span class='ocrx_word' id='word_1_588' title='bbox 2160 3773 2249 3825; x_wconf 78' lang='grc' dir='ltr'><strong>καὶ</strong></span> <span class='ocrx_word' id='word_1_589' title='bbox 2304 3770 2659 3835; x_wconf 70' lang='grc' dir='ltr'><strong>διδάσκομενο</strong></span> <span class='ocrx_word' id='word_1_590' title='bbox 2718 3766 2902 3833; x_wconf 76' lang='grc' dir='ltr'><strong>ἕτερον</strong></span> <span class='ocrx_word' id='word_1_591' title='bbox 2960 3764 3068 3833; x_wconf 84' lang='grc' dir='ltr'><strong>γὰρ</strong></span> <span class='ocrx_word' id='word_1_592' title='bbox 3121 3762 3347 3831; x_wconf 75' lang='grc' dir='ltr'><strong>Θεό-της,</strong></span> <span class='ocrx_word' id='word_1_593' title='bbox 3404 3762 3497 3813; x_wconf 66' lang='grc' dir='ltr'><strong>καὶ</strong></span> <span class='ocrx_word' id='word_1_594' title='bbox 3545 3760 3729 3831; x_wconf 65' lang='grc' dir='ltr'><strong>ἕτερον</strong></span> 
     </span>
    </p>
   </div>
   <div class='ocr_carea' id='block_1_80' title="bbox 2158 3854 3726 3927">
    <p class='ocr_par' dir='ltr' id='par_1_80' title="bbox 2158 3854 3726 3927">
     <span class='ocr_line' id='line_1_80' title="bbox 2158 3854 3726 3927; baseline -0.006 -13"><span class='ocrx_word' id='word_1_595' title='bbox 2158 3860 2511 3927; x_wconf 80' lang='grc' dir='ltr'><strong>ἀνθρωπότης</strong></span> <span class='ocrx_word' id='word_1_596' title='bbox 2530 3876 2541 3886; x_wconf 91' lang='grc'><strong>·</strong></span> <span class='ocrx_word' id='word_1_597' title='bbox 2570 3858 2656 3909; x_wconf 80' lang='grc' dir='ltr'><strong>ἓτε</strong></span> <span class='ocrx_word' id='word_1_598' title='bbox 2668 3873 2757 3926; x_wconf 89' lang='grc' dir='ltr'><strong>ρον</strong></span> <span class='ocrx_word' id='word_1_599' title='bbox 2780 3855 2840 3907; x_wconf 83' lang='grc' dir='ltr'><strong>τὺ</strong></span> <span class='ocrx_word' id='word_1_600' title='bbox 2864 3856 2941 3915; x_wconf 78' lang='grc' dir='ltr'><strong>ὃν,</strong></span> <span class='ocrx_word' id='word_1_601' title='bbox 2974 3854 3066 3907; x_wconf 71' lang='grc' dir='ltr'><strong>καὶ</strong></span> <span class='ocrx_word' id='word_1_602' title='bbox 3094 3855 3279 3924; x_wconf 72' lang='grc' dir='ltr'><strong>ἕτερον</strong></span> <span class='ocrx_word' id='word_1_603' title='bbox 3317 3854 3379 3906; x_wconf 85' lang='grc' dir='ltr'><strong>τὸ</strong></span> <span class='ocrx_word' id='word_1_604' title='bbox 3405 3854 3694 3922; x_wconf 83' lang='grc' dir='ltr'><strong>γενόμενον</strong></span> <span class='ocrx_word' id='word_1_605' title='bbox 3713 3872 3726 3886; x_wconf 92' lang='grc'><strong>·</strong></span> 
     </span>
    </p>
   </div>
   <div class='ocr_carea' id='block_1_81' title="bbox 2157 3945 3728 4021">
    <p class='ocr_par' dir='ltr' id='par_1_81' title="bbox 2157 3945 3728 4021">
     <span class='ocr_line' id='line_1_81' title="bbox 2157 3945 3728 4021; baseline -0.007 -13"><span class='ocrx_word' id='word_1_606' title='bbox 2157 3955 2284 4008; x_wconf 81' lang='grc' dir='ltr'><strong>ἄλλο</strong></span> <span class='ocrx_word' id='word_1_607' title='bbox 2312 3954 2343 4021; x_wconf 87' lang='grc' dir='ltr'><strong>ή</strong></span> <span class='ocrx_word' id='word_1_608' title='bbox 2370 3951 2463 4003; x_wconf 90' lang='grc' dir='ltr'><strong>τοῦ</strong></span> <span class='ocrx_word' id='word_1_609' title='bbox 2500 3948 2635 4001; x_wconf 79' lang='grc' dir='ltr'><strong>Θεοῦ</strong></span> <span class='ocrx_word' id='word_1_610' title='bbox 2676 3946 2876 4017; x_wconf 66' lang='grc' dir='ltr'><strong>μορφὴ,</strong></span> <span class='ocrx_word' id='word_1_611' title='bbox 2928 3946 3024 3998; x_wconf 73' lang='grc' dir='ltr'><strong>καὶ</strong></span> <span class='ocrx_word' id='word_1_612' title='bbox 3070 3945 3254 4013; x_wconf 77' lang='grc' dir='ltr'><strong>ἄλλοή</strong></span> <span class='ocrx_word' id='word_1_613' title='bbox 3299 3946 3390 3997; x_wconf 84' lang='grc' dir='ltr'><strong>τοῦ</strong></span> <span class='ocrx_word' id='word_1_614' title='bbox 3440 3945 3728 4014; x_wconf 82' lang='grc' dir='ltr'><strong>ἀνθρώπου</strong></span> 
     </span>
    </p>
   </div>
   <div class='ocr_carea' id='block_1_82' title="bbox 2160 4037 3725 4116">
    <p class='ocr_par' dir='ltr' id='par_1_82' title="bbox 2160 4037 3725 4116">
     <span class='ocr_line' id='line_1_82' title="bbox 2160 4037 3725 4116; baseline -0.002 -23"><span class='ocrx_word' id='word_1_615' title='bbox 2160 4046 2341 4116; x_wconf 72' lang='grc' dir='ltr'><strong>μορφή</strong></span> <span class='ocrx_word' id='word_1_616' title='bbox 2365 4062 2378 4074; x_wconf 71' lang='grc' dir='ltr'><strong><em>ο</em></strong></span> <span class='ocrx_word' id='word_1_617' title='bbox 2412 4043 2502 4095; x_wconf 69' lang='grc' dir='ltr'><strong>καὶ</strong></span> <span class='ocrx_word' id='word_1_618' title='bbox 2532 4042 2658 4093; x_wconf 84' lang='grc' dir='ltr'><strong>ἄλλο</strong></span> <span class='ocrx_word' id='word_1_619' title='bbox 2685 4042 2717 4109; x_wconf 81' lang='grc' dir='ltr'>ἡ</span> <span class='ocrx_word' id='word_1_620' title='bbox 2750 4038 3009 4101; x_wconf 79' lang='grc' dir='ltr'><strong>λαϐοῦσα,</strong></span> <span class='ocrx_word' id='word_1_621' title='bbox 3033 4039 3123 4090; x_wconf 79' lang='grc' dir='ltr'><strong>καὶ</strong></span> <span class='ocrx_word' id='word_1_622' title='bbox 3148 4037 3336 4105; x_wconf 71' lang='grc' dir='ltr'><strong>ἕτερον</strong></span> <span class='ocrx_word' id='word_1_623' title='bbox 3366 4040 3395 4106; x_wconf 83' lang='grc' dir='ltr'>ἡ</span> <span class='ocrx_word' id='word_1_624' title='bbox 3432 4037 3725 4106; x_wconf 75' lang='grc' dir='ltr'><strong>ληφθεῖσα·</strong></span> 
     </span>
    </p>
   </div>
   <div class='ocr_carea' id='block_1_83' title="bbox 2154 4128 3729 4208">
    <p class='ocr_par' dir='ltr' id='par_1_83' title="bbox 2154 4128 3729 4208">
     <span class='ocr_line' id='line_1_83' title="bbox 2154 4128 3729 4208; baseline -0.008 -17"><span class='ocrx_word' id='word_1_625' title='bbox 2154 4140 2343 4208; x_wconf 74' lang='grc' dir='ltr'><strong>ἕτερον</strong></span> <span class='ocrx_word' id='word_1_626' title='bbox 2383 4138 2409 4188; x_wconf 88' lang='grc' dir='ltr'><strong>ό</strong></span> <span class='ocrx_word' id='word_1_627' title='bbox 2450 4135 2628 4195; x_wconf 75' lang='grc' dir='ltr'><strong>λυθεὶς</strong></span> <span class='ocrx_word' id='word_1_628' title='bbox 2666 4131 2810 4195; x_wconf 81' lang='grc' dir='ltr'><strong>ναὸς,</strong></span> <span class='ocrx_word' id='word_1_629' title='bbox 2857 4132 2950 4183; x_wconf 76' lang='grc' dir='ltr'><strong>καὶ</strong></span> <span class='ocrx_word' id='word_1_630' title='bbox 2996 4130 3179 4198; x_wconf 73' lang='grc' dir='ltr'><strong>ἕτερον</strong></span> <span class='ocrx_word' id='word_1_631' title='bbox 3222 4132 3247 4181; x_wconf 87' lang='grc' dir='ltr'>ὁ</span> <span class='ocrx_word' id='word_1_632' title='bbox 3288 4128 3512 4181; x_wconf 77' lang='grc' dir='ltr'><strong>λυθέντα</strong></span> <span class='ocrx_word' id='word_1_633' title='bbox 3543 4129 3729 4181; x_wconf 83' lang='grc' dir='ltr'><strong>τοῦτον</strong></span> 
     </span>
    </p>
   </div>
   <div class='ocr_carea' id='block_1_84' title="bbox 2155 4220 2648 4292">
    <p class='ocr_par' dir='ltr' id='par_1_84' title="bbox 2155 4220 2648 4292">
     <span class='ocr_line' id='line_1_84' title="bbox 2155 4220 2648 4292; baseline -0.008 -16"><span class='ocrx_word' id='word_1_634' title='bbox 2155 4223 2463 4292; x_wconf 78' lang='grc' dir='ltr'><strong>ἀναστήσας</strong></span> <span class='ocrx_word' id='word_1_635' title='bbox 2497 4220 2648 4283; x_wconf 83' lang='grc' dir='ltr'><strong>Θεός.</strong></span> 
     </span>
    </p>
   </div>
   <div class='ocr_carea' id='block_1_85' title="bbox 2158 4331 3732 4401">
    <p class='ocr_par' dir='ltr' id='par_1_85' title="bbox 2158 4331 3732 4401">
     <span class='ocr_line' id='line_1_85' title="bbox 2158 4331 3732 4401; baseline -0.003 -8"><span class='ocrx_word' id='word_1_636' title='bbox 2158 4341 2278 4393; x_wconf 79' lang='lat' dir='ltr'><strong>AB’.</strong></span> <span class='ocrx_word' id='word_1_637' title='bbox 2321 4338 2448 4388; x_wconf 85' lang='grc' dir='ltr'><strong>’Ὁτι</strong></span> <span class='ocrx_word' id='word_1_638' title='bbox 2498 4336 2567 4389; x_wconf 84' lang='grc' dir='ltr'><strong>οὐ</strong></span> <span class='ocrx_word' id='word_1_639' title='bbox 2610 4331 2825 4401; x_wconf 73' lang='grc' dir='ltr'><strong>κρᾶσιν</strong></span> <span class='ocrx_word' id='word_1_640' title='bbox 2858 4334 3059 4401; x_wconf 63' lang='grc' dir='ltr'><strong>λέγειν</strong></span> <span class='ocrx_word' id='word_1_641' title='bbox 3107 4335 3299 4396; x_wconf 74' lang='grc' dir='ltr'><strong>ὅσιον,</strong></span> <span class='ocrx_word' id='word_1_642' title='bbox 3331 4334 3469 4387; x_wconf 64' lang='grc' dir='ltr'><strong>ἀλλ’</strong></span> <span class='ocrx_word' id='word_1_643' title='bbox 3510 4335 3732 4389; x_wconf 80' lang='grc' dir='ltr'><strong>ἕνωσιν</strong></span> 
     </span>
    </p>
   </div>
   <div class='ocr_carea' id='block_1_86' title="bbox 2646 4403 3232 4470">
    <p class='ocr_par' dir='ltr' id='par_1_86' title="bbox 2646 4403 3232 4470">
     <span class='ocr_line' id='line_1_86' title="bbox 2646 4403 3232 4470; baseline 0.003 -15"><span class='ocrx_word' id='word_1_644' title='bbox 2646 4404 2741 4455; x_wconf 79' lang='grc' dir='ltr'><strong>ἐπὶ</strong></span> <span class='ocrx_word' id='word_1_645' title='bbox 2797 4404 2901 4457; x_wconf 81' lang='grc' dir='ltr'><strong>τοῦ</strong></span> <span class='ocrx_word' id='word_1_646' title='bbox 2957 4403 3232 4470; x_wconf 81' lang='grc' dir='ltr'><strong>Χριστοῦ.</strong></span> 
     </span>
    </p>
   </div>
   <div class='ocr_carea' id='block_1_87' title="bbox 2229 4495 3729 4567">
    <p class='ocr_par' dir='ltr' id='par_1_87' title="bbox 2229 4495 3729 4567">
     <span class='ocr_line' id='line_1_87' title="bbox 2229 4495 3729 4567; baseline -0.001 -14"><span class='ocrx_word' id='word_1_647' title='bbox 2229 4503 2301 4553; x_wconf 76' lang='grc' dir='ltr'><strong>Οὐ</strong></span> <span class='ocrx_word' id='word_1_648' title='bbox 2357 4503 2453 4562; x_wconf 72' lang='grc' dir='ltr'><strong>τὰς</strong></span> <span class='ocrx_word' id='word_1_649' title='bbox 2508 4498 2696 4567; x_wconf 74' lang='grc' dir='ltr'><strong>φύσεις</strong></span> <span class='ocrx_word' id='word_1_650' title='bbox 2746 4496 2924 4548; x_wconf 83' lang='grc' dir='ltr'><strong>τοίνυν</strong></span> <span class='ocrx_word' id='word_1_651' title='bbox 2982 4495 3305 4565; x_wconf 76' lang='grc' dir='ltr'><strong>συγχέομεν,</strong></span> <span class='ocrx_word' id='word_1_652' title='bbox 3355 4497 3478 4548; x_wconf 76' lang='grc' dir='ltr'><strong>οὐδὲ</strong></span> <span class='ocrx_word' id='word_1_653' title='bbox 3532 4499 3729 4564; x_wconf 73' lang='grc' dir='ltr'><strong>κρᾶσιν</strong></span> 
     </span>
    </p>
   </div>
   <div class='ocr_carea' id='block_1_88' title="bbox 489 4568 2057 4666">
    <p class='ocr_par' dir='ltr' id='par_1_88' title="bbox 489 4579 2053 4666">
     <span class='ocr_line' id='line_1_88' title="bbox 489 4579 2053 4666; baseline 0.016 -36"><span class='ocrx_word' id='word_1_654' title='bbox 489 4579 707 4632; x_wconf 75' lang='lat' dir='ltr'><strong>factoris</strong></span> <span class='ocrx_word' id='word_1_655' title='bbox 786 4582 1113 4651; x_wconf 69' lang='lat' dir='ltr'><strong>factumque</strong></span> <span class='ocrx_word' id='word_1_656' title='bbox 1170 4587 1649 4659; x_wconf 84' lang='lat' dir='ltr'><strong>dogmatizamus;</strong></span> <span class='ocrx_word' id='word_1_657' title='bbox 1698 4596 1805 4648; x_wconf 92' lang='lat' dir='ltr'><strong>imo</strong></span> <span class='ocrx_word' id='word_1_658' title='bbox 1878 4600 2053 4666; x_wconf 82' lang='lat' dir='ltr'><strong>potius</strong></span> 
     </span>
    </p>
   </div>
   <div class='ocr_carea' id='block_1_89' title="bbox 2161 4568 3730 4666">
    <p class='ocr_par' dir='ltr' id='par_1_89' title="bbox 2162 4586 3730 4661">
     <span class='ocr_line' id='line_1_89' title="bbox 2162 4586 3730 4661; baseline -0.004 -14"><span class='ocrx_word' id='word_1_659' title='bbox 2162 4593 2382 4661; x_wconf 85' lang='grc' dir='ltr'><strong>ποιητοῦ</strong></span> <span class='ocrx_word' id='word_1_660' title='bbox 2428 4593 2521 4644; x_wconf 78' lang='grc' dir='ltr'><strong>καὶ</strong></span> <span class='ocrx_word' id='word_1_661' title='bbox 2568 4592 2869 4658; x_wconf 83' lang='grc' dir='ltr'><strong>ποιήματος</strong></span> <span class='ocrx_word' id='word_1_662' title='bbox 2913 4586 3335 4657; x_wconf 80' lang='grc' dir='ltr'><strong>ὃογματίζομεν,</strong></span> <span class='ocrx_word' id='word_1_663' title='bbox 3378 4588 3472 4641; x_wconf 59' lang='grc' dir='ltr'><strong>καὶ⁵</strong></span> <span class='ocrx_word' id='word_1_664' title='bbox 3510 4589 3587 4657; x_wconf 80' lang='grc' dir='ltr'><strong>τῷ</strong></span> <span class='ocrx_word' id='word_1_665' title='bbox 3630 4590 3730 4656; x_wconf 73' lang='grc' dir='ltr'><strong>τῆς</strong></span> 
     </span>
    </p>
   </div>
   <div class='ocr_carea' id='block_1_90' title="bbox 484 4669 2057 4754">
    <p class='ocr_par' dir='ltr' id='par_1_90' title="bbox 484 4669 2053 4748">
     <span class='ocr_line' id='line_1_90' title="bbox 484 4669 2053 4748; baseline 0.01 -25"><span class='ocrx_word' id='word_1_666' title='bbox 484 4669 847 4723; x_wconf 88' lang='lat' dir='ltr'><strong>concretionis</strong></span> <span class='ocrx_word' id='word_1_667' title='bbox 923 4674 1182 4726; x_wconf 90' lang='lat' dir='ltr'><strong>vocabulo</strong></span> <span class='ocrx_word' id='word_1_668' title='bbox 1266 4676 1597 4733; x_wconf 80' lang='lat' dir='ltr'><strong>confusionis</strong></span> <span class='ocrx_word' id='word_1_669' title='bbox 1693 4683 2053 4748; x_wconf 69' lang='lat' dir='ltr'><strong>significatum</strong></span> 
     </span>
    </p>
   </div>
   <div class='ocr_carea' id='block_1_91' title="bbox 2161 4669 3726 4754">
    <p class='ocr_par' dir='ltr' id='par_1_91' title="bbox 2161 4680 3726 4754">
     <span class='ocr_line' id='line_1_91' title="bbox 2161 4680 3726 4754; baseline -0.003 -17"><span class='ocrx_word' id='word_1_670' title='bbox 2161 4685 2401 4754; x_wconf 78' lang='grc' dir='ltr'><strong>κράσεως</strong></span> <span class='ocrx_word' id='word_1_671' title='bbox 2471 4683 2695 4751; x_wconf 78' lang='grc' dir='ltr'><strong>ὀνόματι</strong></span> <span class='ocrx_word' id='word_1_672' title='bbox 2768 4681 2866 4749; x_wconf 82' lang='grc' dir='ltr'><strong>τὴν</strong></span> <span class='ocrx_word' id='word_1_673' title='bbox 2944 4680 3203 4748; x_wconf 76' lang='grc' dir='ltr'><strong>σύγχυσιν</strong></span> <span class='ocrx_word' id='word_1_674' title='bbox 3284 4681 3726 4750; x_wconf 64' lang='grc' dir='ltr'><strong>συνεισφέρομεν·</strong></span> 
     </span>
    </p>
   </div>
   <div class='ocr_carea' id='block_1_92' title="bbox 484 4760 2057 4842">
    <p class='ocr_par' dir='ltr' id='par_1_92' title="bbox 484 4760 2057 4838">
     <span class='ocr_line' id='line_1_92' title="bbox 484 4760 2057 4838; baseline 0.01 -26"><span class='ocrx_word' id='word_1_675' title='bbox 484 4760 849 4815; x_wconf 86' lang='lat' dir='ltr'><strong>attribuimus.</strong></span> <span class='ocrx_word' id='word_1_676' title='bbox 916 4761 1083 4817; x_wconf 87' lang='lat' dir='ltr'><strong>Porro</strong></span> <span class='ocrx_word' id='word_1_677' title='bbox 1122 4764 1211 4819; x_wconf 90' lang='lat' dir='ltr'><strong>Dei</strong></span> <span class='ocrx_word' id='word_1_678' title='bbox 1249 4766 1407 4819; x_wconf 84' lang='lat' dir='ltr'><strong>Verbi</strong></span> <span class='ocrx_word' id='word_1_679' title='bbox 1461 4779 1704 4822; x_wconf 87' lang='lat' dir='ltr'><strong>naturam</strong></span> <span class='ocrx_word' id='word_1_680' title='bbox 1748 4772 1971 4838; x_wconf 73' lang='lat' dir='ltr'><strong>scimus,</strong></span> <span class='ocrx_word' id='word_1_681' title='bbox 2004 4784 2057 4828; x_wconf 93' lang='lat' dir='ltr'><strong>et</strong></span> 
     </span>
    </p>
   </div>
   <div class='ocr_carea' id='block_1_93' title="bbox 2161 4760 3723 4842">
    <p class='ocr_par' dir='ltr' id='par_1_93' title="bbox 2161 4771 3723 4842">
     <span class='ocr_line' id='line_1_93' title="bbox 2161 4771 3723 4842; baseline -0.002 -15"><span class='ocrx_word' id='word_1_682' title='bbox 2161 4775 2285 4827; x_wconf 66' lang='grc' dir='ltr'><strong>ἀλλὰ</strong></span> <span class='ocrx_word' id='word_1_683' title='bbox 2316 4775 2409 4827; x_wconf 68' lang='grc' dir='ltr'><strong>καὶ</strong></span> <span class='ocrx_word' id='word_1_684' title='bbox 2448 4774 2541 4826; x_wconf 86' lang='grc' dir='ltr'><strong>τοῦ</strong></span> <span class='ocrx_word' id='word_1_685' title='bbox 2587 4774 2721 4825; x_wconf 81' lang='grc' dir='ltr'><strong>Θεοῦ</strong></span> <span class='ocrx_word' id='word_1_686' title='bbox 2766 4774 2938 4839; x_wconf 83' lang='grc' dir='ltr'><strong>Λόγου</strong></span> <span class='ocrx_word' id='word_1_687' title='bbox 2995 4772 3092 4842; x_wconf 80' lang='grc' dir='ltr'><strong>τὴν</strong></span> <span class='ocrx_word' id='word_1_688' title='bbox 3139 4771 3299 4840; x_wconf 79' lang='grc' dir='ltr'><strong>φύσιν</strong></span> <span class='ocrx_word' id='word_1_689' title='bbox 3352 4772 3723 4842; x_wconf 76' lang='grc' dir='ltr'><strong>γνωρίζομεν·</strong></span> 
     </span>
    </p>
   </div>
   <div class='ocr_carea' id='block_1_94' title="bbox 483 4849 2057 4933">
    <p class='ocr_par' dir='ltr' id='par_1_94' title="bbox 483 4849 2051 4933">
     <span class='ocr_line' id='line_1_94' title="bbox 483 4849 2051 4933; baseline 0.011 -34"><span class='ocrx_word' id='word_1_690' title='bbox 483 4849 694 4902; x_wconf 77' lang='lat' dir='ltr'><strong>servilis</strong></span> <span class='ocrx_word' id='word_1_691' title='bbox 737 4850 922 4905; x_wconf 70' lang='lat' dir='ltr'><strong>forma:</strong></span> <span class='ocrx_word' id='word_1_692' title='bbox 968 4854 1327 4908; x_wconf 82' lang='lat' dir='ltr'><strong>substantiam</strong></span> <span class='ocrx_word' id='word_1_693' title='bbox 1357 4860 1722 4925; x_wconf 82' lang='lat' dir='ltr'><strong>agnoscimus,</strong></span> <span class='ocrx_word' id='word_1_694' title='bbox 1765 4874 2051 4933; x_wconf 85' lang='lat' dir='ltr'><strong>utramque</strong></span> 
     </span>
    </p>
   </div>
   <div class='ocr_carea' id='block_1_95' title="bbox 2161 4849 3727 4933">
    <p class='ocr_par' dir='ltr' id='par_1_95' title="bbox 2161 4862 3727 4933">
     <span class='ocr_line' id='line_1_95' title="bbox 2161 4862 3727 4933; baseline -0.003 -16"><span class='ocrx_word' id='word_1_695' title='bbox 2161 4866 2249 4917; x_wconf 73' lang='grc' dir='ltr'><strong>καὶ</strong></span> <span class='ocrx_word' id='word_1_696' title='bbox 2275 4865 2373 4932; x_wconf 76' lang='grc' dir='ltr'><strong>τῆς</strong></span> <span class='ocrx_word' id='word_1_697' title='bbox 2416 4868 2626 4933; x_wconf 78' lang='grc' dir='ltr'><strong>μορφῆς</strong></span> <span class='ocrx_word' id='word_1_698' title='bbox 2657 4862 2750 4915; x_wconf 88' lang='grc' dir='ltr'><strong>τοῦ</strong></span> <span class='ocrx_word' id='word_1_699' title='bbox 2790 4862 2979 4914; x_wconf 75' lang='grc' dir='ltr'><strong>δούλου</strong></span> <span class='ocrx_word' id='word_1_700' title='bbox 3018 4862 3116 4933; x_wconf 82' lang='grc' dir='ltr'><strong>τὴν</strong></span> <span class='ocrx_word' id='word_1_701' title='bbox 3151 4862 3339 4915; x_wconf 68' lang='grc' dir='ltr'><strong>οὐσίαν</strong></span> <span class='ocrx_word' id='word_1_702' title='bbox 3366 4862 3727 4930; x_wconf 80' lang='grc' dir='ltr'><strong>γινώσκομεν,</strong></span> 
     </span>
    </p>
   </div>
   <div class='ocr_carea' id='block_1_96' title="bbox 481 4939 2057 5021">
    <p class='ocr_par' dir='ltr' id='par_1_96' title="bbox 481 4939 2043 5012">
     <span class='ocr_line' id='line_1_96' title="bbox 481 4939 2043 5012; baseline 0.011 -22"><span class='ocrx_word' id='word_1_703' title='bbox 481 4955 609 4993; x_wconf 82' lang='lat' dir='ltr'><strong>vero</strong></span> <span class='ocrx_word' id='word_1_704' title='bbox 630 4939 795 5012; x_wconf 63' lang='lat' dir='ltr'><strong>8M</strong></span> <span class='ocrx_word' id='word_1_705' title='bbox 817 4959 864 4993; x_wconf 89' lang='lat' dir='ltr'><strong>m</strong></span> <span class='ocrx_word' id='word_1_706' title='bbox 892 4954 1135 4997; x_wconf 82' lang='lat' dir='ltr'><strong>naturam</strong></span> <span class='ocrx_word' id='word_1_707' title='bbox 1164 4958 1221 4999; x_wconf 93' lang='lat' dir='ltr'><strong>nt</strong></span> <span class='ocrx_word' id='word_1_708' title='bbox 1250 4949 1462 5001; x_wconf 89' lang='lat' dir='ltr'><strong>unicum</strong></span> <span class='ocrx_word' id='word_1_709' title='bbox 1502 4951 1787 5005; x_wconf 86' lang='lat' dir='ltr'><strong>adoramus</strong></span> <span class='ocrx_word' id='word_1_710' title='bbox 1832 4953 2043 5007; x_wconf 87' lang='lat' dir='ltr'><strong>Filitttn.</strong></span> 
     </span>
    </p>
   </div>
   <div class='ocr_carea' id='block_1_97' title="bbox 2161 4939 3728 5021">
    <p class='ocr_par' dir='ltr' id='par_1_97' title="bbox 2161 4950 3728 5021">
     <span class='ocr_line' id='line_1_97' title="bbox 2161 4950 3728 5021; baseline 0 -17"><span class='ocrx_word' id='word_1_711' title='bbox 2161 4954 2419 5021; x_wconf 73' lang='grc' dir='ltr'><strong>ἑκατέραν</strong></span> <span class='ocrx_word' id='word_1_712' title='bbox 2448 4953 2501 5004; x_wconf 81' lang='grc' dir='ltr'>δὲ</span> <span class='ocrx_word' id='word_1_713' title='bbox 2529 4952 2688 5020; x_wconf 68' lang='grc' dir='ltr'><strong>φύσιν</strong></span> <span class='ocrx_word' id='word_1_714' title='bbox 2721 4954 2796 5013; x_wconf 84' lang='grc' dir='ltr'><strong>ὡς</strong></span> <span class='ocrx_word' id='word_1_715' title='bbox 2820 4953 2915 5005; x_wconf 69' lang='grc' dir='ltr'><strong>ἕνα</strong></span> <span class='ocrx_word' id='word_1_716' title='bbox 2950 4950 3359 5021; x_wconf 86' lang='grc' dir='ltr'><strong>προσκυνοῦμεν</strong></span> <span class='ocrx_word' id='word_1_717' title='bbox 3383 4952 3508 5003; x_wconf 79' lang='grc' dir='ltr'><strong>Υίὸν</strong></span> <span class='ocrx_word' id='word_1_718' title='bbox 3528 4969 3539 4979; x_wconf 75' lang='grc'><strong><em>⁸</em></strong></span> <span class='ocrx_word' id='word_1_719' title='bbox 3575 4952 3728 5005; x_wconf 69' lang='lat' dir='ltr'><strong>Bits-</strong></span> 
     </span>
    </p>
   </div>
   <div class='ocr_carea' id='block_1_98' title="bbox 484 5028 2057 5114">
    <p class='ocr_par' dir='ltr' id='par_1_98' title="bbox 484 5028 2044 5110">
     <span class='ocr_line' id='line_1_98' title="bbox 484 5028 2044 5110; baseline 0.01 -28"><span class='ocrx_word' id='word_1_720' title='bbox 484 5028 712 5085; x_wconf 91' lang='lat' dir='ltr'><strong>lnvicem</strong></span> <span class='ocrx_word' id='word_1_721' title='bbox 776 5034 917 5087; x_wconf 89' lang='lat' dir='ltr'><strong>enim</strong></span> <span class='ocrx_word' id='word_1_722' title='bbox 976 5035 1295 5091; x_wconf 88' lang='lat' dir='ltr'><strong>alterutrum</strong></span> <span class='ocrx_word' id='word_1_723' title='bbox 1370 5051 1710 5110; x_wconf 86' lang='lat' dir='ltr'><strong>nuncupatur</strong></span> <span class='ocrx_word' id='word_1_724' title='bbox 1776 5043 2044 5099; x_wconf 83' lang='lat' dir='ltr'><strong>Christus.</strong></span> 
     </span>
    </p>
   </div>
   <div class='ocr_carea' id='block_1_99' title="bbox 2161 5028 3733 5114">
    <p class='ocr_par' dir='ltr' id='par_1_99' title="bbox 2161 5042 3733 5114">
     <span class='ocr_line' id='line_1_99' title="bbox 2161 5042 3733 5114; baseline 0 -18"><span class='ocrx_word' id='word_1_725' title='bbox 2161 5062 2246 5114; x_wconf 79' lang='grc' dir='ltr'><strong>ρον</strong></span> <span class='ocrx_word' id='word_1_726' title='bbox 2270 5046 2377 5113; x_wconf 69' lang='grc' dir='ltr'><strong>γὰρ</strong></span> <span class='ocrx_word' id='word_1_727' title='bbox 2409 5044 2619 5113; x_wconf 80' lang='grc' dir='ltr'><strong>θατέρῳ</strong></span> <span class='ocrx_word' id='word_1_728' title='bbox 2650 5045 2879 5113; x_wconf 65' lang='grc' dir='ltr'><strong>Χριστὸς</strong></span> <span class='ocrx_word' id='word_1_729' title='bbox 2910 5044 3232 5113; x_wconf 77' lang='grc' dir='ltr'><strong>ὀνομάζεται</strong></span> <span class='ocrx_word' id='word_1_730' title='bbox 3257 5085 3270 5104; x_wconf 94' lang='grc'><strong>,</strong></span> <span class='ocrx_word' id='word_1_731' title='bbox 3305 5045 3398 5097; x_wconf 70' lang='grc' dir='ltr'><strong>καὶ</strong></span> <span class='ocrx_word' id='word_1_732' title='bbox 3431 5042 3552 5096; x_wconf 73' lang='grc' dir='ltr'><strong>οὔτε</strong></span> <span class='ocrx_word' id='word_1_733' title='bbox 3578 5047 3607 5113; x_wconf 84' lang='grc' dir='ltr'>ἡ</span> <span class='ocrx_word' id='word_1_734' title='bbox 3636 5043 3733 5096; x_wconf 85' lang='grc' dir='ltr'><strong>τοῦ</strong></span> 
     </span>
    </p>
   </div>
   <div class='ocr_carea' id='block_1_100' title="bbox 483 5119 2057 5205">
    <p class='ocr_par' dir='ltr' id='par_1_100' title="bbox 483 5119 2042 5199">
     <span class='ocr_line' id='line_1_100' title="bbox 483 5119 2042 5199; baseline 0.01 -26"><span class='ocrx_word' id='word_1_735' title='bbox 483 5119 665 5189; x_wconf 83' lang='lat' dir='ltr'><strong>Neque</strong></span> <span class='ocrx_word' id='word_1_736' title='bbox 719 5124 830 5177; x_wconf 90' lang='lat' dir='ltr'><strong>sola</strong></span> <span class='ocrx_word' id='word_1_737' title='bbox 875 5128 1013 5179; x_wconf 86' lang='lat' dir='ltr'><strong>servi</strong></span> <span class='ocrx_word' id='word_1_738' title='bbox 1061 5128 1231 5182; x_wconf 90' lang='lat' dir='ltr'><strong>forma</strong></span> <span class='ocrx_word' id='word_1_739' title='bbox 1289 5139 1343 5184; x_wconf 89' lang='lat' dir='ltr'><strong>et</strong></span> <span class='ocrx_word' id='word_1_740' title='bbox 1392 5132 1672 5187; x_wconf 85' lang='lat' dir='ltr'><strong>divinitate</strong></span> <span class='ocrx_word' id='word_1_741' title='bbox 1707 5150 1921 5199; x_wconf 82' lang='lat' dir='ltr'><strong>carens,</strong></span> <span class='ocrx_word' id='word_1_742' title='bbox 1973 5138 2042 5189; x_wconf 87' lang='lat' dir='ltr'><strong>ita</strong></span> 
     </span>
    </p>
   </div>
   <div class='ocr_carea' id='block_1_101' title="bbox 2161 5119 3726 5205">
    <p class='ocr_par' dir='ltr' id='par_1_101' title="bbox 2161 5132 3726 5205">
     <span class='ocr_line' id='line_1_101' title="bbox 2161 5132 3726 5205; baseline 0.001 -18"><span class='ocrx_word' id='word_1_743' title='bbox 2161 5132 2337 5187; x_wconf 67' lang='grc' dir='ltr'><strong>δούλου</strong></span> <span class='ocrx_word' id='word_1_744' title='bbox 2376 5133 2554 5202; x_wconf 62' lang='grc' dir='ltr'><strong>μορφὴ</strong></span> <span class='ocrx_word' id='word_1_745' title='bbox 2585 5134 2732 5203; x_wconf 72' lang='grc' dir='ltr'><strong>ψιλή.</strong></span> <span class='ocrx_word' id='word_1_746' title='bbox 2764 5135 2855 5186; x_wconf 74' lang='grc' dir='ltr'><strong>καὶ</strong></span> <span class='ocrx_word' id='word_1_747' title='bbox 2884 5135 3063 5205; x_wconf 82' lang='grc' dir='ltr'><strong>γυμνὴ</strong></span> <span class='ocrx_word' id='word_1_748' title='bbox 3096 5134 3434 5204; x_wconf 73' lang='grc' dir='ltr'><strong>τυγχάνουσα</strong></span> <span class='ocrx_word' id='word_1_749' title='bbox 3480 5136 3576 5203; x_wconf 77' lang='grc' dir='ltr'><strong>τῆς</strong></span> <span class='ocrx_word' id='word_1_750' title='bbox 3611 5137 3726 5189; x_wconf 71' lang='lat'><strong>656-</strong></span> 
     </span>
    </p>
   </div>
   <div class='ocr_carea' id='block_1_102' title="bbox 483 5217 2057 5295">
    <p class='ocr_par' dir='ltr' id='par_1_102' title="bbox 483 5217 2041 5292">
     <span class='ocr_line' id='line_1_102' title="bbox 483 5217 2041 5292; baseline 0.011 -29"><span class='ocrx_word' id='word_1_751' title='bbox 483 5229 713 5281; x_wconf 89' lang='lat' dir='ltr'><strong>unquam</strong></span> <span class='ocrx_word' id='word_1_752' title='bbox 746 5230 773 5266; x_wconf 92' lang='lat' dir='ltr'><strong>a</strong></span> <span class='ocrx_word' id='word_1_753' title='bbox 808 5217 1080 5284; x_wconf 84' lang='lat' dir='ltr'><strong>religionis</strong></span> <span class='ocrx_word' id='word_1_754' title='bbox 1135 5232 1293 5274; x_wconf 73' lang='lat' dir='ltr'><strong>rectze</strong></span> <span class='ocrx_word' id='word_1_755' title='bbox 1326 5224 1597 5291; x_wconf 79' lang='lat' dir='ltr'><strong>magistris</strong></span> <span class='ocrx_word' id='word_1_756' title='bbox 1641 5236 1723 5277; x_wconf 76' lang='lat' dir='ltr'><strong>est.</strong></span> <span class='ocrx_word' id='word_1_757' title='bbox 1758 5226 2041 5292; x_wconf 88' lang='lat' dir='ltr'><strong>appellata.</strong></span> 
     </span>
    </p>
   </div>
   <div class='ocr_carea' id='block_1_103' title="bbox 2161 5217 3725 5295">
    <p class='ocr_par' dir='ltr' id='par_1_103' title="bbox 2161 5222 3725 5295">
     <span class='ocr_line' id='line_1_103' title="bbox 2161 5222 3725 5295; baseline 0.002 -21"><span class='ocrx_word' id='word_1_758' title='bbox 2161 5240 2331 5293; x_wconf 78' lang='grc' dir='ltr'><strong>τητος,</strong></span> <span class='ocrx_word' id='word_1_759' title='bbox 2381 5222 2537 5274; x_wconf 85' lang='grc' dir='ltr'><strong>τοῦτο</strong></span> <span class='ocrx_word' id='word_1_760' title='bbox 2580 5224 2795 5275; x_wconf 77' lang='grc' dir='ltr'><strong>πώποτε</strong></span> <span class='ocrx_word' id='word_1_761' title='bbox 2836 5226 2986 5294; x_wconf 75' lang='grc' dir='ltr'><strong>παρὰ</strong></span> <span class='ocrx_word' id='word_1_762' title='bbox 3017 5225 3123 5276; x_wconf 83' lang='grc' dir='ltr'><strong>τῶν</strong></span> <span class='ocrx_word' id='word_1_763' title='bbox 3158 5225 3492 5279; x_wconf 74' lang='grc' dir='ltr'><strong>διδασκάλων</strong></span> <span class='ocrx_word' id='word_1_764' title='bbox 3526 5226 3725 5295; x_wconf 79' lang='grc' dir='ltr'><strong>ἐκλήθη</strong></span> 
     </span>
    </p>
   </div>
   <div class='ocr_carea' id='block_1_104' title="bbox 481 5304 2057 5390">
    <p class='ocr_par' dir='ltr' id='par_1_104' title="bbox 481 5304 2045 5375">
     <span class='ocr_line' id='line_1_104' title="bbox 481 5304 2045 5375; baseline 0.01 -20"><span class='ocrx_word' id='word_1_765' title='bbox 481 5304 581 5367; x_wconf 77' lang='lat' dir='ltr'><strong>Qui</strong></span> <span class='ocrx_word' id='word_1_766' title='bbox 638 5316 818 5358; x_wconf 82' lang='lat' dir='ltr'><strong>autem</strong></span> <span class='ocrx_word' id='word_1_767' title='bbox 880 5311 1279 5365; x_wconf 88' lang='lat' dir='ltr'><strong>concretionem</strong></span> <span class='ocrx_word' id='word_1_768' title='bbox 1337 5314 1540 5375; x_wconf 86' lang='lat' dir='ltr'><strong>dicunt,</strong></span> <span class='ocrx_word' id='word_1_769' title='bbox 1598 5314 1650 5367; x_wconf 92' lang='lat' dir='ltr'><strong>hi</strong></span> <span class='ocrx_word' id='word_1_770' title='bbox 1712 5318 2045 5370; x_wconf 86' lang='lat' dir='ltr'><strong>concretioni</strong></span> 
     </span>
    </p>
   </div>
   <div class='ocr_carea' id='block_1_105' title="bbox 2161 5304 3725 5390">
    <p class='ocr_par' dir='ltr' id='par_1_105' title="bbox 2161 5316 3725 5390">
     <span class='ocr_line' id='line_1_105' title="bbox 2161 5316 3725 5390; baseline 0.003 -25"><span class='ocrx_word' id='word_1_771' title='bbox 2161 5316 2249 5382; x_wconf 72' lang='grc' dir='ltr'><strong>τῆς</strong></span> <span class='ocrx_word' id='word_1_772' title='bbox 2275 5316 2576 5377; x_wconf 73' lang='grc' dir='ltr'><strong>εὐσεϐείας.</strong></span> <span class='ocrx_word' id='word_1_773' title='bbox 2613 5318 2675 5367; x_wconf 79' lang='grc' dir='ltr'><strong>Οἱ</strong></span> <span class='ocrx_word' id='word_1_774' title='bbox 2698 5316 2755 5367; x_wconf 81' lang='grc' dir='ltr'><strong>δὲ</strong></span> <span class='ocrx_word' id='word_1_775' title='bbox 2780 5318 2877 5385; x_wconf 81' lang='grc' dir='ltr'><strong>τὴν</strong></span> <span class='ocrx_word' id='word_1_776' title='bbox 2903 5319 3094 5385; x_wconf 77' lang='grc' dir='ltr'><strong>κρᾶσιν</strong></span> <span class='ocrx_word' id='word_1_777' title='bbox 3127 5318 3391 5385; x_wconf 80' lang='grc' dir='ltr'><strong>λέγοντες,</strong></span> <span class='ocrx_word' id='word_1_778' title='bbox 3430 5321 3494 5389; x_wconf 78' lang='grc' dir='ltr'><strong>τῇ</strong></span> <span class='ocrx_word' id='word_1_779' title='bbox 3535 5321 3725 5390; x_wconf 82' lang='grc' dir='ltr'><strong>κράσει</strong></span> 
     </span>
    </p>
   </div>
   <div class='ocr_carea' id='block_1_106' title="bbox 482 5394 2057 5479">
    <p class='ocr_par' dir='ltr' id='par_1_106' title="bbox 482 5394 2047 5469">
     <span class='ocr_line' id='line_1_106' title="bbox 482 5394 2047 5469; baseline 0.009 -23"><span class='ocrx_word' id='word_1_780' title='bbox 482 5394 850 5451; x_wconf 73' lang='lat' dir='ltr'><strong>confusionem</strong></span> <span class='ocrx_word' id='word_1_781' title='bbox 880 5408 1165 5469; x_wconf 79' lang='lat' dir='ltr'><strong>oggerunt,</strong></span> <span class='ocrx_word' id='word_1_782' title='bbox 1220 5404 1588 5459; x_wconf 82' lang='lat' dir='ltr'><strong>confusionem</strong></span> <span class='ocrx_word' id='word_1_783' title='bbox 1642 5420 1767 5458; x_wconf 89' lang='lat' dir='ltr'><strong>vero</strong></span> <span class='ocrx_word' id='word_1_784' title='bbox 1822 5408 2047 5460; x_wconf 88' lang='lat' dir='ltr'><strong>mutatio</strong></span> 
     </span>
    </p>
   </div>
   <div class='ocr_carea' id='block_1_107' title="bbox 2161 5394 3727 5479">
    <p class='ocr_par' dir='ltr' id='par_1_107' title="bbox 2161 5408 3727 5479">
     <span class='ocr_line' id='line_1_107' title="bbox 2161 5408 3727 5479; baseline 0 -20"><span class='ocrx_word' id='word_1_785' title='bbox 2161 5408 2243 5477; x_wconf 74' lang='grc' dir='ltr'><strong>τὴν</strong></span> <span class='ocrx_word' id='word_1_786' title='bbox 2276 5408 2535 5475; x_wconf 79' lang='grc' dir='ltr'><strong>σύγχυσιν</strong></span> <span class='ocrx_word' id='word_1_787' title='bbox 2564 5408 2974 5477; x_wconf 79' lang='grc' dir='ltr'><strong>συνεισφέρουσι</strong></span> <span class='ocrx_word' id='word_1_788' title='bbox 3000 5426 3010 5437; x_wconf 93' lang='grc'><strong>·</strong></span> <span class='ocrx_word' id='word_1_789' title='bbox 3038 5412 3101 5479; x_wconf 85' lang='grc' dir='ltr'><strong>τῇ</strong></span> <span class='ocrx_word' id='word_1_790' title='bbox 3133 5409 3187 5461; x_wconf 84' lang='grc' dir='ltr'>δὲ</span> <span class='ocrx_word' id='word_1_791' title='bbox 3223 5410 3531 5479; x_wconf 80' lang='grc' dir='ltr'><strong>συγχύσειή</strong></span> <span class='ocrx_word' id='word_1_792' title='bbox 3553 5410 3727 5479; x_wconf 81' lang='grc' dir='ltr'><strong>τροπὴ</strong></span> 
     </span>
    </p>
   </div>
   <div class='ocr_carea' id='block_1_108' title="bbox 551 5576 2057 5651">
    <p class='ocr_par' dir='ltr' id='par_1_108' title="bbox 551 5576 2051 5651">
     <span class='ocr_line' id='line_1_108' title="bbox 551 5576 2051 5651; baseline 0.009 -23"><span class='ocrx_word' id='word_1_793' title='bbox 551 5578 594 5607; x_wconf 81' lang='grc'><strong>⁹¹</strong></span> <span class='ocrx_word' id='word_1_794' title='bbox 632 5576 818 5632; x_wconf 79' lang='lat' dir='ltr'><strong>Matth.</strong></span> <span class='ocrx_word' id='word_1_795' title='bbox 845 5579 990 5643; x_wconf 66' lang='lat'><strong>1,23.</strong></span> <span class='ocrx_word' id='word_1_796' title='bbox 1058 5582 1100 5613; x_wconf 69' lang='grc' dir='ltr'><strong>θ’</strong></span> <span class='ocrx_word' id='word_1_797' title='bbox 1134 5582 1263 5636; x_wconf 89' lang='lat' dir='ltr'><strong>Luc.</strong></span> <span class='ocrx_word' id='word_1_798' title='bbox 1295 5598 1354 5646; x_wconf 91' lang='lat' dir='ltr'><strong>tt,</strong></span> <span class='ocrx_word' id='word_1_799' title='bbox 1388 5584 1434 5635; x_wconf 88' lang='lat'><strong>7.</strong></span> <span class='ocrx_word' id='word_1_800' title='bbox 1513 5585 1557 5616; x_wconf 81' lang='grc'><strong>⁸³</strong></span> <span class='ocrx_word' id='word_1_801' title='bbox 1586 5585 1683 5639; x_wconf 86' lang='lat' dir='ltr'><strong>lsa.</strong></span> <span class='ocrx_word' id='word_1_802' title='bbox 1720 5603 1793 5651; x_wconf 65' lang='grc' dir='ltr'><strong>ις,</strong></span> <span class='ocrx_word' id='word_1_803' title='bbox 1826 5586 1879 5639; x_wconf 89' lang='grc'><strong>6.</strong></span> <span class='ocrx_word' id='word_1_804' title='bbox 1956 5589 2001 5619; x_wconf 72' lang='grc'><strong>⁹¹⁵</strong></span> <span class='ocrx_word' id='word_1_805' title='bbox 2035 5586 2051 5642; x_wconf 88' lang='grc' dir='ltr'><strong>Ι</strong></span> 
     </span>
    </p>
   </div>
   <div class='ocr_carea' id='block_1_109' title="bbox 2161 5576 3449 5651">
    <p class='ocr_par' dir='ltr' id='par_1_109' title="bbox 2161 5585 3449 5651">
     <span class='ocr_line' id='line_1_109' title="bbox 2161 5585 3449 5651; baseline 0 -11"><span class='ocrx_word' id='word_1_806' title='bbox 2161 5600 2350 5647; x_wconf 64' lang='grc' dir='ltr'><strong>ηκνιιι,</strong></span> <span class='ocrx_word' id='word_1_807' title='bbox 2385 5586 2439 5639; x_wconf 90' lang='grc'><strong>6.</strong></span> <span class='ocrx_word' id='word_1_808' title='bbox 2506 5586 2552 5617; x_wconf 83' lang='grc'><strong>⁸⁸</strong></span> <span class='ocrx_word' id='word_1_809' title='bbox 2576 5586 2729 5639; x_wconf 75' lang='lat' dir='ltr'><strong>Rom.</strong></span> <span class='ocrx_word' id='word_1_810' title='bbox 2759 5603 2831 5650; x_wconf 71' lang='grc' dir='ltr'><strong>ιχ,</strong></span> <span class='ocrx_word' id='word_1_811' title='bbox 2986 5588 3031 5617; x_wconf 81' lang='grc'><strong>⁹⁶</strong></span> <span class='ocrx_word' id='word_1_812' title='bbox 3064 5585 3221 5641; x_wconf 87' lang='lat' dir='ltr'><strong>llebr.</strong></span> <span class='ocrx_word' id='word_1_813' title='bbox 3254 5603 3373 5651; x_wconf 60' lang='grc' dir='ltr'><strong>χιιι,</strong></span> <span class='ocrx_word' id='word_1_814' title='bbox 3399 5586 3449 5640; x_wconf 91' lang='grc'><strong>8.</strong></span> 
     </span>
    </p>
   </div>
   <div class='ocr_carea' id='block_1_110' title="bbox 553 5732 2045 5807">
    <p class='ocr_par' dir='ltr' id='par_1_110' title="bbox 553 5732 2045 5807">
     <span class='ocr_line' id='line_1_110' title="bbox 553 5732 2045 5807; baseline 0.009 -23"><span class='ocrx_word' id='word_1_815' title='bbox 553 5733 630 5797; x_wconf 81' lang='grc' dir='ltr'><strong>(Ι)</strong></span> <span class='ocrx_word' id='word_1_816' title='bbox 671 5732 866 5787; x_wconf 71' lang='lat' dir='ltr'><strong>Confer</strong></span> <span class='ocrx_word' id='word_1_817' title='bbox 912 5737 1047 5803; x_wconf 80' lang='lat' dir='ltr'><strong>apud</strong></span> <span class='ocrx_word' id='word_1_818' title='bbox 1099 5757 1194 5794; x_wconf 81' lang='lat' dir='ltr'><strong>nos</strong></span> <span class='ocrx_word' id='word_1_819' title='bbox 1237 5740 1495 5807; x_wconf 83' lang='lat' dir='ltr'><strong>Cyrillum</strong></span> <span class='ocrx_word' id='word_1_820' title='bbox 1538 5740 1751 5804; x_wconf 75' lang='lat' dir='ltr'><strong>explan.</strong></span> <span class='ocrx_word' id='word_1_821' title='bbox 1802 5743 1865 5792; x_wconf 78' lang='lat' dir='ltr'><strong>mi</strong></span> <span class='ocrx_word' id='word_1_822' title='bbox 1914 5745 2045 5807; x_wconf 76' lang='lat' dir='ltr'><strong>psal~</strong></span> 
     </span>
    </p>
   </div>
   <div class='ocr_carea' id='block_1_111' title="bbox 1285 5741 3722 5811">
    <p class='ocr_par' dir='ltr' id='par_1_111' title="bbox 1285 5741 3722 5811">
     <span class='ocr_line' id='line_1_111' title="bbox 1285 5741 3722 5811; baseline 0.002 -22"><span class='ocrx_word' id='word_1_823' title='bbox 1285 5741 1495 5811; x_wconf 70' lang='lat' dir='ltr'><strong>yt&#39;llllllll</strong></span> <span class='ocrx_word' id='word_1_824' title='bbox 1538 5741 1763 5811; x_wconf 59' lang='lat' dir='ltr'><strong>explan.</strong></span> <span class='ocrx_word' id='word_1_825' title='bbox 1802 5743 1865 5792; x_wconf 79' lang='lat' dir='ltr'><strong>ml</strong></span> <span class='ocrx_word' id='word_1_826' title='bbox 1914 5745 2045 5807; x_wconf 77' lang='lat' dir='ltr'><strong>psal~</strong></span> <span class='ocrx_word' id='word_1_827' title='bbox 2228 5743 2302 5811; x_wconf 72' lang='grc'><strong>(2)</strong></span> <span class='ocrx_word' id='word_1_828' title='bbox 2368 5744 2625 5797; x_wconf 71' lang='lat' dir='ltr'><strong>Atllntenc</strong></span> <span class='ocrx_word' id='word_1_829' title='bbox 2677 5743 3062 5809; x_wconf 74' lang='lat' dir='ltr'><strong>Mouophvsitzc</strong></span> <span class='ocrx_word' id='word_1_830' title='bbox 3100 5741 3354 5810; x_wconf 76' lang='lat' dir='ltr'><strong>Cyrillum</strong></span> <span class='ocrx_word' id='word_1_831' title='bbox 3397 5744 3599 5799; x_wconf 78' lang='lat' dir='ltr'><strong>crrmis</strong></span> <span class='ocrx_word' id='word_1_832' title='bbox 3642 5746 3722 5797; x_wconf 82' lang='lat' dir='ltr'><strong>sui</strong></span> 
     </span>
    </p>
   </div>
   <div class='ocr_carea' id='block_1_112' title="bbox 486 5807 1918 5879">
    <p class='ocr_par' dir='ltr' id='par_1_112' title="bbox 486 5807 1918 5879">
     <span class='ocr_line' id='line_1_112' title="bbox 486 5807 1918 5879; baseline 0.006 -26"><span class='ocrx_word' id='word_1_833' title='bbox 486 5816 629 5854; x_wconf 86' lang='lat' dir='ltr'><strong>mum</strong></span> <span class='ocrx_word' id='word_1_834' title='bbox 670 5820 809 5863; x_wconf 71' lang='grc' dir='ltr'><strong>λων,</strong></span> <span class='ocrx_word' id='word_1_835' title='bbox 843 5822 884 5855; x_wconf 75' lang='grc' dir='ltr'><strong>ι.</strong></span> <span class='ocrx_word' id='word_1_836' title='bbox 918 5807 966 5857; x_wconf 76' lang='grc'><strong>8.</strong></span> <span class='ocrx_word' id='word_1_837' title='bbox 1009 5807 1512 5876; x_wconf 56' lang='grc' dir='ltr'><strong>(ΙΙιιῙιιπεΡαιι-οί.</strong></span> <span class='ocrx_word' id='word_1_838' title='bbox 1542 5820 1667 5862; x_wconf 82' lang='lat' dir='ltr'><strong>tom.</strong></span> <span class='ocrx_word' id='word_1_839' title='bbox 1700 5810 1918 5879; x_wconf 67' lang='lat' dir='ltr'><strong>LXIX.)</strong></span> 
     </span>
    </p>
   </div>
   <div class='ocr_carea' id='block_1_113' title="bbox 2165 5812 3325 5885">
    <p class='ocr_par' dir='ltr' id='par_1_113' title="bbox 2165 5812 3325 5885">
     <span class='ocr_line' id='line_1_113' title="bbox 2165 5812 3325 5885; baseline -0.003 -19"><span class='ocrx_word' id='word_1_840' title='bbox 2165 5827 2446 5885; x_wconf 72' lang='lat' dir='ltr'><strong>patronum</strong></span> <span class='ocrx_word' id='word_1_841' title='bbox 2484 5816 2941 5885; x_wconf 66' lang='lat' dir='ltr'><strong>impudentissime</strong></span> <span class='ocrx_word' id='word_1_842' title='bbox 2977 5812 3325 5869; x_wconf 74' lang='lat' dir='ltr'><strong>dictitabant?</strong></span> 
     </span>
    </p>
   </div>
  </div>
