4058 6328
354 403 491 459 H75
1521 403 1608 459 DE
1651 400 2165 460 INCARNATIONE
2205 400 2465 460 DOMINI.
3489 400 3629 455 ητι

349 517 767 591 συνεισφέρεται
791 533 803 549 ·
834 518 1043 590 τροπῆς
1086 518 1143 572 δὲ
1177 519 1472 589 εἰσιούσης,
1510 518 1633 572 οὔτε
1681 518 1813 583 Θεὸς
1844 519 1937 571 ἐπὶ

2045 520 2333 575 comitatur
2367 538 2381 575 :
2423 519 2567 573 facta
2625 517 2858 586 denique
2893 518 3216 583 mutatione,
3264 531 3440 588 neque
3480 517 3628 573 Deus

346 612 447 682 τῆς
479 612 614 676 ίδίας
642 611 790 680 μένοι
827 609 895 664 ἂν
931 610 1167 679 φύσεως,
1211 611 1335 664 οὔτε
1378 610 1663 683 ἄνθρωπος
1696 612 1791 665 ἐπὶ
1834 611 1933 681 τῆς

2045 612 2092 665 in
2149 613 2367 683 propria
2407 621 2597 666 natura
2645 610 3007 681 permanebit,
3064 628 3240 682 neque
3280 613 3408 667 item
3461 614 3629 669 homo

344 704 576 767 οίκείας.
636 702 873 774 Ἀνάγκη
951 704 1059 772 γὰρ
1113 702 1377 770 ἐκστῆναι
1422 704 1531 756 τῶν
1597 704 1697 773 τῆς
1744 702 1933 766 οὐσίας

345 794 493 867 ὅρων
522 796 803 866 ἑκάτερον,
834 794 928 847 καὶ
954 795 1089 864 μήτε
1116 792 1208 844 τὸν
1236 791 1371 844 Θεὸν
1397 791 1932 861 γνωρίζεσθαιΘεὸν,

352 888 494 957 μήτε
536 886 629 939 τὸν
670 885 975 957 ἄνθρωπον,
1021 883 1309 953 ἄνθρωπον
1345 882 1443 953 (ί).
1488 883 1661 935 Τοῦτο
1707 883 1763 935 δὲ
1812 883 1935 936 οὐδὲ

349 978 443 1030 επὶ
468 978 567 1047 τῆς
600 976 692 1030 τοῦ
716 976 1010 1047 ἀνθρώπου
1057 974 1404 1044 κατασκευῆς
1448 973 1602 1027 λάϐοι
1648 975 1713 1028 ἀν
1752 991 1837 1036 τις
1873 968 1933 1027 εὖ

350 1070 585 1139 φρονῶν.
623 1069 697 1122 Οὐ
728 1068 839 1139 γὰρ
884 1067 971 1137 τῷ
998 1066 1211 1137 σώματι
1244 1067 1345 1136 τὴν
1392 1065 1569 1134 ψυχὴν
1606 1066 1933 1135 κεκρᾶσθαι,

349 1159 466 1213 ἀλλ’
492 1157 755 1229 ἡνῶσθαι,
786 1159 879 1212 καὶ
912 1156 1201 1226 συνῆφθαι,
1228 1157 1322 1208 καὶ
1347 1157 1536 1219 οἰκεῖν,
1568 1156 1663 1207 καὶ
1690 1158 1935 1224 ἐνεργεῖν

351 1268 552 1321 φαμεν.
590 1252 698 1304 Καὶ
726 1251 849 1303 οὗτε
894 1250 993 1319 τὴν
1023 1249 1203 1319 ψυχὴν
1235 1246 1456 1318 θνητὴν,
1500 1245 1623 1300 οὔτε
1663 1248 1725 1301 τὸ
1776 1249 1936 1317 σῶμα

347 1344 495 1396 είποι
525 1360 609 1406 τις
638 1343 703 1395 ἂν
728 1342 1018 1406 ἀθάνατον,
1068 1341 1141 1411 μὴ
1178 1340 1373 1410 κομιδῇ
1408 1341 1760 1410 παραπαίων,
1801 1340 1937 1393 ἀλλὰ

348 1434 451 1502 τὴν
495 1432 594 1503 μὲν
639 1433 906 1502 ἑκατέραν
946 1431 1183 1504 [φύσιν]
1230 1430 1570 1503 διαιροῦμεν,
1620 1431 1678 1484 ἔν
1713 1431 1769 1484 δὲ
1799 1430 1936 1496 ζῶον

351 1526 693 1597 γνωρίζομεν
714 1525 775 1578 τὸ
794 1525 852 1591 ἐξ
874 1525 1097 1577 ἐκείνων
1116 1524 1266 1595 [cod.
1299 1523 1532 1595 ἐκείνου]
1557 1524 1933 1593 συγκείμενον·

352 1615 449 1667 καὶ
466 1615 731 1686 ἑκατέραν
765 1614 862 1685 μὲν
906 1613 1068 1681 φύσιν
1120 1613 1472 1685 διῃρημένοις
1511 1614 1772 1683 ὀνόμασιν
1818 1612 1937 1665 ὀνο-

352 1705 622 1775 μάζομεν,
674 1706 772 1775 τὴν
808 1706 906 1776 μὲν
935 1704 1134 1775 ψυχὴν,
1165 1704 1227 1756 τὸ
1251 1705 1307 1757 δὲ
1344 1704 1523 1775 σῶμα,
1566 1705 1625 1757 τὸ
1664 1704 1720 1756 δὲ
1750 1703 1811 1769 ἐξ
1834 1707 1937 1774 ἀμ-

351 1799 598 1869 φοτέρων
633 1798 961 1866 συνεστηκὸς
994 1796 1132 1861 ζῶον
1174 1798 1347 1867 ἑτέρῳ
1376 1796 1650 1867 καλοῦμεν
1676 1796 1934 1868 όνόματι’

2037 705 2091 758 in
2123 719 2243 759 sua.
2291 704 2527 759 Necesse
2582 712 2670 759 est
2717 704 2863 757 enim
2912 713 2971 757 ut
3002 713 3230 774 uterque
3276 719 3344 759 ex
3394 694 3631 773 propriai

2036 794 2351 849 substantia:
2411 794 2608 849 finibus
2665 794 2891 849 decedat
2945 811 2960 859 ;
3003 793 3077 847 ita
3140 805 3199 849 ut
3251 810 3429 864 neque
3483 794 3629 850 Deus

2037 887 2288 939 videatur
2321 884 2431 953 jam
2467 886 2627 949 Deus,
2668 900 2846 953 neque
2872 885 3033 939 homo
3065 886 3191 940 item
3241 888 3425 943 homo.
3460 886 3627 957 Atqui

2040 977 2141 1030 hoc
2178 990 2244 1031 ne
2278 976 2331 1030 in
2366 976 2601 1031 hominis
2632 976 2853 1046 quidem
2880 986 3153 1032 structura
3183 979 3470 1047 quisquam
3499 994 3632 1049 pru-

2037 1066 2170 1120 deus
2223 1067 2322 1120 sibi
2361 1067 2703 1135 persuadeat.
2751 1065 2868 1120 Non
2914 1066 3059 1121 enim
3122 1069 3338 1136 corpori
3382 1069 3627 1123 animam

2040 1166 2376 1222 concretam,
2405 1158 2497 1212 sed
2526 1158 2733 1211 unitam
2767 1157 3184 1227 copulatamque
3210 1158 3630 1214 inhabitantes!)-

2038 1263 2144 1318 que
2171 1258 2224 1303 et
2251 1248 2413 1303 simul
2442 1260 2756 1317 Operantem
2800 1248 3051 1303 dicimus.
3097 1247 3281 1318 Neque
3320 1248 3449 1302 item
3509 1249 3632 1304 ani-

2040 1356 2181 1393 tnam
2214 1341 2518 1403 mortalem,
2557 1354 2732 1408 neque
2766 1354 2963 1408 corpus
2994 1339 3303 1394 immortale
3331 1340 3626 1410 quisquam

2045 1430 2191 1486 dicet
2222 1431 2323 1484 nisi
2368 1432 2524 1497 plane
2562 1431 2864 1500 desipiens;
2908 1430 3004 1486 sed
3045 1441 3335 1501 utramque
3376 1442 3628 1487 naturam

2036 1522 2421 1585 discernimus,
2479 1538 2646 1575 unum
2694 1531 2872 1577 tamen
2915 1522 3117 1577 animal
3168 1525 3517 1594 agnoscimus
3562 1539 3631 1578 ex

2038 1612 2146 1670 illis
2175 1617 2537 1682 compositum
2573 1633 2584 1667 :
2622 1623 2675 1669 et
2733 1624 3024 1681 utramque
3072 1622 3326 1669 naturam
3397 1616 3631 1670 diversis

2040 1706 2355 1761 nominibus
2388 1707 2712 1770 vocitamus,
2736 1709 2974 1760 animam
3001 1706 3213 1761 scilicet
3236 1718 3401 1777 atque
3428 1723 3630 1777 corpus

2040 1796 2271 1852 dicimus
2304 1812 2318 1861 ;
2350 1797 2491 1866 quod
2526 1812 2655 1851 vero
2683 1812 2747 1851 ex
2783 1806 3014 1866 utraque
3032 1813 3088 1852 re
3112 1799 3628 1864 conliaturanimal,

349 1889 639 1961 ἄνθρωπον
684 1892 793 1960 γὰρ
840 1890 1325 1961 προσαγορεύομεν
1369 1890 1467 1961 (2).
1519 1888 1703 1942 Ταῦτα
1754 1889 1935 1943 τοίνυν

2045 1885 2147 1940 alio
2165 1886 2384 1940 nomine
2406 1902 2687 1951 vocamus,
2710 1888 2985 1941 hominem
3019 1889 3231 1943 scilicet
3260 1890 3627 1944 nominamus.

351 1981 448 2034 καὶ
492 1982 586 2035 έπὶ
617 1985 715 2053 τῆς
751 1981 1065 2051 οἰκονομίας
1118 1980 1215 2052 τὴν
1261 1980 1447 2035 είκόνα
1497 1980 1773 2046 λαϐόντες,
1833 1979 1935 2051 τῆς

351 2070 704 2144 βλασφημίας
724 2071 1128 2141 ἀπαλλαγῶμεν
1169 2072 1403 2143 ἐκείνης,
1451 2071 1546 2125 καὶ
1604 2071 1702 2142 τὴν
1738 2072 1937 2141 κρᾶσιν

351 2165 747 2228 καταλιπόντες
777 2164 969 2235 (5),τῷ
995 2166 1095 2235 τῆς
1124 2164 1371 2228 ένώσεως
1386 2165 1480 2218 καὶ⁵
1514 2164 1811 2233 συναφείας
1842 2164 1937 2217 καὶ

352 2257 638 2321 κοινωνίας
682 2257 905 2328 ὀνόματι
946 2257 1217 2328 χρώμενοι
1247 2256 1645 2327 διατελέσωμεν
1674 2272 1689 2285 ·
1723 2256 1938 2324 φύσεων

356 2348 457 2419 μέν
506 2347 667 2419 [cod.
707 2348 946 2419 φύσεως]
975 2348 1267 2419 διάκρισιν,
1303 2348 1598 2418 προσώπου
1642 2348 1699 2401 δέ
1740 2347 1937 2401 ἕνωσιν

351 2438 798 2508 δογματίζοντες.
859 2437 1018 2492 Οῦτω
1066 2439 1167 2507 τὴν
1231 2439 1443 2508 Ἀρείου
1506 2438 1600 2491 καὶ
1668 2438 1937 2507 Εὑνομίου

356 2530 706 2602 βλασφημίαν
753 2530 1139 2602 ἐλέγξομεν,τά
1200 2532 1299 2600 μὲν
1350 2530 1624 2593 ταπεινῶς
1672 2531 1941 2601 εἰρημένα

355 2623 451 2675 καὶ
500 2622 861 2693 πεπραγμένα
890 2620 967 2692 τῷ
998 2621 1209 2692 Σωτῆρι
1243 2621 1484 2692 Χριστῷ,
1530 2621 1941 2691 προσάπτοντες

353 2715 421 2785 τῇ
451 2713 544 2766 τοῦ
572 2714 758 2767 δούλου
790 2716 992 2784 μορφῇ·
1018 2712 1087 2765 τὰ
1112 2713 1169 2766 δὲ
1199 2712 1377 2783 ὑψηλά
1408 2711 1502 2765 κάὶ
1536 2712 1814 2783 θεοπρεπῆ
1845 2712 1941 2765 καὶ

358 2803 605 2875 μεγάλα,
670 2806 736 2873 τῇ
780 2802 956 2873 ὑψηλῇ
1025 2802 1121 2854 καὶ
1182 2800 1391 2872 μεγάλῃ
1441 2802 1537 2854 καὶ
1585 2800 1765 2853 πάντα
1814 2799 1941 2855 νοῦν

358 2891 763 2964 ὑπερϐαινούση
810 2890 1156 2950 ἀνατιθέντες
1180 2890 1417 2959 θεότητι.

357 2984 479 3039 ΛΡ.
521 2984 650 3037 ὀτι
686 2982 795 3051 τῆς
825 2982 1114 3052 ἡμετέρας
1143 2982 1382 3050 φύσεως
1412 2980 1451 3046 ἡ
1502 2982 1592 3052 εἰς
1637 2979 1941 3052 οὐρανοὺς

429 3049 752 3124 ἀνάληψιιῄ
799 3049 906 3119 τὰς
955 3049 1061 3106 τοῦ
1120 3052 1468 3119 Πνεύματος
1520 3049 1742 3119 δωρεὰς
1796 3049 1944 3120 ἡμῖν

431 3125 843 3193 προεεένισεν.

2037 1976 2162 2033 Haec
2200 1978 2369 2047 igitur
2402 1979 2567 2032 etiam
2606 1981 2658 2033 in
2699 1980 2763 2033 iis
2812 1994 2937 2048 quae
2973 1980 3209 2034 attinent
3256 1980 3323 2034 ad
3375 1981 3632 2039 incarna-

2038 2072 2241 2126 tionem
2271 2070 2503 2139 exempli
2537 2072 2713 2126 instar
2741 2078 3041 2133 sumentes,
3085 2085 3114 2125 a
3165 2070 3501 2140 blasphemia
3541 2072 3631 2126 illa

2037 2163 2352 2219 cavebimus
2377 2179 2393 2229 ;
2427 2172 2481 2217 et
2498 2164 2702 2217 omissa
2728 2162 3101 2225 concretione,
3121 2162 3402 2218 vocabulis
3424 2162 3633 2218 aduna-

2042 2255 2225 2321 tionis,
2285 2256 2707 2325 coniunctionis,
2753 2265 2810 2308 et
2866 2254 3269 2311 communionis
3316 2265 3634 2311 constanter

2040 2356 2259 2401 utemur
2300 2364 2315 2411 ;
2348 2356 2673 2399 naturarum
2733 2345 3166 2409 distinctionem,
3216 2361 3464 2416 persona:
3500 2360 3633 2401 vero

2039 2434 2304 2489 unitatem
2373 2434 2834 2502 dogtnatlzantes.
2905 2432 2998 2489 Sic
3064 2434 3179 2489 Arii
3252 2442 3310 2489 et
3380 2434 3631 2489 Eunomii

2041 2524 2435 2594 blasphemiam
2472 2524 2871 2589 refutabimus;
2898 2525 3185 2581 humiliter
3224 2525 3443 2595 quidem
3475 2525 3633 2582 'dicta

2039 2625 2096 2670 et
2116 2613 2259 2671 facta
2291 2631 2321 2669 a
2350 2614 2644 2672 Servalore
2681 2618 2902 2673 Cill’iSlO
2965 2618 3107 2673 servi
3139 2616 3329 2673 forma:
3363 2620 3637 2689 applican-

2042 2718 2125 2765 tes
2157 2727 2174 2777 ;
2202 2710 2456 2764 sublimia
2514 2721 2694 2765 autem
2731 2720 2785 2765 et
2818 2711 2928 2765 Deo
2981 2712 3143 2780 digna
3179 2725 3244 2767 ac
3274 2727 3473 2783 magna
3530 2728 3627 2767 su-

2042 2799 2192 2855 blimi
2245 2814 2299 2855 et
2344 2817 2551 2871 magna:
2600 2814 2656 2857 et
2692 2804 2874 2858 onmia
2928 2804 3214 2859 excedenti
3270 2804 3637 2861 attribuentes

2043 2890 2335 2945 divinitati.

2044 2981 2212 3053 85,5
2246 3000 2294 3036 m
2332 2982 2568 3042 XXXIII.
2626 2984 2779 3051 Quod
2841 2998 3033 3041 nostra:
3087 2998 3292 3042 natura:
3341 2989 3396 3041 in
3450 2989 3635 3044 calum

2044 3055 2356 3123 assumptio,
2387 3054 2617 3125 Spiritus
2646 3058 2815 3110 sancti
2843 3058 2985 3110 dona
3030 3058 3178 3111 nobis
3222 3062 3635 3129 comparaverit.

442 3216 604 3270 ’Δλλά
658 3214 848 3285 καιρὸς
908 3213 1240 3285 ἀναδραμεῖν
1302 3214 1395 3267 ἐπὶ
1444 3214 1505 3266 τὸ
1555 3213 1938 3284 προκείμενον.

2116 3209 2222 3265 Sed
2253 3209 2365 3279 jam
2401 3222 2612 3283 tempus
2667 3223 2751 3268 est
2791 3215 3105 3271 revertendi
3153 3216 3221 3271 ad
3269 3218 3635 3286 propositum.

372 3308 732 3378 ’ἀναληφθεὶς
765 3308 946 3359 τοίνυν
986 3307 1065 3363 είς
1109 3304 1372 3376 οὐρανοὺς
1416 3306 1443 3357 ό
1482 3305 1761 3375 Δεσπότης
1809 3306 1945 3375 Χρι-

361 3400 507 3465 στὸς,
539 3400 634 3454 καὶ
684 3399 876 3453 ἑαυτὸν
912 3396 1098 3467 ῶσπερ
1137 3396 1396 3473 ἐχέγγυον
1430 3395 1531 3465 τῆς
1576 3395 1685 3449 τῶν
1730 3396 1948 3469 ἀνθρώ-

362 3509 482 3547 πων
528 3492 750 3562 είρήνης
804 3488 1186 3561 προσενεγκὼν
1219 3488 1295 3559 τῷ
1335 3490 1531 3559 Πατρὶ,
1577 3490 1787 3559 πέμπει
1833 3491 1947 3555 τοῖς

362 3584 669 3655 ἀνθρώποις
715 3582 816 3656 τὴν
866 3584 1027 3654 χάριν
1071 3581 1165 3635 τοῦ
1210 3583 1549 3652 Πνεύματος,
1584 3581 1773 3654 ὥσπερ
1824 3580 1951 3637 τινὰ

361 3676 473 3730 τῶν
518 3676 944 3747 έπηγγελμένων
997 3675 1219 3744 ἀγαθῶν
1304 3674 1621 3746 ἀρραϐῶνα,
1670 3676 1950 3749 παιδοτρί-

363 3769 504 3840 ϐην,
546 3770 641 3822 καὶ
694 3768 1037 3839 γυμναστὴν,
1098 3766 1212 3820 τῶν
1273 3769 1373 3837 τῆς
1415 3766 1698 3831 εὐσεϐείας
1746 3770 1947 3837 ἀγωνι-

365 3858 516 3931 στὴν,
560 3858 777 3927 φύλακα
807 3857 917 3909 τῶν
948 3856 1311 3910 πιστευόντων
1342 3857 1662 3927 ἀκοίμητον,
1697 3859 1812 3928 φῶς
1836 3858 1949 3914 τῶν

363 3952 700 4024 προσιόντων
730 3949 991 4004 ἀσϐεστόν
1014 3966 1075 4001 τε
1103 3949 1199 4003 καὶ
1224 3950 1547 4020 ἀνέσπερον,
1574 3949 1680 4003 τῶν
1700 3949 1950 4019 ψυχικῶν

362 4042 694 4115 τραυμάτων
729 4040 1093 4113 θεραπευτὴν,
1142 4039 1326 4111 ίατρδν
1351 4042 1461 4094 τῶν
1495 4042 1601 4095 ὑπὸ
1636 4042 1733 4112 τῆς
1764 4043 1948 4111 ἀμαρ-

360 4136 483 4199 τίας
530 4134 830 4205 γινομένων
882 4133 1233 4205 τραυμάτων,
1278 4134 1584 4203 στρατηγὸν
1643 4133 1948 4205 ἀριστεύειν

362 4227 506 4283 κατά
535 4226 628 4281 τοῦ
666 4224 915 4279 διαϐόλου
947 4225 1291 4288 διδάσκοντα,
1329 4224 1668 4295 ὑποπτέρους
1696 4224 1821 4289 τοὺς
1850 4242 1950 4295 χα-

367 4320 654 4389 μαιπετεϊς
684 4314 1073 4387 έργαζόμενον,
1108 4314 1234 4378 τοὺς
1266 4316 1490 4385 γηῖνους
1529 4315 1628 4384 τὴν
1656 4314 1763 4369 τῶν
1784 4315 1949 4388 οὐρα-

362 4408 469 4464 νῶν
505 4407 778 4462 πολιτείαν
806 4407 1149 4469 παιδεύοντα,
1180 4410 1540 4479 καταφρονεῖν
1570 4407 1793 4478 σαρκὸς,
1825 4410 1939 4462 ἑπι-

366 4500 646 4574 μελείσθαι
678 4499 877 4571 ψυχῆς,
932 4499 1215 4554 διαπτύειν
1265 4499 1335 4553 τὰ
1391 4500 1657 4570 παρόντα,
1698 4499 1949 4569 ἐφίεσθαι

362 4594 473 4649 τῶν
505 4593 827 4665 μελλόντων,
858 4593 993 4664 όρᾷν
1015 4592 1084 4646 τὰ
1105 4590 1531 4665 προσδοκώμενα
1568 4591 1656 4645 διὰ
1690 4591 1945 4655 πίστεως,

367 4686 532 4758 μηδὲν
556 4685 809 4756 ἡγεῖσθαι
838 4684 944 4738 τῶν
970 4686 1027 4737 ὲν
1060 4683 1139 4755 τῷ
1173 4684 1271 4754 βίῳ
1295 4682 1565 4753 λαμπρὸν,
1591 4683 1750 4754 δόξης
1778 4701 1948 4738 κατα-

364 4778 551 4849 γελᾷν,
582 4778 692 4831 τῶν
728 4776 824 4831 τοῦ
874 4777 1103 4829 πλούτου
1138 4776 1426 4846 ῥευμάτων
1468 4775 1763 4847 ὑπερορᾷν,
1795 4775 1947 4847 ῶραν

366 4870 620 4941 σώματος
666 4868 741 4931 ὼς
781 4868 939 4931 άνθος
988 4869 1120 4938 όρᾷν
1171 4868 1591 4938 μαραινόμενον,
1640 4866 1715 4938 μὴ
1761 4866 1953 4936 ἀλγεῖν

368 4962 717 5031 πενομένους,
762 4961 835 5030 μὴ
870 4960 1124 5014 ἀνιᾶσθαι
1154 4960 1462 5024 νοσοῦντας,
1494 4960 1704 5032 χαίρειν
1731 4960 1951 5014 ἀδικου-

370 5055 587 5126 μένους,
617 5052 1079 5122 λεηλατουμένους
1111 5052 1520 5121 εὐφραίνεσθαι,
1550 5053 1736 5124 φέρειν
1761 5069 1951 5123 καρτε-

372 5146 540 5217 ρικῶς
585 5146 652 5199 τά
696 5146 866 5205 δεινὰ.
918 5144 1317 5215 ὑπερεύχεσθαι
1348 5146 1457 5198 τῶν
1503 5144 1943 5210 ἀντιδικούντων,

441 5303 517 5390 (Ι)
558 5304 878 5390 Perspicua,
916 5300 1063 5390 mira
1087 5316 1202 5390 ac“
1228 5303 1815 5390 peremptor-iacvit”
1834 5304 1946 5390 Ido-

367 5369 551 5445 ctrina
584 5376 652 5428 de
692 5369 1007 5426 naturarum
1052 5374 1104 5425 in
1142 5369 1362 5426 Christo
1388 5369 1781 5445 distinctione!
1834 5374 1943 5445 Ego

370 5461 501 5501 vero
544 5444 774 5500 lectores
819 5458 965 5497 meos
1011 5456 1336 5509 magnopere
1381 5443 1586 5509 hortor,
1632 5455 1688 5499 ut
1731 5443 1939 5499 editam

370 5517 511 5583 apud
544 5530 641 5570 nos
658 5512 853 5579 Script.
883 5511 1021 5577 νει..
1048 5521 1084 5566 t.
1113 5510 1411 5583 “meum
1438 5512 1730 5568 Theuriani
1761 5514 1936 5583 (ἶναςεὶ

370 5582 492 5639 cum
526 5586 774 5655 Armenis
809 5583 1067 5655 Syrisque
1099 5582 1728 5655 Jacobitisitheologicam
1764 5587 1941 5655 dispu-

374 5656 630 5709 tationem
674 5653 901 5721 adeant,
946 5653 1033 5707 ubi
1079 5668 1167 5707 res
1210 5654 1323 5708 luce
1363 5654 1787 5710 luculentissime
1831 5653 1948 5711 illu-

372 5735 599 5782 stratur.

447 5795 523 5865 β)
567 5795 642 5849 En
672 5795 864 5850 anima:
892 5804 945 5849 et
974 5794 1216 5863 corporis
1244 5793 1297 5849 in
1328 5794 1484 5851 unico
1512 5794 1730 5851 homine
1760 5810 1949 5867 propo-

2046 3302 2372 3372 Assumptus
2420 3304 2603 3373 itaque
2654 3305 2706 3359 in
2757 3305 2955 3359 caelum
3024 3305 3278 3362 Christus
3348 3308 3634 3375 Dominus,

2045 3408 2214 3463 seque
2251 3393 2419 3449 veluti
2451 3396 2702 3449 humanae
2731 3396 2885 3465 pacis
2920 3411 3239 3467 sponsorem
3277 3398 3429 3455 Patri
3477 3404 3637 3456 exhi-

2046 3485 2201 3550 bens,
2259 3487 2423 3540 mittit
2471 3490 2538 3541 ad
2583 3487 2833 3544 homines
2868 3489 3108 3557 Spiritus
3146 3492 3321 3547 sancti
3376 3497 3634 3564 gratiam.

2045 3590 2143 3632 ceu
2165 3578 2456 3646 quamdam
2483 3580 2881 3648 promissorum
2918 3582 3182 3638 bonorum
3228 3586 3472 3652 arrham,
3522 3603 3639 3644 ma-

2046 3669 2298 3739 gistrum,
2331 3681 2693 3740 gymnastam,
2731 3673 2942 3740 piorum
2976 3677 3383 3744 agonothetam,
3418 3678 3636 3749 vigilem

2047 3759 2388 3814 credentium
2418 3762 2721 3825 custodem,
2758 3764 2937 3818 lumen
2972 3764 3345 3821 accedentium
3383 3769 3449 3821 ad
3475 3769 3637 3825 fidem

2048 3848 2491 3919 inexstinguibile
2544 3862 2599 3906 et
2657 3854 2880 3909 minime
2931 3854 3243 3922 occiduum,
3302 3858 3637 3927 spiritalium

2056 3943 2343 3998 vulnerum
2380 3956 2713 4010 curatorem,
2752 3946 3129 4015 impositarum
3161 3962 3192 4001 a
3230 3951 3470 4016 peccatis
3515 3952 3630 4016 pla-

2050 4050 2242 4105 garum
2276 4037 2547 4091 medicum
2582 4052 2597 4102 ;
2627 4036 2817 4091 ducem
2848 4038 2941 4107 qui
2992 4037 3222 4094 feliciter
3250 4054 3375 4096 cum
3424 4042 3640 4101 diabolo

2050 4142 2294 4198 pugnare
2320 4128 2502 4194 docet,
2534 4138 2587 4183 et
2637 4128 2983 4184 altivolantes
3018 4129 3307 4185 facientem
3351 4135 3442 4204 qui
3487 4136 3638 4191 humi

2050 4216 2340 4284 reptabant
2364 4234 2380 4280 ;
2415 4218 2505 4285 qui
2528 4229 2773 4273 terrenos
2801 4218 2867 4272 ad
2891 4218 3167 4275 ccelestem
3191 4212 3354 4277 vitam
3381 4223 3635 4291 instituit,

2053 4318 2218 4377 atque
2243 4317 2302 4362 ut
2323 4324 2544 4363 carnem
2577 4318 2949 4385 contemnant,
2981 4312 3176 4366 animae
3203 4328 3389 4368 curam
3420 4330 3637 4385 gerant,

2052 4398 2340 4468 praesentia
2360 4401 2647 4468 despuant,
2672 4398 2870 4454 futuris
2890 4400 3117 4467 inhient,
3138 4416 3200 4457 ea
3223 4417 3343 4471 quae
3364 4420 3459 4475 per
3472 4404 3637 4462 lldetn

2053 4500 2442 4557 exspectantur
2483 4504 2593 4558 pra:
2633 4489 2811 4544 oculis
2845 4490 3102 4556 habeant,
3147 4492 3284 4546 nihil
3335 4493 3390 4548 in
3438 4497 3641 4554 mundo

2056 4580 2394 4649 splendidum
2447 4590 2660 4652 putent,
2715 4584 2946 4653 gloriam
3002 4584 3287 4653 irrideant,
3324 4587 3639 4645 divitiarum

2058 4678 2331 4727 torrentes
2386 4672 2713 4741 despiciant,
2761 4675 3005 4744 corporis
3046 4675 3505 4743 pulchritudinem
3541 4696 3639 4735 ceu

2052 4762 2239 4817 ﬂorem
2298 4764 2566 4818 caducum
2622 4775 2893 4833 spectent,
2942 4782 3006 4821 ne
3048 4768 3233 4836 inopes
3289 4769 3529 4839 doleant,
3574 4786 3643 4827 ne

2054 4850 2239 4919 egroti
2263 4865 2406 4921 aegre
2431 4852 2629 4917 ferant,
2667 4864 2725 4907 ut
2758 4853 2869 4909 laesi
2902 4858 3196 4926 gaudeant,
3220 4859 3435 4927 spoliati
3464 4859 3647 4915 laeten-

2055 4950 2165 5007 tur,
2196 4941 2413 4997 fortiter
2434 4960 2704 5001 aerumnas
2730 4946 2983 5012 tolerent,
3016 4960 3173 5004 orent
3210 4966 3309 5019 pro
3339 4952 3641 5007 adversan—

2054 5035 2225 5098 tibus,
2266 5035 2593 5090 benedicant
2652 5038 3126 5105 maledicentibus,
3170 5052 3332 5111 atque
3370 5045 3645 5100 omnimo-

2062 5126 2206 5192 dam,
2236 5138 2293 5181 ut
2316 5128 2486 5184 semel
2514 5130 2713 5197 dicam,
2748 5133 3145 5203 philosophiam
3178 5146 3480 5191 sectentur.
3516 5135 3644 5193 Hac

2052 5306 2215 5384 situm
2253 5317 2411 5384 recte
2451 5311 2787 5383 exemplum,
2831 5327 2937 5382 quo
2981 5328 3237 5384 perverse
3278 5316 3644 5373 abutebantur

2054 5376 2467 5451 Monophysitte.

2122 5450 2197 5520 (3)
2242 5450 2527 5523 Sapienter
2568 5450 2710 5523 hanc
2750 5453 3017 5508 cautelam
3062 5465 3183 5523 post
3224 5465 3381 5511 natos
3421 5471 3641 5511 errores

2048 5520 2297 5595 exposcit
2328 5520 2590 5595 Cyrillus:
2616 5521 2828 5595 Etenim
2849 5524 3020 5595 paulo
3053 5520 3179 5579 ante
3211 5524 3509 5595 Gregorius
3542 5525 3641 5581 Nato

2048 5590 2369 5663 aianzenns,
2391 5599 2531 5645 orat.
2561 5592 2651 5655 58,
2681 5592 2768 5656 l3,
2798 5590 2885 5649 edi.
2917 5595 3145 5660 uoviss.,
3179 5607 3215 5648 ι.
3246 5597 3287 5658 1,
3318 5590 3369 5663 β.
3398 5598 3525 5661 671,
3552 5599 3643 5651 κύ·

2048 5659 2153 5738 huc
2180 5662 2455 5738 scribebat
2480 5664 2546 5716 de
2575 5659 3161 5738 operejncarnationis
3186 5684 3199 5719 :
3226 5667 3288 5718 Ὠ
3315 5659 3413 5737 τῆς
3441 5659 3639 5738 καινῆς

2051 5727 2251 5797 μίξεως
2278 5733 2289 5783 !
2321 5729 2365 5783 ὢ
2396 5731 2493 5802 τῆς
2524 5727 2830 5804 παραδόξου
2863 5735 3153 5805 κράσεωςί
