4058 6328
504 425 633 481 H'H

1521 436 1576 489 S.
1617 436 1890 494 CYRILLI
1926 431 2391 494 ALEXANDRINI
2432 428 2749 486 ARCHIEP.

3593 410 3729 467 ιιτε

503 549 687 603 formae
719 549 974 602 vilitatem
1002 567 1015 616 ;
1041 558 1093 604 et
1126 551 1261 605 Deus
1303 566 1423 605 cum
1478 566 1639 621 esset,
1700 558 1861 611 homo
1899 557 2061 611 voluit

2170 552 2380 623 μορφῆς
2402 552 2501 622 τὴν
2537 550 2825 612 εὐτέλειαν,
2856 547 2948 599 καὶ
2976 544 3107 605 Θεὸς
3137 540 3417 612 ὑπάρχων,
3449 532 3731 623 ἀνθρωττος

506 642 803 707 nominari;
831 653 989 709 alque
1017 651 1074 695 ut
1103 643 1335 695 hominis
1359 636 1716 699 humilitatem
1752 647 2064 717 assumpsit,

507 734 577 786 ita
608 733 730 787 huic
769 734 1005 787 vicissim
1038 733 1416 788 sublimitatem
1442 738 1876 790 communicavit.
1900 737 2068 791 Voca-

2170 620 2432 713 ηθελησεν
2459 620 2838 710 ὃνομάξεσθαι.
2868 636 2977 689 Καὶ
3000 634 3185 701 ὥσπερ
3223 626 3481 700 μετέλαϐε
3510 622 3619 677 τῶν
3639 620 3731 674 τοῦ

2168 735 2451 807 ἀνθρώπου
2485 733 2774 797 ταπεινῶν,
2809 729 2951 783 οὕτω
2990 728 3097 781 τῶν
3124 719 3524 807 ὑψηλῶν-αὐτῷ
3562 732 3731 788 μετα·

505 836 662 878 catur
698 826 838 877 enim
864 825 1101 893 Virginis
1124 825 1374 893 parvulus
1426 825 1741 881 Emmanuel
1766 829 1831 891 οι,
1878 842 2061 897 nempe

2166 804 2381 883 δέδοικε.
2412 825 2672 878 Καλεῖται
2710 824 2819 892 γὰρ
2845 822 2905 874 τὸ
2931 819 3030 889 τῆς
3059 816 3336 885 Παρθένου
3350 804 3566 883 ’βρέφος
3605 808 3734 897 Ἐμέ

507 915 553 968 is
584 915 672 983 qui
705 916 895 983 pannis
938 926 1024 971 est
1068 916 1336 970 involutus
1368 917 1435 978 ",
1463 925 1519 970 et
1579 918 1743 971 ubera
1800 919 1962 985 sugit,
2014 928 2068 972 et

509 1005 647 1058 lacte
677 1008 932 1069 nutritur,
975 1005 1278 1074 diciturqne
1330 1007 1504 1073 magni
1549 1006 1760 1060 consilii
1820 1008 2064 1075 angelus,

507 1094 842 1148 admirabilis
872 1094 1234 1155 consiliarius,
1286 1104 1339 1148 et
1385 1094 1523 1149 Deus
1570 1095 1745 1161 fortis,
1800 1112 1861 1149 ac
1892 1098 2065 1151 domi-

509 1194 684 1245 nator,
715 1194 766 1237 et
802 1186 1051 1252 princeps
1080 1185 1247 1252 pacis,
1284 1196 1339 1239 et
1366 1184 1524 1240 Pater
1577 1185 1739 1240 futuri
1771 1188 1949 1241 saeculi
1977 1188 2022 1218 "
2049 1205 2064 1253 ;

508 1288 609 1327 nec
638 1291 739 1326 non
766 1273 930 1328 Filius
959 1274 1242 1339 Altissimi,
1290 1282 1345 1329 et
1392 1274 1669 1344 Servator,
1700 1288 1753 1330 et
1791 1280 2064 1343 Dominus,

506 1375 560 1415 et
591 1363 823 1414 universi
878 1362 1061 1415 mundi
1119 1362 1360 1419 Creator.
1400 1383 1418 1415 ι
1458 1363 1607 1419 Unus
1654 1366 1823 1429 enim,
1871 1366 2062 1436 inquit,

506 1452 766 1506 Dominus
801 1450 958 1506 Jesus
998 1452 1264 1518 Christus,
1326 1470 1418 1524 per
1465 1470 1623 1525 quem
1664 1457 1829 1528 “3
1859 1475 1905 1510 nt
1948 1473 2066 1512 om-

506 1544 595 1597 nia
620 1542 688 1596 “.
726 1563 745 1596 ι
786 1543 854 1597 Ει
883 1544 1100 1614 quidem
1150 1544 1310 1600 Jesus
1342 1556 1393 1601 et
1424 1546 1670 1602 Christus
1693 1549 1908 1603 nomina
1942 1557 2066 1604 sunt

504 1636 894 1692 incarnationis
925 1638 1297 1707 signillcativa.
1353 1636 1660 1692 lncarnatio
1694 1650 1873 1693 autem
1921 1640 2065 1695 haud

503 1735 629 1779 ante
665 1740 841 1779 rerum
861 1728 1187 1780 creationem
1231 1741 1404 1796 neque
1430 1729 1611 1782 statim
1660 1742 1783 1800 post
1833 1735 2065 1789 creatio-

502 1830 645 1877 nem.
680 1816 775 1870 sed
802 1816 1061 1871 extremis
1115 1818 1444 1887 temporibus
1471 1820 1682 1874 accidit.
1718 1821 2065 1892 Quandoqui-

2174 917 2430 989 μανουὴλ,
2461 916 2636 969 καὶτὸ
2663 917 2775 976 τοῖς
2818 912 3153 982 σπαργάνοις
3189 902 3603 975 ἐνειλημμένον,
3640 896 3735 951 καὶ

2174 1009 2341 1081 θηλὴν
2361 1008 2537 1071 ἕλκον,
2564 1008 2658 1061 καὶ
2687 1006 3019 1075 τρεφόμενον
3060 1002 3314 1069 γάλακτι,
3356 997 3450 1049 καὶ
3489 993 3735 1046 καλεῖται

2178 1100 2415 1170 μεγάλης
2445 1097 2639 1167 βουλῆς
2662 1093 2943 1163 Ἄγγελος,
2967 1091 3061 1144 καὶ
3085 1086 3394 1159 Θαυμαστὸς
3412 1082 3731 1154 σύμϐουλος.

2166 1193 2259 1247 καὶ
2282 1191 2412 1253 Θεὸς
2447 1190 2681 1259 ἰσχυρὸς,
2727 1188 2821 1240 καὶ
2852 1182 3221 1253 ὲξουσιαστὴς,
3256 1181 3349 1234 καὶ
3374 1180 3556 1248 ἄρχων
3582 1178 3735 1245 εἰρή-

2168 1300 2285 1354 νης,
2348 1282 2441 1335 καὶ
2497 1279 2685 1349 Πατὴρ
2739 1277 2833 1331 τοῦ
2891 1274 3174 1345 μέλλοντος
3211 1271 3423 1334 αίῶνος,
3470 1268 3563 1321 καὶ
3608 1266 3738 1330 Υίδς

2178 1375 2452 1445 Ὑψίστου,
2492 1374 2587 1427 καὶ
2640 1371 2849 1440 Σωτὴρ,
2902 1368 2994 1421 καὶ
3034 1366 3259 1433 Κῦρός,
3304 1361 3399 1416 καὶ
3447 1360 3553 1413 τῶν
3600 1357 3736 1411 ὅλων

2167 1468 2525 1540 Δημιουργός.
2578 1485 2595 1516 ι
2624 1457 2718 1526 Εἷς
2750 1464 2877 1533 γὰρ,
2917 1460 3069 1530 φησὶ,
3116 1456 3319 1528 Κύριος
3360 1452 3562 1524 Ἰησοῦς
3601 1452 3736 1521 Χρι-

2174 1562 2316 1626 στὸς,
2347 1561 2415 1614 δι’
2438 1553 2498 1613 οὗ
2529 1558 2597 1612 τὰ
2625 1554 2966 1611 πάνταηΚαὶ
3002 1551 3109 1624 μὴν
3124 1549 3192 1603 τὰ
3229 1547 3463 1615 Ἰησοῦς
3481 1545 3577 1598 καὶ
3600 1546 3736 1611 Χρι-

2172 1653 2274 1719 τὸς
2303 1653 2564 1721 ὀνόματα,
2595 1648 2694 1717 τῆς
2727 1644 3039 1715 οἰκονομίας
3061 1642 3168 1695 sict
3196 1637 3505 1709 σημαντικά
3534 1635 3613 1705 (ι)
3636 1651 3650 1664 .
3702 1632 3737 1702 ἡ

2168 1745 2226 1798 δὲ
2257 1743 2562 1813 οίκονομία,
2596 1740 2657 1793 οὐ
2701 1737 2806 1808 πρὸ
2832 1736 2929 1803 τῆς
2962 1734 3212 1795 κτίσεως,
3259 1729 3378 1784 οὐδὲ
3404 1727 3566 1790 εὐθὺς
3599 1723 3738 1795 μετὰ

2164 1837 2264 1907 τὴν
2291 1835 2487 1901 κτίσιν,
2528 1832 2643 1887 ἀλλ’
2686 1830 2771 1884 ἐπ’
2805 1830 3049 1897 ἐσχάτων
3076 1823 3187 1879 τῶν
3222 1820 3443 1893 ἡμερῶν
3476 1818 3694 1886 ἐγένετο
3722 1832 3736 1846 ·

500 1906 623 1962 dem
656 1907 815 1976 igitur
854 1922 1044 1962 nomen
1084 1906 1354 1973 Christus,
1406 1924 1511 1964 non
1555 1924 1891 1981 assumptum
1945 1926 2061 1969 tan-

2169 1904 2356 1997 ὲτιειδὴ
2392 1927 2573 1980 τοίνυν
2600 1923 2661 1977 τὸ
2698 1919 2949 1991 Χριστὸς
2988 1918 3180 1987 δνομα,
3219 1915 3281 1968 οὐ
3322 1912 3414 1967 τὸν
3461 1909 3739 1980 ληφθέντα

505 1996 800 2062 tummodo,
871 2012 1059 2053 verum
1108 1999 1271 2053 etiam
1322 2015 1604 2056 assumens
1659 1999 1893 2058 Verbum
1958 2023 2061 2060 una

502 2101 625 2139 cum
654 2097 931 2154 assumpto
964 2088 1186 2141 denotat
1235 2090 1490 2158 (namque
1552 2091 1601 2144 id
1646 2108 1845 2146 nomen
1897 2096 2063 2150 Deum

500 2175 658 2231 simul
707 2186 761 2229 et
812 2177 1078 2231 hominem
1124 2177 1440 2250 signiﬁcat),
1469 2180 1666 2237 Paulus
1713 2186 1960 2240 attribuit
2013 2189 2063 2243 ei

502 2266 594 2335 qui
620 2265 849 2321 visibilis
876 2276 977 2329 est,
1024 2280 1242 2337 pr0pter
1291 2285 1445 2325 suam
1490 2286 1614 2326 cum
1645 2272 1899 2330 invisibili
1929 2292 2062 2332 con-

495 2356 852 2427 iunctionem,
882 2360 1147 2424 attribuit,
1172 2360 1410 2430 inquam.
1442 2364 1880 2422 universimundi
1907 2376 2061 2424 crea-

504 2449 702 2502 tionem
755 2459 809 2503 et
858 2450 1283 2519 dispositionem.
1316 2454 1495 2522 Quare
1527 2466 1582 2511 et
1619 2458 1746 2513 alibi
1790 2458 2063 2516 Christum

500 2554 663 2607 super
699 2542 879 2594 omnia
910 2541 1071 2596 Deum
1108 2544 1380 2612 appeliat;
1420 2547 1498 2600 ait
1529 2550 1673 2603 enim
1709 2568 1722 2604 :
1764 2570 1781 2603 ι
1816 2551 1893 2607 Ex
1941 2556 2063 2622 qni-

500 2630 599 2683 bus
628 2641 708 2685 est
747 2633 1039 2685 secundum
1074 2649 1290 2688 carnem
1325 2637 1596 2704 Christus,
1632 2641 1725 2710 qui
1772 2652 1855 2698 est
1901 2659 2065 2713 super

497 2722 677 2775 omnia
707 2722 848 2778 Dens
873 2725 941 2777 ".
981 2742 1001 2776 ι
1041 2723 1309 2795 Nonquia
1348 2727 1567 2784 Davidis
1612 2746 1779 2801 nepos
1823 2735 1938 2804 ipse
1970 2752 2067 2804 per

498 2828 556 2867 se
585 2813 654 2865 sit
682 2813 845 2876 Deus,
876 2824 932 2868 et
956 2830 1119 2883 super
1151 2819 1354 2882 omnia,
1403 2822 1497 2876 sed
1534 2824 1657 2890 quia
1720 2825 1811 2879 Dei
1868 2830 2065 2883 summi

500 2902 754 2970 templum
783 2916 918 2973 erat,
950 2907 1155 2963 unitam
1204 2912 1618 2983 copulatamque
1648 2916 1856 2971 habens
1881 2933 2063 2976 secum

499 2994 860 3051 divinitatem.

498 3107 689 3163 XXXI.
726 3108 879 3174 Quod
925 3112 1045 3166 duae
1089 3115 1209 3193 sint
1224 3125 1468 3193 natura,
1497 3135 1603 3174 una
1633 3130 1807 3176 autem
1840 3141 2062 3193 persona

1169 3183 1383 3240 Christi.

565 3288 688 3343 ideo
721 3308 737 3341 ι
766 3289 924 3347 Iesus
951 3292 1201 3350 Christus
1260 3297 1373 3351 heri
1399 3306 1454 3352 et
1494 3301 1672 3365 hodie,
1700 3302 1841 3359 idem
1876 3316 1959 3361 est
2004 3318 2060 3362 et

497 3382 549 3434 in
581 3381 776 3435 saecula
800 3382 865 3435 ".
908 3401 926 3433 ι
963 3383 1076 3436 Non
1111 3387 1253 3439 enim
1287 3389 1338 3439 in
1376 3389 1509 3444 duas
1540 3403 1804 3459 personas
1841 3397 2059 3466 dispen-

493 3471 722 3525 sationis
772 3486 908 3541 opus
963 3473 1273 3540 dividimus,
1340 3493 1514 3547 neque
1579 3484 1715 3537 duos
1768 3486 1907 3540 filios
1962 3503 2059 3556 pro

496 3556 786 3629 Unigenito
821 3561 1175 3629 pradicamus
1213 3574 1266 3618 et
1298 3570 1587 3634 credimus,
1620 3573 1712 3626 sed
1759 3574 1891 3630 duas
1937 3591 2058 3633 esse

496 3662 717 3703 naturas
751 3658 805 3704 et
836 3652 1122 3706 didicimus
1172 3664 1227 3708 et
1253 3656 1524 3713 docemus.
1581 3662 1739 3717 Aliud
1769 3666 1913 3720 enim
1974 3680 2058 3724 est

495 3739 684 3803 deitas,
710 3748 762 3793 et
793 3740 931 3793 aliud
973 3744 1281 3799 humanitas
1312 3763 1326 3800 :
1357 3748 1498 3801 aliud
1535 3765 1630 3817 per
1661 3767 1720 3808 se
1746 3757 2039 3825 exsistens,

492 3839 547 3881 et
582 3829 725 3883 aliud
778 3834 921 3899 quod
988 3835 1187 3889 factum
1246 3841 1549 3895 est:aliud
1613 3842 1703 3898 Dei
1764 3845 1957 3911 forma,
2006 3862 2060 3905 et

492 3920 637 3973 aliud
671 3921 840 3975 forma
874 3924 1106 3980 hominis
1136 3945 1149 3980 :
1180 3929 1321 3981 aliud
1382 3945 1600 3987 sumens
1649 3946 1865 4003 natura,
1910 3941 2057 3997 aliud

492 4020 701 4079 sumpta
746 4030 758 4065 :
803 4013 943 4067 aliud
994 4020 1247 4085 templum
1296 4022 1637 4091 dissolutum,
1686 4036 1740 4081 et
1781 4030 1927 4085 aliud
1966 4035 2055 4102 qui

493 4100 594 4157 hoc
630 4104 944 4159 dissolutum
976 4111 1317 4166 resuscitavit
1342 4114 1502 4170 Deus.

490 4297 703 4357 XXXII.
758 4304 911 4378 Quod
970 4324 1069 4361 non
1124 4315 1521 4376 concretionem,
1553 4319 1644 4369 scd
1708 4320 1951 4375 unionem
2004 4327 2056 4378 in

847 4374 1052 4430 Christo
1071 4379 1240 4434 dicere
1273 4374 1566 4452 religiosum
1590 4389 1675 4441 sit.

556 4483 671 4539 Non
685 4502 812 4553 ergo
833 4498 1052 4544 naturas
1067 4493 1640 4568 c0nfnmlimns,neque
1654 4507 2051 4562 concretionem

2168 2020 2348 2092 μόνον,
2376 2018 2510 2073 ἀλλὰ
2537 2018 2631 2070 καὶ
2658 2016 2749 2069 τδν
2775 2012 3005 2065 λαὸόντα
3029 2009 3201 2076 Λόγον
3389 2000 3483 2100 τοῦ
3505 1999 3735 2100 ληφθέν-

2166 2130 2254 2176 τος
2300 2110 2452 2181 δηλοῖ
2482 2106 2614 2181 (τοῦ
2651 2103 2785 2159 Θεοῦ
2826 2103 2935 2172 γὰρ
2974 2100 3067 2153 καὶ
3102 2097 3197 2151 τοῦ
3245 2093 3534 2163 ἀνθρώπου
3576 2093 3735 2143 τοῦτο

2167 2201 2499 2275 σημαντικόν
2527 2198 2713 2267 ὲστιν)·
2744 2198 2772 2249 ὁ
2808 2193 3016 2256 Παῦλος
3045 2189 3328 2256 ἀνατίθησι
3364 2186 3457 2239 καὶ
3485 2183 3563 2254 τῷ
3592 2186 3734 2255 ὀρω-

2168 2294 2315 2363 μένῳ
2343 2291 2431 2345 διὰ
2457 2290 2555 2361 τὴν
2582 2289 2719 2357 πρὸς
2748 2286 2809 2340 τὸ
2848 2286 3224 2356 κρυπτόμενον
3252 2283 3465 2344 ἕνωσιν,
3513 2277 3613 2347 τὴν
3645 2275 3741 2330 τοῦ

2165 2385 2363 2448 παντὸς
2391 2381 2607 2453 ποίησίν
2644 2398 2704 2433 τε
2736 2380 2829 2433 καὶ
2860 2376 3248 2445 διακόσμησιν·
3276 2373 3356 2427 διὸ
3388 2372 3482 2426 καὶ
3512 2367 3741 2439 ἑτέρωθι

2162 2476 2254 2530 τὸν
2288 2474 2519 2546 Χριστὸν
2556 2473 2648 2526 ἐπὶ
2686 2472 2903 2525 πάντων
2950 2464 3348 2539 προσαγορεύει
3379 2462 3511 2516 Θεόν
3533 2478 3548 2493 ο
3590 2479 3610 2512 s
3652 2460 3739 2526 Ἐξ

2163 2562 2237 2621 ὧν
2277 2568 2404 2638 γὰρ,
2443 2566 2627 2636 φησιν,
2653 2563 2886 2633 Χριστὸς
2928 2560 2987 2613 τὸ
3032 2558 3175 2611 κατὰ
3213 2557 3413 2628 σάρκα,
3451 2556 3481 2607 ὁ
3526 2551 3601 2606 ὢν
3649 2552 3738 2605 ἐπὶ

2167 2662 2384 2715 πάντων
2426 2658 2581 2720 Θεός.
2610 2676 2629 2709 ι
2682 2657 2796 2708 υὺκ
2832 2653 3017 2724 ἐπειδὴ
3053 2653 3146 2704 τοῦ
3184 2649 3347 2705 Δασὶδ
3391 2649 3420 2701 6
3473 2646 3737 2713 ἀπόγονος

2167 2755 2329 2816 αὐτὸς
2358 2752 2480 2807 καθ’
2506 2751 2668 2804 αὐτὸν
2701 2750 2833 2811 Sed;
2868 2750 3002 2811 ἐστι,
3034 2746 3127 2799 καὶ
3184 2745 3275 2797 ἐπὶ
3306 2742 3525 2796 πάντων
3574 2737 3731 2802 Θεὸς,

2166 2845 2279 2900 ἀλλ’
2313 2847 2393 2899 ὅτι
2422 2841 2513 2897 τοῦ
2544 2839 2677 2895 Θεοῦ
2706 2838 2799 2893 τοῦ
2830 2839 2921 2891 ἐπὶ
2951 2837 3169 2891 πάντων
3199 2833 3411 2903 ὑπῆρχε
3434 2829 3581 2893 ναὸς,
3601 2831 3736 2898 ἠνω-

2168 2940 2338 3011 μὲνην
2369 2937 2464 2991 καὶ
2489 2934 2840 3006 συνημμένην
2876 2932 3016 3001 ἔχων
3052 2927 3230 2998 ἑαυτῷ
3256 2926 3354 2998 τὴν
3385 2923 3636 2993 θεὸτητα.

2236 3142 2361 3194 AA'.
2416 3138 2543 3191 Ὀτι
2597 3135 2707 3187 δύο
2751 3133 2867 3202 μὲν
2913 3130 3029 3202 etcf!
3082 3130 3321 3202 φύσεις,
3373 3125 3442 3180 ἓν
3483 3124 3554 3178 δὲ
3599 3123 3665 3177 τὸ

2549 3197 2872 3271 πρόσωξπον
2918 3200 3021 3254 τοῦ
3066 3197 3343 3266 Χριστοῦ.

2233 3321 2331 3374 Διὰ
2378 3319 2535 3372 τοῦτο
2586 3337 2602 3367 ι
2641 3314 2844 3383 Ἰησοῦς
2877 3312 3110 3386 Χριστὸς
3139 3310 3267 3381 χθὲς
3298 3310 3389 3362 καὶ
3422 3309 3679 3379 σήμερον,
3704 3308 3734 3360 6

2162 3414 2322 3473 αὐτὸς
2370 3410 2463 3463 καὶ
2495 3409 2573 3470 είς
2601 3408 2727 3468 τοὺς
2770 3405 2989 3465 αἰῶνας.
3018 3420 3036 3452 ι
3078 3402 3151 3454 Οὐ
3195 3401 3302 3470 γὰρ
3346 3401 3425 3462 είς
3467 3399 3732 3469 πρόσωπα

2160 3504 2254 3557 δύο
2289 3502 2387 3573 τὴν
2424 3497 2735 3566 οἰκονομίαν
2766 3495 3079 3565 μερίζομεν,
3129 3492 3247 3544 οὐδὲ
3288 3491 3437 3552 υίοὺς
3479 3489 3575 3542 δύο
3614 3489 3732 3542 ἀντὶ

2159 3594 2250 3647 τοῦ
2286 3590 2621 3659 Μονογενοῦς
2661 3587 3005 3658 κηρύττομέν
3049 3601 3108 3637 τε
3164 3584 3256 3637 καλ⁵
3292 3580 3729 3651 δογματίζομεν,

2160 3686 2295 3739 ἀλλά
2314 3684 2406 3736 δύο
2440 3683 2536 3752 μὲν
2565 3684 2664 3742 τὰς
2693 3679 2879 3748 φυσεις
2917 3673 3053 3729 εἶναι
3095 3676 3188 3727 καὶ
3232 3674 3632 3745 μεμαθήκαμεν
3657 3670 3731 3740 (2)

2162 3774 2252 3825 καὶ
2306 3770 2662 3836 διδάσκομεν·
2721 3767 2905 3835 ἕτερον
2963 3764 3071 3834 γὰρ
3124 3764 3349 3833 θεότης,
3406 3764 3501 3815 καὶ
3548 3762 3732 3833 ἕτερον

2161 3861 2514 3929 ὰνθρωπότης
2533 3877 2544 3888 ·
2573 3860 2760 3927 ἓτερον
2783 3856 2843 3908 τὸ
2867 3857 2944 3917 ὃν,
2976 3855 3069 3908 καὶ
3096 3856 3282 3925 ἕτερον
3320 3855 3381 3908 τὸ
3408 3856 3697 3923 γενόμενον
3716 3874 3729 3887 ·

2160 3956 2287 4009 ἄλλο
2315 3955 2346 4022 ἡ
2373 3952 2466 4004 τοῦ
2503 3949 2637 4002 Θεοῦ
2678 3947 2879 4018 μορφὴ,
2932 3948 3027 3999 καὶ
3072 3946 3257 4014 ἄλλοὴ
3302 3947 3393 3998 τοῦ
3443 3947 3731 4017 ἀνθρώπου

2163 4047 2344 4117 μορφή
2368 4062 2380 4075 °
2414 4045 2504 4097 καὶ
2534 4043 2661 4095 ἄλλο
2688 4043 2719 4109 ὴ
2752 4040 3013 4101 λαϐοῦσα,
3036 4040 3126 4092 καὶ
3150 4039 3339 4107 ἕτερον
3368 4041 3398 4108 ἡ
3435 4039 3728 4108 ληφθεῖσα·

2158 4141 2345 4209 ἓτερον
2386 4139 2412 4189 ὁ
2452 4136 2630 4196 λυθεὶς
2669 4132 2813 4197 ναὸς,
2860 4133 2953 4185 καὶ
2999 4132 3181 4199 ἕτερον
3224 4133 3250 4183 ὁ
3290 4130 3515 4183 λυθέντα
3546 4131 3733 4184 τοῦτον

2158 4224 2465 4293 ἀναστήσας
2499 4222 2651 4284 Θεός.

2161 4341 2281 4394 AB'.
2324 4339 2451 4390 Ὅτι
2501 4337 2570 4390 οὐ
2612 4332 2828 4402 κρᾶσιν
2861 4336 3061 4403 ,λέγειν
3110 4336 3302 4397 ὅσιον,
3334 4335 3471 4389 ἀλλ’
3513 4336 3735 4391 ἕνωσιν

2648 4405 2743 4457 ἐπὶ
2800 4405 2905 4458 τοῦ
2960 4404 3234 4471 Χριστοῦ.

2232 4503 2304 4555 Οὐ
2360 4504 2455 4563 τὰς
2510 4500 2699 4569 φύσεις
2748 4498 2927 4549 τοίνυν
2985 4496 3307 4567 συγχέομεν,
3358 4498 3480 4549 οὐδὲ
3536 4501 3733 4566 κρᾶσιν

491 4578 709 4633 factoris
788 4581 1115 4651 factumque
1173 4588 1651 4661 dogmatizamns;
1700 4596 1808 4649 imo
1880 4600 2057 4667 potius

2166 4593 2385 4663 ποιητοῦ
2431 4594 2524 4645 καὶ
2571 4594 2871 4659 ποιήματος
2916 4588 3337 4659 δογματίζομεν,
3380 4590 3475 4643 καὶ
3513 4590 3591 4660 τῷ
3634 4592 3735 4659 τῆς

486 4669 850 4723 concretionis
926 4674 1185 4726 vocabulo
1269 4677 1599 4733 confusionis
1696 4684 2056 4749 signiﬁcatum

2166 4687 2404 4755 κράσεως
2474 4684 2697 4752 ὀνόματι
2771 4682 2869 4751 τὴν
2946 4681 3206 4749 σύγχυσιν
3286 4683 3731 4752 συνεισφέρομεν·

486 4759 852 4815 attribuimus.
919 4761 1086 4817 Porro
1125 4764 1215 4818 Dei
1251 4766 1410 4819 Verbi
1463 4780 1707 4823 naturam
1750 4773 1973 4839 scimus,
2006 4785 2061 4829 et

2166 4777 2287 4829 me
2320 4776 2411 4827 καὶ
2451 4775 2543 4827 τοῦ
2590 4775 2724 4827 Θεοῦ
2768 4776 2941 4840 Λόγου
2997 4774 3095 4843 τὴν
3142 4773 3301 4842 φύσιν
3355 4774 3728 4843 γνωρίζομεν·

486 4849 697 4902 servilis
740 4850 925 4905 forma:
970 4854 1330 4909 substantiam
1360 4861 1725 4925 agnoscimus,
1768 4874 2054 4934 utramque

2166 4867 2253 4918 καὶ
2277 4866 2375 4933 τῆς
2418 4868 2629 4934 μορφῆς
2660 4863 2752 4916 τοῦ
2793 4864 2981 4915 δούλου
3021 4864 3119 4934 τὴν
3154 4865 3341 4916 οὐσίαν
3369 4863 3730 4932 γινώσκομεν,

484 4954 611 4993 vero
632 4940 798 5013 844
820 4959 867 4993 m
895 4954 1138 4997 naturam
1166 4958 1224 4999 nt
1253 4950 1465 5001 unictnn
1503 4951 1789 5005 adoramus
1834 4954 2045 5008 Filium.

2166 4956 2422 5022 ἑκατέραν
2450 4954 2504 5005 δὲ
2532 4954 2690 5021 φύσιν
2724 4955 2798 5014 ὡς
2822 4954 2917 5006 ἕνα
2953 4952 3362 5023 προσκυνοῦμεν
3386 4953 3511 5005 Υίὸν
3530 4970 3541 4980 ·
3577 4953 3733 5007 θάτε-

486 5028 714 5085 lnvicem
778 5034 919 5087 enim
979 5036 1298 5091 alterutrum
1373 5051 1713 5110 nuncupatur
1779 5045 2046 5100 Christus.

2166 5063 2248 5115 ρον
2273 5047 2380 5115 γὰρ
2411 5045 2622 5114 θατέρῳ
2652 5047 2882 5115 Χριστὸς
2912 5045 3235 5115 ὀνομάζεται
3260 5087 3273 5105 ,
3308 5046 3401 5098 καὶ
3433 5044 3554 5097 οὔτε
3581 5049 3611 5114 ἡ
3639 5045 3731 5098 τοῦ

486 5119 667 5190 Neque
722 5124 833 5177 sola
878 5128 1016 5179 servi
1064 5128 1233 5182 forma
1292 5140 1345 5185 et
1394 5133 1675 5187 divinitate
1710 5151 1923 5200 carens,
1976 5139 2045 5191 ita

2166 5134 2339 5188 Βούλου
2379 5135 2557 5203 μορφὴ
2588 5135 2734 5205 ψιλὴ,
2767 5137 2857 5187 καὶ
2887 5136 3065 5206 γυμνὴ
3099 5136 3437 5205 τυγχάνουσα
3482 5138 3579 5205 τῆς
3615 5139 3730 5191 θεά·

485 5229 716 5281 nnquam
749 5230 776 5267 a
812 5218 1083 5285 religionis
1137 5232 1294 5275 recta:
1329 5226 1600 5291 magistris
1643 5236 1726 5277 est
1760 5228 2043 5293 appellata.

2166 5241 2333 5294 εητος,
2384 5224 2539 5276 τοῦτο
2582 5225 2799 5276 πώποτε
2838 5228 2989 5295 παρὰ
3019 5226 3125 5277 τῶν
3161 5226 3494 5279 διδασκάλων
3528 5228 3729 5297 ἐκλήθη

483 5304 582 5367 Ουί
640 5316 821 5359 autem
883 5311 1282 5365 concretionem
1340 5315 1543 5377 dicunt,
1601 5316 1653 5368 hi
1715 5319 2048 5372 concretioni

2166 5317 2251 5384 τῆς
2278 5317 2579 5378 εὐσεϐείας.
2616 5319 2677 5369 Οἱ
2701 5318 2758 5369 δὲ
2782 5318 2879 5386 τὴν
2904 5320 3097 5385 κρᾶσιν
3130 5318 3393 5386 λέγοντες,
3433 5322 3497 5389 τῇ
3538 5323 3729 5391 κράσει

484 5395 853 5451 confusionem
882 5409 1167 5470 oggerunt,
1222 5404 1591 5461 confusionem
1644 5422 1770 5460 vero
1825 5409 2048 5462 mutatio

2166 5410 2245 5479 τὴν
2278 5409 2537 5476 σύγχυσιν
2567 5409 2975 5479 συνεισφέρουσι
3002 5426 3012 5439 ·
3040 5413 3104 5480 τῇ
3136 5411 3190 5463 δὲ
3226 5412 3730 5481 συγχύσειὴτροπὴ

553 5578 596 5608 ⁵¹
634 5578 821 5632 Matth.
848 5579 992 5643 I,‘25.
1060 5583 1103 5614 ⁸³
1137 5582 1265 5637 Luc.
1297 5599 1357 5645 ll,
1390 5584 1436 5635 7.
1515 5586 1560 5617 ⁸³
1589 5586 1686 5639 lsa.
1722 5604 1795 5653 ιε,
1829 5587 1880 5640 6.
1958 5591 2004 5619 9"
2038 5587 2054 5643 Ι

2166 5602 2353 5647 )ι·.ιίιι,
2388 5587 2440 5640 6.
2507 5588 2553 5618 ⁸⁵
2580 5587 2731 5640 Rom.
2761 5604 2833 5653 ix,
2989 5589 3034 5619 ⁹⁶
3066 5587 3223 5642 ilebr.
3256 5605 3376 5653 xm,
3401 5588 3453 5641 8.

555 5734 632 5797 (l)
673 5734 869 5788 Confer
914 5738 1061 5809 apud
1102 5758 1197 5794 nos
1239 5740 1498 5809 Cyrillum
1541 5740 1753 5805 explan.
1805 5744 1867 5793 ml
1916 5746 2048 5809 psal-

1287 5743 1498 5813 yyilluni
1541 5743 1769 5813 explain
1805 5744 1867 5793 ml
1916 5746 2048 5809 psal-
2229 5744 2304 5813 (2)
2370 5745 2627 5799 Adhucne
2680 5744 3065 5811 Monophysiim
3103 5743 3357 5811 Cyrillum
3399 5746 3601 5801 ct'rmis
3644 5747 3725 5798 sui

489 5817 631 5855 mum
674 5821 812 5863 sitv,
845 5823 887 5855 ι.
920 5809 969 5857 8.
1012 5808 1515 5877 (flujuscef'atrol.
1544 5821 1669 5863 tom.
1701 5812 1920 5880 LXIX.)

2166 5828 2448 5886 patronum
2486 5816 2943 5885 impudentissime
2978 5813 3327 5870 dictitubunt?
