4058 6328
350 400 368 454 Ι
385 398 483 454 ιῖδ

1514 398 1602 454 ΒΕ
1645 396 2159 455 INCARNATIONE
2200 396 2459 456 DOMINI.

3482 396 3622 451 1474

344 513 760 587 συνεισφέρεται
784 528 797 545 ο
829 514 1037 585 τροπῆς
1080 514 1136 568 δὲ
1171 514 1465 584 εἰσιούσης,
1504 513 1627 567 οὔτε
1675 514 1807 578 Θεὸς
1837 514 1931 567 ἐπὶ

2037 515 2327 570 comitatur
2362 534 2375 571 :
2416 514 2560 567 facta
2618 512 2851 582 denique
2886 512 3210 577 mutatione,
3257 527 3433 583 neque
3474 512 3620 569 Deus

341 607 440 677 τῆς
471 607 607 671 ἰδίας
635 606 784 675 μόνοι
820 604 888 659 ἀν
925 606 1161 673 φύσεως,
1205 606 1328 659 οὔτε
1372 606 1657 679 ἄνθρωπος
1690 608 1784 660 ἐπὶ
1828 607 1926 677 τῆς

339 700 569 762 οἰκείας.
630 698 867 769 ’Δνάγκη
945 699 1053 767 γάρ
1106 697 1371 766 ἐκστῆναι
1416 698 1525 751 τῶν
1591 699 1691 768 τῆς
1738 698 1927 762 οὐσίας

338 790 486 862 ὅρων
516 790 797 861 ἑκάτερον,
828 790 922 842 καὶ
948 790 1083 859 μήτε
1110 786 1203 839 τὸν
1230 786 1364 840 Θεὸν
1390 786 1754 857 γνωρίζεσθαι
1772 787 1925 851 Θεὸν,

344 882 487 952 μήτε
530 881 623 935 τὸν
664 880 969 951 ἄνθρωπον,
1015 879 1302 948 ἀνθρωπον
1339 876 1436 949 (1).
1482 878 1655 931 Τοῦτο
1701 878 1756 931 δὲ
1806 878 1929 932 οὐδὲ

342 973 436 1025 ἰπὶ
460 973 561 1043 τῆς
594 972 686 1025 τοῦ
711 972 1003 1043 ἀνθρώπου
1051 970 1398 1039 κατασκευῆς
1442 969 1595 1022 λάϐοι
1642 971 1707 1023 ἀν
1746 986 1829 1031 τις
1867 963 1926 1022 εὖ

342 1064 578 1135 φρονῶν.
616 1065 691 1117 Οὐ
723 1063 833 1134 γάρ
877 1063 957 1133 τῷ
991 1062 1205 1132 σώματι
1238 1062 1339 1131 τὴν
1385 1060 1563 1130 ψυχὴν
1600 1061 1927 1131 κεκρᾶσθαι,

341 1154 459 1207 ἀλλ’
486 1152 749 1225 ἡνῶσθαι,
780 1154 873 1207 καὶ
905 1151 1195 1221 συνῆφθαι,
1222 1152 1315 1203 καὶ
1340 1152 1530 1215 οἰκεῖν,
1561 1151 1657 1203 καὶ
1683 1153 1928 1220 ἐνεργεῖν

343 1263 546 1315 φαμεν.
584 1246 692 1299 Καὶ
720 1246 843 1298 οὔτε
888 1245 987 1314 τὴν
1016 1244 1197 1315 ψυχὴν
1228 1242 1449 1314 θνητὴν,
1493 1241 1617 1295 οὔτε
1656 1244 1719 1297 τὸ
1770 1245 1929 1313 σῶμα

341 1339 487 1391 εῐποι
519 1354 603 1402 τις
631 1338 698 1390 ἂν
722 1337 1011 1401 ἀθάνατον,
1060 1336 1134 1406 μὴ
1172 1336 1367 1405 κομιδῇ
1401 1336 1753 1406 παραπαίων,
1795 1335 1930 1388 ἀλλά

342 1430 443 1497 τὴν
488 1428 589 1498 μὲν
632 1428 899 1498 ἑκατέραν
939 1426 1176 1499 [φύσιν]
1223 1426 1563 1498 διαιροῦμεν,
1614 1427 1671 1479 ἓν
1706 1426 1763 1479 δὲ
1792 1425 1929 1491 ζῶον

345 1521 686 1591 γνωρίζομεν
708 1521 769 1573 τὸ
788 1520 845 1586 ἐξ
867 1520 1089 1573 ἐκείνων
1110 1518 1259 1590 [υοιΙ.
1293 1518 1525 1590 ἐκείνου]
1550 1519 1926 1588 συγκείμενον

346 1610 441 1663 καὶ
459 1610 724 1681 ἑκατέραν
758 1609 855 1680 μὲν
899 1608 1062 1676 φύσιν
1113 1608 1465 1680 διῃρημένοις
1504 1608 1765 1677 ὀνόμασιν
1811 1608 1930 1660 ὀνο-

345 1699 615 1771 μάζομεν,
667 1701 765 1770 τὴν
800 1700 899 1771 μὲν
929 1699 1127 1770 ψυχὴν,
1159 1700 1220 1752 τδ
1245 1700 1300 1752 δὲ
1336 1700 1517 1770 σῶμα,
1560 1701 1618 1752 τὸ
1657 1699 1713 1751 δὲ
1744 1698 1804 1764 ἐξ
1828 1702 1931 1769 ἀμ-

344 1794 591 1864 φοτέρων
626 1793 955 1862 συνεστηκὸς
987 1790 1125 1856 ζῶον
1168 1794 1340 1863 ἑτέρῳ
1369 1792 1644 1862 καλοῦμεν
1669 1792 1927 1864 ὀνόματι·

2033 608 2086 660 in
2143 608 2360 678 propria
2401 616 2591 661 natura
2639 605 3000 676 permanebit,
3058 623 3233 677 neque
3274 608 3401 662 item
3454 609 3622 664 homo

2030 700 2084 754 in
2116 714 2237 754 sua.
2285 700 2520 754 Necesse
2576 708 2663 754 est
2710 698 2857 753 enim
2906 708 2965 753 ut
2995 708 3223 769 uterque
3269 714 3337 754 ex
3387 689 3623 769 propriae

2030 790 2345 844 substantiae
2404 788 2602 844 ﬁnibus
2658 789 2885 845 decedat
2938 806 2953 855 ;
2997 788 3070 843 ita
3133 801 3193 844 ut
3244 805 3423 859 neque
3476 789 3622 845 Deus

2030 882 2282 935 videatur
2315 880 2424 949 jam
2460 881 2621 944 Deus,
2662 896 2839 949 neque
2865 880 3026 935 homo
3058 882 3184 935 item
3234 884 3418 938 homo.
3453 882 3619 953 Atqui

2033 973 2134 1026 hoc
2172 986 2237 1026 ne
2272 972 2324 1025 in
2360 971 2595 1026 hominis
2625 972 2846 1041 quidem
2874 982 3146 1027 structura
3176 974 3463 1042 quisquam
3493 990 3625 1044 pru-

2030 1061 2163 1115 dens
2216 1062 2316 1115 sibi
2354 1062 2696 1130 persuadeat.
2745 1060 2861 1116 Non
2907 1062 3051 1117 enim
3115 1064 3331 1131 corpori
3375 1064 3621 1119 animam

2033 1162 2369 1217 concretam,
2398 1153 2490 1207 sed
2518 1153 2725 1207 unitam
2760 1152 3177 1222 copulatamque
3203 1154 3623 1210 iuhabitantem—

2031 1258 2137 1314 que
2164 1254 2217 1298 et
2244 1244 2406 1299 simul
2435 1254 2749 1312 operantem
2793 1243 3045 1299 dicimus.
3090 1243 3275 1313 Neque
3312 1244 3442 1298 item
3502 1245 3625 1299 ani-

2033 1351 2174 1388 tnam
2207 1336 2511 1399 mortalem,
2550 1350 2725 1403 neque
2759 1350 2957 1404 corpus
2987 1334 3296 1389 immortale
3324 1336 3619 1405 quisquam

2038 1425 2183 1481 dicet
2215 1427 2317 1479 nisi
2361 1427 2518 1492 plane
2555 1426 2858 1495 desipiens;
2902 1426 2997 1481 sed
3038 1436 3328 1497 utramque
3368 1438 3621 1483 naturam

2030 1517 2415 1581 discernimus,
2472 1534 2639 1571 unum
2687 1527 2866 1572 tamen
2908 1518 3110 1572 animal
3160 1520 3510 1589 agnoscimus
3555 1536 3624 1574 ex

2032 1607 2139 1665 illis
2168 1613 2530 1678 compositum
2566 1629 2577 1663 :
2615 1618 2668 1664 et
2726 1619 3016 1677 utramque
3066 1618 3318 1665 naturam
3390 1612 3624 1666 diversis

2033 1702 2348 1757 nominibus
2381 1702 2705 1765 vocitamus,
2729 1705 2967 1755 animam
2994 1701 3205 1756 scilicet
3229 1713 3394 1773 atque
3421 1719 3623 1773 corpus

2033 1791 2264 1847 dicimus
2297 1809 2311 1856 ;
2343 1792 2485 1862 quod
2520 1808 2648 1846 vero
2676 1808 2741 1846 ex
2776 1802 3007 1861 utraque
3025 1808 3082 1848 re
3105 1795 3373 1848 conﬂatur
3392 1794 3621 1860 animal,

342 1884 633 1956 ἄνθρωπον
678 1886 787 1955 γάρ
832 1885 1318 1955 προσαγορεύομεν
1362 1884 1460 1955 (2).
1513 1883 1696 1937 Ταῦτα
1746 1884 1928 1937 τοίνυν

2037 1880 2140 1935 alio
2158 1882 2377 1936 nomine
2400 1897 2680 1946 vocamus,
2704 1883 2978 1937 hominem
3012 1884 3223 1939 scilicet
3252 1885 3621 1940 nominamus.

342 1977 440 2029 καὶ
485 1978 579 2029 ἰπὶ
610 1980 709 2048 τῆς
744 1977 1058 2046 οἰκονομίας
1112 1975 1207 2047 τὴν
1254 1976 1441 2030 είκόνα
1490 1976 1767 2041 λαϐόντες,
1826 1974 1928 2045 τῆς

343 2064 697 2138 βλασφημίας
717 2066 1121 2137 ἀπαλλαγῶμεν
1162 2067 1396 2139 ἐκείνης,
1444 2066 1539 2120 καὶ
1597 2066 1695 2137 τὴν
1732 2068 1929 2136 κρᾶσιν

343 2160 739 2223 καταλιπόντες
769 2159 962 2231 (5),τῷ
988 2161 1089 2229 τῆς
1118 2159 1363 2223 ἑνώσεως
1379 2160 1472 2213 καὶ
1508 2160 1804 2228 συναφείας
1835 2160 1930 2212 καὶ

343 2252 631 2316 κοινωνίας
675 2252 898 2323 ὀνόματι
940 2252 1210 2323 χρώμενοι
1240 2251 1638 2322 διατελέσωμεν
1667 2267 1681 2280 ⁸
1716 2251 1930 2319 φύσεων

347 2342 448 2414 μιν
498 2341 659 2414 [c0d.
700 2343 940 2414 φύσεως]
968 2343 1260 2414 διάκρισιν,
1296 2343 1591 2413 προσώπου
1635 2343 1692 2396 δὲ
1733 2342 1930 2396 ἕνωσιν

342 2433 790 2504 δογματίζοντες.
852 2432 1011 2488 Οῦτω
1059 2434 1160 2503 τὴν
1224 2434 1436 2503 Ἀρείου
1498 2433 1593 2486 καὶ
1661 2434 1930 2502 Εὑνομίου

346 2525 698 2597 βλασφημίαν
745 2525 1131 2597 ἐλέγξομεν,τά
1192 2527 1292 2595 μὲν
1344 2526 1617 2589 ταπεινῶς
1664 2526 1934 2597 εἰρημένα

345 2618 443 2671 καὶ
492 2618 854 2688 πεπραγμένα
882 2616 960 2687 τῷ
990 2617 1202 2687 Σωτῆρι
1235 2616 1477 2687 Χριστῷ,
1523 2617 1933 2686 προσάπτοντες

344 2710 413 2780 τῇ
443 2707 537 2761 τοῦ
566 2708 751 2761 δούλου
783 2711 985 2780 μορφῇο
1010 2708 1079 2760 τὰ
1104 2708 1161 2761 δὲ
1192 2707 1370 2779 ὑψηλά
1401 2707 1495 2761 κά),
1529 2707 1807 2778 θεοπρεπῆ
1838 2707 1933 2760 καὶ

349 2798 597 2870 μεγάλα,
662 2801 729 2868 τῇ
772 2798 948 2867 ὑψηλῇ
1018 2797 1114 2849 καὶ
1174 2796 1384 2867 μεγάλη
1434 2798 1530 2849 καὶ
1578 2796 1758 2849 πάντα
1807 2794 1935 2849 νοῦν

348 2887 755 2959 ὑπερϐαινούσῃ
803 2886 1149 2945 ἀνατιθέντες
1173 2885 1409 2953 θεότητι.

348 2978 471 3034 ΛΡο
513 2979 642 3032 ὀτι
678 2978 788 3047 τῆς
818 2977 1106 3047 ἡμετέρας
1136 2978 1375 3045 φύσεως
1405 2975 1444 3042 ἠ
1494 2977 1585 3047 εις
1630 2974 1933 3047 οὐρανοὺς

421 3044 745 3119 ἀνάληψις(
792 3044 898 3114 τᾶς
948 3044 1054 3101 τοῦ
1112 3044 1461 3115 Πνεύματος
1511 3044 1735 3114 δωρεὰς
1788 3044 1937 3115 ἡμῖν

422 3120 836 3187 προεξένισεν.

2029 1972 2155 2028 Haec
2192 1974 2363 2043 igitur
2396 1974 2560 2027 etiam
2598 1976 2651 2029 iu
2692 1976 2756 2029 iis
2806 1989 2930 2044 qua:
2966 1975 3202 2029 attinent
3248 1976 3316 2030 ad
3368 1977 3624 2035 incarna-

2030 2066 2234 2121 tionem
2264 2065 2495 2135 exempli
2530 2068 2705 2121 instar
2734 2074 3034 2128 sumentes,
3078 2081 3107 2121 a
3158 2065 3495 2137 blasphemia
3534 2068 3623 2121 illa

2029 2159 2345 2214 cavebimus
2369 2175 2386 2224 ;
2420 2168 2474 2213 et
2491 2159 2694 2213 omissa
2720 2157 3093 2221 concretione,
3114 2158 3395 2213 vocabulis
3416 2158 3626 2213 aduna-

2034 2250 2218 2316 tionis,
2278 2251 2699 2321 coniunctionis,
2746 2260 2802 2303 et
2858 2250 3261 2307 communionis
3309 2260 3627 2308 constanter

2032 2350 2252 2397 utemur
2292 2358 2308 2407 ;
2341 2352 2665 2395 naturarum
2725 2340 3159 2405 distinctionem,
3208 2357 3456 2412 personae
3492 2356 3626 2397 vero

2032 2429 2297 2485 unitatem
2366 2430 2827 2497 doginatlzantes.
2898 2428 2990 2484 Sic
3056 2429 3171 2484 Arii
3245 2437 3302 2484 et
3372 2429 3624 2485 Eunomii

2034 2520 2428 2589 blasphemiam
2464 2520 2863 2585 refutabimus;
2891 2521 3177 2577 humiliter
3217 2521 3435 2591 quidem
3468 2522 3627 2578 'dicta

2031 2620 2088 2666 et
2108 2608 2251 2666 facta
2284 2626 2313 2665 a
2342 2610 2636 2668 Servatore
2673 2612 2894 2668 Christo
2957 2614 3100 2668 servi
3131 2612 3321 2669 forma:
3356 2609 3630 2685 applican-

2034 2713 2117 2761 tes
2149 2722 2166 2772 ;
2195 2705 2447 2759 sublimia
2507 2717 2687 2760 autem
2724 2716 2779 2760 et
2811 2706 2920 2760 Deo
2974 2708 3134 2777 digna
3171 2721 3236 2763 ac
3266 2723 3466 2779 magna
3522 2724 3620 2764 su-

2034 2794 2185 2850 blimi
2237 2809 2291 2851 et
2337 2812 2543 2866 magna:
2592 2808 2649 2853 et
2684 2799 2871 2854 munia
2920 2800 3207 2855 excedenti
3263 2800 3630 2857 attribuentcs

2035 2885 2327 2940 divinitati.

2037 2976 2203 3049 855
2238 2995 2285 3031 m
2324 2977 2560 3037 XXXIII.
2618 2980 2771 3046 Quod
2833 2994 3026 3037 nostra:
3080 2994 3285 3038 natura:
3334 2985 3389 3037 in
3442 2986 3627 3040 calum

2036 3050 2348 3117 assuuiptio,
2380 3049 2609 3120 Spiritus
2638 3054 2807 3105 sancti
2836 3054 2977 3106 dona
3023 3054 3170 3107 nobis
3215 3058 3628 3124 comparaverit.

434 3211 596 3265 ’Δλλά
650 3209 840 3280 καιρὸς
901 3208 1232 3280 ἀναδραμεῖν
1294 3208 1388 3261 ἐπὶ
1436 3209 1497 3261 τὸ
1547 3208 1930 3279 προκείμενον.

2108 3204 2213 3260 Sed
2245 3204 2357 3274 jam
2394 3217 2605 3279 tempus
2660 3219 2744 3264 est
2784 3212 3097 3266 revertendi
3146 3212 3213 3267 ad
3262 3214 3628 3282 propositum.

364 3302 724 3373 ’Δναληφθεὶς
757 3304 938 3355 τοίνυν
978 3302 1057 3358 εἰς
1100 3300 1364 3371 οὐρανοὺς
1407 3302 1435 3352 ὁ
1474 3300 1753 3370 Δεσπότης
1800 3301 1937 3371 Χρι-

352 3394 499 3460 nec,
532 3395 626 3449 καὶ
677 3394 868 3447 ἑαυτὸν
904 3391 1091 3462 ὥσπερ
1129 3392 1388 3468 ἐχέγγυον
1422 3390 1523 3460 τῆς
1568 3390 1677 3444 τῶν
1722 3391 1940 3463 ἀνθρώ-

353 3504 474 3541 πων
521 3486 742 3557 εἰρήνης
796 3483 1177 3557 προσενεγκὼν
1211 3482 1287 3554 τῷ
1327 3484 1523 3553 Πατρὶ,
1569 3485 1779 3554 πέμπει
1825 3486 1939 3549 τοῖς

352 3578 660 3649 ἀνθρώποις
708 3578 808 3651 τὴν
858 3579 1018 3649 χάριν
1062 3575 1157 3629 τοῦ
1202 3578 1542 3647 Πνεύματος,
1576 3576 1765 3648 ὥσπερ
1815 3574 1942 3631 τινὰ

351 3671 464 3725 τῶν
510 3671 936 3741 επηγγελμένων
988 3670 1211 3739 ἀγαθῶν
1296 3669 1613 3740 ἀρραϐῶνα,
1662 3671 1941 3743 παιδοτρί-

354 3764 496 3835 ϐην,
539 3764 633 3817 καὶ
686 3763 1029 3833 γυμναστην,
1090 3761 1203 3815 τῶν
1264 3764 1365 3831 τῆς
1406 3761 1690 3826 εὐσεϐείας
1738 3764 1940 3831 ἀγωνι-

356 3853 508 3925 στὴν,
551 3852 769 3922 φύλακα
798 3851 908 3904 τῶν
940 3851 1303 3905 πιστευόντων
1333 3852 1654 3922 ἀκοίμητον,
1688 3854 1803 3922 φῶς
1828 3852 1941 3908 τῶν

354 3946 692 4018 προσιόντων
722 3943 983 3998 ἀσϐεστόν
1006 3960 1067 3996 τε
1095 3943 1191 3997 καὶ
1215 3944 1538 4015 άνέσπερον,
1565 3943 1672 3999 τῶν
1691 3944 1941 4014 ψυχικῶν

353 4036 686 4109 τραυμάτων
721 4035 1085 4107 θεραπευτὴν,
1134 4034 1317 4105 ἰατρὸν
1342 4036 1452 4089 τῶν
1486 4036 1592 4089 ὑπὸ
1627 4037 1725 4107 τῆς
1756 4037 1940 4106 ἀμαρο

350 4130 475 4193 τίας
521 4128 821 4199 γινομένων
874 4128 1225 4199 τραυμάτων,
1268 4128 1575 4198 στρατηγὸν
1634 4128 1940 4199 ἀριστεύειν

353 4221 497 4277 κατά
526 4220 620 4275 τοῦ
657 4218 907 4273 διαϐόλου
939 4218 1283 4282 διδάσκοντα,
1320 4219 1660 4290 ὑποπτέρους
1688 4219 1813 4283 τοὺς
1842 4237 1942 4290 χα-

358 4313 645 4383 μαιπετεῖς
675 4309 1064 4381 εργαξόμενον,
1099 4308 1225 4373 τοὺς
1258 4310 1482 4379 γηῖνους
1520 4310 1619 4379 τὴν
1647 4308 1754 4364 τῶν
1776 4310 1941 4382 οὐρα-

353 4401 460 4457 νῶν
495 4401 769 4456 πολιτείαν
798 4401 1141 4465 παιδεύοντα,
1173 4405 1532 4473 καταφρονεῖν
1562 4401 1785 4473 σαρκὺς,
1816 4404 1931 4457 επι-

356 4494 637 4568 μελείσθαι
669 4494 868 4565 ψυχῆς,
924 4493 1206 4549 διαπτύειν
1257 4493 1326 4548 τά
1382 4494 1649 4565 παρόντα,
1689 4494 1940 4563 ἐφίεσθαι

354 4588 463 4642 τῶν
496 4587 819 4659 μελλόντων,
849 4587 985 4659 δρᾷν
1006 4586 1075 4640 τὰ
1096 4585 1522 4659 προσδοκώμενα
1559 4586 1648 4639 διὰ
1682 4586 1936 4650 πίστεως,

358 4681 523 4753 μηδὲν
547 4680 801 4750 ἡγεῖσθαι
829 4678 936 4732 τῶν
962 4680 1019 4732 ὲν
1052 4678 1131 4750 τῷ
1165 4678 1263 4749 βίῳ
1287 4677 1557 4747 λαμπρὸν,
1582 4678 1742 4748 δόξης
1769 4695 1940 4733 κατα-

354 4772 542 4843 γελᾷν,
573 4772 683 4825 τῶν
719 4770 815 4825 τοῦ
866 4770 1095 4824 πλούτου
1129 4770 1417 4841 ῥευμάτων
1460 4770 1754 4841 ὑπερορᾷν,
1786 4770 1938 4842 ὥραν

357 4865 611 4936 σώματος
658 4863 732 4926 ὼς
772 4862 930 4926 ἀνθος
979 4864 1112 4933 ὁρᾷν
1163 4862 1583 4933 μαραινόμενον,
1631 4860 1706 4933 μὴ
1753 4860 1944 4931 ἀλγεῖν

358 4956 709 5026 πενομένους,
752 4956 827 5025 μὴ
861 4954 1115 5008 ἀνιᾶσθαι
1146 4954 1453 5019 νοσοῦντας,
1484 4954 1695 5027 χαίρειν
1722 4955 1943 5009 ἀδικου-

361 5049 579 5121 μένους,
608 5046 1071 5116 λεηλατουμένους
1102 5047 1511 5116 εὐφραίνεσθαι,
1540 5048 1727 5118 φέρειν
1752 5065 1943 5118 καρτε-

362 5140 531 5211 ρικῶς
576 5140 643 5194 τὰ
687 5140 858 5199 δεινά,
909 5138 1308 5210 ὑπερεύχεσθαι
1340 5140 1448 5192 τῶν
1494 5139 1933 5205 ἀντιδικούντων,

433 5297 509 5383 (ἰ)
550 5298 869 5383 Perspicua,
907 5295 1054 5383 mira
1090 5311 1193 5383 ac"
1219 5298 1806 5383 peremptoriapyrilli
1825 5299 1937 5383 ,εἰο-

359 5364 534 5426 ctrina
575 5369 643 5422 de
683 5364 998 5420 naturarum
1044 5368 1096 5420 in
1134 5364 1353 5421 Christo
1379 5364 1771 5439 distinctione!
1824 5369 1934 5439 Ego

362 5454 493 5495 vero
536 5438 765 5494 lectores
810 5452 956 5491 meos
1002 5450 1327 5504 magnopere
1373 5438 1577 5503 hortor,
1622 5449 1679 5493 ut
1722 5438 1930 5493 editam

362 5511 502 5577 apud
535 5524 633 5564 nos
649 5506 844 5573 Script.
874 5505 1013 5571 νει,
1039 5516 1076 5561 t.
1106 5504 1403 5577 Yl,novatn
1430 5506 1721 5563 Theoriani
1752 5509 1928 5577 Gnaei

361 5576 483 5633 cum
516 5580 765 5648 Armentis
800 5577 1058 5648 Syrisque
1091 5576 1719 5648 Jacobitistheologicam
1755 5576 1931 5648 dispu-

365 5596 483 5633 ευιιι
516 5596 765 5633 Διίιιοιιιε
800 5596 969 5648 ογιίει
994 5596 1058 5631 ue
1091 5596 1349 5630 JaCODIUS
1366 5596 1719 5647 tnemogtcam
1755 5596 1837 5634 018
1879 5597 1931 5632 ιι-

365 5650 621 5703 tationem
665 5647 893 5714 adeant,
937 5596 1025 5701 uiti
1072 5662 1159 5701 res
1202 5649 1314 5702 [nec
1354 5647 1778 5705 luculentissime
1822 5596 1939 5705 iiiu-

364 5728 590 5776 διηιιιτ.

439 5788 514 5859 β)
558 5788 633 5843 En
664 5790 856 5844 anima:
884 5798 935 5843 et
966 5788 1207 5856 corporis
1236 5787 1289 5843 in
1320 5788 1475 5844 unico
1503 5789 1721 5845 homine
1752 5806 1941 5861 propo-

2039 3297 2364 3367 Assumptus
2412 3299 2595 3368 itaque
2647 3301 2699 3354 in
2749 3301 2947 3355 coelum
3016 3301 3270 3358 Christus
3340 3304 3627 3371 Dominus,

2037 3403 2206 3458 seque
2242 3388 2411 3444 veluti
2443 3392 2695 3445 humanae
2724 3392 2877 3461 pacis
2913 3407 3231 3462 sponsorem
3269 3394 3421 3450 Patri
3470 3399 3629 3452 exhi-

2038 3480 2193 3545 bens,
2251 3482 2415 3535 mittit
2464 3485 2531 3537 ad
2576 3483 2825 3539 homines
2860 3484 3100 3552 Spiritus
3138 3488 3313 3542 sancti
3368 3492 3626 3559 gratiam,

2037 3585 2135 3627 ceu
2157 3573 2448 3641 quamdam
2476 3576 2873 3643 promissorum
2910 3577 3174 3633 bonorum
3220 3582 3463 3647 arrham,
3515 3599 3631 3639 ma-

2038 3664 2290 3734 gistrum,
2323 3677 2685 3735 gymnastam,
2723 3668 2934 3735 piorum
2968 3672 3374 3739 agonothetam,
3410 3674 3629 3744 vigilem

2040 3754 2381 3809 credentium
2410 3758 2713 3821 custodem,
2751 3759 2929 3813 lumen
2964 3759 3337 3817 accedentium
3374 3764 3441 3817 ad
3467 3764 3629 3821 [idem

2040 3843 2484 3915 inexstinguibile
2536 3857 2592 3901 et
2649 3849 2873 3904 minime
2923 3850 3236 3917 occiduum,
3295 3854 3629 3922 spiritalium

2048 3938 2335 3993 vulnerum
2372 3950 2705 4005 curatorem,
2744 3941 3121 4011 impositarum
3153 3958 3184 3997 a
3222 3946 3463 4011 peccatis
3506 3947 3622 4011 pla-

2043 4045 2235 4099 garum
2268 4032 2540 4086 medicum
2574 4047 2589 4097 ;
2619 4032 2810 4086 ducem
2840 4033 2933 4101 qui
2984 4032 3214 4089 feliciter
3242 4050 3367 4091 cum
3416 4038 3632 4097 diabolo

2042 4136 2286 4193 pugnare
2312 4123 2495 4189 docet,
2526 4133 2580 4178 et
2629 4123 2975 4179 altivolantes
3010 4124 3299 4181 facientem
3343 4131 3434 4200 qui
3478 4132 3630 4187 humi

2042 4211 2332 4279 reptabant
2356 4229 2372 4275 ς
2407 4213 2497 4280 qui
2520 4224 2765 4267 terrenos
2793 4214 2859 4267 ad
2883 4213 3159 4269 ccclestem
3182 4208 3346 4272 vitam
3372 4219 3627 4287 instituit,

2045 4313 2211 4371 atque
2234 4312 2294 4357 ut
2315 4318 2536 4358 carnem
2569 4314 2941 4371 contemnant,
2973 4307 3168 4361 anima;
3195 4323 3380 4364 curam
3412 4325 3628 4380 gerant,

2044 4392 2332 4463 praesentia
2352 4396 2639 4463 despuant,
2664 4392 2862 4449 futuris
2882 4395 3109 4461 inhient,
3130 4412 3191 4452 ea
3216 4413 3335 4467 qua:
3356 4416 3451 4469 per
3463 4400 3628 4457 Iidem

2045 4494 2434 4552 exspectantur
2475 4499 2585 4553 prae
2626 4484 2803 4539 oculis
2837 4484 3094 4551 habeant,
3139 4487 3275 4542 nihil
3327 4489 3381 4543 in
3429 4492 3633 4549 mundo

2048 4576 2386 4644 splendidum
2438 4586 2652 4646 putent,
2707 4578 2938 4649 gloriam
2994 4579 3279 4648 irrideant,
3316 4582 3631 4640 divitiarum

2049 4673 2323 4722 torrentes
2378 4667 2705 4737 despiciant,
2752 4670 2997 4739 corporis
3037 4670 3495 4739 pulchritudinem
3532 4691 3630 4731 ceu

2044 4756 2231 4811 ﬂorent
2290 4759 2558 4813 caducum
2614 4769 2884 4829 spectent,
2933 4777 2998 4815 ne
3040 4762 3225 4831 inopes
3281 4764 3521 4834 doleant,
3565 4781 3634 4821 ne

2046 4846 2231 4914 egroti
2255 4860 2399 4916 agre
2422 4847 2621 4913 ferant,
2659 4859 2717 4902 ut
2749 4848 2861 4903 laesi
2893 4852 3187 4921 gaudeant,
3212 4854 3427 4921 spoliati
3456 4854 3638 4910 luteu-

2047 4945 2157 5003 tur,
2189 4936 2405 4993 fortiter
2427 4955 2696 4995 aerumnas
2722 4942 2975 5007 tolerent,
3007 4955 3164 4999 oreut
3202 4960 3300 5014 pro
3330 4946 3633 5003 adversan-

2045 5030 2218 5093 tibus,
2258 5030 2585 5085 benedicant
2644 5033 3118 5100 maledicentibus,
3161 5047 3323 5106 atque
3362 5040 3636 5095 omnimo-

2053 5122 2197 5187 dam,
2228 5132 2286 5176 ut
2308 5123 2478 5179 semel
2506 5124 2705 5191 dicam,
2740 5127 3137 5198 philosophiam
3170 5140 3471 5186 sectentur.
3508 5129 3635 5189 Haec

2043 5302 2207 5379 situm
2244 5312 2403 5379 recte
2444 5305 2779 5377 exemplum,
2823 5322 2929 5377 quo
2972 5322 3227 5379 perverse
3270 5310 3635 5367 abutebantur

2046 5371 2460 5445 Monophysitz.

2113 5444 2189 5515 (ὅ)
2233 5444 2520 5518 Sapienter
2560 5444 2701 5518 ha_nc
2742 5448 3009 5503 cautelam
3054 5460 3174 5518 post
3216 5460 3372 5506 natos
3412 5466 3633 5507 errores

2039 5515 2289 5590 exposcit
2319 5515 2582 5590 Cyl-illus:
2608 5516 2820 5590 Etenim
2841 5520 3011 5590 paulo
3044 5515 3170 5574 ante
3202 5519 3499 5590 Gregorius
3533 5520 3633 5575 Na-

2039 5586 2363 5659 aianzenus,
2383 5594 2523 5639 orat.
2552 5587 2643 5650 '58,
2673 5588 2760 5652 l3,
2790 5588 2878 5644 ed.
2908 5590 3135 5655 uoviss.,
3170 5602 3206 5643 t.
3237 5592 3279 5653 l,
3310 5586 3359 5659 β.
3389 5593 3516 5657 671,
3542 5594 3635 5646 δύο

2039 5654 2145 5733 huc
2171 5656 2447 5733 scribebat
2472 5658 2537 5710 de
2568 5654 3152 5733 Opere_iticarti_ationis
3177 5679 3189 5714 :
3217 5662 3279 5714 Ὢ
3306 5654 3405 5732 τῆς
3432 5654 3631 5733 καινῆς

2042 5723 2241 5794 μίξεως
2269 5726 2280 5777 !
2312 5723 2357 5777 ὣ
2387 5726 2485 5796 τῆς
2516 5723 2821 5798 παραδόξου
2854 5731 3142 5801 κράσεωςί
