4058 6328
470 427 607 482 N75

1504 417 1561 473 S.
1588 414 1865 472 CYRILLI
1907 408 2379 467 ALEXANDIUNI
2421 410 2744 467 ARCHIEP.

3587 405 3725 460 H76

465 546 649 598 docuit
708 542 942 611 Spiritus
986 540 1186 612 gratia,
1232 539 1347 594 haec
1390 538 1688 592 terram‘ac
1732 547 1881 587 mare
1914 546 2037 587 eru.

2149 529 2390 597 εὐλογεῖν
2420 531 2545 592 τοὺς
2574 525 3021 599 καταρωμένους,
3057 524 3152 578 καὶ
3184 525 3365 578 πᾶσαν
3390 521 3725 587 ἁπαξαπλῶς

464 639 700 699 diernnt,
740 637 853 689 haec
890 634 1053 688 etiam
1084 630 1303 687 barbari
1327 637 1453 700 post
1479 627 1560 683 sui
1607 624 1913 681 Servaloris
1944 623 2038 676 ad-

470 738 686 781 ventum
722 724 1190 793 philosophantur,
1222 721 1340 774 haec
1396 727 1555 772 terra:
1587 714 1915 772 continentis
1960 714 2042 767 in—

470 818 622 881 colae,
655 819 769 872 haec
799 816 1017 881 milites,
1051 815 1167 869 inec
1221 812 1317 883 qui
1363 820 1637 868 extremos
1668 807 1852 863 mundi
1907 805 2043 860 lines

473 908 733 964 habitant.

477 1200 715 1259 XXXIV.
734 1203 1045 1260 Aditortatio
1059 1203 1127 1257 ad
1145 1203 1371 1271 agendas
1398 1200 1617 1269 gratias,
1637 1208 1686 1253 et
1714 1215 1745 1252 a
1774 1200 2040 1267 superﬂua

924 1276 1227 1327 curiositate
1266 1271 1578 1325 dehortatio.

538 1387 885 1443 Celebretnus
916 1387 1099 1456 itaque
1126 1383 1597 1439 innumerabilium
1654 1383 1917 1436 bonorum
1946 1382 2041 1435 da-

471 1486 667 1544 torem,
698 1478 788 1549 qui
819 1478 887 1532 ab
909 1488 1153 1532 extrema
1194 1490 1405 1529 morum
1441 1474 1781 1528 absurditate
1808 1472 1875 1527 ad
1929 1472 2041 1541 pri-

470 1570 757 1640 migeniam
780 1584 879 1625 nos
912 1579 1163 1623 naturam
1188 1568 1479 1634 revocavit,
1502 1582 1646 1633 eum,
1681 1568 1921 1636 inquam,
1950 1566 2039 1635 qui

469 1671 692 1730 propter
719 1675 816 1717 nos
864 1674 1069 1729 pauper
1115 1668 1199 1714 est
1230 1657 1427 1722 factus,
1465 1668 1522 1711 ut
1576 1672 1675 1712 nos
1724 1667 2043 1727 paupertate

472 1751 640 1819 ipsius
656 1751 973 1805 ditaremur.
995 1749 1277 1819 Simulque
1307 1749 1586 1804 laudemus
1611 1764 1795 1803 verum
1810 1747 1977 1819 85,6
1992 1764 2041 1802 ns

2149 620 2465 690 φιλοσοφίαν
2499 619 2874 691 μεταδιώκειν.
2914 616 3099 671 Ταῦτα
3127 616 3364 682 ἐδίδαξεν
3393 617 3425 686 ἡ
3451 615 3610 685 χάρις
3631 613 3724 668 τοῦ

2150 712 2484 783 Πνεῦματος,
2531 710 2703 765 ταῦτα
2741 710 2843 780 γῆν
2891 706 3035 781 [cod.
3096 708 3154 761 δέ
3199 724 3300 778 pro
3332 706 3459 779 γῆν]
3504 706 3600 760 καὶ
3631 704 3725 759 θά-

2148 803 2346 857 λατταν
2386 803 2784 868 ἐξεπαίδευσεν,
2820 801 2993 855 ταῦτα
3022 802 3117 854 καὶ
3151 801 3418 871 βάρϐαροι
3461 798 3599 869 μετά
3627 796 3725 866 τὴν

2148 893 2241 946 τοῦ
2274 895 2524 965 Σωτῆρος
2557 893 2738 947 αὐτῶν
2772 890 3158 961 φιλοσοφοῦσιν
3204 890 3517 963 ἐπιδημίαν,
3552 888 3724 942 ταῦτα

2149 984 2489 1053 ἠπειρῶται,
2538 983 2713 1037 ταῦτα
2771 986 2818 1037 ol
2878 983 3226 1055 στρατιῶται,
3284 982 3459 1036 ταῦτα
3512 983 3561 1035 οί
3625 980 3724 1041 τὰς

2149 1076 2405 1144 ἐσχατιὰς
2442 1076 2538 1145 τῆς
2577 1074 2902 1145 οἰκουμένης
2939 1073 3230 1137 οἰκοῦντες.

2148 1208 2267 1264 ΛΔ’.
2310 1208 2621 1278 Προτροπὴ
2660 1210 3067 1291 εὐχαριστίας,
3110 1207 3208 1261 καί
3254 1206 3567 1275 ἀποτροπὴ
3617 1223 3719 1261 πε-

2822 1294 3123 1346 ριουσιας.

2232 1392 2652 1463 Ἀνυμνήσωμεν
2692 1392 2871 1444 τοίνυν
2904 1391 2994 1445 τὸν
3035 1389 3142 1442 τῶν
3176 1376 3468 1460 ἀμυθήτων
3507 1389 3723 1459 ἀγαθῶν

2148 1483 2404 1555 χορηγὸν,
2432 1484 2524 1537 τὸν
2551 1486 2615 1536 ἐκ
2642 1484 2738 1552 τῆς
2767 1483 3002 1552 ἐσχάτης
3034 1482 3253 1551 ἀλογίας
3287 1484 3365 1545 εἰς
3404 1483 3500 1553 τὴν
3534 1482 3725 1553 προτέ-

2152 1593 2247 1645 ραν
2291 1576 2435 1646 ήμᾶς
2480 1576 2641 1643 φύσιν
2690 1574 3129 1642 ἐπαναγαγόντα,
3174 1574 3266 1627 τὸν
3302 1574 3368 1627 δι’
3404 1576 3549 1643 ἡμᾶς
3588 1591 3726 1627 πτω-

2149 1666 2437 1736 χεύσαντα,
2478 1667 2565 1719 ἶνα
2592 1668 2751 1737 ἡμεῖς
2800 1669 2866 1737 τῇ
2893 1665 3103 1718 ἐκείνου
3138 1666 3385 1735 πτωχείίι⁵
3415 1664 3727 1734 πλουτήσωο

2150 1773 2285 1827 μεν·
2312 1758 2407 1811 καὶ
2464 1757 2561 1810 σὺν
2609 1756 2759 1827 αὐτῷ
2791 1758 2881 1810 τὸν
2924 1758 3145 1827 γνήσιον
3178 1755 3342 1809 αὑτοῦ
3383 1755 3624 1826 Πατέρα,
3666 1742 3731 1818 δέ

473 1840 642 1907 ipsius
694 1840 931 1904 Patrem,
974 1841 1064 1909 qui
1103 1848 1381 1910 tantopere
1424 1839 1683 1893 mundum
1743 1839 1932 1893 dilexit
1981 1848 2036 1891 ut

2147 1849 2318 1913 οὕτως
2351 1850 2606 1922 ἠγάπησε
2649 1849 2742 1902 τὸν
2790 1849 3014 1920 κόσμον,
3069 1849 3145 1911 ὼς
3190 1848 3375 1901 δοῦναι
3423 1849 3517 1901 τὸν
3570 1865 3726 1919 μονο-

473 1930 662 1983 Filium
686 1946 841 1984 suum
878 1931 1217 2000 unigenitum
1254 1945 1353 1999 pro
1396 1944 1461 1985 eo
1509 1929 1742 1989 dederit.
1774 1940 1831 1983 ut
1864 1929 2037 1984 omnis

2152 1942 2282 2012 γενῆ
2329 1939 2490 1995 αὑτοῦ
2539 1941 2663 1994 Υἱὸν
2721 1941 2862 2011 ὑπὲρ
2887 1937 3075 2003 αὑτοῦ,
3106 1940 3193 1993 ἵνα
3234 1940 3340 2004 πᾶς
3377 1942 3406 1993 ὁ
3458 1940 3725 1994 πιστεύων

470 2024 560 2089 qui
603 2020 780 2076 credit
810 2023 863 2076 in
914 2023 1113 2090 ipsum,
1141 2036 1247 2075 non
1278 2030 1481 2089 pereat,
1517 2022 1611 2074 sed
1639 2020 1836 2075 habeat
1876 2020 2040 2073 vitam

470 2120 725 2164 mternam
756 2111 801 2144 "
838 2129 853 2178 ;
889 2126 1117 2180 cumque
1140 2112 1300 2166 Patre
1331 2126 1394 2165 ac
1436 2110 1573 2166 Filio
1603 2121 1847 2166 sanctum
1879 2111 2046 2179 Spirid

474 2211 584 2253 tuin
622 2216 777 2271 aque
838 2202 1138 2265 laudemus,
1188 2204 1239 2256 in
1294 2203 1446 2271 cujus
1498 2204 1714 2257 nomine
1762 2204 2042 2270 baptizati,

470 2291 593 2344 doni
621 2292 837 2344 arrham
869 2292 1168 2362 accipimus
1201 2308 1214 2356 ;
1250 2307 1279 2344 a
1313 2306 1419 2361 quo
1444 2302 1641 2347 nostra:
1693 2294 1890 2347 animae
1922 2293 2043 2348 illu-

469 2382 764 2446 minantur,
814 2397 843 2435 a
895 2398 1002 2451 quo
1053 2384 1448 2439 incarnationis
1487 2399 1622 2453 opus
1672 2384 1952 2448 docemur,
1988 2394 2044 2440 et

470 2470 522 2525 in
558 2471 823 2540 theologia
869 2472 1229 2535 instituitnur,
1296 2488 1391 2541 per
1434 2489 1592 2544 quem
1627 2490 1655 2527 a
1692 2490 1901 2529 morum
1937 2477 2041 2529 im-

469 2563 799 2629 portunitate
824 2577 1094 2627 arcemur,
1129 2579 1225 2632 per
1250 2579 1406 2633 quem
1434 2567 1667 2634 denique
1692 2582 1878 2622 errore
1904 2566 2041 2621 libe-

471 2654 572 2707 rati
640 2654 929 2708 veritatem
960 2655 1299 2723 agnovimus.
1359 2654 1441 2709 Ab
1505 2656 1802 2726 indaganda
1858 2668 2039 2712 autem

469 2743 691 2813 ingeniti
731 2753 923 2797 natura
983 2758 1283 2813 cessemus,
1314 2754 1494 2800 utrum
1526 2747 1641 2815 ipse
1679 2748 1751 2801 sit
1779 2748 1949 2804 bonus
1976 2764 2042 2804 ac

466 2833 662 2904 justus,
697 2843 752 2888 et
778 2842 958 2889 utrum
1000 2835 1113 2889 ﬁeri
1175 2835 1346 2905 possit
1398 2846 1456 2890 ut
1510 2839 1632 2905 quis
1686 2854 1792 2893 non
1828 2840 2041 2909 genitus

467 2940 568 2979 nec
618 2924 795 2979 iactus
841 2927 1089 2982 exsistat.
1147 2928 1439 2983 Cessemus
1492 2931 1619 2984 item
1668 2944 1698 2983 a
1747 2931 2039 2985 scrutanda

468 3014 743 3080 Unigeniti
786 3016 1144 3085 generatione
1186 3016 1411 3086 ejusque
1444 3018 1653 3073 ratione
1685 3021 2038 3088 exquirenda,

470 3121 569 3161 nec
600 3108 665 3160 de
704 3106 945 3176 ingenito
994 3108 1283 3176 genitoque
1331 3110 1707 3177 dijudicemus,
1758 3122 1851 3165 aut
1896 3114 2039 3182 quod

2161 2034 2242 2096 εἰς
2288 2033 2448 2085 αὑτὸν
2495 2032 2570 2103 μὴ
2615 2032 2904 2102 ἀπόληται,
2966 2030 3084 2083 ἀλλ’
3124 2032 3224 2103 ἔχῃ
3278 2031 3421 2103 ζωὴν
3475 2031 3722 2086 αἰώνιον*

2152 2126 2251 2178 καὶ
2299 2126 2395 2178 σὺν
2449 2126 2626 2194 Πατρὶ
2677 2124 2772 2178 καὶ
2816 2124 2930 2193 Υἱῷ
2987 2125 3047 2177 τὸ
3086 2123 3309 2194 Πνεῦμα
3349 2125 3409 2177 τὸ
3451 2125 3627 2193 ἅγιον,
3669 2128 3727 2178 ἐν

2152 2208 2198 2282 ᾧ
2248 2214 2631 2284 βαπτιζόμενοι
2674 2215 2762 2268 τὸν
2821 2216 2919 2285 τῆς
2966 2214 3175 2285 δωρεᾶς
3224 2216 3519 2285 ἀρραϐῶνα
3584 2215 3726 2286 λαμ-

2152 2308 2421 2377 ϐάνομεν·
2457 2307 2524 2359 δι’
2571 2300 2632 2359 οῦ
2681 2308 2779 2371 τὰς
2812 2307 2992 2376 ψυχὰς
3033 2308 3392 2377 φωτιζόμεθα,
3429 2308 3496 2361 δι’
3534 2302 3595 2362 οὗ
3628 2308 3727 2379 τὴν

2149 2396 2463 2465 οἰκονομίαν
2496 2395 2885 2464 διδασκόμεθα,
2920 2395 2986 2448 δι’
3021 2390 3082 2448 οῦ
3126 2397 3222 2466 τὴν
3276 2397 3549 2465 θεολογίαν
3594 2417 3726 2452 παι-

2148 2484 2434 2555 δευόμεθα,
2467 2485 2531 2538 δι’
2571 2478 2630 2537 οῦ
2663 2485 2763 2555 τῆς
2801 2486 3026 2554 ἀλογίας
3053 2488 3528 2559 ἀπαλλαττόμεθα.
3563 2489 3629 2543 δι’
3664 2484 3725 2544 οὗ

2150 2580 2246 2650 τῆς
2273 2577 2479 2647 πλάνης
2504 2576 2979 2647 ἠλευθερώθημεν,
3013 2580 3105 2631 καὶ
3147 2581 3243 2651 τὴν
3279 2581 3533 2652 ἀληθειαν
3558 2583 3727 2651 ἔγνω.

2150 2687 2270 2739 μεν.
2307 2671 2416 2723 Καὶ
2449 2669 2785 2739 παυσώμεθα
2814 2670 2914 2739 τὴν
2943 2671 3105 2738 φύσιν
3144 2673 3725 2743 πολυπραγμονοῦντες

2147 2762 2240 2815 τοῦ
2270 2763 2584 2832 ἁγεννήτου,
2620 2763 2667 2813 εἰ
2703 2763 2794 2814 καὶ
2828 2762 2989 2826 αὐτὸς
3017 2764 3219 2831 ἀγαθὸς
3258 2768 3350 2818 καὶ
3380 2766 3605 2831 δίκαιος,
3632 2769 3724 2821 καὶ

2148 2856 2195 2905 εἰ
2236 2848 2344 2905 οἷόν
2377 2870 2436 2905 τε
2480 2850 2617 2906 εἷναί
2653 2871 2774 2906 τινα
2817 2855 2891 2924 μὴ
2935 2856 3261 2926 γεννηθέντα
3312 2858 3344 2927 ἢ
3398 2860 3720 2929 γενόμενον·

2150 2943 2488 3013 παυσώμεθα
2516 2946 2615 3012 τὴν
2649 2944 2902 3014 γέννησιν
2931 2946 3385 3018 περιεργάζεσθαι
3418 2948 3511 3001 τοῦ
3555 2952 3723 3004 Mavo-

2148 3035 2358 3104 γενοῦς,
2394 3037 2488 3089 καὶ
2518 3036 2608 3088 τὸν
2647 3036 2837 3105 τρόπον
2878 3036 3281 3107 ἐπιζητοῦντες,
3319 3042 3410 3093 καὶ
3445 3043 3723 3113 ἀγεννήτῳ

2149 3128 2245 3179 atat
2287 3126 2531 3196 γεννητῷ
2577 3127 2909 3194 διαιτῶντες,
2965 3129 3059 3182 καὶ
3099 3130 3422 3201 μετροῦντες
3468 3134 3535 3187 τά
3584 3136 3723 3204 ἀμέ-

470 3195 911 3250 iuimensnrabile
962 3206 1045 3251 est
1104 3197 1476 3254 dimetiamur.
1533 3200 1821 3257 Cessemus
1854 3218 1883 3256 a
1921 3218 2037 3258 ma-

2147 3229 2339 3285 τρητα⁶
2403 3213 2738 3285 παυσώμεθα
2804 3217 2989 3279 κακῶς
3039 3218 3410 3287 ἀνιχνεύοντες
3470 3221 3567 3291 τὴν
3628 3223 3721 3277 τοῦ

469 3286 645 3340 litiose
690 3285 1011 3355 vestiganda
1071 3286 1311 3355 Spiritus
1363 3292 1730 3357 processione,
1767 3307 1943 3364 neque
1976 3310 2038 3350 ea

470 3376 675 3431 discere
707 3375 1043 3438 studeamus,
1071 3392 1192 3446 quae
1212 3376 1310 3432 soli
1338 3379 1488 3433 Patri
1514 3390 1567 3435 et
1585 3382 1721 3437 Filio
1757 3393 1811 3440 et
1850 3399 2040 3442 sancto

470 3463 695 3533 Spiritui
727 3474 852 3520 nota
903 3474 1049 3520 sunt.
1082 3466 1134 3520 In
1176 3466 1264 3533 iis,
1294 3482 1429 3537 quos
1489 3472 1811 3541 recepimus,
1843 3476 2041 3533 ﬁnibus

472 3571 784 3610 maneamus
814 3574 828 3610 :
859 3570 927 3610 ne
958 3557 1235 3622 terminos,
1260 3574 1395 3626 quos
1428 3569 1609 3629 patres
1637 3565 1807 3619 nostri
1846 3581 2041 3634 posue-

473 3658 617 3709 runt,
643 3650 1059 3704 transferamus.
1085 3649 1305 3705 Tradita
1336 3652 1491 3707 nobis
1510 3668 1539 3706 a
1569 3654 1770 3725 Spiritu
1794 3657 2039 3715 doctrina

471 3740 711 3792 contenti
734 3740 932 3795 simus;
961 3738 1039 3794 Ne
1065 3742 1290 3795 velimus
1331 3741 1481 3798 Pauli
1534 3746 1818 3801 scientiam
1874 3764 2039 3821 supe-

472 3846 617 3895 rare,
644 3832 737 3899 qui
767 3846 832 3885 ex
855 3841 1009 3901 parte
1039 3833 1218 3887 aiebat
1257 3848 1315 3887 se
1336 3848 1688 3903 cognoscere,
1717 3850 1772 3894 et
1797 3857 1861 3895 ex
1888 3856 2039 3913 parte

473 3924 819 3989 prophetare,
859 3932 916 3977 et
962 3922 1018 3976 in
1070 3925 1290 3993 speculo
1333 3935 1385 3979 et
1415 3929 1699 3997 amigmate
1755 3934 2036 3991 veritatem

470 4012 653 4065 videre
688 4012 755 4065 “.
788 4012 1175 4082 Exspectemus
1218 4027 1552 4084 speratorum
1601 4023 1862 4078 bonorum
1913 4042 2039 4097 pos-

469 4116 700 4157 sessum.
762 4102 913 4157 Tunc
964 4106 1203 4173 perfecte
1240 4122 1650 4178 cognoscemus,
1698 4129 1820 4171 cum
1865 4132 2041 4189 neque

466 4189 723 4256 iactantia
749 4192 903 4248 nobis
931 4195 1173 4261 nocebit,
1199 4211 1370 4265 neque
1399 4201 1652 4268 superbia
1703 4219 1800 4260 nos
1847 4211 2039 4277 praeci-

473 4284 612 4351 pites
671 4292 815 4352 aget,
875 4284 969 4340 sed
1018 4287 1271 4354 passione
1309 4290 1454 4343 omni
1503 4303 1755 4361 expertes
1811 4299 2034 4356 erimus.

472 4373 610 4444 Ergo
642 4377 890 4442 praesenti
925 4386 1165 4445 tempore
1188 4379 1242 4434 in
1274 4380 1534 4437 doctrinis
1566 4384 1730 4457 847
1748 4404 1797 4441 m
1824 4402 2036 4461 patrum

474 4477 779 4535 perstemus
809 4484 825 4525 :
865 4483 930 4523 ne
968 4468 1171 4536 majora
1200 4469 1338 4525 forte
1375 4488 1702 4544 quaerentes,
1741 4483 2038 4545 minoribus

530 4642 574 4675 "
600 4641 758 4698 Joan.
789 4657 872 4707 ιιι,
908 4642 997 4697 16.
1073 4646 1116 4677 ’⁸
1138 4646 1159 4700 ι
1182 4648 1308 4704 Cor.
1341 4664 1459 4715 xm,
1492 4653 1551 4709 9.

2150 3306 2466 3377 Πνεῦματος
2508 3305 2755 3377 πρόοδον,
2802 3308 2898 3360 καὶ
2939 3309 3229 3378 ζητοῦντες
3266 3314 3470 3383 μαθεῖν
3501 3314 3536 3368 ἃ
3577 3317 3721 3386 μόνῳ

2148 3400 2324 3469 Πατρί
2354 3400 2450 3452 καὶ
2480 3398 2594 3468 Υἱῷ
2628 3400 2731 3452 καὶ
2757 3401 2897 3471 ἁγίῳ
2918 3402 3196 3473 Πνεῦματι
3213 3405 3461 3477 γνώριμα
3493 3410 3606 3477 (1)·
3632 3411 3723 3480 ip.-

2151 3489 2423 3559 μείνωμεν
2450 3482 2531 3551 οἷς
2559 3488 2825 3559 ἐλάϐομεν
2854 3491 3000 3560 ὅροις
3020 3509 3033 3522 ·
3057 3492 3130 3564 μὴ
3162 3495 3284 3563 ὅρια
3311 3498 3721 3568 μετενέγκωμεν

2148 3580 2183 3633 ἃ
2210 3579 2395 3632 ἔθεντο
2432 3582 2482 3633 οἰ
2514 3580 2759 3649 Πατέρες
2792 3580 2950 3651 ἡμῶν
2976 3599 2990 3613 ’
3023 3584 3381 3655 ἀρκεσθῶμεν
3407 3590 3472 3659 τῇ
3506 3589 3719 3662 δοθείσῃ

2148 3668 2463 3739 διδασκαλία
2516 3668 2665 3739 παρὰ
2699 3667 2792 3721 τοῦ
2837 3669 3172 3741 Πνεύματος.
3222 3674 3312 3742 Μὴ
3370 3674 3718 3747 βουληθῶμεν

2149 3760 2448 3831 ὑπερϐῆναι
2481 3760 2692 3813 Παύλου
2723 3760 2822 3831 τὴν
2847 3762 3067 3829 γνῶσιν,
3097 3763 3156 3827 ὃς
3184 3765 3247 3817 ἐκ
3280 3766 3478 3836 μέρους
3510 3767 3612 3838 ἔφη
3641 3786 3721 3837 γι-

2146 3850 2395 3914 νώσκειν,
2420 3852 2513 3904 καὶ
2542 3852 2607 3903 ἐκ
2634 3851 2829 3921 μέρους
2856 3853 3241 3923 προφητεύειν,
3272 3858 3366 3909 καὶ
3392 3859 3448 3910 ἐν
3470 3858 3717 3932 ἐσόπτρῳ

2149 3940 2363 4010 βλέπειν
2387 3939 2479 3993 καὶ
2510 3943 2568 3993 ἐν
2590 3941 2870 4011 αἰνίγματι
2899 3942 2995 4012 τὴν
3011 3942 3268 4013 ἀλήθειαν
3289 3945 3361 4015 (2)
3381 3965 3396 3981 ο
3417 3948 3717 4014 ἀναμείνω-

2150 4020 2249 4103 μεν
2268 4033 2374 4085 τῶν
2400 4031 2767 4101 ἐλπιζομένων
2782 4032 3003 4099 ἀγαθῶν
3029 4034 3123 4102 τὴν
3148 4035 3466 4092 ἀπόλαυσιν.
3491 4039 3623 4093 Τότε
3650 4040 3717 4094 τὰ

2146 4125 2325 4178 τέλεια
2373 4122 2749 4193 μαθησόμεθα,
2781 4124 2868 4176 ὅτε
2904 4123 2972 4176 δι’
3016 4124 3331 4190 ἀλαζονείας
3372 4128 3432 4181 οὑ
3466 4129 3716 4200 βλαϐησόη

2150 4215 2309 4287 μεθα,
2360 4216 2446 4269 ὅτε
2497 4216 2564 4268 δι’
2604 4215 2978 4295 ὑπερηφανίας
3028 4218 3089 4270 οὐ
3140 4220 3472 4290 πεσούμεθα,
3523 4224 3612 4276 ὅτε
3654 4225 3714 4277 ἐν

2145 4306 2383 4379 ἀπαθείᾳ
2414 4307 2740 4378 βιωσόμεθα.
2773 4310 2983 4364 Οὐκοῦν
3008 4312 3066 4365 ἐν
3094 4311 3171 4383 τῷ
3197 4314 3424 4384 παρόντι
3461 4319 3580 4381 ταῖς
3606 4316 3713 4373 τῶν

2146 4402 2396 4472 πατέρων
2448 4402 2815 4468 διδασκαλίαις
2859 4405 3238 4477 ἐμμείνωμεν,
3287 4406 3375 4461 ἵνα
3418 4407 3493 4480 μὴ
3546 4408 3712 4478 μείζω

2148 4492 2455 4563 ζητοῦντες,
2488 4493 2582 4546 καὶ
2607 4494 2715 4548 τῶν
2743 4494 3040 4551 ἐλαττόνων
3063 4496 3385 4568 ἐκπέσωμεν
3402 4516 3415 4530 ·
3447 4498 3477 4552 ὃ
3506 4499 3710 4555 πέπον·

539 4802 873 4902 gflml’ficfﬁgs
899 4807 1712 4902 έβιέίξξξςῖξίξερῇίμιξ-Ὲςιξίξ
1754 4816 1940 4902 liful-0,
2064 4823 2107 4878 D
2136 4820 2359 4902 clesiam
2407 4822 2688 4902 invehunt.
2731 4828 2911 4902 Quid!
2947 4827 3136 4902 Nonne
3176 4834 3276 4902 ipsi
3319 4835 3421 4892 hoc
3463 4837 3712 4893 instituto

471 4876 848 4969 ἓξῖξξοεξιειξο
865 4876 984 4969 "13f
1230 4876 1707 4969 _‘f1_'g€ff_‘ll_'at:tatu
1718 4963 1727 4969 Δ
1750 4887 1888 4969 apud
1929 4876 2032 4940 nos
2065 4876 2094 4878 _
2137 4876 2235 4945 suo
2267 4876 2449 4969 ﬁdem,
2479 4876 3421 4969 ιὸιιῖιέίὲεῦιξῖἆιῖιέ

470 4943 642 5021 Scrip.
662 4956 781 5011 τοίη
800 4959 837 5001 ι.
857 4944 973 5021 ΔΥΙΙ,
999 4943 1054 5017 p.‘
1078 4948 1343 5021 5l9,_pari
1371 4954 1633 5021 sententia
1663 4953 1761 5006 ait:
1784 4943 2030 5021 Utinam,

468 5024 524 5066 ut
551 5014 720 5087 luerat
748 5014 1020 5087 traditum,
1047 5033 1166 5072 cum
1197 5014 1355 5071 Patre
1380 5028 1429 5072 et
1456 5019 1599 5074 Filio
1630 5021 1885 5087 Spiritum
1914 5014 2031 5077 san;

467 5093 607 5163 ctum
634 5085 937 5163 simgliciter
951 5088 1288 5163 credidissent
1309 5090 1520 5163 illi._qui
1542 5085 1875 5163 postmodum
1894 5110 2032 5163 quee-

467 5154 683 5229 stiongm
723 5155 787 5229 de
824 5156 1032 5229 Spiritu
1071 5154 1553 5229 induxerunt."ut,
1593 5174 1749 5229 puta,
1794 5154 2034 5216 Macedo-

468 5226 641 5298 niani,
672 5225 749 5277 vel
788 5240 964 5279 eorum
1000 5228 1053 5279 in
1089 5228 1185 5280 hac
1222 5230 1524 5283 curiositate
1562 5225 1860 5298 participes.
1894 5233 2031 5285 Dum

466 5293 602 5346 enim
642 5308 881 5367 quierunt
923 5305 969 5348 et
1015 5298 1133 5359 isti,
1174 5299 1344 5364 qualis
1390 5310 1464 5367 est
1507 5293 2032 5367 Spiritus'sauctsts?

468 5366 604 5439 unde
636 5365 751 5439 esti
768 5374 996 5439 quantus
1030 5367 1141 5439 est?
1171 5379 1324 5421 natus
1360 5365 1470 5424 est?
1502 5365 1570 5423 an
1606 5370 1775 5439 factus
1814 5373 1928 5427 est?
1954 5375 2032 5427 sic

468 5434 654 5509 iterum
679 5434 946 5509 sciderunt
967 5437 1237 5509 populum,
1260 5447 1307 5491 et
1334 5455 1463 5504 vere,
1490 5434 1772 5509 secundum
1796 5441 2030 5509 Apostoli

467 5505 684 5569 dictum,
715 5504 1146 5560 interminabilem
1173 5510 1509 5575 qutrstionem
1539 5507 1789 5564 Ecclesiis
1818 5504 2033 5566 induxe-

468 5584 611 5635 runt,
638 5586 743 5629 etc.

537 5643 613 5711 (2)
648 5644 915 5721 _A_ugd_iant_
918 5644 1377 5721 lme__immodicae_
1398 5658 1452 5703 et
1491 5650 1642 5719 quasi
1679 5665 1908 5706 meracae
1942 5652 2033 5721 (ut

469 5710 598 5767 cum
646 5710 820 5769 Tullio
866 5714 1308 5788 _Tertullianoque
1368 5710 1591 5788 loquar)
1648 5710 2031 5775 rationalitatis

470 5793 761 5848 amatores,
787 5784 879 5854 qui
911 5794 1108 5841 tantam
1138 5784 1296 5842 astate
1324 5784 1503 5843 nostra
1532 5784 1824 5860 perniciem
1854 5791 1905 5845 in
1934 5790 2026 5845 Ec-

2139 4962 2502 5037 apostolisque
2536 4962 2869 5037 praejactu'm,
2908 4971 3150 5028 funditus
3185 4962 3714 5035 subrunnthoiiue

2142 5032 2656 5113 incautosasseclas
2673 5041 2740 5093 ad
2768 5039 3127 5113 gentilitatem
3154 5045 3234 5097 vel
3266 5047 3445 5113 potius
3471 5050 3536 5101 ad
3566 5032 3714 5105 athe:

2144 5102 2337 5188 ismum
2366 5104 2429 5188 vi
2445 5102 2804 5188 pertrahunt?
2830 5108 3132 5188 Nihil‘ergo
3163 5102 3358 5188 divina:
3390 5102 3713 5188 Scriptura;

2142 5172 2619 5250 nihilnsanctorum
2649 5177 2870 5250 Patrum
2904 5172 3112 5236 inﬁnita
3144 5184 3435 5250 volumina,
3470 5172 3604 5243 nihil
3639 5172 3715 5243 tet

2142 5242 2571 5323 proﬁbristiana
2600 5249 2859 5317 religione
2885 5252 3143 5323 apologize
3167 5242 3483 5321 eﬁ‘ecerunt,
3519 5262 3615 5314 sed
3646 5242 3711 5313 ad

2142 5312 2449 5399 barbariem
2479 5331 2677 5399 rursus
2702 5312 2775 5399 'ac
2806 5312 3072 5399 tenebras
3103 5325 3155 5379 in
3181 5333 3363 5399 tanta,
3402 5312 3716 5399 .u'iéii‘po’,

2142 5390 2311 5468 ﬁnit,-
2332 5385 2539 5468 steculir
2556 5388 2725 5468 nostri
2769 5391 3029 5468 civilitate
3070 5409 3134 5447 ac
3179 5385 3717 5468 luceregrediinuri

2142 5451 2406 5532 Equidem
2432 5455 2627 5532 divinis
2658 5464 3034 5532 perpetuitatis
3068 5464 3348 5532 promissis
3378 5451 3717 5526 ﬁrmiter—ui;

2144 5524 2348 5611 timur}
2377 5524 2441 5579 de
2469 5525 2554 5580 illa
2582 5524 3047 5611 tarnen'Ecclesim
3068 5524 3473 5611 "tranquillitate,
3491 5556 3554 5595 ac
3583 5524 3713 5611 paco

2141 5592 2519 5680 §9!'.ll0i_l.amu[.l
2552 5614 2671 5667 qua:
2705 5609 3072 5680 poter_at_ess_e
3108 5592 3363 5680 coniinua
3384 5649 3399 5675 ,
3434 5592 3714 5680 citari);

2140 5663 2439 5785 :tirle:ilium
2468 5663 2725 5724 libroruin
2759 5672 3083 5730 turbulentis
3111 5687 3164 5732 et
3194 5663 3605 5748 importunitate
3630 5663 3712 5738 Ei-

2169 5748 2196 5785 c
2231 5751 2259 5785 e
2291 5771 2303 5784 .

2169 5748 2303 5787 υτθι.
