4058 6328
319 446 455 501 1477

1500 433 1587 485 ΗΕ
1631 422 2153 484 ΙἎΒΑΗΝᾹΤΙΟΝΕ
2195 427 2451 481 υΟΜΙΝΙ.

3476 428 3618 488 H78

314 559 408 612 θεν
439 564 465 612 ὁ
494 553 792 626 προπάτωρ
841 552 1007 623 Ἀδάμ
1027 569 1040 581 ·
1072 550 1162 605 καὶ
1193 547 1300 620 γὰρ
1337 547 1542 608 ἐκεῖνος
1571 544 1902 615 ἐπιθυμήσας

2021 558 2239 614 quoque
2316 542 2638 598 excidamus
2692 559 2706 597 :
2759 545 2903 612 quod
2987 547 3305 614 progenitor
3372 547 3620 602 Adamus

260 694 270 701 .
322 648 581 718 γενέσθαι
623 646 790 711 Θεὸς,
827 647 921 698 καὶ
960 639 1203 697 τὸεῖναι
1256 638 1419 694 εἰκὼν
1464 637 1601 691 Θεοῦ
1658 653 1906 709 προσαπ-

318 737 426 792 ὡλε
435 756 491 792 σε
503 780 514 792 .

316 851 441 905 ΛΕ¹.
490 852 621 903 Ὅτι
658 849 775 920 χρὴ
816 848 1111 903 Θεοτόκον
1156 844 1255 898 καὶ
1306 842 1761 912 ἀνθρωποτόκον
1809 838 1910 895 λέ-

1046 933 1192 986 τείν.

389 1030 583 1083 Τοίνυν
620 1029 748 1099 περὶ
792 1028 891 1100 τὴν
945 1028 1225 1095 θεολογίαν
1276 1026 1468 1097 μηδεὶς
1517 1026 1776 1079 ἀπιστίαν
1820 1042 1907 1079 νο·-

320 1122 501 1187 σείτω,
552 1122 739 1192 μηδεὶς
793 1122 917 1192 περὶ
947 1122 1046 1190 τὴν
1074 1119 1387 1189 οἰκονομίαν
1426 1118 1735 1189 χωλευέτω,
1772 1118 1909 1172 ἀλλὰ

315 1214 407 1265 τὸν
439 1215 502 1266 ἐκ
534 1212 812 1283 Παρθένου
840 1212 1167 1281 γεννηθέντα
1200 1214 1455 1283 Χριστὸν,
1488 1211 1619 1263 Θεὸν
1646 1211 1783 1281 ὁμοῦ
1816 1212 1908 1265 καὶ

316 1305 608 1375 ἄνθρωπον
642 1304 970 1375 ὀμολογείτω
1010 1304 1133 1356 καθ’
1166 1305 1430 1373 ἑκάτερον
1452 1322 1464 1333 ·
1493 1303 1580 1356 διὰ
1613 1303 1772 1357 τοῦτο
1800 1303 1907 1374 γὰρ

318 1396 415 1448 καὶ
441 1396 705 1459 Θεοτὸκος
736 1396 830 1448 καὶ
860 1395 1273 1464 ἀνθρωττοτόκος
1301 1395 1375 1465 (l)
1404 1398 1435 1465 ή
1472 1396 1600 1462 ἁγία
1633 1396 1908 1465 Παρθένος

316 1489 423 1541 ὑπὸ
454 1489 560 1567 τῷν
592 1492 688 1559 τῆς
729 1488 1011 1549 εὐσεϐείας
1042 1487 1376 1539 διδασκάλων
1404 1488 1904 1558 προσαγορεύεται·

314 1580 473 1635 τοῦτο
506 1581 603 1651 μὲν
634 1581 708 1643 ὼς
753 1581 912 1648 φύσει
945 1580 1035 1631 τὸν
1060 1577 1273 1649 [δούλῳ]
1310 1580 1524 1632 ἐοικότα
1560 1580 1903 1648 γεννήσασα·

314 1676 493 1727 ἐκεῖνο
522 1672 599 1736 δὲ,
634 1671 709 1733 ὡς
730 1672 829 1741 τῆς
858 1670 950 1723 τοῦ
982 1671 1169 1723 δούλου
1218 1672 1455 1741 μορφῆς,
1505 1673 1597 1725 καὶ
1627 1671 1763 1724 Θεοῦ
1809 1672 1906 1740 τὴν

315 1763 530 1833 μορφὴν
569 1762 854 1833 ἡνωμένην
885 1761 1115 1831 ἐχούσης
1194 1762 1337 1816 οὕτω
1372 1764 1460 1816 διὰ
1486 1764 1761 1832 θεολογίας
1812 1766 1907 1817 καὶ

310 1854 624 1923 οἰκονομίας
663 1854 753 1907 τὸν
784 1854 845 1906 τὸ
888 1854 1186 1924 μυστήριον
1227 1856 1358 1924 ἡμῖν
1391 1855 1451 1907 τὸ
1481 1856 1905 1927 ἀποκεκρυμμέ-

310 1964 399 1999 νον
430 1946 777 2016 γνωρίσαντα
816 1947 1237 2016 ἀνυμνήσωμεν,
1268 1948 1362 2000 καὶ
1404 1948 1490 2001 διὰ
1530 1948 1630 2017 τῆς
1658 1947 1753 2000 τοῦ
1788 1949 1901 2018 βίου

310 2035 685 2105 καθαρότητος
714 2034 875 2097 ναοὺς
922 2036 1149 2097 ἑαυτοὺς
1178 2036 1255 2106 τῷ
1292 2035 1411 2105 Θεῷ
1456 2039 1897 2092 κατασκευάσαν-

308 2143 398 2188 τες
450 2127 549 2194 (Ξ),
601 2127 805 2180 ἔνοικον
850 2127 1011 2179 αὑτὸν
1046 2126 1337 2197 λάϐωμεν·
1376 2129 1471 2182 καὶ
1519 2131 1641 2191 ταῖς
1686 2130 1904 2183 ἀκτῖσιν

308 2216 475 2269 αὑτοῦ
512 2216 893 2286 φωτιζόμενοι,
936 2217 1011 2280 ὡς
1058 2218 1115 2269 ὲν
1145 2217 1327 2288 ἡμέρᾳ
1355 2219 1710 2291 εὐσχημόνως
1743 2238 1904 2289 περι-

303 2309 663 2376 πατήσωμεν,
722 2307 1144 2377 προσδεχόμενοι
1214 2308 1311 2378 τὴν
1362 2310 1644 2380 μακαρίαν
1710 2310 1902 2364 ἐλπίδα

306 2398 402 2452 καὶ
426 2398 750 2466 ἐπιφάνειαν
778 2397 879 2467 τῆς
904 2399 1063 2467 δόξης
1102 2397 1197 2450 τοῦ
1240 2401 1476 2469 μεγάλου
1504 2400 1639 2453 Θεοῦ
1670 2402 1765 2453 καὶ
1796 2402 1903 2454 Σω-

303 2488 475 2560 τῆρος
522 2489 677 2559 ἡμῶν
734 2489 908 2559 Ἰησοῦ
940 2491 1197 2561 Χριστοῦ,
1232 2493 1351 2560 μεθ’
1395 2487 1456 2545 οὗ
1487 2490 1563 2561 τῷ
1595 2494 1768 2563 Πατρδ.
1803 2494 1900 2547 σὺν

302 2583 382 2651 τῷ
431 2582 569 2650 ἁγίῳ
602 2582 882 2653 Πνεύματι
910 2582 1034 2647 δόξα
1069 2585 1161 2637 καί
1206 2586 1404 2654 κράτος
1434 2584 1513 2645 είς
1543 2584 1668 2646 τοὺς
1695 2583 1900 2647 αἰῶνας

304 2675 414 2728 τῶν
441 2674 673 2728 αἰώνων.
724 2675 916 2746 Ἀμήν.

376 2855 423 2887 ’⁸
451 2854 608 2911 Rom.
638 2871 759 2924 xm,
783 2859 869 2913 l5.
950 2861 964 2891 ¹
1004 2860 1154 2915 Τίι.ιι
1193 2900 1207 2922 .
1236 2860 1322 2914 13.

377 3037 454 3105 (l)
497 3033 768 3106 Recte,»si
806 3043 1099 3106 utrumque
1135 3032 1298 3106 simul
1333 3033 1613 3106 epitheton
1652 3052 1888 3106 pronun-

303 3103 498 3170 tietur;
539 3104 744 3175 peperit
780 3105 921 3159 enim
964 3103 1127 3158 Maria
1172 3103 1449 3157 Christum
1499 3103 1665 3159 Deum
1702 3118 1755 3159 et
1798 3108 1889 3159 ho-

302 3177 531 3230 minem.
570 3175 739 3230 Seeus
778 3185 989 3236 autem,
1026 3175 1069 3227 si
1112 3176 1314 3228 omis'5o
1347 3175 1643 3241 Θεοτόκος,
1680 3179 1891 3229 dicatur

304 3247 677 3317 tantummodo
699 3243 1135 3316 ἀνθρωποτόκος,
1158 3244 1210 3298 in
1237 3243 1617 3300 Nestoriunam
1643 3248 1890 3317 blasphe-

302 3317 468 3371 miam
500 3315 737 3370 incidere
776 3315 997 3369 necesse
1025 3325 1128 3369 est.

2015 652 2214 705 passus
2242 646 2347 701 est,
2374 637 2465 706 qui
2498 637 2625 691 dum
2656 636 2801 691 Deus
2828 636 2944 691 ﬁeri
2985 639 3161 705 cupit,
3188 647 3245 689 ιιι
3274 637 3454 707 imago
3480 654 3616 708 quo-

2011 741 2118 797 que
2155 727 2245 782 Dei
2275 736 2421 782 esset
2455 726 2661 781 amisit.

2011 842 2230 897 XXXV.
2270 843 2425 909 Quod
2466 852 2667 909 Oportet
2706 841 2805 896 Dei
2834 850 2879 894 et
2918 842 3149 897 hominis
3180 853 3404 899 matrem
3437 844 3619 899 dicere

2127 924 2131 929 '
2489 918 2763 984 (sanctam
2806 911 3127 983 Virginem.)

2084 1027 2229 1098 Ergo
2280 1026 2332 1080 in
2385 1025 2659 1096 theologia
2712 1038 2875 1081 nemo
2927 1023 3319 1082 incredulitate
3376 1026 3611 1095 laboret,

2012 1132 2174 1171 nemo
2206 1118 2352 1171 circa
2378 1116 2775 1170 incarnationis
2807 1116 3132 1187 mysterium
3180 1117 3472 1186 claudicet,
3519 1122 3614 1176 sed

2012 1227 2074 1265 ex
2116 1209 2338 1280 Virgine
2367 1219 2555 1265 natum
2588 1210 2892 1274 Christum,
2924 1211 3092 1264 Deum
3135 1211 3300 1267 simul
3342 1221 3397 1268 et
3434 1215 3615 1269 homi-

2014 1320 2137 1359 nem
2192 1304 2536 1359 conﬁteatur.
2593 1302 2889 1372 Propterea
2921 1304 3067 1357 enim
3112 1314 3287 1358 mater
3329 1316 3385 1361 et
3436 1305 3531 1361 Del
3559 1318 3618 1362 et

2015 1397 2255 1451 hominis
2315 1405 2503 1448 sancta
2544 1394 2707 1464 Virgo
2759 1411 2787 1447 a
2821 1406 2987 1449 recta:
3018 1395 3299 1465 religionis
3336 1399 3617 1467 magistris

2012 1487 2319 1555 appellatur
2350 1503 2364 1550 ;
2399 1486 2502 1539 hoc
2537 1484 2782 1554 quidem,
2836 1486 2965 1553 quia
3020 1487 3345 1541 naturaliter
3367 1504 3491 1543 ettm
3518 1490 3613 1559 qui

2011 1581 2064 1633 in
2097 1581 2267 1633 forma
2307 1578 2452 1651 εει-μί
2490 1587 2606 1629 crat
2642 1577 2862 1646 genuit;
2895 1578 3026 1631 illud
3066 1588 3273 1643 autem,
3314 1581 3437 1648 quia
3469 1582 3613 1636 servi

2012 1670 2183 1724 forma
2246 1669 2475 1723 formam
2535 1670 2627 1724 Dei
2664 1672 2873 1723 unitam
2928 1670 3112 1725 habet.
3148 1672 3327 1740 Atque
3377 1674 3449 1726 ita
3486 1690 3612 1729 eum

2013 1762 2321 1828 laudemus,
2364 1762 2457 1831 qui
2521 1776 2617 1830 per
2671 1762 2995 1831 theologiam
3041 1774 3095 1815 et
3146 1764 3612 1834 dispensationem

2012 1856 2336 1927 mysterium
2378 1856 2535 1910 nobis
2567 1854 2947 1909 absconditum
2986 1857 3265 1912 revelavit.
3312 1858 3448 1913 Tum
3482 1876 3613 1916 vero

2008 1950 2131 2003 vita:
2178 1950 2415 2018 puritate
2447 1949 2645 2018 templa
2702 1958 2917 2004 nosmet
2951 1949 3043 2004 Dei
3084 1951 3415 2016 efficientes.
3451 1955 3613 2008 habi-

2008 2050 2241 2096 tatorem
2288 2043 2538 2096 eumdem
2602 2044 2990 2097 naneiscamur
3022 2062 3034 2097 :
3066 2043 3296 2115 ejusque
3347 2046 3612 2117 splendo-

2003 2136 2154 2190 ribus
2222 2136 2536 2202 illuminati,
2604 2138 2745 2192 sicut
2801 2140 2857 2193 in
2924 2139 3013 2194 die
3070 2142 3301 2196 honeste
3364 2144 3614 2197 ambule—

2005 2230 2222 2293 mus",
2286 2239 2675 2297 exspectantes
2734 2231 2954 2285 beatam
3002 2247 3152 2302 spem
3206 2244 3260 2287 et
3314 2236 3609 2289 adventum

2009 2320 2194 2386 gloriat-
2246 2321 2423 2387 magni
2491 2321 2585 2373 Dei
2624 2331 2679 2375 et
2702 2321 3007 2379 Salvatoris
3035 2326 3208 2379 nostri
3267 2325 3394 2381 Jesu
3447 2327 3611 2381 Chri-

2007 2412 2075 2465 sti
2113 2412 2156 2474 ¹.
2190 2428 2311 2465 cum
2344 2428 2451 2480 quo
2480 2412 2624 2467 Patri
2680 2430 2897 2483 unaque
2928 2426 3120 2472 sancto
3162 2417 3392 2488 Spiritui
3434 2418 3611 2489 gloria

2005 2512 2060 2558 et
2088 2505 2328 2572 potentia
2368 2505 2421 2558 in
2457 2504 2653 2560 saecula
2700 2507 3050 2563 seculorum.
3090 2510 3295 2566 Amen.

2069 3035 2148 3111 (2)
2192 3036 2281 3111 Sic
2322 3039 2483 3095 etiam
2521 3040 2812 3111 prmdictus
2852 3037 3073 3095 Nicetas
3111 3050 3403 3097 tractatum
3443 3059 3601 3099 suum

1999 3106 2077 3161 De
2106 3107 2310 3182 Spiritu
2342 3106 2533 3165 sancto
2558 3112 2865 3173 concludit,
2899 3126 2952 3177 p.
2981 3111 3085 3166 529
3120 3130 3131 3165 :
3164 3124 3210 3167 et
3242 3114 3485 3171 deinceps
3515 3134 3604 3182 pa-

2001 3194 2110 3255 cem
2148 3190 2195 3255 et
2231 3180 2566 3235 dilectionem
2603 3190 2900 3248 sectantes,
2937 3183 3085 3237 bonis
3123 3200 3327 3253 sempcr
3358 3180 3600 3255 operibus

2000 3249 2346 3319 abundamus,
2382 3264 2484 3307 etc-
