3922 6464
474 490 531 543 ιι
900 468 917 485 ⁴
1460 477 1518 531 s.
1559 474 1833 531 manu
1878 474 2050 529 sum

2161 473 2344 526 Dlth
2383 472 2706 526 ARCHIEP.
3152 529 3163 539 ,
3637 472 3713 528 te

473 620 563 657 res
590 610 800 667 vestra,
828 598 955 669 quia
994 596 1219 653 audiunt
1257 599 1295 651 '.
1330 614 1348 648 ι
1381 595 1563 666 Neque
1596 605 1774 650 tamen
1810 604 2035 649 conatus

2152 591 2185 644 ii
2228 589 2531 662 ὀφθαλμοὶ,
2575 587 2658 642 δτι
2697 585 2988 657 βλέπουσι,
3033 582 3126 639 καὶ
3167 583 3236 639 τὰ
3265 577 3379 638 ὦτα
3426 581 3603 654 ὑμῶν,
3634 583 3729 635 ὅτι

474 691 858 747 detrectandns
883 689 1047 744 nobis
1087 696 1211 754 est;
1257 685 1351 742 sed
1380 685 1433 740 in
1478 687 1594 755 ipso
1618 682 1838 739 Christo
1879 696 2033 750 spem

471 780 825 846 collocantes,
850 778 1065 833 labores
1089 776 1256 830 etiam
1296 772 1505 827 viribus
1546 770 1747 827 nostris
1797 767 2033 838 majores

473 872 850 946 aggrediemur
872 909 888 935 ,
916 866 1217 924 certissima
1254 864 1448 920 fiducia
1473 861 1668 927 erecti,
1700 860 1849 914 illum
1880 858 2038 915 nobis

479 962 789 1017 adfuturum
812 968 870 1015 et
900 957 1134 1028 Spiritus
1165 954 1341 1012 sancti
1372 950 1809 1025 praelustratione
1842 948 1909 1003 ad
1944 962 2037 1003 ve—

478 1052 652 1108 ritatis
680 1050 1043 1105 inventionem
1076 1049 1387 1102 ducturum.
1419 1041 1627 1113 Scopus
1659 1041 1801 1094 enim
1834 1047 2036 1093 nostra

473 1142 741 1210 orationis
778 1148 861 1196 est
902 1138 1084 1193 dicere
1148 1135 1292 1207 quod
1325 1132 1485 1189 Iesus
1518 1133 1591 1187 sit
1628 1130 1907 1185 Dominus.
1946 1126 2037 1182 Di-

474 1250 657 1291 cemus
680 1240 857 1287 autem
887 1230 941 1284 id
972 1226 1193 1283 omnino
1223 1225 1276 1280 in
1308 1222 1515 1295 Spiritu
1539 1232 1772 1286 sancto;
1798 1221 1871 1275 ita
1891 1218 2036 1275 enim

477 1324 671 1379 l‘aulus
723 1321 799 1375 ait
843 1337 858 1375 :
896 1335 917 1370 ι
950 1315 1118 1372 Nemo
1156 1321 1331 1385 potest
1380 1312 1582 1375 dicere,
1620 1311 1742 1381 quia
1778 1310 2036 1364 Dominus

472 1414 651 1478 Jesus,
688 1411 791 1465 nisi
813 1412 867 1464 in
895 1407 1114 1477 Spiritu
1136 1416 1327 1459 sancto
1348 1404 1390 1457 ⁸.
1418 1421 1437 1453 ι
1465 1401 1600 1457 Cum
1628 1402 1769 1456 enim
1790 1396 2037 1454 nonnulli

475 1524 580 1563 non
612 1511 905 1559 vereantur
926 1502 979 1554 in
999 1496 1282 1573 Beelzebul
1315 1494 1497 1567 dicere
1520 1494 1810 1547 anathema
1831 1490 2036 1555 Jesum,

474 1600 811 1668 Scripturam
835 1607 1070 1655 sacram,
1111 1582 1218 1659 quo
1276 1586 1406 1657 ipsis
1437 1585 1646 1640 libitum
1687 1593 1793 1649 est,
1840 1583 2042 1637 distor-

476 1698 727 1760 quentes,
745 1696 797 1745 et
824 1700 919 1739 sua
948 1684 1183 1753 ipsorum
1213 1677 1409 1748 placita
1447 1674 1681 1746 Spiritus
1711 1670 1887 1728 sancti
1917 1686 2043 1727 ora-

476 1780 613 1835 culis
634 1784 1045 1847 anteponentes,
1079 1786 1142 1826 ac.
1175 1770 1459 1824 Dominum
1500 1765 1590 1835 qui
1629 1765 1775 1836 ipsos
1815 1761 2041 1819 redemit

2136 683 2445 738 ἀκούουσιν.
2472 701 2491 733 ι
2536 679 2652 734 οὐκ
2700 676 2957 751 ὀκνητέον
3002 676 3049 731 δ’
3092 671 3188 732 οῦν
3232 677 3381 748 ὅμως
3435 676 3571 747 πρὸς
3618 674 3728 744 τὴν

2136 773 2475 845 ἐγχείρησινο
2519 770 2634 826 ἀλλ’
2663 771 2753 825 ἔπ’
2783 769 2934 839 αὐτῷ
2964 768 3062 841 τὴν
3103 766 3291 821 ιλπίδα
3334 766 3609 835 τιθίμενοι
3641 764 3730 835 τῷ

2142 862 2384 936 Χριστῷ,
2414 862 2509 917 καὶ
2535 861 2642 916 τῶν
2672 861 2815 933 ὕπερ
2842 859 3076 930 δύναμιν
3108 857 3359 929 suam
3397 858 3595 922 πόνων,
3636 856 3729 910 δτι

2142 953 2525 1025 συμπαρίσται
2568 953 2663 1006 καὶ
2703 951 3108 1022 χειραγωγήσει
3140 951 3261 1011 ταῖς
3288 946 3381 1002 τοῦ
3410 946 3730 1017 πνεύματος

2138 1043 2443 1116 δᾳδουχίαις
2479 1043 2574 1097 επὶ
2614 1040 2712 1113 τὴν
2755 1042 2858 1112 τῆς
2889 1039 3147 1111 ἀληθείας
3198 1038 3415 1110 εὕρεσιν
3447 1036 3730 1091 ἀνενδοιά-

2142 1154 2281 1200 στως
2318 1134 2686 1199 πιστεύοντες.
2731 1131 2943 1195 Σκοπὸς
2986 1131 3096 1203 γάρ
3161 1131 3336 1183 είπεῖν
3386 1130 3469 1183 ὅτι
3516 1126 3732 1199 Κύριος

2152 1227 2380 1299 Ἰησοῦς.
2420 1225 2684 1298 Ἐροῦμεν
2710 1224 2767 1279 δὲ
2795 1222 3017 1287 πάντως
3042 1223 3122 1277 ὅτι
3154 1223 3211 1275 ὲν
3240 1220 3380 1292 ἀγίῳ
3408 1218 3691 1290 Πνεῦματι
3711 1236 3727 1249 ο

2139 1323 2281 1377 οὕτω
2319 1320 2426 1393 γὰρ
2466 1323 2494 1375 ὁ
2526 1319 2739 1383 Παῦλός
2768 1333 2965 1389 φησιν’
3008 1335 3027 1369 ι
3060 1314 3249 1379 Οὐδεὶς
3287 1314 3507 1368 δύναται
3546 1314 3733 1366 είπεῖν

2138 1414 2220 1468 ὅτι
2252 1412 2457 1491 Κρριος
2511 1410 2755 1482 Ἰησοῦς,
2806 1410 2856 1463 εί
2936 1408 3011 1481 μὴ
3061 1409 3120 1461 ὲν
3168 1406 3447 1477 Πνεῦματι
3499 1405 3665 1475 ἀγίῳ.
3703 1422 3727 1456 s

2150 1502 2371 1574 Ἐπειδὴ
2412 1502 2522 1574 γάρ
2570 1518 2714 1563 τινες
2758 1501 2819 1553 ὲν
2848 1496 3185 1563 Βεελζεδοὺλ
3217 1501 3318 1551 οὐκ
3370 1495 3732 1566 αἰσχύνονται

2141 1592 2321 1661 λέγειν
2352 1590 2602 1661 ἀνάθεμα
2638 1588 2865 1660 Ἰησοῦν,
2894 1586 2993 1651 τὰς
3038 1586 3137 1658 μὲν
3186 1585 3364 1649 θείας,
3411 1584 3546 1654 πρὸς
3586 1584 3735 1656 ὅπερ

2142 1681 2211 1737 ἣν
2243 1682 2425 1746 αὐτοῖς
2448 1680 2639 1748 δόξειε,
2674 1679 3123 1751 παρατρέποντες
3148 1676 3391 1749 Γραφὰς,
3418 1676 3527 1731 τῶν
3553 1675 3609 1730 δὲ
3629 1674 3735 1729 τοῦ

2143 1774 2459 1846 Πνεῦματος
2487 1772 2701 1842 λογίων,
2725 1771 2784 1824 τὸ
2812 1771 2871 1836 ἐξ
2900 1770 3113 1823 οίκείων
3146 1766 3464 1838 θελημάτων
3494 1764 3737 1836 προτάτ-

477 1873 826 1938 abnegantes,
867 1874 925 1919 ut
961 1862 1241 1931 Scriptura
1294 1857 1535 1926 loquitur
1563 1855 1584 1888 ³
1616 1872 1631 1909 :
1670 1852 2037 1909 necessarium

2152 1881 2325 1928 τοντες
2358 1863 2587 1935 κίνημα,
2617 1862 2710 1915 καὶ
2735 1860 2825 1927 τὸν
2853 1858 3198 1928 ἀγοράσαντα
3225 1857 3425 1920 αὐτοὺς
3452 1856 3738 1926 Δεσπότην

478 1960 636 2029 plane
670 1956 909 2023 utileque
951 1963 1007 2007 et
1036 1950 1365 2006 conveniens
1404 1946 1739 2011 censuimus,
1773 1951 1867 1998 tuo
1903 1956 2039 1997 cou-

2152 1928 2503 2028 ἀρνούμενοι,⁷
2528 1952 2674 2007 καθά
2706 1952 3053 2022 γέγραπται,⁹
3083 1949 3382 2017 ἀναγκαῖον
3427 1948 3565 2019 ὁμοῦ
3599 1949 3740 2019 χρή-

478 2050 598 2104 silio
629 2058 791 2117 atque
821 2045 1061 2106 hortatu,
1090 2040 1161 2094 mi
1192 2039 1377 2103 frater,
1414 2040 1554 2092 banc
1580 2033 2039 2099 dissertationem,

480 2154 601 2210 qua:
638 2151 844 2207 magna:
873 2135 928 2189 in
957 2142 1233 2203 posterum
1267 2125 1763 2184 utilitatisoccasio
1789 2123 2046 2179 Ecclesia:

482 2232 660 2286 futura
707 2237 810 2293 est,
855 2234 1170 2288 contexere,
1219 2231 1275 2277 et
1327 2220 1395 2274 ad
1444 2217 1653 2285 singula
1700 2232 1820 2287 qua:
1859 2216 1927 2269 ab
1964 2215 2046 2269 eis

481 2328 795 2393 qitznruntur
823 2326 879 2370 et
905 2315 1259 2384 objiciuntur,
1294 2310 1601 2367 summatim
1633 2323 1697 2364 ac
1743 2324 1839 2379 per
1867 2306 2042 2376 capita

482 2409 831 2481 respondere.
859 2406 990 2472 Qum
1014 2405 1231 2475 quidem
1264 2403 1553 2460 lectoribus
1588 2416 1693 2455 non
1728 2414 1906 2469 parvae
1940 2397 2045 2451 nti-

480 2499 619 2555 litati
638 2496 753 2551 fore
778 2496 1055 2552 existimo.
1080 2493 1357 2563 Multiplex
1382 2494 1527 2547 enim
1562 2506 1628 2547 ac
1656 2488 2007 2545 multiformis
2027 2527 2043 2555 ,

479 2602 541 2649 nt
581 2592 657 2647 ita
703 2590 905 2654 dicam,
950 2596 1034 2642 est
1064 2586 1119 2640 in
1153 2585 1269 2640 Arii
1318 2593 1372 2639 et
1418 2581 1664 2638 Eunomil
1708 2578 2048 2651 dogmatibus

479 2700 655 2750 error,
700 2682 978 2750 variisque
1007 2678 1183 2733 modis
1211 2675 1457 2732 veritatis
1482 2674 1710 2731 formam
1738 2670 1927 2728 fucant
1962 2680 2049 2727 at-

482 2790 586 2845 que
633 2773 965 2828 adulteram.
996 2766 1461 2837 Quemadmodum
1498 2764 1643 2820 enim
1688 2762 2049 2819 meretricula

486 2868 560 2922 rel
593 2866 762 2937 ipsius
798 2862 1189 2933 turpitudinem
1224 2868 1343 2914 arte
1374 2858 1749 2928 industriaque
1774 2856 2050 2912 occultare

482 2968 760 3027 putantes,
802 2961 1001 3009 ornant
1047 2964 1188 3015 sese,
1237 2949 1469 3020 fucoque
1503 2948 1775 3013 oblinunt,
1820 2947 2049 3016 aliisque

484 3052 536 3106 id
559 3063 724 3120 genus
746 3044 1083 3103 ornamentis
1112 3042 1390 3109 adhibitis,
1419 3040 1728 3111 speciosum
1768 3039 2047 3095 interitum

483 3138 823 3197 cernentium
873 3133 1046 3190 oculis
1071 3130 1380 3201 objiciunt:
1420 3130 1610 3186 eadem
1645 3130 1807 3201 plane
1841 3130 2050 3184 ratione

483 3230 858 3285 haereticorum
917 3238 1200 3280 sermones
1243 3222 1503 3277 uitiosos
1551 3221 1785 3278 fucatam
1831 3220 2049 3292 pietatis

485 3322 712 3377 formant
742 3335 849 3390 pra:
877 3334 934 3372 se
962 3318 1103 3371 ferre
1127 3314 1335 3384 judico,
1364 3329 1525 3384 quam
1556 3315 1772 3384 quidem
1800 3314 2049 3370 veritatis

485 3411 668 3466 verbis
701 3422 971 3464 exornare
1004 3414 1296 3469 conantur,
1329 3418 1450 3457 cum
1478 3402 1627 3456 nullo
1659 3403 1816 3455 modo
1848 3400 2051 3455 verita-

488 3516 594 3559 tem
627 3500 930 3575 proferant,
956 3497 1050 3552 sed
1078 3509 1298 3551 exesam
1329 3494 1437 3547 Deo
1465 3493 1798 3559 impietatem
1830 3490 2051 3545 mendae

486 3595 555 3648 cii
603 3593 817 3663 plenam
848 3592 901 3645 in
938 3596 1158 3659 pectore
1192 3595 1405 3656 gerant.
1436 3584 1705 3639 (laterum
1737 3582 1829 3652 qui
1868 3580 2053 3638 solerti

485 3684 713 3741 rationis
742 3679 1012 3737 industria
1034 3686 1267 3733 mentem
1295 3675 1691 3739 communiunt,
1712 3686 2052 3743 nequaquam

486 3777 699 3832 illorum
747 3771 1091 3828 sermonibus
1124 3772 1434 3838 capiuntur,
1478 3764 1574 3821 sed
1618 3779 1760 3820 vera:
1799 3765 2055 3819 sincerae-

484 3882 591 3939 qne
631 3864 752 3920 fidei
792 3863 1066 3917 mordicus
1108 3858 1474 3926 adhaerentes,
1523 3857 1594 3912 de
1646 3857 1841 3927 seipsis
1873 3855 2057 3911 conci-

486 3966 645 4023 nunt,
673 3954 916 4009 dicentes
949 3970 964 4007 :
995 3970 1013 4002 ι
1040 3950 1375 4005 Benedictus
1409 3948 1672 4005 Dominus
1697 3947 1789 4018 qui
1820 3962 1927 4002 non
1959 3948 2056 4002 de-

487 4046 568 4101 dit
592 4060 691 4100 nos
717 4044 772 4099 in
805 4042 1111 4113 captionem
1142 4040 1392 4095 dentibus
1415 4055 1601 4095 eorum
1620 4040 1663 4095 ⁸.
1701 4058 1719 4093 ι
1743 4038 1927 4094 Visum
1956 4038 2058 4094 ita-

488 4152 593 4206 que
638 4135 795 4191 nobis
844 4141 928 4188 est
967 4147 1087 4203 quas
1134 4145 1332 4201 magno
1377 4132 1557 4186 studio
1600 4130 2053 4201 cumparavimus,

489 4239 805 4295 congerere,
855 4237 1032 4293 neque
1057 4208 1187 4277 vero
1218 4222 1320 4275 ulla
1353 4223 1563 4277 ratione
1592 4236 1898 4277 sermonem
1924 4236 2058 4277 con-

492 4316 741 4381 fundere,
765 4315 860 4369 sed
886 4313 1067 4384 potius
1087 4313 1375 4368 distinctas
1404 4312 1456 4366 in
1480 4310 1693 4383 singula
1726 4314 1903 4382 capita
1932 4326 2059 4380 pro-

492 4408 739 4462 liationes
773 4405 1140 4459 continentem
1173 4417 1466 4471 exponere.
1496 4403 1547 4473 3
1577 4404 1649 4456 Ita
1678 4403 1824 4457 ettim
1862 4402 1974 4468 fiet,
2003 4412 2062 4458 ut

492 4513 679 4554 eorum
720 4495 911 4565 quain
942 4495 1046 4549 hoc
1068 4508 1237 4564 opere
1273 4503 1596 4557 tractantur,
1628 4493 1863 4563 cognitio
1891 4496 2061 4564 magis

494 4590 776 4662 perspicua
806 4576 1483 4656 manifestaque'studioso
1523 4586 1757 4639 auditori
1797 4588 1870 4639 sit
1906 4584 2057 4639 futu-

496 4696 575 4735 ra.
606 4678 817 4733 Titulus
852 4684 981 4731 vero
1016 4675 1175 4741 hujus
1214 4674 1395 4744 operis
1426 4683 1527 4739 est,
1562 4673 1603 4728 Τ
1605 4674 1880 4739 laesurus,
1918 4676 2060 4745 quod

493 4773 767 4843 ingentem
801 4769 855 4824 in
889 4783 947 4824 se
974 4768 1281 4833 divinarum
1305 4767 1819 4837 contemplationum
1846 4768 2062 4823 thesau-

493 4880 613 4921 rum
653 4862 1085 4932 complectatur:
1126 4859 1337 4915 tametsi
1364 4874 1463 4927 ego
1509 4870 1563 4915 et
1593 4860 1900 4915 doctrinam
1950 4874 2061 4915 meo

494 4957 736 5010 diocrem
789 4962 848 5008 et
886 4952 1159 5022 ingenium
1196 4952 1263 5005 ad
1309 4952 1781 5021 contemplandum
1812 4968 1920 5008 non
1961 4952 2061 5006 ad-

501 5047 722 5102 modum
748 5059 877 5100 acre
906 5045 964 5098 in
991 5058 1076 5100 me
1110 5058 1417 5114 agnoscam.
1451 5042 1653 5099 Gratiae
1685 5058 1815 5099 vero
1844 5046 2063 5114 agendae

496 5144 622 5191 sunt
660 5136 904 5197 Christo,
939 5135 1031 5203 qui
1071 5134 1251 5189 onmia
1289 5134 1539 5188 omnibus
1572 5134 1785 5190 abunde
1815 5134 2063 5202 suppedi-

497 5237 595 5284 tat.
647 5225 902 5281 Monendi
941 5235 1119 5279 autem
1146 5233 1269 5279 sunt
1306 5224 1561 5288 lectores,
1606 5224 1781 5293 capita
1828 5224 1950 5278 libri
1994 5224 2059 5277 ad

496 5332 745 5371 normam
787 5316 946 5385 huius
985 5313 1183 5370 tabula:
1216 5316 1331 5370 sive
1361 5315 1578 5380 indicis,
1615 5316 1707 5384 qui
1754 5315 2059 5384 subjicitur,

498 5420 618 5461 esse
661 5406 980 5476 composita.
1026 5404 1472 5473 Complectnntur
1506 5420 1635 5459 vero
1683 5404 1889 5474 singula
1924 5420 2065 5474 qna:-

500 5506 606 5566 que
629 5499 807 5569 capita
840 5499 1002 5555 etiam
1051 5511 1114 5552 ea
1140 5512 1261 5567 qua:
1288 5498 1354 5549 ad
1383 5497 1631 5551 eumdem
1664 5497 2065 5565 contemplatio-

500 5591 586 5643 nis
620 5605 843 5658 scoputn
866 5593 1164 5658 pertinent,
1194 5598 1249 5642 et
1272 5604 1365 5657 per
1395 5588 1661 5643 circuitus
1688 5599 1852 5658 atque
1876 5588 2065 5643 anfra-

502 5689 621 5733 ctus
651 5679 720 5733 ad
748 5680 996 5735 eumdem
1030 5681 1189 5750 tituli,
1218 5678 1319 5737 sub
1347 5695 1456 5749 quo
1485 5683 1882 5751 comprehensa
1915 5694 2063 5749 sunt,

2140 2047 2305 2117 σιμόν
2359 2063 2419 2100 τε
2462 2044 2561 2098 καὶ
2608 2042 2820 2115 πρέπον
2872 2038 3239 2111 ἐλογισάμεθα
3289 2040 3430 2093 κατά
3486 2038 3584 2110 τὴν
3630 2039 3739 2110 σὴν

2146 2135 2452 2209 ὗπόμνησίν
2480 2151 2541 2187 τε
2578 2133 2675 2187 καὶ
2703 2131 3040 2204 προτροπὴν,
3070 2128 3288 2198 ἀδελφὲ,
3319 2130 3431 2191 τοῖς
3469 2127 3571 2197 τῆς
3604 2128 3737 2181 Ἐκ-

2143 2226 2375 2299 κλησίας
2398 2225 2627 2292 τέκνοις,
2659 2223 2758 2295 τῆς
2780 2222 2861 2285 είς
2884 2221 2945 2274 τὸ
2975 2220 3165 2292 μέλλον
3188 2217 3451 2289 ὠφελείας
3474 2217 3740 2272 ὑπόθεσιν

2145 2314 2407 2384 ἔξυφῆναι
2452 2312 2543 2366 τὸν
2572 2310 2757 2380 λόγον·
2788 2309 2885 2364 καὶ
2913 2310 2995 2373 είς
3037 2308 3243 2367 ικαστα
3270 2307 3378 2361 τῶν
3426 2309 3560 2378 παρ’
3589 2308 3743 2361 ὲκεί-

2145 2420 2257 2467 νοις
2306 2401 2657 2473 ζητουμίνων
2699 2416 2758 2453 τε
2792 2397 2890 2454 καὶ
2936 2396 3311 2468 κεκινημένων
3346 2390 3741 2466 κεφαλαιωδῶς

2147 2492 2405 2558 ἐξειπεῖν,
2438 2493 2580 2565 άπερ
2611 2486 2766 2562 οἶμαι
2807 2488 2943 2562 πρὸς
2987 2488 3323 2553 λυσιτελείας
3352 2487 3571 2543 ἔσεσθαι
3622 2490 3744 2552 τοῖς

2147 2583 2551 2656 ἐντευξομένοις
2589 2583 2651 2637 οὐ
2688 2584 2909 2654 μικρᾶς.
2960 2582 3301 2653 Πολυσχιδὴς
3341 2582 3442 2652 μὲν
3489 2580 3599 2651 γάρ
3637 2582 3744 2635 καὶ

2150 2678 2615 2749 πολυπρόσωπος,
2663 2676 2731 2728 ἶν’
2776 2674 2950 2740 οὕτως
2995 2677 3264 2743 εἴπωμεν,
3306 2676 3341 2746 η
3374 2674 3485 2729 τῶν
3523 2674 3743 2745 ’Δρείον

2147 2770 2247 2824 καὶ
2277 2767 2542 2839 Εὐνομίου
2574 2766 2860 2837 δογμάτων
2886 2764 3006 2819 ὲστλ
3037 2767 3235 2838 πλάνη,
3270 2766 3363 2820 καὶ
3388 2766 3650 2830 ποικίλως
3680 2766 3747 2820 τὸ

2146 2861 2247 2934 τῆς
2285 2859 2545 2931 ἀληθείας
2580 2858 2873 2915 πλάττεται
2923 2858 3132 2929 σχῆμα.
3160 2858 3373 2928 Ὠσπερ
3408 2857 3517 2929 γὰρ
3559 2856 3631 2910 τά
3680 2858 3746 2913 ιν

2146 2954 2261 3015 τοῖς
2308 2952 2550 3022 γυναίοις
2582 2953 3001 3024 ίταιριζόμενα,
3046 2950 3109 3004 τὸ
3153 2950 3218 3003 ἐκ
3263 2949 3359 3003 τοῦ
3410 2950 3746 3021 πράγματος

2150 3037 2339 3114 αἶσχος
2378 3044 2498 3105 ταῖς
2537 3044 2597 3109 εξ
2642 3043 2883 3107 ἐπινοίας
2913 3042 3195 3114 ἀφανίζειν
3233 3041 3455 3110 οῖόμενα
3495 3040 3745 3111 τέχναις,

2149 3132 2441 3206 ὡραΐζεταί
2483 3151 2543 3187 τε
2584 3134 2679 3188 καὶ
2717 3134 3091 3205 χρισιάζεται,
3132 3132 3226 3187 καὶ
3272 3133 3390 3194 ταῖς
3428 3131 3613 3196 ἀλλαις
3643 3134 3750 3187 τοῦ

2151 3224 2359 3295 κόσμου
2388 3223 2728 3294 προσθήκαις
2766 3223 3215 3295 εὐπρεπεστάτην
3244 3225 3359 3286 τοῖς
3388 3223 3586 3294 ὁρῶσιν
3620 3224 3752 3277 ἔπιε-

2151 3314 2386 3370 δεικνύει
2416 3314 2515 3387 τὴν
2551 3313 2826 3370 ἀπώλειαν
2845 3332 2859 3346 ·
2892 3314 2986 3369 τὸν
3025 3314 3188 3370 αὑτὸν
3229 3309 3383 3385 οἶμαι
3413 3313 3614 3384 τρόπον
3645 3316 3752 3368 καὶ

2146 3406 2245 3471 τὰς
2273 3404 2547 3479 ὀλεθρίους
2576 3405 2687 3459 τῶν
2714 3405 3164 3478 δτεροδοξούντων
3209 3405 3395 3476 φωνὰς
3424 3405 3486 3458 το
3512 3403 3612 3475 τῆς
3653 3404 3753 3458 si»

2151 3498 2367 3564 σεδείας
2410 3496 2839 3569 σχηματίζεσθαι
2894 3496 3123 3565 κάλλος,
3168 3497 3263 3550 καὶ
3305 3498 3418 3560 τοῖς
3462 3496 3561 3565 τῆς
3604 3495 3751 3567 ἀλη-

2152 3590 2301 3655 θείας
2332 3588 2626 3663 πειρᾶσθαι
2658 3587 3097 3660 περιανθίζεσθαι
3124 3586 3338 3657 λόγοις·
3372 3586 3613 3659 οὐδαμοῦ
3644 3590 3753 3659 μὶν

2151 3679 2339 3733 ὼδῖνον
2383 3678 2485 3751 τὴν
2512 3676 2791 3750 ἀλήθειαν,
2824 3676 3025 3730 ἔσωθεν
3069 3676 3127 3730 δὲ
3177 3678 3572 3749 κεκρυμμένην
3622 3676 3753 3749 ἔχον

2152 3770 2253 3843 τὴν
2279 3770 2389 3825 άπὸ
2416 3770 2510 3825 τοῦ
2538 3769 2765 3840 ψεύδους
2794 3768 3259 3841 θεοστυγεστάτην
3286 3769 3561 3824 άσισειαν.
3600 3768 3768 3823 Ἀλλ’

2153 3862 2205 3915 oi
2231 3862 2388 3933 νήψει
2417 3865 2484 3935 τῇ
2518 3863 2637 3917 κατ’
2664 3861 2977 3937 ἔντριχειαν
3006 3861 3232 3932 λογικὴν
3260 3860 3353 3915 τὸν
3378 3864 3582 3917 οἰκεῖον
3614 3863 3753 3916 ἀναρ

2155 3956 2483 4028 τειχίζοντες
2505 3955 2652 4021 νοῦν,
2676 3957 2789 4020 τοῖς
2826 3954 2926 4026 μὲν
2946 3954 3091 4025 »παρ’
3111 3954 3345 4009 ἐκείνων
3365 3954 3469 4025 οὐχ
3495 3954 3754 4009 ἁλίσκον-

2154 4065 2247 4103 ται
2277 4047 2477 4119 λόγοις,
2507 4048 2607 4120 τῆς
2638 4047 2696 4101 δὲ
2733 4047 2904 4112 ὅντως
2939 4045 3127 4115 ὑγιοῦς
3152 4046 3329 4116 ἀπρὶξ
3357 4045 3609 4117 ἐχόμενοι
3656 4048 3754 4100 πί-

2158 4154 2366 4203 στεως,
2412 4140 2503 4209 ἔφ’
2546 4139 2761 4201 ἑαυτοῖς
2801 4135 3178 4207 ἀναμέλπουσι
3208 4134 3492 4204 λέγοντες·
3529 4152 3552 4187 ε
3579 4135 3755 4191 εὐλο-

2155 4229 2321 4301 γητὸς
2354 4229 2565 4301 Κύριος
2606 4230 2665 4294 ὃς
2707 4229 2808 4283 οὐκ
2855 4226 3057 4281 ἔδωκεν
3088 4227 3237 4298 ἡμᾶς
3283 4228 3366 4290 είς
3414 4226 3589 4299 θήραν
3637 4232 3756 4291 τοῖς

2158 4319 2370 4376 ὀδοῦσιν
2409 4320 2609 4375 αὐτῶν.
2641 4338 2661 4372 s
2689 4317 2875 4385 Ἔδοξε
2918 4316 3100 4372 τοίνυν
3144 4318 3278 4389 ἡμῖν
3318 4317 3387 4373 τά
3418 4318 3481 4372 ὲκ
3510 4318 3753 4391 φιλομα-

2161 4412 2314 4477 θείας
2354 4414 2697 4482 συνενεγκεῖν
2727 4412 3039 4484 εὑρήματα,
3081 4410 3178 4465 καὶ
3208 4410 3615 4481 συγκεχυμένον
3649 4412 3757 4483 μὲν

2158 4506 2411 4576 οὐδαμῶς
2447 4505 2720 4559 συνθεῖναι
2750 4504 2840 4558 τὸν
2874 4503 3053 4572 λόγον,
3084 4502 3505 4575 εὐκρινεστέραν
3531 4504 3590 4557 δὲ
3620 4506 3757 4575 μᾶλ-

2092 4630 2136 4686 D
2162 4595 2253 4649 λον
2282 4598 2360 4659 είς
2389 4597 2619 4649 ἕκαστον
2646 4595 2754 4649 τῶν
2800 4593 3111 4663 κεφαλαίων
3142 4593 3238 4664 τὴν
3278 4594 3511 4665 βάσανον
3558 4594 3758 4666 ἔχοντα.

2166 4686 2537 4757 διεξαγαγεῖν·
2568 4687 2711 4741 οῦτω
2735 4686 2843 4757 γὰρ
2864 4686 2931 4741 ἂν
2946 4685 3275 4751 εὐσύνοπτος
3307 4701 3366 4739 τε
3397 4688 3493 4741 καὶ
3523 4688 3757 4757 εἰλικρι-

2169 4779 2397 4850 νεστέρα
2422 4781 2536 4841 τοῖς
2581 4778 3016 4849 φιλακροάμοσιν
3053 4779 3086 4846 η
3135 4777 3243 4831 τῶν
3285 4778 3624 4849 ἐγκειμένων
3654 4780 3754 4848 γέ-

2169 4887 2312 4924 νοιτο
2345 4870 2566 4939 γνῶσις.
2610 4869 2977 4942 Θησαυρὸίδδ
3004 4868 3081 4940 τῷ
3114 4869 3304 4941 βιϐλίῳ
3331 4856 3526 4941 ὄνομα,
3551 4868 3759 4947 πολλὴν

2169 4961 2347 5031 ἔχοντι
2378 4960 2487 5015 τῶν
2525 4960 2684 5013 θείων
2726 4960 3101 5033 θεωρημάτων
3140 4960 3647 5033 τεθησαυρισμὲνην
3691 4965 3757 5017 ιν

2170 5051 2349 5123 ἑαυτῷ
2385 5051 2483 5123 τὴν
2518 5051 2758 5120 πληθύν
2793 5053 2843 5105 εί
2887 5054 2983 5106 καὶ
3016 5052 3230 5125 μέτριοί
3267 5068 3411 5119 τινες
3458 5056 3515 5117 ἐς
3562 5054 3759 5123 λόγους

2168 5143 2348 5211 ἡμεῖς,
2382 5143 2476 5195 καὶ
2505 5141 2639 5213 πρὸς
2670 5141 2731 5196 τὸ
2756 5141 3016 5199 δύνασθαί
3048 5162 3101 5198 τι
3130 5149 3270 5200 νοεῖν
3299 5146 3365 5199 οὐ
3397 5145 3603 5217 σφόδρα
3622 5162 3759 5219 γορ-

2166 5232 2274 5301 γοί.
2317 5234 2647 5288 ’Δνακείσθω
2674 5234 2732 5288 δὲ
2770 5236 2930 5309 χάρις
2976 5235 3053 5307 τῷ
3099 5238 3277 5292 πάντα
3309 5240 3445 5293 πᾶσι
3481 5239 3757 5303 πλουσίως

2168 5324 2493 5394 χορηγοῦντι
2524 5326 2763 5398 Χριστῷ.
2803 5328 3015 5383 essem
3044 5329 3101 5383 δὲ
3134 5330 3240 5401 χρὴ
3268 5330 3397 5393 τοὺς
3428 5329 3754 5401 ἐντευξομέ-

2164 5431 2309 5477 νους,
2346 5416 2428 5469 ὅτι
2462 5418 2797 5478 συντέθειται
2835 5421 2953 5490 μὲν,
2997 5421 3138 5475 κατά
3166 5421 3266 5491 τὴν
3302 5408 3755 5493 ὑποτεταγμένην

2172 5508 2519 5579 προγραφὴν,
2551 5512 2617 5565 τὰ
2660 5514 2718 5566 ὲν
2875 5514 3063 5584 βιϐλίῳ
3096 5514 3391 5583 κεφάλαιαι
3429 5514 3758 5586 Περιέχεται

2165 5587 2222 5650 δὲ
2272 5598 2483 5670 ἑκάστῳ
2531 5604 2701 5658 πολλὰ
2739 5607 2881 5678 πρὸς
2915 5608 3007 5661 τον
3048 5606 3212 5659 αὑτὸν
3257 5606 3599 5661 συντείνοντα
3645 5607 3756 5660 τῶν

2172 5685 2540 5760 θεωρημάτων
2570 5696 2793 5765 σκοπὸν,
2827 5699 2921 5753 καὶ
2944 5698 3029 5754 διά
3062 5698 3263 5754 κύκλου
3300 5701 3390 5755 καὶ
3418 5698 3754 5773 περιδρομῆς

580 5856 597 5888 ¹
632 5854 817 5910 Matth.
853 5871 970 5921 xm,
1004 5857 1088 5913 ιθ.
1157 5862 1177 5892 ¹
1205 5860 1223 5913 l
1254 5859 1380 5917 Cor.
1420 5873 1517 5927 ιιι,
1554 5860 1606 5914 3.
1687 5860 1706 5891 ⁸
1743 5859 1785 5913 ll
1815 5859 1961 5917 Pctr.
1994 5878 2050 5930 tt,

2222 5867 2241 5897 ⁸
2272 5866 2413 5925 Psal.
2449 5887 2639 5942 cum,
2673 5876 2725 5929 6.
