3922 6460
518 484 586 543 1ίῦ
1503 459 1559 513 S.
1604 452 1870 513 CYBILLI
1912 440 2383 503 ALEXANDBINI
2424 431 2744 492 ABCIIIEP.
3697 410 3762 466 16

582 590 935 662 Interrogatio
990 584 1306 640 Arianorum
1360 573 1703 630 absurditatis
1781 562 2077 652 plena;cui

514 690 620 744 alia
650 700 753 740 non
786 658 1041 736 absimilis
1066 667 1404 736 interrogatio
1431 662 1728 733 opponitur,
1753 658 1942 711 docens
1976 667 2077 705 non

511 796 622 837 esse
637 774 837 845 aliquid
866 768 1026 826 stulte
1058 759 1504 830 interrogandum.

590 843 846 927 Aduersus
879 863 1283 927 interrogantes,
1312 869 1332 901 ι
1362 853 1441 903 An
1462 846 1693 901 habuisti
1728 843 1896 906 ﬁlium
1931 844 2080 890 ante-

510 976 667 1030 quam
698 952 972 1029 gigneres?
996 969 1013 1002 ι
1039 958 1087 1004 et
1110 947 1356 1008 dicentes,
1387 937 1516 994 «Ita
1546 951 1707 1005 neque
1742 932 1877 986 Deus
1901 928 2080 982 habuit

518 1054 717 1106 Filium
754 1047 1059 1114 priusquam
1089 1054 1206 1095 eum
1232 1037 1482 1108 gigneret.
1522 1047 1544 1081 ι

1100 1122 1395 1185 ASSERT.
1462 1120 1529 1177 ν.

590 1234 739 1302 Quod
761 1232 923 1285 Pater
960 1240 1064 1280 non
1087 1220 1285 1277 exstitit
1312 1224 1430 1271 ante
1459 1212 1684 1281 Filium,
1711 1204 1917 1262 tametsi
1938 1203 2081 1271 inge-

521 1293 659 1381 nqu
732 1324 821 1385 sit,
869 1319 959 1374 sed
1000 1322 1290 1370 cowternus
1367 1307 1468 1377 ipsi
1523 1304 1624 1374 fuit
1711 1298 1881 1353 Filius
1935 1293 2080 1365 geni-

519 1431 622 1471 ιω.

1136 1486 1425 1547 ASSERT.
1456 1485 1542 1539 Vl.

592 1590 744 1659 Quod
768 1587 928 1641 Pater
948 1585 1082 1638 citra
1110 1581 1413 1635 divisionem
1447 1584 1493 1630 et
1539 1573 1672 1629 citra
1700 1569 2086 1638 corruptionem

522 1701 587 1740 ex
614 1684 781 1752 seipso
820 1676 1049 1750 genuerit
1070 1671 1293 1727 Filium.

1080 1779 1370 1840 ASSERT.
1410 1778 1523 1835 VII.

593 1885 849 1938 Aduersus
878 1895 964 1935 eos
1002 1876 1090 1947 qui
1118 1873 1394 1943 objiciunt,
1422 1887 1441 1922 s
1471 1867 1632 1923 Pater
1649 1876 1823 1920 utrum
1868 1860 2085 1930 fortuito

522 1977 694 2048 genuit
722 1969 942 2033 Filium,
971 1978 1039 2019 an
1078 1961 1419 2018 voluntate?»

1102 2049 1394 2109 ASSERT.
1437 2047 1569 2104 Vlll.

601 2154 858 2208 Adversus
907 2149 1151 2213 dicentes,
1185 2160 1290 2199 non
1325 2141 1503 2205 Patri,
1531 2141 1619 2195 sed
1663 2136 1915 2193 voluntati
1976 2132 2088 2203 ejus

523 2246 745 2301 similent
759 2257 868 2297 esse
906 2237 1122 2293 Filium.

1114 2340 1406 2400 Αδεειιτ.
1437 2340 1530 2395 ιχ.

599 2468 755 2535 Quod
775 2448 1235 2519 consubstantialis
1295 2458 1363 2511 sit
1416 2453 1587 2507 Filius
1611 2450 1785 2515 Patri,
1826 2463 1891 2502 eo;
1912 2447 2089 2511 dictis,

531 2562 699 2628 sQuid
716 2575 797 2613 me
823 2556 954 2610 dicis
976 2550 1200 2607 bonum?
1226 2546 1392 2622 Nemo
1426 2548 1587 2600 bonus
1611 2544 1709 2597 nisi
1743 2557 1878 2595 unus
1894 2538 2085 2592 Deus.»

532 2654 619 2718 Et,
660 2670 677 2702 ι
722 2648 864 2701 Vada
902 2646 970 2698 ad
1009 2643 1217 2696 Patrem
1250 2653 1417 2692 meum
1445 2646 1493 2690 et
1539 2633 1748 2688 Patrem
1773 2641 2016 2692 vestrum,
2046 2638 2093 2683 et

532 2744 693 2797 Deum
715 2754 880 2793 meum
900 2745 950 2791 et
982 2734 1147 2789 Deum
1173 2741 1419 2785 vestrum.
1446 2747 1465 2781 s
1495 2726 1651 2789 ltem,
1688 2741 1707 2776 ι
1734 2722 1895 2776 Pater
1922 2721 2095 2789 major

529 2851 609 2889 nte
649 2842 744 2888 est.
782 2851 801 2882 ι

1126 3020 1411 3080 ASSERT.
1465 3020 1533 3075 X.

604 3150 755 3216 Quod
786 3139 1243 3199 consubstantialis
1294 3134 1445 3188 l’atri
1502 3133 1566 3186 sit
1616 3128 1812 3182 Filius.
1851 3124 2097 3195 Defensio

533 3243 674 3297 illius
700 3239 845 3301 dicti,
878 3256 895 3287 ι
943 3234 1049 3287 Cur
1072 3248 1151 3285 me
1171 3229 1305 3283 dicis
1330 3223 1563 3280 bonum?
1598 3241 1615 3275 ι
1649 3231 1697 3275 et
1743 3220 1887 3273 illius
1939 3232 2098 3283 exim-

532 3335 678 3387 sitio.

1107 3430 1399 3489 ASSERT.
1441 3429 1532 3483 XI.

610 3555 759 3623 Quod
796 3551 966 3606 Filius
982 3550 1048 3603 sit
1093 3546 1250 3601 Patri
1290 3538 1782 3602 consubstantialis,
1823 3550 1889 3590 ea:
1938 3534 2100 3597 dicto,

542 3671 561 3701 ι
600 3647 756 3700 l’ater
781 3658 924 3697 meus
963 3637 1139 3708 major
1162 3651 1243 3690 me
1270 3642 1366 3689 est.
1407 3650 1428 3684 δ

607 3738 764 3792 Aliud
796 3736 1005 3795 docens,
1022 3728 1157 3797 quod
1190 3724 1452 3796 proposito
1471 3736 1669 3790 majore
1687 3729 1733 3773 et
1759 3717 1975 3780 minore,
1998 3715 2103 3767 im-

538 3829 697 3897 perite
719 3823 1002 3879 admodum
1036 3814 1370 3889 inaqualitas
1416 3812 1680 3881 inferatur
1709 3824 1725 3862 :
1759 3806 1919 3878 quod,
1947 3804 2103 3873 juxta

540 3917 841 3974 Aristotelis
867 3911 1221 3982 disciplinam,
1247 3907 1474 3960 alterius
1508 3903 1572 3957 sit
1596 3901 1820 3971 generis.

619 4093 770 4152 Aliud
822 4091 1183 4145 demonstrans
1238 4098 1328 4151 per
1374 4081 1432 4133 id
1485 4078 1624 4149 quod
1687 4075 1886 4136 dicitur
1940 4072 2107 4127 Pater

543 4186 735 4255 major,
764 4182 918 4237 simul
944 4180 1099 4235 etiam
1125 4174 1308 4244 inferri
1353 4171 1582 4225 Filium.
1620 4168 1713 4223 Est
1770 4176 1943 4221 autem
2002 4180 2104 4219 non

542 4279 714 4332 minor
732 4275 864 4340 ipso.

617 4339 769 4429 Quod
812 4360 982 4414 Filius
1012 4354 1200 4411 similis
1239 4352 1304 4405 sit
1334 4348 1505 4412 Patri,
1539 4346 1801 4416 proposito
1848 4343 1987 4395 dicto
2044 4339 2109 4391 il-

546 4450 618 4515 lo,
658 4467 676 4500 ι
714 4448 872 4500 Amen
900 4445 1014 4497 dico
1045 4440 1329 4499 robis.non
1350 4436 1572 4489 surrexit
1611 4434 1745 4486 inter
1797 4440 1946 4483 natos
1995 4444 2112 4480 mu-

547 4544 733 4595 lierum
762 4538 936 4607 major
958 4533 1161 4587 Joanne
1184 4529 1448 4598 Baptista,
1474 4545 1492 4577 s
1529 4532 1637 4579 etc.

1073 4727 1129 4796 ε
1161 4720 1453 4780 ASSERT.
1493 4719 1607 4776 xu.

631 4844 687 4903 In
712 4842 864 4907 illud,
889 4838 1031 4909 «Ego
1058 4837 1114 4890 in
1139 4834 1322 4899 Patre,
1351 4844 1398 4889 et
1428 4834 1586 4889 Pater
1600 4835 1653 4889 in
1678 4848 1791 4898 me;
1816 4853 1833 4885 ι
1860 4842 1929 4896 et,
1958 4850 1976 4885 ι
2000 4830 2112 4903 Ego

549 4950 596 4995 et
640 4935 796 4988 Pater
836 4946 995 4986 unum
1027 4942 1243 4991 sumus;
1269 4945 1287 4978 ι
1324 4926 1411 4979 ubi
1438 4927 1675 4996 deinceps
1724 4926 2113 4979 demonstratur

557 5028 716 5081 Deum
734 5023 896 5093 fuisse
931 5020 1020 5091 qui
1054 5018 1289 5073 liberavit
1344 5018 1698 5089 patriarcha»:
1720 5016 1883 5071 Jacob
1914 5031 1977 5069 ex
2004 5033 2115 5069 om—

553 5118 702 5171 nibus
731 5115 905 5168 malis.

640 5207 1058 5268 Demonstratur,
1114 5204 1252 5269 quod
1316 5200 1538 5255 Verbum
1577 5199 1673 5254 Dei
1720 5202 1910 5267 species
1951 5198 2115 5268 ipsius

551 5299 616 5352 sit
655 5298 832 5367 :quod
878 5293 1105 5348 Verbum
1133 5304 1334 5346 vocetur
1360 5294 1547 5359 species
1583 5292 1693 5345 Dei.

632 5487 911 5543 Vehemens
951 5486 1327 5542 demonstratio
1372 5486 1559 5539 docens
1586 5486 1722 5554 quod
1771 5500 1887 5553 qua:
1923 5486 2117 5551 aliqui-

555 5582 647 5633 bus
687 5577 1071 5641 assimilantur,
1097 5577 1270 5629 nonin
1302 5574 1601 5628 universum
1626 5586 1672 5628 et
1700 5573 2014 5629 naturaliter
2038 5576 2117 5627 in-

554 5678 671 5723 sunt
704 5658 990 5737 iis'quibus
1043 5664 1444 5719 assimilantur:
1493 5666 1580 5718 sed
1632 5681 1746 5735 qua
1802 5663 2119 5717 naturaliter

557 5758 813 5827 aliquibus
846 5758 1042 5819 insunt,
1072 5755 1205 5809 velut
1230 5754 1478 5823 imagines
1507 5756 1744 5823 qua'dam
1782 5763 1901 5810 sunt
1939 5769 2116 5809 eorum

562 5853 626 5904 ad
655 5865 769 5917 qua:
801 5858 976 5903 nostra
998 5847 1230 5902 roluntas
1272 5845 1575 5915 impellitur.

2267 542 2585 621 Ἐρώτησις
2625 536 2929 610 Ἀρειανῶν
2954 532 3206 599 ἀτοπίας
3224 527 3452 602 μεστή·
3503 523 3666 592 πρὸς
3696 520 3779 589 ἦν

2183 612 2660 710 ἀντεπερῶτησις
2691 628 3051 696 ἀτοπωτέρα,
3075 624 3165 679 ὅτι
3202 621 3320 692 χρὴ
3365 616 3450 690 μὴ
3484 612 3780 669 ἀπαιδεύ-

2179 753 2297 801 τως
2333 727 2559 803 ἐρωτᾷν
2594 723 3066 781 ἐκδιδάσκουσα.

2256 794 2413 891 ἀρδς
2436 794 2576 886 τοὺς
2607 813 2967 887 ἐρωτῶντας,
3010 830 3028 862 ι
3063 800 3303 874 Είεῖχες
3334 804 3378 855 Υ
3374 800 3467 856 libr
3500 795 3656 867 πρὶν
3689 794 3780 848 τέο

2184 883 2336 984 unci;
2371 883 2404 966 ι.
2436 911 2536 967 καὶ
2557 883 2879 980 ⁷λέγοντας,
2920 924 2938 955 ι
2970 903 3135 957 Οὕτω
3172 897 3273 954 καὶ
3302 897 3334 951 d
3360 893 3513 959 θεὸς
3548 892 3667 945 οὐκ
3698 883 3781 941 εἷ-

2186 1022 2295 1077 χεν
2340 1003 2480 1058 Υιὸν
2515 1000 2658 1071 πρὶν
2693 995 2995 1069 γεννήσει.
3024 1013 3044 1046 s

2838 1086 2990 1141 ΛΟΓ.
3035 1082 3108 1137 Ε’.

2258 1187 2380 1239 Ὀτι
2432 1185 2505 1239 οὐ
2552 1178 2919 1254 προῦπάρχει
2963 1175 3068 1231 τοῦ
3114 1171 3254 1229 Υίοῦ
3302 1173 3335 1225 ὁ
3378 1168 3613 1234 Πατὴρ,
3665 1162 3784 1215 κᾶν

2186 1277 2517 1350 ἁγέννητος
2556 1271 2600 1348 ᾖ
2621 1291 2638 1309 ·
2688 1272 2825 1331 ἀλλ’
2850 1268 2930 1342 ἦν
2983 1264 3143 1333 αὐτῷ
3187 1261 3502 1326 συνατδιος
3552 1260 3588 1311 ὁ
3645 1254 3783 1317 Υἱὸς

2188 1368 2496 1442 γεννητός.

2841 1451 2991 1507 ΛΟΓ.
3037 1450 3127 1515 6,".

2262 1549 2391 1604 Ὀτι
2423 1552 2457 1605 ὀ
2484 1547 2688 1615 Πατὴρ
2716 1544 3049 1615 ἀμερίστως
3078 1537 3176 1593 καὶ
3200 1534 3509 1606 ἁρεύστως
3528 1528 3786 1600 ἑγέννηυ

2188 1656 2303 1696 σεν
2341 1640 2411 1705 ἐξ
2450 1637 2640 1695 αὐτοῦ
2678 1636 2789 1690 τὸν
2836 1634 2995 1689 Υιόν.

2846 1745 2997 1801 ΛΟΓ.
3041 1745 3116 1798 Z'.

2259 1844 2421 1914 Πρὸς
2439 1842 2580 1909 τοὺς
2596 1839 3019 1911 προτείνοντας
3036 1834 3156 1898 τὸ,‹
3180 1828 3557 1895 Ἀϐουλήτως
3571 1828 3611 1896 ἢ
3632 1825 3787 1879 κατὰ

2186 1938 2497 2005 ,βούλησιν
2534 1933 2827 2003 ἐγέννησε
2866 1928 2974 1983 τὸν
3022 1928 3066 1980 Υ
3068 1925 3162 1979 lor
3194 1924 3230 1977 ὁ
3267 1919 3504 1987 Πατήρ;
3540 1937 3560 1970 ι

2842 2023 2994 2078 ΛΟΓ.
3038 2020 3121 2074 Η’.

2263 2122 2419 2191 Πρὸς
2445 2121 2588 2187 τοὺς
2620 2118 2912 2187 λέγοντας
2943 2114 3031 2168 ὅτι
3063 2113 3135 2166 οὐ
3164 2107 3247 2174 τῷ
3278 2104 3482 2173 Πατρὶ,
3510 2100 3684 2157 ἀλλὰ
3712 2097 3786 2167 τῇ

2186 2213 2490 2280 βουλήσει
2528 2210 2738 2277 αὑτοῦ,
2775 2208 2977 2277 ὅμοιός
3014 2205 3186 2258 ἐστιν
3224 2203 3256 2255 ό
3306 2198 3458 2262 Υἱός.

2845 2318 2999 2375 ΛΟΓ.
3033 2314 3111 2371 Θ⁹.

2267 2442 2394 2494 Ὅτι
2425 2438 2748 2509 όμοούσιος
2774 2435 2857 2501 τῷ
2886 2431 3068 2501 Harp!
3097 2433 3129 2485 ό
3158 2429 3310 2495 Υἱὸς,
3329 2420 3789 2495 παρατεθέντων

2193 2534 2291 2587 καὶ
2342 2532 2461 2585 τῶν
2502 2527 2725 2599 ῥητῶν,
2773 2546 2793 2579 ι
2832 2527 2893 2581 Τί
2921 2542 2998 2595 με
3024 2524 3223 2594 λέγεις
3260 2518 3526 2590 ἀγαθόν;
3571 2511 3789 2577 οὐδεὶς

2194 2624 2435 2693 ἀγαθὸς,
2475 2622 2528 2675 el
2568 2619 2655 2689 μὴ
2690 2612 2777 2685 εἷς
2809 2621 2842 2671 d
2867 2618 3048 2681 Oeo’c'
3084 2634 3101 2666 ι
3154 2613 3254 2666 καὶ
3286 2610 3414 2675 τοῦ,
3474 2626 3493 2660 ι
3522 2606 3788 2674 Πορεύο-

2190 2691 2296 2785 μαι
2332 2714 2480 2784 πρὸς
2511 2715 2620 2768 τὸν
2644 2710 2874 2781 Πατέρα
2896 2727 3040 2781 μου,
3075 2708 3173 2761 καὶ
3203 2704 3435 2772 Πατέρα
3461 2700 3656 2771 ὑμῶν,
3689 2691 3790 2752 καὶ

2198 2807 2345 2861 Θεόν
2368 2824 2512 2877 μου,
2542 2798 2640 2861 καὶ
2670 2804 2821 2860 Θεὸν
2846 2801 3013 2872 ὑμῶν
3033 2817 3046 2831 ο
3082 2819 3101 2853 s
3139 2799 3238 2853 καὶ
3273 2796 3509 2867 ὁμοίως,
3542 2813 3563 2847 ι
3587 2793 3642 2846 '0
3667 2793 3789 2845 11a-

2196 2894 2306 2964 τὴρ
2338 2894 2550 2965 μείζων
2579 2895 2698 2964 μού
2736 2893 2958 2947 ἐστιν.»

2869 3006 3022 3062 ΛΟΓ.
3046 3004 3104 3057 ι’.

2270 3121 2391 3174 Ὀτι
2420 3118 2745 3189 ὀμοούσιος
2772 3114 2853 3182 τῷ
2883 3115 3065 3185 Πατρι
3100 3117 3134 3170 ὁ
3172 3116 3304 3181 Υἱός
3326 3129 3343 3147 ’
3382 3112 3453 3167 ἐν
3479 3102 3529 3178 ᾧ
3556 3109 3788 3165 dicit»

2201 3214 2303 3283 γία
2334 3209 2557 3278 πιθανὴ
2603 3208 2755 3278 πρὸς
2790 3208 2897 3261 τὸν
2917 3205 3323 3276 ἐρωτήσαντα,
3358 3222 3379 3257 ι
3413 3203 3473 3258 Τί
3489 3219 3568 3273 με
3589 3198 3789 3271 λέγεις

2202 3304 2461 3375 ἀγαθόν;
2494 3320 2513 3355 ι
2558 3302 2655 3356 καὶ
2692 3300 2982 3371 ἐξήγησις
3020 3298 3128 3353 τοῦ
3158 3296 3373 3368 ῥητοῦ.

2835 3411 2987 3465 ΛΟΓ.
3034 3412 3136 3465 IA'.

2276 3528 2407 3580 "Ott
2441 3525 2759 3596 όμοούσιος
2793 3526 2826 3577 ό
2865 3524 2997 3591 Υίύς
3042 3522 3123 3589 τῷ
3149 3523 3353 3591 Harp},
3388 3520 3789 3591 προκειμένου

2195 3617 2407 3687 ῥητοῦ,
2452 3633 2472 3667 ι
2495 3616 2557 3668 '0
2594 3613 2796 3682 Πατήρ
2828 3629 2948 3682 μου
2983 3612 3194 3683 μείζων
3223 3614 3341 3683 μού
3379 3612 3609 3668 ἐστιν.»

2278 3709 2480 3768 Ἄλλο,
2510 3703 2802 3759 διδάσκον
2832 3703 2922 3757 ὅτι
2966 3703 3359 3773 προκειμένου
3389 3702 3493 3756 τοῦ
3514 3700 3791 3772 μείζονος

2207 3797 2303 3852 καὶ
2329 3796 2437 3851 τοῦ
2466 3794 2807 3861 ἐλάττονος,
2844 3792 3216 3859 ἀπαιδεύτως
3245 3793 3312 3847 τὸ
3344 3793 3636 3863 ἀνόμοιον
3666 3792 3788 3844 εισ-

2207 3889 2467 4033 ςοέρεται,
2510 3884 2849 3956 ἐτερογενὲς
2896 3886 2970 3939 ὃν
3007 3886 3155 3940 κατὰ
3185 3884 3299 3954 τὴν
3331 3883 3791 3954 Ἀριστοτέλους

2207 3998 2239 4033 τ
2277 3996 2446 4033 amur.

2207 3996 2446 4050 τεχνην.

2282 4072 2462 4124 Ἀλλο
2514 4066 2829 4132 ἀπόδειξιν
2876 4067 3041 4137 ἕχον,
3071 4064 3160 4119 ὅτι
3210 4064 3306 4118 διὰ
3356 4064 3463 4119 τοῦ
3504 4065 3785 4136 λέγεσθαι

2203 4160 2444 4233 μείζονα
2482 4159 2591 4214 τὸν
2614 4160 2864 4227 Πατέρα,
2892 4156 3347 4226 συνεισφέρεται
3388 4154 3505 4227 μὲν
3548 4154 3788 4218 πάντως

2211 4256 2244 4307 ό
2281 4254 2630 4319 Υίός.“”Εστι
2668 4251 2737 4304 δὲ
2774 4252 2884 4305 οὐκ
2920 4249 3184 4304 ἐλάττων
3218 4247 3425 4303 αὐτοῦ.

2285 4345 2487 4408 Ἄλλο,
2517 4344 2607 4397 ὅτι
2641 4340 2776 4410 ἴσος
2804 4346 2836 4397 ὀ
2872 4345 3007 4406 Υίὸς
3037 4341 3117 4407 τῷ
3144 4340 3345 4411 Πατρὶ,
3391 4338 3787 4410 προκειμένου

2204 4436 2411 4506 ῥητοῦ,
2446 4454 2465 4487 ι
2488 4433 2667 4505 Ἀμὴν
2695 4433 2852 4504 λέγω
2894 4432 3054 4502 ὑμῖν,
3083 4434 3194 4486 οὐκ
3224 4430 3529 4501 ἐγήγερται
3560 4432 3635 4484 ἐν
3662 4444 3789 4500 τεν-

2211 4523 2412 4593 νητοῒς
2431 4521 2733 4593 γυναικῶν
2746 4521 2957 4593 μείζων
2970 4519 3249 4575 Ἰωάννου
3269 4519 3375 4573 τοῦ
3388 4516 3750 4583 Βαπτιστοῦ,
3764 4533 3782 4568 s

2213 4615 2309 4669 καὶ
2346 4614 2421 4669 τὰ
2456 4612 2625 4681 ἑξῆς.

2870 4723 3023 4777 ΛΟΓ.
3054 4723 3153 4775 IB'.

2285 4841 2389 4905 Είς
2436 4837 2523 4904 τὸ,
2561 4836 2750 4907 «Ἐγὼ
2782 4836 2852 4889 ἐν
2893 4835 2973 4901 τῷ
3020 4834 3222 4904 Πατρὶ,
3259 4832 3357 4887 καὶ
3406 4836 3439 4887 ὀ
3481 4832 3683 4901 Πατὴρ
3724 4828 3789 4881 ἐν

2214 4933 2345 5003 ἐμοί
2364 4950 2376 4962 ·
2404 4950 2423 4983 s
2459 4931 2579 4996 καὶ,
2606 4949 2622 4981 ι
2646 4928 2794 4993 Ἐγὼ
2824 4927 2921 4981 καὶ
2951 4930 2983 4980 ὁ
3013 4925 3217 4995 Πατὴρ
3244 4926 3313 4979 ἐν
3337 4926 3525 4994 ἐσμεν
3544 4940 3558 4954 ⁸
3600 4944 3619 4977 ι
3653 4922 3721 4975 ἐν
3743 4907 3788 4984 ᾧ

2214 5022 2518 5087 ἀπόδειξις
2549 5018 2788 5091 ἐφεξῆς,
2820 5017 2911 5073 ὅτι
2956 5022 2989 5072 ό
3036 5018 3181 5084 Θεὸς
3209 5013 3289 5088 ἦν
3324 5020 3358 5071 ό
3398 5018 3697 5086 ῥυόμενος
3722 5011 3788 5064 ἐκ

2216 5115 2459 5168 πάντων
2495 5109 2697 5165 κακῶν
2732 5108 2840 5163 τὸν
2878 5108 3248 5178 πατριάρχην
3281 5106 3506 5162 Ἰακώϐ.

2292 5206 2470 5258 Ἀλλο
2508 5200 2943 5260 ἀποδεικτικὸν.
2975 5199 3064 5253 ὅτι
3097 5202 3127 5251 ό
3156 5200 3347 5267 Λόγος
3389 5197 3494 5252 τοῦ
3522 5196 3690 5258 Θεοῦ,
3726 5192 3786 5246 τὸ

2216 5298 2374 5366 εἶδος
2400 5296 2586 5353 αὐτοῦ
2607 5296 3007 5360 ἐστιν.”Αλ.ιο,
3025 5292 3323 5364 σημαῖνον
3345 5291 3435 5345 ὅτι
3462 5286 3619 5357 εἶδος
3647 5284 3787 5343 Θεοῦ

2219 5388 2482 5443 καλεῖται
2521 5389 2554 5440 ό
2591 5387 2799 5455 Λόγος.

2296 5477 2631 5547 Ἀλλομετὰ
2645 5476 2864 5546 νοργῆς
2882 5475 3245 5540 ἀποδείξεως
3271 5474 3584 5537 διδάσκον,
3611 5473 3696 5529 ὅτι
3724 5463 3788 5518 τὰ

2218 5566 2648 5638 ἐξομοιούμενά
2682 5582 2863 5631 τισιν,
2894 5569 2965 5620 οὐ
3004 5565 3241 5629 πάντως
3276 5566 3370 5618 καὶ
3414 5564 3564 5618 κατὰ
3608 5563 3787 5631 φύσιν

2220 5657 2312 5741 οἷς
2339 5660 2579 5713 ἔνεστιν
2610 5656 2981 5727 ἐξομοιοῦται
3006 5675 3018 5688 ·
3049 5657 3186 5711 ἀλλ’
3210 5655 3411 5725 ὥσπερ
3458 5655 3619 5719 τινὲς
3646 5649 3787 5706 εικό-

2220 5769 2322 5819 νες
2349 5752 2421 5805 τὰ
2454 5751 2635 5820 φύσει
2674 5751 2979 5817 προσόντα
3026 5748 3144 5800 τισὶ
3194 5749 3458 5816 γίνονται
3504 5746 3623 5801 τῶν
3650 5740 3788 5798 κατὰ

2221 5843 2569 5912 προαιγεσιν
2606 5840 2771 5911 ἡμῶν
2811 5840 3165 5908 κινημάτων.
