3922 6480
440 398 511 456 2‘5
1416 396 1473 452 S.
1515 394 1779 452 CYRILLI
1823 391 2281 448 ALEXANDRINI
2319 391 2631 451 ARCHIEP.
3596 394 3675 449 υ

960 731 1078 855 Η
1156 724 1740 858 ΒΙΒΛΟΣ
1816 728 2152 854 ΤΩΝ
2230 725 3138 859 ΘΗΣΑΥΡΩΝ

814 1004 1066 1089 ΠΕΡΙ
1136 1006 1350 1093 ΤΗΣ
1419 999 1738 1093 ΑΓΙΑΣ
1806 1001 1997 1091 ΚΑΙ
2070 1007 2723 1099 ΟΜΟΟΥΣΙΟΥ
2794 1011 3273 1099 ΤΡΙΑΔΟΣ.

1622 1412 2453 1529 THESAURUS

1156 1672 1255 1736 ΗΕ
1296 1676 1581 1737 SANCTA
1620 1676 1715 1739 ET
1759 1678 2443 1741 CONSUBSTANTLALi
2486 1682 2920 1742 TRINITATE.

856 2052 1417 2147 ASSERTIO
1497 2061 1570 2142 l.

917 2204 992 2259 De
1014 2205 1254 2295 genitale:
1276 2206 1525 2275 ingenito.

507 2315 603 2387 ιι
654 2313 711 2369 Si
766 2315 948 2371 Ariani
1006 2332 1101 2370 nos
1140 2318 1555 2391 aggrediantur,
1606 2320 1999 2393 interrogantes

440 2420 615 2461 utrum
636 2420 798 2459 unum
819 2406 1191 2475 sitingenltum
1215 2423 1279 2459 an
1298 2407 1423 2473 duo,
1446 2418 1503 2461 ut
1527 2424 1645 2464 cum
1669 2427 1829 2466 unum
1852 2424 1999 2470 certe

441 2510 559 2550 esse
588 2497 901 2561 dixerimus,
920 2496 984 2549 ad
1001 2495 1213 2559 Patrem
1239 2497 1293 2551 id
1314 2497 1623 2560 referentes.
1644 2502 1835 2556 Filium
1859 2504 1998 2559 inter

442 2596 718 2641 creaturas
735 2586 1053 2644 collocemus
1072 2587 1172 2643 :ita
1191 2589 1510 2655 respondere
1521 2602 1730 2660 oportet
1751 2592 1995 2649 frivolam

444 2685 496 2730 et
518 2678 747 2745 ineptam
771 2676 1239 2744 interrogationem
1264 2692 1414 2733 esse:
1447 2681 1624 2735 varias
1654 2683 1795 2737 enim
1828 2684 1996 2753 signi-

446 2767 727 2822 ﬁcationes
757 2766 918 2821 habet
946 2766 1249 2834 ingenitum.
1275 2765 1409 2821 Nam
1435 2769 1719 2839 ingenitum
1746 2780 1829 2827 est
1851 2774 1990 2842 quod

437 2855 673 2910 nondum
705 2856 919 2925 quidem
950 2856 1147 2911 factum
1181 2864 1280 2922 est,
1318 2867 1371 2912 et
1400 2867 1577 2916 tamen
1621 2862 1736 2917 ﬂeri
1770 2871 1946 2933 potest
1976 2881 1991 2919 :

438 2945 580 2999 sicut
612 2959 642 2999 e
675 2945 817 3015 ligno
845 2949 1065 3016 scapha,
1095 2959 1148 3003 et
1178 2962 1245 3002 ex
1287 2964 1397 3003 tere
1437 2960 1634 3006 statua.
1673 2951 1879 3007 Rursus
1908 2955 1995 3009 in-

439 3034 669 3099 genitum
702 3034 918 3102 dicitur,
957 3037 1101 3106 quod
1134 3053 1407 3108 nunquam
1442 3038 1641 3095 factum
1688 3052 1793 3106 est,
1825 3057 1996 3111 neque

443 3121 555 3174 lteri
590 3131 763 3189 potest
796 3139 810 3176 :
839 3132 915 3188 ut,
940 3125 1169 3194 exempli
1201 3127 1396 3195 gratia,
1419 3128 1716 3199 triangulus
1742 3144 1841 3183 nec
1868 3129 1992 3193 fuit,

440 3225 539 3265 nec
565 3213 669 3267 erit
699 3228 929 3281 unquam
964 3214 1385 3283 quadrangulus.
1438 3217 1609 3272 Simul
1661 3220 1804 3274 enim
1861 3221 1997 3289 perit

442 3302 692 3369 trianguli
728 3302 919 3371 ﬁgura,
963 3304 1065 3359 alia
1112 3305 1355 3373 quadam
1404 3323 1565 3377 quam
1604 3318 1741 3374 erat,
1780 3309 1859 3362 ﬁt.
1915 3311 1995 3364 Ad

442 3391 555 3445 haec
585 3393 868 3461 ingenitum
912 3393 1125 3457 dicitur,
1170 3396 1311 3464 quod
1341 3397 1588 3465 quamvis
1618 3398 1689 3452 sit
1738 3408 1790 3451 et
1821 3397 1997 3453 subsi-

2424 2061 2785 2147 ΛΟΓΟΣ
2862 2061 3325 2147 ΠΡΩΤΟΣ.

2430 2198 2573 2265 Περὶ
2609 2201 2859 2267 γενητοῦ
2897 2201 2992 2253 καὶ
3033 2200 3347 2270 ἀγενήτου.

2170 2310 2231 2361 Et
2278 2309 2537 2382 διερωτᾷν
2582 2313 2729 2382 ἡμᾶς
2774 2315 3099 2383 ἐπιχειροῖεν
3136 2313 3403 2384 ’Λρειαννοὶ
3431 2353 3446 2380 ,
3496 2313 3557 2369 ιν
3605 2314 3680 2369 τὸ

2097 2401 2410 2471 άγένητονῆ
2441 2395 2571 2468 δύο,“
2593 2404 2679 2458 ἵνα
2716 2405 2872 2474 δῆθεν
2902 2404 2960 2457 ἒν
2989 2404 3232 2467 εἰπόντες
3276 2404 3427 2470 αὐτὸ,
3464 2406 3558 2458 καὶ
3588 2407 3677 2469 εις

2096 2491 2185 2545 τὸν
2208 2493 2425 2565 Πατέρα
2454 2496 2727 2565 φέροντες,
2756 2497 2813 2549 ὲν
2840 2498 2953 2559 τοῖς
2973 2498 3216 2565 γενητοῖς
3242 2495 3677 2568 καταριθμήσω-

2100 2600 2197 2653 μεν
2239 2584 2328 2637 τὸν
2362 2586 2510 2650 Υίὸν,
2539 2586 2939 2657 ἀποκρίνασθαι
2986 2587 3091 2657 χρὴ
3133 2585 3391 2639 τοιῶσδε⁸
3444 2587 3675 2655 πρῶτον

2098 2672 2195 2741 μὲν
2244 2668 2337 2726 οὖν
2383 2674 2599 2745 ἀμαθὴς
2646 2676 2742 2729 καὶ
2781 2676 3163 2746 ἀπαίδευτοςή
3196 2676 3494 2747 ἐρώτησις·
3523 2676 3679 2730 κατὰ

2094 2759 2262 2821 πολλὰ
2289 2760 2395 2831 γὰρ
2418 2763 2785 2831 σημαινόμενα
2838 2764 2899 2815 τὺ
2926 2760 3217 2831 ἀγένητον
3241 2762 3672 2833 ὲκλαμϐάνεται.

2106 2849 2419 2919 Ἀγένητόν
2450 2852 2651 2909 ἔστιτὸ
2690 2856 2863 2923 μήπω
2899 2853 2997 2923 μὲν
3037 2855 3348 2923 γενόμενον,
3384 2854 3677 2925 ἐνδεχόμε-

2094 2957 2183 2994 νον
2209 2942 2265 2995 δὲ
2290 2943 2560 3010 γενέσθαι,
2590 2942 2666 3006 ὡς
2687 2944 2795 2997 ἀπὸ
2832 2944 2990 3008 ξύλου
3023 2946 3249 3013 σκάφος,
3282 2946 3314 3015 ἢ
3355 2947 3417 2998 ὲκ
3458 2945 3673 3016 χαλκοῦ

2094 3031 2332 3102 ἀνδριάς.
2365 3035 2473 3086 Καὶ
2505 3032 2663 3087 πάλιν
2696 3035 2985 3101 ἀγένητον
3008 3034 3225 3103 λέγεται
3256 3036 3317 3089 τὸ
3351 3036 3487 3107 μήτε
3517 3037 3674 3104 γενό-

2097 3139 2255 3191 μενον
2284 3122 2519 3183 πώποτε,
2559 3124 2699 3193 μήτε
2728 3123 2833 3193 μὴν
2882 3123 3132 3190 γενέσθαι
3160 3125 3457 3195 δυνάμενον
3480 3140 3493 3154 ·
3528 3124 3671 3197 φέρι

2093 3216 2285 3277 είπεῖν,
2323 3214 2383 3268 τὸ
2417 3215 2679 3286 τρίγωνον
2711 3217 2893 3286 σχῆμα
2919 3218 2981 3271 οὐ
3018 3218 3207 3285 γέγονέ
3242 3235 3371 3272 ποτε
3394 3218 3674 3290 τετράγω-

2095 3318 2209 3364 νον,
2246 3302 2354 3354 οὔτ’
2387 3302 2451 3357 ἂν
2486 3303 2694 3370 γένοιτό
2726 3319 2857 3356 ποτε
2879 3320 2891 3333 ·
2926 3303 3043 3374 ἅμα
3070 3305 3179 3375 γὰρ
3218 3306 3537 3374 ἀφανίζεται
3567 3306 3671 3360 τοῦ

2095 3390 2359 3459 τριγώνου
2390 3390 2449 3442 τὸ
2473 3391 2677 3459 σχῆμα,
2713 3390 2899 3461 ἕτερόν
2928 3408 2977 3444 τι
3012 3392 3140 3461 παρ’
3170 3394 3306 3463 ὅπερ
3336 3388 3403 3464 ἦν
3430 3394 3671 3461 γίνεται.

441 3490 564 3541 stat,
588 3496 855 3550 nunquam
904 3493 1075 3538 tamen
1109 3498 1173 3537 ex
1209 3464 1392 3554 aliquo
1427 3486 1627 3541 factum
1700 3486 1820 3541 fuit.
1855 3489 1991 3543 Cum

2098 3480 2327 3549 Λέγεται
2364 3482 2523 3536 πάλιν
2566 3483 2885 3551 ἀγένητον,
2915 3482 2976 3535 τὸ
3007 3483 3249 3553 ὑπάρχον
3279 3484 3381 3553 μὲν
3415 3485 3509 3538 καὶ
3543 3484 3667 3553 ὑφ-

440 3584 567 3638 crgo
596 3571 775 3625 multis
812 3572 913 3640 12
960 3574 1131 3627 modis
1164 3574 1447 3644 ingenitum
1495 3577 1774 3645 capiatur,
1814 3577 1995 3633 dicant

439 3662 568 3729 quid
600 3662 760 3716 velint
787 3664 1071 3732 ingenitum
1110 3665 1161 3717 in
1200 3666 1307 3719 Deo
1344 3667 1671 3737 signiﬁcare.
1701 3671 1775 3723 Ac
1820 3670 1997 3723 dicent

444 3753 689 3819 fortasse,
724 3756 866 3823 quod
894 3771 1163 3825 nunquam
1195 3760 1433 3826 genitum
1473 3762 1544 3815 sit
1574 3778 1593 3815 :-
1623 3760 1855 3817 confessi
1881 3762 1993 3831 pri-

442 3859 583 3898 mum
615 3860 734 3899 sese
766 3846 981 3903 indocte
1029 3849 1414 3917 interrogasse.
1460 3852 1766 3907 Statuamus
1813 3854 1997 3922 itaque

439 3934 602 3986 etiam
634 3950 797 3988 unum
824 3951 945 3993 esse
972 3939 1289 4008 ingenitum.
1326 3942 1477 4007 Quod
1509 3943 1553 3996 si
1595 3957 1662 3996 ex
1704 3943 1806 3997 hoc
1855 3943 1996 3998 infe-

444 4032 581 4089 rant,
618 4039 836 4081 necesse
863 4028 1082 4083 omnino
1124 4044 1243 4085 esse
1274 4041 1330 4083 ut
1364 4031 1562 4085 factum
1588 4031 1781 4086 Filium
1820 4035 1995 4088 conti--

444 4122 670 4176 teamur,
705 4116 955 4183 quoniam
1003 4133 1141 4173 unus
1188 4120 1523 4175 solummodo
1578 4122 1847 4191 ingenitus
1890 4131 1993 4186 est,

441 4202 691 4257 nimirum
728 4204 921 4270 Pater;
954 4207 1065 4261 hac
1107 4219 1293 4264 contra
1320 4210 1538 4264 audient
1570 4229 1582 4263 :
1618 4210 1673 4265 Si
1707 4212 1993 4280 sapientia,

441 4304 497 4347 ct
523 4296 714 4360 virtus,
730 4307 783 4351 et
815 4304 1031 4353 verbum
1060 4300 1237 4358 Patris
1266 4312 1351 4357 est
1371 4303 1569 4368 Filius;
1601 4315 1826 4375 eratque
1853 4320 1997 4359 sem-

443 4399 537 4451 per
567 4386 618 4440 in
643 4386 799 4443 Patre
835 4388 1099 4456 Verbum,
1130 4401 1183 4445 et
1202 4394 1489 4461 sapientia.
1548 4404 1604 4447 et
1645 4397 1815 4450 virtus
1849 4413 1862 4449 :
1890 4411 1994 4450 non

443 4475 604 4543 igitur
632 4486 715 4531 est
741 4478 1005 4546 posterior
1035 4488 1156 4533 ortu
1188 4478 1378 4545 Filius,
1410 4482 1499 4549 qui
1529 4482 1640 4535 haec
1675 4481 1787 4550 ipsa
1831 4491 1885 4536 et
1915 4492 1996 4537 est

438 4576 491 4618 et
521 4580 745 4621 vocatur
776 4584 789 4621 :
823 4571 915 4622 sed
952 4570 1398 4635 quemadmodum
1423 4587 1486 4624 ex
1523 4571 1630 4627 Deo
1657 4572 1814 4637 Deus,
1847 4583 1901 4627 et
1930 4574 1994 4627 de

440 4655 641 4710 lumine
668 4656 843 4712 lumen
874 4656 1092 4722 effulsit,
1127 4660 1205 4713 sic
1227 4674 1291 4714 ex
1324 4675 1426 4715 non
1474 4659 1618 4715 facto
1648 4677 1750 4716 non
1787 4661 1986 4717 factus.

438 4741 565 4797 Tale
595 4760 821 4815 namque
851 4758 1061 4817 oportet
1084 4763 1202 4804 esse
1222 4746 1478 4815 Verbum,
1507 4750 1687 4818 qualis
1720 4752 1881 4805 etiam
1912 4762 1993 4807 est

440 4835 531 4902 qui
563 4835 735 4900 ipsum
776 4815 978 4904 genuit.
1010 4839 1086 4893 lta
1112 4840 1256 4893 enim
1292 4840 1344 4894 id
1370 4815 1711 4911 quod—Patris
1736 4844 1989 4897 substan-
2020 4815 2060 4870 θ

440 4924 525 4976 tiae
557 4926 825 4993 preprium
856 4936 957 4990 est,
1008 4945 1134 4985 vere
1162 4931 1370 4984 dicetur
1414 4931 1466 4984 in
1522 4946 1585 4986 eo
1622 4946 1762 4995 esse,
1798 4933 1887 5001 qui
1927 4948 1993 4987 ex

440 5012 557 5079 ipso
586 5015 795 5082 genitus
822 5028 924 5071 est.
968 5018 1108 5073 Nihil
1140 5021 1300 5090 igitur
1316 5021 1496 5075 obstat
1544 5024 1829 5092 quominus
1868 5038 1990 5077 cum

440 5121 576 5159 unus
611 5106 679 5159 sit
724 5105 883 5162 Pater
914 5126 1019 5164 non
1068 5111 1261 5177 factus,
1291 5112 1525 5169 Verbum
1560 5117 1720 5169 etiam
1751 5117 1892 5185 quod
1926 5131 1988 5170 ex

440 5196 553 5259 ipso
580 5205 683 5261 est,
713 5211 816 5251 non
848 5200 917 5251 sit
946 5200 1143 5255 factum
1204 5222 1216 5257 :
1246 5206 1444 5275 quippe
1470 5205 1611 5275 quod
1665 5221 1827 5259 unum
1862 5220 1982 5258 cum

442 5284 597 5340 Patre
628 5296 683 5355 et
712 5288 763 5341 in
795 5289 952 5346 Patre
984 5304 1201 5363 propter
1242 5306 1450 5351 naturae
1485 5298 1989 5350 incommutaltilita-

442 5384 545 5427 tem
575 5391 692 5431 esse
721 5378 1055 5450 intelligitur.
1076 5384 1225 5451 Quod
1247 5388 1460 5454 quidem
1500 5387 1659 5440 etiam
1698 5386 1810 5454 ipse
1832 5388 1896 5440 de
1934 5401 1990 5440 sc

442 5466 517 5517 ait
552 5483 563 5517 :
601 5484 619 5518 ι
661 5468 770 5537 Ego
824 5481 877 5524 et
926 5470 1086 5528 Pater
1129 5491 1291 5529 unum
1336 5490 1519 5530 sumus
1550 5477 1590 5527 '.
1624 5494 1643 5526 ι
1682 5474 1811 5527 Nam
1872 5489 1987 5541 ΡΘΓ,

443 5568 639 5620 unum,
692 5557 1021 5615 identitatem
1071 5563 1381 5620 substantiae
1437 5563 1796 5635 signiﬁcavit:
1860 5576 1987 5632 [νοτε

504 5732 525 5765 ⁵
549 5728 698 5785 Juan.
741 5748 790 5795 tt,
823 5731 908 5784 '50.

2094 3570 2341 3641 εστηκὸς,
2364 3572 2436 3643 μὴ
2465 3573 2568 3643 μὴν
2587 3573 2950 3644 γεγενημένον
2966 3573 3068 3626 ὑπό
3090 3573 3413 3637 τινος-,Κατὰ
3435 3572 3671 3637 πολλοὺς

2092 3662 2380 3733 τοιγαροῦν
2426 3664 2709 3733 νοουμένου
2744 3665 2973 3735 τρόπους
3006 3665 3101 3718 τοῦ
3136 3665 3447 3734 ἀγενήτου,
3472 3664 3525 3716 τί
3555 3666 3668 3733 ἄρα

2099 3752 2383 3822 σημαίνειν
2415 3754 2506 3808 ἐπὶ
2527 3753 2667 3807 Θεοῦ
2695 3754 2971 3825 βούλονται
3002 3755 3082 3818 τὸ,
3124 3755 3454 3824 ἀγένητον;
3486 3753 3667 3817 λ’Δλλ*

2097 3842 2228 3907 ἴσως
2276 3843 2336 3896 τὸ
2390 3843 2463 3914 μὴ
2504 3845 2827 3913 γεγενῆσθαι
2879 3846 3179 3916 φήσουσιν,
3235 3846 3670 3917 ὁμολογήσαντες

2098 3936 2362 4007 πρότερον
2401 3936 2734 4001 ἀπαιδεύτως
2779 3938 3107 4008 πεποιῆσθαι
3152 3938 3249 4011 τὴν
3301 3938 3699 4011 ὲπερὼνησινη

2096 4024 2349 4093 Λεγέσθω
2372 4025 2547 4079 τοίνυν
2582 4026 2675 4080 καὶ
2722 4028 2850 4097 παρ’
2885 4030 2916 4095 ἠ
2928 4029 3041 4095 μῶν
3074 4029 3154 4081 ὅτι
3190 4027 3245 4079 ἓν
3290 4026 3350 4080 τὸ
3379 4027 3665 4097 ἀγένητον.
3698 4064 3708 4073 ς

2095 4115 2156 4167 Εί
2203 4114 2258 4167 δὲ
2304 4115 2438 4185 πρὸς
2468 4114 2623 4169 τοῦτο
2652 4118 2827 4184 φαῖεν,
2858 4116 3066 4168 Οὐκοῦν
3104 4118 3317 4188 ἀνάγκη
3360 4119 3505 4172 πᾶσα
3541 4135 3669 4171 συν·

2095 4206 2371 4272 ομολογείν
2403 4206 2727 4274 γεγενῆσθαι
2765 4206 2855 4257 τὸν
2897 4205 3042 4269 Υίδν,
3076 4207 3263 4276 ἐπειδὴ
3308 4208 3367 4259 τὸ
3398 4194 3666 4277 ἀγένητον

2098 4295 2175 4357 ἓν,
2202 4296 2336 4366 ὅπερ
2376 4297 2520 4347 ἐστὶν
2566 4298 2594 4348 ὁ
2640 4296 2847 4367 Πατὴρ,
2877 4297 3300 4351 άντακούσονται
3350 4298 3547 4351 πάλινο
3598 4298 3662 4350 Εί

2099 4384 2256 4451 σοφία
2290 4384 2383 4436 καὶ
2418 4383 2660 4453 δύναμις,
2704 4386 2797 4436 καὶ
2843 4385 2998 4451 λόγος
3042 4372 3392 4453 τοῦῐΙατρός
3439 4385 3586 4436 ἐστιν
3636 4385 3667 4437 6

2098 4474 2252 4535 Υἱόςο
2283 4469 2351 4544 ἦν
2390 4473 2447 4526 δὲ
2476 4472 2563 4526 ἀεὶ
2601 4473 2659 4525 ὲν
2696 4474 2870 4543 Πατρὶ
2902 4472 3078 4540 λόγος,
3122 4475 3216 4527 καὶ
3248 4474 3423 4541 σοφία,
3453 4473 3548 4525 καὶ
3573 4472 3666 4525 δύ-

2095 4581 2276 4633 ναμις,
2300 4564 2399 4616 οὐκ
2429 4563 2742 4630 ὲπιγέγονεν
2772 4560 2863 4616 οὖν
2896 4565 2923 4615 ὁ
2956 4563 3103 4626 Υίὸς.
3132 4563 3191 4627 ὃς
3222 4562 3396 4616 ταῦτά
3422 4563 3539 4614 ἐστι
3567 4562 3665 4616 καὶ

2095 4650 2510 4707 καλεῖται.Ἀλλ’
2539 4652 2728 4720 ὥσπερ
2773 4651 2837 4703 ὲκ
2872 4650 3004 4703 Θεοῦ
3052 4650 3202 4713 Θεὸς,
3235 4651 3327 4702 καὶ
3372 4651 3436 4703 ὲκ
3485 4649 3665 4718 φωτὸς

2095 4740 2365 4813 ἐξέλαμψε
2397 4738 2533 4808 φῶς,
2566 4737 2710 4798 οὕτω
2738 4739 2832 4791 καὶ
2869 4738 2929 4803 ἐξ
2962 4738 3226 4807 ἀγενήτου
3254 4736 3535 4807 ἀγένητος.
3570 4739 3665 4791 Δεῖ

2097 4835 2201 4903 γάρ
2227 4827 2363 4884 εἶναι
2391 4829 2629 4883 τοιοῦτον
2666 4830 2757 4883 τὸν
2779 4830 2967 4897 Λόγον,
2998 4828 3180 4890 ὁποῖός
3214 4830 3327 4879 ὲστι
3361 4826 3456 4880 καὶ
3481 4830 3510 4881 ὁ
3540 4843 3680 4896 τεν-ο

2097 4927 2264 4995 νήσας
2296 4922 2473 4977 αὐτόν.
2505 4921 2658 4976 Οὕτω
2683 4923 2793 4992 γὰρ
2818 4923 2883 4975 ἂν
2907 4922 2967 4974 τὸ
2985 4921 3084 4991 τῆς
3113 4919 3207 4973 τοῦ
3236 4918 3449 4989 [ἰατρὸς
3473 4918 3663 4982 οὐσίας

2096 5017 2316 5086 γνήσιον
2344 5012 2727 5082 ὲπαληθεύοιτο
2756 5013 2831 5082 τῷ
2869 5012 2929 5077 ἐξ
2964 5010 3127 5065 αὑτοῦ
3156 5009 3497 5080 γεννωμένῳ.
3537 5009 3663 5062 Κω-

2096 5107 2210 5159 λύει
2258 5105 2436 5158 τοίνυν
2481 5104 2631 5163 οὐδὲν
2663 5105 2777 5166 ἑνὸς
2801 5104 2949 5166 ὄντος
2995 5102 3087 5156 τοῦ
3134 5104 3395 5171 ὰγενήτου
3426 5098 3658 5171 Πατρδς,

2096 5197 2359 5267 ἀγένητον
2385 5190 2520 5248 εἶναι
2546 5195 2638 5247 καὶ
2670 5195 2761 5247 τὸν
2780 5193 2839 5258 ἐξ
2865 5193 3027 5247 αὐτοῦ
3051 5194 3239 5261 Λόγον,
3255 5192 3328 5255 ὡς
3358 5192 3415 5244 ἓν
3442 5207 3493 5243 τι
3523 5190 3661 5260 μετὰ

2098 5291 2306 5362 Πατρδς
2355 5291 2448 5341 καὶ
2480 5288 2538 5340 ὲν
2569 5288 2743 5356 Πατρὶ
2782 5284 3067 5355 νοούμενον
3097 5284 3184 5336 διὰ
3210 5284 3270 5336 τὸ
3309 5282 3406 5353 τῆς
3444 5280 3659 5351 φύσεως

2096 5380 2545 5449 ἀπαράλλακτον·
2573 5375 2602 5428 ὃ
2646 5376 2709 5442 δὴ
2756 5376 2847 5429 καὶ
2892 5374 3051 5437 αὐτὸς
3080 5374 3206 5443 περὶ
3242 5370 3433 5425 ἑαυτοῦ
3463 5384 3655 5440 φησιν·

2105 5471 2286 5538 ι,Ἐγὼ
2318 5469 2411 5524 καὶ
2434 5471 2461 5522 ὁ
2487 5469 2673 5539 Πατὴρ
2705 5466 2762 5519 ἓν
2794 5468 2979 5535 ἐσμεν,
3008 5484 3025 5515 ›
3057 5464 3143 5516 διὰ
3184 5464 3279 5533 μὲν
3307 5462 3421 5526 τοῦ,
3450 5460 3540 5524 ἐν,
3560 5461 3658 5529 τὴν

2097 5561 2397 5633 ταυτότητα
2429 5560 2527 5630 τῆς
2557 5558 2741 5623 οὐσίας
2772 5556 3076 5628 σημαίνωνε
3105 5555 3189 5608 διὰ
3224 5555 3278 5607 δὲ
3310 5552 3421 5620 τοῦ,
3446 5551 3657 5621 ἐσμὲν,
